4108 6418
379 311 3605 379 m

1617 543 1788 607 ANNO
1832 544 2058 591 nonum
2100 546 2356 590 nmexc.

905 766 2074 995 NICETAS
2210 771 3062 1002 DAVID

1467 1172 2497 1371 PAPHLAGO

774 1649 1293 1745 NOTITIA
1393 1655 2049 1768 HISTORILCA
2149 1658 2299 1745 ET
2406 1657 3171 1759 LITTERAlllA.

896 1870 1021 1933 (Leo
1050 1872 1314 1933 Acutius,
1342 1867 1563 1921 Dialriba
1582 1870 1646 1922 de
1670 1869 1873 1932 Nicetis,
1900 1884 1979 1933 ap.
2005 1870 2117 1923 Mai.
2149 1869 2376 1927 Biblioth.
2402 1885 2530 1935 nou,
2560 1874 2647 1936 Vl,
2670 1879 2795 1949 part.
2822 1888 2874 1935 ιι,
2902 1890 2950 1939 p.
2977 1877 3049 1939 5.)

1926 2054 2002 2066 ...-

432 2207 562 2263 inter
584 2205 725 2263 varia
754 2203 1082 2275 cognomina
1130 2211 1187 2259 et
1207 2202 1537 2276 dignitatum
1587 2203 1777 2261 titulos
1802 2219 1971 2260 unum
2009 2204 2257 2263 Nicctam
2282 2206 2590 2264 latitantem
2610 2247 2629 2275 ,
2664 2211 2760 2266 sed
2790 2219 3015 2282 propter
3041 2211 3233 2268 eadem
3269 2214 3617 2271 incommode

389 2300 443 2356 in
473 2300 635 2371 plures
649 2296 940 2366 variosque
961 2304 1128 2364 atque
1151 2293 1469 2349 immaniter
1494 2293 1755 2360 divisum,
1790 2294 1837 2350 si
1868 2293 1988 2350 ﬁeri
2025 2304 2229 2367 potest,
2253 2297 2372 2353 suis
2394 2298 2647 2369 partibus
2682 2301 2959 2373 integrum
3001 2303 3058 2358 in
3096 2305 3341 2360 medium
3367 2306 3615 2363 adduca-

389 2409 517 2450 mus.
554 2391 668 2447 Fuit
712 2390 760 2445 is
802 2388 1147 2460 Byzantinus
1175 2394 1232 2442 et
1269 2387 1562 2459 Paphlago
1623 2387 1828 2444 dictus.
1888 2389 2130 2445 Joannes
2187 2389 2425 2463 Scylitza
2471 2392 2530 2448 in
2596 2396 2869 2465 proamio
2912 2412 3027 2454 sua
3065 2391 3361 2455 historia:
3425 2394 3485 2455 ‘0
3512 2403 3619 2471 γὰρ

380 2484 699 2554 Δαφνοπὰτης
724 2480 1024 2550 Θεόδωρος,
1061 2478 1306 2555 Νικήτας
1333 2479 1362 2531 ὁ
1388 2476 1720 2557 Παφλαγὼν,
1758 2478 1953 2551 Ἰωσὴφ
1992 2479 2263 2545 Γενέσιος,
2295 2480 2769 2567 καὶὶΜανουὴλοὶ
2818 2487 3126 2555 Βυζάντιοι,
3154 2490 3471 2562 Νικηφόρος
3498 2490 3619 2545 διόι-⁹

358 2594 504 2643 ,κονος
523 2568 676 2644 Φρὺξ,
724 2573 825 2627 καὶ
849 2572 920 2624 τὰ
946 2570 1095 2645 ἑξῆς.
1127 2569 1696 2641 ΝαηιᾳιιεΤΙιεοάονιιδ
1720 2569 1980 2655 Daphnop

1997 2579 2120 2637 ates,
2147 2571 2363 2628 Nicetas
2384 2574 2687 2648 Paphlago,
2728 2578 2987 2652 Iosephus
3022 2580 3296 2649 Genesius,
3328 2593 3378 2639 et
3402 2582 3619 2640 Manitcl

363 2664 643 2741 Byzantini,
681 2665 1017 2735 Nicephorus
1053 2662 1305 2716 diaconus
1358 2659 1562 2734 Phryx,
1610 2674 1719 2718 etc.
1775 2663 1855 2717 Ex
1879 2662 2117 2736 Scylitza
2176 2679 2276 2719 sua
2322 2665 2510 2723 hausit
2550 2667 2858 2727 Cedrenus.
2919 2662 3210 2731 Consentit
3254 2676 3413 2733 hisce
3454 2677 3609 2734 Nice-

355 2763 539 2834 phorus
563 2759 833 2815 Callistus
864 2755 1003 2821 Hist.
1034 2753 1161 2809 eccl.
1187 2753 1290 2809 lib.
1332 2770 1442 2819 xw,
1492 2754 1584 2809 28.
1614 2754 1721 2810 Sed
1781 2755 2081 2830 Paphlago,
2107 2773 2485 2830 cognomenne
2532 2761 2720 2826 fuerit.
2755 2780 2824 2820 an
2877 2746 3232 2839 episcopatus
3261 2771 3477 2838 titulus,
3495 2773 3621 2844 quis

350 2852 555 2909 extricet
592 2851 615 2903 ?
653 2849 835 2906 Plane
875 2848 930 2902 in
975 2845 1166 2901 multis
1224 2846 1616 2917 manuscriptis
1687 2848 1890 2919 legitur
1963 2850 1972 2902 ]

1996 2850 2213 2922 ἶικήτας
2262 2852 2664 2922 Παφλαγονίας,
2712 2855 2925 2913 Nicetes
2987 2859 3388 2933 Paphlagoniae,
3445 2874 3509 2921 ut
3561 2867 3618 2921 in

358 2946 522 3002 codice
550 2945 831 3001 Vaticano
858 2941 1017 3004 1246,
1065 2950 1122 2996 et
1145 2951 1270 2996 ante
1309 2939 1485 2995 Vitam
1529 2941 1722 3012 lgnatii
1756 2944 2104 3013 patriarcha.
2161 2945 2230 3001 Et
2265 2947 2447 3017 potuit
2479 2964 2699 3019 quoque
2724 2966 2847 3008 esse
2874 2969 2943 3008 ex
2973 2954 3365 3027 Paphlagonia,
3393 2958 3488 3014 sed
3513 2958 3620 3031 By-

354 3040 536 3093 zantina
579 3038 822 3096 civitate
851 3034 1122 3090 donatus:
1180 3048 1361 3113 neque
1410 3032 1467 3088 id
1504 3034 1833 3104 probatione
1866 3046 1992 3108 eget
2021 3054 2034 3090 :
2086 3047 2217 3092 sunt
2263 3037 2410 3092 enim
2444 3055 2639 3095 omnes
2669 3044 2917 3119 omnium
2944 3046 3279 3117 scriptorum
3315 3050 3519 3106 charta
3551 3053 3619 3107 de

353 3131 511 3193 alienis
539 3132 600 3186 in
642 3130 809 3186 cives
836 3127 1096 3200 proprios
1119 3124 1308 3182 ascitis
1339 3143 1370 3181 a
1395 3126 1715 3183 civitatibus
1755 3128 1950 3198 plena.
1992 3128 2063 3184 Et
2091 3128 2442 3201 episcopatus
2473 3132 2863 3206 Paphlagonia
2891 3138 3080 3194 nullus
3106 3148 3356 3211 apparet.
3410 3143 3539 3199 Fuit
3572 3143 3620 3199 is

345 3238 538 3294 quoque
577 3218 940 3277 binominis:
998 3232 1238 3288 namque
1290 3227 1348 3273 et
1395 3218 1623 3274 Davidis
1665 3218 2036 3288 appellatione
2075 3219 2398 3292 insignitur.
2450 3220 2592 3281 Hinc
2651 3220 3118 3303 sapiusthxqt-a
3160 3235 3254 3288 τοῦ
3298 3236 3396 3291 καὶ
3428 3238 3615 3302 Δαυῖδ,

335 3317 516 3373 Nicen:
534 3317 638 3388 qui
677 3322 731 3369 et
766 3311 939 3367 David
965 3329 985 3379 ;
1031 3321 1090 3367 et
1118 3312 1372 3368 absolute
1398 3328 1429 3368 a
1463 3312 1750 3405 nonnullis
1770 3312 1984 3368 Nicetas
2016 3313 2186 3370 David
2214 3318 2544 3388 appellatur.
2599 3320 2670 3375 Et
2691 3320 2917 3378 videant
2940 3325 3035 3396 qui
3063 3325 3234 3383 David
3273 3328 3379 3386 hoc
3413 3348 3619 3405 cogno-

337 3418 573 3465 mentum
628 3405 820 3461 fuisse
871 3404 1120 3472 tradunt,
1155 3420 1267 3476 quo
1317 3420 1375 3461 se
1413 3404 1642 3460 fulciant
1667 3404 2047 3481 fundamento.
2100 3408 2163 3463 ln
2185 3409 2466 3480 aliquibus
2508 3413 2796 3470 codicibus
2816 3417 3131 3474 adnectitur
3151 3421 3276 3477 loco
3321 3423 3540 3483 Davidis
3566 3440 3617 3484 et

329 3500 727 3573 Paphlagonis,
777 3496 1090 3569 Δαδύὸρων,
1134 3495 1531 3568 Dadybrorum,
1556 3496 1793 3568 quierat
1819 3496 2169 3568 episcopatus
2213 3501 2317 3556 sub
2334 3496 2645 3575 'Gangrensi
2676 3502 3083 3580 Paphlagonia.
3128 3504 3283 3570 'llinc
3305 3531 3477 3588 arguo
3506 3537 3618 3577 non

332 3593 467 3649 male
490 3591 928 3663 Dadybrensem
954 3587 1299 3661 episcopum,
1347 3588 1559 3644 dictum
1602 3588 1772 3643 etiam
1795 3589 2224 3662 Paphlagonem,
2255 3594 2351 3664 qui
2386 3611 2586 3685 nempe
2610 3599 2922 3669 possideret
2977 3602 3036 3658 in
3081 3587 3451 3679 Paphlagonia
3506 3615 3621 3685 epi-

328 3697 639 3758 scopatum.
701 3683 844 3740 Huic
871 3682 1094 3739 additur
1123 3697 1347 3754 quoque
1398 3697 1606 3737 nomen
1635 3681 1949 3755 philosophi,

2001 3684 2219 3769 Νικήτα
2260 3686 2356 3741 τοῦ
2386 3689 2482 3744 καὶ
2506 3680 2672 3763 Λαυῒδ
2699 3693 2796 3746 τοῦ
2832 3696 3145 3767 φιλοσόφου.
3191 3700 3412 3770 Nicelaz,
3451 3680 3617 3777 qui-et

328 3780 516 3847 David,
558 3778 897 3852 philowphi,
945 3786 1009 3832 ut
1039 3778 1187 3833 clare
1213 3777 1438 3832 videtur
1464 3775 1520 3832 in
1570 3777 1861 3834 codicibus
1897 3780 2292 3853 manuscriptis
2315 3782 2597 3841 Vaticanis
2649 3787 2776 3851 544,
2829 3789 2933 3846 565
2972 3799 3030 3847 et
3072 3793 3199 3850 679.
3258 3794 3327 3852 Et
3364 3799 3419 3853 in
3464 3775 3615 3868 aliis,

326 3877 477 3932 nullo
504 3877 621 3944 alio
648 3874 867 3943 addito,
907 3873 1126 3946 Νικήτα
1154 3873 1250 3928 τοῦ
1294 3873 1613 3943 φιλοσόφου,
1666 3873 1869 3931 Νἱσειω
1899 3878 1948 3955 pl

1993 3874 2217 3950 losophi,
2244 3894 2357 3934 non
2424 3881 2573 3952 quod
2611 3891 2823 3939 tantum
2860 3886 3172 3944 institutum
3215 3895 3614 3953 monachorum

322 3969 639 4041 professus,
693 3967 793 4023 sed
821 3967 969 4039 quod
1020 3968 1167 4024 inter
1197 3966 1302 4022 alia
1327 3967 1679 4037 potissimum
1710 3968 1817 4024 sibi
1841 3968 2208 4042 philosophia
2258 3986 2462 4029 munus
2495 3974 2819 4042 ascriberet,
2872 3978 3065 4048 quales
3106 3968 3358 4053 plerique
3403 4001 3471 4041 eo
3497 4004 3616 4044 avo

325 4061 504 4126 fuere,
531 4072 594 4116 et
617 4058 845 4131 primus
873 4059 1019 4115 inter
1051 4074 1147 4114 eos
1168 4059 1380 4113 ὑπάτου
1402 4058 1513 4113 τῶν
1535 4059 1843 4131 φιλοσόφων
1868 4064 1947 4118 ιὶιι

1997 4077 2037 4118 o
2060 4063 2544 4120 cohonestabatur.
2607 4066 2788 4133 Quare
2827 4068 2918 4125 hic
2954 4070 3390 4143 fueritNicelas,
3429 4083 3524 4149 qui
3557 4094 3616 4138 ct

319 4152 434 4206 alio
466 4152 718 4207 nomine
769 4151 941 4206 David
978 4150 1320 4221 vocabatur,
1379 4153 1752 4225 Byzantinusf,
1804 4154 2071 4227 dignitate
2120 4157 2521 4233 philosophus,
2567 4160 2949 4233 Dadybrorum
3003 4165 3060 4220 in
3088 4166 3458 4241 Paphlagonia
3512 4176 3615 4231 sub

325 4248 654 4320 Gangrensi
683 4247 978 4318 episcopus
1009 4266 1023 4302 :
1072 4256 1130 4304 et
1158 4249 1367 4316 omnia,
1408 4265 1532 4321 qua
1553 4250 1658 4306 sub
1687 4250 1897 4307 Niceta
1916 4253 2141 4309 nomine
2164 4253 2404 4310 diversis
2422 4254 2574 4311 hisce
2609 4256 2784 4315 titulis
2808 4260 2877 4315 ad
2909 4260 3092 4318 varios
3116 4262 3454 4334 referuntur,
3484 4268 3616 4328 huic

331 4344 424 4402 εοΙί
444 4344 827 4399 vindicantur
868 4344 972 4415 (α).

393 4435 625 4491 ﬂoruit
665 4434 815 4490 circa
840 4434 1049 4490 Leonis
1072 4444 1130 4491 et
1152 4434 1500 4492 Constantini
1533 4445 1802 4508 tempora,
1840 4445 1903 4493 ut
1923 4437 2203 4510 colligitur
2229 4453 2296 4494 ex
2345 4441 2618 4509 prooemio
2651 4441 2788 4497 Vita
2813 4444 2989 4498 sancti
3020 4444 3217 4515 lgnatii
3256 4451 3613 4520 patriarcha,

343 4539 485 4594 quam
533 4528 647 4583 ille
681 4541 859 4597 neque
916 4526 1138 4605 indocte
1176 4543 1356 4599 neque
1404 4527 1747 4600 ineleganter
1791 4530 1965 4585 conci:

1995 4531 2189 4588 navit:
2229 4534 2291 4586 Ei
2324 4533 2381 4587 δὲ
2421 4535 2515 4587 καὶ
2556 4534 2696 4605 πρὸς
2734 4535 2846 4599 τοῖς
2886 4537 3175 4607 ἐσχάτοις,
3230 4543 3325 4597 καὶ
3358 4546 3470 4607 τοῖς
3495 4548 3615 4600 καθ’

332 4619 470 4691 ἡμᾶς
493 4621 734 4683 τούτοις
754 4618 1071 4691 ἐγγίζοντες
1111 4622 1329 4693 τύχοιεν
1352 4625 1588 4695 καιροῖς.
1631 4623 1815 4694 πολλῷ
1870 4624 2072 4695 μᾶλλον
2107 4627 2730 4703 ἀξιομνημονευτότατοι
2769 4628 2837 4683 ἂν
2867 4624 2980 4684 εἷεν
3036 4633 3313 4701 ἁπάντων,
3349 4639 3444 4692 καὶ
3498 4639 3619 4704 ἀξι-

328 4716 641 4779 επαενετοι,
672 4714 749 4778 ὡς
787 4715 922 4769 πολὺ
952 4714 1116 4768 πλέον
1155 4716 1463 4787 οἰκοδομεῖν
1494 4722 1561 4788 τῇ
1601 4717 1865 4789 ὲγγύτητι
1887 4718 2179 4788 δυνάμενοι
2212 4720 2311 4791 τὴν
2338 4719 2681 4797 ,Ἐκκλησίαν
2708 4737 2722 4750 ·
2748 4721 2809 4776 τὸ
2845 4723 2954 4794 γὰρ
2978 4725 3204 4796 ἀρχαῖον
3231 4730 3325 4783 καὶ
3350 4730 3614 4799 πάμπολυ

326 4806 465 4859 κατὰ
495 4808 711 4877 χρόνον
744 4805 991 4871 διεστὼς,
1027 4807 1078 4861 εἰ
1104 4808 1198 4861 καὶ
1224 4807 1545 4885 πιστεύεται
1576 4812 1643 4882 τῇ
1678 4810 1994 4882 ἀξιοπιστίᾳ
2025 4815 2123 4882 τῆς
2157 4812 2406 4897 Γραφῆς,
2441 4812 2579 4868 ἀλλὰ
2602 4816 2696 4868 καὶ
2737 4815 2933 4871 θᾶττον
2955 4818 3023 4872 ἂν
3075 4822 3189 4883 τοῖς
3231 4821 3445 4887 πολλοῖς
3477 4827 3617 4897 πρὸς

324 4896 421 4968 τὴν
457 4902 716 4969 μίμησιν
761 4897 1218 4973 ἁπογινῴσκοιτο,
1269 4897 1644 4970 λογιζομένοις
1684 4898 1762 4964 ὡς
1789 4899 2058 4970 κρεῖττον,
2111 4902 2144 4974 ἢ
2175 4892 2317 4981 Sta-:5!
2351 4905 2451 4983 τὴν
2491 4903 2794 4974 παροῦσαν,
2833 4908 2943 4959 τῶν
2974 4909 3368 4983 πρεσϐυτέρων
3386 4892 3614 4968 ἐκείνων

321 4987 668 5060 δυναμένων
692 4986 994 5065 κατορθοῦν
1020 4990 1216 5058 γενεάν
1247 5006 1264 5022 ο
1293 4989 1395 5043 ὅσα
1419 4989 1467 5043 δ’
1494 4988 1563 5043 ἂν
1583 4991 1699 5053 τοῖς
1730 4987 2029 5062 καθ’ἢμᾶς
2061 4991 2462 5075 κατορθοῦσθαι
2499 4984 2813 5048 πιστεύοιτο
2850 5000 3086 5067 καιροῖς,
3134 5000 3335 5069 μᾶλλον
3358 5001 3426 5057 ἂν
3457 4999 3614 5074 οἶμαι

317 5082 503 5135 ταῦτα.
531 5079 906 5151 παρακνιζειν
930 5082 1067 5157 τοὺς,
1083 5080 1529 5153 εὐσεϐεστέρους,
1559 5082 1654 5135 καὶ
1680 5084 1817 5149 πρὸς
1833 5079 1925 5135 τὸν
1958 5082 2073 5136 ἴσον
2097 5085 2196 5155 τῆς
2220 5086 2423 5165 ἀρετῆς
2448 5086 2772 5158 διερεθίζειν
2795 5090 2977 5160 ζῆλονο
2998 5091 3087 5145 διὰ
3110 5093 3285 5148 ταῦτά
3312 5112 3402 5165 μοι
3426 5088 3615 5150 τοῦτον

318 5179 713 5248 ἐνστήσασθαι
742 5176 841 5233 νῦν
866 5175 959 5250 ζτῷ
988 5174 1134 5246 λόγῳ
1154 5175 1246 5229 τὸν
1278 5174 1467 5245 ἀγῶνα
1496 5191 1512 5207 ο
1538 5175 1630 5229 καί
1674 5192 1763 5246 μοι
1789 5175 2019 5246 σφοδρὸς
2059 5176 2227 5242 πόθος
2268 5180 2634 5251 κατακάρδιος
2658 5181 2935 5253 ἀληθινοῖς
2977 5184 3280 5256 διηγήμασι
3307 5186 3402 5239 καὶ
3436 5186 3616 5258 πάσης

320 5271 675 5344 προλήψεως
699 5270 1148 5343 ἀπηλλαγμένοις
1181 5267 1442 5339 ψεύδους,
1477 5267 1570 5321 τὸν
1612 5268 1787 5337 μέγαν
1815 5267 2102 5338 ἱεράρχην,
2137 5269 2233 5322 καὶ
2278 5271 2513 5340 ποιμένα
2539 5272 2641 5343 τῆς
2662 5272 2930 5343 βασιλίδος
2977 5275 3237 5343 Ἰγνάτιον
3271 5276 3375 5330 ὑπό
3403 5294 3468 5345 γε
3492 5279 3614 5352 Θεῷ

322 5365 628 5436 πνεύματι
649 5368 750 5437 τῆς
778 5365 1042 5437 ἀληθείας
1072 5363 1353 5437 ὑφηγητῇ,
1380 5360 1477 5416 καὶ
1505 5359 1838 5431 συλλήπτορι
1863 5362 1978 5425 τοῖς
1999 5361 2278 5429 ἀγνοοῦσι,
2305 5363 2489 5428 ὁποῖός
2514 5381 2600 5429 τις
2626 5362 2716 5439 ἦν,
2753 5367 2817 5420 ἐκ
2856 5370 2959 5442 τῆς
2984 5368 3111 5421 κατ’
3134 5356 3296 5423 αὖτὺν
3336 5370 3614 5429 πολιτείας

405 5542 497 5613 (a)
557 5542 837 5615 Hactenus
862 5543 1123 5615 notitiam
1144 5543 1220 5599 de
1235 5544 1345 5615 hoc
1367 5543 1561 5599 Niceta
1585 5555 1774 5615 noset:
1803 5538 2010 5615 Allatio
2027 5540 2381 5615 edideramus
2406 5542 2461 5615 in
2480 5540 2677 5615 script.
2708 5551 2806 5599 vel.
2840 5549 2879 5595 t.
2906 5540 2999 5608 IX,
3026 5541 3182 5612 praf.
3210 5560 3266 5615 p.
3299 5558 3419 5611 nx;
3446 5554 3614 5611 quem

326 5622 540 5672 tamen
569 5614 843 5670 diversum
873 5630 998 5670 esse
1027 5632 1057 5669 a
1086 5613 1276 5670 Niccta
1301 5614 1592 5670 Serrarum
1619 5612 1901 5683 episcopo,
1927 5612 2068 5668 infra
2093 5612 2391 5675 conétabit.
2436 5614 2502 5669 A.
2525 5612 2609 5668 Μ,
2996 5636 3001 5641 ι

638 5709 914 5770 Parma.
969 5709 1086 5769 Gn.
1122 5707 1250 5769 CV.

3148 5700 3172 5764 1
