4108 6410
450 339 513 408 11
1694 346 2015 410 NICETAS
2046 347 2072 409 Ι

2088 348 2468 411 ’APHLAGO.
3639 343 3710 416 12

445 453 727 520 ἀποδεῖξαι
756 470 772 487 ο
812 454 1095 526 ’1γνάτιον,
1124 455 1291 529 φημί,
1315 455 1506 512 τοῦτον
1530 456 1623 514 τὸν
1672 457 1800 513 ὖστε
1809 475 1903 531 ρον
1937 459 2038 530 μὲν
2063 458 2143 531 τῷ
2174 460 2354 532 χρόνῳ
2385 460 2481 515 καὶ
2504 458 2611 532 πρὸ
2635 459 2736 532 τῆς
2766 460 2892 517 καθ’
2916 462 3066 536 ἡμᾶς
3091 460 3295 535 ταύτης
3326 461 3712 534 ἁναοιιχοέντα

448 553 668 622 γενεᾶς,
694 552 908 617 οὐδενὸς
933 554 990 607 δὲ
1016 554 1127 608 τῶν
1160 555 1269 626 πρὸ
1298 556 1464 610 αὐτοῦ
1498 556 1699 628 τιμίων
1734 557 2008 631 ἱεραρχῶν
2050 556 2151 629 τὴν
2177 558 2362 613 πίστιν
2387 560 2483 614 καὶ
2513 559 2613 633 τὴν
2642 560 2935 632 ὁμολογίαν
2959 563 3391 635 ἀπολειπόμενον
3418 578 3433 594 ⁸
3481 560 3633 629 Quod
3664 564 3713 618 si

449 652 630 698 autem
663 646 867 701 eosdem
896 646 967 702 ad
1012 656 1307 703 extremam
1330 659 1379 703 et
1413 658 1653 704 nostram
1700 658 1912 706 aetatem
1969 651 2186 721 propius
2231 651 2479 706 accedere
2499 654 2793 724 contingat,
2843 662 2956 709 tum
2988 671 3111 710 vero
3144 655 3314 711 multo
3341 657 3574 712 maxime
3599 671 3712 728 pra:

446 740 648 793 cunctis
695 742 1050 804 memorandi.
1108 743 1355 813 omnique
1397 743 1555 798 laude
1600 744 1929 814 praedicandi
1975 753 2122 811 sunt,
2144 752 2203 799 ut
2225 747 2317 815 qui
2354 756 2570 819 propter
2632 754 2929 819 temporum
2977 749 3304 804 vicinitatem
3343 749 3511 804 multo
3536 749 3710 820 magis

448 828 702 889 Ecclesia:
732 836 976 904 prodesse
999 839 1222 907 possint.
1272 836 1425 904 Quod
1460 840 1599 894 enim
1632 847 1988 911 pervetustum
2016 848 2113 906 est,
2159 839 2430 911 longisque
2469 850 2763 912 temporum
2792 840 3091 896 intervallis
3114 850 3393 908 remotum,
3429 843 3526 898 etsi
3551 840 3712 910 ﬁdem

448 933 662 996 prapter
691 926 966 982 scribentis
1006 931 1379 986 auctoritatem
1407 939 1697 996 mereatur,
1731 929 2046 1001 desperatur
2072 939 2253 986 tamen
2300 950 2334 987 a
2376 931 2640 1005 plerisque
2670 934 2921 987 ‘studium
2963 932 3234 997 imitandi,
3276 940 3336 985 ut
3389 932 3482 1002 qui
3527 940 3713 1003 putent

448 1014 558 1071 illis
593 1018 865 1090 majorum
896 1031 1201 1078 nostrorum
1231 1023 1436 1080 swculis
1460 1023 1627 1079 multo
1666 1025 1958 1096 promptius
1975 1025 2155 1095 fuisse,
2178 1043 2342 1098 quam
2392 1027 2588 1083 nostris
2627 1044 2745 1083 cum
2769 1028 2960 1081 virtute
2994 1026 3185 1081 vivere.
3221 1024 3351 1091 Qua:
3380 1042 3501 1081 vero
3526 1035 3712 1081 nostra

448 1112 708 1167 memoria
740 1123 879 1167 recte
910 1114 1055 1185 facta
1093 1117 1415 1183 creduntur,
1455 1118 1552 1174 illa
1591 1118 1759 1174 multo
1786 1119 1987 1183 acrius,
2018 1121 2227 1192 opinor,
2266 1123 2476 1194 piorum
2503 1133 2699 1178 mentes
2724 1121 2794 1178 ad
2815 1123 3021 1177 virtutis
3055 1122 3209 1176 decus
3234 1120 3595 1177 azmulandum
3620 1119 3708 1173 in-

449 1205 752 1273 ﬂammant.
806 1204 1141 1279 Quaproer
1167 1208 1351 1280 ingens
1383 1225 1467 1264 me
1490 1208 1809 1265 desiderium
1841 1211 2010 1267 animi
2047 1211 2261 1283 impulit
2291 1215 2361 1270 ad
2401 1231 2620 1270 causam
2658 1217 2795 1270 hanc
2823 1216 2929 1283 sive
2970 1223 3238 1269 certamen
3273 1216 3512 1270 oratione
3535 1230 3713 1283 perso-

448 1298 733 1371 quendum,
765 1298 999 1372 duceque
1039 1308 1090 1354 et
1130 1301 1377 1373 adjutore
1420 1301 1529 1357 Deo
1552 1303 1745 1375 spiritu
1773 1302 2035 1370 veritatis,
2058 1304 2438 1361 ostendendum
2465 1309 2832 1371 nescientibus,
2872 1311 2961 1381 qui
2979 1310 3061 1364 vir
3086 1309 3332 1381 lgnatius
3353 1308 3629 1381 qualisque
3659 1316 3713 1363 et

449 1398 681 1461 quantus
713 1391 797 1444 hic
849 1391 1090 1456 antistes,
1136 1400 1187 1445 et
1232 1393 1391 1463 regite
1421 1402 1607 1465 pastor
1637 1395 1802 1459 urbis,
1826 1397 1908 1462 [in
1942 1398 2063 1452 vita'
2086 1413 2198 1454 sua:
2238 1399 2449 1453 ratione
2491 1399 2667 1471 fuerit.
2698 1399 2989 1471 Ignatium,
3023 1400 3246 1468 inquam
3275 1414 3417 1463 eum,
3460 1398 3551 1469 qui
3600 1412 3714 1453 ωυο

448 1483 659 1554 quidem
685 1486 943 1554 posterior
1003 1492 1055 1538 et
1081 1494 1205 1539 ante
1231 1486 1367 1541 hanc
1408 1473 1647 1543 nostram
1681 1492 2073 1559 generationem
2105 1494 2311 1565 ﬂoruit,
2351 1493 2613 1563 prioribus
2655 1503 2833 1548 tamen
2855 1492 2964 1549 illis
3019 1493 3333 1548 venerandis
3380 1489 3710 1564 pontiﬁcibus

449 1575 584 1631 nihil
606 1576 689 1630 vel
713 1576 777 1631 de
795 1576 923 1646 ﬁde,
951 1575 1035 1631 vel
1054 1578 1381 1648 confessione
1410 1583 1683 1638 concessit.
1742 1582 1886 1651 Quid
1914 1584 1987 1640 sit
2037 1585 2224 1653 γενεά,
2272 1586 2357 1641 vel
2392 1595 2547 1653 tetas,
2597 1596 2890 1658 antequam
2944 1586 3148 1641 vixisse
3207 1585 3388 1641 fertur
3442 1584 3713 1655 lgnatius,

448 1666 663 1814 illocen:l
667 1667 1026 1773 laudatissimi
1043 1669 1250 1740 quique
1277 1671 1647 1742 grammatici.
1680 1672 1860 1741 Quare
1888 1674 2025 1731 nulli
2043 1675 2274 1731 dubium
2310 1676 2506 1746 fuerit,
2538 1678 2774 1748 subjam
2807 1677 2973 1734 dictis
3002 1677 3430 1747 imperatoribus
3452 1677 3708 1733 Nicetam

492 1775 599 1814 unc
666 1774 904 1814 ormsse.
1565 1779 1579 1791 -

492 1775 599 1815 unc
628 1774 904 1817 ιιοτυιεεθ.
1565 1779 1579 1791 ’

518 1851 750 1923 Scripsit
772 1853 1087 1922 Historiam,
1119 1865 1182 1912 ut
1204 1854 1441 1929 Scylitza
1484 1864 1649 1928 atque
1686 1855 1971 1915 Cedrenus
1998 1858 2258 1927 tradunt,
2281 1867 2338 1915 et
2370 1859 2716 1930 Nieephorus
2742 1856 3000 1916 Callistus
3026 1858 3150 1915 loco
3178 1857 3350 1924 dicto,
3372 1855 3519 1929 quod
3547 1854 3717 1912 divus

446 1941 684 2016 Cyrillus
712 1961 810 2017 per
841 1946 1112 2003 visionem
1141 1946 1387 2004 divinam
1412 1963 1613 2005 nomen
1635 1948 1863 2008 Joannis
1882 1951 2211 2022 susceperit,
2235 1960 2680 2022 conceptumque
2707 1959 2867 2006 antea
2916 1949 3105 2005 odium
3147 1949 3206 2005 in
3231 1948 3712 2021 Cbrysostomum,

445 2035 544 2093 Dei
566 2036 866 2097 Genitricis
891 2041 1119 2098 hortatu
1158 2042 1479 2114 deposuerit
1511 2061 1527 2100 :
1572 2045 1661 2099 Ἐν
1683 2046 1995 2119 ἀποκρύφῳ
2052 2043 2067 2101 ί

2082 2046 2266 2120 στορίᾳ
2314 2045 2492 2119 εὑρὼν
2544 2047 2761 2118 Νικήτα
2812 2045 3107 2117 φιλοσόφου
3130 2044 3225 2100 τοῦ
3267 2046 3361 2100 καὶ
3391 2043 3578 2109 Δαυτδ,
3605 2041 3704 2097 καὶ

446 2131 646 2199 ἄλλων,
684 2133 777 2188 καὶ
807 2134 971 2200 αὐτὸς
1036 2135 1147 2189 δεῖν
1172 2134 1349 2204 ἔγνων
1375 2137 1434 2190 ἐν
1465 2138 1532 2207 τῇ
1576 2137 1830 2212 παρούσῃ
1857 2138 2070 2213 ἱστορίᾳ
2103 2139 2346 2207 ἐντάξαι,
2379 2137 2457 2202 ὡς
2486 2137 2554 2193 ἂν
2584 2141 2660 2209 μή
2697 2155 2803 2192 τινι
2844 2137 3209 2208 ἀμφιϐάλλειν
3245 2138 3477 2208 γένοιτο,
3513 2138 3631 2200 πῶς
3656 2137 3712 2189 οἱ

446 2230 694 2286 τοσοῦτοι
725 2232 1011 2303 φωστῆρες
1041 2229 1109 2286 δι’
1144 2231 1347 2305 ἔχθρας
1374 2230 1625 2305 ἀλλήλοις
1662 2233 1831 2298 ἰόντες
1854 2233 2164 2309 ἁγιωσύνης
2188 2224 2477 2306 καὶ⁸ᾶμφω
2504 2236 2584 2299 είς
2611 2234 2780 2304 ἄκρον
2804 2228 2959 2309 ἧκον,
3005 2234 3102 2288 καὶ
3132 2233 3232 2305 τῆς
3268 2226 3597 2304 Ἐκκλησίας
3618 2230 3713 2285 θε-

452 2322 626 2393 μέλιοι
647 2324 1045 2395 ἐχρημάτισαν,
1078 2326 1341 2398 μηδαμῶς
1366 2325 1431 2379 τὸ
1462 2328 1559 2396 τῆς
1598 2325 1799 2398 ἔχθρας
1835 2325 1977 2397 μέγα
2012 2328 2113 2400 τὴν
2169 2327 2481 2399 κρατοῦσαν
2531 2322 2691 2392 δόξαν
2728 2324 3071 2398 λυμήνασθαι
3102 2324 3424 2397 δυνηθείσης
3448 2336 3463 2355 ⁶
3502 2319 3570 2380 In
3616 2332 3715 2378 ar-

447 2430 585 2470 cana
606 2414 803 2470 Nicetae
838 2413 1151 2486 philosophi,
1187 2416 1279 2487 qui
1297 2424 1347 2470 et
1374 2413 1543 2470 David
1562 2415 1731 2470 dictus
1756 2423 1852 2480 est,
1883 2416 2135 2482 historia,
2171 2427 2219 2472 et
2264 2419 2406 2489 apud
2446 2416 2580 2472 alios
2610 2417 2736 2472 item
2770 2433 2890 2471 cum
2917 2418 3230 2480 invenerim,
3271 2416 3419 2485 aperi
3450 2415 3572 2469 huic
3594 2426 3712 2468 meo
3794 2446 3807 2459 ι

449 2513 788 2568 inserendum
818 2528 929 2568 esse
952 2529 1156 2584 quoque
1200 2513 1350 2579 duxi,
1401 2528 1468 2567 ne
1516 2514 1602 2567 cui
1656 2512 1900 2584 ambigue
1952 2514 2009 2568 in
2042 2520 2271 2568 mentem
2312 2512 2489 2568 veniat
2556 2513 2815 2585 quomodo
2850 2520 3003 2567 tanta
3035 2511 3349 2577 luminaria,
3397 2505 3709 2566 inimicitias

450 2625 664 2671 mutuas
696 2616 1013 2680 exercentia,
1046 2613 1197 2668 ambo
1216 2614 1285 2667 ad
1316 2628 1581 2669 summam
1604 2613 1940 2667 sanctitatem
1973 2613 2325 2683 pervenerint,
2353 2622 2404 2666 et
2418 2611 2666 2666 Ecclesia:
2687 2608 3037 2681 fundamenta
3067 2607 3382 2673 exstiterint,
3413 2606 3705 2663 inimicitiis

451 2708 759 2779 hujusmodi
788 2707 997 2763 nullum
1027 2706 1247 2761 illorum
1274 2705 1463 2777 gloriae
1488 2709 1860 2762 detrimentum
1889 2708 2242 2779 aﬂ'erentibus.

525 2800 698 2856 Vitam
727 2802 901 2855 sancti
922 2801 1143 2872 Ignatii,
1178 2799 1462 2854 Michaelis
1499 2799 1690 2855 Trauli
1741 2800 1939 2871 (Balbi)
1978 2801 2331 2872 imperatoris
2385 2798 2980 2870 Constantinopolitani
3020 2799 3079 2855 F.
3117 2807 3173 2854 et
3214 2797 3536 2870 patriarchas
3562 2797 3706 2855 Con-

453 2888 950 2969 stantinopolitani,
980 2910 1092 2966 quo
1138 2903 1333 2950 exacto
1361 2894 1597 2951 Photius
1640 2910 1710 2951 ex
1737 2905 1996 2952 senatore
2033 2904 2090 2953 et
2133 2897 2274 2953 laico
2298 2897 2478 2952 lactus
2528 2904 2613 2953 est
2641 2894 2972 2967 patriarcha.
3039 2896 3169 2951 Eam
3214 2896 3269 2949 in
3304 2890 3556 2949 Latinum
3586 2909 3616 2946 a
3648 2907 3709 2949 se

452 3010 671 3052 versam
692 2994 870 3050 edidit
905 2992 1093 3048 Grznce
1112 3000 1169 3048 et
1224 2990 1394 3047 latine
1425 2992 1711 3050 Mattbseus
1744 2994 2009 3068 ‘Raderus
2057 3004 2184 3050 ante
2215 2995 2514 3050 concilium
2545 3001 2800 3048 octavum
2848 2990 3121 3062 generale,
3182 2986 3321 3051 in-i,
3366 2985 3704 3059 lngolstadii.

455 3087 817 3146 Postmodum
846 3087 904 3141 in
942 3101 1084 3141 nova
1116 3083 1491 3141 Conciliorum
1522 3088 1865 3159 generalium
1909 3097 1966 3144 et
1998 3089 2413 3160 particularium
2444 3086 2690 3143 editione
2719 3085 2930 3148 Romae,
2977 3082 3237 3147 Coloniae,
3265 3089 3322 3137 et
3351 3080 3573 3137 Parisiis
3606 3090 3712 3151 pu-

456 3182 660 3240 blicata
689 3187 796 3237 est.
854 3180 990 3236 Eam
1019 3193 1241 3250 quoque
1263 3193 1294 3234 e
1328 3177 1520 3235 Graeco
1550 3180 1782 3236 vertisse
1811 3180 2137 3237 Federicum
2186 3180 2412 3237 Metium
2443 3179 2638 3236 scribit
2670 3178 3002 3236 Possevinus
3048 3177 3105 3231 in
3131 3174 3438 3246 Apparatu.
3488 3172 3715 3244 Legitur

456 3274 625 3332 etiam
671 3285 821 3327 nunc
848 3270 1227 3341 manuscripta
1278 3269 1337 3324 in
1364 3269 1701 3327 bibliotheca
1732 3271 1998 3329 Vaticana
2029 3274 2155 3330 cod.
2189 3273 2349 3340 1452,
2375 3269 2592 3343 collegii
2635 3268 2971 3333 Graacorum,
3015 3266 3165 3338 regia
3192 3262 3716 3330 Sancti-Laurentii,

458 3373 519 3420 et
538 3363 697 3419 alibi.

533 3457 816 3515 Orationes
857 3460 1040 3513 varias
1070 3461 1125 3513 in
1152 3458 1337 3514 laudes
1357 3464 1688 3523 sanctorum,
1739 3454 1889 3523 Quas
1919 3456 2036 3527 ipse
2058 3455 2167 3528 legi
2200 3465 2331 3511 sunt
2366 3473 2380 3510 :

532 3554 592 3608 l.
625 3553 686 3608 In
717 3563 961 3606 sanctum
978 3552 1238 3607 Joannem
1268 3550 1661 3621 evangelistam.
1697 3551 1789 3607 P.:
1826 3548 1888 3604 Ὀ
1914 3549 2006 3602 τὸν
2042 3548 2154 3618 μέγ.

2096 3548 2217 3616 ξγαν
2248 3548 2349 3618 τῆς
2389 3547 2619 3620 βροντῆς
2643 3550 2797 3619 γόνον
2826 3546 3270 3622 προτρεπόμενος
3300 3544 3566 3600 ἐπαινεῖν.
3596 3536 3718 3599 Sub

458 3641 655 3698 Hiceta:
676 3643 897 3697 rhetoris
923 3650 971 3696 et
1001 3640 1173 3696 sancti
1194 3640 1293 3693 viri
1320 3640 1484 3695 titulo
1524 3650 1783 3697 servatur
1804 3640 1862 3696 in
1897 3639 2234 3696 bibliotheca
2256 3641 2580 3697 Barberina.

530 3740 586 3795 2.
640 3737 704 3793 In
745 3746 953 3792 sanctos
1018 3744 1281 3807 martyres
1340 3735 1597 3809 Cerycum
1657 3734 1776 3807 (sic)
1831 3743 1882 3789 et
1927 3734 2152 3791 Julittan

2107 3752 2201 3790 tm.
2251 3737 2351 3792 P.:
2387 3735 2600 3808 Ὥσπερ
2648 3737 2751 3790 οὐκ
2795 3735 2913 3790 ἔστι
2970 3734 3330 3806 συνεχόμενον
3372 3731 3451 3804 τῷ
3523 3729 3729 3803 Κυρίῳ

473 3829 742 3884 Ἰουδαῖον.

528 3923 584 3979 5.
624 3924 689 3979 In
718 3935 960 3979 sanctum
993 3923 1477 3979 Pantaleemonem.
1537 3921 1635 3977 P.:
1676 3921 2004 3992 Θαυμαστὸς
2028 3921 2058 3975 6
2087 3921 2150 3975 Θε

1742 3921 2004 3992 ιυμαστδς
2028 3921 2058 3975 6
2087 3920 2220 3985 Θεὸς
2257 3922 2317 3974 ὲν
2342 3922 2455 3984 τοῖς
2482 3920 2652 3989 ἁγίοις
2680 3919 2872 3986 αὐτοῦ,
2909 3936 3073 3990 φησιν
3101 3930 3130 3971 o
3170 3919 3364 3989 μέγας.

528 4018 583 4072 4.
642 4017 709 4072 In
742 4028 988 4073 sanctum
1035 4016 1489 4072 Bartholomwum
1552 4013 1878 4083 apostolum.
1938 4012 2046 4068 P.:
2105 4012 2147 4065 Θ

2105 4012 2319 4083 Θερμὺς
2372 4014 2402 4065 6
2456 4010 2641 4076 πόθος,
2690 4010 2806 4065 ἀλλ’
2872 4007 3181 4082 ἀδρανὴςιό
3248 4009 3416 4077 νοῦς,
3482 4008 3620 4075 ζέων
3669 4003 3727 4060 δ’

459 4115 619 4187 ἔρως.

532 4211 586 4266 5.
620 4211 682 4265 In
708 4219 954 4262 sanctum
990 4206 1223 4262 Marcum
1258 4204 1660 4276 evangelistam.
1692 4203 1754 4257 P.
1784 4220 1800 4257 :
1854 4203 2069 4273 Ὠσπερ
2097 4201 2154 4253 ού

1854 4203 2069 4273 Ὠσπερ
2097 4201 2195 4271 οὐχ
2219 4201 2402 4270 ὅμοιαι
2427 4199 2538 4255 τῶν
2566 4202 2835 4272 σωμάτων
2862 4200 3079 4255 πάντων
3109 4200 3165 4253 αἱ
3195 4196 3422 4270 μορφαί.

528 4302 582 4357 6.
620 4299 683 4355 In
729 4311 973 4353 sanctum
1021 4297 1281 4352 Iacobum
1331 4294 1570 4350 Zebedtei
1640 4292 1834 4363 ﬁlium.
1898 4299 2002 4348 P.:
2061 4295 2150 4363 Ilpr

2115 4292 2260 4365 ρώην
2315 4293 2417 4364 μὲν
2471 4294 2619 4364 ἡμᾶς
2663 4294 2697 4363 ἠ
2758 4293 2909 4360 ζῶσα
2962 4294 3062 4365 τῆς
3125 4292 3386 4365 ἀληθινῆς
3442 4289 3734 4360 θεολογίας

463 4397 640 4467 πηγή-

533 4490 587 4544 7.
641 4488 702 4543 In
753 4488 974 4543 Petrum
1036 4494 1087 4540 et
1140 4483 1375 4540 Paulum
1449 4483 1813 4553 apostolorum
1883 4483 2155 4553 principes.

2113 4501 2160 4538 's.
2223 4480 2337 4535 P.:
2391 4481 2489 4545 Τίς
2550 4482 2579 4533 6
2635 4480 2866 4552 τερπνὸς
2929 4473 3085 4536 οὗτος
3138 4471 3313 4549 ἦχος;
3363 4475 3448 4541 τίς
3512 4480 3540 4531 6
3616 4475 3735 4529 τῶν

459 4581 969 4656 ἑορταζόντωνατλ.
2666 4644 2673 4651 Ι

530 4679 585 4733 8.
622 4678 687 4732 In
727 4685 938 4731 sanctos
959 4673 1235 4732 duodecim
1264 4672 1553 4747 apostolos.
1600 4669 1662 4725 P.
1690 4689 1705 4725 :
1734 4669 1800 4724 Τί
1827 4668 1967 4741 καλὴ
1995 4668 2105 4738 τῆς
2134 4670 2152 4723 ’.

2134 4668 2460 4740 Ἐκκλησίας
2494 4670 2527 4739 ἡ
2561 4668 2746 4735 τάξιςὲ
2777 4667 2833 4721 τί
2858 4665 3067 4737 τερπνὴ
3089 4664 3199 4719 τῶν
3229 4665 3317 4718 ἐπ’
3365 4663 3571 4734 αὐτῆς,
3603 4664 3733 4721 κτλ.

459 4772 555 4827 Hae
585 4787 779 4826 omnes
800 4769 904 4825 sub
935 4771 1130 4825 eodem
1163 4768 1409 4825 rhetoris
1442 4765 1602 4822 titulo
1633 4763 1894 4836 leguntur
1922 4762 1980 4817 in
2001 4760 2324 4817 Barberina.

528 4865 584 4920 9.
634 4864 720 4917 De
740 4864 1048 4926 certamine,
1081 4873 1130 4918 et
1152 4862 1474 4923 inventione,
1505 4865 1556 4912 et
1586 4855 1937 4913 translatione
1965 4855 2310 4925 reliquiarum
2338 4855 2511 4909 sancti
2537 4852 2946 4925 protomartyris
2975 4858 3025 4904 et
3050 4848 3415 4903 archidiaconi
3448 4846 3736 4918 Stephani.

458 4956 523 5012 Ρ.
560 4972 574 5009 :
618 4956 678 5008 Ὀ
719 4954 925 5025 Κύριος
954 4954 1111 5024 ἡμῶν
1150 4952 1356 5025 Ἰησοῦς
1400 4950 1636 5024 Χριστὸς
1680 4950 1709 5003 6
1740 4946 1933 5020 Σωτὴρ
1971 4947 2080 5002 πάν

2117 4963 2194 4999 ων
2226 4945 2335 4999 τῶν
2382 4944 2714 5009 ἐλπιζόντων
2750 4943 2837 4997 ἐπ’
2881 4942 3063 4996 αὐτόν.
3111 4940 3225 4997 Sub
3254 4940 3450 4996 eodem
3478 4939 3641 4994 titulo
3672 4938 3738 4995 in

460 5049 782 5114 Barberina,
819 5060 877 5104 et
921 5047 1025 5103 sub
1078 5047 1281 5102 Niceta:
1326 5044 1641 5117 philosophi
1686 5042 1744 5098 in
1766 5039 2049 5098 Vaticanis
2095 5038 2386 5096 codicibus
2426 5040 2529 5095 679
2550 5047 2607 5094 et
2633 5038 2759 5094 8l9.
2810 5036 3147 5093 Possevinus
3178 5034 3236 5088 in
3263 5034 3547 5104 Apparatu
3570 5039 3739 5102 putat

459 5133 665 5191 Niccta:
693 5134 978 5207 Byzantini
1007 5150 1152 5198 esse,
1180 5136 1273 5207 qui
1301 5137 1358 5191 in
1385 5136 1645 5192 Vaticana
1665 5133 2003 5189 bibliotheca
2023 5131 2128 5187 sub
2160 5131 2387 5188 nomine
2419 5131 2626 5187 Niceue
2650 5130 2965 5203 philosophi
2987 5137 3301 5186 asservatur
3326 5124 3514 5181 Graece
3537 5138 3744 5177 manu-

460 5231 702 5301 !criptus
737 5246 939 5298 sermo,
983 5232 1047 5285 de
1085 5234 1373 5304 martyrio,
1422 5233 1738 5295 inventione,
1765 5239 1817 5286 et
1836 5229 2189 5285 translatione
2221 5227 2642 5282 venerandarum
2686 5226 3041 5296 reliquiarum
3100 5219 3513 5293 protomartyris
3561 5215 3743 5271 sancti

463 5322 743 5393 Stephani.
780 5322 887 5377 Alii
915 5323 1136 5379 codices
1161 5324 1415 5381 tribuunt
1438 5323 1687 5381 Michaeli
1724 5322 1928 5389 Psello,
1959 5328 2267 5390 notantquc
2293 5335 2365 5376 ex
2391 5320 2694 5391 improviso
2721 5318 2956 5374 dictum.

535 5416 621 5471 10.
655 5414 770 5470 Sub
808 5414 1013 5469 Niceten
1048 5412 1435 5487 Paphlagoniae
1464 5416 1698 5471 habetur
1727 5415 1992 5470 Laudatio
2035 5413 2094 5468 in
2117 5423 2364 5467 sanctum
2394 5422 2686 5485 martyrem
2727 5412 3076 5469 Theodorum.
3123 5411 3187 5466 Ρ.
3220 5428 3235 5466 :
3287 5410 3351 5465 Τί
3378 5405 3607 5480 λαμπρᾶ
3639 5406 3746 5460 καὶ

461 5508 692 5579 διαυγὴς
715 5509 748 5577 ἡ
780 5505 880 5576 τῆς
906 5506 1121 5577 ἡμέρας
1142 5505 1303 5578 χάρις
1336 5509 1349 5562 l
1384 5507 1443 5562 In
1467 5507 1754 5573 Vaticana,
1808 5506 1935 5563 cod.
1969 5505 2083 5560 1244

2174 5504 2235 5559 In
2265 5503 2565 5560 Barherina
2613 5504 2974 5578 expressius:
3023 5505 3244 5577 Νικήτα
3293 5504 3593 5558 ἐπισκόπου
3621 5500 3751 5555 Πα-

463 5602 782 5675 φλαγονίας,
841 5602 1037 5657 Νἱσεεω
1060 5604 1291 5674 episcopi
1338 5602 1743 5673 Paphlagoniw.
1776 5602 1915 5659 Cod.
1935 5602 2062 5657 247.

536 5699 622 5752 Η.
657 5696 781 5754 Chii
811 5697 980 5754 etiam
1001 5698 1268 5770 legeram:
1327 5698 1547 5770 Νικήτα
1576 5699 1809 5771 ῥήτορος
1843 5696 1939 5752 τοῦ
1965 5698 2158 5769 Παφλα

2134 5698 2324 5770 αγόνος
2354 5698 2631 5770 ἐγκώμιον
2654 5699 2735 5763 είς
2764 5698 2858 5753 τὸν
2892 5697 3069 5769 μέγαν
3105 5693 3376 5748 Νικόλαον
3412 5690 3506 5744 τὸν
3546 5687 3756 5758 Μυροέ

462 5789 666 5861 ϐλύτην
705 5792 799 5845 καὶ
858 5790 1274 5864 θαυματουργδν
1317 5792 1751 5863 ἀρχιεπίσκοτιον
1800 5791 2004 5865 Μύρων
2028 5793 2084 5848 τί

2258 5794 2423 5859 κῐαςε
2459 5794 2657 5851 Niccta:
2706 5792 2935 5848 rhetoris
2962 5787 3326 5860 Paphlagonis
3376 5783 3617 5840 laudatio
3862 5810 3880 5817 -
