4108 6464
500 272 585 342 13
756 296 759 299 ·
2012 278 2064 340 Ν
2066 279 2122 339 O‘

2175 280 2347 345 [ΤΙΑ.
3731 288 3797 352 14

510 396 761 443 auctam
808 382 1104 441 Nicolaum
1140 385 1523 461 Hyrcblytam,
1564 398 1615 444 et
1672 390 2044 445 mirandorum
2075 394 2373 465 eﬂcctorem
2414 394 2865 466 archiepiscopi»:
2911 394 3183 467 Myrorum
3216 390 3409 469 Lyciae.
3464 397 3551 455 P:
3612 397 3672 453 Ὀ
3703 399 3802 470 μὲν

512 476 810 547 θεοπάτωρ
832 476 1003 530 Δαυῒδ
1024 477 1087 531 τὸ
1117 478 1368 544 ἀειθαλὲς
1394 483 1489 536 καὶ
1527 482 1849 554 μετάρσιον.

581 569 677 624 12.
738 567 1014 624 ιααιίαιὶο
1040 571 1097 624 in
1125 581 1337 627 sanctos
1363 590 1658 645 anargyros
1695 572 1948 631 Cosmum
1976 586 2027 631 et
2074 576 2203 632 Dan

2176 578 2430 633 mianum.
2459 578 2524 634 P.
2557 596 2573 633 :
2615 581 2706 645 Ὧς
2738 581 2998 651 ἀγαπητά
3022 580 3093 635 τά
3117 581 3452 651 σκηνώματὰ
3478 600 3595 652 σου,
3627 585 3798 657 Κύριε

498 662 617 717 τῶν
637 663 938 734 δυνάμεων
974 665 989 718 l
1024 662 1139 719 Sub
1178 664 1383 720 Nicetae
1417 665 1733 738 philosophi
1796 666 2022 723 nomine
2052 667 2110 723 in
2129 669 2391 726 Vaticana
2421 669 2545 726 cod.
2573 669 2697 725 808.
2754 670 3069 741 Eademque
3091 670 3329 727 habetur
3369 672 3426 728 in
3451 688 3579 730 meo
3604 690 3801 729 manu-

498 759 750 830 scripto,
807 760 969 816 nullo
995 758 1221 831 praeﬁxo
1261 762 1504 818 auctoris
1552 762 1801 818 nomine.
1849 763 1984 820 Eam
2006 778 2134 820 cum
2162 765 2447 822 nonnullis
2489 765 2615 822 aliis
2644 766 2996 822 Monachium
3057 766 3181 821 misi
3211 765 3533 822 doctissimo
3580 767 3793 823 Simoni

497 849 941 926 Wagnereckio,
968 852 1064 924 qui
1089 866 1241 908 nunc
1281 853 1349 909 de
1372 836 1735 911 sanctissimis
1753 854 1843 913 his
1865 856 2162 929 Anargyris
2181 859 2702 915 commentationem
2728 858 3049 923 meditatur,
3077 873 3241 928 quam
3258 858 3369 931 jam
3401 858 3543 915 bene
3568 861 3797 917 inchoa-

502 958 623 1004 tam
668 944 882 1001 melius
908 945 1187 1002 conﬁciet.
1224 946 1366 1015 Quid
1400 948 1549 1003 enim
1576 957 1684 1014 est,
1735 949 1887 1013 quod
1914 950 2008 1006 ille
2027 951 2273 1008 calamus
2305 954 2642 1024 amplissime
2675 968 2787 1009 non
2820 952 3154 1024 perfecerit?

566 1037 825 1109 Scripsit
855 1048 1122 1109 praeterea
1144 1040 1520 1108 expositionem
1541 1042 1598 1097 in
1625 1042 1809 1113 aliqua
1841 1044 2089 1100 carmina
2122 1044 2375 1118 Gregorii
2396 1028 2749 1102 Nazianzeni.

569 1132 627 1186 1.
681 1130 752 1187 In
783 1131 1144 1203 sepulcralia,
1183 1149 1306 1203 quae
1337 1134 1431 1190 ille
1464 1135 1519 1190 in
1553 1134 1880 1192 defunctum
1922 1137 2187 1195 Basiliam
2228 1140 2561 1211 composuit.
2615 1140 2992 1197 Conservatur
3043 1142 3101 1197 in
3141 1142 3478 1201 bibliotheca
3522 1142 3785 1199 Vaticana

496 1208 625 1282 eod.
654 1227 776 1283 496
807 1235 868 1283 et
896 1224 1024 1290 949,
1053 1224 1159 1280 sub
1178 1226 1404 1283 nomine
1436 1228 1653 1301 Νικήτα
1682 1228 1976 1297 φιλοσόφου
2003 1230 2098 1284 τοῦ

1892 1247 1976 1297 pou
2003 1230 2098 1284 τοῦ
2126 1208 2501 1303 Παφλαγόνος,
2542 1233 2743 1290 Nieeta:
2772 1234 3069 1306 philosophi
3117 1235 3514 1308 Paphlagonis:

567 1320 628 1375 ‘i.
660 1320 725 1376 In
761 1333 999 1392 gnomas
1031 1333 1130 1374 seu
1158 1319 1464 1379 sententias
1509 1316 1779 1391 ejusdem,
1807 1335 1945 1390 quas
1990 1320 2085 1376 ille
2130 1323 2505 1380 acrostichide
2539 1324 2632 1380 illa
2666 1327 2987 1397 complexus
3031 1335 3138 1385 est.
3207 1329 3429 1401 Γνῶμαι
3486 1328 3789 1400 Γρηγορίου

493 1411 747 1484 Siculo;
794 1411 1022 1483 εὖεπίη,
1066 1410 1262 1465 ἐσθλὸν
1303 1410 1528 1483 ἄθυρμα
1550 1411 1714 1476 νέοις,
1749 1420 1861 1467 etc.
1917 1410 2036 1468 Sub
2073 1427 2115 1467 η

2171 1413 2300 1471 nine
2339 1415 2558 1487 Νικήτα
2597 1415 2695 1470 τοῦ
2745 1416 2843 1497 καὶ
2871 1416 3037 1471 Δαυῒδ
3063 1416 3164 1472 τοῦ
3222 1419 3540 1491 φιλοσόφου,
3574 1419 3793 1475 Nicetis:

493 1513 586 1583 qui
613 1522 665 1567 et
688 1511 900 1576 Dauid,
928 1508 1243 1581 philosophi.
1293 1506 1430 1564 Cod.
1480 1506 1586 1563 ’544
1614 1517 1671 1563 et
1702 1507 1829 1563 365.
1880 1507 1950 1564 Et
1993 1508 2051 1563 in
2100 1508 2423 1581 Augustana
2470 1511 2618 1568 inter
2646 1511 2987 1584 theologieos
3022 1513 3148 1569 cod.
3183 1514 3273 1570 44.
3328 1514 3391 1569 In
3417 1512 3793 1583 Altempsiana

500 1604 609 1662 sub
639 1602 883 1660 nomine
914 1602 1131 1674 Νικήτα
1161 1600 1454 1671 φιλοσόφου
1493 1600 1795 1654 ἐπισκόπου
1843 1599 2122 1672 Δαδύ6ρωι

2215 1602 2416 1659 Niseia:
2452 1603 2751 1677 philosophi
2779 1604 3151 1677 Dadybrorum
3178 1607 3428 1677 episcopi.
3472 1605 3543 1660 Et
3570 1605 3778 1674 absque

500 1696 754 1769 episcopi
778 1695 1034 1752 dictione
1059 1695 1203 1749 inter
1233 1693 1544 1749 rhetoricos
1567 1693 1907 1763 Augustalis:
1934 1693 2060 1750 cod.
2088 1695 2178 1751 17.
2229 1695 2365 1763 Quae
2393 1696 2643 1753 Venetiis
2672 1697 2821 1753 edita
2848 1705 2978 1755 sunt
3004 1699 3060 1753 in
3079 1699 3134 1763 4,
3163 1713 3310 1753 anno
3350 1696 3511 1752 1565.
3578 1697 3790 1767 Ἑρμη-

493 1791 619 1845 vela
646 1790 736 1854 είς
760 1789 836 1843 τά
859 1786 1200 1859 τετράστιχα
1233 1784 1329 1839 τοῦ
1360 1785 1596 1856 μεγάλου
1625 1786 1845 1859 Πατρὸς
1872 1786 2179 1859 Γρηγορίου
2208 1788 2304 1843 τοῦ
2358 1788 2737 1861 Ναξιανζηνοῦ
2764 1791 2846 1852 είς
2869 1788 2939 1844 τὰ
2966 1790 3280 1862 μονόστιχα,
3302 1791 3382 1854 είς
3404 1790 3474 1844 τὰ
3511 1789 3790 1860 ἐπιγράμ-

494 1905 656 1961 ματα
671 1885 751 1941 τὰ
776 1886 860 1949 εἰς
885 1886 981 1940 τὸν
1005 1884 1180 1957 μέγαν
1206 1883 1484 1938 Βασίλειον
1506 1883 1880 1954 παράφρασις.
1902 1882 2116 1940 Vindic.‘

2167 1893 2272 1941 Itur
2300 1885 2525 1950 Nicetze,
2558 1885 2653 1956 qui
2684 1894 2741 1941 et
2764 1885 2936 1941 David
2953 1927 2969 1949 ,
2992 1885 3156 1942 editae
3180 1902 3401 1957 quoque
3426 1888 3789 1959 paraphrases

494 1982 820 2052 caminum
842 1978 1098 2051 Gregorii
1118 1976 1450 2033 Nazianzeni
1476 1975 1545 2032 de
1572 1975 1887 2046 principiis,
1935 1992 2006 2033 ex
2025 1977 2366 2035 bibliotheca
2403 1978 2723 2049 reipublicae
2753 1978 3108 2050 Augustanae,
3137 1979 3394 2052 Lugduni
3454 1980 3787 2036 Batavorum

494 2048 559 2129 in
589 2072 817 2129 oﬁcina
849 2048 1202 2127 Plautiniana
1227 2083 1373 2125 anno
1397 2068 1556 2132 1591,
1581 2068 1638 2123 in
1667 2068 1723 2134 ε,
1751 2084 1916 2140 quam
1962 2070 2131 2125 etiam
2158 2070 2466 2126 arbitratur
2492 2048 2687 2125 iDavid
2734 2048 3084 2127 Hmschelius
3112 2048 3249 2127 essev
3279 2071 3506 2128 Nic-etas.
3563 2074 3789 2130 verum.

497 2185 693 2226 tamen
721 2182 851 2223 eum
887 2166 1006 2236 ipse
1028 2180 1145 2221 rem
1169 2160 1409 2235 penitius
1426 2161 1823 2226 examinarem,
1862 2161 2044 2231 reperi
2066 2160 2430 2232 paraphrases
2462 2160 2581 2225 has,
2606 2162 2724 2217 sive
2748 2162 3144 2233 expositiones,
3193 2162 3374 2218 editas
3402 2172 3519 2218 tum
3540 2164 3787 2221 Venetiis

510 2277 638 2320 tum
676 2260 933 2333 Lugduni
991 2260 1349 2321 Batavorum,
1404 2256 1560 2312 nullo
1640 2256 1808 2310 modo
1854 2257 2062 2312 Nicone
2145 2270 2298 2323 esse;
2353 2257 2522 2327 idque
2569 2271 2637 2311 ex
2683 2257 2874 2314 codice
2956 2259 3092 2314 satis
3153 2258 3383 2330 antiquo
3435 2258 3789 2317 bibliothecae

525 2354 593 2411 S.
615 2351 1152 2414 Andreahllensis,
1184 2350 1475 2408 codicibus
1500 2349 1798 2417 Vaticanis,
1828 2348 2157 2414 Lutetianis,
2190 2361 2247 2406 et
2273 2351 2417 2407 aliis.
2454 2351 2524 2406 Et
2551 2360 2615 2406 ut
2639 2365 2825 2406 veram
2857 2351 2914 2406 in
2939 2352 3184 2408 carmina
3204 2352 3536 2409 Nazianzeni
3567 2351 3787 2423 exposi-

513 2450 731 2504 tionem
760 2446 957 2502 Nieetaa
988 2444 1216 2506 habeas.
1244 2458 1356 2499 non
1384 2442 1657 2515 gravabor
1688 2457 1759 2498 ex
1788 2441 1985 2499 eodem
2018 2442 2442 2501 Santandreano
2474 2443 2669 2501 codice
2699 2444 2891 2501 titulos
2926 2446 3258 2514 carminum,
3291 2455 3349 2502 et
3371 2445 3783 2517 paraphraseon

496 2538 805 2611 principia,
832 2546 897 2592 ut
935 2535 1015 2590 ibi
1069 2544 1221 2602 sunt,
1250 2533 1524 2605 digerere.

568 2657 683 2713 Τοῦ
709 2655 1016 2727 φιλοσόφου
1049 2652 1218 2723 κυροῦ
1251 2653 1469 2722 Νικήτα
1492 2652 1797 2708 ἐπισκόπου
1824 2651 2116 2727 Δαδύϐρων
2147 2652 2409 2725 ἐξήγησις
2441 2654 2551 2710 τῶν
2604 2654 2753 2709 ἐπῶν
2786 2654 2882 2709 τοῦ
2909 2654 3142 2727 μεγάλου
3179 2654 3485 2727 Γρηγορίου
3516 2654 3613 2710 τοῦ
3659 2656 3785 2709 Θεο-

487 2752 658 2821 λόγου
686 2754 793 2824 (α).
855 2748 1171 2820 PhilosOphi
1210 2748 1411 2804 domini
1441 2747 1646 2803 Niceta:
1692 2747 2066 2820 Dadybrorum
2115 2750 2346 2819 episcopi
2374 2749 2632 2817 expositio
2662 2751 2964 2805 carminum
3001 2749 3183 2821 magni
3234 2748 3476 2820 Gregorii
3507 2748 3776 2819 Theologi.

481 2845 764 2904 Procnmii
808 2842 1195 2914 principium:
1241 2842 1305 2895 Οἱ
1367 2842 1466 2913 μὲν
1518 2841 1650 2912 παρ’
1686 2840 1914 2910 Ἕλλησι
1969 2840 2103 2911 φίλα

2163 2838 2404 2911 φώτατοι
2451 2836 2592 2896 εἶναι
2647 2841 2921 2908 δόξαντες.
2975 2842 3223 2899 Alterius
3250 2841 3508 2913 prooemii
3548 2841 3609 2897 Ρ.
3648 2860 3665 2895 :
3715 2842 3781 2893 Ui

479 2942 587 3011 τῆς
622 2938 914 3009 κοσμικῆς
938 2936 1128 3005 σοφίας
1161 2937 1261 3006 τὴν
1285 2935 1595 3008 ἀκροτάτην
1621 2935 1969 2990 καταλαδείν.
3410 2974 3422 2987 .

556 3035 705 3105 Περὶ
758 3029 957 3103 ἀρχῶν
1017 3028 1174 3098 λόγος
1206 3026 1276 3083 α’.
1356 3027 1436 3084 De
1494 3018 1768 3100 principiis
1814 3029 1989 3084 oratio
2037 3029 2175 3099 prim

2154 3045 2233 3084 ta.
2284 3028 2388 3083 P.:
2442 3022 2576 3082 Οἶδα
2624 3029 2746 3103 μὲν,
2804 3030 2971 3100 φησὶν
3018 3033 3052 3101 ή
3103 3029 3400 3101 θεόληπτος
3455 3028 3550 3082 τοῦ
3615 3026 3776 3096 λόγου

494 3128 706 3290 Ἣρι
757 3214 899 3271 Υἱοῦ
939 3213 1099 3284 λόγος
1155 3211 1222 3284 β’.
1271 3213 1348 3269 De
1403 3210 1547 3269 Filio
1589 3215 1765 3269 oratio
1812 3214 2065 3270 secunda.
2105 3216 2116 3272 1

2153 3234 2221 3273 .:
2279 3214 2609 3288 Ἐκθέμενος
2641 3215 2772 3287 περὶ
2831 3214 3039 3286 ἀρχῶν,
3090 3214 3125 3288 ἢ
3171 3214 3346 3288 ἀρχῆς
3382 3232 3398 3248 ο
3456 3214 3655 3269 ταυτὸν
3711 3212 3769 3268 δὲ

487 3313 697 3367 εἰπεῖν.

561 3405 708 3472 Περὶ
733 3401 833 3456 τοῦ
866 3399 1024 3470 ἁγίου
1059 3397 1380 3470 Πνεύματος
1404 3397 1563 3464 λόγος
1589 3397 1661 3468 γ’.
1684 3396 1762 3453 De
1791 3397 1998 3469 Spiritu
2024 3407 2183 3454 sanet.

2153 3407 2210 3454 to
2239 3400 2413 3454 oratio
2445 3398 2629 3455 tertia.
2653 3396 2714 3454 P.
2742 3416 2756 3453 :
2781 3395 3123 3470 Θεολογήσας
3145 3399 3175 3452 ό
3197 3397 3623 3471 θεοληπτότατος
3649 3397 3775 3471 περὶ

487 3503 720 3575 Πατρδς
736 3500 839 3555 καὶ
868 3498 1025 3554 Υίοῦ.
1709 3492 1712 3496 “
2536 3526 2539 3529 λ

561 3596 708 3669 Περὶ
732 3594 946 3664 κόσμου
971 3591 1128 3661 λόγος
1162 3588 1205 3644 δ’
1210 3629 1226 3646 .
1283 3589 1361 3646 De
1387 3590 1582 3645 mundo
1601 3590 1775 3644 oratio
1809 3598 2026 3661 quarta.
2077 3590 2165 3644 P.:

1704 3590 1775 3644 tio
1809 3598 2026 3661 quarta.
2077 3590 2165 3644 P.:
2202 3585 2427 3652 Ἰκανῶς
2454 3589 2545 3643 διὰ
2569 3591 2680 3643 τῶν
2712 3590 3117 3661 προειληφότων
3157 3589 3324 3645 ἐπῶν.

561 3691 707 3761 Περὶ
774 3688 1037 3759 Προνοίας
1068 3687 1226 3758 λόγος
1260 3691 1319 3742 ε’.
1346 3685 1424 3740 De
1446 3686 1786 3742 Providentia
1812 3688 1986 3740 oratio
2013 3688 2183 3756 quinti

2145 3696 2219 3741 ta.
2276 3686 2336 3740 P.
2369 3704 2384 3740 :
2425 3686 2795 3757 Φιλοσοφήσας
2821 3686 3082 3757 περὶτῶν
3130 3686 3225 3740 δύο
3254 3685 3498 3756 κόσμων,
3524 3682 3767 3756 πρώτου,

484 3784 667 3856 φημίο

561 3878 711 3949 Περὶ
733 3877 940 3949 νοερῶν
969 3876 1169 3931 οὐσιῶν
1193 3875 1349 3946 λόγος
1374 3873 1449 3940 ς’.
1471 3874 1547 3930 De
1569 3874 2013 3931 intellectualibus
2033 3876 2183 3931 subst.

2142 3877 2343 3932 stantiit
2361 3877 2534 3932 oratio
2555 3886 2727 3931 sexta.
2756 3874 2798 3931 P
2820 3889 2836 3928 :
2864 3872 3166 3945 Διειληφὼς
3189 3891 3255 3926 πε
3263 3873 3317 3946 pl.
3337 3871 3518 3927 διττοῦ
3540 3871 3764 3943 κόσμου,

484 3973 696 4045 νοητοῦ
727 3972 877 4041 λέγω
898 3972 993 4025 καὶ
1021 3968 1307 4040 αἰσθητοῦ.

556 4066 709 4138 Περὶ
736 4064 921 4137 ψυχῆς
948 4063 1104 4133 λόγος
1128 4067 1162 4128 ς
1180 4103 1195 4119 .
1228 4063 1306 4118 De
1329 4062 1515 4117 anima
1539 4062 1712 4116 oratio
1739 4062 1988 4133 septima.
2035 4062 2100 4118 P.
2128 4079 2143 4117 :

2256 4063 2528 4133 Βπομένως
2581 4062 2723 4132 μετά
2757 4061 2858 4132 τὴν
2906 4061 3017 4115 τῶν
3062 4060 3331 4132 οὐρανίων
3364 4060 3461 4113 καὶ
3508 4059 3765 4128 λογικῶν.
3872 4102 3878 4109 ,

554 4159 707 4228 Περὶ
729 4155 1027 4227 διαθηκῶν,
1055 4156 1152 4209 καὶ
1174 4154 1499 4225 ἐπιφανείας
1523 4154 1762 4225 Χριστοῦ
1785 4155 1943 4223 λόγος
1971 4152 2043 4226 η’.
2070 4154 2172 4210 ’Βε

2139 4165 2172 4210 'e
2206 4155 2555 4221 testamentis,
2592 4164 2643 4210 et
2701 4156 3037 4226 apparitione
3065 4154 3281 4221 Christi,
3342 4154 3514 4208 oratio
3555 4160 3761 4207 octava.

483 4253 550 4311 Ρ,
584 4268 602 4305 :
666 4246 1002 4312 Συντελέσας
1033 4249 1162 4311 τοὺς
1194 4247 1563 4318 δογματικοὺς
1593 4246 1787 4316 λόγους
1810 4248 1972 4303 ἑπτά.

556 4341 708 4413 Περὶ
731 4338 938 4410 ἀρετῆς
984 4336 1340 4408 ἀνθρωπίνης
1393 4336 1555 4405 λόγος
1589 4335 1656 4390 θ’.
1719 4334 1797 4390 De
1853 4339 2050 4392 virtute
2098 4339 2178 4393 hu;

2143 4354 2337 4394 umana
2364 4338 2536 4394 oratio
2587 4354 2748 4393 nona.
2793 4338 2901 4394 P.:
2966 4335 3443 4406 Θεολογικὼτατον
3485 4335 3582 4389 καὶ
3611 4333 3765 4406 φιλο-

489 4432 828 4502 σοφώτατον.

559 4528 707 4597 Περὶ
746 4525 962 4595 φύσεως
1009 4524 1364 4599 ἀνθρωπίνης
1397 4525 1555 4595 λόγος
1585 4531 1637 4581 ι’.
1683 4525 1762 4582 De
1812 4535 2014 4582 natura
2071 4530 2181 4584 han

2147 4546 2307 4583 mana
2345 4530 2518 4583 oratio
2578 4528 2802 4583 decima.
2863 4527 2924 4582 P.
2958 4544 2972 4581 :
3033 4524 3405 4598 Φιλοσοφήσας
3439 4526 3468 4578 ὁ
3493 4525 3764 4594 θεοσοφὼ-

485 4635 654 4684 τατος
689 4620 823 4689 περὶ
846 4622 943 4691 τῆς
965 4619 1318 4691 ἀνθρωπίνης
1349 4621 1573 4692 ἀρετῆς.

559 4712 708 4782 Περὶ
732 4711 1010 4776 εὐτελείας
1036 4711 1133 4766 τοῦ
1167 4713 1326 4777 ἐκτὸς
1348 4712 1667 4784 ἀνθρώπου,
1698 4713 1795 4767 καὶ
1825 4714 1923 4784 τῆς
1950 4715 2062 4768 τῶν
2082 4732 2181 4785 παι

2137 4714 2369 4785 ιρόντων
2399 4714 2763 4784 ματαιότητος
2791 4713 2950 4780 λόγος
2978 4717 3066 4765 ια’.
3114 4709 3192 4765 De
3230 4711 3614 4780 contemptione
3665 4722 3759 4761 ex-

483 4802 703 4858 terioris
717 4803 964 4866 hominis,
985 4813 1033 4858 et
1074 4820 1255 4859 rerum
1279 4805 1624 4874 praesentiam
1643 4809 1881 4862 vanitate
1913 4809 2084 4861 oratio

1855 4824 1881 4861 e
1913 4809 2084 4861 oratio
2119 4806 2419 4862 undecima.
2445 4806 2506 4861 P.
2538 4824 2553 4860 :
2579 4806 2714 4875 Περὶ
2739 4808 2839 4876 τῆς
2869 4805 3217 4876 ἀνθρωπίνης
3242 4803 3477 4874 φύσεως.

556 4898 707 4968 Περὶ
737 4897 849 4951 τῶν
883 4898 1210 4966 φθασάντων
1235 4900 1586 4971 μακαρισμοὶ
1613 4903 1707 4954 καὶ
1728 4901 1845 4970 ὅροι
1868 4917 2178 4971 πνευματικ

2133 4899 2247 4953 ικοῦ
2295 4900 2414 4969 βίου
2447 4899 2603 4967 λόγος
2634 4897 2719 4968 ιβ’.
2769 4899 2848 4953 De
2889 4897 3297 4953 beatitudinibas
3345 4906 3395 4950 et
3427 4894 3755 4973 ﬁnitionibus

477 4995 609 5049 vita
640 4991 941 5062 spiritualis
964 4995 1140 5047 oratio
1176 4992 1507 5048 duodecima.
1549 4993 1612 5048 P.
1646 5012 1659 5046 :
1728 4992 2034 5057 Ταλανίσας
2060 5011 2096 5047 κ

2132 4993 2157 5046 ηὶ
2189 4994 2642 5064 κατασμικρύνας
2689 4995 2760 5046 τά
2795 4993 3135 5063 ἀνθρώπιναι
3184 4994 3278 5045 καὶ
3318 4991 3387 5044 τά
3438 4989 3532 5043 τοῦ
3561 4987 3754 5050 αίῶνος

478 5103 711 5141 τουτου.

556 5178 916 5250 Γνωμολογία
937 5179 1197 5250 δίστιχος,
1221 5173 1292 5251 ἦς
1336 5180 1371 5251 ἠ
1397 5179 1714 5250 ἀκροστιχὶς
1762 5177 1922 5250 αὕτη.
1957 5177 2174 5235 Sentent

2128 5181 2244 5236 alia:
2273 5178 2506 5233 distichis
2561 5178 2833 5243 exposita,
2880 5193 3107 5247 quarum
3158 5177 3267 5229 hazc
3309 5182 3385 5228 est
3423 5172 3750 5227 acroatichis.

477 5279 721 5350 Γνῶμαι
744 5277 1071 5350 Γρηγορίου,
1096 5287 1207 5335 etc.

555 5371 920 5442 Γνωμολογία
951 5371 1332 5443 τετράστιχος.
1363 5368 1652 5428 Sententiis
1685 5371 2004 5426 tetrastichis
2043 5385 2175 5443 expr

2127 5384 2324 5426 orente.
2358 5378 2364 5383 '
2393 5366 2699 5439 Γρηγορίου
2741 5366 2902 5429 πόνος
2927 5362 3065 5431 εἰμί,
3090 5371 3197 5417 etc.
3253 5360 3314 5415 P.
3346 5374 3361 5411 :
3421 5352 3749 5456 ἐξουλὸμην

483 5467 845 5542 μακροτέρας
867 5464 1046 5535 λόγων
1077 5462 1486 5536 πραγματείας.
1538 5464 1607 5519 Et
1640 5463 1784 5518 hanc
1817 5477 1975 5517 suam
2006 5477 2105 5532 exp

2122 5461 2411 5517 ositionem
2441 5475 2551 5514 non
2586 5458 2727 5514 ultra
2751 5457 3000 5512 Nicctam
3022 5450 3356 5513 extendisse,
3383 5445 3661 5513 colligitur
3679 5454 3744 5497 cx

486 5540 601 5622 ﬁne
632 5564 806 5635 huius
829 5571 1124 5634 postremae
1143 5560 1526 5632 expositionis,
1563 5560 1659 5615 ubi
1703 5560 1822 5614 haec
1886 5556 2092 5613 habet:

2171 5556 2507 5626 Ἐϐουλόμην
2559 5555 2905 5625 μακροτέρας
2951 5551 3127 5618 λόγων
3160 5540 3541 5614 πραγματείας
3577 5550 3746 5590 κατα-

562 5742 646 5818 (a)
678 5742 855 5815 Hujus
878 5741 1351 5814 interpretationis
1376 5739 1656 5814 specimen
1698 5753 1803 5841 nos
1826 5752 1893 5794 ex
1923 5734 2048 5794 cod.
2070 5736 2191 5792 Vat.
2218 5732 2497 5792 edidimus
2527 5731 2581 5787 in
2612 5728 2800 5802 Spicil.
2836 5743 2967 5784 rom.
2998 5732 3038 5780 t.
3075 5724 3135 5792 V,
3162 5737 3216 5793 p.
3246 5719 3350 5778 579
3380 5716 3554 5773 -401
3588 5714 3653 5771 Α.
3673 5714 3748 5771 Μ.
