4108 6416
422 425 501 496 17

1244 425 1526 489 ORATIO
1558 427 1612 489 Ῑ.
1636 452 1708 464 ·-
1737 427 1820 491 ΙΝ
1859 427 2056 493 DIEM
2094 430 2451 495 NATALEM
2490 435 2553 496 S.
2595 437 2883 500 MARl/E.

3628 443 3699 510 13

417 548 677 623 σωτηρίῳ
717 544 911 602 αὑτοῦ.
957 544 1071 601 Καὶ
1121 543 1233 616 γὰρ
1288 545 1480 618 ἤγειρε
1524 545 1695 617 κέρας
1734 546 2008 617 σωτηρίας

2108 545 2240 603 Ιιιιίε
2266 549 2322 603 in
2350 550 2517 607 domo
2542 553 2714 607 David
2738 555 2895 635 pueri
2923 555 3009 611 sui
3040 559 3085 625 ’,
3124 570 3190 613 ac
3210 596 3226 623 ,
3275 558 3423 614 sicut
3476 558 3694 621 locutus

406 644 542 716 ἡμῖν
572 640 847 712 σήμερον,
870 637 932 691 ὲν
966 635 1047 708 τῷ
1071 636 1206 709 οἴκῳ
1236 634 1401 711 Δαϐὶδ
1438 634 1536 689 τοῦ
1581 633 1771 700 παιδὸς
1799 634 1965 689 αὐτοῦ
1991 649 2006 664 ·

402 737 500 791 καὶ
528 718 725 794 καθῶς
765 728 1005 803 ὲλάλησε
1034 727 1126 783 διὰ
1159 728 1428 799 στόματος
1455 725 1567 782 τῶν
1591 727 1764 798 ἁγίων
1791 744 2012 797 προφη-

396 826 512 882 τῶν
546 812 748 888 αὑτοῦ,
774 812 1081 894 ἀνέστησεν
1099 822 1234 892 ἡμῖν
1257 819 1425 890 φυτὸν
1452 821 1700 892 είρήνης,
1728 821 1828 891 τὴν
1853 818 2010 890 ῥίζαν

398 914 497 969 τοῦ
543 913 776 974 Ἰεσσαὶ.
804 911 872 977 ἐξ
902 904 972 983 ἧς
1018 911 1053 982 ἠ
1087 909 1284 981 ῥάϐδος
1323 911 1359 982 ἡ
1392 908 1455 964 τὸ
1482 911 1799 981 ἀμάραντον
1849 909 2011 974 ἄνθος

391 1006 674 1063 ἀναδοῦσα
706 1005 974 1077 Χριστόν.
1018 1003 1117 1068 Τίς
1158 1003 1262 1058 οὐκ
1287 1002 1613 1073 ἀγαλλιᾶται
1648 1004 1713 1074 τῇ
1751 1001 1949 1085 καρδρθκ
1987 1018 2002 1066 ;

389 1100 491 1165 Τίς
540 1098 652 1152 οὑκ
709 1095 1076 1168 εὐφραίνεται
1126 1091 1568 1164 πνεύματιςΤίς
1598 1092 1662 1145 οὐ
1728 1089 2009 1162 μυστικῶς

397 1191 863 1263 κατατέρπεταις
926 1186 1028 1252 Τις
1071 1187 1134 1241 οὑ
1181 1182 1548 1258 πανηγυρίξει
1595 1181 2007 1255 πνευματικῶς,

401 1285 502 1356 τὴν
528 1285 590 1337 ὲν
651 1281 742 1352 τῷ
771 1278 898 1351 Θεῷ
939 1277 1390 1350 προωρισμένην,
1438 1276 1535 1330 καὶ
1581 1275 1672 1330 διὰ
1720 1272 2008 1344 στομάτων

398 1374 771 1450 προρητικῶν
813 1370 1281 1445 προηγγελμὲνην
1334 1368 1632 1440 σωτηρίαν,
1667 1369 1750 1433 είς
1782 1366 2011 1422 ἔκϐασιν

396 1472 523 1543 ἀρτι
549 1469 700 1539 σαφῆ
739 1466 1051 1537 προϊοῦσαν
1081 1461 1372 1534 καθορῶν;

471 1564 630 1617 Πᾶσα
657 1564 692 1631 η
723 1559 919 1621 κτίσις
939 1556 1214 1628 χορευέτω
1233 1571 1248 1587 ·
1277 1554 1432 1607 πᾶσα
1472 1553 1507 1623 ή
1541 1551 1616 1623 γῆ
1648 1549 1766 1621 μετ’
1810 1549 2010 1621 εὐφροὲ

408 1655 574 1727 σύνης
616 1653 805 1724 βοάτω
854 1651 957 1705 καὶ
997 1648 1297 1719 σκιρτᾶτω,
1331 1645 1418 1699 ὅτι
1463 1644 1529 1698 τὸ
1558 1643 1659 1714 τῆς
1704 1641 2006 1713 ἀρχεγόνου

398 1748 577 1820 λύπης
606 1741 977 1813 ἀναιρετικὸν
1008 1741 1307 1812 φάρμακον
1336 1737 1673 1808 ἑϐλάστησεν
1712 1736 1839 1807 ἄρτι
1863 1754 1878 1768 ο
1921 1735 2006 1790 ὅτι

390 1848 497 1921 τῆς
528 1842 882 1917 προγονικῆς
911 1840 1077 1919 ἀρᾶς,
1176 1837 1288 1891 πᾶν
1318 1852 1380 1890 τε
1412 1834 1655 1906 βρότειον
1679 1831 2006 1886 ὑποπεπτώ-

393 1956 484 1993 κει
512 1939 698 2008 γένος,
761 1933 856 1987 διὰ
904 1933 1007 2003 τῆς
1060 1928 1307 2000 μεγάλης
1359 1926 1456 1981 τοῦ
1490 1923 1627 1979 Θεοῦ
1672 1925 2006 1995 κηδεμονίας

392 2032 531 2103 περὶ
556 2028 742 2101 ἡμῶν.
762 2029 797 2098 ἠ
819 2026 1086 2094 ἀφάνισις
1111 2022 1345 2093 πάρεστι
1361 2038 1376 2052 ·
1400 2022 1498 2075 καὶ
1517 2023 1745 2090 τοιαύτη
1765 2021 2007 2090 σήμερον

395 2121 536 2193 ἡμῖν
583 2118 800 2174 ἀνωθεν
858 2113 1294 2185 ἑπιϐραϐεύεται
1358 2111 1557 2181 δωρεὰ,
1606 2110 1682 2173 ὡς
1716 2110 1791 2180 μὴ
1838 2109 2007 2178 μόνην

403 2212 626 2283 εκείνην
657 2206 1072 2276 ἒξαναιρεῖσθαι
1096 2206 1198 2277 τὴν
1233 2204 1393 2277 ἀρὰν,
1414 2202 1553 2260 ἀλλά
1584 2201 1680 2256 καὶ
1711 2200 2007 2269 σύμπασαν

414 2307 555 2379 ἡμῖν
599 2299 927 2371 εὑλογεῖσθαι
960 2299 1069 2370 τὴν
1115 2290 1278 2363 φύσιν
1299 2313 1316 2330 ο
1358 2296 1455 2352 καὶ
1481 2294 1874 2366 καταργετσθαι
1905 2294 2007 2366 μὲν

411 2405 479 2459 τὸ
502 2407 607 2474 τῆς
624 2404 849 2467 παλαιᾶς
868 2400 1079 2472 ἔχθρας
1102 2397 1438 2470 μεσότοιχον,
1459 2397 1683 2464 ἀγάπην
1709 2393 1767 2447 δὲ
1799 2390 2004 2465 μεταξὺ

398 2498 545 2554 Θεοῦ
585 2496 683 2551 καί
705 2494 1017 2567 ἀνθρώπων
1042 2491 1141 2547 καὶ
1168 2493 1392 2564 εἰρήνην
1423 2489 1751 2559 ὲξανίσχειν.

478 2591 767 2663 Ἱερεμίας
817 2587 923 2664 μὲν
951 2585 983 2639 ὁ
1037 2584 1148 2665 τῶν
1198 2583 1497 2665 προφητῶν
1548 2580 2005 2653 συμπαθέστατος

391 2686 495 2743 καὶ
522 2686 810 2759 θειότατος
830 2662 1000 2759 ’ὕδωρ
1025 2662 1171 2733 αἰτεῖ
1199 2680 1268 2750 τῇ
1289 2662 1524 2747 κεφαλῇ,
1561 2675 1661 2729 καὶ
1697 2675 1886 2746 πηγὴν
1909 2676 2004 2728 δα·-
2032 2731 2037 2735 ,

388 2780 580 2849 κρύων
612 2779 733 2840 τοῖς
768 2753 1114 2845 ’ὀφθαλμοῖς
1165 2772 1307 2826 ὥστε
1360 2772 1480 2824 κατ’
1521 2768 1678 2835 ἀξίαν
1730 2767 2004 2840 θρηνῆσαι

388 2866 769 2938 δυστυχοῦντα
823 2864 921 2919 τὸν
983 2862 1226 2934 Ἰσραήλ.
1276 2860 1434 2932 Ἐμοὶ
1471 2860 1528 2912 δὲ
1576 2857 1661 2922 τίς
1719 2858 1881 2911 δώσει
1932 2859 2000 2929 τῇ

398 2962 591 3033 ’καρδίᾳ
618 2959 818 3031 πηγὴν
857 2956 1082 3033 ἐννοιῶν
1121 2952 1309 3020 θείων,
1357 2953 1457 3008 καὶ
1482 2954 1596 3017 τοῖς
1624 2952 1805 3020 λόγοις
1830 2967 1999 3003 ποτα-

412 3030 520 3131 μῶν
538 3030 769 3127 εὑροιαν
804 3030 1044 3129 ἀγαθὴν,
1068 3048 1213 3103 ὥστε
1236 3046 1301 3102 τὸ
1331 3047 1476 3118 μέγα
1501 3045 1658 3110 κλέος
1687 3043 1999 3114 ἐξαγγεῖλαι

412 3153 503 3222 τῆς
528 3148 825 3222 παρούσης
852 3146 1055 3218 χαρᾶς,
1097 3144 1196 3199 καὶ
1219 3139 1322 3214 τὴν
1368 3138 1680 3212 ὑπερϐολὴν
1715 3139 1815 3210 τῆς
1847 3136 2001 3199 θείας

405 3242 825 3316 μεγαλοδωρεᾶς
851 3224 1121 3314 ἀἰνέσας
1168 3235 1238 3317 οὐ
1281 3236 1405 3290 κατ’
1453 3231 1613 3298 ἀξίαν
1660 3231 1996 3301 (ἀνέφικτον
2025 3255 2070 3314 c

394 3335 499 3405 γάρ
525 3332 711 3403 οὕτως
739 3328 983 3409 ὑμνεῖν),
1002 3327 1122 3403 ἀλλ’
1153 3326 1281 3401 ὅσον
1310 3325 1485 3378 εἰπεῖν
1507 3321 1633 3393 ἐμοί
1660 3334 1720 3375 τε
1750 3318 1997 3391 θεμιτὸν,

394 3424 491 3479 καὶ
516 3426 635 3487 τοῖς
672 3420 942 3497 ἀκούουσι
973 3416 1244 3490 χωρητόν.
1284 3413 1541 3469 Γενέθλια
1580 3412 1616 3483 ἡ
1667 3411 1999 3482 πανήγυρις,

394 3513 441 3574 ὦ
472 3518 660 3587 φίλοι*
696 3513 925 3585 γενέσια
979 3511 1223 3582 Μαρίας,
1282 3507 1385 3578 τῆς
1420 3507 1514 3561 τδν
1563 3504 1807 3575 Χριστὸν
1868 3504 2000 3579 ήμζν

397 3611 541 3683 μετά
578 3608 763 3663 ταῦτα
805 3606 901 3685 τὸν
930 3601 1062 3659 Θέδν
1101 3600 1521 3673 γεννησαμένης
1542 3613 1558 3629 ’
1593 3598 1696 3669 τῆς
1719 3596 1999 3667 ἁσπόρως,

391 3704 694 3776 ἀχράντως
734 3699 833 3754 τὸν
892 3697 1219 3768 ὑπερούσιον
1264 3694 1439 3763 Λόγον
1492 3692 1591 3745 καὶ
1625 3690 2002 3763 ἀπερίληπτον

391 3798 490 3851 καί
514 3791 859 3863 ἀσώματον,
894 3792 963 3859 τῇ
994 3787 1280 3857 σωματικῇ
1323 3785 1420 3839 καὶ
1457 3780 1712 3855 ἡμετέρᾳ
1762 3798 2003 3850 καταμι.

396 3887 568 3957 Eia-1;;
612 3885 828 3954 μορφῇ.
876 3880 1096 3951 Ταύτης
1118 3879 1217 3947 τὴν
1247 3877 1506 3948 γέννησιν
1540 3877 1782 3948 σήμερον
1803 3874 1999 3945 ἑορτά-

400 3998 487 4034 σαι
511 3971 888 4049 συνήλθομεν,
932 3972 1020 4026 ἵνα
1047 3971 1160 4027 τῶν
1196 3964 1507 4042 μεγαλείων
1558 3970 1731 4040 αὐτῆς
1763 3969 1998 4023 αἰνέσω-

400 4090 497 4144 μεν
537 4071 644 4143 τὴν
700 4068 913 4145 ἀρχὴν,
941 4059 1019 4121 ὧν
1064 4065 1333 4135 εὐδόκησε
1385 4063 1564 4118 ποιεῖν
1608 4061 1639 4115 ὁ
1678 4060 1907 4127 δυνατὸς
1937 4061 2000 4116 ὲν

398 4168 561 4239 απῇ.

475 4426 700 4479 Πολλῶν
736 4421 851 4493 γὰρ
898 4421 992 4476 καὶ
1044 4420 1324 4505 ἀπείρων,
1356 4418 1622 4491 οὐμενοῦν
1651 4423 1778 4477 ὅσον
1821 4421 2000 4477 εἰπεῖν

420 4517 647 4583 δννστὺν,
701 4513 1247 4585 ἀποκαλυπτομένων
1296 4512 1713 4585 μεγαλουργιῶν
1743 4515 1802 4567 ὲν
1833 4515 1996 4587 αὐτῇ,

2115 646 2202 691 εει
2250 652 2351 706 per
2380 653 2447 695 os
2486 640 2805 720 sanctorum
2837 643 3236 717 prophetarum
3265 659 3516 714 suorum,
3544 650 3699 720 pacis

2115 727 2275 784 nobis
2311 731 2573 788 arborem
2620 718 2928 818 suscitavit,
2976 737 3217 794 radicem
3266 726 3439 804 Iesse:
3466 718 3703 818 δίψης

2115 820 2290 893 virga,
2319 839 2442 894 quae
2471 812 2754 880 Christum
2784 818 2975 882 ﬂorém
3008 812 3521 885 immarcescibiiem
3569 812 3700 903 pro-

2114 912 2275 968 duxit
2296 914 2337 969 ³.
2367 914 2503 982 Quis
2535 932 2647 972 non
2675 906 2861 973 animo
2891 919 3171 977 exsultet?
3199 919 3333 987 Quis
3355 922 3554 991 spiritu
3584 939 3700 980 non

2113 1004 2336 1061 laetetur
2364 1007 2388 1061 ?
2413 1006 2550 1075 Quis
2578 1025 2689 1065 non
2722 1011 2951 1082 mystice
2972 1011 3315 1083 congaudeat
3341 1028 3407 1068 ac
3423 1014 3697 1084 jucunde-

2114 1094 2252 1148 tur?
2274 1094 2407 1162 Quis
2449 1113 2561 1151 non
2590 1096 2746 1154 festis
2779 1099 2996 1169 gaudiis
3027 1099 3291 1166 celebret,
3314 1101 3445 1157 dum
3464 1101 3696 1158 salutem

2115 1187 2173 1243 in
2202 1188 2315 1245 Deo
2338 1190 2803 1260 praedestinatam,
2821 1208 2885 1248 ac
2910 1208 3011 1263 per
3032 1210 3131 1250 ora
3152 1194 3546 1271 prophetarum
3561 1212 3697 1267 prle—

2113 1279 2448 1348 nuntiatam,
2508 1283 2567 1339 in
2609 1293 2862 1355 apertum
2910 1287 3024 1359 jam
3073 1295 3336 1343 eventum
3392 1270 3696 1362 procedere

2113 1371 2432 1444 conspicit?
2914 1358 2919 1359 ί
3294 1374 3299 1383 '
3392 1358 3412 1362 ”
3586 1358 3597 1379 ί

2184 1552 2375 1608 Omnis
2408 1563 2661 1609 creatura
2692 1558 2895 1612 choros
2953 1567 3098 1630 agat.
3128 1559 3319 1616 Omnis
3368 1566 3516 1616 terra
3561 1577 3689 1617 eum

2111 1640 2300 1697 latitia
2347 1645 2548 1699 clamet
2594 1655 2651 1699 et
2678 1648 2938 1712 exsultet,
2984 1650 3130 1718 quod
3161 1652 3272 1722 jam
3333 1651 3688 1721 pharmacum

2110 1735 2469 1806 germinarit,
2509 1754 2622 1809 quo
2669 1741 2885 1797 sublata
2930 1752 3016 1799 est
3064 1731 3350 1815 originalis
3404 1746 3627 1801 tristitia
3673 1765 3688 1801 :

2111 1825 2261 1896 quod
2290 1833 2491 1897 praesto
2529 1838 2635 1896 est,
2670 1846 2782 1900 quo
2841 1846 3036 1903 magna
3086 1834 3185 1889 Dei
3222 1850 3352 1906 erga
3376 1851 3479 1892 nos
3503 1837 3693 1906 provi-

2038 1912 2083 1967 B
2109 1915 2297 1972 dentia
2341 1917 2628 1974 aboleatur
2682 1921 2992 1990 primorum
3042 1932 3335 1994 parentum
3381 1926 3693 1985 maledictio

2108 2007 2223 2072 illa,
2271 2008 2361 2063 cui
2392 2007 2693 2064 obnoxium
2722 2010 2928 2066 factum
2960 2011 3143 2067 fuerat
3171 2015 3490 2070 universum
3521 2031 3696 2085 genus

2106 2104 2466 2158 mortalium:
2521 2105 2739 2176 taleque
2795 2106 2955 2162 nobis
3004 2107 3171 2163 hodie
3208 2109 3429 2164 caelitus
3484 2109 3717 2165 donum.

2106 2205 2466 2267 praerogatur,
2501 2205 2564 2251 ut
2602 2198 2807 2253 nedum
2833 2198 3149 2255 maledictio
3172 2199 3265 2256 illa
3287 2200 3691 2273 exstinguatur,

2104 2289 2203 2346 sed
2242 2298 2301 2345 et
2318 2290 2499 2346 omnis
2525 2290 2689 2347 nobis
2714 2300 2913 2347 natura
2936 2292 3320 2360 benedicatur,
3341 2294 3692 2351 destruatur-

2104 2397 2213 2452 que
2231 2382 2439 2438 veteris
2499 2381 2806 2439 inimicitiae
2838 2385 3056 2441 medius
3114 2386 3322 2455 paries,
3373 2402 3441 2444 ac
3466 2387 3693 2445 dilectio

2103 2474 2279 2530 Deum
2315 2477 2461 2531 inter
2513 2485 2572 2532 et
2627 2476 2881 2533 homines
2925 2493 3141 2549 paxque
3170 2476 3408 2535 oriatur.

2175 2566 2447 2623 Jeremias
2483 2568 2708 2639 quidem
2745 2570 3142 2639 prophetarum
3199 2570 3692 2628 miserantissimus

2104 2672 2170 2714 ac
2196 2658 2598 2727 divinissimus,
2633 2676 2832 2731 aquam
2879 2661 3044 2731 capiti
3074 2662 3244 2732 petit,
3291 2673 3482 2733 '-atque
3515 2664 3690 2719 oculis

2100 2751 2314 2813 fontem
2340 2753 2734 2826 iacrymarum,
2756 2763 2817 2810 ut
2845 2769 2945 2824 pro
2959 2754 3170 2809 meritis
3194 2753 3474 2811 infelicem
3504 2755 3687 2825 lugeat

2103 2846 2363 2902 lsraeiem
2394 2846 2418 2877 ‘
2447 2863 2463 2912 ;
2497 2846 2634 2901 mihi
2679 2861 2815 2902 vero
2833 2846 2961 2917 quis
3009 2846 3165 2901 dabit
3183 2845 3337 2901 cordi
3371 2845 3687 2901 divinorum

2102 2935 2314 2992 fontem
2339 2946 2673 3007 conceptum
2704 2945 2871 3006 atque
2892 2952 3202 3004 sensorum,
3230 2936 3527 3007 verbisque
3541 2936 3685 2993 facili

2102 3029 2328 3101 lenique
2361 3045 2501 3086 vena
2554 3029 2917 3087 detinentium
2991 3030 3285 3086 ﬂuminum
3336 3032 3572 3101 copiam,
3626 3040 3686 3086 ut

2103 3122 2392 3193 praesentis
2418 3121 2603 3191 gaudii
2640 3137 2897 3193 magnum
2926 3122 3097 3178 decus
3139 3122 3453 3188 enuntiare,
3483 3123 3687 3178 divini-

2103 3230 2214 3284 que
2241 3215 2422 3286 magni
2459 3213 2592 3269 doni
2628 3215 3013 3269 excellentiam
3046 3214 3273 3271 laudare
3296 3216 3508 3270 valeam
3532 3215 3556 3268 ?
3576 3230 3685 3269 non

2100 3326 2169 3365 ex
2197 3308 2466 3380 dignitate
2494 3307 2620 3379 (nec
2642 3307 2792 3362 enim
2821 3307 2903 3362 sic
2928 3307 3154 3362 laudare
3184 3323 3505 3363 concessure
3532 3307 3638 3377 est)
3667 3346 3685 3371 ,

2102 3400 2198 3457 sed
2231 3409 2500 3471 quantum
2526 3410 2644 3456 tum
2669 3399 2807 3454 mihi
2828 3399 3055 3455 laudare
3080 3399 3235 3465 licet,
3265 3409 3382 3454 tum
3407 3400 3689 3455 auditores

2101 3507 2303 3563 capere
2329 3501 2583 3563 possunt.
2640 3491 2770 3547 Dies
2797 3491 2998 3546 natalis
3022 3498 3129 3553 est,
3160 3491 3324 3547 amici
3358 3492 3371 3545 i
3409 3507 3574 3561 quam
3597 3506 3689 3545 ce-

2100 3584 2412 3640 lebritatem
2468 3583 2702 3655 agimus,
2756 3583 2945 3638 Mariae
2996 3581 3200 3647 natale,
3235 3598 3305 3638 ex
3365 3598 3474 3653 qua
3527 3581 3689 3637 nobis

2102 3684 2292 3746 postea
2315 3674 2573 3731 Christus
2588 3675 2734 3731 Deus
2764 3684 3024 3731 nascetur
3049 3691 3065 3741 ;
3105 3675 3227 3745 ejus
3256 3674 3539 3736 nimirum,
3566 3666 3689 3744 qua:

2103 3768 2224 3824 sine
2259 3768 2491 3834 semine,
2540 3768 2867 3829 intemerate
2923 3767 3075 3821 omni
3128 3767 3308 3839 majus
3371 3766 3687 3821 substantia

2101 3863 2348 3920 Verbum
2378 3861 3011 3932 incomprehensnmque
3029 3868 3086 3916 et
3111 3860 3517 3930 incorporeum,
3569 3875 3691 3915 cor-

2100 3969 2287 4025 porea:
2310 3961 2624 4023 nostraeque
2649 3966 2714 4007 ac
2751 3952 3008 4006 humana:
3033 3951 3224 4005 forma:
3247 3959 3308 4005 ut
3330 3950 3687 4014 coalesceret,

2100 4044 2256 4101 fecit.
2318 4044 2494 4115 Hujus
2516 4043 2700 4098 natale
2724 4041 3055 4099 celebraturi
3083 4041 3250 4097 hodie
3289 4039 3649 4097 convenimus
3667 4076 3688 4105 ,

2103 4146 2165 4192 ut
2210 4135 2331 4208 eius
2380 4134 2717 4206 magnalium
2760 4131 3389 4196 exordiumlaudemus,
3445 4146 3568 4202 quae
3627 4130 3685 4185 in

2100 4243 2187 4295 ea,
2256 4229 2350 4299 qui
2419 4237 2618 4298 potens
2671 4236 2759 4284 est
2796 4227 2840 4294 ⁵,
2869 4241 3144 4297 propensa
3164 4225 3451 4281 voluntate
3499 4224 3687 4279 facere

2098 4322 2297 4381 voluit.

2174 4424 2314 4482 Cum
2366 4423 2513 4479 enim
2547 4424 2719 4478 multa
2767 4430 2825 4478 et
2874 4422 3108 4489 infinita,
3134 4437 3198 4478 ac
3221 4438 3343 4492 quae
3369 4422 3556 4477 nullus
3596 4438 3687 4478 re—

2101 4517 2245 4573 ferre
2297 4515 2494 4587 possit,
2539 4514 2594 4569 in
2646 4530 2712 4570 ea
2757 4514 2972 4570 detecta
3017 4513 3130 4570 sint
3176 4512 3463 4583 magniﬁca
3519 4528 3686 4582 opera

412 4608 557 4663 τοῦτο
580 4609 813 4680 πρῶτον
833 4608 928 4661 καὶ
949 4605 1424 4677 θαυμασιώτατον,
1448 4607 1544 4662 τὸν
1562 4606 1881 4679 ὑπερφυοῦς
1899 4609 1997 4680 τῆς

2102 4616 2268 4677 atque
2312 4619 2566 4670 munera,
2599 4602 2840 4674 primum
2881 4602 3025 4658 istud
3074 4601 3683 4670 mirabilissimumque,

404 4704 718 4774 γεννήσεως
741 4699 950 4770 τρόπον
969 4697 1263 4770 ὑπερφυῶς
1295 4697 1787 4767 προκατεϐάλλετο.
1820 4699 1998 4753 Ἀνω-

404 4794 494 4848 θεν
514 4795 630 4866 γάρ
662 4795 705 4861 ή
738 4791 903 4861 σοφία
929 4791 1034 4864 πρὸ
1057 4790 1272 4845 αἰώνων
1300 4791 1402 4854 τὰς
1432 4791 1541 4844 τῶν
1570 4792 1873 4863 γινομένων
1906 4793 1997 4846 ὲκ-

403 4888 591 4949 eam;
624 4882 950 4956 προορῶσα,
980 4882 1262 4950 ἀναλόγως
1302 4882 1419 4945 τοῖς
1451 4881 1662 4936 τέλεσιν
1706 4881 1999 4937 ὑποϐάλλει

401 4982 496 5033 καὶ
519 4978 625 5041 τὰς
649 4976 855 5049 ἀρχάς.
894 4975 1111 5051 Ἐπειδὴ
1134 4971 1231 5029 οὖν
1267 4974 1495 5045 ἔμελλεν
1529 4974 1592 5028 οὑ
1629 4977 1812 5047 μήτηρ
1838 4974 1999 5046 μόνον

401 5071 749 5144 χρηματίσαι
774 5066 944 5141 οΘεοὺ,
975 5067 1241 5148 ἀλλὰκαὶ
1286 5067 1532 5138 θυγάτηρ
1586 5067 1731 5121 κατά
1775 5066 1995 5138 πνεῦμα

401 5163 705 5228 υἱοθεσίας,
770 5159 907 5214 ἀλλά
954 5159 1047 5213 καὶ
1097 5159 1314 5230 βασιλὶς
1360 5160 1456 5213 καὶ
1503 5158 1668 5231 κυρία
1713 5159 1824 5213 τῶν
1856 5158 1995 5214 ὅλων

401 5244 887 5325 ἀναρρηθήσεσθαι
912 5291 929 5318 ,
979 5248 1089 5304 διά’
1111 5252 1212 5321 τῆς
1260 5250 1685 5321 ὑπεραγνὼστου
1732 5244 1874 5322 πρὸς
1906 5244 1994 5305 τὸν

398 5345 526 5399 Υἱόν
550 5345 827 5415 ὑψώσεως
854 5344 948 5397 καὶ
969 5345 1285 5414 ἀναγωγῆς,
1311 5343 1399 5397 διὰ
1423 5328 1583 5397 τοῦτο
1615 5344 1706 5398 καὶ
1739 5344 1773 5415 ἠ
1809 5344 1997 5415 σύλλη-

397 5440 489 5510 ψις
538 5422 713 5502 εὑθὺς
760 5438 908 5511 ξένη,
940 5441 1036 5492 καὶ
1066 5441 1099 5510 ἡ
1138 5438 1271 5509 πρὸς
1301 5439 1393 5494 τδν
1419 5439 1534 5509 βίον
1570 5439 1744 5509 αὐτῆς
1790 5440 1994 5500 εἴσοδος

400 5534 784 5603 καινοπρεπής
805 5544 825 5561 ο
865 5530 953 5584 διὰ
977 5531 1087 5583 τῶν
1119 5531 1357 5602 ἡττόνων
1398 5518 1545 5603 ’πρὸς
1564 5516 1690 5603 ’τὴν
1731 5532 1840 5585 τῶν
1870 5549 1991 5603 μει-

399 5622 572 5685 ζόνων
600 5622 781 5693 αὐτὴν
816 5622 1136 5676 όδοποιοῦσα
1187 5623 1390 5679 πίστιν.
1434 5612 1586 5680 Ἔδει
1630 5624 1741 5696 γὰρ
1778 5625 1989 5679 οἴκοθεν

398 5714 600 5788 ἔχουσα
754 5712 850 5769 τοῦ
873 5714 1011 5770 Θεοῦ
1037 5715 1323 5786 δυνάμεως
1364 5716 1434 5771 τὰ
1448 5704 1859 5788 ὑποδείγματα,
1893 5719 1988 5773 καὶ

455 5898 479 5928 ’
529 5894 671 5953 Luc.
710 5912 749 5963 ι,
780 5897 872 5953 69.

950 5896 969 5928 '
1000 5896 1104 5952 lsa.
1138 5912 1197 5963 ιι,
1223 5897 1309 5952 10.
1390 5895 1635 5953 διετεω.
1673 5913 1745 5964 lx,
1780 5897 1826 5951 l.

2093 4710 2245 4762 eum,
2288 4695 2384 4767 qui
2459 4707 2714 4751 naturam
2765 4710 2984 4750 omnem
3043 4693 3284 4755 excedit,
3322 4692 3685 4760 divinumque

2094 4791 2299 4847 altiore
2310 4805 2476 4861 supra
2503 4797 2756 4843 naturam
2773 4787 2936 4843 modo
2957 4787 3307 4857 diviniusque
3320 4785 3685 4856 praestruebat
3796 4842 3801 4847 ,

2094 4885 2399 4941 nativitatis
2420 4883 2667 4938 modum.
2720 4881 2999 4952 Sapientia
3022 4880 3194 4947 enim,
3211 4880 3323 4951 jam
3341 4876 3455 4933 tum
3480 4895 3510 4932 a
3533 4879 3684 4948 prin-

2097 4978 2245 5049 cipio
2287 4986 2416 5033 ante
2442 4976 2664 5041 saecula,
2697 4988 2890 5030 eorum
2934 4990 3057 5045 qua:
3113 4975 3248 5028 liant
3275 4970 3507 5027 eventus
3541 4986 3682 5042 pra:-

2095 5072 2314 5136 videns,
2369 5086 2471 5142 pro
2497 5069 2691 5125 (inium
2722 5069 2937 5123 ratione
2956 5082 3197 5138 congrue
3246 5065 3516 5137 principia
3549 5063 3681 5117 sub-

2098 5164 2201 5220 dit.
2248 5161 2406 5230 Quod
2438 5162 2605 5233 igitur
2628 5160 2876 5215 i'uturum
2903 5167 3124 5225 erat,ut
3150 5157 3353 5212 nedum
3384 5155 3483 5210 Dei
3508 5154 3680 5209 Mater

2097 5255 2337 5319 audiret,
2367 5254 2467 5311 sed
2497 5261 2554 5309 et
2582 5251 2694 5307 ﬁlia
2719 5252 3024 5307 secundum
3057 5250 3312 5320 spiritum
3367 5243 3680 5315 adoptionis

2098 5342 2359 5410 ﬁliorum,
2400 5345 2495 5400 sed
2537 5354 2596 5400 et
2632 5343 2822 5416 regina
2851 5351 3019 5413 atque
3047 5341 3268 5396 domina
3296 5339 3677 5393 universorum

2097 5440 2497 5505 celebraretur,
2546 5453 2647 5509 per
2673 5436 3077 5509 ignotissimum
3101 5450 3170 5489 ex
3194 5431 3321 5487 Filii
3362 5427 3675 5485 rationibus

2092 5531 2478 5590 exaltationcm
2511 5530 2825 5599 celsamque
2855 5524 3242 5587 elevationem,
3278 5521 3487 5576 idcirco
3505 5518 3677 5581 etiam

2097 5624 2388 5696 conceptio
2409 5624 2594 5678 statim
2638 5638 2801 5687 nova,
2831 5621 3062 5692 ejusque
3110 5620 3169 5674 in
3196 5615 3365 5671 vitam
3393 5614 3675 5685 ingressus

2097 5719 2233 5774 mira
2283 5725 2435 5772 extra
2463 5731 2621 5770 usum
2654 5714 2909 5779 ratione;
2967 5725 3081 5781 quo
3106 5707 3368 5766 nimirum
3393 5723 3457 5764 ex
3492 5704 3673 5762 mino-

1932 5899 1953 5931 ⁵
1984 5895 2117 5955 Luc.
2150 5916 2163 5953 ι
2194 5898 2280 5952 lli).
