4108 6432
423 420 502 488 23
1634 412 1934 479 meum
1968 402 2497 479 PAPHLAGONIS
3625 382 3715 487 εἰ

427 547 581 607 tutel,
614 538 777 605 etiam
805 535 928 592 aliis
958 543 1083 591 ante
1114 553 1197 591 me
1237 535 1458 608 perinde
1498 530 2006 600 laborantibusJor-

2118 531 2228 601 τῆς
2255 533 2513 603 ἀμέτρου
2541 535 2992 607 φιλανθρωπίας
3014 532 3384 604 ἐπιλήσομαι
3399 550 3414 565 °
3437 520 3579 591 οἵδιῖ
3594 524 3705 611 γὲὰρ

427 636 654 705 titerque
681 629 1075 697 invocantibus,
1096 628 1305 699 placide
1354 629 1662 693 attendisse,
1710 644 1773 682 ac
1827 626 2012 681 statim

428 727 679 800 fecundas
698 724 1007 781 reddidisse.
1028 720 1148 777 Scio
1164 730 1213 776 et
1234 724 1450 778 Annam
1466 721 1696 777 alteram
1711 718 2012 776 sterilitatis

426 822 649 879 dedecus
676 821 922 885 evasisse,
966 820 1061 875 hoc
1102 816 1278 873 solum
1303 817 1442 889 quod
1489 815 1558 870 ad
1594 822 1644 869 te
1680 811 2010 868 clamaverit.

427 914 497 968 Et
519 928 678 978 nunc,
714 911 938 966 Domine
975 911 1118 966 Dens
1152 926 1317 975 meus,
1364 928 1383 961 ι
1414 909 1488 964 Tu
1527 908 1666 962 idem
1707 907 1818 977 ipse
1854 920 1928 968 es,
1962 911 2011 957 et

427 1008 561 1064 anni
583 1006 661 1061 tui
694 1022 799 1060 non
822 1004 1174 1074 deﬁcient“,i
1195 1014 1246 1059 et
1276 1000 1650 1058 misericordite
1675 1008 1776 1052 tua:
1788 1013 1890 1051 non
1910 998 2014 1050 mi-

427 1112 675 1165 nuentur,
702 1107 1038 1169 prompteque
1061 1114 1154 1169 per
1182 1113 1341 1168 quam
1379 1095 1515 1150 bona
1550 1093 1691 1146 dona
1723 1102 1816 1144 tua
1856 1090 2013 1159 digne

426 1191 717 1259 petentibus
758 1200 1102 1261 prwstantur.
1121 1189 1243 1260 Ipse
1264 1202 1472 1258 quoque
1496 1184 1634 1255 quod
1673 1182 1850 1237 liberis
1881 1181 2012 1236 orba

424 1299 567 1350 sum,
607 1300 782 1338 meam
831 1283 989 1351 aufer
1030 1282 1399 1344 sterilitatem,
1441 1289 1500 1333 ut
1548 1287 1599 1331 et
1650 1277 1707 1330 in
1735 1292 1817 1330 me
1846 1275 2013 1330 clari-

426 1375 625 1447 ficeris.
660 1374 779 1430 Non
809 1375 948 1430 enim
970 1373 1101 1429 mihi
1147 1373 1267 1429 erit.
1299 1371 1391 1440 qui
1419 1378 1667 1424 nascetur
1699 1367 1901 1437 infans,
1919 1364 2012 1421 sed

427 1480 519 1522 tuo
555 1467 761 1521 nomini
793 1474 995 1536 tuaque
1014 1472 1215 1521 saneta
1245 1464 1427 1519 domui
1468 1477 1683 1516 sacrum
1722 1459 2011 1516 donarium

426 1563 646 1617 sistetur
672 1560 740 1615 ".

487 1823 567 1878 Ac
594 1822 672 1878 illi
708 1822 934 1893 quidem
967 1822 1021 1876 in
1057 1820 1146 1877 his
1167 1829 1348 1886 erant,
1383 1819 1517 1890 quid
1567 1833 1700 1873 vero
1731 1817 1827 1889 qui
1858 1824 2008 1873 totus

417 1916 739 1973 misericors
771 1925 876 1981 est,
904 1916 1171 1971 Dominus
1200 1914 1225 1968 ’ί
1251 1914 1346 1987 qui
1388 1913 1520 1968 facit
1542 1913 1726 1969 omnia
1751 1922 1807 1969 et
1825 1921 2009 1967 trans-

419 2018 598 2066 mutat
621 2009 679 2064 in
708 2009 910 2064 melius
933 2008 958 2062 ?
981 2008 1078 2079 qui
1111 2016 1427 2064 sanctorum
1450 2022 1677 2063 suorum
1710 2005 2008 2077 petitiones

419 2110 477 2158 et
506 2102 744 2174 cogitata
768 2100 1281 2172 superabundanter
1300 2100 1432 2157 facit
1460 2100 1544 2154 “?
1568 2099 1709 2156 Num
1728 2100 2004 2171 justorum

418 2194 877 2266 supplicationem
919 2193 1172 2263 sprevit?
1204 2194 1316 2249 Aut
1359 2191 1602 2249 attendit
1630 2193 1856 2263 quidem
1895 2194 2006 2249 cla-

420 2286 586 2351 mori,
603 2284 811 2341 donum
847 2295 1030 2341 tamen
1054 2286 1111 2340 in
1134 2294 1349 2356 tempus
1367 2284 1580 2341 donans
1603 2284 1819 2343 distulit
1846 2286 1870 2341 ?
1896 2287 2007 2344 Aut

419 2378 605 2436 statim
628 2377 851 2451 quidem
870 2377 1058 2445 donat,
1083 2376 1354 2449 ejusmodi
1377 2386 1558 2432 tamen
1588 2375 1820 2445 donum,
1843 2379 2005 2449 quale

417 2471 682 2543 petebant
735 2470 929 2525 tribuit
966 2468 1494 2542 ‘Hlaudquaquam;
1554 2468 1652 2527 sed
1708 2471 2007 2542 respondet

416 2563 640 2633 quidem
677 2561 860 2618 statim
879 2560 1057 2633 angeli
1076 2564 1250 2617 sancti
1279 2577 1435 2628 voce,
1471 2577 1537 2617 ac
1561 2562 1789 2617 oraculo
1814 2562 2002 2629 edicit,

416 2652 537 2708 fore
575 2653 748 2710 utDei
776 2653 959 2725 puella
986 2652 1333 2725 concipiatur
1360 2663 1527 2724 atque
1554 2663 1820 2710 nascatur
1851 2673 1864 2710 :
1889 2654 2008 2711 edi-

416 2745 578 2804 citet
624 2744 761 2802 clari
781 2745 1025 2803 nominis
1055 2746 1298 2803 futuram
1323 2745 1378 2802 in
1414 2762 1608 2803 omnes
1635 2746 1773 2804 lines
1820 2757 2003 2805 teme.

414 2839 461 2895 0
483 2830 611 2896 fidei
670 2826 1053 2896 fortitudinem
1082 2841 1095 2895 l
1125 2855 1159 2895 ο
1186 2838 1455 2895 Altissimi
1485 2840 1693 2895 donum
1750 2838 2005 2911 magniﬁ-

415 2945 542 2988 cum
574 2930 586 2985 l
616 2930 697 2986 Illi
727 2931 951 3002 quidem
982 2931 1270 3002 desperata
1304 2939 1520 2995 natura,
1556 2947 1621 2987 ea
1646 2940 1844 3002 petunt
1882 2948 2005 3002 qua:

413 3031 669 3079 naturam
692 3024 1000 3091 excedunt;
1034 3023 1082 3080 is
1106 3039 1240 3079 vero
1273 3023 1506 3096 gratiam
1559 3022 1777 3091 tribuit,
1808 3040 2002 3081 emen-

413 3115 635 3171 dantem
654 3116 802 3186 quod
826 3116 934 3172 illis
966 3116 1150 3172 inerat
1164 3116 1385 3171 vitium.
1413 3115 1493 3193 Ac
1510 3106 1739 3186 quidem
1761 3100 1838 3170 illi
1868 3133 2001 3187 pro-

2115 620 2205 679 ὅτι
2241 625 2341 679 καί
2367 625 2586 694 ἄλλαις
2609 628 2724 696 πρὸ
2753 624 2901 697 ἐμοῦ
2951 624 3025 679 τὰ
3047 623 3156 679 ἶσα
3188 625 3549 693 παθούσαις,
3604 629 3704 685 καὶ

2118 720 2381 791 ἰσχυρῶς
2432 722 2998 792 ἑπικαλεσαμέναις,
3038 718 3293 792 εὐμενὲς
3334 724 3702 797 προσέσχες,

2110 814 2209 867 καὶ
2265 817 2690 885 καρπογόνους
2764 815 3090 880 ἀπέδειξας
3162 806 3466 883 παραυτά.
3560 806 3706 872 Οἶδα

2114 906 2213 961 καί
2267 907 2468 978 ἄλλην
2503 910 2734 964 Ἀνναν
2778 907 3125 977 ὀνειδισμὸν
3167 907 3455 975 ἀτεκνίας
3486 909 3705 976 δραπε-

2113 1000 2447 1064 τεύσασαν,
2502 1002 2604 1056 ἵνα
2642 1003 2836 1070 μόνον
2861 1000 3074 1071 ,βοήσῃ
3100 1000 3251 1070 πρὸς
3275 999 3373 1056 σέ.
3420 1002 3531 1057 Kal
3564 994 3704 1069 νῦν,

2112 1092 2290 1159 Κύριε
2317 1094 2353 1146 ό
2390 1094 2533 1160 Θεός
2555 1111 2698 1162 μου,
2744 1112 2765 1146 ι
2795 1093 2880 1147 Σὺ
2904 1092 3088 1158 αὐτὸς
3115 1088 3189 1158 εἴ,
3225 1095 3322 1148 καί
3358 1092 3431 1148 τὰ
3449 1093 3556 1163 ἔτή
3583 1112 3703 1151 σου

2112 1181 2225 1239 οὐκ
2239 1183 2598 1239 ἐλλείπουσι
2608 1202 2627 1236 ι
2638 1227 2654 1248 ,
2670 1183 2770 1237 καί
2785 1184 2858 1239 τὰ
2874 1182 3018 1252 ὲλέη
3030 1199 3148 1238 σου
3159 1186 3273 1239 οὐκ
3283 1183 3703 1252 ἐλαττονοῦσι,

2113 1276 2213 1349 καί
2244 1273 2318 1330 τὰ
2366 1275 2680 1348 starde
2706 1292 2824 1332 σου
2846 1275 3009 1345 δῶρα
3032 1277 3160 1344 τοῖς
3200 1277 3383 1344 ἀξίως
3428 1274 3706 1333 αἰτοῦσιν

2113 1368 2361 1440 ἑτοίμως
2404 1369 2947 1440 ἐπιχορηγοῦνταιθ
3000 1368 3190 1436 αὐτὸς
3241 1371 3342 1425 καί
3406 1359 3525 1439 τὴν
3551 1370 3705 1440 ἐμὴν

2112 1461 2429 1526 ἀτεκνίαν;
2452 1460 2571 1531 τὴν
2592 1462 2751 1533 ἐμὴν
2806 1463 3049 1534 aspicis
3098 1450 3444 1534 orelpwo'w,
3479 1463 3581 1517 Ira
3606 1462 3703 1519 καί

2111 1553 2184 1607 ἐν
2229 1552 2363 1624 ἐμοὶ
2404 1554 2741 1623 δοξασθῇς.
2775 1556 2861 1611 Οὐ
2911 1554 3023 1626 γὰρ
3050 1554 3183 1625 ἐμοὶ
3227 1555 3297 1610 τὸ
3328 1555 3702 1624 τικτόμενον,

2112 1644 2277 1699 ἀλλὰ
2300 1643 2380 1709 τῷ
2411 1643 2503 1711 σῷ
2517 1645 2763 1716 ὀνόματι
2791 1644 2890 1701 καί
2911 1645 2993 1714 τῷ
3022 1647 3170 1718 ἁγίῳ
3199 1661 3318 1701 σου
3339 1646 3485 1714 alno)
3513 1662 3703 1718 προσ-

2113 1736 2496 1808 αναθήσομαι
2529 1738 2722 1805 τούτῳ
2752 1738 2953 1794 δοτόν.

2186 1832 2250 1885 Ol
2283 1832 2382 1902 μὲν
2408 1826 2502 1887 οὖν
2522 1831 2582 1884 ὲν
2614 1832 2828 1895 τούτοις
2854 1828 3013 1900 ἦσαν,
3046 1830 3098 1883 τί
3118 1816 3174 1883 δὲ
3212 1831 3241 1883 ὁ
3270 1820 3703 1899 πανοικτίρμων,

2113 1924 2318 1997 Κύριος
2342 1966 2358 1992 ,
2398 1926 2427 1979 ὁ
2461 1924 2635 1978 ποιῶν
2680 1924 2860 1978 πάντα
2901 1926 2994 1976 καὶ
3044 1919 3471 1993 μετασκευάζων
3518 1920 3611 1974 ἐπὶ
3641 1918 3707 1974 τδ

2112 2016 2318 2088 βέλτιον
2339 2058 2356 2085 ,
2387 2017 2415 2070 ὁ
2441 2013 2914 2086 ὑπερεκπερισσοῦ
2962 2011 3033 2067 τὰ
3082 2014 3362 2083 αἰτήματα
3402 2011 3509 2065 τῶν
3533 2012 3706 2078 ἁγίων

2110 2108 2276 2163 αὑτοῦ
2317 2108 2410 2162 καὶ
2442 2108 2514 2162 τά
2541 2109 2791 2179 νοήματα
2822 2106 3026 2175 ποιῶν;
3065 2102 3175 2177 ἄρα
3216 2105 3438 2177 παρεῖδε
3485 2103 3594 2158 τῶν
3623 2103 3708 2157 δι-

2111 2199 2283 2254 καίων
2310 2198 2409 2270 τὴν
2455 2197 2778 2271 ίκετηρίαν;
2824 2196 2858 2268 ἢ
2895 2195 3167 2268 προσέσχε
3215 2194 3313 2265 μὲν
3354 2197 3420 2265 τῇ
3462 2192 3706 2264 κραυγῇ,

2110 2293 2410 2365 ὑπερέθετο
2434 2293 2489 2345 δὲ
2523 2293 2603 2357 είς
2645 2290 2874 2362 χρόνους
2926 2289 3027 2360 τὴν
3082 2286 3394 2359 δωρεάνςῆ
3450 2284 3706 2358 δωρεῖται

2076 2386 2213 2457 ’μὲν
2231 2385 2416 2452 εὐθὺς,
2446 2376 2704 2455 τοιαύτην
2747 2384 2803 2437 δὲ
2828 2383 2948 2437 οἵαν
2989 2382 3217 2455 ᾐτοῦντο
3272 2380 3421 2435 δόσιν
3463 2378 3706 2457 ὲπεὸράτ

2109 2453 2329 2543 δευσενς
2367 2475 2637 2547 Οὐδαμῶς
2660 2453 2675 2504 λ
2698 2474 2862 2555 ,ἀλλὰ
2903 2453 3237 2545 χρηματίζει
3271 2470 3371 2544 μὲν
3398 2470 3597 2525 αὐτίκα
3632 2453 3705 2524 δι’

2109 2568 2343 2638 ἀγγέλου
2375 2568 2560 2640 φωνῆς
2594 2566 2776 2636 ἁγίου,
2808 2565 2910 2637 τῆς
2961 2566 3248 2627 θεόπαιδος
3303 2563 3403 2636 τὴν
3440 2560 3704 2634 σύλληψιν

2110 2648 2205 2717 παὶ
2233 2660 2332 2733 τὴν
2360 2659 2616 2727 ἀπότεξιν
2639 2676 2656 2692 ο
2693 2660 3028 2732 χρηματίζει
3060 2657 3119 2713 δὲ
3175 2657 3347 2727 αὐτὴν
3398 2654 3703 2727 ὀνομαστὴν

2108 2754 2439 2826 γενήσεσθαι
2467 2754 2595 2826 ἄχρι
2644 2753 2937 2826 τερμάτων
2989 2752 3091 2822 τῆς
3117 2751 3242 2822 γῆς.
3295 2752 3359 2803 Ὦ
3391 2750 3488 2819 τῆς
3516 2746 3703 2819 text-oc

2106 2850 2207 2922 τῆς
2240 2847 2510 2913 πίστεωςί
2542 2844 2588 2901 ὣ
2609 2847 2709 2918 τῆς
2749 2846 3011 2918 Ὑψίστου
3047 2841 3485 2917 μεγαλώωρεᾶςί
3522 2841 3570 2894 oi
3602 2839 3701 2909 μὲν

2107 2924 2439 3011 ἀπογνόντες
2463 2941 2563 3013 τῆς
2598 2940 2837 3010 φύσεως,
2866 2939 2937 2995 τὰ
2962 2939 3103 3010 ὑπὲρ
3154 2937 3317 3007 φύσιν
3342 2930 3699 3001 ἐξαιτοῦνταν

2105 3035 2134 3087 ὁ
2170 3032 2227 3087 δὲ
2253 3031 2440 3086 δίδωσι
2466 3031 2648 3104 χάριν,
2670 3031 2733 3085 τὸ
2755 3029 2990 3092 ἐκείνοις
3033 3027 3260 3098 ἔλλειμα
3291 3021 3702 3109 διορθουμένην.

2115 3126 2226 3181 Καὶ
2250 3126 2301 3180 οἱ
2328 3127 2428 3197 μὲν
2476 3124 2667 3179 τέκνον
2723 3124 2914 3187 ἁπλῶς
2944 3122 3180 3185 αἰτοῦσι,
3238 3118 3300 3173 τὸ
3326 3117 3426 3186 τῆς
3454 3112 3707 3178 ἀπαιδίας

413 3205 521 3260 lem
554 3205 882 3276 simpliciter
915 3213 1134 3277 petunt,
1163 3215 1223 3263 et
1277 3215 1339 3262 ut
1382 3205 1440 3261 id
1490 3207 1599 3263 illis
1635 3207 1997 3278 opprobrium

2113 3217 2315 3281 ὄνειδος
2338 3206 2774 3290 ἀφαιρούμενον·
2815 3216 2844 3268 ὁ
2876 3213 2936 3268 δὲ
2979 3212 3077 3282 τὴν
3116 3209 3251 3264 ἰδίαν
3276 3208 3461 3270 αὐτοῖς
3485 3201 3709 3275 χαρίζεο

414 3298 720 3380 auferatur.
755 3297 905 3368 quod
932 3298 1024 3353 illa
1052 3298 1175 3354 orbi
1200 3308 1362 3366 sunt;
1393 3298 1439 3354 is
1463 3308 1648 3354 autem
1700 3313 1853 3355 suam
1895 3299 2005 3357 illis

2111 3318 2202 3369 ται
2230 3314 2492 3385 Μητέρα·
2523 3311 2584 3365 οὐ
2615 3309 2724 3363 τῶν
2753 3308 3025 3361 τεκόντων
3062 3304 3227 3374 μόνον
3266 3298 3577 3371 τὴνθλὶψιν
3612 3300 3705 3352 ζω-

414 3376 646 3464 largitur
674 3390 904 3447 Matrem
926 3408 941 3458 ;
963 3406 1074 3446 non
1096 3405 1220 3462 qua:
1250 3401 1543 3462 parentum
1578 3392 1846 3449 duntaxat
1864 3392 2004 3449 ami-

415 3482 657 3569 ctionem
680 3490 855 3550 sanet,
890 3482 985 3538 sed
1002 3498 1124 3554 qua:
1147 3483 1467 3565 universum
1483 3484 1786 3541 humanum
1830 3502 2006 3557 genus

416 3573 650 3644 Spiritali
681 3589 926 3644 veroque
958 3573 1163 3645 gaudio
1188 3574 1438 3645 impleat.

489 3665 617 3722 Haec
652 3666 917 3721 nimirum
939 3666 1143 3722 divina:
1171 3667 1356 3739 potius
1399 3669 1785 3742 promissionis
1809 3674 2001 3742 verbo,

417 3772 585 3828 quam
620 3767 835 3813 naturas
875 3759 1093 3815 ratione
1120 3758 1177 3814 in
1210 3760 1387 3816 sterili
1416 3772 1681 3832 concepta
1719 3774 1884 3836 atque
1911 3784 2007 3842 ge-

370 3842 389 3865 ’
419 3858 561 3905 stata
585 3858 767 3925 utero,
787 3850 876 3906 vel
895 3859 956 3905 ut
981 3851 1276 3923 lunaplena
1311 3851 1478 3909 hodie
1505 3869 1573 3910 ex
1600 3865 1849 3916 materno
1869 3876 2003 3918 exo-

420 3941 838 3998 riturtbalamo.
867 3941 1028 3999 Clare
1058 3943 1223 4000 hodie
1240 3944 1432 4001 videre
1465 3954 1550 4002 est
1572 3948 1727 4020 juxta
1753 3951 2003 4025 Prophe-

420 4042 488 4091 tte
517 4034 827 4100 oraculum,
862 4035 999 4091 oriri
1028 4036 1320 4092 veritatem
1347 4037 1415 4094 de
1448 4047 1612 4108 terra,
1646 4057 1711 4099 ac
1728 4044 2002 4117 justitiam

419 4126 488 4181 de
521 4125 663 4181 coelo
701 4126 1020 4197 prospicere
1047 4126 1114 4181 ".
1145 4126 1363 4185 Etenim
1402 4130 1671 4191 Dominus
1700 4137 2004 4196 ostendens

421 4218 490 4272 de
525 4218 672 4273 ccelo
720 4217 886 4289 digne
937 4220 1257 4290 petentibus
1312 4222 1581 4293 justitiam
1617 4243 1794 4298 suam,
1850 4212 2005 4288 dedit

418 4307 842 4379 benignitatem,
901 4310 1102 4367 divinas
1151 4314 1537 4382 promissionis
1562 4324 1731 4378 verbo
1777 4325 2004 4381 oraculo

420 4400 575 4455 edito
601 4418 619 4467 ;
650 4400 809 4456 Anna
834 4415 970 4456 vero
1003 4400 1100 4457 illo
1128 4402 1235 4460 ﬁde
1258 4417 1534 4480 suscepto,
1583 4427 1648 4467 ex
1686 4415 1851 4471 vulva
1881 4431 2000 4483 sua,

418 4495 575 4552 velut
589 4511 657 4552 ex
677 4506 845 4560 terra,
867 4499 1092 4553 oraculo
1103 4500 1421 4570 promissam
1437 4505 1724 4564 veritatem
1750 4510 1804 4565 in
1821 4504 2000 4567 lucem

2112 3408 2303 3479 μένην,
2333 3406 2451 3461 ἀλλ’
2474 3404 2603 3477 ὃλην
2631 3404 2741 3457 τῶν
2771 3400 3080 3472 ἀνθρώπων
3119 3396 3218 3467 τὴν
3248 3393 3412 3466 φύσιν
3458 3394 3705 3463 πνευμα-

2107 3500 2265 3572 τικῆς
2296 3499 2390 3555 καὶ
2417 3496 2654 3570 ἀληθοῦς
2680 3492 3003 3567 πληροῦσαν
3033 3490 3235 3562 χαρᾶς.

2176 3658 2328 3757 Ᾰῦτη
2356 3680 2435 3753 τῷ
2460 3681 2671 3752 ῥήματι
2689 3677 2792 3748 τῆς
2813 3670 3155 3744 ἐπαγγελίας
3180 3667 3275 3725 τοῦ
3313 3667 3451 3723 Θεοῦ
3481 3664 3704 3757 μᾶλλον,

2106 3767 2141 3849 ἢ
2164 3774 2241 3848 τῷ
2259 3755 2406 3844 λόγῳ
2433 3774 2537 3843 τῆς
2558 3768 2778 3841 φύσεως
2809 3767 2869 3819 ὲν
2892 3766 2961 3836 τῇ
2993 3761 3320 3849 στειρωτιτιῇ
3342 3755 3708 3849 συλληφθείσα

2104 3846 2641 3938 τιαὶῖκυοφορηθεϊσα
2669 3859 2893 3932 γαστρὶ,
2938 3855 3183 3929 σήμερον
3215 3846 3304 3906 οἷα
3347 3850 3547 3920 σελήνη
3578 3847 3709 3938 πλη-

2106 3933 2357 4030 σιφαὴςξ
2544 3951 2808 4022 θαλάμων
2877 3942 3221 4012 ὲξανατέλλει
3261 3939 3370 3994 τῶν
3401 3933 3705 4030 μητρικων.

2104 4023 2357 4124 Σήμερον
2389 4043 2649 4116 ἐναργῶς
2691 4039 2838 4094 ἔστιν
2873 4037 3028 4109 ὁρᾷν,
3057 4033 3202 4088 κατὰ
3229 4033 3333 4101 τὴν
3365 4023 3710 4124 προιρητιαὴν

2104 4118 2429 4213 θεηγορίαν,
2456 4134 2722 4208 ἀλήθειαν
2751 4130 2850 4204 μὲν
2902 4126 3302 4184 ἀνατέλλουσαν
3331 4124 3400 4178 ἐκ
3432 4122 3534 4192 τῆς
3567 4118 3704 4189 γῆς,

2106 4237 2172 4290 ὲκ
2204 4232 2303 4288 τοῦ
2349 4227 2588 4303 οὐρανοῦ
2635 4225 2694 4279 δὲ
2749 4224 2851 4295 τὴν
2882 4218 3233 4289 δικαιοσύνην
3281 4215 3707 4270 διακύπτουσαν.

2104 4327 2218 4382 Καὶ
2249 4324 2355 4395 γὰρ
2486 4320 2694 4391 Κύριος
2752 4314 2961 4369 ἀνωθεν
3006 4313 3107 4383 τὴν
3155 4306 3324 4363 αὐτοῦ
3365 4302 3711 4395 δικαιοσύνην

2105 4392 2559 4483 ἐπιδεικνύμενος
2599 4411 2714 4472 τοῖς
2744 4407 2912 4474 ἀξίως
2936 4406 3249 4476 αἰτήσασιν,
3277 4398 3447 4452 ἔδωκε
3473 4392 3711 4467 χρηστό-

2107 4527 2284 4583 τητα,
2314 4507 2376 4560 τὸ
2404 4506 2557 4576 ῥῆμα
2598 4501 2702 4570 τῆς
2748 4496 2900 4563 θείας
2933 4493 3269 4566 ἐπαγγελίας
3314 4487 3677 4583 χρηματίζων
3690 4500 3707 4517 ο

422 4588 596 4656 ducit,
624 4603 858 4659 eamque
892 4591 1107 4646 cunctis
1143 4596 1464 4654 mortalibus
1506 4600 1810 4657 animatum
1838 4612 2004 4673 atque

2114 4579 2286 4657 ’Ᾰννα
2313 4598 2372 4651 δὲ
2400 4597 2586 4649 πίστει
2610 4592 2771 4648 τοῦτο
2797 4589 3212 4660 καταδεξαμένη
3240 4627 3254 4650 ,
3290 4584 3478 4652 ὥσπερ
3512 4583 3576 4673 ἐτι
3607 4579 3712 4647 γῆς

420 4680 700 4763 νίνοιιιεω
747 4678 987 4737 fructum
1023 4683 1294 4754 producit.
1339 4688 1511 4747 Hodie
1542 4706 1666 4762 qua:
1703 4693 1878 4749 Mater
1908 4695 2007 4751 Dei

422 4774 726 4831 secundum
759 4777 1140 4849 carnem,ejus
1161 4795 1293 4839 vero
1319 4783 1428 4840 filia
1480 4787 1786 4841 secundum
1839 4787 2006 4857 spiri-

423 4864 1041 4959 tumsanctiﬂcationis,
1072 4873 1375 4933 naturalem
1407 4877 1636 4949 suscipit
1662 4888 1869 4944 ortum,
1909 4879 2011 4933 ho-

424 4958 700 5029 minisque
726 4958 857 5026 tilia,
896 4978 1018 5034 qua:
1039 4964 1202 5039 Regis
1226 4971 1406 5042 magni
1438 4970 1552 5027 lilia
1577 4972 1670 5036 sit,
1704 4971 1960 5026 noscitur
1988 4988 2003 5024 :

425 5067 490 5106 ac
511 5064 633 5141 qua}
660 5071 689 5107 a
711 5052 917 5111 dextris
934 5061 1132 5115 summi
1163 5064 1409 5119 omnium
1458 5064 1603 5135 regis
1637 5065 1692 5118 in
1719 5063 1879 5118 oculis
1912 5076 2006 5117 re-

424 5144 804 5227 ginaastitura
819 5155 922 5215 est,
958 5148 1014 5204 in
1041 5160 1184 5209 terra
1210 5155 1321 5226 jam
1343 5164 1505 5227 partu
1579 5154 1787 5220 editur,
1816 5148 2009 5208 Obste-

424 5236 662 5325 tricante
707 5253 869 5295 manu
916 5245 1236 5316 suscipitur,
1270 5248 1428 5317 aquis
1476 5246 1743 5310 abluitur,
1807 5244 2008 5314 pannis

425 5325 746 5394 involvitur,
768 5331 1145 5395 acinfantibus
1161 5339 1347 5394 debita
1373 5354 1509 5393 cura
1529 5337 1784 5392 fovetur:
1817 5345 2009 5405 etqum

421 5418 676 5499 "i'SiDaIi
709 5423 832 5480 sinu
873 5430 1185 5503 amplexum
1247 5438 1633 5505 exspectatur,
1676 5426 1858 5498 ipsum
1911 5430 2005 5498 qui

423 5510 623 5566 omium
692 5519 939 5577 continet
1000 5539 1065 5578 ac
1113 5525 1309 5587 Deum,
1361 5521 1636 5577 senilibus
1684 5520 1830 5574 ulnis
1862 5537 2012 5576 nunc

425 5601 746 5675 stringitur;
779 5602 1081 5684 soniliaque
1105 5617 1217 5687 jam
1250 5630 1317 5670 ac
1357 5623 1605 5668 materna
1635 5612 1775 5682 fugit
1811 5612 2006 5675 ubera,

424 5707 546 5762 ‘l'li’e
569 5700 794 5766 posthac
817 5705 1001 5761 divina
1028 5708 1267 5777 quadam
1287 5704 1504 5759 ratione
1529 5718 1658 5758 eum
1681 5703 1775 5771 qui
1792 5702 2008 5757 cunctis

423 5787 754 5850 animalibus
785 5814 966 5853 escam
997 5800 1228 5867 praebet.
1251 5797 1498 5853 lactavit.

499 5900 704 5980 “.Reg.
732 5928 768 5975 ι,
806 5913 861 5966 ll
888 5930 1037 5985 seqq.
1076 5916 1115 5945 ’³
1142 5914 1287 5969 Psal.
1326 5928 1397 5978 οι,
1430 5910 1520 5965 28.

2114 4690 2218 4765 τῆς
2244 4689 2455 4753 οἰκείας
2513 4687 2729 4759 μήτρας
2767 4687 2868 4755 τὴν
2912 4679 3399 4755 χρησμῳδοθεῖσαν
3448 4671 3711 4765 ἀλήθειαν

2115 4763 2352 4855 ἀνίσχει,
2387 4781 2484 4835 καὶ
2533 4778 2743 4851 ταύτην
2773 4779 2941 4831 πᾶσιν
3000 4771 3309 4843 ἀνθρώποις
3340 4766 3584 4838 ἔμψυχον
3616 4763 3711 4855 καί

2116 4852 2297 4944 ζῶντα
2313 4873 2607 4947 προόάλλει
2627 4871 2863 4942 καρπόν,
2888 4870 3141 4940 Σήμερον
3164 4867 3196 4935 ἡ
3220 4864 3424 4934 Μήτηρ
3452 4858 3549 4929 μὲν
3576 4852 3711 4909 Θεοῦ

2110 4970 2262 5025 ’κατὰ
2312 4968 2513 5040 σάρκα,
2561 4966 2812 5036 θυγάτηρ
2865 4964 2923 5016 δὲ
2959 4960 3106 5015 κατὰ
3137 4956 3358 5027 πνεῦμα
3400 4948 3711 5040 ἁγιωσύνης

2113 5039 2395 5134 ἐσομένη,
2421 5060 2521 5133 τὴν
2570 5058 2716 5114 κατὰ
2745 5057 2906 5126 φύσιν
2952 5052 3241 5127 προσίεται
3285 5048 3563 5118 γέννησιν.
3612 5039 3709 5095 καὶ

2108 5156 2355 5226 θυγάτηρ
2387 5151 2677 5223 ἀνθρώπου
2719 5149 3048 5221 γνωρίζεται
3077 5146 3114 5216 ἡ
3145 5142 3393 5211 θυγάτηρ
3416 5136 3512 5190 τοῦ
3535 5135 3709 5187 ‘Bao't-

2106 5248 2242 5311 λέως
2264 5247 2359 5300 τοῦ
2395 5245 2635 5319 μεγάλου
2655 5260 2668 5274 ·
2702 5244 2846 5313 καὶὴ
2871 5245 2936 5294 ἐκ
2966 5236 3161 5304 δεξιῶν
3183 5234 3279 5289 τοῦ
3304 5226 3708 5319 Παμόασιλέως

2106 5341 2165 5393 ὲν
2198 5310 2310 5400 τοῖς
2337 5310 2588 5411 οὐρανοῖς
2635 5310 2934 5405 στήσεσθαι
2967 5328 3239 5403 μέλλουσα
3276 5324 3585 5396 βασίλισσα,
3616 5310 3709 5372 ἐπὶ

2106 5431 2212 5498 γῆς
2244 5430 2370 5497 ἄρτι
2398 5429 2700 5500 λοχεύεται,
2737 5423 3059 5498 μαιεύεται·
3094 5420 3251 5474 ὕδασι
3276 5417 3572 5488 σμήχεται,
3612 5411 3709 5483 ῥά-

2118 5539 2239 5575 κεσι
2284 5512 2727 5592 σπαργανοῦταιο
2766 5518 2867 5573 καὶ
2911 5515 3013 5586 τῆς
3059 5509 3448 5583 προσηκούσης
3488 5502 3707 5575 νηπίοις

2116 5613 2433 5681 ἐπιμελείας
2484 5610 2769 5677 ἀξιοῦται,
2826 5608 2923 5662 καὶ
2969 5608 3005 5676 ἡ
3039 5600 3404 5674 παρθενικαῖς
3438 5594 3706 5664 ἀγκάλαις

2113 5706 2206 5759 τὸν
2233 5704 2330 5758 τοῦ
2376 5704 2612 5772 οὐρανοῦ
2666 5704 2894 5773 συνοχέα
2933 5701 3031 5754 καὶ
3054 5696 3188 5751 Θεὸν
3236 5686 3707 5762 ἑναγκαλίσασθαι

2117 5800 2569 5877 προσδοκωμένη,
2602 5798 2906 5867 γηραλέαις
2948 5792 3183 5855 ὠλέναις
3236 5782 3705 5858 περιλαμὸάνεθται

1620 5886 1837 5982 ’θἘρίτ.
1875 5912 2065 5979 "1,20.
2146 5915 2186 5947 ⁸⁷
2228 5914 2370 5970 Psal.
2402 5928 2621 5981 Lxxxlv,
2652 5913 2734 5967 l2.
