4108 6406
574 394 648 461 27
1786 382 2083 447 NICETA!
2120 380 2648 448 PAPIILAGONIS
3748 374 3809 441 28

576 523 682 567 nec
701 506 992 572 triennem,
1008 501 1090 559 uti
1115 515 1176 558 se
1190 508 1320 577 voto
1340 498 1778 566 obstrinxerant,
1797 498 2035 553 hostiam
2054 497 2155 551 do-
2182 498 2235 557 Α
2259 499 2571 571 προθυμίας
2591 515 2607 533 ο
2637 498 2741 563 ἕως

2275 499 2571 571 προθυμίας
2591 515 2607 533 ο
2637 498 2741 563 ἕως
2770 498 2941 573 αὐτὴν
2957 498 3355 571 τριετίζουσαν,
3379 496 3561 561 καθὼς
3581 493 3808 567 ηὔξαντο,

578 615 820 672 numque
851 597 1175 654 obtulerunt
1204 595 1338 651 Deo.
1376 592 1490 649 Nos
1538 607 1675 649 vero
1723 591 1822 647 Dei
1863 588 2161 647 Genitricis
2261 590 2434 660 δῶρον
2494 591 2749 661 ἀνάγοντε

2275 590 2434 660 Βῶρον
2494 591 2791 661 ἀνάγοντες
2847 591 3310 663 ἐκαρποφόρησαν
3352 588 3429 661 τῷ
3463 587 3602 659 Θεῷ.
3643 588 3811 659 Ἦμεῐς

578 693 760 749 natale
785 689 949 746 hodie
977 689 1341 749 honoremus,
1370 700 1433 740 ac
1458 700 1572 754 prae
1594 683 1704 739 illis
1724 681 1931 755 majore
1958 679 2160 752 gaudio
2260 681 2319 736 δὲ
2356 681 2685 752 τιμήσωμεν
2714 685 2749 735 τε

2275 681 2319 736 Βὲ
2356 681 2685 752 τιμήσωμεν
2714 681 2810 752 τῆς
2848 680 3112 735 Θεοτόκου
3162 682 3262 750 τὴν
3290 679 3543 750 γέννησιν
3575 676 3811 747 σήμερον,

576 785 937 849 exsultemus,
978 780 1310 852 Spiritaliter
1357 778 1559 833 festum
1609 776 1953 833 celebrantes
1994 781 2162 844 atque
2263 775 2360 829 καὶ
2391 774 2591 843 μᾶλλον
2613 774 2749 829 tua!»

2275 775 2360 829 καὶ
2391 774 2591 843 μᾶλλον
2613 774 2835 829 ἐκείνων
2865 774 3273 846 ἀγαλλιώμεθα,
3302 769 3684 842 πνευματικῶς
3712 771 3816 841 ἐορ-

572 877 843 937 latantes,
874 883 1082 945 quanto
1107 880 1165 927 et
1190 872 1452 942 majorem
1485 884 1554 924 ex
1577 868 1670 923 illa
1709 866 2002 922 utilitatem
2029 878 2163 921 con-
2262 867 2520 933 τάξοντες
2576 870 2671 923 καὶ
2703 870 2749 922 εί

2275 867 2520 933 τάξοντες
2576 870 2671 923 καὶ
2703 867 3144 940 εὐφραινόμενοι,
3200 867 3312 937 δσίρ
3364 864 3459 918 καὶ
3490 862 3726 925 πλείονος
3764 860 3818 925 ἐξ

575 967 902 1039 sequimur;
940 973 1146 1036 quanto
1180 978 1331 1018 nunc
1369 962 1562 1033 magis,
1602 957 2056 1030 splendidiusque
2096 972 2164 1014 ae
2208 988 2211 993 ‹
2265 961 2436 1030 αὐτῆς
2463 961 2749 1033 μετέσχομι

2275 961 2436 1030 αὐτῆς
2463 961 2799 1033 μετέσχομεν
2821 960 2922 1032 τῆς
2964 959 3254 1030 ὠφελείας,
3306 959 3415 1028 ὅσῳ
3441 955 3537 1010 νῦν
3572 954 3758 1025 μᾶλλον
3787 952 3818 1019 ἢ

574 1062 874 1135 perfectius
891 1059 1063 1133 gratia
1084 1073 1182 1128 per
1200 1056 1298 1113 Dei
1323 1064 1604 1127 parentem
1633 1060 1890 1110 coruscat
1922 1066 1987 1106 ac
2021 1066 2166 1122 prae-
2264 1057 2409 1121 τότε,
2440 1054 2749 1126 λαμπρά-τερ

2275 1057 2409 1121 τότε,
2440 1054 2821 1126 λαμπρότερόν
2872 1069 2934 1106 τε
2969 1054 3065 1107 καὶ
3113 1051 3496 1123 τελεώτερονή
3549 1048 3706 1119 χάρις
3743 1046 3822 1101 διὰ

579 1156 738 1210 nitet.
764 1152 1112 1208 Honoremus
1128 1166 1283 1212 vero.
1306 1149 1509 1204 nedum
1535 1146 1679 1217 quod
1711 1145 1920 1200 carnali
1947 1145 2163 1201 ratione
2263 1150 2359 1216 τῆς
2391 1146 2733 1217 Θεομήτορος

2275 1150 2359 1216 τῆς
2391 1146 2733 1217 Θεομήτορος
2776 1143 3215 1217 ὐπερεκλάμπει.
3268 1143 3604 1214 Τιμήσωμεν
3632 1139 3705 1203 δὲ,
3754 1137 3823 1210 μὴ

576 1263 644 1301 ex
663 1245 841 1301 sterili
865 1244 1154 1315 processit,
1173 1241 1269 1297 sed
1290 1242 1450 1309 longe
1475 1238 1647 1309 magis
1668 1237 1817 1308 quod
1837 1252 1903 1291 ex
1925 1252 2164 1307 superna
2271 1248 2429 1318 μόνον
2483 1247 2584 1318 τὴν
2635 1247 2702 1299 εκ
2741 1261 2749 1280 ι

2275 1248 2429 1318 μόνον
2483 1247 2584 1318 τὴν
2635 1247 2702 1299 ἐκ
2741 1246 2842 1317 τῆς
2875 1245 3096 1315 στείρας
3153 1243 3297 1298 κατὰ
3348 1242 3528 1312 σάρκα
3583 1237 3823 1311 πρόοδον,

577 1336 748 1408 gratia
769 1335 966 1406 Spiritu
993 1345 1119 1390 nata
1161 1341 1268 1394 est,
1297 1332 1488 1385 animo
1506 1328 1729 1399 quidem
1750 1327 2166 1383 considerantes
2266 1338 2448 1410 πολλῷ
2469 1339 2527 1393 δὲ
2560 1337 2749 1409 μᾶλλοι

2275 1338 2448 1410 πολλῷ
2469 1339 2527 1393 δὲ
2560 1337 2761 1409 μᾶλλον
2811 1337 2912 1407 τὴν
2950 1338 3014 1390 ὲκ
3060 1337 3160 1404 τῆς
3215 1335 3423 1389 ἄνωθεν
3449 1334 3670 1405 χάριτος
3698 1330 3825 1385 κατὰ

578 1438 745 1499 atque
772 1429 1038 1491 colentes,
1074 1424 1308 1480 canticis
1340 1438 1473 1478 vero
1504 1421 1829 1492 plaudentes
1862 1430 1920 1475 et
1950 1419 2164 1490 magni-
2267 1430 2490 1502 πνεῦμα
2517 1431 2749 1501 γέννησυ

2275 1430 2490 1502 πνεῦμα
2517 1431 2772 1501 γέννησιν
2825 1429 3021 1499 αὐτῆς,
3052 1426 3492 1497 ἀναθεωροῦντες
3529 1424 3631 1495 μὲν
3658 1422 3726 1494 τῷ
3749 1419 3822 1476 νοτ

583 1518 815 1574 ﬁcantes
843 1534 909 1573 ac
962 1516 1342 1581 dilandantes;
1380 1522 1653 1583 quatenus
1683 1511 1980 1582 purissima
2012 1508 2165 1565 ontni
2266 1530 2364 1578 καὶ
2397 1521 2700 1593 σεϐόμενοι,
2738 1539 2749 1574 π

2275 1530 2364 1578 καὶ
2397 1521 2700 1593 σεϐόμενοι,
2738 1519 3061 1590 κροτοῦντες
3083 1521 3139 1574 δὲ
3187 1520 3300 1584 τοῖς
3330 1517 3517 1587 ὕμνοις
3545 1515 3641 1570 καὶ
3671 1531 3823 1585 μεγα-

580 1612 687 1666 hoc
731 1620 895 1666 exuta
945 1608 1147 1664 saeculo
1178 1648 1192 1668 ,
1224 1604 1719 1676 snpercmlestique
1743 1602 1957 1673 Sponso
1997 1615 2167 1672 prope
2267 1616 2518 1678 λύνοντες
2548 1614 2642 1669 καὶ
2695 1615 2749 1668 δο

2275 1616 2518 1678 λύνοντες
2548 1614 2642 1669 καὶ
2695 1615 3011 1680 δοξάζοντες
3031 1632 3046 1646 ο
3081 1612 3204 1666 καθ’
3234 1613 3301 1683 ἢν
3348 1611 3469 1665 ὅλον
3499 1610 3531 1680 ὴ
3570 1609 3827 1675 πάναγνος

580 1700 839 1771 adjuncta
870 1714 936 1753 ac
967 1713 1091 1753 cum
1126 1712 1193 1751 eo
1224 1697 1279 1751 in
1319 1694 1752 1751 sacratissimum
1788 1692 2158 1761 iucorruptis-
2268 1707 2635 1762 ἀπεκδυθετσα
2664 1707 2749 1760 τὸν

2275 1707 2635 1762 ἀπεκδυθεῶα
2664 1707 2757 1760 τὸν
2813 1707 2908 1761 νῦν
2957 1706 3151 1771 αἰῶνα,
3207 1705 3304 1759 καὶ
3355 1702 3433 1774 τῷ
3468 1699 3830 1772 ὐπερουρανίῳ

580 1791 893 1861 simumque
909 1790 1208 1845 thalamum
1228 1788 1495 1859 ingressa,
1513 1786 1779 1857 regnique
1798 1785 1940 1840 solio
1955 1785 2010 1840 ei
2034 1800 2168 1840 con-
2201 1862 2237 1870 ῃ
2268 1800 2509 1869 Νυμφίῳ
2543 1817 2749 1870 προσεγ

2275 1800 2509 1869 Νυμφίῳ
2543 1802 2974 1870 προσεγγίσασα.
3005 1799 3103 1851 καὶ
3124 1798 3203 1859 είς
3231 1795 3331 1867 τὴν
3368 1794 3668 1866 ἱερωτάτην
3692 1791 3835 1860 αὐτῷ

581 1884 808 1946 sociata,
853 1896 955 1952 pro
1005 1889 1192 1935 nostra
1236 1879 1532 1934 intercedit
1578 1879 1787 1944 salute,
1834 1877 2168 1949 adjuvatque
2200 1862 2241 1916 Β
2273 1862 2522 1944 παᾷιέάέα
2548 1862 2641 1943 κά),
2697 1862 2749 1944 σέ,

2275 1890 2522 1944 παστάδα
2548 1890 2641 1943 καὶ
2697 1890 3089 1958 πανακήρατον
3117 1883 3541 1941 συνεισελθοῦσα
3569 1884 3663 1936 καὶ
3705 1898 3839 1951 συμ-

581 1990 706 2029 cum
725 1974 883 2029 Patre
905 1983 962 2029 et
978 1972 1115 2028 Filio
1136 1981 1193 2027 et
1214 1971 1428 2042 Spiritu
1449 1979 1663 2038 sancto,
1684 1986 1833 2026 nunc
1847 1979 1903 2027 et
1925 1986 2164 2042 semper,
2273 1980 2657 2042 ϐασιλεύουσα,
2716 1998 2745 2033 τ

2275 1980 2657 2042 ϐασιλεύουσα.
2716 1978 2817 2050 τὴν
2869 1977 3147 2049 ἡμετέραν
3200 1974 3497 2046 πρεσϐεύει
3559 1971 3839 2044 σωτηρίαν,

580 2076 640 2122 et
677 2066 735 2121 in
760 2065 959 2121 saecula
986 2065 1335 2121 saeculorum.
1366 2064 1565 2120 Amen.
2273 2074 2366 2127 καὶ
2424 2072 2676 2140 συνεργεῖ
2729 2088 2749 2123 σε

2275 2074 2366 2127 καὶ
2424 2072 2676 2140 συνεργεῖ
2729 2069 2808 2141 τῷ
2843 2069 3017 2138 [las-pl.
3047 2068 3141 2122 καὶ
3173 2067 3251 2138 τῷ
3285 2065 3398 2136 Υίῷ
3454 2065 3553 2119 καὶ
3600 2064 3677 2134 τῷ
3706 2062 3846 2134 ἁγίῳ

2275 2164 2591 2234 Πνεῦματι,
2643 2163 2741 2217 νῦν
2800 2164 2897 2218 καὶ
2928 2162 3038 2228 ἀεὶ,
3097 2160 3193 2215 καὶ
3244 2160 3324 2224 είς
3353 2159 3480 2223 τοὺς
3513 2156 3713 2222 αίῶνας
3735 2154 3841 2212 τῶν

1133 2303 1144 2312 .
2274 2256 2509 2314 αἰώνων.
2555 2257 2749 2327 ’Δμήν.

1181 2359 1441 2417 ORATIO
1496 2360 1563 2416 tt.
2644 2348 2647 2355 '

2644 2348 2647 2355 '
2907 2365 3128 2421 ΛΟΓΟΣ
3167 2360 3247 2421 B‘.

670 2475 737 2531 In
759 2476 1138 2532 cxallationem
1172 2476 1486 2531 veneranda:
1510 2492 1576 2530 ac
1601 2475 1815 2546 uiuiﬁcae
1837 2479 2023 2532 crucis.
2324 2484 2426 2553 Εις
2456 2481 2697 2554 ὒψωσιν
2724 2496 2749 2534 z

2324 2484 2426 2553 Είς
2456 2481 2697 2554 ὕψωσιν
2724 2478 2834 2535 τοῦ
2860 2480 3059 2550 τιμίου
3091 2478 3191 2534 καί
3210 2473 3493 2542 ζωοπριοῦ
3518 2469 3795 2540 σταυροῦ-

656 2589 761 2658 Qui
792 2593 944 2647 cruci
982 2592 1251 2647 honorem
1286 2591 1546 2658 habeam,
1588 2593 1870 2663 explorate
1904 2594 2171 2651 eruciﬁxo
2347 2600 2454 2653 Τὸν
2483 2595 2713 2667 σταυρὸν

2347 2600 2454 2653 Τὸν
2483 2595 2713 2667 σταυρὸν
2758 2594 2960 2666 τιμῶν,
3013 2590 3461 2663 ὁμολογουμένως
3489 2588 3581 2641 τὸν
3605 2600 3849 2654 σταυρωο

588 2681 912 2754 habco:qtti
939 2698 1068 2738 vero
1090 2682 1354 2739 honorem
1376 2681 1606 2738 habeam
1635 2683 1920 2750 crucifixo,
1945 2701 2169 2742 crucem
2277 2691 2441 2746 θέντα
2472 2690 2651 2761 mpii-
2699 2688 2749 2742 τὲ

2277 2691 2441 2746 θέντα
2472 2690 2651 2761 τιμῶο
2699 2688 2791 2742 τὸν
2839 2684 3221 2758 σταυρωθέντα
3263 2684 3319 2736 δὲ
3350 2680 3548 2751 τιμῶν,
3600 2676 3855 2747 ἀναντιρ-

590 2775 762 2833 dubio
788 2777 982 2846 procul
1009 2776 1198 2832 adoro.
1233 2776 1465 2845 Utrique
1486 2775 1632 2831 enim
1664 2776 1929 2841 vicissim,
1962 2779 2172 2850 aliique
2280 2786 2458 2858 ῥήτως
2485 2783 2749 2856 προσκυνί

2280 2786 2458 2858 ρήτως
2485 2783 2777 2856 προσκυνῶ
2805 2780 2895 2834 τὸν
2928 2778 3161 2849 σταυρόν
3182 2796 3196 2810 ·
3228 2774 3295 2830 δι’
3329 2774 3577 2846 ἀλλήλοιν
3610 2774 3714 2841 γὰρ
3742 2771 3857 2834 ἁμ-

591 2883 658 2923 ex
676 2868 786 2923 alio
807 2868 979 2939 gloria
1013 2876 1070 2923 ct
1087 2868 1336 2922 adoratio
1360 2867 1652 2923 conflatur.
1683 2868 1817 2923 Nam
1837 2885 2014 2939 neque
2036 2887 2175 2926 crux
2279 2876 2532 2948 φοτέροις
2580 2876 2615 2946 ή
2652 2874 2749 2940 δόξ

2279 2876 2532 2948 φοτέροις
2580 2876 2615 2946 ἡ
2652 2874 2783 2940 δόξα
2819 2873 3201 2942 συγκροτεῖται
3235 2868 3329 2921 καὶ
3365 2868 3398 2937 ἡ
3459 2862 3855 2935 προσκύνησις.

590 2966 718 3012 ante
745 2956 947 3013 Christi
971 2958 1369 3028 apparitionem
1403 2958 1634 3027 gloriam
1672 2959 1905 3015 habebat
1935 2961 2173 3033 (quippe
2280 2967 2419 3023 Οὔτε
2464 2966 2575 3038 γὰρ
2613 2982 2747 3020 σταυ

2280 2967 2419 3023 Οὔτε
2464 2966 2575 3038 γὰρ
2613 2964 2846 3036 σταυρὸς
2888 2963 2995 3034 πρὸ
3036 2963 3136 3032 τῆς
3189 2958 3510 3029 ἐπιφανείας
3540 2954 3859 3019 δεδόξασται

588 3062 715 3102 cum
755 3047 947 3102 mortis
978 3063 1268 3119 organum,
1303 3056 1469 3117 atque
1500 3047 1555 3102 id
1594 3048 1834 3114 infantis,
1869 3053 2058 3117 esset).
2095 3062 2172 3116 et,
2278 3060 2374 3114 τοῦ
2391 3057 2749 3130 Χριστοῦ-ὄρ·

2278 3060 2374 3114 τοῦ
2391 3057 2658 3130 Χριστοῦ·
2678 3058 2909 3129 ὄργανον
2934 3055 3040 3127 γὰρ
3073 3053 3325 3116 θανάτου,
3364 3052 3459 3105 καὶ
3486 3048 3706 3119 ἀτίμου,
3722 3044 3863 3098 καθα

591 3135 764 3201 Jesus,
792 3135 995 3206 inquit,
1029 3138 1260 3190 nondum
1287 3146 1402 3190 erat
1431 3136 1757 3209 gloriﬁcatus
1786 3139 1854 3203 ",
1890 3140 2017 3210 quia
2049 3157 2176 3197 ncc—
2209 3206 2245 3217 _
2287 3155 2503 3208 ιστατοο
2552 3154 2647 3206 καὶ
2667 3190 2683 3215 ,

2287 3155 2503 3208 ίστατο·
2552 3154 2683 3215 καὶ,
2749 3149 2811 3204 '0
2862 3148 3103 3217 Ἰησοῦς
3161 3146 3435 3207 οὐδέπω,
3490 3141 3677 3211 φησιν,
3728 3139 3869 3193 ἐδο-

594 3224 727 3281 dum
753 3236 867 3281 tum
895 3242 1117 3283 crucem
1140 3228 1373 3283 adierat.
1395 3206 1710 3285 Laudemus
1729 3206 2010 3300 igitttrter
2040 3233 2174 3288 liea-
2203 3206 2248 3270 Ο
2283 3206 2502 3310 εάσθη,
2535 3243 2615 3296 δτι
2651 3206 2749 3313 μή,

2283 3206 2502 3310 adeo".
2535 3243 2615 3296 ὅτι
2651 3206 2818 3313 μήπω
2845 3206 3190 3312 ἦνίτότευτῷ
3231 3234 3451 3308 σταυρῷ
3503 3206 3863 3304 προσωμιλη-

595 3329 705 3373 tam
740 3320 955 3375 Domini
992 3335 1237 3387 crucem,
1270 3331 1327 3377 et
1359 3323 1652 3377 adoremus
1690 3334 1747 3378 et
1775 3324 2174 3394 gloriﬁcemus,
2283 3330 2416 3395 κὼς.
2467 3329 2749 3384 Ἐπαινέσο

2283 3330 2416 3395 κὼς.
2467 3329 2874 3399 Ἐπαινέσωμεν
2937 3325 3229 3397 τοιγαροῦν
3286 3324 3377 3377 τὸν
3428 3319 3733 3393 τρισόλϐιον
3760 3313 3859 3370 τοῦ

595 3417 659 3463 ut
685 3420 743 3464 et
769 3410 938 3464 Deum
968 3410 1155 3481 gloria:
1182 3410 1237 3466 in
1268 3427 1333 3467 ea
1362 3413 1571 3481 pariter
1598 3412 1887 3469 laudemus
1915 3431 1979 3470 ac
2024 3418 2177 3472 exal-
2282 3420 2489 3492 Κυρίου
2531 3419 2749 3490 σταυρὺι

2282 3420 2489 3492 Κυρίου
2531 3419 2786 3490 σταυρὸν,
2847 3416 2944 3470 καὶ
2997 3415 3466 3487 προσκυνήσωμεν
3500 3412 3595 3467 καὶ
3627 3409 3867 3476 δοξάσω-

597 3512 795 3558 temus.
818 3502 935 3570 Qua
966 3519 1096 3559 vero
1114 3504 1402 3560 laudemus
1433 3505 1687 3561 ratione?
1712 3506 1829 3562 Non
1862 3507 1936 3562 ita
1969 3517 2030 3563 ut
2059 3525 2182 3564 cra-
2287 3530 2407 3583 μεν,
2435 3511 2522 3565 ἵνα
2552 3509 2648 3565 καὶ
2702 3507 2749 3561 τί

2287 3530 2407 3583 μεν,
2435 3511 2522 3565 ῖνα
2552 3509 2648 3565 καὶ
2702 3507 2797 3562 τδν
2825 3508 2928 3577 τῆς
2956 3507 3115 3577 δόξης
3166 3505 3299 3559 Θεὸν
3334 3506 3392 3559 ὲν
3422 3503 3574 3575 αὐτῷ
3604 3519 3878 3558 συνεπαι-

596 3595 727 3666 pula
776 3604 835 3650 et
866 3595 1233 3651 ebrietatibus
1262 3613 1709 3668 corrumpamur,
1746 3599 1842 3654 sed
1874 3609 1935 3655 ut
1966 3600 2180 3672 jejunio
2283 3602 2528 3674 νέσωμέν
2545 3619 2605 3655 τε
2633 3600 2730 3655 καὶ

2283 3602 2528 3674 νέσωμέν
2545 3619 2605 3655 τε
2633 3600 2730 3655 καὶ
2755 3598 3177 3670 συνυψώσωμεν.
3208 3598 3609 3666 Ἐπαινέσωμεν
3632 3594 3691 3648 δὲ
3712 3592 3842 3657 πῶς
3861 3610 3879 3658 ;

595 3703 664 3743 ac
691 3689 948 3758 precibus
975 3688 1287 3744 castitatem
1314 3690 1595 3745 colamus:
1626 3706 1736 3745 non
1770 3700 1830 3746 ut
1859 3693 2045 3748 saeculi
2076 3708 2179 3748 cu-
2286 3696 2377 3767 Μὴ
2432 3693 2749 3766 κραιπάλαις

2286 3696 2377 3767 Μὴ
2432 3693 2764 3766 κραιπάλαις
2819 3692 2912 3745 καὶ
2943 3690 3135 3762 μέθαις
3190 3687 3709 3761 καταφθειρόμενοι,
3755 3684 3884 3740 ἀλλ’

597 3779 676 3834 ris
699 3795 763 3833 ac
788 3779 965 3835 turbis
984 3779 1337 3843 suti'ocemnr,
1365 3781 1459 3835 sed
1511 3790 1572 3835 ut
1599 3781 1816 3836 Domini
1839 3798 1936 3854 spe
1965 3782 2182 3856 ﬁdeque
2286 3789 2584 3861 ἐγκρατείᾳ
2606 3789 2701 3843 καὶ
2731 3805 2749 3840 1

2286 3789 2584 3861 ἐγκρατείᾳ.
2606 3789 2701 3843 καὶ
2731 3787 3061 3857 προσευχαῖς
3079 3783 3442 3859 ἁγνιζόμενοι.
3460 3780 3552 3852 Μὴ
3575 3779 3892 3853 μερίμναις

599 3871 964 3926 illustrcmur.
1001 3871 1081 3927 Ne
1112 3871 1357 3927 avaritia:
1388 3873 1579 3943 reique
1615 3873 1836 3945 injustis
1872 3875 2045 3933 lucris
2077 3892 2179 3933 au-
2288 3881 2383 3935 καὶ
2413 3879 2641 3950 τύρϐαις
2676 3878 2749 3949 βιι

2288 3881 2383 3935 καὶ
2413 3879 2641 3950 τύρϐαις
2676 3875 2960 3949 βιωτικαῖς
3004 3874 3468 3946 συμπνιγόμενοι’
3524 3871 3640 3926 ἀλλ’
3692 3869 3895 3925 ἐλπίδι

595 3963 787 4035 gendae
807 3962 990 4018 studio
1009 3965 1254 4017 animum
1284 3963 1624 4029 addicamus,
1644 3964 1740 4021 sed
1765 3966 1952 4022 divina
1985 3984 2050 4024 ac
2084 3985 2182 4026 ve-
2289 3972 2385 4024 καὶ
2412 3971 2592 4024 πίστει
2626 3969 2719 4023 τοῦ

2289 3972 2385 4024 καὶ
2412 3971 2592 4024 πίστει
2626 3969 2719 4023 τοῦ
2752 3968 2959 4039 Κυρίου
2985 3965 3380 4036 φωτιζόμενον
3412 3963 3489 4035 μὴ
3506 3964 3605 4034 τὴν
3639 3963 3901 4035 καρδίαν

597 4054 778 4109 ritatis
826 4053 1058 4108 scientia
1103 4053 1421 4109 dilatentur.
1479 4053 1714 4111 Prorsus
1772 4072 1906 4113 vero
1966 4058 2181 4115 Christi
2288 4064 2370 4125 είς
2421 4060 2736 4126 πλεονεξίαν

2288 4064 2370 4125 είς
2421 4060 2736 4126 πλεονεξίαν
2785 4059 3096 4130 τιθῶμεθα,
3145 4056 3262 4112 ἀλλ’
3318 4057 3400 4118 εἰς
3460 4052 3744 4121 θεολογίαν
3793 4057 3900 4109 καίι

596 4161 787 4202 amore
812 4146 879 4202 ad
914 4147 1022 4202 alta
1051 4146 1541 4216 contemplationis
1572 4146 1833 4216 ducente,
1871 4152 2183 4209 sanctiﬂce-
2288 4152 2697 4223 ἀληθογνωσίαν
2745 4174 2749 4201 ι

2288 4152 2697 4223 ἁληθογνωσίαν
2745 4148 3258 4222 ὲμπλατυνώμεθαο
3319 4145 3516 4211 ὁλικῶς
3564 4145 3622 4198 δὲ
3667 4143 3755 4216 τῷ
3792 4145 3907 4198 ἀν·

598 4252 743 4302 mur,
773 4252 883 4292 non
913 4237 1199 4308 occupatis
1251 4238 1514 4308 nequitiae
1545 4240 1921 4310 opinionibus,
1967 4256 2079 4299 non
2108 4243 2187 4299 si-
2287 4246 2490 4316 αγώγῳ
2523 4244 2686 4317 ἔρωτι
2708 4246 2749 4299 ἀη

2287 4246 2490 4316 αγώγῳ
2523 4244 2686 4317 ἔρωτι
2708 4241 3062 4314 ἀγιαζώμεθα
3099 4242 3190 4296 τοῦ
3213 4239 3474 4312 Χριστοῦ,
3501 4239 3577 4311 μὴ
3610 4236 3913 4307 πονηρίας

600 4329 847 4384 multatis
899 4329 1356 4400 malignitatibus,
1435 4345 1547 4385 non
1592 4332 1863 4403 superbia:
1895 4335 2181 4404 jactantia,
2263 4335 2616 4409 προλήψεσι,
2666 4335 2746 4408 μὴ

2289 4335 2616 4409 προλήψεσι,
2666 4335 2746 4408 μὴ
2802 4335 3175 4407 μνησικακίας
3227 4331 3516 4402 κακότησι,
3544 4328 3621 4401 μὴ
3666 4328 3922 4400 ὑπερη-

600 4435 714 4475 non
741 4420 928 4476 vesani
963 4420 1154 4492 gloriae
1182 4422 1461 4492 appetitus
1494 4422 1758 4489 vanitate,
1788 4440 1894 4480 nec
1925 4427 2037 4481 ullo
2062 4443 2183 4483 om-
2258 4476 2261 4479 .
2291 4428 2491 4499 φανίας
2523 4428 2749 4499 αὐχήμα

2291 4428 2491 4499 φανίας
2523 4428 2804 4499 αὐχήματι
2829 4465 2846 4492 ,
2875 4427 2951 4498 μὴ
2980 4424 3303 4495 δοξομανίας
3345 4423 3671 4494 ματαιότητι
3697 4437 3715 4452 ⁸
3763 4420 3917 4491 μηδ’

599 4511 734 4568 nino
756 4512 865 4568 alio
879 4512 1015 4567 vitio
1037 4511 1356 4570 interiorem
1398 4513 1679 4571 hominem
1707 4515 2100 4575 labefactemus
2120 4535 2184 4575 ac
2220 4569 2264 4592 ,ι
2292 4520 2431 4592 ἄλλῃ
2485 4520 2727 4592 μηδεμιᾷ

2292 4520 2431 4592 ἄλλῃ
2485 4520 2727 4592 μηδεμιᾷ
2755 4519 2945 4591 κακίᾳ,
2979 4517 3214 4581 συνόλως
3240 4516 3439 4582 εἰπεῖν,
3485 4514 3578 4568 τὸν
3602 4511 3770 4577 me;
3800 4514 3923 4568 ἄν·

1133 4569 1138 4570 ν
1603 4569 1614 4571 ~
1667 4569 2098 4575 κ-ψη-π--η--ν
2121 4569 2183 4575 -ν
2295 4569 2393 4576 ν--η
2485 4569 2726 4592 τ--ι--τ--τ

599 4621 1054 4677 conspurcemus.
2218 4569 2265 4626 υ
2289 4569 2507 4685 θρωὶπον
2536 4612 2749 4683 ἁχρειώ

2289 4569 3000 4685 ὄρᾧῗεοῖἑιξξέὶῖιέῷῥεῗῆ“
3013 4569 3325 4682 mea,

675 4701 797 4758 Non
833 4698 1264 4757 scurrilitatibus
1292 4709 1477 4757 mente
1508 4716 1827 4773 evagemur,
1854 4718 1964 4757 non
2005 4704 2184 4776 turpi-
2359 4703 2452 4778 Μὴ
2509 4704 2746 4775 εὐτραπε

2359 4703 2452 4778 Μὴ
2509 4703 2892 4775 εὐτραπελίαις
2948 4697 3422 4773 μτεωριζὼμεθα,
3466 4696 3543 4769 μὴ
3594 4696 3939 4769 αἰσχρολο-

605 4793 1055 4867 loquiolinguam
1086 4792 1464 4864 inquinemus,
1488 4810 1598 4850 non
1626 4795 1891 4851 conviciis
1909 4805 2007 4851 aut
2028 4813 2186 4854 uten-
2289 4795 2437 4866 γίαις
2473 4795 2574 4866 τὴν
2599 4794 2749 4863 γλῶσ

2289 4795 2437 4866 γίαις
2473 4795 2574 4866 τὴν
2599 4794 2852 4863 γλῶσσαν
2883 4790 3493 4864 καταῤῥυπαινὼμεθα·
3533 4788 3675 4861 μηδὲ
3710 4788 3937 4845 λοιδο-

603 4888 779 4944 daciis
812 4887 1212 4944 conscientiam
1251 4885 1557 4955 ftedemus;
1597 4903 1776 4958 neque
1813 4904 1947 4945 vero
1980 4898 2188 4946 temere
2296 4887 2440 4960 ρίαις
2473 4885 2749 4958 ἢψεύδεσι

2296 4887 2440 4960 ρίαις
2473 4885 2756 4958 ἢψεύδεσι
2793 4883 2853 4938 τὸ
2893 4883 3128 4946 συνειδὸς
3167 4880 3545 4955 μαινώμεθα·
3600 4881 3738 4952 μήτ’
3814 4882 3945 4937 οὖν

599 4981 913 5053 iuramento
963 4993 1381 5046 assuescamus,
1434 4994 1534 5049 per
1577 4979 1725 5050 quod
1781 4980 1839 5035 in
1884 4981 2190 5052 perjurium
2288 4977 2518 5048 δρκωμα
2554 4975 2731 5047 μάτην

2288 4977 2518 5048 δρκωμα
2554 4975 2731 5047 μάτην
2764 4972 3200 5046 κατεθιζώμεθα,
3259 4973 3327 5028 δι’
3375 4967 3436 5027 οῦ
3502 4972 3640 5044 πρὸς
3693 4974 3948 5047 ἐπιορ-

608 5071 812 5143 (negati
842 5071 1055 5127 scilicet
1075 5070 1172 5126 Dei
1203 5067 1407 5141 scelus)
1439 5071 1815 5140 prolabamur.
1840 5071 2045 5129 Verum
2074 5072 2193 5127 hac
2290 5065 2435 5131 κίαν,
2497 5066 2596 5119 εἴτ’
2632 5064 2726 5120 οὖν

2290 5065 2435 5131 κίαν,
2497 5066 2596 5119 εἴτ’
2632 5064 2726 5120 οὖν
2775 5065 3004 5136 ἄρνησιν
3036 5063 3194 5130 Θεοῦ,
3230 5063 3686 5134 καταπίπτομενο
3746 5065 3952 5120 ἀλλὰ

608 5162 796 5233 impiis
835 5171 894 5218 et
934 5160 1238 5217 incredulis
1274 5160 1533 5230 gentibus
1567 5160 1981 5233 relinquamus,
2021 5163 2133 5234 jam
2162 5177 2196 5217 a
2290 5156 2463 5212 ταῦτα
2498 5158 2597 5228 μὲν
2646 5157 2749 5212 έθνε

2290 5156 2463 5212 ταῦτα
2498 5158 2597 5228 μὲν
2646 5157 2854 5212 ἔθνεσιν
2885 5156 3105 5210 ἀσεϐέσι
3138 5157 3233 5210 καὶ
3285 5159 3539 5221 ἀπίστοις
3581 5152 3949 5227 παρῶμέν,

604 5269 780 5327 puero
808 5268 991 5323 prava:
1020 5249 1355 5321 mancipatis
1379 5250 1793 5319 consuetudini,
1822 5266 1886 5307 ac
1911 5267 2035 5322 quae
2060 5250 2196 5306 vitia
2294 5249 2515 5323 πονηρῷ
2531 5248 2749 5319 νηπιόθε

2294 5249 2515 5323 πονηρῷ
2531 5248 2789 5319 νηπιόθεν
2811 5247 3229 5319 δεδουλωμένοις
3255 5247 3365 5301 ἔθει
3384 5264 3399 5279 ⁸
3427 5252 3520 5302 καὶ
3539 5247 3613 5311 ὡς
3645 5251 3961 5318 φυσικὰ,

606 5345 727 5401 haec
764 5353 1023 5414 tanquam
1053 5344 1269 5399 nativos
1299 5343 1550 5407 aﬂ‘ectus,
1590 5359 1701 5414 pra:
1732 5343 1897 5412 longo
1924 5341 2191 5413 temporis
2291 5342 2466 5398 ταῦτα
2502 5340 2749 5413 μετιοῦσι

2291 5342 2466 5398 ταῦτα
2502 5340 2750 5413 μετιοῦσι
2788 5341 2858 5394 τὰ
2887 5339 3034 5409 πάθη
3080 5339 3170 5393 διὰ
3219 5340 3319 5409 τὴν
3360 5339 3453 5393 τοῦ
3500 5341 3700 5412 χρόνου
3773 5358 3964 5398 συν-

610 5451 736 5499 usu,
768 5442 1181 5500 consectentur,
1217 5449 1284 5489 ac
1322 5450 1445 5504 qua:
1489 5450 1561 5490 ne
1593 5434 1702 5489 hoc
1738 5433 1964 5505 quidem
2008 5432 2190 5504 ipsum
2293 5436 2517 5507 ήθειαν’
2544 5435 2640 5488 καὶ
2673 5433 2749 5487 ob!

2293 5436 2484 5507 ήθειαν
2505 5450 2517 5463 ’
2544 5435 2640 5488 καὶ
2673 5433 2782 5487 οὐδ’
2815 5434 2947 5487 αὐτὸ
2986 5431 3144 5486 τοῦτο
3176 5433 3393 5499 εἰδόσιν,
3418 5433 3495 5497 ὼς
3523 5426 3973 5503 ἀμαρτάνού-

612 5526 953 5598 intelligant,
996 5526 1143 5596 quod
1197 5525 1549 5597 delinquunt.
1601 5525 1713 5581 Nos
1759 5535 1940 5580 autem
1989 5525 2195 5596 quibus
2298 5542 2401 5581 σιν.
2447 5525 2639 5596 Ἡμεῖς
2689 5524 2747 5578 δὲ

2298 5542 2401 5581 σιν.
2447 5525 2639 5596 Ἡμεῖς
2689 5524 2747 5578 δὲ
2779 5517 2863 5588 οἷς
2911 5525 2940 5577 ὁ
2996 5524 3413 5595 ἐσταυρωμένος
3466 5525 3560 5578 καὶ
3598 5526 3625 5577 ὁ
3688 5525 3973 5581 τούτου

614 5617 909 5673 cruciﬁxus
953 5628 1117 5689 atque
1158 5619 1280 5690 ejus
1317 5632 1455 5673 crux
1493 5617 1757 5673 adoretur
1797 5632 1863 5672 ac
1888 5618 2118 5682 colatur,
2147 5617 2195 5671 si
2298 5614 2530 5686 σταυρός
2551 5616 2666 5668 ἐστι
2709 5615 2749 5667 τὲ

2298 5614 2530 5686 σταυρὸς
2551 5616 2666 5668 ὲστι
2709 5615 2773 5667 τὸ
2796 5613 3271 5687 προσκυνούμενον
3315 5613 3413 5668 καὶ
3455 5613 3821 5682 σεϐόμενον,
3906 5618 3987 5673 εἰ

616 5707 811 5780 utique
842 5725 971 5765 vere
993 5710 1223 5767 adorare
1252 5710 1525 5778 volumus,
1555 5709 1624 5766 ab
1647 5707 1796 5766 omni
1821 5711 1979 5780 prius
2009 5706 2196 5780 inqui-
2296 5705 2513 5776 ἀληθῶς
2543 5704 2654 5777 ἄρα
2675 5722 2747 5778 πρ

2296 5705 2513 5776 ἀληθῶς
2543 5704 2654 5777 ἄρα
2675 5706 3001 5778 προσκυνεῖν
3028 5705 3329 5775 ἐθέλοιμεν,
3359 5704 3561 5768 παντὸς
3593 5703 3999 5779 μολυσμοῦ

685 5825 733 5859 ³⁸
758 5825 914 5882 Joan.
940 5843 1037 5897 vn,
1065 5829 1154 5885 59.
