4108 6474
373 465 468 544 29'
1187 479 1472 543 ORATIO
1510 482 1592 544 II.
1627 507 1696 520 —
1726 481 1810 544 IN
1848 482 2444 548 EXAI.TATIONEM
2481 486 2542 548 s.
2576 488 2872 552 CRUCIS.
3595 483 3672 550 30

385 592 579 667 σαρκὸς
626 593 731 648 καὶ
759 592 1084 666 πνεύματος
1123 598 1393 670 πρότερον
1425 596 1654 666 ἑαυτοὺς
1689 599 1778 656 διὰ
1807 619 1968 656 πνευ-

2077 613 2339 662 nomento
2375 605 2564 661 carnis
2583 614 2641 661 et
2679 607 2912 677 spiritus
2943 621 3048 678 per
3076 605 3384 678 spiritalem
3411 603 3668 662 dilectio~

373 680 606 756 ματιτεῆς
631 681 864 756 ἀγάπης
898 683 1373 758 ὲκκαθηράμενοι,
1429 687 1526 741 καὶ
1553 689 1676 743 ὅλον
1706 689 1799 745 τὸν
1828 689 1966 761 Χρι-

368 774 490 830 στὸν
513 774 610 828 διὰ
639 775 836 847 πάσης
882 775 1280 843 εἰσοικίσαντες
1329 779 1557 852 ἀρετῆς,
1589 780 1762 846 οὕτως
1808 781 1974 836 πνεύο

367 883 499 934 pact
544 867 964 938 προσκυνῶμεν
990 869 1088 923 καὶ
1129 869 1378 944 ἀληθείᾳ.
1416 871 1660 942 Πνεῦμα
1698 875 1832 945 γάρ,
1865 892 1972 947 φη-

362 961 468 1027 σὶν,
505 964 546 1016 ὁ
577 962 759 1029 Θεὸς,
797 963 902 1016 καὶ
939 962 1086 1028 τοὺς
1126 965 1632 1032 προσκυνοῦντας
1675 966 1866 1022 αὐτὸν
1901 967 1974 1021 ἐν

357 1053 666 1122 πνεύματι
698 1051 808 1108 καὶ
831 1053 1088 1123 ἀληθείᾳ
1119 1055 1214 1110 δεῖ
1226 1058 1618 1126 προσκυνεῖν.
1640 1058 1752 1112 Καὶ
1778 1057 1972 1132 ὥσπερ

359 1145 386 1198 ό
413 1145 926 1218 προσκυνούμενος
957 1148 1191 1220 σταυρὸς
1222 1147 1336 1220 ἔχει
1371 1153 1469 1221 μέν
1517 1169 1570 1204 τι
1603 1152 1698 1204 καὶ
1731 1169 1974 1224 σωματι-

367 1241 481 1304 κὸν,
524 1239 625 1311 τὴν
678 1240 798 1294 ἀπὸ
829 1240 934 1312 τῆς
989 1241 1094 1312 γῆς
1143 1243 1346 1314 δηλαδὴ
1375 1244 1798 1317 λαμϐανομένην
1838 1245 1973 1318 ὕλην

373 1330 505 1398 πρὸς
529 1330 704 1384 αύτοῦ
759 1334 1117 1404 κατασκευήν
1140 1349 1156 1365 ο
1193 1335 1346 1389 πᾶσα
1385 1335 1442 1390 δὲ
1469 1337 1504 1408 ἡ
1533 1336 1658 1402 δόξα
1683 1339 1776 1392 καὶ
1808 1339 1841 1409 ἠ
1875 1355 1972 1410 με·

369 1423 754 1494 γαλοπρὲπεια.
796 1425 906 1495 τῆς
938 1425 1104 1480 αὐτοῦ
1157 1427 1445 1498 δυνάμεως
1501 1428 1707 1484 ἔσωθεν
1735 1431 1843 1485 ἀπὸ
1871 1430 1971 1485 τοῦ

365 1515 690 1586 Πνεῦματος
740 1517 1166 1588 ὲπιχορηγεῖται
1213 1518 1311 1572 τοῦ
1343 1521 1762 1590 ὲσταυρωμένου
1783 1536 1795 1551 ·
1827 1519 1972 1583 οὕτω

368 1607 478 1680 χρὴ
505 1609 602 1662 καὶ
629 1609 808 1694 ἡμᾶς.
844 1609 1035 1678 διττὴν
1083 1607 1234 1680 αύτῷ
1257 1610 1358 1682 τὴν
1413 1610 1788 1684 προσκύνησιν
1835 1613 1974 1666 ἁπο-

373 1701 577 1772 νέμειν,
607 1702 703 1756 καὶ
749 1701 854 1772 τὴν
892 1703 1093 1772 τιμήν
1131 1703 1562 1774 προηγουμένως
1597 1705 1698 1776 μὲν
1721 1745 1736 1771 ,
1775 1705 1876 1777 τὴν
1913 1707 1974 1759 ὲν

365 1792 638 1860 πνεύματι
684 1791 838 1846 κατὰ
895 1791 1148 1865 δεύτερον
1189 1792 1248 1846 δὲ
1296 1792 1477 1862 λόγον,
1509 1793 1605 1848 καὶ
1633 1791 1734 1866 τὴν
1781 1809 1972 1865 σωμα-

359 1886 550 1954 τικήν.

2075 713 2202 754 nem
2229 699 2498 761 mundati,
2517 715 2583 755 ac
2603 699 2697 770 qui
2723 708 2900 754 totum
2916 699 3220 766 Christum;
3243 698 3427 756 omnis
3442 696 3680 754 virtutis

2077 789 2229 844 cultu
2249 829 2264 854 ,
2307 789 2512 846 mentis
2543 789 2787 860 hospitio
2817 790 3233 860 exceperimus,
3268 788 3348 844 sic
3377 787 3576 858 spiritu
3601 801 3668 842 ac

2073 882 2306 938 veritate
2338 882 2658 937 adoremus.
2696 879 2928 952 Spiritus
2957 882 3128 946 enim,
3170 879 3371 950 inquit,
3400 887 3478 933 est
3500 877 3664 941 Deus,

2075 981 2128 1027 et
2153 989 2238 1028 eos
2269 975 2360 1046 qui
2389 975 2620 1029 adorant
2659 991 2802 1037 eum,
2831 976 2884 1028 in
2921 975 3114 1046 spiritu
3135 983 3186 1028 et
3215 974 3440 1028 veritate
3461 978 3666 1044 oportet

2077 1067 2306 1122 adorare
2326 1069 2394 1122 ".
2445 1068 2526 1124 Ac
2556 1069 2702 1123 sicut
2727 1083 2886 1133 crux,
2924 1084 3046 1140 qua:
3076 1067 3358 1127 adoratur,
3387 1065 3506 1136 ipsa
3529 1080 3669 1135 quo-

2075 1175 2185 1232 que
2213 1176 2544 1232 corporeum
2571 1161 2704 1232 quid
2743 1161 2907 1216 habet
2949 1164 3251 1230 (terrenam
3287 1159 3500 1214 scilicet
3530 1155 3666 1212 sub-

2077 1251 2358 1317 stantiam,
2389 1268 2512 1322 quze
2543 1252 2608 1307 ad
2633 1251 2898 1308 fabricam
2913 1251 3064 1306 illius
3090 1249 3438 1316 assumitur),
3475 1246 3659 1304 omnis

2077 1361 2212 1400 vero
2240 1345 2462 1400 claritas
2488 1355 2546 1401 ct
2569 1346 2976 1418 magniﬁcentia
3003 1346 3228 1400 virtutis
3256 1345 3398 1416 ejus,
3431 1341 3666 1398 interius

2075 1436 2387 1492 aCruciﬂxi
2426 1436 2636 1508 Spiritu
2659 1437 3142 1503 subministratur;
3181 1436 3262 1492 sic
3315 1451 3418 1490 uos
3441 1448 3666 1506 quoque

2077 1529 2354 1599 duplicem
2381 1530 2432 1586 ci
2464 1529 2845 1585 adorationem
2881 1544 2946 1584 ac
2973 1529 3242 1584 honorem
3283 1527 3668 1597 impendamus

2075 1632 2305 1673 necesse
2347 1626 2468 1684 est;
2514 1617 2697 1688 primo
2741 1618 2999 1688 quidem,
3039 1617 3416 1672 adorationem
3452 1629 3576 1684 qua:
3609 1613 3669 1670 in

2077 1709 2275 1779 spiritu
2317 1717 2434 1772 est,
2475 1709 2839 1780 consequenti
2879 1723 3010 1765 vero
3042 1707 3288 1773 ratione,
3318 1705 3486 1762 etiam
3515 1719 3664 1772 eam,

2076 1813 2200 1869 quas
2239 1814 2471 1870 corpore
2503 1806 2798 1870 praestatur

442 1975 778 2045 Ἀποδῶμεν
801 1973 1102 2048 τοιγαροῦν
1135 1976 1195 2030 τὸ
1218 1976 1323 2046 τῆς
1356 1977 1782 2049 προσκυνήσεως
1805 1975 1966 2049 χρέος

2143 1971 2464 2030 lleddamus
2509 1973 2681 2045 igitur
2707 1973 2860 2028 cruci
2897 1972 3106 2030 Christi
3137 1971 3482 2030 adorationis
3504 1972 3667 2030 debi-

357 2069 439 2140 τῷ
468 2069 700 2141 σταυρῷ
729 2069 825 2124 τοῦ
862 2069 1126 2141 Χριστοῦ.
1155 2069 1484 2142 Κάμψωμεν
1511 2069 1660 2140 αὐτῷ
1683 2070 1814 2140 γόνυ
1873 2068 1969 2124 τοῦ

362 2161 624 2232 σώματος
642 2179 660 2194 ·
729 2161 1046 2233 κάμψωμεν
1101 2161 1238 2216 πολὺ
1291 2162 1558 2234 πρότερον
1602 2164 1696 2216 τὸν
1732 2161 1968 2233 ἀκαμπῆ

369 2256 477 2325 τῖ’,ς
517 2256 753 2324 καρδίας
785 2255 1016 2326 αὐχένα,
1048 2253 1144 2308 τὸν
1176 2253 1254 2326 μὴ
1299 2255 1600 2326 δυνάμενον
1627 2255 1970 2326 ύποταγῆναι

380 2348 464 2418 τῷ
491 2349 650 2421 νόμῳ
684 2347 778 2402 τοῦ
821 2347 953 2402 Θεοῦ
979 2364 995 2380 ·
1049 2349 1146 2402 τὸν
1178 2348 1384 2420 αὐθάδη
1418 2347 1564 2418 λέγω
1596 2349 1693 2402 καὶ
1726 2347 1966 2414 ἀλαζόνα

375 2439 484 2509 τῆς
507 2439 799 2508 φιλαυτίας
819 2437 1100 2508 λογισμόν.
1147 2438 1350 2492 Τοῦτον
1381 2437 1651 2510 κλίνωμεν
1677 2438 1967 2511 πρότερον,

363 2528 464 2582 καὶ
490 2527 952 2598 καηκάμφωμεν
987 2527 1066 2598 τῷ
1096 2526 1337 2599 σταυρῷ,
1389 2527 1484 2581 τὸν
1515 2527 1681 2596 ζυγὸν
1707 2527 1969 2599 εὐμαρῶς

357 2620 765 2691 ὑποδεχόμενοι
809 2621 914 2690 τῆς
963 2620 1245 2691 ὑποταγῆς
1286 2619 1381 2674 τοῦ
1413 2619 1654 2692 Χριστοῦ
1681 2637 1696 2652 ο
1743 2620 1841 2674 καὶ
1869 2617 1967 2673 οὔ·

348 2731 465 2778 τως
495 2715 637 2785 ἡμῖν
685 2715 784 2768 καὶ
817 2713 934 2768 τῶν
963 2714 1207 2783 γονάτων
1253 2712 1288 2785 ἡ
1324 2713 1502 2776 κλίσις
1539 2711 1728 2782 δεκτή.
1777 2709 1968 2776 Οὕτως

346 2808 844 2880 προσκυνήσωμεν
893 2808 991 2861 καὶ
1023 2806 1442 2878 προσπέσωμεν,
1493 2805 1569 2870 ὡς
1598 2805 1749 2876 αὐτῷ
1794 2821 1968 2876 προσ-

356 2901 663 2963 πίπτοντες
709 2897 797 2971 τῷ
859 2898 1271 2971 ἐσταυρωμένῳ
1317 2897 1460 2968 ὑπὲρ
1510 2895 1702 2968 ἡμῶν*
1758 2897 1854 2950 καὶ
1879 2896 1969 2950 δο-

358 2992 615 3065 ξὰσωμεν
661 2995 799 3057 ταῖς
854 2993 1155 3058 αἰνέσεσιν,
1211 2991 1308 3046 καὶ
1339 2992 1454 3056 τοῖς
1506 2988 1702 3062 ὕμνοις
1736 2987 1968 3060 ύψώσωο

371 3103 484 3157 μεν.

451 3177 837 3248 ’Υιῐαιὲισωμεν
863 3177 1055 3232 αὑτὸν
1097 3176 1171 3232 ἐν
1206 3175 1334 3244 τοῖς
1382 3176 1630 3233 ἔθνεσιν
1657 3193 1670 3206 ·
1712 3177 1967 3247 ὑψὼσω-

350 3288 468 3341 μετ
494 3269 696 3324 αὐτὸν
744 3268 822 3323 ἐν
849 3267 928 3338 τῇ
1105 3267 1326 3322 Μᾶλλον
1352 3266 1410 3320 δὲ
1441 3267 1563 3322 καθ’
1599 3267 1838 3339 ἑκάστην
1865 3268 1965 3320 αὑ-

353 3367 445 3420 τὸν
490 3365 780 3436 ὑψοῦντες
843 3363 942 3417 καὶ
994 3359 1432 3432 προσκυνοῦντες
1491 3361 1566 3432 μὴ
1597 3359 1964 3432 παυσώμεθα,

352 3459 520 3530 ἄχρις
542 3455 617 3510 ἂν
647 3454 746 3509 ὑπ’
771 3453 944 3510 αὐτοῦ
969 3451 1376 3526 κυϐερνώμενοι
1405 3454 1501 3508 καὶ
1527 3452 1966 3526 ποιμαινόμενοι,

352 3550 451 3607 τὸν
481 3547 736 3620 πονηρὸν
761 3546 957 3600 τοῦτον
979 3545 1150 3600 αίῶνα
1183 3544 1281 3600 καὶ
1311 3545 1412 3610 τὰς
1447 3544 1614 3600 αὐτοῦ
1645 3545 1968 3618 δυσχερείας

350 3641 624 3713 διαϐῆναι
655 3637 1003 3711 δυνηθῶμεν.
1030 3637 1244 3708 Ὥσπερ
1275 3637 1386 3708 γὰρ
1431 3636 1534 3692 οὐκ
1561 3637 1641 3691 ἔνι
1671 3638 1839 3708 χωρὶς
1871 3635 1967 3692 τοῦ

351 3732 598 3806 ἡλιακοῦ
632 3731 800 3786 τοῦδε
846 3731 1024 3802 φωτὶς
1047 3729 1240 3800 βιωτὸν
1267 3728 1520 3801 γενέσθαι
1549 3728 1642 3784 τὸν
1673 3728 1788 3800 βίον
1811 3729 1967 3800 ἠμζν,

351 3825 540 3890 οὕτως
572 3825 707 3879 οὐδὲ
745 3823 930 3894 ψυχὴν
954 3821 1247 3895 ἀνθρώπου
1289 3821 1518 3876 δυνατὸν
1545 3810 1674 3878 ἄνευ
1700 3821 1811 3876 τῶν
1853 3837 1970 3874 νοε-

359 3919 471 3990 pr?»
505 3917 982 3987 ἀπαυγασμάτων
1007 3911 1247 3986 σταυροῦ
1279 3913 1376 3968 τοῦ
1407 3912 1650 3984 Χριστοῦ
1675 3911 1965 3967 διαϐιῶναι

357 4010 508 4065 κατὰ
536 4009 817 4082 Χριστόν.
873 4007 984 4062 Καὶ
1020 4005 1212 4078 ῶσπερ
1253 4005 1532 4076 ἀναγκαία
1573 4007 1689 4069 τοῖς
1728 4003 1898 4069 ζῶσιν
1932 4005 1968 4076 ή

354 4103 450 4158 τοῦ
473 4102 654 4175 ἀέρος
683 4098 954 4171 ἀναπνοὴ,
986 4096 1162 4162 οὕτως
1190 4098 1542 4172 Χριστιανοτς
1589 4097 1970 4169 ἀπαραίτητος

351 4199 390 4269 ἡ
422 4196 752 4270 σημείωσις
782 4191 883 4250 τοῦ
912 4191 1172 4264 σταυροῦ.

427 4312 694 4386 Σταυρδς
737 4309 802 4366 τὸ
833 4306 1061 4382 σημεῖόν
1089 4307 1210 4362 ἐστι
1238 4305 1335 4361 τοῦ
1362 4303 1496 4361 Υἱοῦ
1520 4303 1617 4360 τοῦ
1643 4302 1780 4360 Θεοῦ
1798 4345 1816 4371 ,
1841 4303 1971 4372 δόξα

355 4405 602 4476 Χριστοῦ
623 4444 644 4471 ,
693 4402 908 4473 ὕψωσις
951 4398 1130 4472 Ἰησοῦ
1153 4439 1172 4468 ,
1208 4397 1495 4470 σκῆπτρον
1541 4399 1642 4470 τῆς
1687 4397 1970 4469 βασιλείας

365 4494 482 4548 si»
523 4492 812 4568 οὐρανῶν,
872 4489 1150 4564 βακτηρία
1204 4487 1370 4553 Θεοῦ,
1413 4488 1606 4560 ῥάϐδος
1641 4488 1966 4562 εὐθύτητος,

361 4589 560 4661 ῥάϐδος
591 4587 897 4657 δυνάμεως
924 4623 940 4646 ,
981 4583 1178 4656 ῥάϐδος
1210 4584 1277 4655 ἢν
1332 4582 1480 4653 μάλα
1533 4581 1723 4650 σαφῶς
1771 4583 1806 4654 ἡ
1835 4583 1968 4637 Mm.

347 4680 528 4751 σαῖκὴ
554 4677 759 4746 ἐκείνη
789 4677 1131 4748 προεικόνισε
1173 4672 1390 4747 ῥάϐδος.
1432 4672 1548 4726 Οὐκ
1581 4671 1648 4726 ἂν
1677 4673 1706 4727 ό
1745 4671 1964 4746 Ἰσραὴλ
1997 4669 2042 4727 D

341 4775 572 4838 ἐκεῖνος
595 4771 702 4826 τοῦ
735 4787 801 4824 τε
843 4765 1041 4840 Φαραὼ
1077 4766 1176 4821 καὶ
1217 4765 1329 4820 τῶν
1370 4764 1688 4832 Αἰγυπτίων
1713 4765 1836 4818 τότε
1865 4766 1968 4836 τῆς

342 4867 572 4938 πικρᾶς
603 4863 835 4932 ἐκείνης
875 4857 1200 4931 δουλοσύνης
1244 4859 1342 4914 καὶ
1365 4856 1742 4931 ταλαιπωρίας
1792 4856 1970 4926 ἀπήλ-

337 4959 533 5011 λακτο
551 4974 568 4989 ·
621 4955 734 5008 οῦκ
764 4952 832 5007 ἂν
854 4951 955 5024 τὴν
987 4949 1264 5005 θάλασσαν
1293 4949 1664 5004 ἀνακοπείσαν
1694 4947 1865 5020 αὐτῷ,
1891 4947 1968 5014 ὡς

335 5052 438 5107 διὰ
467 5048 800 5122 χλοηφόρου
825 5047 1060 5102 διέϐαινε
1087 5045 1300 5112 πεδίου,
1328 5045 1378 5099 εἰ
1405 5043 1481 5118 μὴ
1507 5047 1540 5116 ἡ
1567 5043 1763 5116 ῥάϐδος
1781 5043 1968 5116 ἑκείνη

345 5143 408 5196 ἓν
431 5141 602 5213 χειρὶ
627 5136 852 5207 Μωῦσῆ
882 5136 955 5191 τὰ
982 5137 1225 5207 στοιχεῖα
1252 5132 1684 5208 μετεσκεύασεν,
1718 5136 1811 5190 καὶ
1835 5135 1965 5200 τοὺς

344 5233 702 5294 ᾶῦιιοοῦντας
739 5229 1044 5285 ἀπώλεσεν.
1083 5231 1192 5284 Καὶ
1216 5228 1321 5282 οὐκ
1353 5227 1421 5283 ἂν
1446 5229 1612 5298 ἡμεῖς
1637 5227 1734 5283 τοῦ
1762 5228 1962 5300 νοητοῦ

343 5325 592 5396 1ιαριιμιὶι,
646 5322 750 5378 καὶ
777 5321 886 5377 τῶν
913 5321 1006 5376 ὑπ’
1029 5321 1184 5392 αὐτῷ
1234 5321 1736 5393 στρατηγουμένων
1765 5321 1960 5394 δαιμό-

340 5435 464 5472 νων
499 5417 608 5486 τῆς
632 5413 952 5486 τυραννίδος
1001 5413 1408 5485 ἀπηλλάγμεθα
1433 5429 1446 5442 ·
1476 5413 1590 5468 οὐδ’
1627 5413 1718 5482 ἂν,
1746 5413 1848 5487 τῆς
1879 5417 1962 5470 εί-

341 5505 776 5578 ὂωλολατρείας
813 5506 891 5572 ὡς
932 5506 1264 5580 Ἐρυθραίας
1303 5509 1439 5579 ἡμῖν
1491 5507 1774 5580 ῥαγείσης,
1825 5507 1966 5579 πρὸς

341 5602 458 5671 τὴν
483 5600 603 5654 τῶν
645 5599 902 5668 πατέριον
932 5599 1324 5672 κληρονομίαν,
1376 5600 1496 5672 ἦτοι
1533 5601 1635 5671 τὴν
1683 5599 1779 5654 τοῦ
1825 5599 1964 5654 Θεοῦ

343 5694 558 5748 πίστιν
591 5691 696 5748 καὶ
736 5691 1000 5766 ἀλήθειαν
1054 5692 1338 5764 διέϐημεν,
1371 5695 1422 5749 εί
1453 5691 1531 5766 μὴ
1562 5694 1590 5748 ὁ
1626 5691 1723 5748 τοῦ
1753 5692 1962 5765 Κυρίου

2074 2076 2213 2122 tum.
2245 2065 2404 2122 Genu
2430 2064 2484 2120 ei
2523 2064 2778 2135 corporis
2807 2059 3118 2132 ﬂectamus,
3152 2065 3316 2137 longe
3347 2079 3484 2122 vero
3509 2065 3668 2136 prius

2071 2159 2331 2216 inﬂexam
2379 2158 2569 2214 cordis
2618 2158 2924 2225 cervicem,
2981 2159 3092 2230 legi
3139 2158 3240 2215 Dei
3309 2157 3510 2230 subjici
3553 2173 3667 2216 nou

2069 2251 2344 2308 valentem
2387 2250 2742 2323 (protervum
2789 2251 3008 2307 scilicet
3047 2259 3106 2307 et
3142 2258 3492 2322 arrogantem
3535 2249 3666 2312 card

2070 2344 2277 2401 amoris
2307 2359 2374 2401 ac
2410 2343 2659 2399 libidinis
2689 2341 2935 2406 sensum)
2967 2341 3276 2399 ﬂectamus.
3317 2339 3477 2398 Hunc
3509 2341 3667 2412 prius

2067 2440 2222 2497 cruci
2256 2437 2590 2494 inclinemus
2643 2453 2710 2494 ac
2747 2437 3134 2502 incurvemus,
3169 2435 3270 2507 qui
3301 2435 3490 2506 jugum
3528 2434 3667 2489 sub-

2064 2531 2330 2606 jectionis
2347 2531 2554 2586 Christi
2579 2530 2796 2602 placide
2817 2529 3221 2601 suscipiamus:
3247 2527 3438 2599 sicque
3463 2526 3670 2607 licunt

2068 2625 2220 2696 quod
2259 2625 2430 2679 etiam
2474 2638 2652 2695 genua
2695 2621 3004 2687 ﬂectimus,
3047 2631 3336 2691 acceptum
3374 2619 3663 2676 reddatur.

2068 2717 2164 2774 Sic
2184 2717 2482 2772 adoremus
2496 2724 2563 2771 a‘c
2585 2715 2962 2787 procidamus,
2991 2713 3141 2770 velut
3160 2713 3233 2780 ei,
3259 2712 3355 2784 qui
3382 2728 3483 2784 pro
3503 2711 3668 2768 nobis

2069 2807 2225 2864 cruci
2257 2806 2455 2862 aﬂixus
2475 2817 2582 2874 est,
2615 2806 3088 2878 procumbamus;
3115 2805 3486 2877 laudibusque
3515 2804 3668 2860 cele-

2067 2897 2299 2955 bremus
2319 2913 2386 2954 ac
2413 2895 2648 2954 canticis
2675 2897 3006 2954 exaltemus.

2138 3175 2450 3234 Exaltemus
2499 3193 2620 3232 eam
2659 3180 2716 3232 in
2766 3177 3008 3250 gentibus
3046 3193 3068 3233 :
3097 3175 3397 3232 exaltemus
3446 3192 3568 3232 eam
3607 3177 3666 3232 in
3775 3171 3778 3173 Α

2069 3271 2294 3326 terra“.
2325 3271 2587 3337 Quinimo
2607 3286 2728 3326 eam
2757 3269 3004 3342 quotidie
3029 3269 3304 3326 exaltandi
3323 3281 3380 3326 et
3395 3269 3666 3327 adorandi

2068 3367 2286 3423 nullum
2320 3367 2484 3422 tinem
2510 3367 2800 3433 faciamus,
2829 3366 3192 3438 quoadusque
3218 3380 3282 3420 ea
3317 3365 3663 3437 gubernante

2067 3470 2235 3532 atque
2277 3468 2504 3532 regente
2529 3460 2792 3517 saeculum
2819 3459 2928 3516 hoc
2959 3474 3198 3530 nequam
3229 3459 3460 3531 ejusque
3491 3458 3668 3515 mole-

2068 3553 2206 3610 stias
2227 3553 2700 3624 superaverimus.
2732 3549 3210 3620 Quemadmodum
3237 3551 3387 3606 enim
3414 3549 3534 3606 ﬁeri
3553 3563 3666 3605 non

2068 3653 2254 3716 potest
2277 3653 2338 3700 ut
2357 3645 2570 3717 absque
2593 3644 2764 3701 solari
2785 3645 2890 3700 hac
2909 3644 3036 3700 luce
3055 3642 3168 3698 vita
3192 3641 3356 3698 nobis
3381 3639 3666 3697 toleranda

2067 3737 2174 3806 sit,
2217 3737 2299 3798 sic
2327 3752 2510 3810 neque
2545 3736 2788 3793 hominis
2822 3736 3041 3792 animus
3062 3735 3280 3806 absque
3319 3731 3668 3805 spiritalibus

2068 3841 2424 3902 mentemque
2460 3829 2859 3886 irradiantihus
2887 3827 3071 3884 crucis
3101 3825 3310 3884 Christi
3347 3824 3666 3896 splendori-

2034 3923 2040 3929 ’
2068 3921 2174 3978 bus
2200 3921 2514 3980 Christiana
2559 3920 2764 3990 pietate
2800 3918 3020 3974 vixerit.
3053 3917 3133 3972 Ac
3163 3916 3310 3972 sicut
3336 3916 3464 3971 vita:
3495 3929 3666 3971 usura

2066 4012 2380 4071 [ruentibus
2408 4011 2722 4068 necessaria
2753 4010 2900 4066 aeris
2927 4008 3190 4082 Spiratio,
3218 4008 3302 4065 sic
3333 4005 3668 4069 Christianis

2069 4105 2410 4163 inevitabilis
2431 4105 2617 4162 crucis
2646 4104 2994 4177 consignatio
3025 4111 3133 4159 est.

2139 4307 2290 4368 Crux
2327 4309 2544 4384 signum
2589 4317 2677 4367 est
2711 4307 2836 4366 Filii
2873 4306 3007 4374 Dei,
3044 4303 3250 4364 Christi
3285 4303 3496 4378 gloria,
3533 4301 3666 4360 Iesu

2067 4401 2362 4468 cxaltatio,
2413 4410 2694 4472 sceptrum
2739 4401 2898 4474 regni
2945 4397 3371 4466 cmicrum,'Dei
3411 4395 3665 4462 baculus,

2067 4496 2224 4569 virga
2280 4494 2651 4561 directionis,
2703 4495 2856 4566 virga
2911 4494 3186 4550 virtutis:
3251 4492 3444 4563 virga,
3497 4504 3667 4560 quam

2069 4589 2306 4646 Mosaica
2350 4587 2445 4644 illa
2475 4588 2624 4644 clare
2663 4588 2960 4644 admodum
2999 4584 3374 4658 praaiiguravit
3403 4583 3470 4638 ”.
3505 4581 3667 4639 Nun-

2067 4699 2234 4754 quam
2263 4681 2598 4738 lsraeliticus
2627 4680 2720 4739 ille
2749 4681 2990 4754 populus
3016 4695 3203 4736 amara
3239 4687 3370 4736 tunc
3396 4677 3488 4732 illa
3516 4676 3666 4732 Pha-

2068 4771 2260 4828 raonis
2307 4769 2800 4842 Egyptiorumque
2857 4770 3124 4827 servitute
3179 4778 3346 4840 atque
3404 4783 3660 4824 aerumna

2067 4863 2338 4920 liberatus
2383 4873 2565 4930 esset;
2623 4878 2908 4934 nunquam
2963 4861 3287 4919 intercisum
3351 4859 3432 4916 illi
3487 4875 3660 4926 mare,

2065 4955 2222 5012 velut
2249 4954 2455 5010 virenti
2489 4955 2610 5011 solo
2647 4953 2982 5020 incedendo,
3018 4953 3340 5020 transisset,
3371 4950 3478 5008 nisi
3507 4950 3665 5024 virga

2067 5047 2163 5104 illa
2197 5047 2253 5103 in
2277 5063 2445 5103 manu
2469 5045 2636 5104 Mosis
2665 5047 2942 5104 elementa
2983 5054 3285 5116 mutasset,
3321 5054 3487 5119 atque
3512 5045 3662 5117 inju-

2069 5139 2166 5196 ria:
2191 5147 2450 5210 auctores
2469 5137 2808 5210 perdidisset
2832 5155 2846 5194 :
2871 5154 2978 5195 nec
2999 5154 3134 5196 vero
3158 5155 3260 5196 nos
3281 5153 3525 5211 unquam
3550 5135 3663 5210 spi-

2068 5231 2248 5290 ritalis
2273 5231 2578 5290 Pharaonis
2595 5231 2760 5304 eique
2783 5231 3322 5290 succenturiatorum
3347 5231 3658 5288 daemonum

2071 5322 2422 5396 tyrannidem
2449 5338 2674 5380 eramus
2705 5321 3020 5389 excussuri,
3056 5330 3153 5378 aut
3178 5336 3311 5377 vero
3335 5319 3662 5376 simulacro-

2071 5432 2196 5472 rum
2229 5417 2382 5496 cultu
2411 5419 2566 5474 velut
2591 5416 2730 5473 mari
2752 5413 2944 5473 Rubro
2971 5415 3134 5472 nobis
3165 5414 3408 5484 dirupto,
3450 5410 3518 5467 ad
3561 5427 3658 5482 pa-

2073 5517 2220 5564 trum
2251 5507 2632 5565 hzereditatem
2658 5508 2780 5572 (Dei
2811 5507 3025 5564 scilicet
3048 5506 3211 5561 iidem
3250 5519 3316 5558 ac
3340 5501 3656 5575 veritatem)

2069 5601 2578 5670 commeaturi,nisi
2593 5616 2731 5657 crux
2746 5600 3030 5658 Dominica
3047 5595 3445 5668 nequissimum
3463 5595 3656 5652 mundi

2069 5693 2376 5766 principem
2425 5692 2804 5764 proﬂigasset,
2847 5701 3253 5759 ascensumque
3299 5685 3358 5742 in
3419 5686 3649 5754 caelum,

426 5873 680 5971 "iam.
711 5887 789 5942 tv,
813 5870 904 5932 τι.
981 5871 1030 5906 ’⁸
1053 5869 1198 5932 Psal.
1243 5885 1366 5940 ιιν,
1397 5869 1484 5930 Η.
1520 5955 1534 5971 ο
1585 5871 1631 5906 ⁸³
1659 5871 1851 5936 Matth.
1910 5889 1969 5930 ιιι

2114 5869 2215 5938 5οῑ
2273 5871 2420 5931 Psal.
2466 5889 2597 5940 χιιι,
2653 5870 2709 5940 4,
2759 5878 2819 5928 et
2863 5867 3008 5936 xuv,
3065 5867 3138 5938 3;
3189 5883 3297 5935 oux,
3348 5865 3432 5937 ες,
3469 5863 3647 5928 Exod.

347 5963 420 6007 ut
445 5955 568 6004 etc.
