4108 6428
529 383 599 454 31
1740 388 2041 455 ΝΙΟΕΤᾸΞ
2078 395 2147 456 P1

2253 395 2610 460 ILAGONIS
3731 388 3812 459 32

532 497 848 556 inaccessas
903 511 1026 554 cum
1055 505 1231 566 esset,
1289 511 1576 555 accessum
1620 499 1940 558 volentibus
1979 517 2122 573 pra:-

2253 504 2466 575 ςταυρὸς
2478 505 2585 558 ίτὸν
2603 503 2837 576 πονηρὸν
2857 503 3092 575 ἄρχοντα
3119 499 3454 557 καταλέλυκε
3471 498 3566 556 τοῦ
3581 499 3808 574 κόσμου,

532 591 792 652 stitisset.

611 773 785 840 Crux,
828 772 1092 830 Ecclesiae
1154 774 1445 832 catholicae
1485 775 1749 848 splendor
1785 775 2130 848 illustrisque

533 876 790 930 Ornatus,
825 869 1202 940 apostolorum
1251 870 1456 942 gloria,
1501 871 1852 927 sacerdotum
1885 872 2132 928 sanctifi-

533 959 717 1027 catio,
761 969 1064 1032 martyrum
1109 961 1281 1028 tritor,
1323 971 1693 1034 constansque
1735 964 2002 1020 adversus
2029 981 2131 1021 ne-

537 1051 842 1122 quissimos
871 1051 1161 1122 patientia.
1185 1053 1409 1109 Piorum
1441 1069 1506 1109 ac
1533 1054 1930 1110 monachorum
1959 1055 2136 1111 firmi-

538 1153 648 1209 tas,
673 1145 1035 1218 omniumque
1051 1146 1329 1217 justorum
1355 1144 1491 1200 fides
1508 1153 1674 1214 atque
1697 1159 1852 1216 spes,
1881 1145 2132 1201 omnium

542 1233 782 1306 denique
798 1245 1116 1292 sanctorum
1139 1236 1399 1308 gaudium
1421 1247 1478 1292 et
1497 1252 1700 1292 corona
1723 1237 2130 1294 exsultationis.

537 1327 622 1384 Ne
652 1328 740 1382 lex
771 1328 996 1400 quidem
1023 1345 1221 1400 expers
1255 1330 1481 1385 virtutis
1513 1331 1731 1386 crucis:
1759 1346 1864 1386 nec
1892 1331 1985 1402 qui
2010 1347 2136 1403 gra-

538 1429 656 1476 tam
685 1437 1015 1492 praacessere
1042 1422 1218 1477 sancti
1252 1423 1462 1493 absque
1492 1439 1557 1478 ea
1588 1423 1947 1480 admirabiles
1976 1442 1990 1478 :
2023 1424 2128 1481 sed

539 1522 601 1570 et
632 1513 690 1570 in
721 1513 828 1570 illis
850 1514 1114 1585 paulatim
1138 1515 1392 1570 obscuris
1413 1517 1571 1586 quasi
1597 1517 1813 1572 umbris
1835 1517 2133 1584 delineata,

542 1621 700 1660 suam
728 1607 960 1677 gloriam
988 1606 1211 1678 vimque
1250 1606 1724 1664 submonstrabat.
1755 1607 1892 1662 Nam
1928 1616 1984 1662 et
2017 1623 2136 1663 ma-

542 1712 685 1768 gnus
713 1698 991 1768 quondam
1025 1699 1203 1754 Moses
1239 1698 1499 1753 manibus
1534 1698 1590 1752 in
1625 1698 1826 1753 malum
1867 1698 2049 1754 crucis
2075 1698 2138 1753 ﬁ-

541 1805 679 1861 gura
709 1789 975 1856 extensis,
1007 1789 1328 1846 Amalecum
1360 1789 1569 1861 fugavit
1603 1805 1666 1845 ac
1699 1789 1845 1844 fudit
1865 1789 1932 1844 ³⁸.

616 1966 768 2024 Crux
786 1975 1068 2022 armatura
1087 1965 1422 2022 Christianis
1441 1963 1699 2019 omnibus
1716 1963 2137 2019 invulnerabilis

547 2075 614 2116 ac
643 2059 1104 2130 inexpugnabilis.
1147 2057 1338 2112 Murus
1366 2071 1572 2122 azneus,
1609 2057 1826 2112 cunctis
1858 2057 2139 2111 latronum

545 2152 856 2210 insultibus
884 2150 1299 2222 insuperabilis.
1333 2149 1530 2204 Turris
1568 2148 1913 2204 fortitudinis
1938 2165 1970 2203 a
1997 2149 2139 2204 facie

547 2245 923 2307 inimicorum.
954 2243 1311 2315 Signaculum
1337 2243 1551 2313 regium
1580 2241 1904 2296 inviolabile
1934 2255 2000 2296 ac
2050 2241 2140 2296 in-

545 2339 910 2396 adulterabile
931 2339 1116 2393 :locus
1142 2336 1390 2392 munitus
1413 2352 1478 2391 ac
1503 2346 1655 2391 tutus
1679 2335 1746 2390 ad
1770 2335 2026 2398 salutem,
2053 2333 2142 2389 his

548 2431 649 2503 qui
683 2433 1132 2503 persecutionem
1197 2431 1485 2501 patiuntur
1514 2448 1528 2484 :
1565 2430 1764 2485 domus
1803 2427 2024 2499 refugii,
2055 2427 2144 2483 his

548 2524 646 2596 qul
679 2540 710 2579 a
742 2537 970 2594 peccato
1001 2523 1400 2594 impugnantur
1428 2542 1441 2576 :
1473 2523 1600 2578 vitae
1627 2523 2018 2593 pbarmacum,
2055 2521 2143 2577 his

547 2631 788 2688 quorum
821 2617 932 2672 vita
963 2615 1018 2671 in
1049 2617 1304 2687 periculo
1330 2626 1585 2672 versatur
1609 2618 1678 2670 ³⁷.

617 2707 818 2766 Crucis
854 2709 1073 2781 signum
1103 2710 1282 2765 Moses
1312 2708 1638 2780 effingebat,
1675 2726 1802 2766 cum
1837 2709 1894 2766 in
1923 2709 2144 2766 deserto

549 2800 687 2856 olim
720 2816 753 2856 e
782 2813 939 2857 recto
965 2802 1115 2873 ligno
1141 2802 1295 2857 velut
1329 2802 1497 2868 malo,
1519 2810 1834 2872 serpentem
1867 2812 2146 2858 transver-

549 2909 674 2952 sum
695 2904 1034 2966 exponeret:
1070 2911 1135 2951 ac
1157 2894 1202 2950 si
1225 2895 1372 2966 quod
1395 2894 1718 2950 letlriferum
1740 2895 1895 2951 virus
1916 2910 2145 2966 serpens

548 3001 738 3042 morsu
759 2986 1096 3052 immisisset,
1129 3002 1197 3043 eo
1229 2987 1413 3052 laesus,
1440 2987 1498 3041 in
1528 3002 1648 3041 eam
1677 2989 1865 3042 statim
1890 2987 2055 3058 pilam
2079 3002 2146 3042 ac

549 3077 904 3134 simulacrum
937 3079 1186 3150 aspicere
1213 3078 1532 3150 jubebatur.
1563 3078 1687 3134 Mox
1720 3079 1887 3151 igitur
1911 3094 1978 3134 ac
2002 3094 2134 3149 per-

549 3185 752 3227 cussus
777 3169 960 3226 crucis
987 3171 1148 3242 signo
1172 3172 1476 3227 adhibebat
1497 3173 1745 3236 oculum,
1775 3172 1945 3228 etiam
1972 3187 2143 3227 vene-

2231 597 2328 650 καὶ
2350 596 2447 667 τὴν
2475 597 2616 668 πρὸς
2654 595 2884 667 ούρανδν
2913 594 3120 659 ἄνοδον,
3147 593 3350 648 ᾰϐατον
3379 590 3566 659 οὖσαν,
3620 593 3808 664 εἰργά-

2233 705 2365 742 σατο
2393 692 2506 752 τοῖς
2542 688 2889 759 βουλομένοις
2917 687 3108 758 βατήν.

2304 782 2546 853 Σταυρὸς
2575 782 2678 851 τῆς
2704 781 2998 851 καθολικῆς
3034 778 3364 850 Ἐκκλησίας
3388 780 3419 832 6
3446 779 3817 850 λαμπρυσμός

2231 893 2292 930 τε
2321 875 2417 930 καὶ
2461 875 2781 945 πολισμὸς·
2809 874 2919 927 τῶν
2968 871 3283 928 ἀποστόλων
3323 874 3352 926 6
3379 872 3768 941 καλλωπισμὸς
3794 891 3810 907 ο

2231 968 2342 1022 τῶν
2371 968 2564 1040 ἱερέων
2594 968 2622 1020 6
2656 967 2930 1038 ἁγιασμός
2950 982 2966 996 ·
2991 966 3102 1019 τῶν
3132 965 3425 1036 μαρτύρων
3447 967 3475 1018 6
3496 964 3817 1036 ἀγλαϊσμδς,

2234 1060 2332 1114 καὶ
2358 1061 2392 1131 ή
2425 1059 2562 1130 πρὸς
2607 1059 2735 1122 τοὺς
2783 1058 3055 1128 πονηροὺς
3081 1056 3360 1119 ἀνένδοτος
3389 1055 3636 1126 ὑπομονὴ
3662 1069 3676 1084 '
3712 1054 3818 1110 τῶν

2233 1151 2396 1206 ὁσίων
2416 1153 2446 1206 ὁ
2468 1151 2792 1221 στηριγμὺς,
2820 1151 2914 1204 καὶ
2944 1150 3162 1203 πάντων
3180 1148 3290 1202 τῶν
3319 1147 3598 1219 δικαίωνή
3631 1148 3815 1211 πίστις

2235 1246 2330 1298 καὶ
2362 1246 2396 1315 ἠ
2420 1245 2593 1310 ἐλπὶς,
2630 1245 2726 1297 καὶ
2764 1244 2984 1297 πάντων
3018 1243 3190 1310 ἁγίων
3233 1243 3379 1314 χαρὰ
3427 1242 3522 1295 καὶ
3551 1241 3812 1310 στέφανος

2235 1334 2579 1404 καυχήσεως.
2612 1333 2748 1386 Ούδὲ
2777 1334 2806 1386 6
2835 1333 2998 1403 νόμος
3027 1334 3256 1402 ἄμοιρος
3285 1333 3385 1401 τῆς
3409 1331 3693 1402 δυνάμεως
3719 1333 3810 1387 τοῦ

2237 1425 2475 1496 σταυροῦ
2493 1441 2506 1454 ⁶
2542 1424 2664 1478 οὐδὲ
2689 1427 2738 1478 οἱ
2761 1424 2866 1495 πρὸ
2888 1425 2988 1494 τῆς
3009 1423 3232 1495 χάριτος
3259 1424 3403 1492 ἆγιοι
3426 1423 3621 1476 τούτου
3649 1425 3810 1494 χωρὶς

2238 1517 2580 1589 θαυμαστοί·
2629 1517 2766 1572 ἀλλὰ
2817 1517 2913 1570 καὶ
2947 1517 3006 1570 έν
3046 1515 3278 1580 ἐκείνοις
3327 1518 3515 1588 ἠρέμα
3552 1533 3810 1587 σκιαγραο

2239 1609 2528 1680 φούμενος,
2561 1607 2659 1678 τὴν
2696 1607 2830 1661 ίδίαν
2852 1607 3010 1671 δόξαν
3057 1607 3323 1676 ὑπέφαινε
3340 1608 3436 1661 καὶ
3465 1607 3642 1676 ἰσχύν.
3661 1607 3812 1660 Ἐπεὶ

2240 1700 2334 1754 καὶ
2362 1699 2569 1768 Μωσῆς
2609 1700 2637 1752 6
2671 1698 2844 1768 μέγας
2900 1697 3032 1750 ποτὲ
3074 1697 3439 1769 σταυροειδῶς
3493 1697 3594 1759 τὰς
3640 1698 3823 1768 χεῖρας

2241 1789 2380 1863 πρὸς
2412 1789 2640 1862 οὐρανὸν
2684 1788 3058 1859 ἐκτεινόμενος
3146 1789 3238 1843 τὸν
3275 1789 3524 1860 Ἀμαλὴκ
3575 1787 3824 1862 ὲτροπώ-

2174 1871 2220 1930 Β
2252 1901 2402 1939 σατο.

2313 1976 2573 2046 Σταυρδς,
2607 1975 2770 2030 ὅπλον
2803 1975 3152 2048 Χριστιανοῖς
3182 1975 3348 2028 πᾶσιν
3395 1973 3708 2042 ἄθραυστον
3736 1972 3828 2026 καὶ

2240 2068 2598 2138 ἀπρόσμαχον
2618 2081 2632 2094 ·
2663 2067 2841 2136 τεῖχος
2863 2064 3118 2137 χαλκοῦν,
3144 2064 3344 2126 πάσαις
3371 2063 3582 2131 ἐφόδοις
3615 2063 3830 2134 λῃστρι-

2241 2162 2364 2223 καῖς
2421 2157 2748 2212 ἀνεπίϐατον
2775 2174 2790 2189 ο
2853 2158 3063 2228 πύργος
3127 2155 3309 2227 ἰσχύος
3370 2155 3478 2209 ἀπὸ
3536 2155 3829 2224 προσώπου

2239 2251 2470 2322 ἐχθρῶν.
2513 2251 2772 2322 Βασιλικὴ
2802 2251 3038 2321 σφραγὶς
3067 2250 3467 2320 ἀπαράτρωτος
3490 2249 3583 2301 καὶ
3609 2250 3831 2320 ἀπαρα-

2243 2344 2464 2415 ποίητος
2487 2358 2500 2370 ·
2535 2345 2702 2406 τόπος
2737 2341 2934 2416 ὀχυρὸς
2972 2345 3083 2404 τοῖς
3117 2340 3473 2410 διωκομένοις
3526 2342 3608 2403 είς
3655 2359 3834 2412 σωτη-

2246 2437 2398 2508 ρίαν·
2435 2432 2581 2499 οἶκος
2612 2435 2959 2504 καταφυγῆς,
2991 2436 3104 2497 τοῖς
3134 2433 3193 2499 ἐξ
3238 2433 3514 2504 ἁμαρτίας
3561 2433 3830 2504 πολεμου-

2247 2531 2464 2600 μένοις·
2503 2530 2653 2598 ζωῆς
2705 2528 3020 2600 φάρμακον,
3063 2529 3180 2592 τοῖς
3233 2526 3314 2593 είς
3353 2525 3589 2582 θάνατον
3641 2527 3833 2583 κινδυ-

2243 2621 2513 2678 νεύουσιν.

2316 2713 2557 2784 Σταυρὸν
2611 2712 2816 2767 ἐτύπου
2874 2711 3102 2782 Μωσῆς,
3155 2709 3323 2782 ὀρθίῳ
3378 2709 3521 2781 ξύλῳ
3576 2711 3832 2790 καθάπερ

2245 2806 2380 2878 ίστῷ
2407 2805 2642 2877 χαλκοῦν
2670 2806 2795 2876 ὄφιν
2823 2805 3117 2874 ὲγκάρσιον
3138 2805 3230 2857 ἐπὶ
3250 2803 3351 2872 τῆς
3379 2803 3584 2874 ἐρήμου
3616 2805 3675 2858 τὸ
3699 2807 3832 2878 πρὶν

2244 2895 2586 2960 ἐκδεδωκώς·
2623 2895 2719 2950 καὶ
2751 2896 2804 2950 εἴ
2830 2914 2884 2950 τι
2934 2894 3309 2965 θανατηφόρον
3365 2894 3443 2948 ίδν
3481 2894 3599 2964 ὄφις
3661 2897 3834 2954 ἐναπ-

2250 2987 2426 3058 ήμεσε
2474 2985 2676 3050 δακὼν,
2700 2987 2886 3057 ἐκείνῃ
2937 2985 3303 3056 προσϐλέπειν
3349 2985 3513 3048 εὐθὺς
3545 2989 3610 3058 τῇ
3663 2987 3840 3059 στήλῃ

2246 3079 2620 3150 παρήγγελτο.
2657 3079 2813 3150 ’Ἅμα
2869 3077 3048 3130 τοίνυν
3094 3075 3175 3148 τῷ
3227 3077 3385 3149 τύπῳ
3440 3077 3538 3131 τοῦ
3602 3078 3840 3149 σταυροῦ

2247 3173 2527 3241 προσεῖχε,
2557 3171 2653 3224 καὶ
2691 3169 2753 3222 τὸ
2787 3169 2991 3223 ἰοϐόλον
3040 3168 3351 3240 ἠμϐλύνετο
3395 3170 3603 3242 δῆγμα,
3634 3170 3732 3224 καὶ
3780 3169 3841 3223 τὺ

550 3262 667 3318 nati
696 3263 779 3318 vis
817 3279 1036 3319 morsus
1059 3263 1491 3336 elanguescebat
1521 3305 1536 3330 ,
1579 3279 1835 3333 noxaque
1860 3263 2147 3318 interitum

2253 3261 2601 3332 ὀλεθροτόκον
2650 3259 2839 3314 ἐλύετο
2871 3261 3035 3328 πῆμα
3058 3277 3074 3292 ·
3107 3260 3204 3313 καὶ
3237 3260 3468 3330 ἄμισθον
3500 3261 3702 3316 αὐτίκα
3739 3261 3834 3330 τήν

551 3355 794 3412 afferens
821 3356 1160 3424 facessebat;
1188 3373 1252 3412 ac
1272 3356 1566 3412 confestim
1589 3357 1685 3427 qui
1711 3371 1928 3410 morsus
1948 3356 2148 3419 fuerat,

551 3449 811 3506 sanitatis
851 3448 1161 3504 remedium
1201 3449 1349 3504 ultro
1400 3464 1724 3505 concessum
1764 3447 2059 3503 referebat.
2094 3447 2152 3503 Si

555 3550 742 3598 autem
808 3542 991 3598 crucis
1041 3541 1215 3613 figura
1280 3541 1556 3598 vivificam
1599 3541 1736 3596 adeo
1774 3542 2152 3611 operationem

558 3634 875 3704 praebebat,
905 3635 1081 3692 multo
1125 3635 1298 3707 magis
1327 3650 1464 3690 crux
1497 3633 1636 3706 ipsa.
1665 3632 1722 3688 Si
1751 3632 1976 3703 quidem
2003 3631 2154 3686 enim

558 3724 712 3782 Petri
755 3726 952 3781 umbra
989 3725 1240 3782 infirmos
1274 3725 1504 3781 sanabat
1548 3724 1648 3797 (uti
1682 3739 1840 3780 sacro
1874 3723 2154 3794 proditum

558 3819 867 3889 eloquio-ac
886 3818 1162 3882 creditum
1184 3818 1314 3890 est),
1329 3819 1489 3890 longe
1515 3817 1701 3888 potius
1725 3817 1841 3887 ipse
1865 3817 2063 3872 Petrus
2086 3816 2159 3871 ’³.

631 3908 782 3965 Crux
833 3907 1131 3965 sacerdotii
1186 3907 1599 3963 consummatio
1652 3921 1717 3961 ac
1769 3905 2154 3978 signaculum,

562 4002 781 4074 imperii
811 4003 980 4057 robur
1015 4017 1080 4058 ac
1109 4001 1552 4064 fundamentum,
1586 4008 1831 4072 potestas
1867 3999 2157 4070 magistra-

563 4102 742 4162 tuum,
769 4105 1050 4150 armatura
1074 4094 1302 4156 ducum,
1337 4095 1569 4150 victoria
1605 4095 1842 4152 militum
1883 4112 1948 4152 ac
1978 4097 2157 4151 victo-

564 4185 662 4244 ria!
685 4195 973 4257 tropazum,
1026 4195 1143 4241 tuta
1167 4187 1319 4242 salus
1344 4203 1446 4257 pro
1471 4188 1706 4257 imperio
1727 4189 2160 4255 dominantium,

567 4281 917 4338 subditorum
956 4283 1285 4352 compositio
1320 4297 1384 4335 ac
1418 4283 1751 4338 constantia.
1783 4283 1933 4339 Crux
1968 4284 2159 4339 erudi-

570 4383 753 4429 torum
799 4372 1106 4444 sapientia,
1142 4371 1522 4442 insipientium
1563 4372 1881 4443 disciplina,
1925 4373 2158 4429 divitum

567 4465 954 4521 fulcimentum
991 4478 1057 4518 ac
1090 4462 1522 4528 firmamentum,
1564 4479 1870 4533 pauperum
1910 4464 2162 4534 gloriatio

568 4565 627 4612 et
654 4555 936 4619 solatium,
977 4569 1168 4608 eorum
1198 4554 1293 4624 qui
1319 4561 1615 4608 versantur
1642 4553 1700 4608 in
1727 4569 1994 4619 aerumna,
2025 4570 2161 4625 gau-

2255 3353 2401 3408 τασιν
2427 3352 2454 3403 6
2484 3351 2702 3422 δηχθεὶς
2734 3350 3042 3422 ἐκομίζετο.
3077 3351 3138 3404 Ei
3189 3351 3244 3403 δὲ
3290 3353 3318 3404 6
3345 3350 3440 3404 τοῦ
3474 3353 3712 3422 σταυροῦ
3741 3351 3834 3403 τύ-

2255 3462 2356 3508 πος
2388 3443 2651 3508 ζωοποιὸν
2673 3441 2816 3496 οὕτω
2845 3443 3112 3512 παρεῖχεν
3159 3442 3462 3513 ἐνέργειαν,
3495 3443 3682 3515 πολλῷ
3711 3444 3843 3515 μείλ-

2252 3537 2342 3591 λον
2369 3540 2398 3591 6
2429 3537 2660 3607 σταυρὸς
2689 3535 2849 3599 αὑτός
2874 3552 2888 3566 ·
2917 3537 2966 3588 εἰ
2996 3535 3103 3604 γὰρ
3135 3537 3166 3606 ή
3201 3537 3330 3590 σκιὰ
3355 3536 3450 3589 τοῦ
3479 3538 3697 3609 Πέτρου
3724 3537 3852 3600 τοὺς

2254 3629 2616 3693 ἀσθενοῦντας
2676 3627 2862 3682 ἰᾶσθαι
2920 3627 3016 3681 καὶ
3077 3627 3504 3700 μεμαρτύρηται
3550 3631 3644 3683 καὶ
3678 3629 3853 3682 πεπί-

2258 3739 2502 3788 στευται,
2537 3721 2670 3776 πολὺ
2710 3719 2927 3791 πρῶτον
2954 3721 2982 3772 6
3019 3719 3221 3792 Πέτρος
3251 3721 3434 3784 αὐτός.

2328 3906 2573 3977 Σταυρὸς
2602 3905 2702 3976 τῆς
2744 3903 3046 3975 ἱερωσύνης
3079 3904 3112 3974 ὴ
3143 3902 3422 3967 τελείωσις
3451 3903 3545 3956 καὶ
3574 3904 3867 3974 σφραγίςο

2257 4000 2354 4070 τῆς
2389 3997 2662 4070 βασιλείας
2703 3997 2736 4068 ἡ
2771 3996 3107 4067 κραταίωσις
3135 3995 3230 4050 καὶ
3265 3995 3470 4066 κρηπίς
3496 4012 3509 4027 ·
3549 3997 3582 4068 ἡ
3612 3995 3870 4068 δύναμις

2257 4088 2366 4142 τῶν
2395 4085 2694 4150 δυναστῶν,
2751 4086 2786 4156 ἡ
2816 4083 3090 4139 πανοπλία
3117 4083 3227 4137 τῶν
3255 4082 3601 4154 στρατηγῶν,
3651 4085 3690 4154 ἡ
3733 4085 3878 4162 νίκη

2258 4173 2367 4225 τῶν
2403 4171 2747 4244 στρατιωτῶν
2800 4171 2896 4226 καὶ
2936 4171 3036 4242 τῆς
3088 4170 3248 4241 νίκης
3284 4171 3344 4225 τὸ
3386 4164 3650 4242 τρόπαιον
3674 4187 3692 4210 ε
3752 4174 3874 4228 τῶν

2260 4265 2597 4336 ἀρχόνσιωνή
2630 4263 2900 4333 ἀσφάλεια
2937 4262 3038 4332 τῆς
3064 4260 3261 4334 ἀρχῆς,
3313 4262 3423 4316 τῶν
3457 4263 3805 4334 ἀρχομένων
3833 4268 3872 4338 ἡ

2261 4356 2483 4422 εὐταξία
2514 4373 2573 4410 τε
2605 4356 2703 4410 καὶ
2747 4355 3061 4410 εὐστάθεια.
3126 4353 3366 4426 Σταυρὺς
3413 4355 3521 4409 τῶν
3550 4357 3878 4411 πεπαιδευ-

2276 4448 2452 4519 μένων
2474 4452 2507 4519 ή
2541 4447 2723 4518 σοφία,
2754 4447 2863 4501 τῶν
2889 4447 3110 4516 ἁσόφων
3142 4448 3177 4518 ή
3211 4446 3514 4510 παίδευσις,
3542 4446 3656 4500 τῶν
3688 4447 3884 4504 πλου-

2267 4539 2400 4593 σίων
2431 4539 2665 4611 ἔρεισμα
2686 4539 2784 4594 καὶ
2812 4539 3159 4610 κραταίωμα,
3179 4537 3288 4592 τῶν
3313 4540 3563 4609 πενήτων
3585 4539 3885 4612 καύχημά

569 4643 727 4699 dium
748 4652 804 4699 et
819 4643 1137 4710 exsultatio,
1178 4659 1373 4698 eorum
1402 4644 1496 4714 qui
1521 4644 1730 4698 morbis
1750 4643 2147 4710 conﬂictantur.

2265 4649 2325 4684 τε
2378 4631 2472 4684 καὶ
2511 4631 2908 4703 παρηγόρημα,
2939 4630 3049 4683 τῶν
3108 4632 3168 4683 ἐν
3229 4629 3474 4700 θλίψεσιν
3525 4633 3888 4704 χαρμοσύνη

572 4738 782 4793 sanitas
807 4747 864 4793 et
899 4737 1289 4808 refrigerium,
1337 4752 1530 4792 eorum
1559 4737 1654 4806 qui
1693 4736 1748 4790 in
1785 4737 2004 4792 cunctis
2035 4737 2163 4792 vita:

575 4831 736 4886 malis
789 4839 992 4901 agunt,
1047 4827 1341 4884 azdiflcatio
1391 4827 1810 4896 exhortatioque
1862 4836 1921 4882 et
1968 4842 2165 4882 conso-

573 4923 729 4979 latio.

646 5015 794 5071 Crux
821 5014 1068 5070 omnium
1122 5023 1440 5069 sanctorum
1477 5012 1795 5083 angelorum
1830 5010 2085 5082 gloriatio
2105 5018 2163 5065 et

573 5121 816 5172 corona,
860 5105 1172 5159 daamonum
1212 5105 1463 5158 omnium
1510 5106 1665 5176 plaga
1704 5121 1769 5160 ac
1799 5104 2118 5170 ,confractio
2143 5145 2158 5170 ,

573 5195 891 5253 Judzeorum
919 5195 1150 5251 offensio
1169 5205 1226 5250 et
1245 5197 1468 5252 afflictio
1488 5239 1502 5262 ,
1535 5197 1838 5251 infidelium
1859 5196 2161 5252 confutatio

571 5299 631 5345 et
647 5288 1069 5354 condemnatio,
1100 5287 1342 5343 fidelium
1371 5289 1717 5344 conservatio
1740 5299 1796 5344 et
1819 5288 2161 5361 justifieatio,

573 5382 896 5438 cadentium
929 5381 1216 5446 cxcitatio,
1251 5380 1516 5436 elisorum
1543 5380 1750 5437 erectio
1775 5382 1842 5436 ³⁸.

649 5637 800 5696 Crux
813 5648 1202 5699 mortuorum
1220 5638 1355 5702 vita,
1383 5636 1764 5709 depositorum
1788 5654 1934 5710 spes,
1960 5639 2164 5696 virtute

2267 4725 2361 4778 καὶ
2389 4723 2706 4791 ἀγαλλίασις
2726 4763 2741 4789 ,
2774 4723 2884 4776 τῶν
2917 4726 2974 4776 ὲν
3003 4725 3305 4794 νοσήμασιν
3340 4722 3482 4785 ἴασις
3514 4724 3610 4776 καὶ
3637 4726 3888 4796 ἀνάψυ-

2268 4816 2378 4882 ξις,
2435 4816 2546 4868 τῶν
2574 4817 2633 4871 ἐν
2661 4819 2828 4869 πᾶσιν
2862 4815 3270 4887 ἐξεταζομένων
3325 4815 3422 4869 τοῦ
3479 4816 3595 4886 βίου
3661 4820 3894 4883 κακοῖς

2264 4906 2523 4977 οἰκοδομὴ
2561 4907 2657 4960 καὶ
2687 4907 3038 4977 παράκλησις
3068 4906 3162 4959 καὶ
3195 4906 3544 4977 παραμυθία.

2334 4999 2572 5070 Σταυρὺς
2621 4998 2732 5051 τῶν
2783 4998 2957 5066 ἁγίων
3002 4997 3251 5067 ἀγγέλων
3297 4998 3522 5052 πάντων
3576 4998 3638 5052 τὸ
3671 5001 3893 5067 ἀγαλ-

2265 5087 2440 5160 λίαμα
2489 5089 2585 5142 καὶ
2644 5089 3022 5158 στεφάνωμα,
3079 5089 3190 5143 τῶν
3253 5089 3530 5159 δαιμόνων
3591 5090 3898 5148 ἁπάντων

2269 5181 2526 5253 θραῦσμα
2551 5183 2646 5236 καὶ
2669 5183 3030 5253 συντριμμὺς,
3061 5182 3168 5237 τῶν
3209 5183 3482 5236 Ἰουδαίων
3517 5181 3904 5258 πρόσκομμα

2265 5274 2363 5327 καὶ
2394 5273 2650 5344 θλιμμὺς,
2678 5273 2791 5328 τῶν
2830 5275 3080 5327 ἀπίστων
3107 5273 3321 5342 ἔλεγξις
3357 5273 3452 5326 καὶ
3495 5273 3901 5346 κατάκρισις,

2264 5365 2376 5420 τῶν
2403 5365 2612 5420 πιστῶν
2651 5367 2982 5436 συντήρησις
3029 5365 3124 5418 καὶ
3153 5364 3495 5434 δικαίωσις,’
3517 5365 3627 5420 τῶν
3682 5383 3906 5423 κατα.-

2266 5460 2575 5512 πιπτόντων
2607 5459 2924 5525 ἀνάστασις,
2957 5459 3066 5515 τῶν
3118 5459 3659 5532 καταρῥηγνυμένων
3703 5460 3909 5536 ἀνόρ-

2271 5550 2458 5612 θωσις.

2340 5640 2585 5712 Σταυρδς
2612 5639 2725 5712 ζωὴ
2745 5640 3237 5714 τεθανατωμένων,
3264 5641 3422 5708 ὲλπὶς
3451 5642 3560 5696 τῶν
3589 5643 3910 5718 ἀπεγνω-

657 5845 700 5878 ⁸⁶
727 5847 904 5905 Exod.
931 5865 1064 5920 xvrl,
1098 5851 1182 5908 Η.
1262 5851 1312 5886 ¹⁷
1339 5850 1483 5908 Psal.
1511 5867 1596 5921 ιχ,
1632 5851 1694 5918 4;
1731 5852 1873 5909 Psal.
1912 5868 2034 5919 Lxx,
2071 5851 2124 5920 5;

2253 5853 2308 5909 ιι.
2343 5870 2466 5921 xxx,
2503 5854 2556 5908 ’5.
2625 5853 2669 5907 2⁸
2704 5851 2824 5909 Act.
2855 5870 2908 5922 ν,
2943 5856 3025 5911 l5.
3100 5857 3144 5888 ’°
3176 5855 3318 5912 Psal.
3342 5869 3519 5922 cxuv,
3553 5854 3632 5910 14.
