4108 6414
643 274 718 340 35

639 389 1112 464 (augustissimam
1138 389 1352 446 scilicet
1375 386 1662 458 Helenam)
1692 385 1988 460 diligenter
2014 395 2224 443 scruta-
2252 387 2296 448 Α

639 493 731 539 tus
757 481 1000 553 reperit,
1043 492 1435 553 repertumque
1479 481 1735 552 religiose
1785 479 1928 535 adeo
1967 480 2142 536 coluit
2175 489 2232 535 et

636 574 936 640 exaltavit,
991 582 1053 629 ut
1080 575 1202 646 ejus
1232 573 1395 645 longe
1425 572 1648 628 claritas
1689 571 1746 628 in
1779 586 2000 628 omnem
2039 569 2229 626 orbem

633 663 926 719 exuberet.

704 845 843 912 Quis
875 859 1007 900 vero
1031 843 1110 900 illi
1135 859 1234 916 spe
1268 843 1579 909 devinctus,
1603 841 1671 897 ad
1695 842 1818 913 ejus
1841 839 2224 897 adorationem

635 955 746 994 nou
781 939 1027 995 occurrit
1049 938 1225 1006 ?Quis
1254 953 1364 992 non
1398 937 1602 992 eaaltat
1621 945 1787 1006 atque
1803 934 1996 990 adorat
2014 933 2230 990 scabel-

635 1033 750 1089 lum
783 1033 986 1104 pedum
1017 1032 1234 1088 Domini
1269 1032 1365 1087 Dei
1391 1031 1586 1090 nostri.
1613 1029 1744 1100 quia
1784 1037 2010 1084 sanctus
2036 1037 2122 1084 est
2144 1027 2230 1081 ”?

637 1126 774 1193 Quis
799 1140 908 1180 non
936 1124 1126 1180 laudat
1169 1140 1234 1180 ac
1266 1123 1737 1195 magnificateam,
1763 1137 1885 1191 quae
1913 1130 2226 1176 emortuum

637 1231 814 1289 genus
837 1225 1087 1272 nostrum
1122 1231 1189 1271 ex
1214 1225 1389 1270 morte
1414 1225 1473 1270 et
1509 1213 1710 1268 inferni
1735 1213 2047 1284 perditione
2071 1211 2224 1267 exal-

641 1308 782 1364 tavit
827 1315 886 1363 et
937 1306 1284 1362 viviﬁcavit?
1329 1306 1488 1361 Nunc
1542 1304 1785 1376 gaudent
1833 1304 2014 1376 angeli
2060 1312 2226 1375 atque

635 1399 916 1457 exsultant
959 1397 1295 1468 archangeli,
1327 1412 1452 1452 cum
1481 1397 1684 1468 quibus
1707 1394 1870 1452 etiam
1895 1397 2096 1452 choros
2119 1396 2226 1451 du-

1862 269 2157 334 NICETIE
2191 268 2721 333 PAPHLAGONIS

3826 263 3887 332 36

2331 388 2608 460 ρυγμένον
2639 386 2882 458 βάθεσιν,
2919 383 3008 440 διὰ
3031 383 3133 457 τῆς
3169 382 3466 448 πανολδίας
3487 380 3656 438 αὐτοῦ
3687 383 3888 455 μητρὶς,

2333 481 2434 551 τῆς
2474 479 2865 551 κοσμιωτάτης
2894 478 3112 548 Ἑλένης
3147 478 3312 547 λέγω,
3361 476 3664 547 φιλοπόνως
3693 475 3892 546 ἁνερευ·

2331 573 2639 644 νησάμενος
2667 566 2827 644 εὗρεν
2847 589 2861 603 ·
2894 573 2989 625 καὶ
3023 570 3223 641 εὑρὼν,
3265 570 3531 640 φιλοθέως
3567 567 3817 638 ἐτίμησέν
3839 586 3891 622 τε

2332 668 2428 721 καὶ
2461 666 2678 737 ὕψωσεν
2711 665 2806 718 ἐπὶ
2834 664 3124 730 τοσοῦτον,
3157 663 3234 728 ὼς
3280 665 3380 736 τὴν
3424 663 3590 718 αὐτοῦ
3626 662 3778 728 δόξαν
3818 663 3892 728 είς

2331 761 2513 814 πᾶσαν
2547 757 3044 832 ύπερπερισσεύειν
3085 755 3184 822 τήν
3223 756 3352 826 γῆν.

2399 851 2512 905 Καὶ.
2561 851 2646 916 τίς
2692 849 2802 904 τῶν
2844 851 2924 914 είς
2977 848 3142 903 αὐτὸν
3187 848 3504 919 ἡλπικότων
3549 850 3650 904 οὐκ
3697 851 3899 925 ἀπαντᾷ

2329 944 2469 1016 πρὸς
2516 945 2615 1014 τὴν
2665 942 2858 998 τούτου
2915 942 3333 1014 προσκύνησιν;
3371 942 3468 1006 Τίς
3513 942 3611 1014 οὐχ
3651 943 3774 1014 ὐψοῖ
3815 947 3899 999 καὶ

2329 1039 2628 1108 προσκυνεῖ
2659 1037 2740 1106 τῷ
2769 1037 3050 1104 ὑποποδίῳ
3090 1035 3298 1108 Κυρίου
3332 1034 3428 1088 τοῦ
3457 1034 3594 1089 Θεοῦ
3631 1036 3803 1106 ὴμῶν,
3824 1038 3900 1092 ὅτι

2329 1127 2484 1197 ἆγιός
2521 1129 2714 1192 ἐστιν;
2751 1127 2847 1189 Τίς
2903 1126 2965 1179 οὐ
3003 1123 3216 1190 δοξάζει
3269 1124 3364 1176 καὶ
3403 1122 3696 1192 μεγαλύνει
3730 1124 3812 1178 τὸν
3843 1126 3902 1180 ἐκ

2329 1220 2558 1274 θανάτου
2609 1219 2705 1271 καὶ
2751 1217 3028 1280 ἀπωλείας
3058 1216 3205 1288 ᾅδου,
3241 1214 3342 1286 τὴν
3382 1215 3663 1285 ἡμετέραν
3704 1215 3901 1284 ἀνυψὼ-

2331 1330 2501 1368 σαντα
2553 1312 2647 1366 καὶ
2684 1309 2979 1373 ζωὼσαντα
3042 1309 3340 1379 νέκρωσιν;
3373 1305 3489 1360 Νῦν
3529 1306 3752 1374 ἄγγελοι
3790 1308 3900 1377 χαί-

2329 1421 2504 1476 ρουσι,
2563 1404 2660 1457 καὶ
2704 1401 3001 1473 σκιρτῶσιν
3053 1398 3419 1471 ἀρχάγγελοι,
3482 1397 3674 1468 Ἀρχαί
3709 1415 3765 1452 τε
3809 1399 3900 1454 σῦν

636 1502 772 1548 cunt
798 1490 1232 1562 supermundani
1269 1489 1611 1561 principatus
1657 1499 1714 1545 et
1748 1497 2070 1560 potestates,
2098 1505 2222 1545 om-

2338 1496 2538 1560 τούτοις
2571 1495 2941 1567 ύπερκόσμιαι
2989 1494 3082 1546 καὶ
3113 1489 3408 1558 Ἐξουσίαι,
3433 1491 3528 1544 καὶ
3573 1491 3745 1544 πᾶσαι
3793 1489 3896 1545 τῶν

636 1599 844 1654 nesque
877 1583 1144 1638 caelorum
1176 1582 1410 1636 virtutes
1437 1623 1452 1647 ,
1485 1580 1867 1651 invisibilique
1905 1583 2222 1652 praesentia,

637 1676 935 1732 salutarem
971 1681 1091 1728 toto
1115 1672 1253 1729 orbe
1285 1671 1506 1728 adorari
1535 1681 1702 1743 atque
1741 1673 1971 1728 exaltari
2000 1687 2223 1729 crucem

638 1766 912 1830 videntes,
934 1780 1061 1820 cum
1076 1763 1341 1820 Ecclesiis
1360 1764 1458 1819 Dei
1475 1741 1842 1819 collaitantur.
1865 1763 2057 1834 Neque
2077 1763 2226 1820 enim
2258 1741 2301 1797 Β

639 1860 751 1915 ulla
776 1858 884 1914 alia
911 1866 998 1913 est
1031 1857 1195 1913 bonis
1225 1855 1436 1928 angelis
1462 1870 1618 1926 aeque
1647 1854 1843 1911 festiva
1882 1855 2117 1926 lanaque
2139 1871 2230 1911 so-

604 1986 612 1992 -
636 1951 919 2017 lemnitas,
939 1965 1004 2005 ac
1019 1964 1144 2020 qua:
1161 1948 1356 2005 salutis
1374 1947 1664 2004 hominum
1680 1955 2005 2020 argumento
2025 1948 2229 2020 agitur.

606 2275 610 2280 -
709 2235 873 2296 Nunc
923 2233 1158 2307 apostoli
1189 2231 1539 2296 clarescunt,
1571 2240 1627 2286 et
1655 2230 1960 2302 prophetae,
1991 2229 2081 2285 his
2107 2245 2230 2301 qua:

641 2336 942 2402 geruntur,
983 2325 1274 2398 magniﬁce
1313 2321 1728 2393 splendescunt.
1769 2323 1929 2378 Nunc
1961 2333 2232 2394 martyres

605 2459 608 2462 -
638 2418 1038 2496 jucundantur,
1063 2433 1129 2474 ac
1152 2417 1488 2474 decorantur
1543 2414 1882 2471 sacerdotes.
1914 2415 2074 2470 Nunc
2101 2415 2230 2470 reli-

643 2513 923 2586 giosorum
957 2519 1386 2582 sanctorumque
1417 2508 1573 2564 chori
1626 2522 1820 2563 omnes
1848 2507 1994 2563 diem
2028 2507 2228 2563 festum

644 2612 815 2676 agunt
855 2601 1248 2675 gestiuntque,
1282 2601 1378 2672 qui
1413 2600 1679 2655 nimirum
1710 2615 1874 2671 quam
1899 2600 1991 2654 illi
2027 2599 2231 2655 clariﬁ-

644 2705 864 2762 carunt,
896 2703 955 2752 et
981 2710 1105 2766 quae
1141 2709 1238 2749 eos
1275 2692 1620 2756 clarificavit,
1665 2707 1824 2748 sacro
1857 2692 1967 2746 ritu
2009 2707 2231 2748 crucem

645 2787 941 2844 clariﬁcari
971 2787 1219 2846 videant.
1251 2794 1418 2856 atque
1449 2801 1480 2840 e
1510 2795 1652 2841 terra
1687 2786 1860 2840 sacris
1889 2784 2146 2839 manibus
2174 2784 2231 2838 in

643 2882 817 2936 altum
855 2880 1015 2935 tolli:
1044 2893 1169 2934 cum
1212 2895 1321 2949 qua
1373 2879 1581 2949 pariter
1629 2877 1867 2942 sublati,
1918 2893 2018 2948 per
2063 2892 2228 2948 quam

603 2973 792 3030 bono
846 2973 1094 3028 omnium
1149 2972 1424 3029 Salvatori
1467 2972 1766 3044 gratiarum
1815 2975 2090 3030 actionem
2147 2971 2232 3026 in-

643 3065 1005 3124 cessabilibus
1043 3066 1399 3139 mysticisque
1450 3066 1680 3122 vocibus
1748 3065 2107 3122 modulantur
2165 3079 2232 3120 ac
2265 3099 2310 3160 α

642 3165 932 3232 promunt.

715 3261 908 3319 Omnis
950 3262 1063 3334 jam
1118 3261 1366 3318 Ecclesia
1411 3263 1629 3318 lmtatur
1677 3279 1742 3319 ac
1787 3263 1990 3321 decore
2043 3265 2238 3336 fulget,

644 3353 911 3423 velutque
954 3353 1181 3407 caeleste
1234 3352 1472 3419 donum,
1521 3364 1583 3408 ut
1633 3353 1976 3409 immortales
2013 3354 2243 3411 delicias

645 3445 955 3518 pignusque
983 3443 1301 3500 inviolabile
1327 3484 1342 3510 ,
1387 3445 1463 3499 ita
1500 3460 1722 3500 crucem
1762 3445 1885 3501 sinu
1919 3447 2243 3517 complecti-

648 3547 762 3604 tur,
795 3537 1292 3607 universorumquc
1332 3537 1728 3607 conspectibus
1760 3537 1828 3593 ad
1863 3539 2240 3609 spectaculum

645 3629 811 3684 simul
857 3637 915 3684 et
952 3629 1348 3685 exaltationem
1388 3644 1452 3685 ac
1491 3629 1868 3684 adorationem
1902 3643 2240 3700 proponens,

650 3719 780 3776 filiis
814 3719 930 3774 suis
966 3719 1190 3775 fortiter
1223 3720 1292 3775 ad
1329 3721 1621 3776 Dominum
1657 3721 2046 3784 clamantibus,
2094 3722 2242 3777 illius

650 3827 882 3868 munere
925 3813 1364 3870 misericordiam
1402 3821 1458 3870 et
1500 3815 1993 3872 sanctificationem
2018 3825 2076 3872 et
2110 3817 2242 3872 illud

649 3904 1008 3961 minutionem
1041 3905 1191 3977 large
1232 3906 1568 3976 impertitur.
1607 3907 1838 3978 Jamque
1874 3925 2069 3965 omnes
2113 3926 2246 3981 gen-

649 4003 766 4062 tes,
801 4005 1038 4067 quantas
1085 3995 1218 4051 fecit
1263 3997 1562 4063 Dominus,
1605 3999 1870 4065 veniunt,
1919 4015 1983 4056 ac
2020 4001 2242 4057 vivillco

652 4095 847 4156 terque
885 4086 1048 4142 beato
1079 4085 1229 4158 ligno
1266 4087 1754 4159 procumbunt"'.
1778 4089 2026 4146 Adorant
2055 4106 2242 4147 coram

651 4177 785 4242 illo,
830 4192 895 4232 ac
944 4195 1043 4249 per
1076 4193 1300 4234 crucem
1351 4178 1613 4235 Cruciilxi
1654 4196 1858 4236 nomen
1897 4183 2240 4250 clarificant,

657 4268 807 4338 quod
835 4283 1029 4325 revera
1057 4286 1292 4342 magnus
1307 4272 1380 4327 sit
1405 4282 1462 4328 et
1483 4273 1692 4330 faciens
1709 4276 1981 4333 mirabilia
2005 4279 2158 4334 solus
2175 4280 2240 4334 ".

651 4360 770 4417 Jam
793 4361 1288 4432 daemonumjaerea
1308 4365 1486 4420 omnis
1509 4367 1736 4438 aerique
1755 4368 2022 4425 incubans
2044 4371 2245 4427 cohors

653 4467 718 4509 ac
755 4469 954 4525 pompa
1002 4456 1322 4528 triumphali
1357 4459 1586 4514 caeditur
1631 4461 1812 4532 ligno,
1855 4463 2239 4537 frangiturque
2271 4448 2314 4504 ί)

652 4553 710 4600 et
734 4547 1034 4616 rumpitur,
1066 4561 1244 4618 exque
1282 4549 1604 4607 coelestibus
1631 4553 1756 4623 jure
1783 4556 1983 4610 merito
2011 4557 2240 4613 sedibus

652 4639 981 4695 deturbatur
1007 4658 1022 4696 :
1049 4653 1369 4712 cunctaeque
1387 4653 1703 4699 sanctorum
1729 4645 1989 4702 Ecclesia:
2021 4658 2079 4704 et
2115 4649 2240 4719 pio-

591 4727 594 4732 ’
655 4746 778 4786 rum
805 4741 983 4788 cmtus
1005 4733 1158 4787 velut
1189 4749 1316 4789 cum
1348 4735 1493 4790 scala
1527 4751 1557 4792 e
1597 4747 1743 4792 terra
1781 4738 1838 4793 in
1866 4740 2066 4795 ccelum
2090 4740 2242 4795 exal‘

656 4824 1008 4894 lata,pariter
1030 4825 1274 4891 exaltati,
1298 4827 1450 4882 velut
1478 4827 1647 4899 virgae
1667 4829 2010 4888 fortitudinis
2035 4832 2236 4896 innixi,

655 4914 806 4969 velut
827 4916 1112 4986 praelatum
1146 4928 1428 4988 sceptrum
1454 4921 1688 4992 regium,
1709 4925 1956 4994 supremi
1989 4925 2237 4980 omnium

657 5007 820 5079 Regis
861 5025 1080 5066 crucem
1121 5012 1286 5068 hodie
1335 5013 1702 5081 deducentes,
1756 5018 2038 5074 caelestem
2091 5035 2245 5077 com—

656 5107 872 5154 niutaut
923 5101 1126 5167 locum,
1147 5119 1248 5174 pro
1271 5106 1508 5161 terrenis
1526 5107 1802 5175 caelestes,
1824 5124 1889 5164 ac
1916 5125 2017 5179 pro
2039 5119 2249 5165 morta-

655 5190 800 5246 libus
826 5192 1166 5250 immortalcs
1182 5196 1365 5252 effecti
1392 5214 1407 5252 :
1433 5198 1701 5270 igueaque
1737 5200 2013 5270 romphaea
2050 5203 2248 5257 trium-

656 5282 804 5354 phali
839 5284 990 5356 ligno
1051 5297 1328 5357 superata,
1365 5290 1433 5344 ad
1469 5305 1772 5360 supernum
1803 5291 2120 5362 paradisum
2183 5307 2248 5350 ac

655 5377 862 5451 lignum
886 5381 1011 5440 vita
1040 5394 1188 5441 recta
1213 5387 1543 5458 procedunt.

731 5733 778 5768 ⁸³
801 5734 943 5792 Psal.
971 5751 1159 5805 xcvm,
1195 5737 1246 5791 5.
1322 5739 1401 5774 ³³*
1432 5741 1575 5799 Psal.
1617 5755 1810 5812 cxxxv,
1837 5743 1890 5802 9.

2325 1589 2574 1662 οὐρανῶν
2616 1591 2671 1644 αί
2701 1589 2972 1659 Δυνάμεις
3018 1585 3326 1657 χορεύουσι,
3364 1582 3462 1638 καὶ
3500 1584 3746 1655 ἀοράτως
3769 1601 3900 1656 παρ-

2328 1682 2585 1742 εστῶσαι,
2615 1683 2710 1735 καὶ
2765 1681 2857 1734 τὸν
2907 1681 3175 1750 σωτήριον
3216 1680 3272 1732 ἐν
3303 1677 3454 1750 πάσῃ
3475 1676 3543 1748 τῇ
3570 1678 3640 1747 γῇ
3676 1692 3905 1746 προσκυ-

2330 1774 2424 1829 νού
2431 1791 2592 1844 μενον
2608 1774 2702 1828 καὶ
2722 1771 2856 1842 ὐψού
2865 1789 3026 1843 μενον
3040 1770 3245 1842 ὁρῶσαι
3265 1769 3524 1840 σταυρὸν,
3543 1771 3666 1832 ταῖς
3681 1768 3905 1839 Ἐκκλη-

2332 1866 2478 1930 σίαις
2516 1863 3014 1936 συνευφραίνονται
3065 1861 3161 1916 τοῦ
3214 1861 3374 1916 Θεοῦ.
3415 1861 3552 1916 Οὐδέ
3607 1862 3717 1933 γάρ
3763 1861 3909 1915 ἐστιν

2329 1957 2466 2029 ἄλλη
2509 1959 2626 2020 τοῖς
2670 1955 2900 2024 ἀγαθοῖς
2951 1955 3208 2024 ἀγγέλοις
3273 1952 3448 2018 οὕτως
3499 1955 3663 2026 ἐορτή
3720 1970 3777 2007 τε
3820 1953 3911 2007 καὶ

2331 2046 2606 2120 χαρμονὴ,
2633 2047 2709 2112 ῶς
2750 2047 2786 2119 ή
2819 2046 2916 2099 ἐπὶ
2948 2044 3196 2117 σωτηρίᾳ
3234 2044 3540 2117 τελουμένη
3576 2043 3688 2098 τῶν
3713 2044 3913 2116 ἀνθρω-

2331 2138 2506 2192 πίνων
2530 2137 2740 2208 ψυχῶν.

2402 2225 2520 2281 Νῦν
2594 2225 2886 2282 ἀπόστολοι
2961 2225 3465 2300 ἐλλαμπρύνονται,
3499 2226 3597 2280 καὶ
3640 2227 3914 2300 προφῆται

2333 2322 2446 2384 τοῖς
2475 2319 2751 2392 παροῦσιν
2793 2320 3232 2390 ἐναγλαῖζονται.
3265 2320 3382 2374 Νῦν
3425 2320 3479 2374 οἱ
3519 2321 3790 2392 μάρτυρες
3817 2339 3917 2376 κα-

2331 2413 2712 2485 τατέρπονται,
2744 2414 2844 2468 καὶ
2891 2414 2942 2468 οἱ
2997 2415 3166 2485 ἱερεῖς
3194 2411 3544 2485 ὡραῖζονται.
3579 2413 3694 2467 Νῦν
3722 2415 3922 2477 πάντες

2331 2505 2499 2560 ὁσίων
2529 2506 2626 2560 καὶ
2658 2505 2833 2574 ἁγίων
2863 2503 3186 2578 ἑορτάζουσι
3213 2507 3308 2559 καὶ
3333 2505 3634 2576 γεγήθασιν
3669 2507 3718 2559 οἱ
3745 2505 3918 2578 χοροὶ,

2333 2601 2425 2655 τὸν
2455 2599 2547 2654 ὑπ’
2573 2600 2755 2654 αὐτῶν
2787 2598 3197 2671 δεδοξασμένον,
3242 2599 3336 2653 καὶ
3379 2599 3578 2663 αὐτοὺς
3598 2598 3923 2664 δοξάσαντα,

2337 2690 2628 2762 βλέποντες
2667 2691 2904 2763 σταυρὸν
2945 2691 3108 2763 ιερῶς
3143 2688 3523 2762 δοξαζόμενον,
3551 2691 3646 2748 καὶ
3683 2692 3788 2746 ἀπὸ
3815 2693 3928 2761 γῆς

2339 2785 2514 2852 ίεραῖς
2543 2783 2735 2854 χερσὶν
2773 2785 2856 2846 είς
2899 2783 3031 2854 ὕψος
3079 2784 3407 2854 αἰρόμενον·
3459 2785 3553 2838 καὶ
3598 2783 3746 2854 αὐτῷ
3797 2800 3932 2836 συν-

2337 2876 2695 2947 επαιρόμενοι
2722 2915 2737 2941 ,
2770 2875 2848 2947 τῷ
2882 2875 3186 2946 παναγάθῳ
3221 2877 3331 2931 τῶν
3384 2877 3521 2931 ὅλων
3566 2878 3780 2948 Σωτῆρι
3830 2878 3933 2934 τόν

2335 2971 2691 3043 χαριστήριον
2736 2969 3182 3034 ἀκαταπαύστοις
3242 2970 3337 3023 καὶ
3380 2972 3666 3040 μυστικαῖς
3691 2970 3940 3040 ἀναμέλ-

2342 3080 2508 3118 πουσι
2537 3064 2657 3128 ταῖς
2686 3065 2911 3133 φωναῖς.

2420 3259 2584 3332 ’Δρ-τι
2614 3258 2715 3326 μὲν
2731 3257 3032 3329 Ἐκκλησία
3049 3259 3202 3313 πᾶσα
3230 3253 3584 3330 φαιδρύνεται
3614 3256 3709 3314 καὶ
3729 3255 3938 3313 καλλύ-

2342 3369 2515 3408 νεται·
2545 3351 2643 3406 καὶ
2669 3351 2860 3422 ῶσπερ
2895 3368 2950 3404 τι
2975 3351 3150 3424 δῶρον
3197 3352 3472 3423 οὐράνιον,
3506 3352 3582 3416 ὼς
3606 3353 3756 3406 ὖλϋον
3791 3353 3938 3421 ἀκή-

2345 3462 2532 3517 ρατον,
2563 3444 2640 3509 ὡς
2665 3445 2957 3517 κειμήλιον
2991 3443 3300 3514 ἄψαυστον,
3327 3444 3502 3510 οὕτως
3535 3443 3940 3514 ἐγκολπίζεται

2340 3538 2434 3592 τὸν
2469 3536 2739 3607 σταυρὸν,
2790 3537 2886 3592 καὶ
2923 3537 3114 3590 τοῦτον
3153 3539 3278 3601 ταῖς
3323 3537 3585 3592 ἁπάντων
3621 3537 3821 3608 ὕψεσιν
3865 3539 3955 3602 εὶς

2345 3629 2582 3702 Θεωρίαν
2609 3647 2671 3682 τε
2701 3629 2819 3700 ἅμα
2845 3630 2940 3684 καὶ
2968 3629 3179 3699 ὐψωσιν
3208 3631 3303 3684 καὶ
3335 3631 3714 3701 προσκύνησιν
3741 3649 3958 3703 προτι-

2344 3721 2519 3787 θεῖσα,
2554 3724 2671 3786 τοῖς
2687 3724 2899 3784 τέκνοις
2929 3722 3101 3793 αὐτῆς
3140 3722 3384 3797 στερρῶς
3412 3723 3827 3794 ἐπιϐοωμένοις
3863 3723 3966 3777 τδν

2344 3813 2572 3884 Κύριον,
2605 3813 2673 3867 δι’
2710 3813 2878 3867 αὐτοῦ
2933 3813 3025 3866 τὸν
3071 3812 3219 3868 ἐλεόν
3261 3832 3322 3869 τε
3369 3815 3648 3880 πλουσίως
3697 3817 3808 3870 καὶ
3861 3815 3969 3869 τὸν

2345 3903 2616 3974 ἁγιασμόν
2669 3906 2994 3974 ἐπιχορηγεῖ
3039 3905 3136 3958 καὶ
3177 3906 3267 3959 τὸν
3317 3907 3618 3977 φωτισμόν.
3671 3907 3857 3978 “Ap-rt
3905 3906 3975 3961 δὲ

2345 3998 2527 4051 πάντα
2551 3995 2624 4049 τὰ
2643 3995 2799 4066 ἔθνη,
2823 3997 2926 4048 ὅσα
2953 3997 3214 4068 ἐποίησεν
3243 4000 3272 4052 ὁ
3303 3999 3530 4071 Κύριος,
3579 4000 3832 4070 ἥκοντα,
3869 4002 3978 4055 καὶ

2343 4093 2425 4164 τῷ
2468 4090 2720 4162 ζωοποιῷ
2781 4090 2924 4162 ξύλῳ
2977 4091 3076 4146 καὶ
3126 4091 3418 4164 τρισολϐίῳ
3477 4092 3983 4162 προσπίπτοντα,

2347 4184 2750 4257 προσκυνοῦσιν
2777 4182 3012 4237 ἐνώπιον
3057 4183 3248 4237 αὐτοῦ’
3283 4184 3380 4237 καὶ
3419 4183 3508 4236 διὰ
3550 4183 3645 4237 τοῦ
3693 4187 3986 4258 σταυροῦ

2343 4278 2408 4333 τὸ
2438 4277 2534 4332 τοῦ
2575 4277 3002 4348 ἐσταυρωμένου
3046 4274 3361 4341 δοξάζουσιν
3399 4275 3590 4347 ὄνομα,
3635 4277 3725 4331 ὅτι
3776 4281 3992 4350 μέγας

2347 4369 2466 4421 ἐστὶ
2493 4367 2574 4438 τῷ
2620 4368 2736 4422 ὗντι
2785 4365 2882 4420 καὶ
2914 4365 3085 4420 ποιῶν
3119 4365 3405 4438 θαυμάσια.
3453 4366 3638 4436 μόνος.
3677 4369 3888 4438 "Apri.
3927 4371 3996 4424 δὲ

2343 4461 2495 4514 πᾶσα
2522 4458 2630 4511 τῶν
2659 4457 2933 4528 δαιμόνων
2969 4457 3194 4530 ἐνάερος
3236 4455 3464 4526 στρατιὰ
3496 4456 3592 4510 καὶ
3630 4459 3873 4532 πομπὴ
3905 4459 3998 4532 τῷ

2344 4550 2609 4622 νικοποιῷ
2649 4549 2943 4621 ραπίζεται
2966 4548 3130 4617 ξύλῳ,
3163 4549 3256 4603 καὶ
3289 4548 3479 4603 θλᾶται
3509 4548 3605 4602 καὶ
3640 4551 3998 4622 ῥήγνυται,

2345 4646 2440 4698 καὶ
2464 4644 2571 4698 τῶν
2603 4643 2875 4715 οὐρανίων
2909 4641 3136 4705 ἐνδίκως
3183 4642 3519 4713 οἰκητηρίων
3554 4649 3991 4700 κατασπᾶται·

2345 4739 2518 4791 πᾶσαι
2560 4735 2618 4790 δὲ
2652 4735 2763 4790 τῶν
2807 4733 2982 4802 ἁγίων
3038 4735 3094 4788 αἱ
3133 4734 3425 4804 ἐκκλησίαι
3481 4734 3576 4788 καὶ
3627 4736 4011 4812 ὁμηγύρεις

2344 4829 2454 4882 τῶν
2507 4827 2788 4893 εὐσεὸῶν,
2828 4827 2904 4891 ὡς
2951 4827 3181 4898 κλίμακι
3227 4826 3394 4896 γῆθεν
3453 4826 3769 4903 ὑψουμένῃ
3844 4833 4012 4904 πρὸς

2347 4920 2578 4992 οὐρανὸν
2629 4919 3058 4990 συνυψούμεναι,
3095 4917 3172 4982 ὡς
3216 4918 3397 4990 ῥάϐδῳ
3429 4919 3616 4990 ίσχύος
3650 4920 4012 4994 ἐπερειδό-

2353 5033 2532 5086 μεναι,
2565 5013 2638 5078 ὡς
2672 5013 2936 5084 σκήπτρῳ
2961 5011 3227 5084 βασιλικῷ
3262 5013 3625 5084 προῖόντι,τῷ
3651 5015 3781 5070 τοῦ
3827 5037 4010 5093 παμ-

2352 5106 2622 5190 6ασιλέως
2662 5105 2910 5174 σήμερον
2955 5103 3322 5176 συνεπόμεναι
3364 5104 3610 5177 σταυρῷ,
3644 5109 3775 5162 τὸν
3811 5112 4008 5184 οὐρά

2352 5217 2466 5253 νιον
2494 5196 2874 5268 διαμείϐονται
2905 5194 3105 5267 χῶρονο
3141 5196 3263 5250 ἀντὶ
3295 5197 3503 5266 γηῖνων
3531 5197 3868 5268 οὐράνιοι,
3919 5222 4010 5258 κα

2347 5287 2472 5343 ἀντὶ
2503 5287 2714 5358 θνητῶν
2750 5284 3011 5339 ἀθάνατοι
3037 5285 3452 5356 καθιστάμενον
3488 5289 3583 5343 καὶ
3609 5291 3742 5360 τὴν
3790 5297 4010 5365 φλογί

2345 5400 2445 5452 νην
2498 5380 2780 5453 ῥομφαίαν
2833 5378 2910 5450 τῷ
2958 5383 3344 5454 τροπαιοφόρῳ
3404 5384 3718 5456 παριόντες
3803 5389 4008 5464 ξύλῳ

2343 5475 2481 5545 πρὸς
2509 5475 2600 5526 τὸν
2633 5473 2748 5527 ἄνω
2792 5472 3125 5544 παράδεισον
3168 5477 3264 5530 καὶ
3291 5476 3351 5529 τὸ
3382 5475 3541 5544 ξύλον
3570 5481 4008 5539 κατευθύνοπ

2342 5585 2434 5628 ται
2455 5570 2554 5639 τῆς
2584 5565 2753 5638 ζωῆς.

1967 5742 2011 5775 ³⁸
2037 5744 2178 5798 Psul.
2207 5759 2395 5814 in“,
2421 5744 2478 5801 ὦ.
