4108 6442
373 351 442 420 31
1095 344 1377 407 ORATIO
1417 343 1528 405 ιιι.
1558 370 1626 380 -
1657 343 1737 406 .lN
1776 340 2092 404 LAUDEM
2129 341 2236 405 ss.
2269 340 2500 406 PETRI
2535 340 2630 402 ET
2665 308 2921 402 PAULI.
3569 337 3640 404 38

464 449 677 522 ’Δλλ⁹,ῶ
702 457 914 530 σταυρὲ
946 454 1118 526 τίμιε,
1145 456 1243 511 καὶ
1275 456 1540 525 ὑπέρτιμε
1577 452 1846 524 σωτηρίας
1871 449 1953 505 καΊ

2139 454 2364 518 Verum,
2383 467 2416 508 o
2442 451 2590 507 Crux
2615 448 2976 513 venerabilis,
2997 445 3258 518 omnique
3273 443 3446 517 major
3469 461 3639 504 vene—

384 551 518 622 ζωῆς
543 549 780 621 χορηγέ’
804 547 883 611 ὡς
911 549 1139 620 ἐμψύχῳ
1165 549 1273 619 γάρ
1304 565 1387 602 σοι
1413 548 1509 600 καὶ
1543 546 1708 610 ζῶντι
1735 546 1824 600 διὰ
1859 547 1959 620 τὴν

376 644 548 708 ζῶσαν
596 641 908 712 προσλαλῶ
951 641 1135 712 χάριν
1185 641 1248 694 τὸ
1300 640 1444 710 μέγα
1493 639 1588 693 καὶ
1640 639 1806 694 καλὸν
1849 641 1961 693 τῶν

366 736 552 806 ψυχῶν
587 735 1005 806 φυλακτήριον·
1037 735 1099 789 τὸ
1139 733 1342 795 παντὸς
1379 731 1637 796 εὐσεϐοῦς
1675 732 1796 793 νοὸς
1841 733 1961 787 ἶλαι-

365 829 609 898 στήριον,
641 828 743 879 καὶ
787 827 976 897 πάσης
1002 827 1231 897 καρδίας
1258 826 1352 879 καὶ
1389 825 1627 889 διανοίας
1651 825 1816 897 ὀρθῆς
1848 843 1963 896 φω-

357 921 641 989 τιστήρεον
666 919 771 971 καὶ
794 919 1175 990 άγιαστήριον.
1204 913 1274 970 Ὦ
1298 915 1522 988 σταυρὲ,
1547 917 1767 970 πάντων
1789 916 1961 988 ὑπερ-

352 1011 593 1066 ασπιστά
627 1012 751 1064 τῶν
788 1011 1024 1075 πιστῶν,
1053 1011 1246 1064 πασῶν
1307 1011 1498 1063 οἰκιῶν
1563 1009 1806 1073 οίκιστὰ,
1862 1010 1960 1064 καὶ

351 1103 678 1158 συνοικιστὰ
713 1103 838 1158 τῶν
875 1103 1094 1174 χωρῶν·
1126 1102 1318 1156 πασῶν
1354 1103 1565 1156 πόλεων
1587 1101 1841 1166 πολιστὰ,
1863 1101 1960 1156 καὶ

360 1192 642 1265 εἱρηνευτὰ
678 1193 804 1245 τῶν
836 1193 1034 1247 ἐθνῶν.
1067 1188 1139 1246 Ὠ
1181 1193 1381 1262 σταυρὲ
1405 1231 1418 1253 ,
1450 1192 1546 1245 τοῦ
1581 1191 1791 1261 κόσμου
1817 1209 1958 1245 παν-

363 1287 452 1348 τὸς
484 1284 789 1352 συναγωγὲ
835 1285 937 1336 καὶ
984 1283 1217 1348 ὲνοποιὲ,
1253 1277 1314 1336 οὗ
1352 1283 1413 1335 τὸ
1465 1283 1599 1352 ὕψος
1634 1283 1730 1336 κα)⁸
1772 1283 1955 1352 βάθος,

363 1377 526 1447 μῆκός
570 1393 633 1428 τε
694 1375 804 1428 τοῦ
857 1377 1064 1438 παντὸς
1097 1377 1192 1429 καὶ
1231 1375 1434 1438 πλάτος
1470 1377 1592 1438 ταῖς
1616 1375 1842 1438 οἰκείαις
1867 1393 1960 1430 κε-

360 1471 532 1540 ραίαις
560 1470 942 1538 διαγρὰςξων,
975 1469 1069 1522 καὶ⁵
1101 1467 1200 1536 τὴν
1239 1467 1648 1539 τετραπέρατον
1687 1467 1866 1521 κτίσιν
1899 1469 1958 1522 ἐν

358 1563 529 1630 ἐαυτῷ
572 1561 998 1631 διαζωγραφῶν
1045 1562 1137 1613 καὶ
1177 1559 1504 1630 συγκρατῶν
1531 1596 1547 1623 ,
1593 1557 1803 1614 σῶσον
1850 1560 1958 1613 τὸν

362 1656 510 1708 λαόν
535 1670 669 1718 σου,
701 1654 810 1706 καὶ
838 1653 1192 1722 εὐλόγησον
1234 1650 1351 1718 τὴν
1373 1651 1786 1720 κληρονομίαν
1813 1665 1952 1705 σου·

358 1748 449 1799 καὶ
479 1747 787 1814 :t'cz'parcr
818 1744 988 1815 ἡμᾶς
1009 1786 1026 1811 ,
1060 1744 1155 1798 καὶ
1197 1745 1424 1814 ἔπορον
1475 1743 1635 1813 ἡμᾶς
1689 1743 1802 1811 ἕως
1846 1743 1952 1799 τοῦ

346 1835 560 1903 αἰῶνος
592 1835 721 1891 τῶν
749 1835 1017 1891 αἰώνων.
1071 1835 1127 1890 Ἀ
1136 1835 1266 1908 μήν.
1622 1849 1625 1852 ’

996 2145 1223 2201 ΛΟΓΟΣ
1257 2148 1330 2200 l".

370 2267 470 2330 Εἰς
511 2267 664 2330 τοὺς
711 2262 919 2330 ἁγίους
985 2259 1087 2313 καὶ
1128 2259 1520 2330 κορυφαίους
1568 2260 1955 2329 ἀποστόλους

795 2331 1014 2398 Πέτρον
1043 2329 1142 2382 καὶ
1166 2331 1410 2385 Παῦλον
1434 2331 1536 2402 (2).

441 2445 543 2506 Τίς
571 2443 603 2496 ὁ
635 2442 856 2513 τερπνὸς
883 2434 1050 2505 οὗτος
1085 2437 1250 2512 ἧχοςς
1303 2439 1398 2504 Τίς
1440 2442 1469 2494 6
1514 2440 1624 2493 τῶν
1667 2442 1952 2513 ἑορταζόν-

357 2551 470 2590 των
491 2533 737 2605 εὔσημος
761 2534 958 2601 κρότος
981 2549 998 2599 ;
1029 2532 1126 2596 Τίς
1153 2533 1186 2601 ἡ
1215 2531 1500 2602 θαυμαστὴ
1531 2533 1626 2584 καὶ
1648 2533 1955 2605 περιφανὴς

349 2626 493 2698 αὕτη
533 2625 930 2695 λαμπροφορία
946 2625 1042 2678 καὶ
1058 2626 1426 2694 φωταγωγίας
1463 2625 1650 2696 Ὑμεῖς
1681 2627 1708 2678 6
1730 2625 1954 2696 περιού-

348 2739 469 2785 σιος
502 2719 600 2773 τοῦ
636 2717 776 2772 Θεοῦ
807 2718 940 2780 λαός
967 2734 982 2748 ο
1015 2719 1044 2771 6
1073 2720 1140 2787 τῇ
1181 2718 1560 2791 Χριστωνύμῳ
1585 2720 1950 2790 τετιμημένος

345 2814 566 2885 κλήσει,
591 2813 623 2864 6
656 2815 756 2865 καὶ
787 2809 996 2872 παντὸς
1035 2809 1228 2877 γένους
1261 2811 1356 2864 καὶ
1387 2810 1504 2880 βίου
1553 2812 1647 2864 καὶ
1674 2811 1954 2876 πολιτείας

349 2905 441 2956 καὶ
472 2901 728 2972 ἡλικίας,
787 2899 944 2963 ζέσει
1003 2899 1239 2960 πίστεως
1303 2901 1679 2970 κεκινημένος,
1722 2901 1815 2954 καὶ
1861 2903 1954 2955 τὸν

363 2993 716 3066 περιώνυμον
775 2990 970 3044 τοῦτον
1032 2991 1142 3043 τῶν
1192 2992 1502 3044 ἀποστόλων
1551 2991 1716 3061 σηκὸν
1745 2993 1955 3064 πεπλη-

630 3086 742 3147 Τίς
784 3087 815 3137 ὀ
849 3083 1080 3155 δρόμος;
1109 3083 1245 3153 τίςὴ
1289 3083 1492 3154 σπουδὴ
1518 3084 1619 3156 τὴν
1643 3083 1795 3154 ἱερὰν
1818 3085 1950 3138 ταύ-

370 3197 462 3249 την
510 3177 861 3232 καταλαϐεῖν
908 3177 1119 3244 αὺλήν;
1151 3176 1315 3230 πόθεν
1349 3176 1477 3246 ὑμῖν
1511 3175 1700 3248 ὥσπερ
1723 3177 1780 3244 ἐξ
1826 3177 1947 3240 ὲνὺς

361 3272 730 3342 συνθήματος,
762 3270 860 3339 ἀφ’
909 3269 1149 3339 ἑσπέρας
1200 3268 1370 3338 αὐτῆς
1394 3270 1812 3340 ὲγηγερμένοις,
1848 3272 1948 3334 τὰς

354 3365 487 3430 ιδίας
521 3369 626 3438 μὲν
657 3368 850 3430 οἰκίας
884 3369 1207 3431 ὲκκενῶσαι,
1241 3369 1332 3422 τὸν
1365 3369 1508 3425 θεῖον
1555 3370 1614 3423 δὲ
1659 3370 1948 3440 πληρῶσαι

352 3458 529 3522 ναόνς
591 3458 697 3509 καὶ
748 3455 964 3508 ἑαυτῶν
1004 3455 1103 3524 μὲν
1157 3457 1346 3528 ὥσπερ
1389 3457 1672 3523 ἐξεστάναι
1728 3460 1945 3513 δοκεῖν·

350 3546 603 3615 ἀλλήλων
661 3546 726 3598 δὲ
789 3547 1066 3618 συμπνοίᾳ
1131 3547 1491 3620 γεγενῆσθαι,
1560 3548 1790 3620 γνώμης
1855 3549 1948 3604 καὶ

349 3636 598 3699 πίστεως
643 3636 1022 3708 ὁμοφροσύνῃ,
1053 3637 1148 3690 κατ⁹
1191 3637 1442 3708 γλώσσης
1485 3639 1798 3710 συμφωνίᾳ,
1856 3657 1951 3710 μο-

349 3728 530 3796 νοεῖ.δῆ
564 3728 669 3780 καὶ
697 3727 1022 3798 ἐναρμόνιον
1047 3726 1238 3800 ὥσπερ
1266 3729 1324 3794 ἐξ
1356 3729 1646 3800 εὐρύθμων
1697 3729 1948 3800 ὀργάνων

349 3819 442 3872 τον
470 3819 582 3889 τῆς
625 3818 947 3888 ὃοξολογίας
1001 3820 1338 3892 ἀνακροῦσαι
1369 3821 1606 3892 φθόγγον
1632 3838 1648 3888 ;
1681 3822 1776 3884 Τίς
1804 3824 1832 3876 ὁ
1858 3823 1951 3875 τὸν

356 3909 665 3980 ἱερώτατον
707 3910 902 3964 τοῦτον
949 3911 1208 3980 σύλλογον
1248 3913 1281 3984 ἢ
1319 3913 1506 3968 θίασον
1555 3912 1700 3968 οὕτω
1737 3932 1951 3986 παναρ-

357 4005 561 4070 μονίως
598 4002 929 4072 συγκροτῶν
959 4019 974 4069 ς
1001 4003 1071 4056 Ἦ
1102 4003 1258 4074 δῆλον
1279 4004 1352 4068 ὡς
1373 4005 1575 4077 Πέτρος
1595 4005 1692 4058 καὶ
1718 4005 1949 4069 Παῦλος,

350 4093 386 4161 ἡ
411 4092 702 4164 κορυφαία
755 4092 851 4144 καὶ
884 4090 1233 4162 πρεσϐυτάτη
1271 4092 1379 4148 τῶν
1413 4095 1728 4157 ἀποστόλων
1783 4092 1952 4160 ἀκρό-

348 4201 451 4255 της
491 4201 507 4214 ·
544 4184 790 4255 Πέτρος,
817 4185 853 4255 ή
881 4185 980 4254 τῆς
1006 4184 1246 4256 Χριστοῦ
1291 4174 1528 4249 πίστεως
1580 4187 1724 4257 ἀρχή
1752 4200 1768 4216 ·
1801 4185 1952 4238 Παῦ-

353 4275 462 4341 Zx,
494 4279 531 4349 ἡ
561 4276 668 4346 τῆς
700 4277 930 4346 ἀγάπης
974 4277 1250 4348 τελειότης
1280 4292 1294 4308 ⁸
1325 4277 1556 4348 Πέτρος,
1600 4278 1634 4348 ἡ
1688 4277 1954 4348 ἀμετακί-

356 4386 513 4438 νητος
549 4369 656 4440 τῆς
727 4368 1056 4437 Ἐκκλησῖας
1094 4371 1267 4441 πέτρα
1297 4386 1310 4401 ·
1343 4369 1575 4436 Παῦλος,
1599 4371 1628 4422 6
1671 4370 1764 4424 τὸν
1793 4368 1954 4440 θεμέ-

366 4459 479 4514 λιον
499 4465 707 4533 21mg
733 4461 993 4529 ἀσφαλῶς
1027 4462 1484 4528 καταϐαλόμενος.

423 4641 589 4701 οὗτοι
617 4647 688 4717 δὴ
727 4646 973 4716 σήμερον
1002 4639 1092 4700 οἶα
1118 4645 1238 4709 νὸες
1285 4645 1584 4716 ὑπόπτεροι
1607 4646 1716 4700 τῶν
1774 4648 1940 4719 ὑπερο

601 4740 704 4792 καὶ
773 4737 1038 4810 οὐρανίων
1086 4738 1533 4802 ὑποκαταϐάντες
1582 4739 1803 4811 χώρων,
1853 4741 1948 4794 καὶ

341 4832 462 4892 τοῖς
515 4831 579 4882 ἐν
614 4826 841 4896 γενέσει
879 4827 973 4880 καὶ
1010 4825 1186 4898 φθορᾷ
1214 4828 1383 4891 ζῶσιν
1431 4827 1511 4881 ἔτι
1544 4830 1745 4900 νοερῶς
1766 4846 1824 4881 τε
1856 4829 1950 4882 καὶ

344 4914 774 4987 φιλανθρώπως
801 4915 1176 4986 συγγινόμενοι
1209 4931 1223 4946 ⁸
1250 4915 1418 4980 ὀξέως
1453 4933 1514 4969 τε
1552 4917 1948 4990 διατρέχοντες,

344 5011 443 5061 καὶ
493 5005 1018 5078 ἐμπεριπατῶντες
1071 5009 1129 5060 ἐν
1167 5008 1319 5078 ἡμῖν,
1377 5007 1512 5079 πρὸς
1553 5008 1949 5081 ὑπέρλαμπρον

353 5098 732 5153 ἐκκαλοῦνται
774 5097 1042 5168 θυμηδίαν
1074 5115 1090 5132 ο
1122 5099 1218 5152 καὶ
1248 5099 1406 5152 ἄλλον
1423 5099 1716 5170 ἀλλαχόθεν
1745 5102 1952 5173 ἡσυχίῳ

359 5192 448 5242 τ.ιί
481 5189 700 5260 ὑψηλῷ
765 5189 1194 5258 συγκαλούμενοι
1252 5189 1592 5261 κηρύγματι,
1643 5193 1738 5246 καὶ
1781 5195 1953 5248 καυά-

359 5296 458 5354 κρ
494 5283 648 5353 μέλη
674 5281 851 5335 πλείω
874 5283 998 5348 τοὺς
1030 5283 1239 5346 πάντας
1285 5283 1366 5347 εἰς
1390 5282 1449 5336 ἒν
1480 5283 1641 5354 σῶμα
1681 5287 1747 5356 τῇ
1797 5286 1953 5357 ἀρχι-

426 5441 472 5473 ⁸⁸
492 5441 650 5497 Psal.
672 5457 843 5508 xxvu,
866 5440 920 5496 9.

419 5606 511 5683 _(2)
541 5604 692 5683 Tota
719 5603 851 5683 haec
874 5602 1254 5683 oratio.varii_s
1281 5603 1524 5683 flosculis
1553 5603 1714 5670 ludit,
1747 5604 1947 5683 vixque

358 5673 479 5755 alia.
505 5674 578 5755 ad
615 5674 911 5755 historiam
940 5673 1269 5755 pertinentia
1293 5675 1640 5755 su-niitquarn
1673 5691 1794 5745 quae
1829 5673 1948 5755 ipsa

361 5745 654 5812 Scriptura
682 5743 757 5802 dc
785 5742 1138 5816 principibus
1153 5742 1527 5816 apostolorum
1549 5745 1632 5801 sic
1662 5742 1950 5817 magnifice

2061 547 2297 611 ratione,
2326 561 2391 600 ac
2422 543 2616 600 salutis
2642 544 2877 613 vitaeque
2909 540 3256 596 conciliatrix
3291 539 3461 608 (velut
3485 539 3634 594 enim

2061 652 2186 692 cum
2236 637 2474 692 animata
2518 644 2686 705 atque
2715 635 2935 689 vivente
2981 633 3211 702 loquor,
3246 629 3318 684 ob
3361 644 3481 684 eam
3527 643 3638 698 qua

2060 727 2289 798 praedita
2322 741 2382 780 es
2415 724 2638 779 vitalem
2674 722 2952 794 gratiam),
2987 737 3246 791 magnum
3283 720 3637 789 praeclarum-

2060 835 2170 890 que
2215 818 2525 873 animorum
2572 815 3008 888 pbylacterium,
3058 814 3161 883 pia:
3208 812 3389 867 omnis
3437 811 3641 864 mentis

2060 911 2539 984 propitiatorium,
2571 926 2789 966 necnon
2854 907 2990 964 recti
3045 908 3228 962 omnis
3260 907 3443 962 cordis
3474 914 3640 975 atque

2061 1005 2231 1060 animi
2263 1005 2406 1061 lucis
2437 1019 2502 1060 ac
2534 1003 2842 1059 sanctitatis
2873 1001 3340 1073 promptuarium.
3373 998 3417 1054 Ο
3459 997 3636 1062 Crux,

2060 1098 2305 1152 omnium
2333 1096 2582 1151 defensio
2607 1095 3038 1165 praesidiumque
3069 1091 3317 1146 ﬁdelium
3348 1091 3362 1142 ι
3389 1089 3637 1144 omnium

2059 1190 2353 1247 aediﬁcatio
2399 1188 2722 1252 domorum,
2754 1193 3058 1252 auctorque
3094 1192 3156 1238 ut
3191 1193 3398 1237 tractus
3428 1187 3486 1235 et
3517 1179 3640 1234 loca

2059 1283 2179 1354 pari
2209 1282 2418 1339 foedere
2447 1280 2798 1343 habitentur;
2824 1276 3069 1331 omnium
3101 1273 3514 1329 condendarum
3544 1287 3638 1325 ar-

2059 1375 2204 1429 bitra
2236 1374 2545 1436 civitatum,
2570 1381 2628 1426 et
2658 1379 2720 1424 ut
2747 1369 2999 1424 nationes
3032 1381 3165 1437 pace
3200 1364 3634 1434 componantur!

2059 1465 2105 1522 Ο
2155 1482 2296 1521 CI‘UX
2354 1462 2623 1519 mundum
2670 1461 2990 1516 universum
3057 1457 3354 1513 concordia
3415 1455 3636 1510 socians

2058 1558 2404 1626 uniensque,
2435 1555 2592 1625 cujus
2621 1551 2805 1606 omnis
2829 1549 3177 1605 altitudinem
3205 1555 3262 1601 et
3288 1545 3636 1616 profundita-

2061 1656 2192 1711 tem,
2224 1644 2736 1715 longitudinemque
2772 1649 2828 1696 et
2854 1638 3199 1694 latitudinem
3233 1636 3344 1690 tuis
3371 1635 3636 1690 cornibus

2058 1739 2334 1807 ramisque
2377 1736 2654 1799 detineas,
2686 1733 2943 1802 orbisque
2985 1738 3221 1801 quatuor
3263 1737 3446 1798 partes
3480 1727 3534 1782 in
3581 1736 3635 1781 te

2055 1835 2416 1899 reprmsentes
2447 1827 2872 1894 contineasque,
2903 1821 3065 1877 Salva
3107 1819 3359 1892 populum
3401 1828 3547 1872 tuum
3583 1825 3633 1870 et

2053 1918 2265 1973 benedic
2293 1916 2655 1983 hazreditatem
2690 1923 2840 1968 tuam
2873 1929 2890 1966 :
2922 1921 2970 1966 et
3000 1928 3120 1982 rege
3143 1928 3235 1964 nos
3262 1919 3416 1980 atque
3444 1906 3636 1963 extolli:

2054 2012 2109 2066 in
2134 2009 2387 2066 secutum
2412 2025 2575 2081 usque
2597 2007 2914 2064 swculorum
2935 2005 3004 2059 ⁸⁸.
3030 2004 3228 2059 Amen.

2650 2143 2908 2203 ORATIO
2944 2142 3036 2198 ΠΙ.

2053 2273 2316 2330 Laudatio
2340 2280 2646 2328 sanctarum
2676 2286 2739 2324 ac
2765 2269 3061 2349 principum
3083 2263 3440 2339 apostolorum
3487 2263 3636 2317 Petri

2713 2338 2773 2394 et
2787 2338 2968 2394 Pauli.

2124 2457 2387 2526 Quisnam
2442 2452 2718 2527 iucundus
2780 2451 2873 2506 hic
2929 2447 3182 2505 sonitus?
3239 2446 3373 2514 Quis
3419 2445 3637 2502 faustus

2053 2551 2343 2620 clarusque
2368 2547 2568 2602 festum
2602 2543 2885 2616 agentium
2918 2541 3177 2612 plausus?
3207 2538 3464 2606 Quaenam
3494 2539 3635 2592 mira

2054 2643 2172 2698 haec
2219 2658 2284 2697 ac
2339 2638 2628 2710 splendida
2675 2636 2912 2692 vestium
2962 2634 3200 2689 candore
3251 2631 3636 2700 luminumque

2055 2735 2360 2806 gestatione
2390 2731 2624 2803 pompa?
2645 2731 2755 2785 Vos
2782 2727 2996 2784 scilicet
3017 2725 3314 2796 peculiaris
3341 2724 3434 2778 Dei
3461 2739 3637 2792 popu-

2051 2828 2159 2891 lus,
2184 2825 2386 2882 Christi
2411 2822 2654 2877 nominis
2682 2819 3097 2888 nuncupatione
3125 2825 3370 2880 ornatus,
3391 2831 3457 2869 ex
3483 2813 3634 2868 omni

2053 2932 2276 2988 genere,
2307 2916 2584 2977 instituto,
2614 2911 2836 2966 civitate
2867 2918 3031 2978 atque
3055 2916 3232 2966 aetate,
3261 2906 3387 2960 fidei
3418 2905 3635 2960 fervore

2054 3017 2392 3071 commotus,
2423 3007 2631 3076 quique
2666 3005 2880 3058 illustre
2916 3002 3022 3055 hoc
3054 2999 3427 3069 apostolorum
3467 2997 3630 3052 delu-

2054 3101 2237 3165 brum,
2267 3107 2535 3170 quantum
2574 3106 2679 3160 est,
2710 3093 3160 3150 concertantibus
3192 3091 3395 3146 animis
3430 3090 3632 3160 imple-

2054 3190 2268 3246 veritis.
2298 3188 2560 3254 Quisnam
2605 3183 2836 3240 cursus?
2871 3183 3001 3248 Quae
3037 3181 3318 3251 diligentia
3354 3188 3410 3234 et
3448 3180 3632 3245 ardor,

2051 3288 2112 3334 ut
2143 3279 2200 3333 in
2234 3290 2448 3331 sacrum
2482 3275 2588 3328 hoc
2619 3281 2835 3341 septum
2863 3262 3161 3325 veniretis?
3189 3267 3346 3324 Unde
3371 3268 3530 3322 vobis
3564 3277 3630 3323 ut

2048 3371 2202 3425 velut
2227 3384 2295 3423 ex
2327 3382 2437 3421 uno
2461 3364 2717 3420 condicto
2742 3363 2811 3417 ab
2839 3363 2957 3433 ipso
2981 3360 3204 3416 excitati
3227 3374 3479 3430 vespere,
3501 3360 3628 3415 reli-

2049 3460 2156 3516 ctis
2175 3457 2366 3513 vacuis
2387 3456 2664 3520 domibus,
2687 3453 2928 3509 divinam
2952 3453 3095 3507 hanc
3115 3452 3286 3507 aedem
3309 3451 3633 3522 replerctis?

2050 3567 2114 3606 ac
2140 3549 2364 3620 quidem
2387 3547 2546 3603 vobis
2575 3546 2712 3616 ipsis
2733 3560 2904 3616 prope
2928 3543 3152 3599 modum
3181 3544 3507 3608 excessisse;
3539 3544 3634 3599 alii

2048 3658 2180 3697 vero
2218 3643 2454 3696 aliorum
2493 3639 2646 3703 facti,
2671 3637 2982 3692 animorum
3022 3635 3430 3704 conspiratione
3470 3633 3632 3690 ﬁdei-

2051 3752 2160 3807 que
2203 3734 2503 3792 concordia
2545 3747 2610 3787 ac
2647 3733 2848 3803 linguae
2889 3729 3270 3790 consensione.
3302 3729 3634 3784 uniformem

2051 3839 2214 3901 atque
2249 3827 2573 3882 concinnam
2597 3826 2749 3879 velut
2774 3822 3072 3877 modulatis
3100 3821 3323 3892 organis
3357 3821 3635 3875 laudatio-

2050 3921 2140 3976 nis
2169 3935 2359 3975 vocem
2393 3930 2700 3986 sonumque
2726 3914 2895 3970 edere
2921 3911 3256 3967 videamini?
3287 3910 3420 3977 Quis
3449 3926 3636 3966 sacra-

2054 4012 2328 4067 tissimum
2375 4009 2524 4062 hunc
2569 4013 2904 4060 conventum
2959 4018 3056 4058 seu
3103 4002 3334 4056 chorum
3387 4001 3466 4058 sic
3508 4011 3635 4070 apte

2052 4111 2316 4171 tantaque
2360 4099 2588 4154 omnino
2639 4095 2927 4151 harmonia
2980 4093 3155 4164 cogit?
3204 4092 3398 4147 Nonne
3454 4093 3633 4161 palam

2053 4195 2249 4250 Petrus
2295 4201 2351 4248 et
2391 4191 2624 4254 Paulus,
2655 4189 2914 4259 princeps
2963 4187 3054 4240 ille
3101 4185 3635 4255 augustissimusquc

2053 4285 2424 4357 apostolorum
2469 4292 2660 4337 vertex
2713 4297 2726 4334 :
2768 4279 2995 4342 Petrus,
3025 4276 3229 4332 Christi
3275 4276 3400 4331 ﬁdei
3446 4276 3632 4346 origo,

2053 4378 2294 4441 Paulus,
2347 4374 2636 4430 charitatis
2689 4371 2957 4442 perfectio
3015 4386 3029 4422 :
3087 4369 3282 4424 Petrus
3340 4368 3638 4424 immobilis

1977 4481 2032 4542 ])
2055 4468 2316 4525 Ecclesia:
2350 4476 2534 4538 petra,
2571 4466 2804 4530 Paulus,
2833 4463 2982 4517 illius
3019 4469 3133 4516 tute
3168 4470 3429 4531 certaque
3461 4461 3639 4516 desti-

2047 4560 2270 4616 natione
2287 4559 2500 4627 .jactuln
2529 4555 2947 4609 fundamentum
2977 4553 3001 4606 ?

2123 4649 2190 4704 lli
2237 4647 2502 4702 nimirum
2546 4645 2710 4700 hodie
2743 4645 2894 4699 velut
2929 4645 3146 4715 aligerae
3179 4652 3394 4699 mentes
3427 4659 3456 4697 a
3492 4643 3636 4698 luci-

2053 4740 2296 4796 dissimis
2326 4737 2437 4792 illis
2461 4752 2527 4792 ac
2550 4735 2871 4792 caelestibus
2892 4751 3014 4792 sese
3039 4735 3394 4790 demittentes
3416 4735 3635 4800 axibus,

2054 4833 2403 4901 benignaque
2438 4827 2796 4882 inclinatione
2833 4827 2943 4881 illis
2975 4827 3174 4896 spiritu
3207 4826 3512 4896 congressi,
3538 4826 3635 4896 qui

2056 4923 2346 4978 mortalem
2379 4921 2562 4976 adhuc
2596 4927 2764 4991 agunt
2797 4919 2999 4981 vitam,
3028 4918 3386 4989 velociusque
3417 4917 3636 4973 discur-

2055 5024 2243 5070 rentes
2276 5029 2341 5069 ac
2374 5014 2720 5068 ambulantes
2753 5011 2813 5067 in
2847 5011 3036 5075 nobis,
3071 5011 3140 5066 ad
3183 5011 3332 5066 omni
3372 5011 3636 5081 majorem

2059 5107 2351 5177 splendore
2376 5105 2778 5177 iucunditatem
2803 5104 3042 5159 invitant
3067 5122 3078 5157 :
3105 5104 3386 5174 aliumque
3409 5103 3636 5160 aliunde

2059 5197 2278 5269 placido
2328 5198 2551 5268 altoque
2603 5205 2971 5253 convocantes
3021 5198 3326 5267 praeconio,
3371 5214 3436 5254 ac
3481 5197 3636 5252 velut

2061 5288 2220 5357 plura
2245 5289 2511 5353 membra,
2538 5288 2596 5344 in
2626 5303 2796 5344 unum
2825 5302 3046 5358 corpus,
3068 5290 3421 5346 sacratissimi
3442 5303 3634 5345 eorum

2058 5605 2260 5687 tradit;
2291 5619 2413 5687 qua:
2440 5615 2588 5662 certe
2609 5607 3105 5687 suntmaxima,_et
3134 5623 3255 5678 qua:
3276 5607 3483 5687 .mcrito
3511 5623 3633 5687 ma-

2057 5677 2258 5729 ximam
2292 5677 2372 5730 eis
2398 5678 2806 5732 venerationem
2840 5679 2893 5731 in
2922 5677 3165 5732 fidelium
3201 5677 3399 5735 animis
3443 5681 3634 5738 conci~

2057 5746 2216 5801 liont.
2251 5747 2429 5802 Pauca
2456 5748 2638 5817 itaque
2670 5747 2829 5803 nobis
2860 5749 3190 5804 aunotauda.
