4108 6424
609 305 682 373 39

1809 299 2108 363 NICETIE
2142 297 2676 364 PAPHLAGONIS

3812 293 3877 364 40

608 418 842 494 spiritus
885 416 1248 475 fabricatione
1288 424 1526 474 cunctos
1595 423 1952 490 coaptantes,
1994 415 2065 471 ad
2110 415 2205 470 Dei

2311 417 2566 487 τεκτονίᾳ
2587 418 2684 470 τοῦ
2711 413 3063 483 πανευαγοῦς
3115 410 3298 484 αὐτῶν
3353 410 3668 483 πνεύματος
3719 407 3880 483 ἁρμό-

609 509 824 566 cantica
866 508 1168 580 laudesque
1212 509 1602 576 celebrandas,
1629 508 1988 580 ipsorumque
2029 506 2205 563 hono-

609 599 859 655 standam
908 598 1375 670 magniﬁcentiam
1420 613 1486 655 ac
1533 597 1875 672 spargendos
1917 598 2199 664 honores,

609 703 965 764 congregant.

679 784 852 854 Igitur
873 800 939 839 ea
972 799 1254 850 sonemus,
1281 798 1405 854 qua:
1438 783 1706 854 Spiritum
1741 783 1903 840 nobis
1934 784 2202 848 insonan-

607 883 721 932 tem
759 877 1094 933 addeceanti
1129 875 1406 932 Canamus
1439 877 1571 932 tuba
1603 878 1662 932 in
1711 877 1844 933 Sion
1885 895 1900 933 :
1935 879 2203 950 praedice-

609 985 736 1026 mus
785 971 842 1026 in
885 979 1072 1025 monte
1121 978 1358 1034 sancto,
1410 967 1466 1023 in
1519 969 1625 1024 hac
1672 969 1889 1024 scilicet
1949 969 2204 1026 Ecclesia

612 1063 864 1137 (mystica
895 1079 960 1118 ac
991 1061 1309 1133 prtedilecta
1340 1062 1437 1117 Dei
1465 1061 1714 1126 civitate,
1747 1076 1812 1116 ac
1838 1062 2205 1117 saerosordi-

609 1166 809 1211 nantes
843 1156 1067 1222 choros,
1096 1170 1379 1210 sacrorum
1415 1154 1797 1226 theologorum
1831 1154 2204 1211 sacratissime

610 1249 982 1320 religiosaque
1031 1248 1244 1318 pietate
1293 1247 1508 1302 cantica
1553 1247 1860 1318 laudesque
1907 1247 2205 1318 deproma-

611 1357 737 1396 mus
758 1341 824 1395 ".
847 1341 967 1408 Qua
989 1355 1124 1395 vero
1151 1339 1208 1394 id
1232 1339 1478 1394 ratione?
1498 1339 1622 1394 Non
1641 1339 2032 1410 Sophistarum
2053 1341 2204 1410 leges

609 1435 787 1490 secuti
835 1451 850 1501 ;
904 1449 1016 1488 non
1058 1449 1316 1489 sermone
1359 1433 1930 1504 celebrantes,quam
1965 1434 2202 1504 quisque

609 1527 666 1584 in
732 1527 895 1582 terris
959 1526 1196 1597 patriam
1267 1534 1464 1581 nactus
1528 1526 1603 1582 sit
1662 1544 1678 1594 ;
1743 1543 1855 1581 non
1916 1535 2200 1582 terrenum

608 1619 898 1691 magnifice
933 1634 1108 1691 genus
1142 1619 1476 1674 extollentes
1507 1636 1524 1687 ;
1557 1635 1669 1673 non
1702 1619 2004 1675 nativitatis
2033 1629 2201 1691 atque

607 1713 1044 1770 conversationis
1082 1713 1406 1768 civilitatem
1447 1728 1705 1768 sermone
1749 1721 2033 1768 ornantes.
2067 1713 2200 1780 Quae

607 1807 758 1864 enim
809 1807 933 1862 laus
983 1807 1066 1862 eis
1111 1807 1436 1877 proveniat,
1473 1805 1570 1877 qui
1616 1815 1827 1876 patrem
1876 1807 2198 1862 habuerunt

607 1897 996 1955 universorum
1037 1899 1210 1953 Deum
1230 1939 1245 1964 ,
1284 1898 1517 1969 patriam
1548 1914 1702 1962 vero,
1729 1899 2010 1954 caelestem
2037 1899 2200 1954 Jeru-

608 1993 779 2048 salem
799 2033 814 2058 ,
849 2007 1046 2064 genus,
1078 1991 1461 2046 beatissimum
1490 1991 1861 2062 patriarcham
1888 1991 2203 2046 Abraham?

608 2087 745 2158 quin
778 2086 966 2158 potius
999 2085 1152 2140 illius
1179 2086 1347 2143 ﬁdem
1382 2092 1440 2142 et
1469 2085 1764 2156 justitiam,
1791 2083 1998 2154 quibus
2031 2083 2201 2138 etiam

584 2180 688 2237 :illi
717 2193 947 2248 prorsus
987 2177 1198 2234 similes
1240 2179 1576 2231 exstiterunt
1619 2193 1632 2230 :
1681 2175 2200 2242 conversationem,

607 2274 910 2337 virtutem,
955 2279 1013 2325 et
1061 2284 1184 2339 quae
1237 2267 1306 2323 ad
1358 2267 1642 2322 Christum
1698 2276 1784 2322 est
1837 2283 1936 2338 per
1989 2267 2199 2338 legem,

608 2363 842 2434 primam
874 2361 1282 2419 institutionem
1312 2376 1380 2415 ac
1403 2361 1854 2432 praeparationem
1877 2361 1901 2414 ?
1923 2360 1993 2416 At
2022 2376 2202 2432 neque

608 2465 812 2512 cuncta
839 2455 1036 2511 ordine
1062 2455 1323 2525 praeclare
1351 2455 1465 2508 illis
1493 2470 1558 2509 ac
1590 2453 1880 2524 magniﬁce
1909 2454 2006 2508 Dei
2033 2453 2201 2508 Verbi

610 2566 778 2606 causa
803 2558 976 2621 .gesta
1019 2548 1300 2620 sigillatim
1334 2547 1644 2604 laudemus.
1677 2546 1770 2602 Sic
1797 2547 1944 2601 enim
1977 2555 2206 2618 prmlcr—

615 2655 786 2711 quam
821 2639 970 2709 quod
1010 2637 1374 2710 impossibilis
1406 2654 1472 2693 ea
1506 2637 1720 2694 molitio
1754 2647 1859 2703 est,
1887 2639 2050 2709 justze
2085 2655 2204 2694 me-

611 2733 923 2790 diocritatis
955 2734 1136 2805 legem
1169 2733 1598 2791 excesserimus.
1626 2732 1720 2789 Ha:
1749 2749 1883 2789 vero
1940 2735 2204 2800 etiam,_si

614 2841 726 2895 qua
752 2824 882 2888 alia,
908 2824 1379 2895 quemadmodum
1408 2824 1466 2879 in
1499 2824 1760 2880 omnibus
1789 2825 2208 2896 operationibus

609 2916 1077 2986 passionibusque
1103 2923 1160 2972 et
1188 2917 1428 2980 actibus,
1457 2917 1538 2972 sic
1572 2927 1627 2972 et
1662 2917 1718 2972 in
1759 2919 1893 2988 ipsis
1930 2918 2206 2974 intellecta

609 3009 937 3079 integraque
973 3009 1360 3072 sermonibus,
1385 3009 1607 3066 laudem
1642 3010 1831 3066 habet.
1862 3011 2065 3067 Verum
2100 3011 2205 3066 alia

615 3099 842 3171 quidem
877 3099 970 3154 alii
1000 3098 1235 3171 tempori
1266 3110 1432 3171 atque
1463 3100 1708 3156 sermoni
1740 3110 1904 3156 sunto
1933 3103 2201 3172 reposita;
2234 3131 2276 3191 ο

611 3191 722 3247 alia
770 3206 1106 3248 vero.nunc
1161 3190 1343 3248 laudis
1413 3203 1741 3264 argumento
1796 3204 1961 3264 atque
2017 3195 2205 3266 gloria:

615 3281 1002 3338 disertissimis
1025 3282 1311 3338 sermonis
1345 3282 1541 3337 amicis
1573 3282 1873 3337 offeramus
1912 3301 1926 3336 :
1962 3282 2206 3339 directo-

615 3390 726 3444 quc
755 3375 822 3427 ad
853 3389 949 3428 eos
979 3373 1160 3429 laudis
1193 3373 1434 3439 cantico,
1464 3374 1520 3428 in
1554 3373 1674 3429 bmc
1705 3375 1874 3430 verba
1911 3391 2036 3429 cum
2072 3391 2206 3447 pro-

615 3467 788 3539 pheta
815 3483 830 3520 :
860 3467 1050 3530 Aucte,
1071 3466 1174 3534 ﬁlii
1201 3465 1332 3521 Sion
1351 3467 1595 3538 ",ipsos
1624 3467 1992 3538 alloquamur.

687 3561 884 3628 Avete,
922 3569 1167 3631 paternae
1202 3561 1404 3618 divinae
1437 3561 1671 3632 originis
1705 3561 1839 3617 clari
1876 3576 2200 3632 praecones:

617 3652 934 3710 divinorum
971 3651 1095 3706 Filii
1127 3667 1359 3722 operum
1394 3650 1726 3710 divinissimi
1764 3650 2150 3721 explanatores
2189 3667 2204 3705 :

617 3745 1132 3816 vividae-Spiritus
1171 3743 1399 3799 virtutis
1437 3745 1563 3800 viva
1603 3758 1807 3814 organa
1853 3757 1917 3797 ac
1957 3742 2209 3798 modula-

619 3839 859 3902 tissima,
902 3854 1024 3909 qua:
1066 3837 1329 3893 videlicet
1379 3835 1722 3921 dulcissimis
1764 3835 1994 3890 vocibus
2040 3845 2207 3906 atque

600 3932 859 3989 modulis
899 3931 1380 3998 cencinnissimis,
1424 3931 1749 3988 universum
1797 3931 1962 3986 simul
2011 3929 2204 3986 orbem

617 4036 823 4082 terram
855 4025 951 4080 uni
981 4024 1164 4080 Verbo
1197 4033 1256 4079 et
1284 4023 1399 4079 Deo
1430 4023 1823 4087 adhibueritis,
1854 4033 1912 4078 et
1936 4021 2002 4077 ad
2035 4021 2113 4076 illi
2148 4021 2205 4076 in

591 4117 814 4188 ..-spirilu
839 4125 896 4171 et
919 4117 1153 4172 veritate
1180 4115 1534 4172 serviendum
1568 4115 1922 4170 institueritis
1939 4114 2006 4168 ³⁸.

690 4207 850 4263 Salve
864 4209 960 4271 sis,
976 4209 1159 4273 Petre,
1181 4208 1273 4262 cui
1299 4208 1481 4262 claves
1505 4206 1659 4277 regni
1685 4207 1953 4265 caelorum
1981 4205 2206 4262 credita:

615 4309 748 4356 sunt
800 4317 818 4365 ς
877 4315 1046 4370 super
1094 4315 1260 4370 quem
1309 4299 1565 4354 Christus
1613 4297 1854 4354 ﬁrmavit
1901 4298 2204 4354 Ecclesiam

617 4407 808 4459 suam;
852 4407 1020 4462 quem
1068 4391 1137 4446 ad
1179 4391 1398 4446 Patrem
1442 4389 1780 4461 migraturus
1841 4389 1959 4446 suis
2007 4390 2206 4446 ovibus

617 4491 895 4555 pastorem
923 4481 1248 4554 prtelecit”.

2227 1772 2276 1832 B

687 4693 864 4750 Salve
878 4691 978 4758 sis,
1002 4691 1195 4756 Paule,
1222 4688 1318 4760 qui
1347 4688 1528 4745 ﬁdelis
1551 4696 1612 4744 et
1641 4687 1892 4758 prudens.
1915 4687 2204 4758 dispensa-

617 4797 708 4844 tor
728 4796 971 4859 paternaa
996 4785 1202 4840 domus
1224 4782 1514 4846 enitueris,
1535 4796 1768 4850 eamque
1791 4780 1864 4835 ob
1891 4795 2008 4836 rem
2035 4779 2204 4836 etiam

617 4893 788 4949 super
821 4876 1006 4931 omnia
1041 4889 1164 4946 qua:
1197 4873 1347 4928 illius
1379 4883 1540 4938 sunt,
1568 4871 1909 4928 constitutus
1945 4870 2022 4929 sis
2057 4887 2072 4935 ;
2107 4870 2203 4940 qui

618 4970 808 5024 adhuc
827 4969 1020 5022 vivens
1049 4981 1305 5036 corpore,
1325 4964 1394 5019 in.
1410 4964 1634 5020 tertium
1661 4963 1864 5019 malum
1887 4970 2082 5034 raptus
2104 4963 2201 5029 sis,

618 5062 1050 5136 paradisumque
1071 5058 1276 5114 mentis
1294 5059 1481 5114 oculis
1492 5057 1888 5129 aspectabilem
1911 5071 2206 5120 conspexe-

617 5157 722 5221 ris,
744 5170 810 5211 ac
834 5154 1008 5209 verba
1043 5167 1243 5208 arcana
1280 5151 1390 5207 tuis
1422 5151 1541 5222 ipse
1577 5148 2203 5206 auribusaudiveris“.

653 5257 655 5260 '
691 5248 855 5306 Salve
876 5247 976 5310 sis,
1005 5247 1188 5309 Petre,
1217 5245 1312 5315 qui
1346 5245 1504 5312 prius
1534 5242 1760 5314 quidem
1789 5249 1975 5298 mutos
1999 5254 2205 5312 sagena

620 5342 802 5413 pisces
831 5338 1090 5410 capiebas
1108 5337 1150 5370 “
1181 5355 1193 5390 :
1227 5346 1417 5408 postea
1444 5353 1600 5401 vero,
1629 5336 1818 5391 divino
1848 5336 2006 5406 plexa
2037 5350 2205 5405 opere

622 5431 740 5500 ipse
785 5445 888 5500 per
931 5427 1218 5483 Christum
1269 5443 1468 5498 sageua
1513 5425 1773 5491 eﬂ‘cctus,
1809 5436 1868 5480 et
1914 5425 1971 5481 in
2019 5423 2205 5480 saeculi

624 5523 826 5577 missus
865 5535 1049 5587 mare,
1085 5529 1251 5590 atque
1285 5535 1354 5576 ex
1386 5520 1538 5576 omni
1573 5519 1929 5575 rationalium
1968 5517 2204 5589 piscium

697 5721 742 5756 ιδ
761 5721 879 5778 Joel
902 5738 960 5782 ιι.
985 5723 1155 5790 1,15;
1181 5723 1327 5780 Psal.
1350 5683 1408 5784 ll.
1433 5721 1487 5778 6.
1565 5723 1608 5754 ³⁷
1627 5721 1745 5778 Joel
1767 5737 1826 5782 ιι,
1846 5721 1938 5776 23.

625 5805 774 5860 xxrv,
795 5791 892 5860 46;
925 5793 967 5850 ll
995 5793 1128 5851 Cor.
1151 5811 1249 5864 xu,
1271 5795 1328 5851 2.
1406 5795 1448 5827 ’⁵³
1474 5791 1668 5850 Matth.
1691 5810 1764 5863 tv,
1791 5793 1886 5861 l9;
1917 5807 2030 5859 xui,
2053 5792 2142 5848 47.

2304 513 2514 580 ζοντες,
2581 513 2664 575 είς
2707 510 2941 581 ῦμνησιν
2995 507 3096 578 μὲν
3128 505 3224 562 καὶ
3276 505 3438 572 δόξαν
3468 504 3629 570 Θεοῦ,
3659 502 3879 566 ,ἔπαινον

2299 608 2360 662 δέ
2394 608 2492 662 καὶ
2523 604 2690 678 τιμὴν
2725 604 2825 676 τῆς
2848 602 3056 667 οἰκείας
3119 598 3600 682 μεγαλοπρεπείας
3649 616 3877 673 ςιυγκρο⁶

2301 699 2509 756 τοῦσιν.

2373 792 2587 848 Οὐκοῦν
2609 793 2909 864 ἠχήσωμεν
2947 790 3044 846 τοῦ
3086 789 3412 861 ἐνηχοῦντος
3442 788 3579 859 ἡμῖν
3627 785 3880 858 Πνεῦμα.

2301 904 2393 950 τος
2452 885 2691 954 ἐπάξιαο
2745 885 3098 956 σαλπίσωμεν
3143 884 3411 952 σάλπιγγι
3457 884 3517 936 ἐν
3558 878 3699 935 Σιών
3733 895 3749 910 ο
3781 897 3879 950 κη-

2306 978 2560 1051 ρύξωμεν
2614 981 2673 1034 ἐν
2728 978 2847 1049 ὄρει
2903 977 3068 1048 ἁγίῳ,
3131 980 3198 1048 τῇ
3247 973 3548 1045 Ἐκκλησία
3597 970 3792 1043 ταύτῃ,
3821 974 3880 1044 τῇ

2307 1074 2545 1145 μυστικῇ
2583 1071 2679 1126 καὶ
2726 1071 2985 1143 ἀγαπητῇ
3022 1069 3116 1125 τοῦ
3179 1068 3314 1124 Θεοῦ
3357 1066 3509 1122 πόλει
3545 1081 3560 1096 ·
3613 1064 3711 1118 καὶ
3737 1064 3879 1135 ἱερὰς

2304 1165 2708 1238 συστησάμενοι
2732 1164 3114 1237 χοροστασίαις,
3147 1162 3247 1226 τὰς
3271 1161 3382 1217 τῶν
3431 1159 3594 1230 ίερῶν
3626 1158 3879 1226 θεολόγων

2303 1259 2582 1331 πανιέρως
2641 1260 2999 1330 κρατήσωμεν
3028 1255 3379 1328 ὑμνολογίας.
3427 1253 3799 1324 Κροτήσωμεν
3829 1251 3880 1305 δὲ

2301 1349 2424 1414 πῶς
2455 1367 2472 1418 ;
2504 1349 2581 1404 Οὐ
2641 1348 2916 1419 σοφιστῶν
2961 1347 3222 1418 ἑπόμενοι
3283 1344 3471 1415 νόμοις
3506 1357 3521 1371 ·
3556 1341 3616 1394 οὑ
3643 1339 3718 1410 τῷ
3742 1339 3876 1412 λόγῳ

2300 1444 2402 1508 τὰς
2452 1443 2608 1498 κάτω
2645 1441 3002 1513 σεμνύνοντες
3057 1437 3363 1510 πατρίδαςς
3416 1435 3480 1489 οὐ
3530 1433 3593 1487 τὸ
3617 1433 3721 1487 ἀπὸ
3777 1435 3874 1505 γῆς

2304 1535 2778 1609 μεγαλαυχοῦντες
2820 1535 3014 1603 γένος’
3076 1531 3138 1586 οὐ
3198 1530 3544 1600 γεννήσεως,
3605 1527 3704 1580 οὐκ
3749 1527 3870 1580 ἀνα-

2302 1630 2546 1702 στροφῆς
2580 1626 3241 1700 ἀστειότηταῦιεξιόντες.
3274 1623 3368 1687 Τίς
3423 1623 3535 1694 γὰρ
3567 1622 3634 1675 ἐκ
3686 1617 3877 1673 τούτων

2302 1721 2474 1790 αῐνος,
2506 1727 2620 1788 τοῖς
2649 1723 2867 1792 Πατέρα
2892 1723 3016 1794 μὲν,
3041 1721 3136 1774 τὸν
3167 1720 3276 1774 τῶν
3315 1719 3457 1773 ὅλων
3495 1714 3687 1787 σχοῦσι
3701 1714 3839 1772 ,Θιόν
3863 1726 3878 1743 °

2305 1811 2542 1883 πατρίδα
2594 1811 2673 1877 δὲ,
2725 1811 2825 1882 τήν
2883 1810 2998 1864 ᾶνω
3052 1806 3446 1881 Ἰερουσαλήμ·
3499 1806 3659 1875 γένος
3703 1804 3764 1859 δέ
3790 1803 3882 1858 λα-

2303 1903 2481 1974 χοῦσι,
2534 1903 2628 1957 τὸν
2686 1903 2956 1976 μακάριον
3010 1901 3362 1974 πατριάρχην
3425 1900 3720 1972 Ἀϐραάμ·
3757 1896 3882 1968 μᾶλα

2301 1993 2396 2048 λον
2429 1994 2509 2059 δὲ,
2529 1994 2628 2067 τὴν
2655 1993 2865 2049 ἐκείνου
2895 1994 3080 2050 πίστιν
3107 1993 3202 2046 καὶ
3229 1991 3599 2061 δικαιοσύνην,
3628 1987 3710 2053 οἷς
3739 1989 3885 2060 αὐτῷ

2303 2087 2400 2142 καὶ
2447 2087 2802 2142 παντάπασιν
2867 2086 3181 2157 ὡμοίωνται
3214 2101 3228 2118 ⁸
3279 2083 3629 2156 ἀναστροφὴν
3678 2082 3735 2137 δὲ
3794 2082 3887 2152 τὴν

2303 2180 2529 2251 ἀρετὴν,
2588 2180 2682 2236 καὶ
2736 2178 2836 2251 τήν
2874 2179 3010 2251 πρὸς
3077 2177 3314 2250 Χριστὸν
3363 2177 3450 2230 διὰ
3511 2176 3678 2245 νόμου
3730 2173 3887 2229 παιδ-

2303 2271 2550 2340 αγωγίαν
2600 2287 2658 2324 τε
2687 2270 2780 2325 καὶ
2839 2269 3312 2342 προκατάρτισιν;
3352 2267 3492 2323 Ἀλλ’
3545 2265 3667 2321 οὐδὲ
3711 2267 3892 2330 πάσας

2303 2363 2433 2432 ἑξῆς
2454 2363 2554 2428 τὰς
2601 2361 2745 2434 ὑπὲρ
2770 2361 2864 2416 τοῦ
2920 2361 3056 2416 Θεοῦ
3095 2362 3272 2430 Λόγου
3314 2358 3763 2431 κατωρθωμένας
3800 2359 3895 2412 αὑο

2301 2458 2416 2520 τοῖς
2472 2454 2877 2526 μεγαλουργίας
2932 2454 3055 2509 κατ’
3108 2450 3250 2518 εἶδος
3274 2453 3713 2524 ἐξυμνήσωμενο
3747 2454 3892 2509 οῦτω

2303 2548 2414 2620 γὰρ
2437 2547 2573 2619 πρὸς
2599 2547 2676 2617 τῷ
2706 2547 2986 2620 ἀνεφίκτῳ
3017 2548 3117 2620 τῆς
3137 2550 3526 2621 ἐγχειρήσεως,
3560 2549 3657 2604 καὶ
3679 2548 3775 2602 τὸν
3795 2549 3894 2620 τῆς

2307 2641 2652 2712 συμμετρίας
2691 2640 2756 2696 ἂν
2789 2641 2954 2718 νόμον
2990 2641 3406 2712 παραϐαίημεν.
3467 2641 3784 2707 Ἐπαινετὸς
3836 2641 3895 2696 δὲ

2310 2733 2408 2788 καὶ
2467 2728 2644 2800 οὗτος,
2681 2735 2842 2806 εἴπερ
2870 2733 3030 2798 ἄλλος
3056 2751 3163 2800 τις,
3219 2734 3408 2805 ὥσπερ
3439 2735 3740 2805 ἐνεργείαις
3791 2733 3898 2789 πά-

2309 2845 2430 2892 σαις
2460 2829 2556 2883 καὶ
2609 2827 2809 2882 πάθεσι
2859 2829 2954 2883 καὶ
3001 2828 3302 2900 πράξεσιν,
3360 2827 3506 2883 οῦτω
3543 2828 3724 2900 δήκαὶ
3779 2830 3896 2892 τοῖς

2305 2918 2487 2988 λόγοις
2520 2918 2702 2981 αὐτοῖς
2736 2917 3192 2987 ὲνθεωρούμενος.
3241 2915 3406 2970 Ἀλλὰ
3464 2915 3537 2968 τὰ
3572 2915 3670 2986 μέν
3721 2916 3898 2986 ἑτέρῳ

2305 3009 2687 3084 τεταμιεύσοω
2723 3009 2903 3082 καιρῷ
2941 3009 3036 3066 καὶ
3073 3007 3220 3080 λόγῳ
3243 3025 3264 3042 ο
3298 3007 3367 3062 τὰ
3399 3008 3456 3062 δέ
3486 3005 3582 3074 νῦν
3623 3001 3772 3062 αἶνον
3801 3007 3900 3062 καὶ

2308 3104 2465 3171 δόξαν
2504 3107 2614 3168 τοῖς
2651 3103 3008 3172 λογιωτάτοις
3064 3089 3430 3172 προσάξωμεν
3473 3101 3568 3156 τοῦ
3600 3101 3776 3170 Λόγου
3804 3103 3898 3171 φί-

2311 3198 2425 3260 λοις
2459 3213 2473 3226 ·
2531 3197 2626 3250 καὶ
2678 3195 2817 3266 πρὸς
2856 3193 3056 3258 αὐτοὺς
3107 3194 3202 3248 τὸν
3253 3194 3424 3264 ὕμνον
3479 3195 3892 3257 ἀποτείναντες,

2319 3287 2396 3341 Τὰ
2435 3285 2615 3341 τέκνα
2634 3286 2826 3356 Σιὼν-,ι
2839 3287 3097 3356 χαίρετε,
3131 3285 3270 3358 μετὰ
3287 3285 3381 3340 τοῦ
3411 3287 3702 3358 προφήτου,
3725 3300 3891 3355 προσ-

2293 3379 2699 3456 φθεγγώμεθα.

2383 3557 2642 3630 Χαίρετε,
2675 3557 2776 3627 τῆς
2801 3557 3079 3630 πατρικῆς
3110 3557 3372 3629 θεαρχίας
3419 3556 3734 3628 διαπρύσιοι
3800 3555 3906 3626 κή-

2318 3669 2481 3721 ρυκες
2515 3668 2529 3683 ο
2553 3653 2656 3723 τῆς
2695 3650 2792 3706 τοῦ
2822 3650 2955 3706 Υἱοῦ
2995 3649 3286 3722 Θεουργίας
3334 3650 3717 3722 ίεροφάντορες
3767 3647 3909 3702 Θειό-

2312 3763 2465 3799 τατοι
2493 3762 2508 3776 ·
2532 3748 2628 3817 τῆς
2666 3745 2944 3818 ζωαρχίας
2973 3744 3067 3797 τοῦ
3096 3743 3414 3816 Πνεῦματος
3471 3743 3680 3816 ὄργανα
3723 3743 3916 3808 ζῶντα

2313 3839 2406 3893 καὶ
2431 3838 2808 3910 πολυαρμόνια
2839 3852 2856 3868 '
2912 3839 2982 3892 τὰ
3016 3837 3276 3908 φθόγγοις
3303 3837 3541 3908 ἡδίστοις
3580 3836 3676 3890 καὶ
3711 3836 3914 3907 μέλεσι

2313 3932 2730 4003 παναρμονίοις,
2763 3930 2860 4002 τὴν
2887 3931 3213 4002 οἰκουμένην
3243 3930 3380 4002 ὁμοῦ
3403 3932 3607 3995 πᾶσαν,
3639 3931 3724 3983 ἐνὶ
3746 3931 3921 3999 Λόγῳ

2313 4025 2407 4078 καὶ
2436 4024 2556 4094 Θεῷ
2595 4025 3087 4095 παραστησάμενα,
3125 4025 3220 4078 καὶ
3270 4022 3446 4096 τούτῳ
3485 4022 3772 4095 πνεύματι
3823 4024 3925 4078 καλ.

2313 4118 2545 4190 ἀληθείᾳ
2569 4116 2852 4188 λατρεύειν
2883 4117 3322 4188 συμϐιϐάσαντα.

2383 4211 2631 4282 Χαίροις,
2665 4210 2856 4281 Πέτρε,
2889 4212 2918 4264 ὁ
2941 4211 3040 4280 τῆς
3064 4210 3460 4284 τῶνοῦρανῶν
3487 4210 3784 4282 βασιλείας
3817 4211 3931 4277 τὰς

2312 4306 2462 4370 κλεῖς
2491 4303 2966 4376 πεπιστευμένος·
2994 4305 3080 4374 ἐφ’
3221 4304 3321 4372 τὴν
3387 4303 3525 4357 ίδίαν
3573 4306 3601 4358 ὁ
3663 4304 3936 4374 Χριστὸς

2324 4402 2654 4472 Ἐκκλησίαν
2679 4401 3006 4474 ἐστηρίξατο
3036 4416 3050 4432 ·
3088 4399 3152 4460 ὃν,
3177 4400 3274 4459 καὶ
3303 4398 3561 4466 ποιμένα.
3608 4397 3761 4468 πρὸς
3831 4397 3936 4451 τὸν

2239 4497 2285 4555 D
2313 4495 2507 4549 ἑαυτοῦ
2537 4496 2759 4566 Πατέρα
2791 4494 3154 4566 μεταϐαίνων,
3197 4492 3290 4546 ἐπὶ
3324 4491 3434 4545 τῶν
3465 4489 3632 4544 αὑτοῦ
3689 4491 3942 4562 προϐἀο

2309 4603 2419 4640 των
2448 4589 2846 4657 κατεστήσατο.

2384 4676 2636 4747 Χαίροις,
2673 4675 2876 4742 Παῦλε,
2913 4677 2941 4731 ό
2972 4675 3163 4740 πιστὸς
3194 4674 3482 4744 οἰκονόμος
3509 4671 3606 4726 καὶ
3632 4674 3939 4746 φρόνιμος

2309 4767 2410 4838 τῆς
2437 4767 2534 4823 τοῦ
2585 4769 2800 4841 Πατρός
2841 4768 3186 4841 ἀποδειχθεὶς
3231 4767 3410 4829 οἰκίας
3443 4785 3458 4800 ·
3487 4765 3555 4820 δι’
3595 4765 3626 4818 ὃ
3660 4769 3778 4821 καὶ
3839 4769 3944 4820 ἐπὶ

2311 4861 2447 4915 πᾶσι
2494 4862 2608 4924 τοῖς
2653 4860 2992 4932 ὑπάρχουσιν
3045 4860 3196 4932 αὐτῷ
3233 4859 3640 4928 καθεσταμένος
3669 4875 3685 4889 ο
3745 4861 3782 4912 ὁ
3855 4860 3950 4914 ἔτι

2311 4951 2526 5024 σώματι
2545 4951 2677 5020 ζῶν,
2714 4953 2849 5024 πρὸς
2876 4953 2970 5008 τὸν
2988 4954 3174 5025 τρίτον
3203 4950 3800 5028 ἀρπαγελςηούρανδν,
3842 4955 3954 5006 καὶ

2310 5043 2401 5097 τὸν
2448 5043 2638 5113 νοιγιδν
2667 5044 3027 5115 ,παράδεισον
3066 5043 3418 5118 τεθεαμένος,
3478 5045 3574 5098 καὶ
3632 5045 3962 5120 ῥημάτων

2309 5140 2567 5212 ἀρρήτων
2597 5141 2862 5212 αὐτήκοος
2890 5140 3277 5211 γεγενημένος.

2381 5233 2630 5304 Χαίροις,
2687 5234 2886 5304 Πέτρε,
2921 5236 2950 5288 ό
3001 5235 3267 5305 πρότερον
3322 5230 3424 5303 μέν
3453 5230 3665 5299 ἀλόγων
3709 5233 3970 5305 ἰχθύων

2313 5326 2656 5394 σαγηνευτής
2692 5340 2706 5354 ο
2735 5323 2930 5378 ἔπειτα
2963 5328 3174 5396 σαγήνη
3211 5323 3506 5388 Θεόπλοκος
3538 5322 3626 5376 διὰ
3655 5323 3972 5397 Χριστοῦ

2316 5417 2606 5486 γενόμενος
2657 5418 2839 5480 αὺτὶς,
2891 5418 2986 5471 καὶ
3037 5419 3118 5480 εἰς
3171 5417 3272 5489 τήν
3314 5418 3588 5488 κοσμικὴν
3621 5417 3979 5477 Θάλασσαν

2315 5509 2744 5583 ἐμϐεϐλημένος,
2775 5514 2869 5566 καὶ
2906 5513 2972 5564 ἐκ
3004 5511 3206 5575 παντὸς
3258 5511 3452 5579 γένους
3504 5509 3614 5562 τῶν
3663 5506 3983 5579 λογικῶν

2049 5721 2094 5754 ³⁸
2114 5720 2205 5778 Joa

2310 5719 2484 5790 Iv,‘23.
2577 5719 2622 5756 ³³
2642 5716 2834 5776 Matth.
2862 5733 2971 5786 1m,
3014 5717 3542 5787 -18;Joan.‘xxr;47.
3632 5715 3692 5754 ⁸ο
3722 5717 3989 5777 Matth.
