4108 6420
580 377 651 442 43
1791 377 2088 438 NICETIE
2123 376 2655 439 PAPHLAGONIS
3764 378 3824 443 Η

581 492 728 565 quod
778 491 969 547 divino
1012 488 1296 560 proditum
1341 487 1587 559 eloquio,
1622 496 1726 555 est,
1763 488 1819 543 in
1858 489 2159 560 parabolis,

2275 489 2321 544 δὲ
2356 490 2584 554 λοιποῖς,
2639 488 2780 543 κατά
2811 490 2900 542 τὸν
2946 489 3092 543 θεῖον
3119 489 3314 558 Λόγον,
3365 490 3424 544 ὲν
3484 492 3823 563 παραδολαῖς,

581 603 686 658 pro
720 586 990 657 cujusque
1026 582 1293 638 nimirum
1326 589 1475 637 certa
1504 581 1739 652 quadam
1775 582 1990 638 ratione
2034 598 2176 645 cum,

582 692 840 736 sermone
887 677 1183 745 Verbaque
1233 674 1663 730 necessitudine.
1699 674 1866 730 Vobis
1909 674 2164 731 sublimis

574 773 880 842 “divinaque
920 786 985 826 ac
1024 770 1343 827 immediata
1378 770 1435 824 in
1467 754 1702 826 excelsis
1730 770 1875 825 circa
1910 771 2162 827 inacces-

581 883 704 922 sum
741 865 999 920 thronum
1032 864 1226 934 primae
1261 862 1408 918 sedis
1440 864 1739 917 constituta
1772 862 2030 933 dignitas,
2063 880 2164 934 pro

580 965 768 1012 vestra
801 955 893 1010 illa
923 969 1051 1010 cum
1084 953 1435 1008 divinissimo
1467 969 1721 1008 sermone
1748 953 2040 1025 Verbaque
2069 969 2166 1010 ne-

576 1042 923 1105 cessitudine
952 1038 1114 1117 digne
1142 1062 1206 1100 ac
1231 1045 1519 1116 magnifice
1546 1044 1809 1099 attributa
1844 1062 1860 1098 :
1888 1060 1992 1100 nec
2013 1045 2167 1101 dictu

586 1141 943 1198 temerarium
978 1139 1241 1202 arbitror,
1267 1149 1389 1207 quae
1421 1152 1453 1192 a
1486 1136 1694 1192 dextris
1726 1146 1890 1207 atque
1924 1136 2168 1194 sinistris

576 1234 786 1290 ‘summi
818 1233 1206 1291 universarum
1235 1228 1402 1298 Regis
1429 1229 1602 1285 sessio
1629 1236 1734 1295 est,
1760 1228 1921 1285 vobis
1946 1244 1979 1285 a
2001 1230 2168 1285 Patre

578 1332 949 1397 praeparatam
976 1338 1100 1379 esse
1118 1322 1184 1376 ⁸⁸.

658 1418 798 1481 Vos,
828 1425 975 1472 terra
1008 1416 1232 1486 quidem
1270 1424 1532 1485 tanquam
1562 1415 1888 1481 veritatem,
1911 1415 2069 1487 juxta
2105 1429 2171 1471 ac

587 1509 1020 1566 sacratissimum
1047 1507 1251 1563 accinit
1276 1508 1468 1574 melos,
1489 1506 1665 1562 edidit
1691 1524 1704 1561 :
1737 1509 1937 1563 ccelum
1960 1512 2168 1575 autem,

581 1602 811 1675 justitiae
852 1614 1138 1671 praecones
1179 1598 1524 1670 produxit".
1551 1600 1689 1656 Nam
1735 1610 1886 1655 terra
1921 1600 2168 1672 quidem,

572 1696 738 1751 velut
775 1694 1081 1765 elegantem
1125 1692 1311 1747 emisit
1345 1692 1586 1748 fructum
1624 1712 1637 1747 :
1676 1709 1780 1750 sua
1810 1710 1944 1751 vero
1981 1695 2171 1750 Domi-

578 1806 713 1856 nus,
744 1789 799 1844 in
835 1788 990 1844 vobis
1023 1787 1133 1842 alte
1165 1785 1346 1842 deﬁxa
1376 1797 1607 1859 rataque
1640 1789 2001 1860 benignitate,
2029 1791 2171 1844 emi-

585 1882 843 1938 cantibus
868 1896 936 1936 ex
956 1878 1119 1934 vobis
1137 1875 1308 1934 radiis
1337 1889 1646 1937 creaturam
1673 1895 1897 1937 munem
1925 1882 2175 1939 bonitate

585 1975 806 2030 imbuit.

655 2068 768 2123 Vos
800 2066 1009 2139 primos
1040 2084 1168 2125 vasa
1205 2067 1633 2136 misericordiae,
1665 2082 2005 2140 suarumque
2045 2085 2172 2141 gra-

584 2158 789 2214 tiarum
829 2160 1099 2230 pretiosas
1139 2176 1319 2231 penus
1359 2159 1625 2225 condens,
1660 2169 2173 2215 sacrosanctorum-

585 2269 692 2323 que
715 2253 988 2307 donorum
1010 2268 1239 2308 suorum
1262 2252 1604 2323 plenitudine
1629 2251 1886 2323 impleas,
1907 2268 1975 2307 ex
1988 2261 2173 2309 vestra

582 2358 803 2399 rursum
828 2343 1194 2413 plenitudine,
1219 2350 1447 2397 cunctas
1470 2341 1732 2412 deinceps
1752 2341 1995 2412 gentium
2018 2355 2176 2412 gene-

582 2425 830 2492 rationes
861 2451 1094 2492 munere
1124 2433 1372 2490 allicit“.
1400 2435 1479 2488 Ac
1508 2434 1651 2488 sicut
1677 2433 1816 2503 legis
1839 2433 1971 2488 alim
2002 2433 2176 2488 inter-

584 2537 798 2599 pretem
846 2543 911 2583 ac
952 2528 1446 2598 promulgatorem,
1475 2541 1602 2582 eum
1641 2538 1743 2580 sua
1778 2524 1935 2580 illum
1975 2525 2173 2596 spiritu

584 2622 777 2690 illique
808 2620 1035 2691 proprio
1067 2619 1444 2690 adimplesset,
1477 2618 1761 2690 subjectos
1790 2617 1846 2673 ei
1875 2617 2172 2689 legisperi-

582 2721 673 2765 tos
697 2727 765 2767 es
794 2710 889 2765 illo
919 2710 1166 2781 impartit
1197 2709 1364 2781 (quod
1397 2709 1475 2764 ita
1503 2707 1793 2764 manifeste
1819 2707 2173 2779 Septuaginta

580 2803 901 2864 seniorum,
940 2802 1098 2874 juxta
1151 2801 1527 2871 Scripturam,
1571 2800 1791 2855 vacatio
1841 2800 2057 2869 prodit;
2110 2814 2174 2855 ac

584 2894 732 2964 quod
769 2909 801 2948 a
832 2892 1072 2951 Masaico
1105 2892 1384 2958 ablatum,
1419 2889 1659 2962 Spiritus
1699 2890 1809 2944 illis
1847 2889 2172 2945 demensum

583 2986 964 3041 cantributum
998 2986 1128 3055 est),
1165 2985 1245 3040 sic
1279 2984 1333 3038 in
1365 2999 1466 3039 vos
1497 2998 1717 3054 quoque
1736 2990 1926 3053 postea
1964 2981 2172 3052 princi-

581 3092 704 3147 pes,
730 3076 921 3147 gratize
955 3076 1213 3131 doctores
1249 3074 1669 3144 ministrosque,
1700 3088 1813 3128 non
1856 3087 2172 3128 cammensa

581 3167 863 3237 largitate;
912 3166 1009 3221 sed
1057 3167 1209 3221 velut
1255 3167 1311 3220 in
1363 3178 1579 3220 summe
1626 3163 2008 3230 necessarias,
2053 3171 2171 3220 toto

2266 582 2546 651 ἀναλόγως
2574 582 2674 653 τῆς
2703 580 2840 653 πρὸς
2860 580 2952 634 τὸν
3003 580 3178 649 Λόγον
3216 583 3462 636 ἑκάστων
3492 583 3825 653 οἰκειότητος.

2279 673 2440 746 Ὑμῖν
2466 676 2647 747 ὑψηλή
2689 691 2748 727 τε
2775 672 2871 728 καὶ
2909 672 3028 727 θεία
3063 673 3158 727 καὶ
3208 674 3485 745 προσεχὴς
3535 675 3596 729 ὲν
3626 675 3830 744 ὑψηλοῖς

2266 766 2397 841 περὶ
2443 765 2535 820 τὸν
2591 766 2890 836 ἀπρόσιτον
2940 764 3130 836 θρόνον
3186 765 3497 836 ἡτοιμάσθη
3563 765 3828 838 προεδρία,

2265 857 2407 912 κατὰ
2435 858 2535 930 τὴν
2554 857 2690 927 πρὸς
2740 856 2832 910 τὸν
2863 854 3302 927 θεαρχικώτατον
3354 856 3526 925 Λόγον
3580 858 3835 913 οἰκείωσιν

2266 946 2619 1017 ἀξιοπρεπῶς
2674 947 3203 1017 ἀποκεκληρωμένη.
3244 946 3409 1017 Ὑμῖν
3455 949 3518 1000 ού
3578 949 3833 1020 τολμηρὸν

2266 1033 2421 1108 οἴμαι
2444 1038 2609 1107 φάναι
2632 1037 2732 1109 τὴν
2770 1039 2834 1091 ὲκ
2856 1038 3047 1103 δεξιῶν
3092 1057 3151 1092 τε
3189 1039 3284 1093 καὶ
3308 1040 3367 1104 ὲε
3407 1039 3706 1106 εὐωνύμων
3748 1041 3832 1094 τοῦ

2267 1129 2666 1200 Παμϐασιλέως
2692 1128 2965 1203 καθέδραν
3013 1130 3123 1184 ὑπὸ
3176 1112 3272 1184 τοῦ
3321 1129 3537 1200 Πατρὸς
3592 1145 3835 1201 προητοι-

2271 1223 2495 1295 μάσθαι.

2351 1410 2550 1480 Ὑμᾶς,
2573 1412 2611 1482 ἡ
2638 1410 2712 1481 γῆ
2742 1410 2839 1481 μὲν
2861 1410 2938 1474 ὡς
2966 1408 3242 1480 ἀλήθειαν,
3276 1408 3421 1463 κατὰ
3476 1410 3537 1463 τδ
3564 1409 3836 1481 ἱερώτατον

2274 1502 2455 1574 μέλος,
2488 1503 2825 1568 ἐξανέτειλεν
2853 1518 2868 1533 ⁸
2903 1505 2931 1557 ὁ
2963 1503 3191 1575 οὐρανὸς
3217 1503 3275 1558 δὲ
3304 1502 3651 1572 δικαιοσύνης
3673 1504 3832 1574 κήρυ-

2272 1610 2375 1658 κας
2400 1593 2684 1665 ἐξέφανεν.
2711 1595 2823 1650 Καὶ
2855 1594 3017 1667 γάρή
3050 1595 3123 1665 γῆ
3176 1596 3298 1665 μὲν,
3329 1593 3405 1657 ώς
3463 1594 3664 1664 ὡραῖον
3720 1612 3839 1666 πρι-

2266 1687 2457 1756 ῖσχετο
2496 1688 2715 1760 καρπόν
2751 1705 2765 1719 ο
2793 1687 2922 1757 ὑμῖν
2941 1687 2996 1740 δὲ
3019 1689 3046 1740 ὁ
3066 1686 3270 1755 Κύριος
3282 1686 3382 1757 τὴν
3416 1686 3621 1740 οἰκείαν
3650 1686 3845 1757 ἐνιδρυ-

2276 1777 2511 1849 σάμενος
2549 1782 2922 1851 χρηστότητα,
2940 1780 3058 1842 ταῖς
3085 1776 3473 1849 ὲξαλλομέναις
3491 1778 3642 1849 ὑμῶν
3673 1780 3848 1833 ἀκτῖσι

2277 1874 2461 1927 πᾶσαν
2486 1873 2825 1943 ἀγαθουργεῖ
2854 1872 2956 1942 τὴν
2983 1870 3185 1927 κτίσιν.

2355 2050 2532 2117 ’Υμᾶς
2564 2049 2815 2121 πρώτους
2845 2049 3029 2111 ἐλέους
3054 2050 3247 2121 σκεύη,
3278 2050 3372 2105 καὶ
3427 2054 3652 2120 ταμιεῖα
3686 2052 3843 2123 τίμια

2274 2141 2384 2194 τῶν
2403 2140 2570 2194 αὐτοῦ
2596 2140 2839 2213 χαρίτων
2870 2144 3450 2213 κατασκευασάμενος,
3492 2146 3588 2198 καὶ
3640 2146 3707 2199 ἐκ
3757 2144 3851 2198 τοῦ

2276 2231 2646 2304 πληρώματος
2695 2233 2804 2286 τῶν
2841 2233 3246 2305 τελεταρχικῶν
3280 2234 3446 2288 αὑτοῦ
3495 2235 3716 2307 δωρεῶν
3757 2252 3857 2290 πε-

2274 2322 2605 2395 πληρωκὼς,
2633 2326 2697 2378 ἐκ
2716 2324 2810 2378 τοῦ
2838 2325 3111 2395 ἡμετέρου
3142 2308 3305 2380 πάλιν
3328 2324 3720 2398 πληρώματος,
3758 2328 3857 2393 τὰς

2272 2412 2401 2476 ὅλας
2425 2413 2552 2484 ἑξῆς
2585 2415 2780 2482 γενεὰς
2802 2414 2913 2467 τῶν
2966 2414 3136 2469 ἐθνῶν
3181 2416 3463 2486 εὐεργετεῖ
3495 2433 3510 2448 '
3547 2419 3642 2471 καὶ
3666 2417 3852 2486 ὥσπερ

2273 2504 2368 2557 τὸν
2395 2505 2492 2557 τοῦ
2532 2504 2863 2576 γράμματος
2907 2505 3100 2577 πρώην
3132 2507 3456 2579 ὑποφήτην,
3509 2508 3603 2561 τοῦ
3662 2511 3856 2580 ἐκείνῳ

2274 2599 2645 2667 προσήκοντος
2674 2598 2987 2669 πνεύματος
3009 2600 3411 2671 πεπληρωκὼς,
3457 2601 3516 2668 ἐξ
3550 2602 3713 2656 αὑτοῦ
3743 2606 3860 2667 τοῖς

2274 2687 2366 2742 ὑπ’
2397 2687 2547 2757 αύτῷ
2573 2689 2904 2760 μεταδίδωσι
2937 2690 3341 2762 νομιζομένοις*
3387 2692 3542 2763 εἰπερ
3582 2692 3858 2760 ἀπόδειξις

2273 2775 2466 2831 τούτου
2517 2778 2726 2850 σαφὴς,
2784 2783 2818 2847 ὴ
2871 2781 2980 2834 τῶν
3051 2780 3453 2854 Ἑϐδομήκοντα
3520 2781 3859 2854 πρόσκλησις

2274 2873 2687 2946 πρεσϐυτέρων,
2743 2877 2887 2931 κατά
2910 2878 3008 2948 τὴν
3041 2879 3269 2951 Γραφήν
3298 2894 3313 2908 ·
3349 2880 3444 2933 καὶ
3495 2879 3707 2950 πνεῦμα
3754 2879 3856 2933 τοῦ

2273 2965 2574 3020 Μωσαῖκοῦ
2608 2968 2710 3040 μὲν
2731 2969 3164 3041 ἀφαιρούμενον,
3207 2971 3393 3035 αὐτοῖς
3420 2973 3479 3025 δὲ
3517 2972 3861 3043 ἐπιμετροῦ-

2275 3072 2439 3124 μενον
2466 3076 2484 3092 ο
2512 3057 2657 3112 οὕτω
2686 3059 2784 3113 καὶ
2825 3061 2956 3131 ὑμῖν
3000 3061 3228 3133 ὕστερον
3257 3065 3371 3126 τοῖς
3411 3063 3734 3133 κορυφαίοις
3760 3065 3865 3137 τῆς

2273 3149 2495 3219 χάριτος
2528 3155 2915 3220 μυσταγωγοῖς
2945 3154 3041 3207 καὶ
3065 3154 3358 3219 διακόνοις,
3399 3156 3503 3209 οὐκ
3553 3156 3618 3208 ὲκ
3653 3157 3862 3231 μέτρου

582 3230 763 3315 effuso
798 3230 1117 3329 adoptionis
1152 3257 1388 3327 Spiritu,
1411 3264 1597 3312 vestra
1630 3271 1699 3311 ex
1731 3255 2077 3325 plenitudine
2111 3266 2171 3310 ut

2275 3242 2332 3295 τὸ
2362 3240 2585 3313 Πνεῦμα
2617 3242 2720 3313 τῆς
2770 3245 3047 3309 υἱοθεσίας
3082 3263 3099 3278 ο
3157 3246 3274 3299 ἀλλ’
3301 3246 3425 3301 ὅλον
3481 3248 3560 3312 ὡς
3588 3248 3860 3303 οἰκειοτά-

583 3365 654 3404 ex
695 3348 1027 3407 inexhausta
1068 3348 1241 3413 fonte,
1275 3347 1470 3419 gratiae
1504 3346 1656 3402 filias
1692 3361 1886 3402 omnes
1925 3346 2172 3403 bonitate

583 3442 787 3498 imbuit
814 3451 871 3497 et
899 3441 1125 3497 deitate.

657 3621 770 3677 Vos
801 3620 1044 3676 mundus
1079 3620 1370 3676 universus
1402 3635 1515 3675 non
1547 3629 1696 3676 recte
1729 3620 2038 3687 aemulatus,
2067 3621 2173 3676 hac

584 3732 809 3789 quoque
842 3724 1095 3786 satagens
1126 3723 1186 3769 ut
1214 3714 1541 3785 perditionis
1572 3714 1845 3786 profundo
1877 3728 2170 3787 mergeret,

577 3809 672 3865 sic
736 3808 989 3864 nesciens
1051 3807 1483 3878 imprudensque
1540 3822 1637 3879 spe
1694 3806 1995 3863 frustratus
2053 3815 2170 3873 est,

582 3912 651 3956 ut
699 3916 829 3957 suos
878 3900 1054 3970 magis
1100 3900 1266 3955 lieres
1313 3914 1579 3972 regesque
1627 3899 1930 3972 agnoverit.
1965 3899 2173 3968 Nempe

580 4010 776 4065 rcges,
810 4009 918 4048 non
963 3993 1058 4063 qui
1102 3994 1295 4063 rapina
1334 4007 1565 4064 regnum
1605 3992 1875 4048 caducum
1915 3991 2170 4056 inierint,

578 4085 684 4141 sed
726 4083 821 4156 qui
865 4084 1093 4155 gloriam
1139 4083 1505 4139 immortalem
1548 4096 1614 4138 ac
1652 4083 2052 4154 sempiternum
2089 4097 2176 4137 re-

583 4192 755 4247 gnum
786 4176 1093 4231 induerint.
1120 4175 1313 4231 Omnis
1342 4176 1494 4231 enim
1522 4185 1671 4231 terra
1700 4184 1758 4230 et
1785 4190 1936 4231 mare
1968 4174 2176 4231 excita-

584 4269 684 4334 tis,
718 4282 1097 4337 aquarumque
1121 4282 1275 4322 more
1304 4266 1643 4337 importabili
1677 4266 1888 4336 impetu
1914 4266 2177 4338 praecipi-

589 4360 830 4416 tantium
885 4358 1162 4424 efferatis,
1204 4359 1517 4430 linguaeque
1560 4359 1883 4430 multiplicis
1928 4359 2174 4430 gentium

584 4453 821 4517 cuneis,
865 4450 1136 4507 adversus
1196 4465 1384 4507 sacras
1443 4451 1594 4523 ipsos
1653 4451 1974 4523 theologos;
2026 4453 2176 4508 viros

586 4544 804 4600 scilicet
835 4542 1116 4598 modestos
1145 4559 1209 4598 ac
1240 4557 1456 4615 graves,
1481 4542 1740 4610 humiles,
1764 4542 1920 4599 brevi
1953 4545 2175 4600 lacerna

2278 3350 2393 3398 τοις
2422 3335 2779 3406 ὲκχεάμενος,
2801 3337 2878 3400 ὡς
2903 3336 2962 3402 ἐξ
3006 3337 3284 3394 ἀκενώτου
3328 3342 3508 3412 πηγῆς
3542 3341 3642 3414 τῆς
3656 3340 3858 3412 ὑμετέ-

2279 3443 2383 3496 ρας
2451 3427 2832 3500 πληρότητος,
2889 3430 2960 3484 τὰ
3007 3431 3179 3487 τέκνα
3240 3432 3422 3487 πάντα
3476 3435 3579 3504 τῆς
3637 3434 3864 3507 χάριτος

2278 3521 2540 3590 ἀγαθύνει
2580 3522 2674 3576 κα)⁸
2697 3522 2969 3595 θεουργεῖ.

2358 3612 2536 3684 Ὑμᾶς
2563 3614 2593 3666 ό
2622 3616 2726 3678 πᾶς
2740 3615 2946 3686 κόσμος
2975 3615 3230 3686 ζηλώσας
3252 3618 3311 3671 οὐ
3337 3619 3540 3684 καλῶς,
3567 3621 3661 3675 καὶ
3678 3619 3879 3690 βυθοῖς

2278 3704 2555 3769 ἀπωλείας
2585 3707 2932 3777 καταχώσειν
2964 3709 3317 3780 βιασάμενος,
3361 3712 3535 3777 οὕτως
3564 3713 3731 3767 ἔλαθε
3763 3714 3884 3769 τῶν

2276 3798 2511 3852 ἐλπίδων
2563 3800 2871 3872 ἀποτυχὼν,
2919 3802 3059 3856 ὥστε
3110 3804 3312 3874 μᾶλλον
3369 3806 3637 3872 δεσπότας
3703 3808 3891 3874 ἰδίους

2278 3892 2578 3960 ἐπιγνῶναι
2606 3893 2703 3947 καὶ
2725 3893 2968 3964 βασιλεῖς
2996 3912 3011 3926 ·
3048 3895 3289 3966 βασιλεῖς
3314 3899 3417 3971 οὐχ
3449 3900 3740 3972 ἀρπαγμῷ

2280 3985 2478 4040 σίλειον
2500 3988 2791 4058 εἰληφότας
2821 3991 3268 4063 καταργούμενον
3312 4009 3327 4025 ·
3359 3993 3478 4048 ἀλλ’
3523 3994 3899 4050 ἀκατάλυτον

2278 4077 2438 4143 δόξαν
2451 4079 2546 4133 καὶ
2566 4079 2981 4145 διαιωνίζουσαν
2999 4083 3414 4154 ἠμφιεσμένους
3427 4086 3747 4156 βασιλείαν.
3770 4087 3905 4143 Καὶ

2279 4170 2389 4242 γὰρ
2421 4172 2454 4242 ή
2487 4171 2561 4242 γῆ
2613 4172 2714 4243 μὲν
2747 4175 2898 4228 πᾶσα
2951 4175 3047 4229 καὶ
3078 4174 3346 4243 θάλασσα,
3395 4177 3495 4242 τὰς
3532 4178 3910 4249 ὲκτεθηριω-

2283 4262 2453 4333 μένας
2487 4263 2585 4318 καὶ
2624 4264 3045 4334 πολυγλώσσους
3073 4268 3276 4336 ἀγέλας
3310 4269 3420 4324 τῶν
3457 4270 3650 4337 ἐθνῶν,
3692 4272 3906 4327 καθά-

2281 4374 2389 4427 περ
2416 4358 2627 4413 ὑδάτων
2653 4359 2775 4431 βίαν
2795 4361 3191 4430 ἀνυπόστατον,
3217 4363 3361 4417 κατά
3393 4364 3504 4417 τῶν
3536 4364 3710 4438 ίερῶν
3750 4367 3914 4421 τού-

2279 4465 2392 4502 των
2432 4449 2701 4520 θεολόγων
2730 4451 3150 4520 κατεγεί-ρουσα,
3200 4455 3311 4507 τῶν
3334 4454 3570 4525 σεμνῶν,
3603 4456 3728 4511 τῶν
3807 4476 3917 4530 μι-

2282 4539 2452 4611 κρῶν,
2480 4540 2590 4595 τῶν
2621 4541 2820 4614 βραχεῖ
2843 4543 3000 4614 ράκει
3024 4546 3087 4599 τὸ
3107 4546 3266 4615 σῶμα
3296 4548 3655 4616 σκεπομένων
3700 4565 3720 4580 °
3754 4542 3922 4605 ἄλλο

588 4645 833 4707 apertos,
856 4651 961 4690 nec
983 4635 1154 4690 ullum
1184 4610 1451 4705 printerea
1473 4635 1660 4692 saeculi
1682 4636 1848 4708 hujus
1872 4635 2171 4692 inferentes

2279 4610 2337 4686 δὲ
2371 4610 2632 4700 καθάπαξ
2659 4610 2765 4689 τού
2787 4610 2883 4691 νύν
2909 4638 3108 4702 αἰῶνος
3148 4610 3302 4692 ούδὲν
3355 4610 3604 4710 ἐφόλκιον
3656 4644 3921 4715 ἐπαγο-

589 4739 991 4794 connneatum;
1016 4736 1187 4798 atque
1216 4728 1304 4783 bis
1330 4743 1531 4800 corpus
1559 4728 1812 4799 perdere,
1833 4729 2150 4800 praedicatio

589 4839 715 4878 nem
746 4821 1117 4890 exstinguere,
1147 4835 1483 4892 sensumque
1516 4837 1580 4877 ac
1610 4820 1772 4877 fidem
1802 4821 1881 4877 sic
1907 4821 2174 4877 radicitus

590 4911 827 4967 evellere
879 4910 1266 4977 molientibus,
1298 4920 1360 4965 ut
1406 4926 1510 4967 nec
1556 4912 1839 4968 memoriae
1878 4912 2170 4983 vestigium

587 5003 799 5057 mundo
824 5008 1098 5057 exstaret:
1126 5002 1207 5057 sic
1234 5001 1478 5058 vicissim
1504 5019 1718 5068 aversa,
1739 5012 1796 5059 et
1821 5004 1892 5059 ab
1916 5002 2173 5059 absurdis

586 5093 828 5151 inhibita
868 5094 1161 5149 conatibus
1197 5102 1348 5161 sunt,
1381 5102 1445 5149 ut
1484 5095 1731 5150 divinam
1772 5095 1911 5150 illud
1952 5111 2011 5151 re
2054 5096 2172 5165 ipsa

586 5188 939 5242 oraculorum
966 5187 1252 5257 impletum
1276 5187 1733 5259 conspiciatur”.
1751 5188 1954 5243 Eorum
1976 5203 2176 5258 nempe

586 5293 843 5334 sermone
877 5294 1190 5349 compressa
1224 5288 1547 5351 tempestate
1576 5281 1744 5351 inque
1772 5281 1952 5335 lenem
1982 5279 2174 5334 tradu-

587 5379 676 5426 cta
701 5388 926 5439 auram;
955 5383 1121 5442 atque
1147 5372 1295 5427 illius
1316 5372 1538 5443 quidem
1562 5372 1859 5429 silentibus
1881 5372 2173 5436 ﬂuctibus;

586 5463 803 5518 cunctis
824 5477 957 5518 vero
983 5479 1097 5533 pra:
1128 5463 1528 5533 tranquillitate
1551 5462 1885 5530 laetantibus,
1909 5479 1974 5519 ac
1995 5463 2090 5532 qui
2116 5462 2171 5516 in

587 5551 788 5609 divina:
816 5553 1117 5610 voluntatis
1144 5565 1367 5626 portum
1392 5554 1760 5611 deducantur.

692 5760 738 5793 ⁸⁸
760 5760 975 5836 Matth:
998 5770 1115 5836 xm.
1145 5767 1202 5820 ll
1229 5765 1409 5832 ;~Luc.
1448 5780 1568 5836 για,

588 5827 637 5865 ⁵⁸
658 5830 798 5888 Psal.
825 5850 928 5899 CVI,
952 5835 1040 5891 (ἐξ).
1077 5827 1240 5891 Num.
1266 5852 1340 5904 x1,
1367 5838 1452 5891 l7.

1597 5767 1692 5834 10;
1724 5765 1915 5824 Matth.
1958 5784 2069 5836 XIX,
2096 5767 2193 5836 28;
2226 5768 2416 5825 Matth.
2441 5788 2530 5837 xx,
2554 5770 2624 5827 “25

2285 4724 2501 4793 μένωνο
2567 4726 2661 4778 καὶ
2711 4724 2924 4791 τούτοις
2978 4728 3163 4782 ὀλέσαι
3195 4730 3294 4800 μὲν
3347 4731 3530 4802 σῶμα,
3565 4733 3797 4790 σϐέσαι
3858 4739 3932 4792 δὲ

2279 4808 2485 4884 λόγονὀ
2516 4815 2643 4870 νοῦν
2667 4816 2725 4870 δὲ
2760 4817 2857 4871 καὶ
2898 4819 3082 4873 πίστιν
3116 4819 3292 4885 οὕτως
3321 4821 3568 4893 όλόριζον
3616 4826 3919 4893 έκτῖλαι,

2277 4909 2355 4972 ὡς
2381 4908 2517 4979 μηδὲ
2567 4911 2791 4982 μνήμης
2815 4911 2961 4981 ἴχνος
3004 4913 3084 4985 τῷ
3122 4913 3225 4986 βίῳ
3249 4916 3570 4970 καταλιπεῖν
3605 4933 3941 4989 μηχανω-

2279 5002 2416 5073 μένη
2444 5020 2458 5034 ο
2509 5002 2684 5067 οὕτως
2738 5005 3146 5076 ἀντέστραπται
3185 5008 3285 5077 τῆς
3331 5008 3550 5073 κακίας,
3600 5011 3715 5062 καὶ
3795 5011 3943 5065 τῶν

2278 5098 2497 5151 ἀτόπων
2560 5100 2981 5171 ἐγχειρημάτων
3028 5102 3408 5169 ἀνακέκοπτο,
3475 5105 3551 5169 ὡς
3598 5104 3666 5158 τὸ
3753 5108 3954 5163 Θεῖον

2277 5187 2456 5242 ἐκεῖνο
2519 5189 2701 5259 λόγιον
2745 5192 3141 5260 ἑνεργούμενον
3188 5195 3323 5266 όρᾷν
3357 5211 3372 5227 ο
3437 5194 3515 5266 τῷ
3560 5194 3733 5265 λόγῳ
3816 5200 3953 5268 μὲν

2276 5277 2460 5331 αὐτῶν
2480 5279 2578 5350 τῆς
2602 5281 2920 5349 καταιγίόος
2946 5283 3401 5354 ἐπιτεταγμένης,
3433 5286 3513 5348 εἰς
3558 5290 3863 5355 πραεῖαν
3884 5290 3964 5343 δὲ

2279 5365 2454 5441 αὔραν
2488 5372 2789 5443 ἱσταμένης
2811 5392 2825 5406 ·
2859 5374 2955 5428 καὶ
2977 5374 3087 5428 τῶν
3113 5377 3376 5446 κυμάτων
3411 5377 3513 5447 μὲν
3548 5376 3763 5448 αὐτῆς
3824 5398 3959 5435 κα-

2279 5460 2730 5533 τασιγαζομένων
2762 5482 2775 5495 °
2806 5466 3254 5537 εὐφραινομένων
3288 5466 3346 5520 δὲ
3397 5467 3617 5522 πάντων
3667 5470 3815 5525 ἐπὶ
3877 5476 3973 5545 τῇ

2275 5556 2497 5627 ἡσυχίᾳ,
2527 5558 2622 5611 καὶ
2648 5558 2740 5612 ἐπὶ
2767 5559 2968 5630 λιμένα
2992 5560 3087 5614 τοῦ
3118 5561 3265 5615 θείου
3300 5561 3606 5634 θελήματος
3629 5562 3975 5635 6611700-

2276 5647 2472 5718 μένων.

2725 5773 2768 5806 ⁸⁷
2792 5772 2931 5831 Psal.
2959 5791 3172 5843 Lxxxn',
3197 5775 3284 5830 12.
3362 5775 3409 5811 ⁸⁸
3429 5777 3590 5833 Rom.
3616 5791 3791 5844 vnn,
3826 5778 3933 5836 9.5

3956 5796 3981 5809 ο

3955 5822 3997 5853 9,
