4108 6424
311 355 379 427 ίΞ
1034 361 1316 424 ORATIO
1356 362 1471 424 III.
1501 389 1574 400 -·
1606 363 1691 425 ΙΝ
1731 362 1916 423 LAUI

2018 361 2049 421 Δ
2088 361 2193 422 SS.
2235 360 2465 421 PETRI
2499 362 2595 420 ΕΤ
2629 360 2887 422 PAULI.
3530 363 3601 427 46

381 476 488 534 Ἦν
514 476 651 549 ὁρᾷν
684 476 812 530 ἐκεῖ
844 475 974 533 τότε
1014 479 1199 532 πᾶσαν
1225 480 1322 547 μὲν
1360 478 1666 550 ἀνθρώπιον
1695 479 1870 548 φυλήν
1896 494 1910 508 ·

2087 473 2334 529 Vidisses
2384 472 2499 529 illic
2549 485 2681 529 tunc
2721 473 3008 528 hominum
3052 474 3333 531 nationem
3380 488 3601 532 omnem

324 577 489 629 πᾶσαν
511 570 569 624 δὲ
590 569 1023 642 γλῶσσαν,,τὴν
1075 573 1214 625 ίδὶαν
1250 571 1533 625 διάλεκτον
1580 570 1912 633 ἀκούουσαν,

315 667 383 737 τῷ
430 662 794 734 Παρακλήτῳ
858 662 953 716 διὰ
999 664 1318 717 ἀποστόλων
1369 663 1708 733 λαλουμένην
1749 681 1762 694 ·
1822 662 1915 717 καὶ

310 757 431 825 γόνυ
448 754 553 825 μὲν
566 752 756 823 ψυχῆς
772 753 860 820 τῷ
886 752 1141 820 Θεολογου
1152 755 1297 825 μένῳ
1306 755 1463 825 Λόγῳ
1481 753 1913 823 κατακάμπτω-

308 866 401 903 σαν
432 864 444 878 ·
491 846 656 917 χείλη
694 845 758 900 δὲ
813 847 941 899 xa‘t‘
976 846 1234 916 γλῶσσαν
1272 846 1409 916 πρὸς
1466 846 1566 915 τὴν
1624 842 1913 915 τριαδικὴν

302 938 757 993 κατευθύνουσαν
789 938 1109 1006 δοξολογίαν
1142 955 1156 968 ·
1194 938 1290 990 καὶ
1345 937 1536 1010 ὥσπερ
1569 936 1806 991 εἰδώλων
1854 954 1915 989 τε

300 1030 504 1098 πλάνης
527 1030 778 1083 καὶτῶν
814 1030 1117 1099 δαιμονίων
1159 1029 1351 1101 πρώην
1391 1030 1768 1100 ἐμεμέστωτο,
1821 1029 1915 1084 οὓ-

297 1139 396 1185 τως
418 1121 664 1190 ὕστερον
713 1121 954 1192 χάριτος
983 1121 1167 1189 ζώσης
1195 1122 1286 1174 τοῦ
1336 1121 1642 1192 ζωαρχιχοῦ
1663 1121 1916 1193 Πνεύμα-

306 1230 388 1275 τος
436 1210 812 1283 πεπλήρωτο.
868 1211 985 1266 Καὶ
1036 1207 1151 1266 οἷον
1206 1213 1332 1266 ἁλσὶ
1391 1215 1748 1285 δραστηρίοις
1794 1216 1915 1278 ταῖς

311 1302 499 1355 τούτων
525 1302 878 1371 θεηγορίαις
908 1304 1350 1373 καταρτυομένη,
1397 1304 1496 1375 τὴν
1534 1303 1710 1375 ὑγρὰν
1739 1305 1915 1375 ἀπερ-

310 1398 539 1466 ρὐτετο
564 1397 668 1449 καὶ
690 1396 923 1465 δυσώδη
958 1397 1063 1467 τῆς
1104 1398 1385 1471 ἁμαρτίας
1444 1398 1736 1468 σηπεδόνα.
1794 1398 1915 1452 Τῶν

308 1487 511 1560 μιαρῶν
545 1487 663 1558 γὰρ
690 1488 913 1558 ὀργίων
936 1488 1033 1541 καὶ
1069 1488 1207 1541 ἐθῶν
1246 1488 1341 1541 καὶ
1375 1487 1632 1555 τελετῶν,
1672 1483 1754 1552 οἷς
1791 1505 1917 1558 χρο-

308 1578 431 1640 vim;
484 1578 812 1646 ἐμμείνασα
875 1577 1282 1630 δυσαπόνιπτον
1330 1576 1461 1648 ἔσχε
1527 1576 1627 1647 τὴν
1682 1576 1912 1649 κηλὶδασ,

315 1671 517 1724 τοιὴων
542 1670 701 1723 ὕδατι
753 1669 1083 1741 ρυπτομένη
1139 1669 1370 1741 καθαρῷ
1395 1711 1410 1735 ,
1467 1670 1567 1723 καὶ
1602 1670 1915 1740 μυστηρίων

311 1762 463 1816 Beier;
490 1762 927 1835 θεουργουμένῃ
976 1762 1260 1833 μετουσίᾳ,
1322 1762 1585 1827 κοινωνὸς
1641 1761 1913 1832 οὐρανίων

298 1854 628 1924 ἀναπέφηνε
664 1854 1133 1927 μεγαλοδωρεῶν.

377 1944 524 1996 Ἀλλ’
568 1945 672 2012 οὐχ
741 1944 777 2014 ἡ
833 1943 1129 2015 σωματικὴ
1177 1942 1354 2006 κτίσις
1388 1944 1571 2014 μόνον,
1637 1941 1782 1995 οὕτω
1807 1942 1910 2013 τῆς

298 2035 513 2104 Πέτρου
543 2035 645 2087 καὶ
672 2033 901 2087 Παύλου
931 2034 1303 2105 μεγαλοφυῒας
1356 2034 1453 2087 καὶ
1517 2032 1901 2104 στερρότητος,

301 2129 427 2195 ἦτοι
478 2129 712 2197 χάριτος
756 2125 1016 2196 ήττήθη’
1076 2124 1176 2179 καὶ
1227 2125 1391 2178 αὑταὶ
1446 2123 1503 2177 δὲ
1535 2125 1593 2177 αἱ
1620 2122 1906 2194 ἀσώματοι

310 2221 491 2271 πᾶσαι
542 2221 645 2271 καὶ
702 2216 1075 2272 ἁποστατικαὶ
1140 2216 1411 2288 Δυνάμεις
1437 2256 1453 2280 ,
1505 2215 1913 2287 δυσμαχώτατα

329 2312 578 2380 πὸλεμον
601 2311 720 2364 κατ’
766 2309 940 2363 αὐτῶν
968 2309 1338 2381 ἀνῃρημέναι,
1374 2307 1547 2369 οὕτως
1590 2306 1912 2374 ὲξουδένων-

325 2420 417 2455 ται
463 2403 565 2456 καὶ
626 2403 1096 2473 κατανενίκηνται,
1159 2401 1235 2465 ὡς
1287 2401 1433 2464 εἰκὸς
1485 2397 1554 2472 ἦν
1600 2399 1909 2464 ὲξουδενοῦ-

317 2493 445 2545 σθαι
482 2493 617 2555 τοὺς
657 2493 795 2545 κατὰ
832 2494 949 2545 τῶν
1013 2492 1191 2564 Ἰησοῦ
1244 2493 1586 2546 πιστοτάτων
1619 2489 1913 2561 ὁπλιζομέ-

306 2600 437 2647 νους
486 2583 729 2637 ὀπαδῶν.
765 2585 879 2637 Καὶ
903 2582 1016 2654 γὰρ
1040 2584 1231 2653 ὥσπερ
1273 2582 1489 2655 πρῶτος
1544 2583 1753 2646 ἐκεῖνος
1812 2583 1914 2653 τὴν

299 2675 719 2746 ἁνθρωπὸτητα
756 2676 1246 2747 περιποιούμενος,
1303 2676 1399 2729 καὶ
1444 2675 1535 2729 διὰ
1586 2673 1797 2744 ταύτην
1835 2672 1913 2744 τῷ

302 2769 730 2839 κοσμοκράτορι
790 2768 942 2839 πάλῃ
998 2768 1364 2839 συμπλακεὶς.
1405 2767 1615 2837 ventio;
1645 2765 1911 2831 ἁπεξεδύ-

302 2881 436 2916 cato
496 2865 620 2934 (ΞΓ
680 2863 790 2918 καὶ
840 2864 1133 2935 παρρησίᾳ
1184 2862 1561 2936 θριαμϐεύσας
1613 2862 1797 2927 αὑτὸν,
1834 2860 1913 2933 τῷ

315 2956 530 3027 σταυρῷ
556 2956 1107 3027 παρεδειγμάτισεν·
1141 2953 1286 3007 οὕτω
1310 2954 1374 3025 δὴ
1406 2955 1611 3023 Πέτρος
1642 2952 1738 3006 καὶ
1762 2950 1913 3006 Παῦ-

320 3050 434 3114 λος,
460 3052 753 3119 οἱτνήσιοι
773 3049 878 3119 τῆς
898 3052 1111 3102 ἐκείνου
1141 3047 1338 3119 πείρας
1380 3048 1475 3099 καὶ
1510 3045 1669 3115 νίκης
1727 3063 1913 3117 μιμη-

326 3142 433 3204 ταὶ,
462 3142 658 3205 πάσαις
688 3143 924 3212 Ἀρχαϊς
952 3140 1047 3193 καὶ
1091 3138 1392 3203 Ἐξουσίαις
1418 3137 1688 3237 ὑπὲρτῶν
1717 3137 1910 3237 ἐθνῶν,
1940 3179 1985 3237 c

323 3234 415 3285 καὶ
452 3231 974 3303 κοσμοκρατορίαις
1019 3231 1259 3293 ἁπάσαις
1304 3227 1765 3298 συμπλεκόμενοι,
1820 3227 1916 3280 καὶ

310 3325 513 3387 ταύτας
551 3326 854 3397 ἀραχνίων
890 3324 1093 3398 τρόπον
1143 3323 1404 3395 νημάτων
1459 3322 1801 3391 ἀπημάντως
1857 3323 1916 3374 ὲν

308 3418 509 3487 ἐκείνῳ
535 3416 959 3479 διεκδύνοντεςο
1016 3418 1111 3469 καὶ
1141 3419 1254 3479 τοῖς
1285 3414 1574 3485 παθήμασι
1615 3413 1714 3484 μὲν
1769 3414 1917 3466 εὐδο-

310 3510 560 3577 χοῦντες,
584 3514 710 3574 τοῖς
751 3510 1144 3581 καθημερινοῖς
1167 3510 1225 3563 δὲ
1255 3508 1509 3572 θανάτοις
1559 3506 1920 3578 ὲγκαυχώμε-

309 3619 415 3669 τοι,
442 3598 574 3657 εἶτα
598 3603 667 3656 τὸ
698 3602 796 3656 τοῦ
841 3602 1161 3656 διδασκάλου
1206 3603 1465 3672 ποτήριον
1508 3600 1916 3662 ἑκπεπωκότες,

307 3695 372 3748 ὲν
400 3694 559 3765 αὐτῷ
582 3696 680 3748 τὸν
710 3694 1010 3749 ἀντίπαλον
1035 3694 1382 3765 κατακράτος
1398 3691 1754 3765 καθαιροῦσιν
1778 3705 1795 3723 ⁶
1822 3691 1920 3745 καὶ

308 3793 439 3856 τοὺς
472 3793 577 3845 ὑπ’
641 3791 848 3862 ἐκείνῳ
871 3792 1277 3861 κρατουμένους
1308 3787 1753 3861 ᾑχμαλωτικότες
1782 3787 1920 3857 Χρι-

316 3884 450 3956 στῷ,
480 3887 604 3947 τοῖς
632 3884 742 3954 τῆς
763 3882 1114 3954 δικαιοσύνης
1138 3883 1235 3937 καὶ
1265 3882 1425 3953 νίκης
1454 3878 1917 3950 ἐστεφανώθησαν

317 3980 635 4048 στεφάνοις.

385 4072 504 4123 Καὶ
575 4069 798 4138 Πέτρος
858 4068 957 4138 μὲν
997 4066 1077 4137 τῷ
1118 4064 1338 4137 σταυρῷ
1383 4064 1485 4130 τὰς
1535 4065 1685 4137 ἱεράς
1715 4082 1776 4118 τε
1823 4064 1921 4118 καὶ

310 4163 711 4234 πρεσῆυτικὰς
755 4159 1017 4230 παλάμας
1056 4158 1582 4230 ὲκπεπετασμένος*
1642 4159 1738 4211 καὶ
1768 4156 1922 4210 κάτω

314 4261 417 4329 μὲν
448 4256 593 4328 προς
624 4257 703 4325 τῇ
735 4255 812 4324 τῇ
839 4253 939 4324 τὴν
970 4253 1245 4322 κεφαλήν·
1292 4253 1405 4310 ἅνω
1436 4251 1494 4304 δὲ
1526 4249 1661 4320 πρὸς
1692 4247 1920 4321 οὐρανὸν

314 4354 443 4414 τοὺς
464 4352 640 4413 πέδας
669 4346 1105 4419 ἀπῃωρημένος,
1160 4346 1236 4409 ὡς
1267 4345 1332 4401 ἂν
1367 4346 1490 4397 καὶ·
1517 4345 1586 4414 τῇ
1639 4343 1919 4414 ὁμοιότητι

326 4444 425 4496 τοῦ
452 4442 682 4508 πάθους,
706 4441 808 4493 καὶ
832 4442 899 4511 τῇ
931 4438 1284 4510 ἁνομοιότητι
1312 4437 1407 4491 τὸν
1432 4435 1747 4489 διδάσκαλον
1772 4435 1919 4501 δοξά-

2017 582 2348 637 omnemque
2377 567 2641 637 linguam,
2674 581 2834 622 suum
2869 565 3153 636 proprium
3191 583 3500 624 sermonem
3535 585 3604 623 ex

2020 661 2400 730 apostolorum
2426 664 2521 715 ore
2552 652 2794 729 Spiritus
2822 674 3051 713 munere
3081 661 3398 717 audientem
3416 662 3463 694 '°
3493 679 3506 715 :
3538 677 3603 716 ac

2021 753 2245 822 quidem
2281 767 2448 823 genu,
2482 752 2744 817 sermoni,
2778 752 2938 822 cujus
2973 752 3152 808 dcitas
3184 755 3599 824 praedicaretur,

2016 842 2364 909 ﬂectentem;
2424 843 2569 899 labia
2613 858 2747 898 vero
2797 859 2860 898 ac
2910 842 3153 914 linguam
3198 845 3266 899 ad
3318 845 3603 900 Trinitatis

2015 937 2233 992 laudem
2275 937 2604 1008 dirigentem
2650 954 2664 990 :
2712 951 2777 990 ac
2818 936 2961 990 sicut
3007 937 3140 990 olim
3184 930 3602 993 simulacrorum

2016 1029 2442 1100 dtemonumque
2487 1046 2677 1085 errore
2724 1030 2889 1100 plena
2933 1031 3253 1096 exstiterat,
3286 1032 3366 1085 sic
3412 1039 3606 1100 postea

2015 1122 2140 1177 viva
2188 1122 2393 1177 viviﬁci
2452 1122 2695 1192 Spiritus
2750 1124 2924 1193 gratia
2985 1122 3324 1178 exuberabat
3385 1140 3399 1176 :
3452 1121 3608 1177 velut

2017 1212 2257 1283 denique
2290 1218 2402 1268 acri
2437 1215 2582 1277 sale,
2612 1214 2816 1270 divinis
2851 1232 3046 1271 eorum
3080 1217 3300 1272 condita
3333 1217 3603 1286 prazdica-

2018 1306 2288 1370 tionibus,
2306 1306 2469 1360 udam
2495 1316 2658 1376 atque
2687 1309 2926 1364 olentem
2956 1309 3167 1379 peccati
3192 1310 3394 1366 cariem
3423 1310 3606 1365 deter-

2017 1397 2201 1469 gebat.
2235 1399 2472 1469 lmpuris
2504 1399 2653 1455 enim
2690 1400 2861 1471 orgiis
2901 1401 3285 1471 mystcriisque
3330 1416 3395 1455 ac
3440 1416 3609 1457 caere-

2021 1491 2258 1556 moitiis,
2306 1492 2508 1560 quibus
2567 1492 2695 1546 olim
2750 1493 2858 1548 alte
2909 1493 3210 1547 hatrentem
3257 1502 3611 1550 contraxerat

2018 1583 2311 1648 maculam,
2332 1582 2530 1637 horum
2553 1583 2756 1638 munda
2780 1598 2918 1654 aqua
2944 1584 3153 1650 abluta,
3176 1584 3607 1658 divinorumque

2017 1674 2407 1746 mysteriorum
2458 1674 2847 1730 communione
2898 1675 3140 1742 in'tbuta,
3180 1678 3608 1750 magniﬁcorum

2018 1765 2143 1822 οωιί
2176 1780 2470 1821 munerum
2500 1780 2729 1821 consors
2756 1765 2952 1822 eﬁ‘ecta
2982 1775 3089 1823 est.

2081 1948 2194 2005 Nec
2225 1948 2526 2018 corporalis
2568 1946 2837 2003 duntaxat
2878 1954 3097 2012 natura,
3129 1947 3211 2003 sic
3239 1945 3390 2003 Petri
3419 1945 3611 2001 Pauli-

2015 2056 2123 2111 que
2150 2041 2297 2097 victa
2320 2039 2608 2112 magniﬁca
2647 2039 2832 2095 indole
2859 2047 2916 2095 et
2941 2039 3219 2107 ﬁrmitate,
3252 2039 3368 2095 sive
3400 2038 3606 2111 gratia;

2011 2148 2204 2189 verum
2252 2133 2418 2188 etiam
2473 2130 2813 2203 incorporeas
2852 2146 3046 2187 omnes
3089 2139 3254 2202 atque
3296 2131 3613 2201 apostaticre

2015 2226 2343 2289 Potestates,
2372 2223 2515 2279 duro
2557 2223 2614 2277 in
2653 2223 2777 2278 illos
2806 2221 3238 2293 diﬁicillimoque
3283 2222 3430 2277 bello
3458 2222 3611 2277 exci-

2013 2322 2149 2379 tato,
2200 2314 2280 2369 sic
2313 2313 2540 2385 dejectae
2583 2302 2924 2383 prorsusque
2966 2313 3184 2368 obtrita:
3226 2320 3374 2378 sunt,
3408 2320 3471 2367 ut
3512 2327 3615 2383 par

2013 2416 2135 2462 erat
2189 2406 2353 2477 dejici
2411 2420 2536 2471 eos,
2586 2405 2681 2475 qui
2740 2404 3008 2460 adversus
3072 2404 3202 2461 Jesu
3260 2403 3614 2463 ﬁdelissimos

2016 2495 2318 2567 discipulos
2355 2509 2422 2550 ac
2465 2501 2771 2550 sectatores
2819 2494 2989 2549 armis
3030 2493 3460 2549 instruerentur.
3517 2493 3618 2547 Et-

2016 2589 2169 2643 enim
2226 2588 2373 2643 sicut
2427 2588 2644 2659 primus
2674 2587 2765 2643 ille
2815 2587 3072 2642 humanae
3124 2585 3612 2647 naturaa'vindex,

2013 2679 2244 2749 ejusque
2284 2693 2450 2733 causa
2482 2677 2748 2732 adversus
2771 2677 2964 2732 mundi
3000 2686 3273 2732 rectorem
3306 2676 3452 2730 lucta
3477 2665 3613 2730 con-

2012 2785 2268 2851 gressus,
2286 2770 2608 2843 spiritaliter
2631 2770 2784 2825 exuit
2806 2771 2888 2824 διε
2919 2770 3209 2841 palamque
3243 2768 3612 2838 triumphans,

2015 2862 2074 2917 in
2126 2878 2292 2918 cruce
2345 2864 2630 2931 traduxit;
2681 2863 2763 2919 sic
2811 2863 2973 2934 plane
3024 2862 3221 2918 Petrus
3276 2862 3612 2932 Paulusque,

2014 2956 2166 3011 illius
2196 2956 2520 3012 certaminis
2546 2972 2610 3011 ac
2635 2957 2883 3012 victoriae
2909 2956 3024 3011 veri
3062 2954 3266 3024 mmuli,
3297 2971 3423 3011 cum
3449 2956 3614 3010 Prin-

2016 3049 2291 3119 cipatibus
2354 3048 2612 3103 omnibus
2686 3056 2744 3104 et
2805 3048 3216 3113 Potestatibus,
3288 3048 3617 3117 cunctisque

2016 3139 2207 3195 mundi
2255 3139 2486 3194 rectoris
2532 3139 2725 3195 cuneis
2768 3142 3016 3211 gentium
3070 3154 3237 3195 causa
3302 3139 3612 3210 congressi,

2020 3231 2280 3305 velutque
2312 3244 2643 3285 aranearum
2675 3231 2933 3294 stamina,
2961 3231 3113 3285 nulla
3142 3231 3263 3286 haec
3289 3246 3432 3284 noxa
3458 3229 3513 3284 in
3544 3245 3615 3284 eo

2018 3330 2323 3377 exuentes:
2368 3338 2433 3377 ac
2478 3322 2701 3392 quidem
2765 3323 3049 3378 laboribus
3115 3333 3282 3394 atque
3343 3323 3616 3379 aerumnis

2018 3412 2316 3480 audentes,
2389 3412 2841 3483 quotidianisque
2912 3414 3187 3469 mortibus
3274 3413 3612 3485 gloriantes;

2018 3514 2249 3575 tumque
2289 3505 2539 3575 magistri
2574 3505 2773 3560 hausto
2811 3507 3003 3566 calice.
3048 3506 3105 3560 in
3135 3521 3204 3562 eo
3233 3505 3615 3561 adversarium

2019 3613 2248 3668 prorsus
2284 3597 2611 3669 proﬂigant:
2665 3614 2920 3670 quosque
2965 3599 3060 3655 ille
3103 3598 3352 3665 tenebat,
3391 3597 3615 3655 Christo

2019 3690 2423 3760 mancipantes,
2459 3705 2695 3747 coronas
2741 3690 2973 3761 iustitiae
3024 3706 3089 3747 ac
3124 3689 3372 3747 victoriae
3421 3703 3616 3761 perco-

2019 3789 2241 3852 perunt.

2094 4065 2175 4121 Ac
2202 4063 2402 4121 Petrus
2436 4064 2683 4136 quidem,
2712 4078 2900 4120 sacras
2923 4065 2982 4120 in
3010 4079 3177 4122 cruce
3216 4074 3382 4136 atque
3410 4066 3612 4122 seniles

2020 4159 2339 4229 expandens
2368 4159 2620 4230 palmas;
2667 4159 2848 4228 capite
2878 4158 3139 4214 deorsum
3166 4157 3223 4213 in
3252 4167 3457 4215 terram
3480 4173 3613 4229 pros

2021 4266 2149 4316 nus,
2192 4251 2542 4322 pedibusque
2596 4266 2819 4307 sursum
2883 4251 2940 4305 in
2995 4251 3200 4306 emlum
3256 4251 3493 4315 levatus,
3552 4261 3617 4306 ut

2019 4346 2294 4417 passionis
2352 4355 2469 4401 tum
2541 4345 2903 4401 similitudine
2974 4353 3094 4401 tum
3161 4345 3616 4403 dissimilitudine

2024 4439 2348 4509 magistrum
2383 4437 2751 4493 clariﬁcaret:
2787 4439 2993 4494 Paulus
3017 4453 3152 4494 vero
3186 4454 3355 4509 supra
3386 4439 3616 4496 modum

338 4551 496 4588 ςειεν.
544 4533 768 4595 Παῦλος
822 4530 899 4593 δὲ,
932 4530 1031 4600 τὴν
1088 4526 1390 4598 ὑπέρτιμον
1436 4531 1615 4598 κάραν
1669 4530 1916 4597 ἀποτμη-

2023 4530 2329 4587 venerabili
2375 4545 2515 4586 caesa
2554 4530 2810 4597 cervice;
2860 4539 3025 4601 atque
3074 4546 3162 4599 ea,
3205 4532 3354 4603 quod
3398 4532 3619 4589 deesset

326 4628 454 4693 θεᾷ,
480 4629 578 4680 καὶ
609 4628 679 4680 τὸ
719 4624 971 4695 στέρημα
996 4621 1170 4692 ταύτῃ
1185 4621 1296 4673 τῶν
1320 4618 1914 4692 παθημάτωνΧριστοῦ

314 4719 737 4795 πεπληρωκὼς,
780 4717 926 4771 οὕτω
971 4719 1292 4785 νενικήκασι
1325 4713 1417 4767 τὸν
1464 4712 1691 4784 κόσμον.
1728 4713 1916 4778 Οὕτως

2021 4624 2228 4681 Christi
2255 4624 2575 4694 passionum
2599 4623 2930 4694 adimplens,
2954 4623 3036 4680 sic
3054 4624 3323 4680 mundum
3346 4625 3530 4680 vicere
3545 4627 3615 4681 ⁵².

2023 4714 2086 4769 In
2138 4729 2267 4769 eum
2306 4712 2536 4769 modum
2583 4715 2815 4786 contigit
2867 4723 2929 4770 ut
2972 4716 3152 4772 virtus
3192 4715 3250 4771 in
3295 4716 3617 4774 inﬁrmitate

380 4886 581 4941 “Act.
605 4900 669 4949 η,
702 4883 817 4937 Ι.⁵¹
850 4881 1059 4939 Coloss.
1094 4897 1154 4946 ιι,
1178 4880 1268 4936 15.
1344 4881 1390 4913 ⁸³
1412 4878 1626 4937 Coloss.
1660 4897 1698 4947 ι,
1731 4881 1833 4947 24;
1871 4880 1916 4935 ll

2018 4897 2079 4934 η’.
2107 4896 2206 4946 xu,
2236 4880 2290 4936 9.

387 5031 462 5099 (5,
486 5024 753 5094 Νοητῶς
778 5024 1222 5099 ἀπιεξεδύσάτο2
1263 5022 1416 5099 Hanc
1446 5037 1639 5077 vocem
1673 5021 1923 5099 plerique

325 5093 619 5155 trinéitive
642 5105 954 5164 exponunt.
978 5109 1091 5149 non
1119 5094 1255 5149 satis
1287 5093 1357 5147 ad
1393 5103 1634 5149 mentem
1661 5094 1920 5162 apostoli,

327 5174 468 5240 quasi
497 5169 648 5224 velit
680 5167 765 5221 sic
802 5166 1141 5240 exspoliatos
1177 5164 1527 5240 nudatosque
1582 5164 1923 5240 principatus

326 5233 387 5295 εἰς
413 5249 737 5312 potestates
754 5233 1098 5312 traduxisse;
1131 5250 1244 5312 non
1273 5233 1444 5304 quod
1474 5236 1592 5304 ipse
1627 5234 1812 5304 potius
1850 5233 1920 5289 ad

328 5306 605 5367 certamen
626 5319 858 5372 exutus,
880 5308 1061 5377 posita
1083 5306 1296 5362 scilicet
1326 5321 1425 5375 per
1447 5312 1685 5377 mortem
1720 5320 1911 5370 carne,

326 5386 401 5438 vel
456 5385 661 5441 etiam,
700 5388 763 5433 ut
808 5376 1506 5449 Citrysostomusettponit,
1557 5376 1672 5445 ipsa
1726 5390 1920 5449 eorum

320 5453 461 5515 labe,
498 5467 690 5521 eaque
743 5450 798 5502 in
839 5464 897 5503 se
924 5446 1155 5521 depulsa
1199 5448 1270 5501 ab
1308 5446 1548 5521 humana
1575 5456 1789 5521 natura
1804 5446 1921 5517 (qui

321 5541 434 5579 mos
453 5534 545 5579 est
574 5516 967 5584 lue-talorum),
1001 5516 1083 5573 sic
1143 5516 1545 5589 magniﬁcegde‘
1574 5517 1685 5571 illis
1723 5517 1923 5589 trium-

322 5595 600 5661 phaverit,
627 5608 697 5646 ac
726 5590 1163 5661 exemplutneos
1192 5586 1409 5643 fecerit.
1445 5586 1725 5661 Siccerte
1748 5586 1920 5661 Syrus

324 5658 586 5734 interpr.,
621 5663 696 5717 Et
754 5677 849 5731 per
877 5658 1318 5734 exspoliationeut
1354 5659 1587 5734 corporis
1619 5659 1723 5723 sui,
1757 5658 1918 5729 ἀῆτα-

325 5729 484 5788 tam-ii
503 5729 845 5803 principatus
873 5741 920 5784 et
955 5738 1259 5801 potestates.
1287 5730 1396 5784 Sua
1418 5729 1681 5803 nimirum
1714 5737 1913 5803 morte,

2025 5022 2261 5093 August.
2300 5022 2340 5076 l.
2389 5021 2468 5075 De
2495 5037 2664 5092 agone
2717 5022 2913 5077 Christ.
2954 5037 3004 5077 c.
3037 5022 3071 5076 2
3120 5031 3177 5077 et
3226 5022 3325 5087 l6;
3357 5022 3611 5076 adversus

2024 5092 2305 5156 Faustum,
2337 5107 2387 5146 c.
2414 5094 2485 5147 “29
2504 5101 2561 5146 ct
2584 5093 2636 5156 1,
2666 5100 2724 5147 et
2748 5093 2821 5147 De
2849 5102 3049 5157 peccat.
3078 5094 3251 5147 merit.
3286 5102 3336 5146 et
3375 5094 3609 5157 remiss.,

2024 5178 2074 5217 c.
2104 5163 2197 5228 27,
2224 5163 2439 5217 Exaeas
2480 5178 2535 5216 se
2570 5179 2808 5217 carnem.
2837 5162 2981 5228 Quin
3036 5172 3094 5219 et
3124 5164 3295 5218 Hilar.
3326 5164 3366 5217 Ι.
3408 5179 3483 5222 Ix.
3533 5162 3612 5215 De

2026 5233 2247 5293 Trinit..
2284 5233 2491 5288 Exatus
2528 5238 2764 5295 carnem,
2798 5245 2849 5287 et
2903 5243 3186 5304 potestates
3239 5234 3463 5288 ostentui
3489 5248 3612 5304 esse

2024 5305 2165 5373 fecit.
2209 5304 2323 5359 l‘loc
2371 5319 2573 5373 nempe
2605 5301 2974 5366 insinuantés,
3011 5307 3292 5373 reciproca
3328 5301 3610 5371 accipien-

2023 5376 2151 5430 dam
2181 5384 2549 5436 eam'voeem.
2580 5376 2796 5429 utrovis
2822 5375 3042 5430 tandem
3073 5375 3237 5428 modo
3269 5374 3610 5440 intelligatur

2023 5462 2087 5500 ea
2113 5445 2497 5514 reciprocatio.
2530 5444 3074 5515 Nicctasexponitad
3104 5458 3325 5498 sensum
3346 5443 3608 5515 Phrygio-

2020 5516 2185 5593 stomi
2211 5510 2672 5593 exspoliationem
2697 5516 2750 5568 in
2776 5510 2939 5569 nobis
2963 5515 3159 5593 factam
3186 5512 3418 5593 391376);
3441 5510 3613 5593 inter?

2020 5588 2231 5641 nalium
2260 5582 2613 5655 poteStatum,
2660 5583 2733 5638 ita
2764 5592 2825 5638 ut
2856 5593 3041 5655 mente
3067 5582 3299 5655 intelligi
3332 5592 3515 5655 potest
3549 5590 3611 5655 et

2018 5651 2297 5727 spirituali
2341 5656 2585 5727 ratione;
2642 5653 2920 5724 quomodo
2969 5654 3138 5727 etiam
3189 5652 3361 5706 oblita
3416 5651 3607 5727 Deijn

2015 5720 2178 5782 n'obis
2215 5725 2456 5794 imagine
2486 5740 2586 5793 per
2618 5720 2927 5794 peccatum,
2970 5723 3245 5777 inlernam
3277 5737 3503 5778 omnem
3526 5720 3610 5779 ia-

324 5820 426 5875 qua
455 5793 615 5861 velut
643 5793 1059 5866 indumentum,
1091 5815 1292 5870 corpus
1316 5800 1492 5856 exuit.
1515 5800 1721 5855 Eodem
1749 5799 1915 5853 modo
2014 5797 2139 5852 bem
2160 5811 2284 5852 cum
2309 5793 2631 5849 auctoribus
2655 5793 3026 5848 indueramus.
