4108 6436
582 383 650 448 47

583 500 945 572 perﬁceretur
971 516 986 563 ;
1018 498 1206 568 sicque
1237 499 1468 554 exitioso
1508 500 1600 554 illo
1640 500 1832 554 colliso
1853 509 2018 568 atque
2046 513 2170 568 per-
2198 498 2244 556 Α

583 610 766 659 cusso.
800 593 935 649 clari
964 592 1110 647 clare
1138 608 1244 646 una
1270 607 1394 647 eum
1426 592 1648 649 Christo
1669 593 1913 648 victoria}
1937 600 2165 647 auctore

582 687 636 740 in
697 685 900 740 coelum
957 684 1161 754 recepti
1221 693 1352 738 sunt
1372 685 1439 737 ⁸³.
1489 685 1560 739 Et
1605 685 1749 740 sicut
1805 684 2016 754 primus
2075 682 2166 736 ille

580 778 812 833 victoria
840 777 1074 850 potitus,
1100 776 1155 831 in
1187 777 1412 831 dextera
1447 776 1595 832 sedis
1625 776 1924 848 rnajestatis
1952 775 2166 846 primus

582 870 638 924 in
674 870 908 925 excelsis
934 868 1115 933 sedit,
1152 869 1228 922 ita
1261 869 1319 923 hi
1352 884 1572 938 quoque
1602 884 1703 939 pro
1735 867 1884 923 illius
1909 866 2168 922 similitu-

579 963 710 1018 dine
761 963 1022 1027 victores,
1070 969 1132 1016 ut
1183 961 1264 1017 illi
1303 977 1336 1017 a
1371 961 1583 1017 dextris
1622 960 1871 1025 sedeant,
1905 958 2166 1015 secundis

579 1053 829 1124 partibus
861 1051 1278 1109 nanciseuntur.

647 1249 693 1305 Ο
743 1249 999 1304 eximiam
1047 1246 1411 1303 imitationem
1461 1245 1612 1302 omni
1656 1247 1926 1319 majorum
1977 1248 2164 1305 imita-

583 1343 732 1398 tione
760 1343 772 1394 ι
811 1340 855 1396 Ο
896 1339 1188 1395 humilium
1217 1354 1282 1393 ac
1309 1337 1561 1394 modesto
1585 1355 1748 1394 sensu
1775 1341 2164 1398 exaltationem

581 1431 728 1502 apud
755 1431 1096 1486 Altissimum
1123 1429 1136 1482 ι
1169 1429 1422 1495 Terreni,
1465 1439 1521 1484 et
1558 1431 1848 1498 cmlestes;
1878 1433 2162 1497 mortales,

577 1534 634 1581 et
668 1523 1040 1589 immortales;
1093 1520 1302 1591 pusilli,
1354 1529 1547 1592 terque
1586 1523 1964 1592 maximi..Qui
2010 1527 2162 1582 omni

576 1615 782 1670 mundo
812 1613 1197 1670 retrimentum
1223 1628 1290 1670 ac
1313 1613 1625 1685 quisquilia:
1653 1617 1841 1686 positi,
1870 1619 2164 1674 venerabi-

573 1710 746 1764 liorcs
773 1707 1047 1779 Seraphin
1068 1708 1419 1764 exstiterunt.
1449 1708 1552 1775 Qui
1581 1709 1743 1778 fame,
1773 1712 1885 1777 siti,
1910 1713 2161 1771 nuditate

571 1799 896 1866 conﬂictati,
938 1787 1215 1854 bonorum
1274 1814 1397 1870 quae
1451 1800 1644 1855 oculus
1688 1817 1798 1856 non
1848 1802 2006 1870 vidit,
2048 1819 2156 1859 non

570 1892 723 1947 auris
759 1888 996 1957 audivit,
1040 1904 1148 1944 nec
1177 1889 1234 1944 in
1267 1905 1364 1946 cor
1393 1890 1637 1946 hominis
1665 1893 2070 1962 ascenderunt;
2100 1895 2157 1950 in

568 1998 692 2054 qua:
734 1981 902 2038 etiam
934 1980 1113 2052 angeli
1159 1979 1243 2051 (ut
1270 1997 1398 2037 cum
1430 1982 1566 2052 ipsis
1594 1981 1812 2053 loquar)
1839 1985 2158 2040 desiderant

567 2068 912 2140 prospicere,
956 2066 1158 2123 horum
1207 2069 1265 2123 hi
1306 2069 1715 2140 dispensatores
1761 2083 1927 2142 atque
1960 2074 2156 2130 arbitri

565 2159 776 2215 sanctis
818 2158 1062 2230 praefecti
1126 2168 1276 2215 sunt.
1341 2160 1628 2228 Quodnam
1677 2163 1826 2218 istud
1877 2179 2006 2235 erga
2059 2180 2158 2221 vos

568 2253 833 2309 bonitatis
867 2253 1189 2326 mysterium
1218 2253 1551 2320 ?Quomodo
1585 2255 1750 2310 iidem
1779 2265 1893 2311 tum
1922 2257 2018 2311 ﬁlii
2053 2257 2154 2312 ho-

565 2347 779 2401 minum
825 2345 1051 2412 auditis,
1097 2356 1213 2401 tum
1262 2346 1406 2402 Dei?
1450 2347 1724 2411 Alterum,
1765 2349 2158 2415 natura;alte-

564 2453 721 2500 rum,
769 2437 1087 2508 adoptione.
1142 2437 1430 2505 Quomodo
1475 2449 1859 2495 momentanea
1909 2442 2156 2511 levisque

565 2529 892 2595 tribulatio,
963 2529 1044 2585 sic
1112 2539 1384 2586 aeternum
1460 2530 1618 2587 vobis
1682 2532 1870 2603 gloria:
1937 2533 2156 2604 pondus

563 2623 822 2694 praesum
842 2621 891 2654 σι
916 2623 942 2677 ι

632 2713 868 2769 Carnem
899 2713 1106 2769 factum
1150 2728 1271 2770 esse
1305 2715 1480 2770 Deum
1511 2715 1751 2772 Verbum
1787 2725 1845 2774 et
1876 2718 2154 2775 habitasse

561 2804 621 2859 in
649 2803 835 2870 nobis,
863 2814 1048 2859 vestra
1093 2803 1470 2859 insinuatione
1495 2815 1662 2875 atque
1690 2805 1950 2863 doctrina
1980 2823 2152 2879 agno-

559 2893 742 2949 vimus
760 2895 848 2946 ":
903 2908 1002 2949 vos
1055 2903 1239 2948 autem
1293 2894 1474 2965 reipsa
1535 2911 1738 2968 corpus
1793 2899 2154 2970 membraque

558 2984 791 3049 nobilia,
823 2984 874 3039 ei
903 2982 999 3054 qui
1027 2998 1251 3039 carnem
1293 2986 1611 3057 assumpsit,
1649 2988 1938 3044 exstitistis
1971 3007 1985 3044 :
2026 3007 2152 3047 cor-

555 3095 664 3150 pus
717 3077 973 3132 nimirum
1033 3076 1402 3148 undequaque
1465 3080 1794 3150 pulchrum,
1850 3081 2150 3152 deiforme,

557 3169 764 3226 divinis
791 3170 1019 3224 micans
1061 3169 1389 3241 fulgoribus,
1431 3173 1580 3242 quod
1609 3174 1815 3229 nullam
1856 3177 2146 3244 maculam,

555 3264 739 3320 nullas
775 3278 940 3333 rugas
963 3271 1060 3318 aut
1096 3263 1278 3319 labem
1305 3265 1471 3320 ullam
1496 3267 1771 3324 admittat.
1818 3271 1976 3326 Velut
2001 3273 2148 3329 enim

557 3358 672 3412 duo
721 3356 1050 3410 lucidissimi
1089 3371 1156 3411 ac
1190 3357 1536 3414 blandissiini
1584 3360 1858 3417 Dominlci
1904 3367 2152 3436 corporis

556 3445 822 3519 prostatis
852 3445 1023 3511 oculi,
1055 3445 1260 3517 quibus
1306 3455 1482 3504 totum
1527 3451 1647 3522 ejus
1675 3467 1876 3523 corpus
1908 3454 2150 3511 illustre-

558 3546 652 3592 tur
673 3553 689 3591 ι
714 3552 814 3608 per
835 3550 976 3607 quos
991 3536 1257 3592 Dominus
1275 3546 1556 3595 exstantes
1585 3548 1700 3595 toto
1722 3541 1856 3597 orbe
1877 3541 2151 3599 Ecclesias

557 3631 905 3700 inspectans,
968 3628 1205 3685 aediﬁcet
1261 3630 1640 3702 perﬁciatque.
1712 3632 1821 3689 Sed
1874 3645 1931 3690 et
1988 3652 2151 3692 aures

555 3735 763 3796 aperta:
793 3733 849 3781 et
879 3725 1057 3790 clarae,
1092 3734 1256 3796 atque
1286 3726 1486 3784 divinae
1515 3729 1638 3784 voci
1665 3728 1878 3797 faciles,
1903 3730 2000 3786 Dei
2024 3748 2150 3786 ver-

555 3818 689 3874 bum
732 3817 1198 3889 sapientissimum
1244 3833 1309 3874 ac
1345 3819 1719 3890 omnipotens,
1746 3820 2150 3878 Incarnationis

553 3913 769 3968 scilicet
800 3911 1147 3983 mysterium,
1196 3926 1322 3966 cum
1370 3912 1612 3982 primum
1655 3913 1969 3980 audissetis,
2007 3931 2147 3970 eun-

553 4013 767 4060 ctorum
796 4002 934 4058 illud
966 4002 1316 4074 postmodum
1342 4003 1572 4060 auribus
1602 4003 1889 4060 intulistis.

625 4097 733 4152 Vos
761 4103 817 4151 et
849 4109 1014 4151 nares
1037 4093 1437 4154 odoratissimae
1461 4103 1518 4149 et
1543 4110 1694 4166 genae
1720 4095 1856 4151 estis
1879 4095 2142 4168 mysticae.

547 4188 720 4244 Nares
766 4203 964 4254 sacra},
999 4203 1282 4243 sacrorum
1329 4198 1734 4258 unguentorum
1774 4188 1980 4244 Christi
2030 4189 2144 4244 fra-

550 4279 822 4349 grantiam
873 4278 1118 4334 suaviter
1169 4277 1465 4333 admodum
1515 4277 1868 4344 olfacientes,
1915 4281 2144 4352 ejusque

549 4371 796 4427 scientiae
832 4385 1056 4425 suavem
1095 4369 1344 4436 odorem,
1375 4371 1523 4424 omni
1554 4371 1677 4425 loco
1706 4371 2140 4428 manifestantes.

551 4465 709 4520 Genw
735 4479 867 4518 vero
914 4463 1050 4516 sicut
1092 4461 1286 4532 phiala:
1313 4473 1615 4516 aromatum
1640 4463 1707 4527 ⁸⁸,
1745 4464 1899 4519 velut
1929 4479 1960 4519 e
1993 4464 2140 4520 fonte

1794 379 2091 442 NICETIE
2127 378 2656 442 PAPHLAGONIS

3775 384 3838 451 48

2272 498 2305 566 ἡ
2339 497 2457 551 θεία
2483 498 2710 567 δύναμις
2741 499 2797 552 ἐν
2827 502 2894 571 τῇ
2923 499 3184 572 ἀσθενείᾳ
3214 501 3420 556 τούτων
3467 501 3837 556 τετελείωταιο

2270 590 2366 642 καὶ
2392 589 2537 644 οὕτω
2572 591 2664 645 τὸν
2707 591 2938 664 ὀλετῆρα
2990 593 3349 663 θραύσαντες,
3415 594 3663 665 λαμτεροῗι
3711 597 3840 666 λαμ-

2271 682 2424 752 πρῶς
2470 683 2548 752 τῷ
2599 683 2856 754 νικοποιῷ
2911 685 3131 755 Χριστῷ
3163 685 3300 755 πρὸς
3343 686 3607 757 οὐρανοὺς
3656 704 3838 741 συναν-

2267 773 2599 844 ελήφθησαν.
2645 776 2754 828 Καὶ
2804 774 2995 846 ὥσπερ
3030 778 3236 841 ἐκεῖνος
3266 778 3484 848 πρῶτος
3523 778 3839 848 νενικηκὼς,

2270 867 2330 918 ἑν
2359 866 2508 938 δεξιᾷ
2531 866 2628 920 τοῦ
2668 867 2862 939 θρόνου
2894 869 2992 938 τῆς
3026 869 3416 940 μεγαλωσύνης
3441 870 3657 942 πρῶτος
3683 871 3841 926 ἐκάθ-

2270 975 2382 1012 ισεν
2420 960 2480 1011 ὲν
2519 959 2780 1030 ὑψηλοῖς·
2831 960 2975 1014 οὕτω
3013 961 3109 1015 καὶ
3162 954 3309 1015 οὗτοι
3369 963 3512 1014 κατὰ
3558 961 3659 1033 τὴν
3713 962 3842 1032 πρὸς

2266 1047 2474 1100 ἐκεῖνον
2508 1048 2769 1118 ὁμοίωσιν
2801 1049 3170 1118 νενικηκότες,
3202 1050 3303 1119 τῆς
3327 1051 3392 1104 ἐκ
3417 1050 3614 1116 δεξιῶν
3655 1051 3840 1105 τούτου

2265 1138 2522 1210 δευτέρας
2555 1141 2940 1207 καταξιοῦνται
2972 1141 3334 1213 καθιζήσεως.

2339 1232 2403 1284 Ὢ
2441 1231 2544 1302 τῆς
2594 1233 2909 1304 ὑπερφυοῦς
2958 1235 3248 1305 μιμήσεως
3294 1234 3406 1289 τῶν
3440 1237 3769 1308 ἀμιμήτωνί
3798 1237 3842 1293 ὣ

2264 1325 2363 1395 τῆς
2401 1326 2541 1396 πρὸς
2578 1325 2670 1378 τὸν
2697 1327 2962 1396 ’Ὕψιστον
3005 1328 3113 1380 τῶν
3148 1331 3592 1401 ταπεινοφρόνων
3627 1331 3834 1402 ἀνυψώ-

2267 1419 2432 1480 σεωςί
2454 1419 2501 1471 oi
2527 1417 2782 1485 ἐπίγειοι,
2800 1420 2892 1472 καὶ
2913 1421 3155 1492 οὐράνιοι
3171 1438 3185 1452 ο
3207 1423 3258 1475 οί
3285 1420 3496 1493 θνητοὶ,
3516 1424 3612 1478 καὶ
3639 1409 3833 1479 ἀθάνα-

2262 1526 2345 1562 τοι
2364 1526 2379 1541 ο
2397 1511 2445 1563 οῖ
2472 1510 2678 1581 μικροὶ,
2704 1512 2795 1565 καὶ
2815 1513 3224 1590 τρισμέγιστοιο
3251 1514 3347 1568 καὶ
3371 1515 3422 1568 οἱ
3450 1517 3832 1590 περικάθαρμα

2261 1600 2340 1672 τῷ
2355 1601 2546 1673 κόσμῳ
2559 1602 2831 1657 παντὶκαὶ
2846 1588 3049 1675 περίψη
3059 1622 3133 1675 μα
3148 1606 3412 1674 κείμενοι,
3428 1607 3698 1680 αίδέσιμοι
3716 1588 3838 1664 καθ·

2262 1694 2527 1764 εστήκασι
2559 1700 2672 1758 τοῖς
2689 1696 2971 1767 Σεραιρείμ
2991 1712 3006 1727 ·
3028 1697 3122 1751 καὶ
3145 1698 3195 1750 oi
3229 1698 3389 1772 πείνῃ
3413 1699 3469 1754 δὲ
3491 1701 3584 1755 καὶ
3605 1701 3732 1774 δίψῃ
3748 1702 3840 1756 καὶ

2262 1787 2561 1858 γυμνότητι
2579 1787 3106 1860 ταλαιπωρούμενοι,
3125 1790 3235 1844 τῶν
3256 1792 3478 1862 ἀγαθῶν
3493 1795 3530 1849 ἃ.
3560 1794 3842 1866 ὀφθαλμὸς

2261 1880 2362 1933 οὐκ
2391 1875 2551 1948 εἶδεν,
2570 1881 2664 1946 οὓς
2679 1882 2780 1936 οὐκ
2801 1884 3055 1954 ἦκουσεν,
3081 1885 3174 1939 καὶ
3192 1887 3283 1940 ἐπί
3300 1887 3528 1958 καρδίαν
3549 1888 3842 1962 ἀνθρώπου

2257 1971 2358 2025 οὐκ
2382 1971 2584 2042 ἁνέϐηο
2613 1975 2692 2037 είς
2716 1973 2752 2028 ἃ
2775 1975 2870 2028 καὶ
2900 1974 3148 2045 ἄγγελοι,
3199 1977 3324 2031 κατ’
3375 1978 3580 2042 αὐτοὺς
3639 1981 3842 2047 είπεῖν,

2258 2063 2588 2133 ἐπιθυμοῦσι
2625 2065 2967 2137 παρακύψαι,
3017 2067 3224 2122 τούτων
3279 2062 3426 2123 οὗτοι
3467 2070 3688 2140 ταμίαι,
3741 2071 3843 2128 καὶ

2257 2158 2552 2229 πρυτάνεις
2614 2159 2790 2228 ἁγίοις
2837 2161 3232 2237 προεστήκασι.
3301 2161 3368 2215 Τί
3417 2162 3478 2216 τὸ
3527 2166 3658 2234 περὶ
3695 2166 3842 2237 ὑμᾶς

2255 2226 2415 2300 τοῦτο
2458 2246 2560 2318 τῆς
2593 2226 2929 2318 ἁγαθότητος
2961 2226 3296 2323 μυστήριονς
3327 2251 3454 2316 Πῶς
3479 2253 3530 2307 οἱ
3556 2226 3710 2308 attito}.
3732 2226 3848 2310 ’καί

2255 2339 2363 2394 υἱοὶ⁴
2379 2339 2792 2410 ἀνθρώπωνκαὶ
2816 2341 2952 2396 Θεοῦ
2983 2345 3429 2415 κεχρηματίκατε
3457 2363 3472 2414 ;
3499 2345 3577 2399 Τὸ
3601 2348 3725 2418 μὲν,
3751 2348 3845 2404 διὰ

2253 2430 2353 2502 τὴν
2376 2430 2558 2500 φύσιν,
2575 2433 2638 2486 τδ
2651 2433 2729 2498 δὲ,
2745 2432 2832 2488 διὰ
2852 2434 2951 2506 τὴν
2971 2436 3270 2491 υἱοθεσίαν.
3291 2437 3417 2502 Πῶς
3435 2439 3498 2492 τὸ
3523 2447 3845 2512 παραυτίκα

2254 2523 2353 2593 τῆς
2391 2521 2640 2593 θλίψεως,
2692 2523 2787 2578 καὶ
2817 2524 3073 2596 ἐλαφρὸν,
3118 2524 3292 2592 οὕτως
3318 2528 3444 2599 ὑμῖν
3469 2527 3636 2601 βάρος
3680 2527 3844 2602 δόξης

2254 2615 2476 2670 αίώνιον
2529 2616 2827 2686 εἰργάσατο
2850 2636 2866 2687 ;

2326 2709 2510 2779 Σάρκα
2542 2710 2643 2781 μὲν
2675 2712 2957 2780 γεγονέναι
2981 2713 3072 2767 τὸν
3103 2713 3234 2769 Θεὸν
3257 2714 3432 2784 Λόγον
3468 2715 3562 2769 καὶ
3589 2717 3650 2770 ὲν
3701 2716 3842 2788 ¹ημῖν

2255 2797 2651 2870 ἑσκηνωκέναι,
2699 2803 2765 2855 ὲκ
2807 2803 2907 2874 τῆς
2945 2804 3218 2876 ὑμετέρας
3269 2808 3596 2880 μεμυήμεθα
3659 2807 3839 2879 μύστ-

2253 2890 2500 2959 αγωγίας
2521 2905 2538 2920 ·
2570 2891 2730 2964 ὑμεῖς
2758 2893 2814 2946 δὲ
2836 2895 2997 2966 σῶμα
3023 2896 3100 2968 τῷ
3127 2896 3262 2963 δντι,
3286 2900 3380 2952 καὶ
3408 2899 3543 2970 μέλη
3563 2899 3722 2971 τίμια
3753 2899 3839 2971 τῷ

2255 2981 2664 3054 σεσαρκωμένῳ
2689 2983 3088 3055 καθεστήκατε.
3122 2986 3291 3060 Σῶμα
3329 2989 3631 3058 πάγκαλον,
3661 2989 3844 3044 θεοει-

2251 3069 2363 3137 δὲς,
2392 3070 2648 3142 θεαυγὲς,
2679 3074 2859 3146 πάσης
2890 3075 3107 3145 κηλῖδος
3135 3080 3230 3132 καὶ
3261 3079 3449 3149 ρὑων
3480 3081 3575 3136 καὶ
3624 3081 3843 3154 μώμων

2253 3161 2620 3217 ἀνεπίδεκτον.
2652 3157 2755 3216 Οἷα
2804 3165 2914 3235 γὰρ
2948 3165 3223 3238 ὀφθαλμοὶ
3272 3169 3368 3223 δύο
3406 3173 3842 3241 φωτοφανέστα-

2253 3269 2335 3306 τοι
2379 3255 2475 3307 καὶ
2506 3255 2851 3325 χαριέστατοι
2883 3255 2978 3309 τοῦ
3027 3259 3363 3314 Δεσποτικοῦ
3413 3261 3670 3334 σώματος
3697 3281 3834 3335 προ-

2253 3345 2542 3422 ϐέϐλησθε,
2575 3341 2658 3411 οἷς
2691 3348 2812 3402 ὅλον
2846 3349 3014 3403 αὑτοῦ
3041 3351 3336 3419 φωτίζεται
3389 3354 3454 3408 τὸ
3511 3355 3703 3427 σῶμα·
3760 3356 3834 3410 δι’

2251 3429 2326 3491 ὧν
2355 3439 2384 3491 ό
2415 3437 2621 3508 Κύριος
2659 3440 2760 3504 τὰς
2803 3442 2927 3496 καθ’
2974 3443 3103 3516 ὃλην
3127 3444 3224 3515 τὴν
3251 3448 3355 3516 γῆν
3383 3446 3684 3518 ἐκκλησίας
3736 3449 3837 3517 ιφ.

2253 3532 2421 3605 ορῶν,
2445 3533 2720 3604 οἰκοδομεῖ
2763 3535 2858 3588 καὶ
2886 3538 3227 3609 καταρτίζει.
3263 3540 3371 3594 Καὶ
3403 3535 3519 3594 ὦτα
3547 3541 3605 3595 δὲ
3642 3543 3835 3612 τρανὰ

2249 3625 2345 3678 καὶ
2376 3627 2544 3694 σαφῆ,
2576 3625 2672 3679 καὶ
2700 3626 2800 3699 τῆς
2838 3628 2989 3693 θείας
3017 3629 3170 3694 ὄντες
3217 3631 3431 3705 εὐήκοα
3489 3634 3679 3705 φωνῆς
3702 3650 3718 3666 ο
3783 3637 3851 3689 τὸ

2252 3717 2406 3789 ῥῆμα
2429 3718 2524 3772 τοῦ
2583 3719 2718 3774 Θεοῦ
2753 3720 2816 3774 τὸ
2866 3722 3165 3792 πάνσοφον,
3213 3702 3276 3777 «Et
3301 3702 3746 3797 παντοδύναμον,
3781 3727 3853 3782 τὸ

2246 3810 2347 3880 τῆς
2399 3810 2766 3882 Οίκονομίας,
2805 3815 2969 3886 φημὶ,
3013 3815 3228 3886 πρῶτον
3281 3820 3581 3891 μυστήριον
3632 3821 3851 3876 ἑνωτι-

2249 3901 2504 3969 σθέντες,
2567 3906 2688 3968 ταῖς
2745 3905 2936 3972 ἀκοαῖς
2992 3908 3123 3962 αὐτὸ
3163 3909 3365 3976 πάσαις
3406 3912 3678 3984 δευτέρως
3753 3915 3860 3970 ὲν·

2247 3995 2511 4068 ηχθσατε.

2329 4088 2524 4160 Ὑμεῖς
2551 4091 2644 4144 καὶ
2673 4094 2949 4162 μυκτῆρες
3007 4092 3388 4164 εὖοσμότατοι,
3441 4097 3537 4150 καὶ
3580 4099 3865 4168 σιαγόνες

2245 4180 2369 4234 ἐστὲ
2400 4183 2684 4252 μυστικαί.
2713 4184 3011 4255 Μυκτῆρες
3045 4186 3182 4258 ἱεροὶ
3223 4189 3324 4260 τῆς
3366 4189 3518 4260 ἱερᾶς
3550 4189 3666 4244 τῶν
3693 4193 3865 4264 Χρι-

2244 4269 2373 4325 στοῦ
2411 4273 2601 4345 μύρων
2633 4275 2863 4340 εὐωδίας
2893 4278 3035 4348 ἄγαν
3063 4280 3236 4350 ἡδέως
3257 4281 3710 4354 ὀσφραινόμενοι,
3746 4287 3876 4340 καὶ

2241 4361 2344 4433 τὴν
2366 4363 2543 4436 ὀσμὴν
2570 4366 2670 4438 τῆς
2700 4367 2958 4436 γνώσεως
3002 4371 3166 4425 αὐτοῦ
3223 4373 3389 4428 παντὶ
3443 4375 3598 4444 τόπῳ
3661 4393 3876 4446 φανε-

2245 4453 2486 4523 ροῦντες.
2524 4458 2809 4526 Σιαγόνες
2840 4461 2919 4528 δὲ,
2957 4463 3224 4532 καθάπερ
3273 4463 3486 4533 φιάλαι
3515 4464 3624 4519 τοῦ
3677 4469 3877 4539 ἀρώ-

548 4554 735 4609 divina
769 4553 944 4609 doctae
986 4553 1205 4623 linguae,
1241 4554 1602 4623 germinantes
1635 4553 1738 4624 (uti
1769 4554 2140 4610 sacratissimo

2254 4561 2451 4612 ματος,
2483 4546 2673 4620 ὥσπερ
2706 4551 2815 4604 ἀπὺ
2845 4553 3030 4624 πηγῆς
3085 4555 3183 4625 τῆς
3239 4555 3496 4624 θεολόγου
3548 4557 3879 4631 γλώσσης,

546 4648 865 4702 continetur
910 4638 1157 4716 eloquio)
1197 4646 1592 4716 unguentaria;
1631 4646 1891 4714 mysticas
1929 4646 2143 4703 scilicet

545 4739 735 4793 odoris
790 4737 1090 4792 suavitates
1140 4736 1403 4806 (Spiritus
1450 4753 1650 4808 nempe
1698 4737 2002 4807 doctrinas)
2054 4737 2142 4794 his

545 4831 640 4900 qui
669 4828 820 4899 digni
850 4827 980 4891 sint,
1016 4826 1382 4897 proferentes.

619 4922 731 4978 Vos
776 4921 906 4974 item
942 4935 1138 4975 manus
1167 4929 1408 4975 strenuae
1435 4935 1499 4974 ac
1525 4919 1844 4985 industriae;
1876 4937 2000 4992 quae
2029 4938 2138 4976 non

541 5013 598 5067 in
637 5009 840 5065 tabulis
872 5009 1124 5078 lapideis,
1169 5008 1265 5063 sed
1305 5008 1640 5072 carnalibus,
1673 5023 1776 5064 nec
1806 5016 2138 5074 atramento,

543 5103 639 5158 sed
667 5103 794 5156 vivo
825 5101 921 5156 Dei
950 5101 1184 5172 Spiritu,
1216 5101 1444 5173 mystice
1482 5100 1668 5155 divina
1703 5101 1923 5172 eloquia
1948 5111 2142 5157 ornate

541 5193 943 5264 depingatis'”.
995 5193 1211 5258 Manus,
1258 5208 1382 5261 qua:
1430 5192 1634 5247 nedum
1681 5193 1902 5248 ﬁrmum
1945 5192 2144 5249 funda-

541 5295 793 5342 mentum
854 5285 1006 5358 (ﬁdei
1063 5285 1297 5352 scilicet)
1357 5293 1472 5338 tuta
1523 5284 1654 5340 base
1709 5285 1909 5356 ﬁgatis,
1956 5287 2050 5342 sed
2086 5294 2143 5342 et

541 5379 708 5450 digna
755 5377 883 5433 ﬁdei
914 5392 1082 5448 opera
1113 5376 1586 5447 superaediﬁcetis.
1612 5377 1734 5432 Non
1767 5379 1916 5432 enim
1947 5378 2132 5448 lignis,

546 5472 751 5540 stipula
799 5480 856 5525 et
902 5470 1050 5533 feno,
1101 5468 1197 5524 sed
1240 5483 1379 5522 auro
1433 5476 1488 5536 et
1521 5477 1749 5539 argento
1795 5470 2135 5538 pretiosissi-

541 5561 756 5630 misque
799 5561 1077 5631 lapidibus
1126 5560 1418 5627 (doctrinis
1467 5560 1680 5615 scilicet
1721 5573 1887 5629 atque
1917 5563 2134 5616 actibus

539 5647 653 5703 lien
722 5651 953 5722 placitis)
1021 5652 1417 5722 intelligentem
1475 5661 1640 5722 atque
1689 5652 1966 5707 viventem
2021 5654 2131 5708 Deo

613 5761 658 5838 ξι
682 5761 846 5823 Helm
881 5783 920 5838 η,
951 5768 1037 5822 15,
1168 5768 1214 5800 ⁸⁸
1251 5768 1296 5822 ll
1327 5767 1455 5822 Cor.
1499 5784 1570 5832 Iv,
1624 5768 1708 5833 l7,
1751 5769 1802 5835 i,
1857 5770 1911 5834 4,
1945 5769 2044 5836 Si;
2081 5772 2206 5838 1,2,

540 5833 588 5867 ³⁸
608 5831 766 5891 Cant.
790 5853 842 5904 ν,
875 5837 959 5892 15.
1037 5839 1082 5870 ⁸⁷
1109 5839 1172 5892 ΙΙ.
1202 5838 1328 5893 Cor.
1367 5854 1446 5903 ιιι,
1479 5838 1531 5890 5.

2242 4639 2509 4709 φύουσαι
2535 4642 2696 4712 (κατὰ
2722 4643 2783 4696 τὸ
2817 4646 3226 4714 μυστικὼτατον
3252 4646 3474 4716 λόγιον),
3498 4653 3884 4719 μυρεψικὰ,

2241 4731 2340 4794 τὰς
2371 4733 2640 4801 μυστικὰς
2675 4733 2905 4798 εὐωδίας
2944 4737 3086 4806 (ἦτοι
3139 4736 3494 4802 διδασκαλίας
3527 4739 3626 4792 τοῦ
3659 4738 3890 4797 Πνεύ-

2246 4823 2436 4894 ματος)
2463 4826 2574 4888 τοῖς
2596 4824 2770 4890 ἀξίοις
2799 4827 3252 4898 προϐαλλόμενοι.

2327 4914 2517 4985 Ὑμεῖς
2531 4915 2626 4969 καὶ
2643 4918 2823 4989 χεῖρες
2844 4920 3087 4989 ὲνεργεῖς
3104 4921 3197 4974 καὶ
3230 4919 3548 4991 δραστήριοι
3565 4926 3896 4980 πιστεύε-

2246 5006 2363 5074 σθε,
2395 5007 2496 5061 οὐκ
2523 5009 2580 5060 ὲν
2601 5008 2833 5073 λιθίναις
2854 5010 2925 5063 τὰ
2955 5009 3078 5064 θεῖα
3098 5010 3256 5080 λόγια
3277 5011 3492 5078 πλαξὶν,
3524 5012 3667 5068 ἀλλὰ
3707 5035 3899 5091 σαρ-

2242 5099 2450 5163 κίναις·
2491 5101 2552 5152 οὐ
2579 5099 2792 5170 μέλανι,
2831 5101 2968 5155 ἀλλὰ
2993 5101 3129 5155 Θεοῦ
3175 5102 3458 5174 Πνεύματι
3495 5105 3666 5176 ζῶντι
3757 5127 3902 5180 μυ-

2243 5191 2444 5255 στικῶς
2478 5191 2967 5264 καλλιγραφοὼαι.
3000 5195 3221 5266 Χεῖρες,
3251 5196 3313 5248 οὐ
3350 5197 3604 5266 θεμέλιον
3672 5203 3910 5269 μόνον

2239 5284 2482 5355 ἀσφαλῆ,
2530 5284 2624 5339 τὸν
2675 5287 2776 5354 τῆς
2825 5287 3062 5350 πίστεως
3118 5289 3630 5359 καταπηγνύουσαι,
3714 5294 3918 5351 ἀλλὰ

2240 5377 2337 5430 καὶ
2367 5376 2506 5448 ἔργα
2535 5377 2637 5447 τῆς
2661 5378 2899 5442 πίστεως
2929 5379 3056 5445 ἄξια
3101 5379 3576 5450 ὲποικοδομοῦσαι.
3619 5384 3724 5437 Οὐ
3782 5387 3878 5455 ξύ
3897 5420 3920 5429 -

2239 5469 2350 5533 λοις
2367 5471 2494 5540 γὰρ,
2519 5470 2582 5522 οὐ
2604 5470 2827 5542 καλάμῃ
2840 5471 2934 5524 καὶ
2952 5471 3153 5542 χόρτῳ,
3185 5474 3372 5544 χρυσῷ
3407 5474 3464 5527 δὲ
3483 5474 3576 5528 καὶ
3596 5475 3796 5546 ἀργύ
3811 5500 3926 5554 ρῳ

2237 5563 2328 5615 καὶ
2339 5563 2503 5615 λίθων
2519 5564 2629 5625 τοῖς
2640 5563 3014 5632 τιμιωτάτοις.
3038 5565 3136 5617 εἴτ’
3156 5562 3250 5618 οὖν
3265 5565 3446 5634 λόγοις
3470 5569 3564 5620 καὶ
3589 5572 3924 5638 πράξεσι

2237 5656 2572 5726 θεοτερπέσι,
2591 5655 2691 5726 τὴν
2721 5656 2912 5726 νοερὰν
2959 5656 3285 5730 Ἐκκλησίαν
3311 5660 3406 5714 καὶ
3426 5659 3606 5724 ζῶσαν
3628 5678 3940 5742 καταρ-

2241 5773 2312 5840 9;
2370 5773 2569 5828 lPetr.
2623 5790 2658 5829 ι.
2688 5774 2789 5842 12;
2819 5775 3020 5833 llCor.
3073 5792 3147 5846 iv,
3185 5777 3271 5833 l7.
3409 5779 3456 5812 ⁵⁵
3478 5778 3652 5835 Joan.
3692 5795 3758 5854 ι,
3797 5784 3938 5848 14-
