4108 6424
360 337 435 406 ts
1090 294 1374 406 ORATIO
1405 343 1522 405 III.
1547 369 1624 382 -
1648 345 1731 405 IN
1770 341 2088 405 LAUDEM
2127 343 2234 404 ss.
2273 345 2505 405 PETRI
2543 344 2639 404 ET
2677 344 2934 404 PAULI.
3574 343 3649 407 δυ

364 458 540 522 τίζετε
579 453 724 526 Θεῷ.
788 455 996 528 Χεῖρες
1061 458 1383 530 μυστηρίων
1442 458 1718 530 ἱερουργοὶ
1757 458 1952 512 θείων’

2068 457 2361 514 Ecclesiam
2423 457 2695 514 instruitis
2719 457 2786 511 ⁵⁸.
2837 457 3046 523 Manus,
3099 456 3300 511 divinis
3355 467 3649 527 operante:

368 548 657 618 ὑπερφυῶν
701 550 1011 620 τεραστίων
1033 551 1360 623 αὐτουργοί·
1419 552 1532 624 ἀφῇ
1578 552 1715 624 μόνῃ
1766 552 1956 612 νόσους

360 642 587 710 ίὼμεναι
619 682 635 705 ,
697 640 966 712 δαίμονας
1049 643 1370 698 έλαύνουσαι
1395 682 1412 708 ,
1464 644 1954 716 παραλελυμένους

354 733 698 802 σφίγγουσαι
724 775 741 798 ,
791 733 1036 804 λεπροὺς
1071 735 1473 806 καθαίρουσαι,
1525 739 1956 806 παγκεκυφότας

347 825 709 895 ἀνορθοῦσαι,
742 828 979 892 νεκροὺς
1006 827 1326 891 ἁνιστῶσαι,
1358 829 1453 882 καὶ
1479 829 1704 897 τυφλοῖς
1729 830 1828 901 μὲν
1857 829 1956 900 τὴν

343 919 487 989 ὄψιν.
531 920 755 986 κωφοῖς
798 919 861 972 δὲ
887 919 987 989 τὴν
1013 920 1209 991 ἀκοὴν,
1238 920 1552 990 μογιλάλοις
1579 922 1636 976 δὲ
1665 922 1763 992 τὴν
1788 921 1957 990 γλῶσο

340 1028 440 1064 σαν
465 1009 880 1080 διατρανοῦσαι
903 1011 999 1064 καὶ
1021 1011 1385 1080 διασαφοῦσαι
1405 1026 1420 1044 ·
1446 1015 1538 1066 καὶ
1563 1015 1740 1067 πᾶσαν
1765 1012 1956 1085 σώμα-

333 1122 424 1167 τος
472 1104 696 1174 λώϐην,
731 1106 830 1157 καὶ
882 1107 1066 1159 πᾶσαν
1107 1104 1288 1176 ψυχῆς
1315 1106 1494 1178 λύμην
1535 1107 1832 1179 ἀφράστως
1863 1107 1956 1162 καὶ

343 1198 588 1268 ἀχρόνως
630 1195 1077 1266 θεραπεύουσαι.

427 1289 624 1360 Ὑμεῖς
653 1289 762 1342 καὶ
791 1289 890 1342 δύο
936 1284 1080 1360 ὦμοι
1135 1289 1230 1345 καὶ
1291 1290 1455 1361 μαζοὶ
1499 1289 1593 1346 δύο
1636 1292 1738 1363 τῆς
1777 1291 1952 1362 Ἰησοῦ

349 1383 628 1451 πεφήνατε
663 1381 1112 1452 μεγαλειότητος
1131 1397 1146 1414 ο
1187 1382 1237 1435 ot
1267 1382 1366 1452 μὲν
1390 1381 1484 1436 τὸν
1510 1384 1747 1455 σταυρὸν
1780 1383 1956 1454 αἴρον-

341 1492 453 1541 τες,
488 1475 586 1528 καὶ
618 1474 785 1546 αύτῷ
813 1474 1280 1547 συνεπαιρόμενοι
1305 1491 1319 1504 ·
1349 1476 1444 1530 καὶ
1475 1475 1552 1540 ὡς
1583 1477 1793 1548 κεφαλῇ
1824 1479 1951 1550 ἰδίᾳ,

345 1569 426 1641 τῷ
488 1570 915 1641 ὲσταυρωμὲνῳ
983 1568 1282 1642 προθύμως
1343 1571 1694 1643 ἐφεπόμενοι.
1751 1566 1952 1642 Ὤμοι,

350 1663 443 1715 τον
476 1662 717 1732 χρηστὸν
742 1661 1008 1734 αῐροντες
1050 1662 1289 1733 Χριστοῦ
1321 1661 1509 1732 ζυγὸν,
1569 1665 1661 1716 καὶ
1700 1664 1791 1716 τὸν
1837 1665 1957 1718 ὲλα-

347 1753 481 1824 φρὸν
501 1753 770 1824 ἐλαφρῶς
815 1753 1177 1823 κουφίζοντες
1205 1753 1404 1824 φόρτον
1452 1754 1549 1808 τοῦ
1596 1755 1951 1824 Εὐαγγελίου,

2067 552 2378 622 mysteriis;
2415 553 2546 622 ipsa:
2577 551 2908 606 eximiorum
2951 549 3327 621 prodigiorum
3374 551 3652 606 artiﬁces:

2065 653 2216 700 tactu
2265 646 2384 700 solo
2441 653 2698 700 sanantes
2752 645 2996 712 morbos,
3049 643 3301 715 fugantes
3354 644 3650 708 daemones,

2064 737 2435 808 astringentes
2483 736 2662 792 soluta
2694 736 2963 800 membra,
3006 735 3256 805 leprosos
3299 735 3652 799 mundantcs,

2065 827 2328 883 incurvos
2364 827 2662 898 erigentes,
2710 837 2957 882 mortuos
3003 825 3365 892 suscitantes;
3393 841 3457 882 ac
3493 826 3654 880 caucis

2063 920 2266 983 visum,
2301 919 2486 976 surdis
2515 919 2789 984 auditum,
2822 919 3001 974 balbis
3027 918 3244 975 facilem
3262 919 3656 988 etexpeditum

2064 1013 2265 1084 linguze
2295 1029 2454 1068 usum
2482 1013 2823 1083 praebentes;
2848 1028 3178 1082 omnemque
3205 1013 3452 1081 corporis
3473 1011 3651 1066 labem

2065 1116 2229 1176 atque
2258 1121 2477 1161 omnem
2504 1105 2673 1161 animi
2706 1121 2906 1162 noxam
2931 1106 3098 1162 nullis
3128 1105 3316 1161 verbis
3338 1102 3652 1176 explicabili

2065 1199 2299 1264 ratione,
2330 1206 2720 1268 momentoque
2749 1209 3026 1254 curantes.

2135 1291 2244 1347 Vos
2264 1307 2485 1362 quoque
2513 1292 2625 1346 duo
2650 1291 2869 1348 humeri
2891 1291 3114 1362 duoque
3145 1293 3318 1362 ubera
3351 1291 3658 1363 maiestatis

2062 1384 2193 1441 Jesu
2221 1384 2464 1440 enitetis.
2501 1383 2729 1439 Humeri
2765 1384 2978 1440 scilicet
3027 1384 3284 1440 tollentes
3313 1398 3558 1448 crucem,
3594 1399 3658 1440 ac

2063 1491 2190 1532 cum
2217 1491 2284 1532 ea
2312 1475 2522 1546 pariter
2562 1475 2816 1541 exaltati;
2857 1475 3119 1546 velutque
3146 1484 3312 1545 caput
3347 1475 3657 1547 proprium,

2061 1583 2191 1625 cum
2244 1569 2340 1639 qui
2394 1567 2694 1625 cruciﬁxus
2736 1578 2820 1624 est
2875 1570 3088 1625 alacres
3138 1569 3336 1624 secuti.
3394 1568 3656 1632 llumeri,

2062 1663 2266 1720 Christi
2310 1663 2506 1735 jugum
2553 1679 2722 1720 suave
2774 1664 3049 1727 tollentes,
3096 1664 3326 1734 leveque
3373 1662 3659 1734 Evangelii

2063 1769 2207 1810 onus
2261 1754 2530 1821 levantes,
2583 1764 2749 1826 atque
2803 1754 2937 1810 illud
2987 1755 3168 1825 dignis
3219 1755 3656 1824 imponentes".

337 1848 575 1910 καὶτοῖς
607 1846 794 1910 ἀξίοις
847 1845 1018 1900 αύτὺν
1055 1845 1502 1917 ὲπιφορτίζοντες
1546 1863 1562 1879 ·
1591 1847 1680 1901 ναὶ
1716 1847 1804 1916 δὴ,
1835 1834 1958 1901 χκαὶ

2068 1847 2207 1904 Sane
2240 1865 2376 1905 vero
2405 1849 2573 1905 etiam
2603 1857 2858 1905 errantes
2880 1864 3012 1904 oves
3039 1856 3404 1913 assumentcs,
3440 1863 3660 1911 earum-

331 1941 408 1993 τὰ
429 1940 546 1993 τῶν
578 1939 888 2010 προϐάτων
925 1939 1405 2010 ἀναλαμϐάνοντες
1460 1939 1823 2011 πλανώμενα,
1862 1942 1958 1995 καὶ

338 2033 458 2095 τοῖς
508 2033 779 2102 μένουσιν
829 2031 1325 2104 συναριθμοῦντες,
1388 2033 1485 2086 καὶ
1536 2033 1798 2106 μάνδραις
1841 2039 1961 2098 ταῖς

341 2124 463 2178 ἀνω
496 2125 1075 2197 κατασφαλιζόμενοι,
1109 2127 1204 2180 καὶ
1229 2126 1372 2198 ὑπὲρ
1394 2128 1578 2183 αὐτῶν
1620 2129 1840 2202 σταυρῷ
1866 2131 1962 2187 καὶ

353 2217 590 2287 θανάτῳ
644 2219 790 2272 κατᾶ
855 2218 1100 2291 μίμησιν
1168 2220 1524 2292 ἁγιαζόμενοι
1598 2225 1956 2297 Δεσποτικήν.

369 2312 570 2375 Maio}.
594 2311 677 2378 δὲ,
702 2313 802 2365 οὐκ
822 2311 1072 2383 αἰσθητῷ
1099 2312 1357 2380 γάλακτι,
1388 2313 1566 2386 νοητῷ
1588 2314 1644 2368 δὲ
1670 2315 1963 2387 τρέφοντες

364 2398 471 2468 τὴν
510 2399 863 2468 Ἐκκλησίαν·
904 2401 1005 2454 καὶ
1033 2401 1156 2454 οὐδὲ
1203 2401 1342 2469 γάλα
1378 2402 1559 2473 μόνον,
1587 2403 1678 2456 τὸν
1729 2405 1963 2473 εἰσαγω-

350 2490 519 2558 γικόν
565 2507 630 2544 τε
675 2492 831 2558 λόγον
879 2492 982 2544 καὶ
1026 2493 1140 2556 τοῖς
1191 2493 1576 2564 εἰσαγομένοις
1625 2495 1964 2567 κατάλληλον

339 2582 866 2652 ἀναλαμϐάνοντες,
899 2583 1041 2638 ἀλλὰ
1070 2585 1168 2640 καὶ
1222 2580 1388 2649 οῐνον,
1434 2585 1537 2657 τὴν
1583 2589 1810 2660 στερεὰν
1853 2589 1963 2643 τῶν

335 2674 646 2747 δογμάτων
675 2677 1063 2749 ἐστιατορίαν,
1096 2678 1190 2733 καὶ
1225 2681 1338 2744 τοῖς
1367 2679 1599 2746 τελείοις
1642 2681 1964 2752 πρέπουσαν

333 2768 675 2830 ἑπινάοντες
703 2767 1024 2836 θεολογίαν.

419 2860 636 2930 ’Υμᾶς,
673 2862 779 2915 καὶ
810 2861 1102 2931 σπλάγχνα
1143 2861 1240 2916 καὶ
1270 2859 1506 2932 νεφρούς
1542 2881 1628 2927 τις
1670 2862 1848 2920 είπὼν
1879 2865 1964 2920 δι-

348 2949 580 3021 δύμοκο
639 2956 871 3023 μηρούς
904 2968 966 3005 τε
1003 2953 1101 3007 καὶ
1150 2952 1320 3024 σκέλη
1356 2954 1453 3008 καὶ
1500 2955 1672 3019 πόδας
1719 2957 1820 3028 τῆς
1868 2957 1965 3010 τοῦ

361 3043 746 3114 σαρκωθέντος
807 3043 1292 3114 ύπερουσιότητος,
1354 3047 1459 3101 οὐκ
1509 3047 1597 3115 ἂν,
1629 3045 1810 3119 οἶμαι,
1869 3049 1966 3103 τοῦ

364 3134 670 3204 πρέποντος
709 3134 1096 3206 άποσφαλείη.
1143 3134 1258 3189 Καὶ
1281 3135 1393 3208 γὰρ
1421 3138 1556 3209 παρ’
1592 3139 1724 3211 ύμῖν
1759 3139 1966 3213 ζωτικὴ

364 3229 582 3298 ποιότης
614 3228 724 3282 καὶ
757 3226 1071 3298 άρῤευστος
1105 3228 1205 3298 τῆς
1240 3227 1608 3301 θεοπρεποῦς,
1636 3231 1758 3304 ἢτοι
1783 3233 1964 3288 θεοτε-

349 3321 476 3387 λούς
522 3322 772 3394 ἀγάπης
813 3321 1256 3395 ένθεωρουμένη,
1286 3323 1382 3378 καὶ
1409 3322 1603 3396 ὥσπερ
1638 3325 1704 3379 ἐκ
1736 3325 1964 3398 διδύμου

349 3415 448 3468 καὶ
474 3414 673 3486 ζώσης
697 3413 894 3486 πηγῆς
914 3413 1026 3468 τῶν
1043 3415 1332 3486 ὑμετέρων
1355 3415 1606 3486 κρυφίως
1627 3415 1964 3491 ἑξαλλομένη

355 3509 728 3580 σπλάγχνων,
765 3511 995 3572 πισταῖς
1028 3507 1382 3582 ὲπαρδομένη
1429 3509 1656 3580 ψυχαῖς,
1707 3510 1969 3582 γονίμους

354 3602 533 3665 αὑτὰς
563 3601 930 3656 ἀποδεικνύει
955 3601 1096 3672 Θεῷ.
1123 3601 1356 3673 Κνῆμαι
1388 3602 1448 3656 δὲ
1474 3601 1570 3656 καὶ
1596 3601 1779 3671 πόδες,
1812 3605 1968 3658 εὐλό-

351 3711 495 3764 γως,
536 3691 725 3765 οἶμαι,
764 3697 861 3750 τοῦ
912 3694 1090 3763 Λόγου
1122 3693 1490 3767 τεθεώρησθε,
1518 3695 1605 3750 ὅτι
1635 3698 1819 3753 πᾶσαν
1867 3699 1968 3772 τὴν

352 3788 462 3861 γῆν
513 3787 767 3844 διαθέων
800 3790 860 3840 ἐν
894 3787 1048 3856 ύμῖν,
1085 3789 1186 3842 καὶ
1227 3789 1409 3844 πάσαν
1465 3787 1676 3861 βροτῶν
1726 3789 1969 3846 διάνοιαν

357 3882 559 3945 ἐπιὼν,
591 3881 740 3952 πρὸς
764 3880 868 3952 τὴν
925 3882 1028 3952 τῆς
1059 3881 1328 3954 ἀληθείας
1376 3879 1683 3950 ἐπίγνωσιν
1715 3881 1786 3937 δι’
1813 3869 1971 3956 ὑμῶν

359 3977 734 4049 χειραγωγεῖ.

437 4065 648 4136 Ὑμεῖς
679 4063 857 4127 ὅντως
895 4063 1042 4130 ἐστὲ,
1073 4064 1218 4120 κατὰ
1268 4063 1361 4119 τὸν
1393 4065 1542 4138 ἱερὸν
1585 4069 1886 4139 Ζαχαρίαν,
1917 4071 1968 4122 οἱ

360 4160 456 4214 δύο
486 4160 607 4214 τῶν
657 4159 866 4214 ἐλαιῶν
894 4159 1103 4224 κλάδοι,
1136 4160 1202 4212 ἐκ
1223 4158 1418 4226 δεξιῶν
1445 4176 1507 4214 τε
1541 4162 1638 4215 καὶ
1670 4161 1970 4234 εὐωνύμων

359 4257 428 4326 τῇ
480 4255 671 4326 χρυσῇ
717 4252 935 4325 λυχνίᾳ,
975 4256 1043 4326 τῇ
1090 4251 1392 4324 Ἐκκλησία
1437 4253 1504 4324 δὴ
1535 4254 1705 4323 λέγω,
1748 4258 1844 4311 καὶ
1891 4256 1970 4328 τῷ

369 4347 454 4399 ἐπ’
487 4347 672 4416 αὐτῆς
703 4345 1004 4417 λαμπαδίῳ
1029 4345 1256 4418 Χριστῷ
1283 4349 1704 4416 παρεστηκότες
1724 4363 1742 4381 θ
1769 4349 1820 4402 οί
1852 4348 1969 4417 δύο,

378 4439 494 4490 κατ’
534 4440 704 4492 αὐτὸν
756 4438 958 4502 εἰπεῖν,
1008 4437 1111 4509 τῆς
1162 4439 1420 4510 πιότητος
1469 4440 1614 4508 υἱοὶ,
1665 4440 1742 4514 τῷ
1778 4443 1969 4516 Κυρίῳ

382 4529 563 4595 πάσης·
586 4530 943 4602 παρίστασθε
968 4531 1069 4602 τῆς
1097 4531 1228 4602 γῆς.

455 4620 631 4691 Ὑμνίς
669 4622 776 4674 καὶ
825 4621 882 4675 αἱ
926 4620 1023 4677 δύο
1079 4621 1290 4692 ῥάϐδοι,
1353 4620 1420 4687 ἃς
1467 4620 1651 4693 ἑαυτῷ
1701 4621 1972 4694 λήψεσθαι

365 4731 538 4785 φησιν
570 4715 603 4769 6
633 4713 873 4786 Κύριος,
903 4714 1060 4786 παρὰ
1095 4713 1176 4785 τῷ
1205 4713 1378 4783 αὐτῷ,
1421 4715 1969 4787 προϋπογράφουσιν.

363 4800 467 4861 Ὧν
498 4806 608 4878 τὴν
640 4806 748 4877 μὲν
790 4805 1012 4872 κάλλος,
1059 4805 1149 4862 διὰ
1180 4809 1243 4860 τὸ
1283 4807 1387 4877 τῆς
1429 4807 1609 4878 ψυχῆς
1644 4806 1972 4876 περικαλλέ-

361 4915 612 4955 στατον·
653 4897 956 4969 σχοίνισμα
1003 4897 1188 4968 δὲτὴν
1234 4899 1453 4970 ὲτέραν,
1484 4897 1561 4962 ὡς
1604 4898 1740 4952 ίόίαν
1777 4897 1974 4969 μερίδα

361 4991 813 5059 κατωνόμασενο
861 4993 921 5044 ὲν
956 4984 1047 5055 αῖς
1097 4992 1195 5046 καὶ⁸
1249 4991 1318 5045 τὰ
1361 4991 1615 5063 πρόϐατα
1669 4991 1974 5064 ποιμαίνει,

370 5085 460 5135 καὶ
489 5081 603 5152 τὴν
633 5079 930 5153 διαθήκην,
966 5082 1033 5150 ἢν
1059 5081 1198 5152 πρὸς
1229 5084 1359 5147 τοὺς
1386 5081 1552 5148 λαοὺς
1590 5081 1819 5149 διέθετο,
1855 5083 1975 5138 δια-

377 5174 674 5227 σκεδάσειν
734 5172 1165 5242 ἐπαγγέλλεταιο
1215 5174 1375 5245 δῆλον
1401 5176 1482 5230 ὅτι
1533 5176 1626 5230 τὸν
1667 5175 1834 5248 νόμον
1875 5175 1970 5232 τοῦ

372 5268 749 5336 γράμματος,
779 5263 870 5318 διὰ
911 5267 1005 5319 τὸν
1044 5263 1143 5319 τοῦ
1183 5265 1498 5336 πνεύματος
1538 5267 1704 5338 νόμον
1736 5267 1967 5322 ἀθετῶν.

2060 1955 2171 2009 que
2198 1954 2321 2009 quas
2354 1945 2738 1995 remanserant
2786 1938 2938 2010 gregi
2988 1937 3292 1994 inferentes
3343 1946 3509 2006 atque
3561 1952 3658 1992 su-

2062 2031 2253 2102 pernis
2303 2031 2478 2088 caulis
2513 2031 2898 2097 includentes;
2953 2046 3170 2100 proque
3222 2029 3352 2095 illis,
3389 2045 3557 2086 cruce
3597 2044 3662 2084 ac

2063 2130 2264 2190 morte,
2312 2123 2533 2178 Domini
2584 2124 2860 2193 exemplo,
2916 2123 3020 2193 ipsi
3072 2138 3172 2177 vos
3216 2123 3365 2192 ipsos
3414 2122 3660 2177 sanctiﬁ-

2062 2229 2252 2276 cantes
2273 2221 2342 2276 ‘°.
2379 2221 2557 2278 Ubera
2591 2236 2724 2276 vero
2757 2237 2866 2275 non
2911 2235 2979 2276 eo
3027 2221 3168 2275 lacte
3212 2219 3308 2290 qui
3340 2219 3396 2273 in
3437 2233 3662 2274 sensum

2064 2311 2232 2378 cadit,
2288 2312 2384 2368 sed
2433 2311 2690 2383 spiritali,
2738 2311 3041 2367 Ecclesiam
3085 2310 3321 2378 alcntia;
3353 2324 3418 2364 ac
3455 2309 3662 2364 nedum

2063 2406 2150 2462 lac
2199 2405 2530 2479 (doctrinam
2591 2405 2802 2462 scilicet
2845 2402 3300 2459 rudimentariam
3343 2411 3509 2472 atque
3552 2401 3664 2456 illis

2063 2495 2159 2566 qui
2191 2495 2529 2551 inducuntur
2575 2494 3023 2566 convenientem)
3074 2493 3413 2565 colligentia,
3462 2491 3559 2547 sed
3605 2498 3665 2546 et

2063 2589 2255 2644 vinum
2318 2589 2583 2660 (solidam
2640 2588 2853 2644 scilicet
2911 2587 3230 2660 dogmatum
3285 2585 3662 2657 epulationem

2065 2696 2130 2738 ac
2163 2681 2442 2752 perfectos
2472 2680 2761 2737 decentem
2797 2679 3150 2752 theologiam)
3180 2677 3480 2734 allluentia.

2135 2873 2241 2942 Qui
2283 2889 2382 2930 vos
2414 2875 2627 2930 viscera
2671 2875 3030 2946 geminosque
3070 2888 3254 2939 renes,
3290 2885 3564 2941 coxasque
3595 2883 3662 2926 ac

2065 2983 2233 3022 crura
2265 2967 2432 3033 dicat,
2473 2968 2706 3038 ejusque
2745 2967 2841 3036 qui
2885 2981 3106 3022 carnem
3140 2965 3440 3034 assumpsit
3464 2977 3663 3032 super-

2067 3058 2446 3117 substantialis
2497 3057 2799 3130 Maiestatis
2844 3057 3016 3128 pedes
3061 3057 3214 3120 velit,
3260 3055 3408 3110 haud
3456 3064 3592 3124 puto
3628 3068 3666 3111 a

2069 3152 2267 3208 decore
2295 3151 2589 3207 erraverit.
2623 3151 2783 3222 Apud
2812 3165 2911 3206 vos
2940 3149 3090 3204 enim
3122 3149 3305 3204 vitalis
3326 3157 3382 3204 ct
3406 3148 3665 3204 ineliluxa

2067 3245 2270 3301 divine
2300 3259 2399 3300 seu
2427 3241 2638 3300 deiﬁcae
2666 3242 2956 3300 charitatis
2993 3241 3275 3298 intellecta
3312 3240 3569 3311 qualitas,
3598 3253 3666 3296 ac

2065 3337 2217 3392 velut
2263 3352 2333 3393 ex
2378 3337 2598 3409 gemino
2647 3337 2886 3406 vivoque
2933 3335 3164 3401 fonte,e
3207 3335 3410 3391 vestris
3449 3334 3666 3391 occulte

2067 3429 2397 3494 visceribus,
2441 3428 2698 3485 ﬁdelibus
2740 3429 2988 3485 irrorans
3015 3426 3214 3482 animis
3249 3427 3423 3498 iisque
3467 3426 3662 3494 all'usa,

2066 3521 2338 3578 fecundos
2380 3521 2494 3578 Deo
2516 3521 2720 3578 reddit.
2757 3520 2936 3578 Crura
2967 3537 3102 3577 vero
3137 3536 3201 3576 ac
3225 3523 3391 3592 pedes
3421 3535 3665 3591 congrue

2067 3626 2204 3688 puto
2231 3615 2402 3672 Verbi
2438 3613 2843 3686 intelligamini,
2884 3611 3031 3683 quod
3063 3612 3243 3683 ipsum
3269 3613 3324 3667 in
3348 3612 3506 3668 vobis
3535 3611 3665 3666 uni-

2067 3724 2286 3765 versam
2321 3722 2658 3778 percurrens
2699 3717 2926 3774 terram,
2975 3722 3307 3777 omnemque
3346 3705 3665 3761 mortalium

2069 3810 2310 3855 mentem
2337 3800 2600 3864 lustrans,
2635 3799 2705 3855 ad
2741 3799 2995 3856 veritatis
3020 3801 3270 3855 notitiam
3313 3809 3500 3854 vestro
3546 3813 3670 3853 mu-

2069 3909 2202 3947 nere
2237 3901 2402 3962 atque
2431 3907 2600 3962 opera
2626 3891 2800 3947 ducit.

2145 4069 2250 4124 Vos
2277 4082 2489 4135 revera,
2521 4067 2896 4125 sacratissimo
2919 4067 3186 4124 Zacharia
3212 4077 3440 4123 auctore
3462 4068 3529 4135 θ’,
3550 4066 3664 4121 duo

2069 4162 2341 4218 olivarum
2398 4153 2576 4226 rami,
2622 4176 2654 4216 a
2699 4159 2911 4216 dextris
2957 4169 3122 4231 atque
3173 4157 3446 4222 sinistris,
3493 4171 3664 4212 aureo

2073 4254 2408 4312 candelabro
2442 4252 2724 4316 (Ecclesia;
2764 4250 3002 4321 scilicet)
3035 4251 3200 4322 eique
3239 4249 3508 4320 impositae
3531 4249 3669 4304 lam-

2073 4350 2199 4420 padi
2229 4348 2450 4419 (nempe
2468 4345 2710 4416 Christo)
2736 4346 2935 4418 positi;
2962 4345 3095 4409 duo,
3127 4352 3191 4400 ut
3222 4344 3364 4400 idem
3396 4343 3665 4413 loquitur,

2076 4442 2173 4497 lilii
2250 4439 2640 4512 pinguedinis,
2699 4439 3022 4495 assistentes
3090 4437 3326 4493 Domino
3395 4435 3668 4492 universa:

1991 4543 2046 4603 D
2074 4547 2254 4594 terrae.

2152 4625 2261 4682 Vos
2297 4637 2519 4695 quoque
2545 4622 2670 4678 duae
2709 4621 2911 4692 virgae,
2960 4634 3098 4691 quas
3153 4618 3262 4674 sibi
3307 4617 3668 4674 assumendas

2077 4718 2222 4790 apud
2254 4715 2512 4772 eumdem
2542 4713 2811 4768 Dominus
2836 4711 2990 4774 dicit,
3023 4709 3400 4782 prmﬁgurant;
3435 4725 3670 4780 quarum

2077 4814 2308 4868 alteram
2341 4809 2602 4866 decorem
2636 4807 2708 4862 ob
2737 4805 2908 4860 animi
2957 4819 3229 4860 summam
3281 4811 3666 4870 venustatem;

2080 4905 2310 4960 alteram
2349 4916 2482 4957 vero
2510 4898 2840 4964 funiculum,
2873 4896 3024 4952 velut
3066 4896 3349 4966 propriam
3383 4911 3674 4965 nuncupa-

2077 4997 2159 5051 vit
2205 5003 2418 5066 partem
2441 4993 2526 5046 c8:
2574 4991 2633 5048 in
2680 4991 2889 5062 quibus
2933 4989 3053 5045 fore
3100 4989 3393 5061 pollicetur
3433 4998 3495 5045 ut
3540 5002 3676 5044 oves

2076 5100 2285 5161 pascat,
2317 5102 2382 5143 ac
2407 5085 2610 5151 foedus,
2642 5083 2790 5156 quod
2819 5098 2946 5139 cum
2977 5083 3195 5155 populis
3218 5084 3524 5155 pepigerat,
3556 5083 3672 5138 dis-

2075 5183 2246 5253 sipet;
2303 5179 2436 5235 dum
2479 5178 2744 5233 nimirum
2804 5178 2982 5249 legem
3040 5177 3258 5242 litterae,
3299 5192 3398 5248 per
3445 5175 3673 5246 spiritus

2074 5273 2249 5344 legem
2301 5273 2550 5343 abrogat.
2605 5269 2761 5338 Quod
2811 5286 3052 5339 namque
3108 5271 3245 5341 legis
3297 5271 3450 5325 cultu
3502 5277 3670 5336 atque

371 5359 480 5413 Καὶ
510 5357 632 5430 γὰρ
680 5356 716 5410 ὃ
745 5359 812 5429 τῇ
838 5357 982 5412 κατὰ
1007 5358 1176 5431 νόμον
1217 5359 1448 5432 λατρεία
1480 5361 1574 5416 καὶ
1614 5363 1728 5426 τοῖς
1781 5362 1964 5427 τύποις

2079 5362 2272 5434 ﬁguris
2315 5362 2530 5434 Moyses
2567 5371 2626 5418 et
2659 5364 2844 5417 Aaron
2893 5359 3195 5430 (paedagogi
3250 5359 3460 5414 scilicet
3505 5365 3670 5425 atque

367 5450 624 5522 Μωῦσῆς
676 5452 960 5522 πεφήνασι
1011 5453 1108 5507 καὶ
1151 5451 1403 5524 Ἀαρὼν,
1439 5453 1788 5524 παιδαγωγοὶ
1837 5456 1977 5528 πρὸς

371 5543 620 5616 Χριστὸν
649 5551 768 5610 τοῖς
804 5545 1028 5600 ἀτελέσι
1056 5547 1367 5616 γεγονότες,
1389 5547 1552 5602 τοῦτό
1581 5566 1644 5618 γε
1669 5548 1736 5618 δὴ
1769 5549 1978 5624 Πέτρος

2081 5457 2344 5513 ductores
2393 5455 2843 5527 imperfectorum
2903 5453 2971 5509 ad
3021 5453 3326 5521 Christum)
3390 5450 3495 5504 hoc
3537 5464 3673 5504 sane

2084 5551 2283 5606 Petrus
2337 5558 2395 5605 et
2442 5550 2646 5605 Paulus
2697 5547 2896 5619 spiritu
2948 5545 3310 5609 exstiterunt;
3374 5542 3673 5612 gratiaeque

428 5731 478 5764 ”
503 5733 524 5787 l
553 5733 692 5789 Cor.
732 5747 815 5796 ιιι,
855 5730 941 5784 l2.
1017 5731 1064 5763 ⁸ο
1085 5730 1278 5786 Matth.
1331 5748 1442 5798 xw,
1488 5732 1587 5796 24;
1617 5731 1750 5788 Luc.
1784 5747 1860 5793 Ix,
1885 5733 1946 5797 5;
1980 5731 2169 5786 Matth.
2223 5748 2295 5798 ιιι,
2327 5732 2430 5799 28;
2466 5747 2621 5801 xvm,
2652 5731 2738 5786 l2.
2818 5731 2863 5762 ⁸⁰
2886 5729 3046 5786 Joan.
3087 5744 3222 5794 xvn,
3253 5729 3343 5785 l9.
3422 5728 3511 5784 “l
3542 5727 3671 5786 Cor.

382 5806 458 5868 lu,
500 5806 576 5868 2;
619 5801 791 5860 Hebr.
827 5818 882 5866 ν,
919 5801 1003 5857 l2.
1075 5805 1120 5834 ⁶¹
1146 5802 1310 5859 Zach.
1351 5819 1421 5870 tv,
1459 5803 1544 5873 l3,
1579 5805 1664 5858 M.

1742 5805 1786 5836 ⁰³
1817 5803 1982 5859 Zacli.
2016 5819 2089 5870 xi,
2119 5805 2170 5856 7.
