4108 6414
565 353 631 421 51
1772 355 2069 417 NICETJE
2105 354 2639 415 PAPHLAGONIS
3761 346 3835 415 52

563 468 923 541 Evangelium
967 466 1357 537 defungentes,
1387 467 1526 538 legis
1560 465 1788 521 umbras
1813 481 1878 520 ac
1913 462 2161 536 ﬁguralia

2268 477 2360 515 και
2408 460 2622 525 Παῦλος
2678 459 2940 531 γεγόνασι
2987 459 3068 532 τῷ
3130 459 3429 532 πνεύματι⁸
3486 462 3583 516 καὶ
3625 459 3688 517 ἰδ
3749 465 3845 534 τῆς

512 562 517 571 “
566 560 825 623 mandata
863 560 921 617 in
956 560 1051 617 illo
1088 560 1361 632 dissipant
1389 568 1556 629 atque
1593 567 1869 614 evertunt.

639 822 967 887 Enimvero,
1011 822 1142 893 quid
1174 823 1290 878 haec
1310 822 1379 877 ad
1400 821 1623 878 laudem
1650 820 1916 877 claritatis
1943 821 2157 894 magni-

570 915 805 972 ﬁcentiae
848 924 1047 971 vestrae
1087 916 1423 972 videantur?
1466 915 1664 972 Certus
1694 915 1841 970 enim
1872 930 2016 981 sum,
2056 929 2157 970 ve-

566 1015 737 1060 stram
765 1005 914 1060 illam
934 1005 1260 1072 claritatem,
1284 1004 1487 1060 nedum
1503 1005 1892 1061 historicorum
1910 1003 2159 1059 omnium

570 1098 963 1154 dexteritatem
1008 1107 1407 1169 oratorumque
1454 1099 1564 1154 vim
1609 1097 1830 1154 dicendi
1869 1097 2157 1165 excedere,

576 1207 772 1246 verum
829 1192 994 1247 etiam
1049 1205 1293 1245 summos
1335 1190 1478 1261 apud
1516 1205 1618 1246 nos
1669 1191 1970 1263 theologos,
2020 1189 2160 1245 nihil

575 1293 757 1339 vestra
799 1283 1023 1355 dignum
1054 1283 1216 1338 laude
1251 1288 1411 1353 posse
1439 1282 1658 1338 eﬂ'erre.
1688 1282 2160 1351 Quemadmodum

571 1377 719 1432 enim
779 1377 965 1431 nullus
1020 1392 1202 1432 sermo
1245 1385 1348 1442 est,
1395 1376 1491 1447 qui
1529 1377 1862 1432 eminentem
1904 1376 2161 1431 omnibus

573 1471 915 1540 majestatem
948 1469 1148 1523 merito
1192 1468 1468 1538 explicare
1509 1467 1745 1523 suﬁiciat
1772 1467 1983 1539 (divina
2009 1466 2161 1522 enim

562 1564 771 1633 gloria,
794 1563 997 1618 nedum
1018 1577 1353 1628 sermonem,
1379 1576 1572 1617 verum
1597 1570 1654 1616 et
1677 1569 1954 1628 mentem;
1982 1575 2162 1631 neque

575 1657 870 1712 humanam
916 1657 1115 1720 solum,
1165 1655 1262 1710 sed
1294 1662 1352 1710 et
1384 1653 1763 1724 Seraphicam,
1795 1654 1955 1725 longe
1997 1669 2162 1724 supe-

576 1752 706 1814 rat),
756 1749 838 1805 sic
883 1763 1103 1819 quoque
1129 1748 1245 1818 ipsa
1277 1764 1492 1812 eorum,
1525 1748 1622 1817 qui
1671 1746 1817 1817 apud
1862 1746 2009 1801 illam
2031 1761 2162 1803 vere

577 1839 723 1893 ﬁrmi
758 1846 1046 1915 steterunt.
1070 1852 1504 1908 supremumque
1534 1836 1685 1892 nacti
1712 1837 1979 1892 honorem
2009 1844 2157 1904 sunt,
2191 1829 2234 1885 B

572 1939 725 1985 tanta
755 1928 975 1984 claritas
1029 1938 1137 1993 est,
1167 1936 1227 1982 ut
1254 1942 1360 1983 nec
1387 1926 1573 1983 verbis
1601 1927 1857 1997 exprimi,
1893 1943 1998 1983 nec
2025 1927 2158 1986 satis

574 2030 760 2077 mente
803 2021 1018 2099 concipi
1061 2021 1273 2092 possit:
1321 2029 1487 2091 atque
1541 2020 1594 2075 id
1644 2021 1898 2093 amplius,
1950 2038 2061 2092 quo
2103 2032 2160 2077 et

574 2115 749 2187 magis
782 2120 1008 2172 accessu
1052 2114 1121 2169 ad
1155 2114 1761 2184 supersubstantialem,
1803 2115 2073 2186 quidquid
2101 2115 2159 2170 in

575 2211 777 2265 creatis
813 2217 917 2275 est,
950 2208 1189 2264 excedit.

558 2308 561 2313 ‘
650 2302 1105 2374 Quandoquidem
1138 2303 1306 2374 igitur
1358 2313 1578 2359 terrena
1623 2302 1806 2358 omnis
1846 2302 2033 2375 lingua
2066 2319 2162 2359 ve-

577 2395 708 2449 stris
731 2395 906 2463 impar
932 2393 1189 2449 laudibus
1211 2403 1315 2459 est,
1339 2394 1436 2449 ubi
1461 2393 1643 2449 adhuc
1679 2409 1854 2463 pauca
1893 2392 2165 2465 adjeceri-

576 2502 720 2551 mus,
756 2486 1064 2557 spirituque
1107 2485 1411 2555 spiritalius
1437 2485 1881 2551 salutaverimus,
1909 2481 2162 2554 magniﬁ-

576 2579 815 2634 centiam
858 2577 1043 2650 gloriaa
1071 2578 1381 2633 sanctitatis
1406 2587 1603 2633 vestrae
1639 2578 1860 2633 silentio
1884 2576 2161 2632 dabimus.

578 2672 815 2737 Salvete,
847 2678 1067 2735 natura,
1096 2670 1148 2725 id
1178 2679 1263 2726 est
1287 2670 1492 2725 deitate
1521 2671 1826 2741 conjunctae
1855 2668 2161 2734 Trinitatis,

575 2777 743 2832 quam
815 2761 1214 2822 annuntiastis,
1268 2776 1332 2815 ac
1383 2761 1842 2832 cujus‘notitiam
1899 2768 2165 2815 creaturae

572 2854 725 2909 omni
768 2852 1053 2919 intulistis,
1089 2852 1451 2908 sacratissimi
1499 2868 1782 2923 praecones
1825 2861 1882 2908 et
1927 2852 2160 2923 apostoli

538 2962 543 2965 ⁷
569 2953 627 2999 et
655 2952 841 2999 testes.

648 3037 895 3104 Salvete,
927 3037 1058 3107 equi
1086 3037 1299 3092 ratione
1330 3043 1625 3105 menteque
1655 3034 1893 3105 praediti,
1925 3033 2166 3105 singula—

2260 553 2486 624 χάριτος
2519 553 2858 622 Εὐαγγέλιον
2890 548 3307 625 ἱερουργοῦντες
3329 594 3345 619 ,
3398 553 3469 608 τά
3504 554 3713 625 σκιώδη
3750 555 3845 610 τοῦ

2261 648 2433 717 νόμου
2466 647 2559 701 καὶ
2588 647 2808 702 τυπικά
2842 647 3290 719 παραγγέλματα
3318 647 3767 716 διασκεδάζουσιν
3789 651 3847 707 ὲν

2268 739 2420 811 αὐτῷ
2461 740 2558 794 καὶ
2593 758 2737 795 κατα
2745 740 2993 811 ργοῦσιν.

2343 832 2508 888 ’Δλλά
2552 833 2606 887 τί
2651 833 2830 889 ταῦτα
2874 835 3010 905 πρὸς
3061 832 3290 889 ἔπαινον
3343 832 3505 905 δόξης
3548 833 3649 904 τῆς
3698 833 3849 906 ὑμῶν

2258 927 2377 980 ἐστι
2415 925 2846 999 μεγαλωσύνης;
2902 925 3173 996 Πείθομαι
3219 925 3351 998 γὰρ,
3390 925 3453 978 οὐ
3497 925 3661 993 μόνον
3694 924 3847 993 λογο-

2259 1020 2489 1093 γράφων
2510 1037 2571 1073 τε
2598 1020 2781 1091 πάσης
2810 1019 3096 1091 περινοίας
3130 1019 3228 1072 καὶ¹
3259 1018 3510 1091 ρητόρων
3541 1017 3845 1087 δυνάμεως,

2260 1112 2361 1182 τὴν
2388 1110 2664 1182 ὑμετέραν
2699 1110 3014 1181 ὑπερῆρθαι
3052 1108 3237 1176 δόξαν,
3266 1108 3406 1163 ἀλλὰ
3441 1108 3538 1162 xui.
3564 1108 3693 1172 τοῦς
3718 1108 3846 1180 παρ’

2261 1205 2395 1275 ἡμῖν
2428 1203 2767 1275 ἀκροτάτους
2798 1201 3108 1270 θεολόγους,
3139 1200 3307 1271 μηδὲν
3342 1200 3521 1253 εἰπεῖν
3564 1198 3713 1266 ἀξιον
3752 1199 3842 1253 δύ-

2262 1298 2461 1352 νασθαι
2491 1295 2594 1367 τῆς
2644 1294 2923 1366 ὑμετέρας
2968 1293 3332 1367 τελειότητος.
3367 1292 3585 1362 ’Ὥσπερ
3612 1292 3722 1362 γὰρ
3746 1293 3841 1346 οὐκ

2263 1391 2380 1445 ἐστι
2436 1389 2597 1459 λόγος
2639 1387 2865 1453 ὲπάξιος
2892 1388 2994 1457 τῆς
3046 1386 3427 1457 ὑπερεχούσης
3457 1385 3837 1456 ὲκφαντορικὸς

2260 1481 2455 1553 δόξηςο
2499 1478 2597 1534 καὶ
2628 1477 2738 1549 γὰρ
2766 1478 2828 1532 οὐ
2860 1477 3024 1546 λόγου
3062 1476 3245 1547 μόνον,
3281 1474 3419 1529 ἀλλὰ
3448 1475 3543 1529 καὶ
3575 1475 3829 1538 διανοίας

2261 1573 2364 1625 οὐκ
2423 1570 2784 1641 ἀνθρωπικῆς
2820 1569 3022 1639 μόνον,
3078 1568 3217 1623 ἀλλά
3286 1568 3381 1622 καὶ
3439 1566 3772 1638 Σεραφικῆς,
3804 1568 3838 1638 ἡ

2264 1663 2385 1731 θεία
2437 1662 2796 1734 μεγαλειότης
2845 1661 3201 1732 ὑπερίδρυται
3235 1677 3250 1692 ο
3286 1659 3431 1713 οὕτω
3463 1644 3690 1712 καὶτῶν
3718 1659 3843 1729 παρ’

2265 1757 2406 1827 αὑτῇ
2454 1755 2700 1826 γνησίως
2740 1754 3067 1825 ἱδρυμένων,
3109 1753 3208 1806 καὶ
3244 1751 3345 1822 τῆς
3390 1751 3656 1807 ἀνωτάτω
3683 1751 3847 1821 τιμῆς

2264 1849 2701 1920 εὐμοιρηκότων,
2725 1846 3107 1918 ἀνέκφραστός
3135 1846 3197 1898 τέ
3220 1846 3337 1899 ἐστι
3367 1844 3462 1898 καὶ
3492 1843 3848 1914 ἀπερινόητος

2265 1943 2299 2013 ἡ
2332 1940 2461 2006 δόξα
2487 1956 2502 1971 ·
2545 1941 2642 1994 καὶ
2693 1939 2934 2010 τοσούτῳ
2982 1938 3170 2003 πλέον,
3220 1938 3332 2008 ὅσῳ
3380 1936 3476 1991 καὶ
3530 1935 3731 2008 μᾶλλον
3783 1937 3847 2006 τῇ

2266 2033 2401 2104 πρὸς
2436 2032 2527 2087 τὸν
2575 2031 2900 2103 ὑπερούσιον
2944 2030 3209 2101 ὲγγύτητι
3259 2029 3361 2100 τὴν
3388 2028 3521 2100 ὃλην
3569 2029 3848 2099 ὑπερανα-

2267 2125 2440 2179 ϐαίνει
2471 2125 2672 2179 κτίσιν.

2340 2299 2671 2368 Τοιγαροῦν,
2728 2298 2921 2369 ἐπειδὴ
2974 2298 3127 2351 πᾶσα
3185 2295 3424 2368 γηγενὴς
3475 2295 3697 2365 γλῶσσα
3751 2296 3853 2368 τῆς

2267 2391 2390 2444 κατ’
2441 2389 2600 2456 ἀξίαν
2652 2388 2939 2457 αἰνέσεωςι
2962 2388 3222 2458 ὑφεῖται,
3288 2387 3467 2460 μικρά
3530 2386 3713 2440 λοιπὸν
3773 2387 3852 2442 ἔτι

2269 2481 2683 2553 προσειπόντες,
2719 2479 2815 2534 καὶ
2856 2478 2937 2551 τῷ
2970 2477 3243 2550 πνεύματι
3276 2476 3685 2549 μυστικώτερον
3710 2494 3852 2532 κατ-

2271 2578 2691 2647 ασπασάμενοι,¹
2726 2577 2852 2646 σιγῇ
2892 2573 2989 2646 τὴν
3021 2572 3502 2644 μεγαλοπρέπειαν
3554 2572 3658 2643 τῆς
3687 2571 3853 2642 δόξης

2268 2672 2371 2740 τῆς
2431 2669 2705 2740 ὑμετέρας
2756 2668 2987 2738 θείημεν
3044 2665 3381 2737 ἁγιωσύνης.
3435 2664 3691 2735 Χαίρετε,
3742 2664 3851 2735 τῆς

2271 2760 2553 2832 τριαδικῆς
2585 2760 2862 2829 συμφυΐας
2900 2758 2933 2829 ἢ
2969 2758 3242 2822 συνθετας,
3273 2759 3372 2829 τῆς
3404 2757 3474 2811 δι’
3520 2755 3671 2827 ὑμῶν
3703 2773 3847 2809 κατ-

2270 2850 2626 2919 αγγελείσης,
2650 2851 2742 2904 καὶ
2767 2849 2913 2921 πάσῃ
2949 2851 3013 2921 τῇ
3045 2848 3595 2919 κτίσειγνωσθείσης,
3614 2845 3848 2918 ἱερώτα-

2268 2960 2353 2996 τοι
2380 2943 2625 3013 κήρυκες
2657 2940 2753 2995 καὶ
2781 2941 3069 2994 ἀπόστολοι
3096 2941 3192 2993 καὶ
3229 2941 3529 3012 μάρτυρες.

2341 3035 2600 3107 Χαίρετε,
2636 3033 2797 3088 ἵπποι
2825 3034 3037 3103 λογικοὶ
3084 3034 3179 3087 καὶ
3207 3035 3406 3105 νοεροὶ,
3450 3033 3725 3087 ἐπίλεκτοι
3756 3032 3851 3087 καὶ

570 3136 707 3190 riter
728 3135 951 3205 Deoque
972 3133 1162 3204 judice
1192 3132 1320 3187 lecti
1344 3148 1409 3187 ac
1437 3130 1637 3187 delecti
1665 3148 1679 3185 :
1708 3146 1818 3186 non
1849 3139 1911 3185 ut
1938 3131 2161 3200 quidam

2274 3126 2568 3192 θεόλεκτοι,
2618 3128 2718 3196 οὐχ
2766 3126 2840 3191 ὥς
2887 3143 3033 3189 τινες
3082 3125 3354 3194 λέγονται,
3386 3124 3487 3197 τὴν
3539 3124 3709 3198 χρόαν
3754 3125 3849 3179 τοῦ

568 3235 873 3293 vocantur,
925 3225 1180 3296 corporis
1233 3224 1419 3280 colore
1470 3223 1598 3278 nive
1644 3223 2010 3285 candidiores,
2064 3221 2163 3277 sed

2268 3219 2521 3289 σώματος
2547 3193 2862 3290 λευκότεροι
2883 3219 3093 3289 χιόνος⁹
3125 3193 3243 3273 ἀλλ’
3273 3219 3418 3289 ὑπὲρ
3441 3193 3618 3290 ἀιόνᾶ,
3657 3221 3719 3289 τῇ
3747 3219 3843 3287 τῆς

572 3333 741 3387 supra
771 3319 955 3372 nivem
983 3318 1155 3371 animi
1187 3317 1428 3387 puritate
1460 3315 1703 3371 nitentes
1724 3315 1807 3368 “z
1854 3331 1957 3369 nec
1997 3330 2165 3369 cursu

569 3414 752 3469 ventis
782 3428 968 3483 pares,
1002 3412 1099 3468 sed
1144 3410 1347 3467 mentis
1394 3410 1684 3464 velocitate
1729 3418 1894 3478 atque
1938 3406 2166 3462 numine

571 3515 865 3559 ventorum
925 3501 1172 3557 volatum
1224 3508 1553 3572 superantes
1596 3515 1610 3551 :
1667 3514 1769 3552 nec
1817 3506 2085 3568 quantum
2135 3509 2166 3550 e

569 3596 791 3666 specula
838 3592 1065 3664 dispicit
1106 3591 1322 3656 oculus,
1362 3598 1578 3646 tantum
1609 3596 1838 3658 repente
1866 3586 2165 3643 subsilien-

548 3704 686 3754 ‘tes,
746 3690 826 3745 uti
882 3698 1047 3759 poeta
1102 3685 1379 3757 loquitur,
1450 3683 1547 3740 sed
1600 3690 1866 3753 quantum
1924 3681 2007 3736 sol
2063 3680 2167 3735 iste

570 3798 769 3853 magna
806 3782 933 3836 luce
988 3778 1399 3850 complectitur,
1446 3785 1753 3832 creaturam
1805 3789 2024 3829 omnem
2060 3773 2168 3827 ful-

569 3875 726 3946 guris
775 3874 947 3928 instar
979 3886 1234 3927 sermone
1297 3853 1703 3941 percurrentes.
1763 3863 1977 3932 Quibus
2022 3865 2167 3920 Deus

567 3966 811 4021 Verbum
835 3964 1173 4027 conscensis,
1211 3971 1272 4017 ut
1296 3960 1545 4031 loquitur
1582 3958 1807 4013 divinus
1834 3957 2162 4022 Ambacum,

569 4057 813 4129 atquein
839 4056 1089 4128 spiritale
1115 4056 1226 4111 hoc
1254 4069 1405 4109 mare
1432 4051 1708 4117 deductis,
1733 4050 1789 4104 in
1814 4050 1973 4105 vobis
1996 4065 2168 4120 aquas

567 4148 772 4205 multas
797 4150 1067 4221 (gentium
1114 4148 1324 4206 scilicet
1373 4146 1611 4216 mentes)
1664 4144 1908 4199 turbavit
1929 4144 1994 4198 ⁸⁵.
2036 4143 2168 4215 Ejus

566 4259 703 4299 vero
773 4234 1093 4313 equitatus,
1169 4256 1366 4297 eorum
1433 4238 1531 4308 qui
1601 4237 1959 4292 turbarentur
2017 4238 2168 4293 salus

567 4336 800 4392 exstitit.

640 4427 891 4495 Salvete,
937 4427 1151 4497 lapides
1195 4426 1461 4496 pretiosi,
1518 4436 1642 4498 post
1684 4426 1838 4480 illum
1892 4438 2167 4479 summum

2265 3311 2446 3383 ψυχῆς
2475 3310 2878 3380 διαλάμποντες
2920 3309 3293 3381 καθαρότητν
3326 3310 3447 3364 οὐδὲ
3496 3310 3590 3364 τὸν
3641 3309 3834 3381 δρόμον

2267 3405 2494 3474 ἀνέμοις
2556 3402 2971 3474 παραπλήσιον
3024 3403 3140 3457 ἀλλ’
3194 3403 3337 3474 ὑπὲρ
3387 3403 3607 3475 ἀνέμων
3649 3402 3837 3472 πτῆσιν

2266 3496 2514 3567 ὀξύτεροι
2545 3498 2611 3568 τῇ
2643 3494 2738 3550 τοῦ
2763 3495 2855 3549 νοῦ
2889 3495 3152 3567 ταχύτητι
3184 3496 3281 3551 καὶ
3320 3496 3572 3568 θεότητι·
3600 3497 3706 3550 οὐδ’
3727 3495 3847 3549 ὅσον

2266 3589 2543 3657 ὀφθαλμὸς
2598 3588 2708 3643 ἀπὸ
2749 3589 2986 3651 σκοπιᾶς
3013 3590 3136 3660 ὁρᾷ,
3186 3588 3444 3643 τοσοῦτον
3474 3588 3690 3661 ἁθρόως
3728 3589 3854 3641 ὲπι-

2271 3682 2638 3751 θρώσκοντες,
2691 3681 2834 3735 κατά
2878 3681 2979 3750 τὴν
3030 3682 3253 3753 ποίησιν
3277 3698 3291 3713 ·
3321 3682 3438 3736 ἀλλ’
3492 3683 3616 3736 ὅσον
3648 3684 3677 3735 ὁ
3703 3682 3857 3752 ἥλιος

2268 3768 2425 3839 οὗτος
2445 3773 2524 3844 τῷ
2559 3774 2781 3844 μεγάλῳ
2811 3775 2952 3843 φωτὶ
2997 3776 3421 3846 περιλαμϐάνει,
3455 3777 3634 3831 κτίσιν
3672 3778 3864 3830 πᾶσαν

2269 3864 2559 3936 ἀστραπῆς
2589 3862 2791 3936 τρόπον
2830 3862 2909 3933 τῷ
2943 3863 3088 3934 λόγῳ
3136 3864 3544 3935 διατρέχοντες·
3583 3862 3672 3933 ἐφ’
3718 3858 3804 3926 οἷς
3836 3864 3865 3915 ὁ

2267 3957 2401 4020 Θεὸς
2433 3955 2625 4025 Λόγος,
2660 3955 2801 4009 κατά
2827 3954 2918 4010 τὸν
2957 3956 3101 4010 θεῖον
3143 3956 3340 4019 ἐπιϐὰς
3380 3956 3731 4026 Ἀμϐακοῦμ,
3767 3956 3870 4009 καὶ

2267 4051 2348 4113 εἰς
2373 4048 2472 4119 τὴν
2505 4047 2702 4118 νοητὴν
2721 4046 2928 4118 ταύτην
2956 4046 3234 4103 θάλασσαν
3259 4048 3608 4113 ἐπιϐιϐάσας,
3634 4050 3695 4102 ὲν
3728 4049 3870 4119 ὑμῖν

2269 4140 2441 4196 ὕδατα
2477 4140 2668 4205 πολλὰ,
2698 4139 2800 4203 τὰς
2823 4140 2932 4193 τῶν
2955 4140 3124 4194 ἐθνῶν
3157 4141 3401 4206 διανοίας
3424 4140 3760 4212 διετάραξεν
3792 4158 3808 4173 ·
3837 4143 3874 4212 ἡ

2269 4232 2511 4291 ἱππασία
2568 4232 2628 4286 δὲ
2682 4231 2873 4286 τούτου
2950 4233 3213 4304 σωτηρίας
3251 4231 3360 4285 τῶν
3429 4234 3879 4305 ταραττομένων

2268 4327 2522 4399 ἐγενήθη.

2339 4421 2600 4491 Χαίρετε,
2635 4420 3012 4493 λίθοιῖῗτίμιοι,
3063 4421 3112 4474 οἱ
3149 4420 3286 4491 μετά
3309 4421 3400 4474 τὸν
3429 4421 3881 4491 ἀκρογωνιαῖον,

566 4519 886 4590 angularem
941 4519 999 4573 in
1056 4519 1323 4589 spiritalis
1383 4517 1514 4574 Sion
1572 4514 2162 4573 fundamentamissi.

2269 4514 2348 4576 εἰς
2366 4514 2436 4567 τὰ
2455 4512 2555 4583 τῆς
2585 4513 2792 4584 νοητῆς
2817 4512 3125 4584 τεθειμένοι
3149 4513 3380 4584 θεμέλια
3405 4513 3563 4567 Σιών.
3588 4514 3883 4585 Χαίρετε,

567 4613 809 4679 Salvete,
834 4611 1182 4668 venerabiles
1208 4611 1306 4666 Dei
1335 4611 1505 4677 servi,
1531 4611 1737 4667 ChriSti
1762 4609 1952 4664 ﬁdeles
1981 4608 2166 4673 amici,

565 4705 786 4762 Domini
841 4704 1081 4775 Spiritus
1140 4705 1284 4759 sacri
1345 4703 1536 4769 liberi,
1592 4703 1916 4773 angelorum
1971 4700 2166 4771 gloria,

2265 4604 2360 4658 τοῦ
2397 4604 2531 4657 Θεοῦ
2565 4606 2756 4658 σεπτοὶ
2783 4605 2980 4672 δοῦλοι,
3021 4607 3118 4659 τοῦ
3164 4605 3407 4678 Χριστοῦ
3453 4607 3639 4660 πιστοὶ
3686 4608 3885 4677 φίλοι,

2268 4697 2366 4751 τοῦ
2414 4697 2624 4766 Κυρίου
2663 4695 2983 4768 Πνεύματος
3016 4697 3141 4769 ἱερὰ
3169 4699 3355 4762 τέκνα,
3400 4697 3511 4751 τῶν
3576 4698 3892 4768 ’Δγγέλων

565 4794 1025 4866 archangelorum
1058 4794 1200 4855 laus,
1250 4793 1670 4861 Principaluum
1702 4790 2031 4852 sublimitas.
2065 4791 2163 4846 Po-

2268 4788 2412 4854 δόξα,
2443 4787 2553 4840 τῶν
2586 4789 2971 4858 Ἀρχαγγέλων
3018 4790 3263 4856 ἔπαινος,
3305 4789 3416 4843 τῶν
3454 4789 3669 4861 Ἀρχῶν
3708 4792 3889 4862 ὕψω-

569 4894 827 4943 testatum
873 4885 1146 4957 gloriatio.
1198 4884 1481 4940 Virtutum
1528 4884 1870 4954 jucunditas,
1899 4881 2164 4937 Domina-

560 4979 778 5032 tionum
823 4977 1153 5040 exsultatio,
1187 4976 1538 5031 Thronorum
1594 4977 1806 5038 honor,
1862 4973 2165 5029 Cherubim

561 5069 880 5136 oblectatio,
920 5070 1207 5140 Seraphim
1238 5070 1600 5140 pulchritudo
1638 5079 1695 5126 et
1731 5070 1900 5125 decor
1918 5070 1985 5124 ⁸⁸.

631 5248 874 5314 Salvete,
906 5248 1115 5304 diaboli
1156 5247 1554 5313 destructores,
1605 5247 1925 5302 hominibus
1967 5262 2164 5303 mune-

559 5357 684 5395 rum
740 5341 879 5412 largi
932 5340 1284 5411 praehitores,
1340 5340 1550 5395 erroris
1597 5339 1870 5404 vindices,
1915 5338 2165 5392 veritatis

561 5431 804 5501 patroni,
840 5431 1116 5487 idolorum
1145 5430 1477 5493 destructio,
1504 5429 1793 5483 Trinitatis
1817 5429 2155 5498 praedicatio,

563 5520 845 5579 haereseon
891 5525 1145 5589 abolitio,
1189 5534 1543 5594 peccatorum
1586 5521 1937 5593 prepitiatio;
1965 5538 2157 5578 eorum

2267 4900 2363 4952 μα,
2396 4881 2504 4936 τῶν
2558 4880 2847 4946 Ἐξουσιῶν
2897 4885 3181 4956 καύχημα,
3212 4885 3321 4938 τῶν
3370 4884 3669 4955 Δυνάμεων
3724 4886 3898 4959 θυμ-

2236 4975 2430 5044 ρηδία,
2500 4973 2609 5027 τῶν
2672 4976 3022 5049 Κυριοτήτων
3071 4977 3427 5046 ἀγαλλίαμα,
3473 4978 3584 5033 τῶν
3631 4978 3901 5050 Θρόνων

2267 5067 2426 5137 τιμὴ,
2453 5067 2561 5120 τῶν
2588 5067 2903 5139 Χερουϐεὶμ
2937 5069 3215 5141 τερπωλὴ,
3237 5069 3348 5124 τῶν
3374 5068 3668 5142 Σεραφεὶμ
3734 5073 3903 5128 καλ-

2270 5155 2422 5211 λονή.

2340 5175 2359 5210 ν
2406 5197 2422 5211 .

2340 5173 2596 5319 ἒαίρετε,
2636 5250 2882 5306 διαϐόλου
2906 5253 3252 5325 καθαιρέται,
3279 5252 3585 5323 ἀνθρώπων
3614 5253 3868 5326 εὐεργέ
3885 5288 3906 5299 -

2265 5357 2377 5402 ται,
2415 5340 2623 5413 πλάνης
2656 5342 2939 5409 ἀντίδικοι,
2978 5345 3240 5416 ἀληθείας
3274 5347 3587 5425 συνήγοροι,
3612 5348 3910 5405 εἰδώλων

2268 5434 2606 5506 καθαίρεσις,
2633 5436 2865 5507 Τριάδος
2883 5439 3210 5511 ἀνάρρησις,
3232 5441 3499 5513 αἱρέσεων
3515 5443 3909 5515 ἀφανισμὸς,

2270 5523 2559 5596 ἁμαρτιῶν
2591 5525 2838 5595 ἱλασμός,
2868 5528 2980 5582 τῶν
3013 5529 3436 5600 παλαιουμένων
3473 5535 3911 5605 καταστροφὴ,

564 5628 689 5681 qua).
745 5624 1069 5673 veterantur
1125 5618 1366 5683 eversio,
1419 5631 1613 5670 eorum
1663 5631 1786 5685 quae
1824 5615 2158 5670 innovantur

2268 5617 2376 5670 τῶν
2442 5618 2924 5690 ἀνακαινουμένων
2977 5622 3310 5694 ἐπιστροφὴ,
3373 5623 3471 5679 τοῦ
3517 5622 3915 5697 γράμματος

565 5708 891 5762 conversio:
920 5712 1119 5769 litterae
1154 5711 1465 5777 deStitutio,
1497 5710 1725 5781 spiritus
1750 5709 2116 5766 confirmatio.

2267 5712 2553 5781 ἀθετηταὶ,
2586 5714 2681 5767 τοῦ
2714 5718 3029 5789 πνεύματος
3053 5719 3318 5790 κυρωταί.

650 5820 699 5858 ⁵⁸
718 5823 925 5884 Thren.
959 5847 1032 5898 tv,
1065 5832 1116 5885 7.
1194 5833 1240 5865 ⁸⁸
1267 5831 1471 5888 llabac.
1507 5848 1586 5900 ιιι,
1625 5831 1676 5885 8.
1757 5830 1921 5887 “lsa.
1953 5847 2133 5901 xxvm,

2268 5850 2278 5900 ',
2314 5832 2358 5888 II
2402 5833 2527 5891 Cor.
2562 5852 2642 5903 ιιι,
2680 5836 2761 5891 l7.
