4108 6432
335 326 401 389 .’›3
1249 325 1534 387 ORATIO
1569 325 1665 387 IV.
1707 348 1778 361 -·
1807 323 1889 384 ΙΝ
1930 325 1957 384 I

2061 321 2249 383 IDEM
2289 322 2352 383 S‘.
2397 319 2751 381 ANDREAS.
3551 317 3623 384 54

410 440 665 512 Χαίρετε,
694 436 812 491 τῶν
854 436 1204 508 Ἐκκλησιῶν
1235 438 1556 504 ἀνάστασις,
1582 437 1694 492 τῶν
1717 438 1923 509 κατεῤ-
1952 488 1957 496 η

2101 434 2344 501 Salvete,
2385 432 2769 488 Ecclesiarum
2803 428 3085 494 excitetio,
3126 429 3400 486 elisorum
3423 429 3637 486 instau-

351 532 622 607 papr
646 532 988 601 ἀνάκτησις,
1003 530 1114 585 τῶν
1137 530 1578 603 ἀπηλπισμένων
1607 530 1933 600 ἀνάκλησις,

345 630 439 682 τῶν
456 629 516 680 ὲν
547 624 745 688 πόνοις
776 625 1127 698 παρηγορία,
1155 625 1265 679 τῶν
1297 626 1356 679 ὲν
1396 623 1597 678 πάθεσι
1642 623 1934 696 θεραπεία,

340 720 435 775 τῶν
458 722 523 774 ὲν
548 717 752 771 πένθει
782 717 1143 789 παραμυθία,
1173 717 1282 772 τῶν
1329 717 1744 790 χειμαζομένων
1772 716 1937 788 λιμὴν

336 810 602 882 ἀεφαλὴς,
633 810 757 865 τῶν
802 811 1129 882 πενομένων
1176 811 1408 876 πλοῦτος
1458 809 1776 882 ἀνελλιπὴς,
1828 808 1937 863 τῶν

334 904 716 959 πλουτούντων
792 903 1088 975 ἀντίληψις
1124 903 1394 975 ἀψευδὴς,
1450 902 1561 957 τῶν
1614 901 1939 973 ὀφειλόντων

330 997 622 1067 ἐγγυηταὶ,
656 993 780 1049 τῶν
811 995 1144 1066 σωζομένων
1171 994 1564 1070 προασπισταί.

393 1090 639 1160 Χαίρετε
671 1091 782 1146 καὶ
811 1088 1178 1163 εὐφραίνεσθε
1206 1128 1225 1156 ,
1277 1088 1520 1161 οὐρανοὶ,
1554 1088 1674 1161 ἅμα
1699 1089 1777 1161 τῷ
1811 1090 1940 1163 ὑμῖν

341 1178 419 1238 οἷα
439 1183 619 1255 θρόνῳ
647 1184 997 1257 θεοπρεπῶς
1021 1184 1374 1255 ὲποχουμένῳ
1392 1200 1407 1214 ο
1439 1184 1661 1255 οὐρανοὶ
1692 1183 1825 1238 θεῖοι
1843 1186 1942 1240 καὶ

347 1278 532 1349 νοητοὶ,
573 1276 679 1330 καὶ
710 1276 829 1346 τῆς
860 1278 921 1329 ὲν
949 1277 1204 1347 οὐρανοῖς
1237 1275 1565 1347 Ἐκκλησίας
1597 1277 1943 1347 μυστικώτα-

345 1384 421 1421 τον
457 1366 769 1436 στερέωμα
818 1386 831 1399 ·
888 1367 940 1419 οἰ
986 1366 1088 1437 τὴν
1141 1365 1282 1419 Θεοῦ
1329 1365 1489 1433 δόξαν
1531 1360 1944 1436 μαγαλοφώνως

342 1458 714 1531 διηγούμενοι,
787 1459 893 1511 καὶ
936 1458 1037 1529 τὴν
1087 1457 1197 1510 τῶν
1243 1457 1449 1530 χειρῶν
1496 1457 1661 1513 αὐτοῦ
1724 1458 1944 1529 ποίησιν

345 1551 572 1612 havd»;
606 1548 1063 1617 ἀναγγέλλοντες
1091 1564 1106 1580 ⁸
1138 1540 1213 1603 ὧν
1256 1549 1284 1601 ὁ
1328 1547 1567 1620 φθόγγος
1617 1550 1700 1614 εἰς
1759 1551 1944 1605 πᾶσαν

348 1644 602 1715 λαμπρῶς
629 1642 945 1714 ἐξελήλυθε
998 1642 1096 1714 τὴν
1124 1645 1253 1713 γῆν,
1310 1642 1407 1698 καὶ
1451 1644 1563 1698 τῶν
1614 1643 1879 1716 ῥημάτων
1909 1645 1944 1717 ἡ

346 1737 558 1807 εὔναμις
581 1737 664 1800 εἰς
692 1734 777 1789 τὰ
800 1735 1028 1807 πέρατα
1046 1735 1306 1807 διέδραμε
1324 1735 1427 1804 τῆς
1457 1735 1808 1808 οἰκουμένης.

403 1827 617 1897 Ὠσπερ
658 1821 762 1880 οὖν
804 1824 1131 1894 ἀφ’λὺμῶν,
1182 1825 1216 1897 ἢ
1269 1825 1336 1879 δι’
1378 1825 1533 1897 ὑμῶν
1586 1828 1620 1897 ή
1675 1827 1943 1898 θεαρχικὴ

333 1922 491 1992 χᾱρις
532 1924 653 1984 τοῖς
691 1921 946 1990 πέρασιν
972 1920 1259 1990 ἐξήχηται,
1293 1919 1438 1973 οὕτω
1465 1920 1560 1975 καὶ
1591 1918 1764 1987 δεξιὸν
1792 1922 1947 1984 τέλος

338 2015 493 2083 ipsi;
535 2015 606 2081 τῇ
652 2010 815 2081 δεξιᾷ
864 2009 1245 2065 καταϐάλλετε
1288 2010 1456 2081 ἀρχῇ,
1500 2009 1598 2065 καὶ
1651 2010 1744 2066 τὸν
1804 2011 1948 2064 θεῖον

338 2104 501 2173 λόγον
532 2106 651 2168 τοῖς
692 2107 875 2158 πᾶσιν
908 2103 1095 2158 ἔθνεσι
1123 2102 1508 2177 κρατύνοντες,
1538 2104 1639 2174 τὴν
1673 2103 1827 2175 ἰερὰν
1855 2104 1948 2159 πί-

351 2213 466 2248 στιν
498 2196 562 2249 ὲν
602 2196 782 2266 τούτῳ
815 2192 1172 2265 βεδαιώσατε
1193 2213 1206 2228 ·
1253 2194 1381 2258 τοὺς
1408 2193 1801 2266 πλανωμένους
1826 2197 1949 2251 ἐπι-

365 2287 666 2357 στρέψατε,
687 2289 808 2348 τοὶς
838 2286 1190 2357 ἀμφιϐόλους
1214 2286 1529 2358 στηρίξατε,
1561 2288 1689 2351 τοὺς
1715 2288 1950 2354 ἀναιδῶς

366 2380 703 2444 ἀθετοῦντας
729 2378 1058 2449 διορθώσατε
1089 2379 1122 2450 ἢ
1156 2379 1407 2432 ὲκτίλατε
1428 2396 1442 2410 ·
1477 2380 1575 2433 καὶ
1600 2380 1727 2443 τοὺς
1756 2380 1856 2450 μὲν
1876 2381 1953 2452 τῷ

356 2473 615 2544 ὑμετέρῳ
638 2473 819 2526 κανόνι
852 2462 1241 2541 στοι’χοῦντας,
1270 2470 1544 2542 ἑδραίους,
1569 2472 1955 2542 ἀμετακλινεῖς

342 2568 468 2628 ταῖς
509 2565 692 2635 ἱεραῖς
738 2564 1131 2634 συντηρήσατε
1175 2562 1597 2632 θεσμοθεσίαιςο
1625 2562 1724 2626 τὰς
1747 2563 1873 2626 ὅλας
1899 2564 1956 2617 δὲ

339 2660 451 2711 τῶν
502 2656 719 2711 πιστῶν
749 2657 1075 2728 ὁμηγύρεις
1106 2658 1173 2727 τῇ
1204 2656 1502 2728 ὁλοκληρίᾳ
1541 2655 1636 2710 τοῦ
1668 2654 1814 2709 θείου
1852 2656 1957 2709 σώ-

342 2768 516 2821 ματος
560 2752 626 2803 ἐν
654 2750 811 2821 ἁγίῳ
840 2747 1130 2820 Πνεῦματι
1184 2749 1523 2815 συνδέοντες,
1569 2751 1633 2804 τὸ
1681 2746 1958 2823 πλήρωμα

347 2848 443 2914 τῆς
472 2844 832 2915 Ἕκκλησίας
855 2843 981 2898 ὅλον
1009 2844 1090 2908 εἰς
1121 2842 1221 2896 ἕνα
1247 2843 1437 2899 καινὸν
1480 2844 1803 2917 ἄνθρωπον,
1828 2841 1890 2900 οὗ
1923 2848 1958 2918 ἡ

348 2938 553 3010 nauli;
590 2936 898 3007 Χριστὸς,
952 2932 1325 3005 καταρτίσατε
1383 2937 1479 2990 καὶ
1550 2938 1956 3010 συναρμόσατεο

361 3031 582 3099 πόλεμον
606 3030 675 3082 δὲ
709 3029 821 3082 καὶ
841 3028 989 3082 ὅπλα
1016 3029 1195 3082 πάντα
1222 3027 1543 3099 πρεσϐείαις
1569 3030 1597 3083 ὑ
1607 3030 1726 3100 μῶν
1745 3031 1962 3094 δεκταῖς

2039 527 2202 594 ratio,
2250 525 2670 597 desperatorum
2709 522 3018 586 revocatio,
3066 522 3440 579 laborantium
3490 524 3640 579 refe-

2039 623 2181 688 ctio,
2246 636 2522 694 agrorum
2593 620 2845 683 curatio,
2912 618 3221 689 lugentium
3291 616 3637 682 consolatio,

2038 731 2234 773 eorum
2295 715 2393 786 qui
2442 722 2770 785 tempestate
2834 712 3114 783 jactantur
3180 716 3300 765 tuta
3363 710 3527 766 statio
3573 724 3641 765 ac

2040 818 2236 882 portus
2288 823 2602 880 pauperum
2652 804 3039 861 indeﬁcientes
3097 802 3344 870 divitia,
3403 802 3638 859 divitum

2038 917 2173 959 vera
2218 898 2494 965 defensio,
2549 899 2868 955 debitorum
2926 910 3243 966 sponsores,
3294 911 3489 953 eorum
3538 898 3635 966 qui

2041 997 2275 1055 salutem
2296 1003 2493 1067 parant
2511 995 2857 1051 defensores.

2113 1091 2333 1148 Salvete
2362 1100 2421 1147 et
2445 1090 2736 1156 exsultate,
2760 1090 2909 1157 cali,
2930 1105 3038 1146 una
3067 1104 3192 1145 cum
3216 1101 3304 1154 eo,
3335 1087 3429 1158 qui
3453 1086 3640 1143 divina

2043 1185 2101 1241 in
2128 1184 2289 1241 vobis
2314 1181 2722 1255 magniﬁcentia
2746 1184 2903 1253 quasi
2928 1183 2985 1238 in
3018 1183 3221 1237 throno
3254 1179 3428 1236 sedet.
3454 1178 3641 1234 Divini

2044 1279 2171 1336 cali
2218 1285 2274 1334 et
2314 1277 2633 1348 spiritales;
2670 1277 2904 1348 ejusque
2931 1274 3216 1338 Ecclesia,
3255 1288 3378 1344 qua
3406 1272 3462 1327 in
3486 1270 3643 1327 calin

2043 1380 2159 1439 est,
2231 1371 2670 1428 sacratissimum
2734 1369 3139 1424 ﬁrmamentum
3168 1368 3267 1422 δτι
3332 1365 3490 1429 coeli,
3543 1364 3644 1419 Dei

2046 1465 2283 1538 gloriam
2330 1466 2444 1520 alto
2493 1463 2654 1519 vocis
2689 1471 3014 1519 enarrantes
3056 1460 3372 1533 praconio,
3411 1460 3645 1531 ejusque

2045 1574 2188 1629 opus
2222 1573 2486 1612 manuum
2517 1555 2724 1628 iugiter
2747 1554 3144 1609 an'nuntiantes
3169 1570 3183 1607 :
3213 1568 3451 1623 quorum
3476 1565 3647 1606 sonus

2048 1651 2102 1705 in
2134 1664 2357 1705 omnem
2399 1648 2545 1703 clare
2586 1646 2758 1702 exivit
2796 1654 3020 1711 terram,
3050 1660 3115 1701 ac
3146 1644 3448 1699 verborum
3478 1642 3569 1697 vis
3588 1642 3645 1696 in

2049 1741 2187 1797 ﬁnes
2218 1739 2372 1796 orbis
2403 1737 2668 1794 excurrit.

2120 1834 2599 1903 Quemadmodum
2645 1831 2813 1904 igitur
2837 1847 2869 1887 a
2894 1831 3075 1896 vobis,
3107 1837 3406 1899 vestraque
3452 1841 3643 1896 opera,

2049 1927 2237 1983 divina
2267 1925 2455 1997 gratia,
2485 1922 2691 1978 finibus
2734 1921 3003 1988 insonuit,
3045 1920 3127 1976 sic
3158 1932 3379 1990 quoque
3403 1916 3648 1972 faustum

2050 2021 2241 2077 fausto
2264 2019 2429 2074 initio
2469 2016 2635 2073 ﬁnem
2684 2015 2974 2082 adhibete,
3027 2012 3392 2082 divinumque
3432 2024 3648 2065 sermo-

2052 2130 2178 2171 nem
2225 2113 2443 2170 cunctis
2483 2110 2807 2167 nationibus
2858 2109 3176 2172 ﬁrmantes,
3229 2119 3446 2162 sacram
3477 2103 3541 2157 in
3582 2117 3650 2156 ce

2055 2208 2218 2264 ﬁdem
2240 2206 2585 2263 conﬁrmate.
2614 2204 2881 2261 Errantes
2901 2200 3232 2264 convertite,
3254 2198 3455 2254 dubios
3477 2196 3647 2251 animi

2055 2301 2319 2367 solidate,
2381 2297 2735 2370 impudenter
2803 2301 3129 2367 spernentes
3196 2291 3489 2349 emendate
3553 2299 3650 2343 aut

2054 2394 2275 2451 evellite
2318 2410 2332 2448 :
2394 2406 2460 2448 ac
2514 2406 2613 2447 eos
2668 2388 2892 2461 quidem
2947 2387 3044 2458 qui
3100 2393 3345 2442 vestram
3402 2380 3648 2454 regulam

2057 2492 2400 2556 sequuntur,
2465 2482 2656 2537 ﬁrmos
2711 2478 3128 2536 indeclinabiles
3181 2476 3382 2533 vestris
3433 2474 3654 2545 legibus

2057 2586 2420 2633 conservate:
2455 2575 2856 2645 universasque
2888 2571 3134 2627 ﬁdelium
3173 2570 3452 2630 collectas,
3478 2566 3654 2622 divini

2060 2668 2302 2739 Spiritus
2346 2666 2664 2739 integritate
2706 2665 2763 2719 in
2805 2671 2997 2720 sancto
3045 2661 3256 2733 Spiritu
3305 2661 3510 2715 arctius
3541 2659 3656 2715 col-

2061 2761 2315 2832 ligantes,
2369 2758 2632 2814 Ecclesia
2683 2763 2891 2812 coetum
2945 2769 3163 2809 omnem
3219 2751 3277 2807 in
3330 2766 3506 2806 unum
3554 2764 3656 2804 no—

2060 2866 2191 2907 vum
2236 2849 2539 2912 hominem,
2581 2847 2740 2919 cujus
2774 2853 2942 2916 caput
2986 2844 3263 2907 Christus,
3305 2840 3657 2915 perﬁciteae

2061 2952 2463 3016 coagmentate.
2494 2942 2702 2996 Bellum
2730 2948 2916 2994 autem
2942 2952 3202 3007 armaque
3223 2934 3432 3001 omnia,
3459 2933 3654 2989 vestris

2064 3036 2180 3092 Deo
2209 3035 2448 3105 acceptis
2495 3031 2990 3089 intercessionibus
3016 3045 3048 3085 e
3071 3028 3353 3084 contrario
3376 3026 3653 3088 tollentes,

369 3123 775 3189 ἀτίτανελὸντες,
813 3122 913 3175 καὶ
943 3121 1232 3192 τροπαίοις
1260 3122 1419 3194 νίκης
1460 3121 1669 3187 ἐνθέοις
1697 3125 1789 3177 τὸν
1818 3123 1956 3194 ἀλη-

2061 3128 2376 3199 divinisque
2406 3124 2653 3181 victoriae
2704 3122 2929 3195 lropais
2975 3121 3128 3192 pium
3173 3133 3305 3174 vere
3353 3118 3657 3189 imperato-

370 3216 470 3279 θῶς
505 3217 718 3286 εὐσεϐῆ
760 3214 999 3286 βασιλέα
1041 3213 1503 3282 καταστέφοντες,
1538 3215 1767 3287 εἰρήνης
1809 3215 1960 3281 θείας

355 3307 653 3372 εὐσταθοῦς
698 3324 765 3360 τε
812 3305 912 3359 καὶ
952 3304 1258 3376 γαληναίας
1293 3304 1442 3376 ζωῆς
1481 3305 1811 3378 πληρώσατε
1862 3306 1961 3378 τὴν

350 3402 484 3472 γῆν.
510 3402 737 3473 ἦρε-μον
764 3399 830 3453 δὲ
860 3398 978 3469 βίον
1011 3399 1109 3451 καὶ
1129 3397 1450 3468 φιλευσεϐἧ,
1480 3398 1577 3453 καὶ
1603 3401 1706 3470 τῆς
1741 3401 1799 3452 ἐν
1828 3400 1962 3469 Χρι-

356 3495 466 3565 στῷ
508 3493 701 3566 Ἰησεῦ
742 3492 1100 3560 δικαιοσύνης
1132 3490 1228 3544 καὶ.
1270 3487 1627 3561 χαρμοσύνης
1667 3489 1962 3558 ἐπίμεστον

357 3593 424 3659 τῇ
474 3586 880 3657 Χριστωνύμῳ
908 3582 1325 3655 παρεσχηκότες
1368 3579 1637 3652 πολιτείᾳ,
1679 3579 1774 3633 καὶ
1826 3579 1964 3651 πρὸς

356 3683 455 3751 τὴν
502 3680 625 3734 ἂνω
675 3676 1066 3748 Ἰερουσαλὴμ,
1116 3668 1185 3745 ἦς
1224 3674 1383 3745 ὑμεῖς
1431 3673 1755 3744 πρωτότοκα
1795 3671 1965 3728 τέκνα

357 3775 452 3827 καὶ
474 3771 746 3826 πολισταί
788 3768 1091 3839 γεγένησθε
1112 3768 1207 3820 καὶ
1233 3766 1533 3837 πολιοῦχοι,
1560 3762 1964 3832 διακυϐερνῶν-

358 3869 570 3931 τες,εἰ;
597 3865 707 3936 τὴν
730 3863 832 3918 τοῦ
853 3861 991 3916 Θεοῦ
1008 3862 1218 3923 πάντας
1243 3860 1557 3927 εἰσάγοντες
1580 3854 1965 3909 καταπαύσετε

360 3963 770 4016 κατάπαυσιν·
824 3959 885 4010 ὲν
922 3954 1147 4027 Χριστῷ
1189 3951 1368 4025 Ἰησοῦ
1414 3950 1494 4024 τῷ
1547 3950 1739 4021 Κυρίῳ
1785 3948 1963 4021 ἡμῶν,

362 4049 401 4124 ᾧ
423 4059 457 4125 ἡ
490 4056 626 4119 δόξα
649 4052 757 4107 καὶ
782 4051 847 4105 τὺ
867 4049 1094 4122 κράτος,
1123 4050 1239 4119 ἅμα
1272 4046 1349 4118 τῷ
1385 4045 1563 4117 [lath
1586 4044 1682 4098 καὶ
1707 4041 1789 4113 τῷ
1826 4042 1967 4114 ἁγίῳ

365 4151 678 4220 Ηνεσέιματι,
727 4146 810 4209 εἰς
838 4145 965 4207 τοὺς
986 4142 1194 4206 αἰῶνας
1224 4140 1333 4196 τῶν
1353 4138 1590 4193 αἰώνων.
1634 4137 1829 4206 Ἀμήν.

1012 4298 1232 4354 ΛΟΓΟΣ
1270 4294 1344 4349 Δ’.

471 4426 568 4491 εις
595 4423 723 4477 τόν
748 4419 926 4491 ἅγιον
952 4415 1049 4491 καί
1073 4415 1472 4491 grandesque?
1506 4409 1861 4464 ἀπόστολον

973 4486 1248 4555 Ἀνδρέαν
1287 4484 1363 4556 (6)
1373 4523 1387 4537 .

441 4626 583 4680 Πᾶσι
615 4622 734 4696 μὲν
760 4620 882 4682 τοῖς
901 4614 998 4671 τοῦ
1028 4613 1164 4669 Θεοῦ
1203 4610 1380 4681 Λόγου
1428 4608 1607 4680 φίλοις
1659 4604 1757 4658 καὶ
1797 4601 1976 4675 μαθη-

369 4720 510 4780 ταῖς,
559 4695 747 4787 ήίδιὰ
802 4708 914 4763 τῶν
966 4707 1142 4775 λόγων
1202 4705 1434 4766 αίνεσις,
1487 4699 1679 4770 ὥσπερ
1725 4695 1820 4751 οὖν
1881 4697 1978 4750 καὶ

372 4811 408 4878 ἡ
434 4810 525 4863 διὰ
568 4807 686 4861 τῶν
720 4805 901 4875 ἔργων
941 4801 1196 4873 μίμησις,
1234 4795 1379 4851 κατὰ
1409 4794 1642 4865 δύναμιν
1660 4790 1937 4862 ὀφείλεται
1959 4804 1973 4820 ⁸

368 4902 584 4958 τούτων
623 4900 691 4955 δὲ
762 4897 1001 4968 μάλιστα
1052 4895 1168 4957 τοῖς
1216 4889 1545 4963 κορυφαίοις
1588 4904 1649 4942 τε
1700 4886 1797 4939 καὶ
1841 4901 1977 4953 πρε-

373 4996 675 5058 σευτέιτοις
706 5008 724 5022 ·
755 4990 819 5044 οὐ
856 4987 1016 5059 μόνον
1052 4986 1134 5040 ὅτι
1158 4983 1284 5038 καθ’
1332 4980 1527 5036 ἑαυτὸν
1576 4981 1606 5034 ὁ
1654 4977 1764 5033 τῶν
1816 4974 1978 5032 θείων

375 5088 591 5160 ἀνδρῶν
652 5083 883 5145 ἔπαινος
937 5075 1223 5132 ἐπαινετόν
1268 5091 1324 5128 τι
1385 5072 1582 5145 χρῆμα
1649 5068 1771 5140 Θεῷ
1796 5107 1810 5131 ,
1880 5066 1977 5119 καὶ

382 5158 485 5244 τὶς
545 5172 984 5245 ἐπαινουμένοις
1028 5169 1215 5231 αὐτοῖς
1270 5165 1505 5238 ὲραστόν
1533 5181 1548 5196 ·
1601 5161 1718 5216 ἀλλ’
1765 5161 1848 5213 ὅτι
1885 5158 1980 5212 καὶ

385 5276 492 5337 τοῖς
548 5269 757 5332 αἰσίως
811 5264 1058 5320 ἐπαινεῖν
1115 5259 1305 5324 εἰδόσι,
1358 5258 1626 5328 σωτήριος
1661 5271 1676 5288 -
1726 5253 1826 5307 καὶ
1865 5253 1979 5315 τοῖς

388 5361 744 5417 πναινοῦσιν
804 5355 1080 5427 ὠφέλιμος
1108 5370 1123 5386 ·
1197 5349 1295 5404 καὶ
1370 5350 1505 5403 πᾶσι
1566 5348 1677 5411 τοῖς
1741 5344 1981 5406 συνετῶς

452 5526 499 5557 ⁸⁷
525 5523 681 5579 Psal.
708 5535 831 5586 xm,

457 5681 537 5752 (ὕ)
554 5677 937 5752 Floridissirna
954 5672 1359 5752 haclaudatio,
1383 5666 1823 5752 magninAndrea
1842 5678 1972 5752 ερον

399 5735 665 5807 milvorum
690 5749 982 5803 vocatione
1006 5746 1195 5817 primi.
1226 5757 1391 5817 quem
1414 5735 1540 5796 ideo
1561 5738 1735 5793 Graeci
1765 5735 1978 5803 πρωτό-

394 5826 592 5895 κὶητον
609 5829 833 5889 vocant,
864 5814 1179 5888 habentque
1200 5814 1539 5886 pnecipuum
1560 5824 1724 5867 suum
1752 5815 1979 5878 τρι)δίοη

2003 4483 2053 4543 ι)

2064 3237 2182 3278 rem
2227 3226 2578 3283 coronantes,
2626 3216 2813 3271 divina
2866 3230 3001 3286 pace
3048 3212 3366 3282 stabilique,
3407 3225 3473 3265 ac
3501 3217 3656 3269 tran-

2063 3311 2236 3383 quiila
2271 3307 2620 3381 iucunditate
2669 3315 2874 3361 terram
2906 3303 3169 3374 implete;
3211 3301 3570 3372 quietamque
3594 3312 3661 3354 ac

2064 3404 2399 3476 religiosam,
2420 3403 2648 3474 ejusque
2665 3399 2915 3473 justitia,
2945 3412 3067 3468 qua
3088 3404 3176 3452 est
3208 3396 3265 3449 in
3287 3394 3509 3451 Christo
3527 3391 3659 3449 Jesu

2066 3506 2231 3569 atque
2271 3495 2458 3567 gaudii
2505 3494 2744 3565 plenam,
2771 3493 3090 3547 christiana
3133 3488 3454 3559 reipublicae
3487 3486 3659 3541 vitam

2066 3587 2409 3659 praebentes,
2458 3593 2626 3655 atque
2670 3583 2738 3639 ad
2781 3583 3064 3638 calcstem
3106 3579 3447 3643 Jerusalem,
3499 3578 3662 3647 cuius

2068 3694 2169 3736 vos
2220 3678 2485 3750 primitivi
2537 3676 2636 3732 ﬁlii
2679 3676 3072 3747 principesque
3094 3672 3314 3743 patroni
3359 3680 3525 3740 atque
3568 3683 3660 3723 re-

2069 3780 2255 3828 ctores
2281 3769 3009 3840 exstitistis,gubernantcs,
3042 3765 3097 3819 in
3118 3766 3219 3819 Dei
3242 3773 3472 3820 cunctos
3500 3761 3662 3815 indu-

2069 3875 2261 3922 centes
2308 3864 2582 3935 requiem,
2634 3861 2887 3932 requiem
2928 3857 3292 3930 prastabitis;
3337 3856 3395 3911 in
3436 3854 3661 3910 Christo

2067 3957 2197 4015 Jesu
2237 3956 2472 4011 Domino
2524 3961 2739 4015 nostro.
2799 3951 2889 4007 cui
2937 3957 3024 4005 est
3068 3947 3241 4020 gloria
3294 3954 3351 4002 et
3396 3950 3659 4016 potestas,

2071 4064 2179 4104 una
2206 4064 2332 4104 cum
2356 4048 2519 4103 Patre
2538 4053 2595 4101 et
2624 4044 2836 4115 Spiritu
2873 4050 3083 4107 sancto,
3122 4040 3177 4095 in
3207 4038 3406 4095 sacula
3426 4030 3664 4093 saculo-

2072 4156 2217 4197 rum.
2251 4141 2449 4195 Amen.

2675 4286 2934 4346 ORATIO
2970 4290 3061 4345 IV.

2178 4404 2443 4459 Laudatio
2481 4402 2655 4458 sancti
2683 4402 2942 4472 [avideque
2980 4398 3310 4455 celeberrimi
3348 4397 3573 4454 Andrea:

2751 4472 2998 4545 apostoli.

2146 4598 2375 4657 Cunctis
2408 4612 2540 4654 sane
2565 4597 2665 4654 Dei
2702 4595 2867 4652 Verbi
2897 4595 3092 4652 amicis
3122 4610 3187 4651 ac
3208 4593 3521 4665 discipulis,
3546 4609 3670 4651 ven-

2074 4694 2165 4750 bis
2204 4696 2469 4761 concepta
2497 4689 2744 4745 laudatio
2782 4704 2884 4760 pro
2927 4688 3075 4743 virili
3116 4686 3374 4742 facultate
3408 4685 3668 4753 debetur,

2074 4784 2157 4840 uti
2201 4791 2260 4838 et
2295 4779 2557 4846 imitatio,
2606 4796 2730 4850 qua
2767 4778 3033 4849 operibus
3069 4785 3403 4848 praestatur;
3435 4777 3671 4833 maxime

2076 4893 2211 4936 vero
2253 4877 2361 4943 his,
2386 4892 2483 4947 qui
2526 4873 2694 4930 interc
2717 4873 2843 4928 illos
2881 4870 3163 4941 principes
3202 4884 3266 4924 ac
3293 4868 3672 4939 antiquissimi

2083 4980 2250 5027 sunt:
2289 4969 2495 5025 nedum
2518 4983 2583 5024 ea
2608 4966 2844 5031 ratione,
2875 4963 3024 5033 quod
3053 4962 3170 5032 ipsa
3200 4976 3231 5015 a
3264 4975 3326 5014 se
3353 4959 3671 5015 divinorum

2084 5066 2334 5120 virorum
2372 5060 2637 5123 laudatio,
2663 5073 2756 5114 res
2777 5064 2862 5113 est
2890 5055 3081 5110 divino
3102 5052 3314 5125 judicio
3334 5052 3461 5121 iure
3482 5049 3672 5105 lauda—

2086 5157 2218 5212 bilis
2239 5169 2301 5210 ac
2331 5168 2497 5224 quam
2533 5152 2573 5206 ii
2606 5150 2712 5221 ipsi
2754 5148 2851 5219 qui
2874 5145 3193 5208 laudantur,
3229 5143 3407 5197 amori
3435 5141 3669 5203 ducant;

2086 5261 2279 5302 verum
2304 5244 2471 5300 etiam
2502 5241 2650 5313 quod
2696 5240 2793 5307 iis,
2834 5239 2930 5309 qui
2969 5236 3147 5292 fauste
3179 5232 3408 5288 laudare
3445 5236 3671 5294 norunt,

2088 5337 2349 5397 salutaris
2370 5336 2470 5403 sit;
2492 5345 2661 5405 atque
2682 5332 2771 5387 his
2797 5330 2892 5402 qui
2920 5327 3196 5384 laudando
3222 5323 3358 5378 socii
3384 5319 3671 5380 accedant,

2084 5663 2222 5727 lum,
2247 5661 2303 5715 in
2326 5658 2533 5714 Gracia
2558 5654 2793 5727 maxime
2815 5646 3119 5727 apostolico
3143 5656 3373 5724 munere
3398 5638 3672 5702 functum,

2088 5713 2433 5789 Easdem
2487 5729 2544 5783 in
2596 5742 2660 5781 ea
2721 5713 2923 5777 illustri
2985 5713 3248 5787 martyrio
3325 5724 3677 5769 consumma

2091 5812 2229 5858 tum.
