4108 6430
558 329 631 393 55
1768 327 2063 389 ΝΙΕΕΤᾸΞ
2093 328 2122 388 I

2225 324 2620 388 ’HLAGONIS
3735 320 3802 385 56

558 439 749 507 utilis;
810 430 1134 506 cunctisque
1191 434 1413 490 demum
1468 434 1703 489 solerter
1757 433 2122 499 audientibus.

2239 432 2657 504 ἀκροωμένοις,¹
2698 429 3033 502 τελειοτέρας
3089 428 3299 499 γίνεται
3348 426 3608 499 πρόξενον
3659 429 3802 484 alito.

552 545 719 587 causa
750 529 820 584 sit
852 542 915 582 ac
943 525 1083 580 ratio
1110 523 1458 594 perfectioris
1487 524 1886 579 aedificationis.

624 618 809 690 igitur,
861 630 895 671 ο
944 615 1080 670 viri!
1115 614 1182 669 ad
1215 630 1510 670 commune
1572 614 1734 669 nobis
1788 612 2132 685 propositum

551 719 830 767 certamen
871 708 1194 787 excitemur.
1220 705 1527 763 Commune
1560 707 1708 762 enim
1749 706 1911 761 nobis
1948 704 2132 760 omni-

551 802 659 859 bus
690 792 969 857 certamen
1009 801 1174 856 hodie
1215 801 1543 870 proponitur
1571 818 1587 867 ;
1620 799 1755 854 mihi
1789 798 2035 869 quidem,
2071 806 2135 855 ut

549 894 946 965 discipulorum
975 894 1314 957 coronidem,
1340 893 1712 962 apostolorum
1735 891 2131 957 summitatem,”

549 1002 582 1041 a
614 986 940 1042 fortitudine
968 994 1345 1055 nuncupatum
1372 983 1673 1046 Andream,
1691 991 1953 1052 tanquam
1982 996 2136 1037 rosa-

548 1092 676 1132 rum
704 1078 969 1142 ﬂosculis,
1005 1091 1322 1132 sermonum
1353 1075 1612 1131 laudibus
1648 1074 1940 1131 ambitiose
1968 1089 2134 1131 coro-

549 1184 700 1238 nem,
744 1171 975 1241 ejusque
1019 1169 1285 1226 memoria
1313 1169 1539 1223 suavius
1567 1167 1847 1234 delecter;
1889 1182 1957 1223 ac
1981 1167 2135 1222 velut

549 1277 677 1318 cum
708 1275 981 1334 praesente
1004 1273 1169 1334 atque
1191 1262 1369 1317 oculis
1397 1261 1721 1331 conspicuo,
1754 1260 1836 1316 sic
1873 1275 1999 1314 cum
2037 1259 2133 1314 illo

549 1355 765 1426 loquar,
785 1358 1012 1428 ejusque
1038 1355 1364 1411 enarrandis
1386 1355 1555 1409 rebus
1589 1352 1877 1424 magniﬁce
1896 1352 2129 1422 glorier;

547 1444 709 1498 vobis
757 1454 961 1509 autem,
1012 1452 1072 1497 ut
1115 1450 1386 1514 propeuSe
1433 1442 1624 1498 feratis
1665 1457 1849 1512 opem,
1892 1441 2133 1512 totisque

546 1536 762 1590 viribus
789 1535 1062 1591 laboranti
1091 1535 1277 1590 animo
1312 1550 1377 1590 ac
1405 1534 1702 1599 fatiscenti,
1736 1534 1922 1588 tacitis
1950 1533 2131 1603 preci-

546 1626 651 1681 bus
700 1625 1089 1691 collaboretis;
1131 1642 1196 1681 ac
1233 1640 1547 1680 sermonem
1598 1624 1735 1678 tanti
1781 1623 1924 1679 mole
1969 1638 2134 1693 argu-

546 1717 717 1771 menti
747 1718 839 1772 vix
865 1734 976 1771 non
1010 1733 1338 1788 oppressum
1360 1732 1425 1771 ac
1445 1716 1950 1786 elanguescentem,
1981 1713 2134 1770 altis-

543 1810 683 1864 simo
704 1810 807 1880 ipsi
842 1811 1062 1866 silentio
1087 1819 1144 1866 et
1171 1811 1473 1865 attentione
1495 1807 1668 1864 animi
1706 1808 1955 1879 erigatis.

611 1901 871 1971 Prompte
908 1901 1076 1974 igitur
1113 1902 1363 1957 debitum
1400 1902 1733 1968 reddamus;
1768 1901 1910 1957 alius
1942 1898 2125 1955 laudis

544 1993 923 2061 pmconium;
962 1994 1106 2049 alius
1159 1993 1444 2049 auditione
1465 2010 1490 2060 ',-
1531 2002 1697 2062 atque
1737 1991 1877 2046 adeo
1928 1990 2124 2046 fructi-

543 2084 809 2150 fieemus;
851 2086 993 2140 alius
1024 2085 1274 2155 quidem,
1304 2084 1580 2140 actionem
1611 2084 1829 2139 ratione
1853 2082 2125 2139 nitentem

542 2192 606 2231 ac
647 2177 959 2247 eruditam;
990 2178 1132 2233 alius
1175 2194 1330 2243 vero,
1367 2192 1679 2233 sermonem
1729 2185 2019 2231 actuosum
2067 2162 2126 2230 et

515 2268 818 2325 'efficaeem
857 2287 873 2325 :
926 2270 1069 2326 alius
1118 2271 1439 2336 canticum;
1489 2269 1632 2326 alius
1685 2267 2024 2323 desiderium
2068 2274 2127 2322 et

540 2378 812 2429 amorem;
840 2363 983 2418 alius
1007 2363 1489 2434 compunctionem
1507 2378 1523 2428 ;
1543 2361 1683 2417 alius
1710 2359 2120 2431 precationem:

539 2469 683 2508 unus
730 2469 915 2513 veram
963 2453 1152 2521 fidem,
1202 2453 1342 2509 alter
1388 2451 1701 2522 religiosam
1745 2451 1799 2504 in
1839 2449 2124 2505 Christum

538 2543 884 2598 eharitatem.
920 2544 1127 2600 lnferat
1156 2543 1429 2615 quispiam
1453 2559 1469 2609 ;
1497 2542 1640 2598 alius
1660 2540 1885 2611 quidem
1915 2554 2126 2594 sermo-

538 2651 662 2691 nem
693 2634 976 2704 sapientiaa
997 2653 1011 2701 ;
1032 2636 1175 2693 alius
1195 2651 1347 2700 vero,
1367 2648 1679 2689 sermonem
1703 2623 1952 2688 scientia:
1967 2630 2121 2697 ‘8'";

537 2736 702 2796 atque
745 2726 857 2791 hic,
896 2741 994 2782 cor
1038 2727 1162 2782 lene
1197 2742 1261 2782 ac
1289 2726 1579 2797 quietum;
1618 2724 1734 2788 ille,
1765 2723 1979 2778 nullum
2020 2721 2123 2776 ha-

537 2816 945 2873 bentemflnem
972 2820 1272 2890 jugemque
1325 2819 1455 2874 Jesu
1509 2817 1854 2871 memoriam.
1885 2815 2008 2880 llic,
2031 2814 2122 2869 in-

533 2914 885 2970 deficientem
919 2921 1107 2971 animo
1138 2915 1401 2987 precandi
1422 2915 1536 2969 vim
1561 2932 1577 2981 ;
1604 2914 1696 2968 ille
1717 2913 1924 2968 claram
1956 2920 2123 2981 atque

532 3006 773 3062 lucidam
802 3008 1079 3079 cogitante
1110 3010 1299 3063 animo
1338 3007 1546 3064 Christi
1592 3005 1885 3062 visionem.
1916 3004 2123 3061 Omnes

2240 528 2434 599 δομῆς.

2312 619 2520 674 Οὐκοῦν
2559 615 2955 685 διαναστῶμεν,
3007 609 3053 669 ὦ
3093 614 3318 685 ἀνδρεςί
3357 615 3493 687 πρὸς
3524 615 3619 670 τὸν
3674 634 3807 689 προ.

2243 712 2495 783 κείμενον
2530 711 2663 781 ἡμῖν
2692 707 2883 777 ἀγῶνα
2905 724 2919 738 ·
2965 707 3143 770 κοινὸς
3177 708 3288 779 γὰρ
3313 708 3487 763 ἀπασι
3529 709 3808 780 πρόκειται

2243 805 2484 875 σήμερον
2538 806 2567 857 6
2624 800 2815 869 ἀγῶν’
2864 801 2987 872 ἐμοὶ
3045 801 3180 872 μὲν,
3235 802 3337 873 τὴν
3390 804 3661 873 κορωνίδα
3705 805 3809 858 τῶν

2245 895 2525 966 μαθητῶν,
2587 895 2699 947 τῶν
2752 894 3069 948 ἀποστόλων
3115 893 3216 965 τὴν
3262 894 3527 965 κορυφὴν,
3578 895 3670 949 τὸν
3716 896 3811 964 τῆς

2241 987 2465 1056 ἀνδρίας
2523 985 2815 1056 ἐπώνυμον
2883 986 3174 1057 Ἀνδρέαν,
3230 987 3344 1050 τοῖς
3408 986 3649 1051 ἐπαίνοις
3706 987 3811 1040 τῶν

2240 1079 2437 1146 λόγων,
2460 1078 2537 1141 ὡς
2564 1078 2752 1133 ἄνθεσι
2799 1078 2969 1146 ῥόδων
3004 1078 3290 1149 ἀναδῆσαι,
3343 1078 3441 1131 καὶ
3461 1078 3560 1148 τῆς
3596 1080 3810 1150 μνήμης

2240 1170 2658 1239 κατατρυφῆσαι
2689 1183 2703 1199 ⁸
2742 1168 2838 1221 καὶ
2863 1165 3051 1237 ὥσπερ
3082 1166 3229 1236 αὐτῷ
3259 1170 3490 1238 παρόντι
3534 1165 3630 1219 καὶ
3677 1167 3812 1237 ὀρω-

2244 1261 2388 1332 μένῳ
2438 1260 2816 1331 προσλαλῆσαι
2843 1276 2859 1291 ο
2917 1260 3012 1312 καὶ
3061 1261 3173 1321 τοῖς
3224 1260 3353 1329 περὶ
3410 1256 3579 1311 αὐτοῦ
3625 1258 3810 1329 διηγή..

2244 1370 2409 1423 μασιν
2474 1350 3038 1420 ἐγκαλλωπίσασθαι·
3076 1352 3204 1420 ὑμῖν
3251 1350 3331 1415 δέ,
3403 1349 3506 1419 τῆς
3573 1351 3807 1417 ἀγωνίας

2239 1446 2367 1515 ἐμοὶ
2421 1446 2730 1509 κοινωνεῖν,
2782 1444 2880 1498 καὶ
2926 1443 3027 1513 ὅση
3088 1441 3318 1512 δύναμις
3368 1444 3685 1512 συνεργεῖν,
3730 1443 3803 1513 τῷ

2241 1538 2570 1609 προσευχαῖς
2596 1536 2883 1603 ἀλαλήτοις
2907 1535 2983 1607 (7)
3034 1535 3296 1601 κάμνοντι
3346 1534 3438 1586 τὸν
3496 1534 3641 1597 νοῦν,
3674 1550 3805 1603 συμ-

2240 1629 2454 1688 πονεῖν,
2496 1626 2591 1680 καὶ
2640 1627 2777 1697 πρὸς
2826 1626 2888 1680 τδ
2938 1628 3037 1696 τῆς
3090 1624 3400 1686 ὑποθέσεως
3453 1624 3680 1693 μέγεοος
3724 1624 3810 1677 τὸν

2240 1717 2398 1786 λόγον
2437 1717 2745 1783 ὀκλάζοντι,
2770 1718 2860 1772 διὰ
2893 1717 3114 1788 βαθείας
3154 1716 3313 1795 σιγῆς
3367 1717 3814 1787 παραθαρρύνειν

2158 1799 2200 1856 Β
2231 1810 2324 1863 καὶ
2353 1811 2646 1880 προσοχῆς.

2314 1896 2630 1972 Ἀποδὼμεν
2653 1903 2836 1956 τοίνυν
2862 1902 3161 1972 προθύμως
3195 1901 3294 1975 τὴν
3325 1902 3547 1974 ὀφειλήν
3575 1917 3592 1933 ·
3615 1903 3645 1954 6
3693 1900 3814 1972 μὲν,

2226 1996 2327 2068 τὴν
2350 1995 2627 2065 εὐφημίαν
2658 2034 2675 2060 ,
2722 1995 2771 2049 oi
2818 1994 2896 2059 δὲ,
2945 1994 3046 2065 τὴν
3103 1995 3369 2066 ἀκρόασιν
3397 2012 3411 2026 ·
3468 1996 3563 2048 καὶ
3606 2011 3818 2063 καρπο-

2228 2088 2483 2159 φορῶμεν
2510 2103 2526 2118 ο
2559 2086 2590 2139 6
2640 2086 2740 2157 μὲν
2788 2085 2987 2158 πρᾶξιν
3042 2086 3304 2155 εῦλογονο
3353 2087 3383 2139 6
3417 2087 3474 2140 δέ
3514 2085 3674 2155 λόγον
3710 2085 3816 2158 εμ-

2226 2195 2508 2252 πρακτον·
2556 2181 2587 2232 ὁ
2651 2178 2753 2249 μὲν
2800 2179 2893 2232 τὸν
2944 2177 3113 2249 ὕμνον
3138 2195 3153 2209 ⁸
3195 2181 3223 2232 6
3267 2178 3325 2232 δέ
3377 2180 3469 2232 τὸν
3520 2179 3720 2232 πόθον¹
3787 2180 3817 2234 6

2230 2271 2330 2342 μὲν
2384 2268 2717 2334 κατάνυξιν·
2802 2271 2831 2322 6
2881 2269 2939 2322 δὲ
3002 2271 3317 2341 προσευχήν
3347 2287 3362 2300 ·
3414 2269 3574 2332 ἄλλος
3627 2269 3815 2323 πίστιν

2224 2364 2531 2435 εἰλικρινῆ,
2595 2360 2755 2427 ἀλλος
2811 2361 3033 2433 ἀγάπην
3086 2362 3430 2432 χριστοφιλῆ.
3491 2362 3816 2433 Είσιρερέτω

2223 2473 2309 2518 τις
2334 2472 2349 2486 ο
2378 2458 2407 2508 6
2435 2457 2558 2527 μὲν,
2594 2454 2753 2524 λόγον
2785 2456 2978 2523 σοφίας
3000 2470 3015 2482 ⁸
3035 2455 3191 2517 ἀλλος
3213 2454 3293 2518 δὲ,
3316 2454 3475 2522 λόγον
3507 2452 3765 2522 γνώσεως
3795 2469 3811 2484 ·

2223 2549 2395 2617 ὁμὲν,
2433 2548 2669 2616 πραεῖαν
2702 2546 2934 2619 καρδίαν
2959 2548 3053 2600 καὶ
3095 2546 3299 2616 ἥσυχον
3331 2562 3345 2575 ·
3388 2549 3416 2599 6
3465 2546 3544 2611 δέ,
3588 2546 3813 2614 μνήμην

2221 2640 2458 2708 ἄληκτον
2502 2640 2599 2693 καὶ
2649 2639 2879 2694 ἀένναον
2936 2639 3111 2710 Ἰησοῦ
3135 2657 3149 2671 ·
3194 2641 3223 2692 6
3275 2640 3397 2708 μὲν,
3456 2637 3814 2691 ἀνέκλειπτον

2224 2730 2367 2784 κατά
2392 2729 2517 2784 νοῦν
2551 2732 2866 2802 προσευχήν
2897 2747 2911 2761 ⁸
2957 2732 2987 2784 6
3029 2730 3087 2784 δὲ
3127 2729 3375 2800 καθαρὰν
3405 2726 3640 2800 Χριστοῦ
3668 2744 3810 2795 φαν-

2221 2822 2416 2875 τασίαν
2444 2823 2539 2875 καὶ
2569 2823 2886 2891 φωτοφανῆ.
2944 2822 3151 2885 Πάντες
3199 2819 3365 2889 φόϐον
3400 2818 3556 2883 Θεοῦ,
3603 2819 3812 2881 πάντες

2221 2913 2554 2985 ἐγκράτειαν
2573 2952 2592 2981 ,
2665 2914 3174 2986 ταπεινοφροσύνην
3249 2914 3453 2976 πάντες
3472 2954 3488 2976 ,
3544 2912 3642 2968 καὶ
3693 2914 3813 2976 τοῖς

2224 3009 2361 3079 πρὸς
2385 3007 2671 3062 εὐσέϐειαν
2712 3006 2782 3060 δι’
2836 3007 3117 3077 ὑπομονῆς
3164 3006 3597 3061 ἐπεκτείνεσθαι.
3650 3003 3817 3060 Οὕτω

531 3096 632 3151 Dei
679 3097 953 3162 timorem,
999 3111 1193 3153 omnes
1240 3096 1661 3160 continentiam,
1709 3108 1905 3148 omnes
1946 3091 2120 3147 animi

2225 3102 2334 3170 γάρ
2387 3100 2417 3152 6
2481 3100 2658 3170 μέγας
2715 3098 3037 3162 Ἀπόστολος
3089 3099 3149 3152 ἐν
3213 3100 3348 3169 ἡμῖν
3394 3096 3808 3167 δοξασθήσεται,

531 3204 839 3259 sensusque
870 3188 1194 3244 modestiam
1227 3197 1306 3257 et,
1346 3199 1409 3244 ut
1433 3203 1532 3260 per
1552 3185 1875 3257 patientiam
1903 3184 1972 3239 ad
2004 3183 2121 3254 pie-

2225 3190 2386 3244 ἀλλου
2445 3192 2585 3261 πρὸς
2647 3190 2777 3245 ἄλλο
2834 3208 2886 3243 τι
2940 3190 3051 3245 τῶν
3104 3190 3315 3243 ἐκείνου
3371 3188 3809 3260 κατορθουμένου

532 3286 704 3335 tatem
757 3295 860 3334 nos
914 3280 1064 3349 ipsos
1110 3280 1496 3335 extendamus.
1549 3277 1641 3334 Sic
1686 3276 1836 3332 enim
1889 3288 2121 3345 magnus

530 3376 829 3444 Apostolus
861 3375 917 3429 in
964 3374 1129 3431 nobis
1172 3373 1590 3440 clariﬁcabitur,
1631 3388 1761 3429 cum
1790 3370 1933 3425 alius
1968 3367 2121 3424 aliud

412 3508 421 3527 ι
533 3464 670 3534 quid
716 3464 864 3521 illius
895 3464 1170 3520 honorum
1218 3464 1520 3534 praestabit,
1556 3463 1912 3532 universique
1953 3456 2119 3515 simul

530 3571 661 3610 eum
683 3556 886 3613 clarius
915 3556 1280 3623 imitabimur,
1302 3573 1367 3612 ae
1387 3557 1539 3611 velut
1562 3555 1819 3611 festivum
1839 3552 2118 3625 quoddam

535 3666 757 3715 munus,
798 3649 1124 3707 imitationis
1156 3650 1398 3704 fructum
1438 3648 1490 3704 ei
1519 3646 1884 3718 proferemus.
1928 3644 2020 3700 Sic
2061 3653 2119 3699 et

533 3743 652 3813 ipse
688 3741 965 3808 Christus,
1000 3741 1096 3813 qui
1140 3741 1199 3795 in
1242 3739 1447 3796 sanctis
1488 3737 1819 3809 requiescat,
1851 3748 2018 3807 atque
2058 3735 2118 3791 in

530 3834 604 3891 iis
640 3835 737 3906 qui
769 3834 1145 3891 clarificantur
1190 3832 1547 3898 clariﬁcetur,
1588 3846 1620 3885 a
1662 3844 1774 3901 quo
1817 3828 2000 3886 omnis
2045 3828 2117 3886 ad

528 3928 796 3984 virtutem
838 3926 1127 3994 incitatio;
1166 3940 1232 3981 ac
1284 3923 1377 3994 qui
1426 3922 1608 3978 omnis
1654 3922 1812 3977 bona:
1858 3920 2115 3989 actionis,

527 4025 865 4097 principium
891 4034 949 4082 et
974 4023 1218 4080 medium
1252 4038 1318 4079 ac
1345 4022 1473 4078 linis
1509 4030 1614 4077 est.

596 4120 960 4190 Posteaquam
1015 4132 1185 4181 vero,
1244 4132 1344 4186 pro
1392 4114 1542 4169 virili
1600 4121 1794 4169 nostra
1852 4111 2117 4168 facultate

526 4210 804 4266 theatrum
848 4209 1088 4265 orationi
1143 4204 1648 4277 praeinstruximus,
1696 4219 1799 4275 age
1838 4203 1952 4274 jam
1998 4204 2117 4271 ipsa

524 4300 829 4357 certamina
880 4298 1301 4369 aggrediamur,
1343 4304 1510 4366 atque
1564 4295 1633 4349 ad
1687 4294 2117 4365 apostolicarum

522 4392 752 4448 laudum
768 4387 1160 4446 celsitudinem
1180 4386 1317 4441 eniti
1340 4386 1722 4449 connitamur;
1740 4399 1854 4438 non
1881 4393 2112 4449 temere,

2222 3283 2426 3345 καλῶν,
2478 3283 2576 3336 καὶ
2628 3282 2847 3337 πάντων
2907 3282 3044 3353 ὁμοῦ
3109 3282 3477 3354 τρανεστὲραν
3524 3280 3625 3352 τὴν
3669 3279 3802 3350 πρὸς

2221 3375 2386 3430 αὐτὸν
2453 3374 2915 3445 ἐπιδεικνυμένων
2962 3374 3303 3445 ὁμοιότητα·
3350 3376 3447 3427 καὶ
3496 3373 3681 3443 ὥσπερ
3746 3388 3801 3424 τι

2218 3469 2391 3540 δῶρον
2439 3469 2651 3536 ἐόρτιον
2683 3466 2783 3538 τὴν
2832 3468 3067 3539 μίμησιν
3118 3466 3267 3538 αὐτῷ
3311 3465 3807 3538 καρποφορούντων

2217 3559 2321 3629 τῆς
2346 3560 2571 3629 ἀρετῆς.
2606 3558 2766 3613 Οὕτω
2793 3560 2889 3613 καὶ
2913 3559 3149 3630 Χριστὸς
3195 3559 3381 3626 αὐτὸς,
3440 3560 3470 3612 6
3517 3560 3577 3612 ἐν
3632 3557 3818 3626 ἁγίοις

2218 3653 2668 3723 ἀναπαυόμενος,
2717 3651 2813 3705 καὶ
2853 3650 3212 3721 δοξαζόμενος
3270 3653 3331 3705 ἐν
3396 3650 3819 3721 δοξαζομένοις,

2219 3746 2352 3818 παρ’
2379 3737 2443 3798 οὗ
2502 3746 2656 3798 πᾶσα
2706 3743 2847 3814 πρὸς
2905 3743 3108 3815 ἀρετὴν
3161 3744 3397 3813 κίνησις,
3447 3745 3544 3797 καὶ
3587 3743 3650 3807 ὃς
3696 3745 3826 3799 ἐστι

2218 3837 2400 3905 πάσης
2428 3833 2683 3906 πράξεως
2712 3833 2929 3904 ἀγαθῆς
2965 3833 3109 3905 ἀρχὴ
3140 3835 3234 3888 καὶ
3283 3833 3519 3905 μεσότης
3575 3833 3677 3887 καὶ
3724 3849 3827 3887 τε-

2219 3928 2383 3998 λευτή
2393 3970 2407 3983 .

2303 4106 2460 4161 Ἐπεὶ
2477 4105 2535 4160 δὲ
2558 4104 2637 4177 τῷ
2674 4104 2822 4174 λόγῳ
2848 4104 2909 4157 τὸ
2940 4103 3194 4175 θέατρον,
3234 4103 3310 4167 ὡς
3365 4103 3510 4169 ἐνὸν,
3561 4119 3838 4171 προκατ-

2218 4200 2584 4273 ηρτισάμεθα,
2636 4199 2769 4270 φέρε
2812 4197 2999 4251 λοιπὸν
3031 4196 3214 4250 αὐτῶν
3242 4195 3350 4249 τῶν
3391 4196 3622 4264 ἀγώνων
3660 4194 3843 4266 ἀψώ-

2222 4292 2384 4363 μεθα,
2421 4292 2518 4346 καὶ
2558 4291 2669 4345 τῶν
2713 4290 3088 4344 ἀποστολικῶν
3121 4290 3306 4360 ὓμνων
3346 4289 3424 4359 τῷ
3462 4287 3588 4359 ὕψει
3638 4304 3845 4359 προσ-

2220 4385 2381 4455 ϐῆναι
2425 4382 2784 4453 πειραθῶμεν
2814 4397 2829 4411 ·
2884 4382 2945 4436 οὐ
2995 4382 3291 4454 τολμηρῶς
3346 4380 3665 4451 ἀνεφίκτοις
3731 4382 3846 4451 ἐγ-

523 4497 650 4553 (ιυω
694 4482 1022 4537 inconcessa
1051 4486 1186 4533 sunt
1215 4484 1534 4547 tentantes;
1575 4473 1673 4529 sed
1719 4474 1919 4528 timore
1959 4474 2114 4528 inac-

2225 4474 2553 4547 χειροῦντες,
2576 4475 2713 4529 ἀλλά
2742 4475 2895 4546 φόϐῳ
2936 4476 3049 4539 τοῖς
3095 4472 3416 4544 ἀπροσίτοις
3464 4473 3845 4543 προσιόντες.

522 4589 680 4630 cessa
711 4572 1020 4637 adeuntes;
1059 4584 1165 4625 nec
1203 4565 1426 4639 procaci
1471 4563 1703 4621 audacia
1736 4563 1940 4619 intacta
1981 4578 2116 4633 per-

521 4675 868 4736 rumpentes,
899 4662 997 4720 sed
1022 4661 1258 4734 pudore,
1281 4657 1546 4728 omnique
1579 4656 1844 4727 religione
1872 4670 1938 4709 ac
1964 4663 2116 4710 metu

522 4757 590 4812 ad
626 4772 692 4812 ea
718 4764 843 4826 qua:
873 4754 1150 4811 rationem
1177 4751 1658 4820 vimqueomnem
1701 4745 1977 4802 sermonis
2018 4760 2118 4801 su-

521 4857 740 4920 perant,
765 4855 1006 4902 mentem
1035 4842 1454 4917 pertendentes,
1479 4836 1864 4909 rationemque
1897 4853 1964 4894 ac
1991 4853 2114 4894 ser-

519 4938 707 4997 monis
743 4936 859 4992 vim
908 4935 979 4993 ad
1026 4951 1094 4992 ea
1126 4949 1249 5005 qua:
1296 4938 1541 4987 mentem
1593 4929 1770 4998 ipsam
1814 4929 2111 4997 excedunt,

519 5029 917 5102 provehentes,
949 5027 1020 5083 de
1062 5026 1393 5082 inexhausta
1430 5019 1819 5077 thesaurorum
1870 5019 2113 5089 Spiritus

521 5119 807 5192 opulentia
826 5134 924 5190 spe
939 5131 1339 5189 prmsumamus
1356 5128 1373 5181 ;
1391 5128 1460 5168 ex
1474 5126 1584 5182 qua
1601 5110 1862 5182 exiguum
1887 5112 2112 5182 aliquod

517 5212 808 5270 efﬂuvium
846 5210 1062 5284 (gratia:
1101 5209 1316 5266 scilicet
1362 5201 1592 5274 stillam)
1625 5216 1728 5275 per
1768 5205 1911 5274 ejus,
1942 5219 2110 5277 quem

592 5397 716 5434 ⁸³⁸⁸⁸
742 5397 766 5455 ι
793 5397 925 5456 Cor.
954 5413 1053 5464 xu,
1078 5396 1131 5453 8.

594 5556 673 5624 (7)
720 5554 1111 5627 Hpoo'svxa‘t’g
1141 5552 1533 5627 tua/tntae.”
1560 5552 1755 5627 Ipsum;
1814 5560 1899 5609 est
1950 5554 2101 5624 quod

521 5627 728 5684 Paulus
752 5624 913 5684 Rom.
939 5624 1056 5689 vin,
1088 5625 1184 5688 26,
1234 5625 1564 5695 στεναγμοῖς
1593 5624 1905 5695 ἀλαλήτοις,
1948 5627 2109 5695 gemi-

527 5697 662 5752 tibus
694 5696 1185 5761 cnenarrabilibus;
1222 5696 1358 5750 tanti
1385 5694 1605 5751 scilicet
1633 5694 1889 5763 fervoris,
1916 5694 1978 5753 ut
2007 5712 2110 5752 nec

527 5766 715 5825 verbis
754 5765 991 5839 exprimi
1038 5766 1239 5840 possit,
1290 5766 1409 5823 sive
1455 5764 1625 5824 etiam
1670 5764 1872 5837 tacitis,
1919 5775 2107 5826 mente

2221 4565 2359 4620 Οὐδὲ
2388 4566 2583 4637 θράσει
2632 4565 2742 4620 τῶν
2792 4565 3088 4636 ἀψαύστων
3127 4564 3579 4635 κατατολμῶντες
3606 4580 3625 4596 ο
3671 4566 3853 4619 αἰδοῖ

2217 4657 2402 4711 δὲκαὶ
2452 4656 2707 4727 εὐλαϐείᾳ
2740 4656 2891 4731 πάσῃ
2946 4657 3039 4711 τόν
3082 4673 3143 4710 τε
3194 4655 3318 4709 νοῦν
3369 4655 3505 4725 πρὸς
3558 4653 3630 4707 τά
3664 4654 3853 4726 ὑπὲρ

2216 4749 2378 4816 λόγον
2437 4748 2828 4816 ἀνατείνοντες,
2882 4750 2973 4804 τόν
3032 4767 3094 4802 τε
3140 4749 3298 4817 λόγον
3354 4749 3492 4819 πρὸς
3531 4746 3604 4800 τὰ
3664 4748 3852 4820 ὑπὲρ

2216 4840 2342 4896 νοῦν
2364 4840 2810 4909 ἀναϐιϐάζοντες,
2845 4844 2938 4896 ἐπὶ
2961 4843 3055 4896 τὸν
3088 4842 3364 4897 ἀκένωτον
3411 4840 3643 4893 πλοῦτον
3704 4842 3855 4898 τῶν

2215 4931 2311 4986 τοῦ
2334 4933 2651 5001 Πνεύματος
2671 4933 2984 5006 ἐλπίσωμεν
3004 4935 3295 5006 θησαυρῶν
3314 4951 3330 4966 ο
3353 4934 3415 5001 ἐξ
3443 4927 3505 4987 οὗ
3539 4933 3859 5004 βραχείας

2212 5024 2513 5096 ἀπορροῆς,
2545 5026 2664 5096 ἦτοι
2705 5028 2967 5097 σταγόνος
3015 5028 3258 5100 χάριτος.
3306 5027 3396 5081 διὰ
3437 5026 3537 5097 τῆς
3567 5024 3670 5078 τοῦ
3714 5027 3860 5098 ὕμ-

2214 5115 2475 5185 νουμένου
2501 5117 2743 5189 σήμερον
2767 5119 3186 5191 καταξιούμενοι
3222 5118 3543 5191 πρεσϐείας,
3576 5118 3854 5189 πρῶτον

2222 5207 2323 5278 μὲν
2351 5206 2450 5278 τὴν
2478 5208 2643 5264 αὐτοῦ
2671 5210 2807 5282 πρὸς
2858 5211 2959 5283 τὴν
3002 5211 3165 5284 χάριν
3210 5211 3325 5266 ἀπὸ
3374 5210 3470 5265 τοῦ
3494 5210 3672 5280 νόμου
3718 5227 3855 5283 με-

2209 5564 2373 5611 tenus
2427 5552 2718 5624 conceptis
2776 5552 2944 5624 inque
3015 5550 3108 5605 illa
3162 5552 3417 5610 occultis.
3490 5552 3863 5624 Interpret.

2212 5624 2488 5699 Ethiop,
2542 5626 2599 5699 in
2640 5623 3003 5699 aﬂiictionibus
3033 5634 3083 5699 et
3125 5625 3500 5699 tentalionibus
3561 5623 3873 5699 nostris;

2213 5695 2373 5766 quasi
2403 5695 2621 5766 legerit,
2663 5694 3084 5766 év__mtpaauo_i;
3114 5694 3458 5766 jusrépmq,
3511 5694 3700 5766 cujus
3747 5694 3872 5757 La;

2210 5763 2340 5825 men
2366 5763 2621 5823 lectionis
2643 5764 2860 5821 nullum
2899 5763 3046 5835 apud
3078 5764 3217 5821 alios
3242 5772 3421 5821 exstat
3475 5765 3875 5837 vestigium.
