4108 6424
321 368 386 435 57
1252 369 1536 431 ORATIO
1573 371 1670 432 IV.
1701 370 1870 432 -ΙΝ
1909 371 2228 432 LAUDEM
2268 373 2331 433 S.
2375 375 2727 436 ANDRE/E.
3543 381 3616 448 53

330 482 536 536 τάθεσιν
565 476 986 548 ἐπαινεσόμεθα
1012 493 1028 508 ο
1076 477 1270 533 ἔπειτα
1303 480 1382 544 δὲ,
1415 497 1515 550 την
1550 481 1608 533 ἐν
1628 479 1706 549 τῷ
1742 480 1917 547 Εὐαγ-

2041 482 2188 538 wdie
2219 482 2560 538 laudandum
2587 485 2955 554 suscepimus,
2998 485 3453 544 intercessionem
3478 505 3615 546 con-

329 575 476 643 γελίῳ
503 575 708 626 τούτου
742 570 1112 642 συντεμόντες
1164 572 1538 643 εὐδοκίμησιν,
1584 575 1683 643 τὴν
1731 575 1919 639 τιμίαν

324 666 450 720 οὕτω
480 665 580 719 καὶ
609 665 1020 739 Χριστοπρεπῆ
1051 667 1415 738 προσοίσομεν
1442 666 1723 736 τελευτήν.

2029 575 2244 642 secuti;
2300 576 2540 645 primum
2589 576 2813 646 quidem
2861 577 3010 632 illius
3052 595 3082 631 a
3118 579 3235 649 lege
3283 580 3351 634 ad
3385 583 3618 651 gratiam

2035 666 2448 721 translationem
2480 666 2870 721 laudabimus:
2900 678 3014 722 tum
3047 685 3179 723 vero
3208 671 3328 740 ejus
3356 671 3411 724 in
3439 674 3620 728 Evan-

319 766 448 836 gelia
477 763 756 835 praeclare
789 773 949 836 gesta
983 764 1439 838 perstringentes,
1489 763 1570 818 sic
1613 763 1914 834 pretiosam
1954 778 2195 835 vereque
2223 762 2593 820 Christianam
2627 763 2775 818 illius
2840 773 3074 820 mortem
3132 775 3297 836 atque
3331 781 3617 823 excessum

316 864 626 920 sileremus.

387 953 654 1023 Ἀνδρέας
684 954 885 1007 τοίνυν
913 954 995 1020 (τὸ
1039 955 1373 1024 τιμιώτατον
1402 953 1523 1025 Θεῷ
1555 956 1793 1025 πρᾶγμα
1826 956 1920 1008 καὶ

311 1046 528 1117 ὄνομα),
591 1050 624 1100 ό
652 1047 864 1110 πιστὸς
913 1047 1011 1099 καὶ
1071 1048 1336 1118 φρόνιμος
1395 1047 1490 1100 τοῦ
1552 1048 1768 1119 Πατρὸς
1813 1047 1925 1100 τῶν

315 1141 505 1209 φώτων
534 1141 869 1210 οίκονόμος,
897 1142 934 1194 δ’
975 1139 1152 1210 μέγας
1200 1140 1298 1193 τοῦ
1354 1140 1493 1194 Θεοῦ
1541 1141 1721 1209 Λόγου
1751 1140 1926 1212 κήρυξ

323 1235 412 1287 καὶ
444 1233 842 1303 δοκιμώτατος
874 1234 1138 1303 ὁμιλητὴς
1175 1251 1191 1264 ·
1224 1237 1253 1288 ό
1284 1233 1380 1288 106
1411 1235 1570 1302 ἁγίου
1606 1234 1928 1304 Πνεύματος

327 1325 617 1394 ἁγιώτατος
658 1326 963 1397 ὑπηρέτης
993 1328 1090 1380 καὶ
1115 1329 1455 1398 Θεραπευτής
1479 1344 1493 1358 ο
1531 1321 1686 1391 οὗτος
1731 1327 1820 1382 ἀεὶ
1848 1325 1926 1396 τῷ

323 1418 429 1488 θεῷ
461 1418 970 1488 προεγνωσμένος,
994 1419 1072 1481 ὡς
1115 1419 1329 1487 ἀγαθῆς
1358 1436 1417 1472 τε
1457 1418 1638 1489 ψυχῆς
1666 1420 1762 1472 καὶ
1794 1416 1930 1486 γνώα

326 1529 423 1583 pq;
460 1513 737 1580 ἐσόμενος
789 1512 879 1564 ὅτι
933 1511 1173 1579 μάλιστα
1232 1511 1415 1576 δεξιᾶς
1469 1513 1576 1575 ἀεὶ,
1631 1510 1719 1563 διὰ
1769 1509 1929 1562 τοῦτο

330 1607 417 1658 καὶ
472 1605 800 1675 προώριστο
853 1603 1182 1675 σύμμορφος
1234 1603 1456 1657 ἔσεσθαι
1501 1605 1597 1657 τοῦ
1655 1601 1793 1657 Θεοῦ
1848 1601 1929 1672 τῷ

330 1697 636 1764 “0997:st.

401 1788 555 1841 ἐπεὶ
583 1788 684 1842 οὖν
741 1791 773 1842 ό
807 1789 918 1858 τῆς
967 1789 1284 1859 οἰκονομίας
1334 1787 1431 1841 106
1470 1787 1667 1856 Λόγου,
1700 1787 1796 1840 καὶ
1830 1788 1934 1857 τῆς

313 1880 650 1946 ἀναδείξεως
693 1879 902 1951 ὲνὲστη
965 1879 1181 1950 καιρὸς,
1235 1879 1344 1932 ἔδει
1395 1877 1616 1942 πάντως
1661 1878 1756 1932 καὶ
1806 1878 1935 1942 τοὺς

313 1974 555 2037 οἰκείους
606 1973 770 2044 αὐτῷ
822 1973 1373 2028 συναναδείκνυσθαι.
1433 1972 1591 2027 Ἔδει
1638 1971 1736 2027 106
1777 1971 1935 2042 βασι-

2095 955 2346 1012 Andreas
2397 956 2567 1027 igitur
2593 957 2704 1018 (res
2746 958 2860 1013 Deo
2908 958 3234 1014 charissima
3283 976 3347 1015 ac
3389 963 3614 1030 nomen)

2025 1047 2209 1102 ﬁdelis
2235 1061 2301 1101 ac
2323 1046 2572 1116 prudens
2596 1048 2778 1103 Patris
2805 1049 3078 1103 luminum
3116 1065 3460 1116 meonomus,
3494 1067 3614 1105 ma-

2025 1156 2168 1212 gnus
2191 1142 2287 1197 Dei
2317 1141 2484 1198 Verbi
2512 1157 2692 1213 praeco
2720 1143 3254 1214 probatissimusque
3274 1143 3619 1214 discipulus;

2026 1233 2271 1305 Spiritus
2300 1233 2478 1289 sancti
2527 1234 2912 1290 sanctissimus
2955 1235 3210 1290 minister
3251 1251 3318 1291 ac
3353 1235 3615 1291 famulus.

2029 1324 2131 1380 Hic
2176 1323 2274 1379 Dei
2324 1338 2544 1392 semper
2589 1323 2936 1392 prmscientia
2985 1323 3280 1395 cognitus,
3316 1325 3436 1380 fore
3486 1324 3618 1380 boni

2029 1415 2202 1470 animi
2250 1431 2316 1470 ac
2363 1431 2528 1486 quam
2575 1416 2811 1471 maxime
2863 1419 3081 1473 solertis
3128 1419 3360 1489 ingenii,
3409 1419 3619 1474 idcirco

2029 1508 2198 1563 etiam
2225 1524 2445 1578 semper
2481 1509 2905 1579 prmdestinatus
2926 1519 3012 1566 est
3045 1520 3107 1565 ut
3139 1519 3288 1568 esset
3317 1511 3621 1568 conformis

2032 1600 2330 1672 Unigenito
2366 1601 2463 1656 Dei
2487 1601 2554 1655 ⁷⁸.

2100 1806 2258 1874 Quod
2293 1805 2464 1877 igitur
2489 1802 2921 1875 dispensationis
2948 1801 3140 1867 Verbi,
3172 1803 3403 1873 ejusque
3431 1801 3620 1857 decla--

2031 1898 2268 1956 rationis
2317 1906 2539 1968 tempus
2583 1895 2905 1962 advenerat,
2935 1894 3162 1950 omnino
3193 1894 3428 1950 decebat
3464 1901 3526 1948 ut
3567 1903 3622 1948 et
3689 1923 3696 1934 ι

2034 1989 2096 2056 ii,
2127 1990 2224 2060 qui
2252 1988 2373 2060 ejus
2399 1993 2608 2053 essent,
2640 2001 2706 2042 ac
2729 1985 3033 2041 necessarii
3065 1985 3269 2051 forent,
3297 1984 3507 2054 pariter
3533 1983 3624 2038 de-

314 2069 453 2130 λέως
480 2066 791 2136 παρόντος,
821 2067 922 2119 καὶ
948 2065 1076 2129 τοὺς
1096 2065 1260 2119 αὐτοῦ
1293 2067 1552 2136 παρεῖναι
1572 2064 1928 2136 δορυφόρους.

2041 2082 2382 2139 clararentur
2410 2081 2478 2135 τί.
2507 2079 2743 2137 Necesse
2776 2087 2898 2134 erat
2922 2087 2982 2133 ut
3014 2077 3164 2148 Rege
3187 2084 3482 2147 praesente,
3504 2077 3627 2146 ejus

330 2160 497 2213 am
525 2161 584 2214 τί
613 2161 676 2214 τὺ
715 2161 952 2230 σημεῖον
974 2159 1078 2228 τῆς
1103 2159 1198 2211 τοῦ
1236 2157 1505 2228 βασιλέως
1532 2158 1932 2229 φανερώσεως;

331 2255 513 2320 Φωνὴ
547 2251 812 2316 βοιῖιγτος
837 2252 915 2305 ἐν
940 2248 1020 2320 τῇ
1055 2250 1280 2318 ἐρήμῳ.
1308 2249 1466 2321 Φωνὴ
1498 2250 1606 2319 πρὸ
1637 2246 1934 2319 προσώπου

339 2345 438 2398 τοῦ
460 2347 647 2412 Λόγου
677 2345 934 2418 προίοὖσα
957 2385 973 2409 ,
1035 2345 1132 2398 καὶ
1193 2343 1294 2408 τὰς
1339 2344 1493 2407 ὁδοὺς
1541 2342 1706 2397 αὑτοῦ
1766 2361 1935 2397 κατα-

333 2440 720 2504 σκευάζουσα,
781 2438 842 2491 τὰ
893 2438 1252 2509 ἀνεῤῥωγότα
1290 2436 1608 2507 πληροῦσα,
1633 2434 1706 2490 τὰ
1757 2435 1937 2506 ὑψηλὰ

320 2531 688 2595 ταπεινοῦται,
719 2533 816 2585 καὶ
864 2531 939 2584 τὰ
983 2528 1175 2583 σκολιὰ
1231 2534 1330 2600 μὲν
1375 2528 1785 2583 κατευθύνουσα
1808 2569 1822 2594 ,
1868 2528 1937 2581 τὰ

311 2624 532 2694 τραχέα
560 2624 620 2678 δὲ
650 2624 1102 2678 καταλεαίνουσα
1142 2623 1254 2677 τῶν
1310 2623 1481 2692 ἠθῶν.
1536 2623 1650 2677 Καὶ
1708 2622 1768 2677 οὐ
1804 2621 1936 2695 ψιλή

310 2718 470 2786 φωνὴ
501 2717 650 2787 μόνη
694 2717 761 2769 τὸ
791 2718 1125 2788 τεκμήριον,
1168 2715 1306 2769 ἀλλὰ
1355 2717 1451 2770 καὶ
1501 2698 1787 2788 βάπτισμα
1841 2735 1939 2788 με·

307 2811 530 2872 τανοίας
566 2827 585 2842 ο
643 2810 747 2864 καὶ
793 2811 824 2864 ό
884 2810 986 2880 μὲν
1018 2811 1357 2881 ,Βαπτιστὴς
1410 2812 1504 2864 ἐπὶ
1563 2811 1659 2864 τοῦ
1720 2809 1935 2877 ὕδατος,

313 2904 410 2957 καὶ
443 2904 473 2956 ό
502 2903 800 2967 Βασιλεὺς
850 2904 999 2957 κατὰ
1046 2903 1216 2967 πόδας
1259 2903 1423 2968 εὐθὺς
1473 2904 1568 2958 ἐπὶ
1622 2903 1686 2957 τὸ
1738 2903 1938 2974 βαπτί-

327 2996 505 3061 ζεσθαι
532 2997 744 3069 παρών
777 3013 793 3026 ·
847 2997 943 3050 καὶ
997 2998 1028 3067 ή
1085 2996 1412 3069 ἀνάρῤησις,
1443 2995 1518 3059 ὡς
1579 2995 1931 3067 θεοπρεπήςί

334 3089 563 3157 οὐρανῶν
616 3089 746 3160 γὰρ
798 3087 953 3159 αὐτῷ
995 3087 1381 3158 βαπτιζομένῳ
1425 3087 1651 3156 γέγονεν
1691 3087 1936 3141 ἀνάπτυ-

337 3183 431 3248 ξις,
480 3183 820 3252 Πνεὺματος
874 3183 1182 3246 ὲπὲλευσις,
1220 3181 1372 3252 φωνή
1404 3198 1464 3234 τε
1516 3181 1723 3250 Κυρίου
1779 3181 1938 3254 βρον-

323 3277 537 3341 τῶντος,
570 3277 678 3330 ἐπὶ
701 3275 824 3328 τῶν
855 3274 1086 3340 ὑδάτων,
1119 3269 1208 3327 οἷα
1227 3273 1498 3345 δακτύλῳ,
1537 3275 1604 3344 τῇ
1637 3275 1938 3347 περιστερᾷ

315 3373 406 3426 τὸν
431 3372 741 3441 ἀγαπητὸν
766 3371 977 3425 ἀνωθεν
1004 3369 1430 3432 ὲπιδεικνύντος.

386 3466 550 3520 Οὕτω
573 3464 678 3518 τοῦ
711 3462 977 3534 οὐρανίου
1011 3462 1309 3527 Βασιλέως,
1339 3463 1438 3534 τῆς
1475 3461 1723 3516 Ἰωάννου
1760 3460 1936 3533 μείζω

319 3561 419 3628 τὴν
469 3559 586 3612 ἀπὸ
632 3555 736 3610 τοῦ
779 3554 999 3625 Πατρὸς
1025 3553 1321 3626 ἐσχηκότος
1374 3554 1685 3625 μαρτυρίαν
1715 3571 1729 3584 ο
1772 3552 1939 3616 αὐτός

318 3671 379 3704 τε
439 3653 676 3724 πρῶτος
723 3653 752 3704 ὁ
801 3648 1139 3719 Βαπτιστής,
1200 3648 1298 3701 καὶ
1353 3649 1474 3718 μετ’
1533 3647 1698 3701 αὐτὸν
1750 3646 1934 3714 εὐθὺς,

319 3740 365 3799 ὦ
387 3743 803 3816 μακαριώτατε
837 3742 926 3807 σὺ,
966 3743 1035 3811 τῇ
1071 3740 1166 3794 106
1227 3739 1548 3811 Πνεύματος
1597 3739 1939 3812 συνεκράθης

322 3841 398 3910 τῷ
449 3837 913 3909 μαρτυρουμένῳ
961 3836 1189 3906 στοργῇ.
1245 3834 1358 3887 Καὶ
1409 3834 1521 3905 γὰρ
1565 3833 1666 3887 οὐκ
1717 3833 1938 3904 ἀμέσως

325 3934 398 4002 τῷ
446 3928 904 4000 θεαρχικωτὰτῳ
956 3926 1408 3998 προσελήλυθας·
1471 3923 1592 3978 οὐδὲ
1653 3924 1714 3989 ἐξ
1744 3925 1933 3992 αὐτῆς,

323 4023 396 4086 ὡς
464 4023 687 4083 εἰπεῖν,
732 4020 835 4088 τῆς
869 4017 1097 4089 πρώτης
1127 4017 1224 4071 106
1271 4016 1391 4087 βίου
1448 4016 1694 4088 βαλϐῖδος
1751 4016 1938 4069 ἐπιϐέ-

317 4115 503 4186 ϐηκας
564 4113 675 4182 τῆς
725 4112 1064 4181 τελειότητος
1094 4127 1110 4142 ’
1165 4110 1286 4173 πῶς
1331 4108 1490 4181 γάρ;
1551 4108 1698 4162 Ἔδει
1746 4109 1805 4162 δὲ
1859 4107 1939 4180 τῷ

315 4211 472 4278 νόμῳ
521 4207 626 4260 τοῦ
684 4207 1021 4276 γράμματος
1049 4202 1654 4278 προπαιδαγωγηθέντα
1706 4202 1788 4276 τῷ
1839 4203 1936 4257 106

321 4301 660 4371 Πνεύματος
685 4299 836 4353 οὕτω
861 4299 1178 4370 περιτυχεῖν
1209 4313 1224 4330 ·
1273 4296 1368 4350 καὶ
1396 4296 1518 4358 ταῖς
1547 4294 1660 4348 τῶν
1708 4293 1939 4348 ἐντολῶν

330 4395 553 4446 ἁτελὲτι
583 4389 1153 4464 προστοιχειωθέντα,
1199 4388 1346 4443 οὕτω
1383 4388 1478 4441 τοῦ
1507 4387 1842 4457 Εὑαγγελίου
1869 4389 1937 4459 τῇ

333 4487 642 4558 τελειότητι
710 4487 1079 4556 προσχωρεῖν,
1136 4483 1213 4546 ὡς
1258 4481 1482 4552 ἑδραίαν
1540 4483 1597 4535 ὲν
1650 4483 1786 4552 αὐτῇ
1842 4481 1939 4533 καὶ

329 4579 681 4647 ἀμετάθετον
720 4577 818 4650 τὴν
848 4577 1059 4647 ἵδρυσιν
1111 4576 1281 4647 ἔχειν.
1336 4575 1484 4628 Ἔδει
1532 4573 1612 4645 τῷ
1646 4574 1939 4645 προδρόμῳ

317 4672 535 4744 λύχνῳ,
581 4673 695 4735 τὰς
749 4671 852 4741 τῆς
897 4666 1824 4740 καρδίας.προκατασκευασθέντας
1849 4667 1940 4720 κό-

2036 2190 2258 2246 quoque
2312 2174 2578 2229 satellites
2618 2180 2820 2244 ιιι-ωειο
2854 2179 3062 2226 essent.
3096 2171 3300 2224 Verum
3344 2161 3626 2238 quodnam

2037 2269 2254 2342 signum
2295 2265 2691 2322 declarationis
2731 2264 2938 2336 Regis?
2965 2263 3074 2318 Vox
3117 2261 3402 2317 clamantis
3449 2264 3506 2315 ίη
3537 2263 3626 2314 de-

2035 2369 2200 2415 serto.
2251 2359 2371 2414 Vox
2422 2358 2655 2429 prazicns
2702 2366 2830 2412 ante
2872 2357 3072 2412 faciem
3113 2355 3323 2418 Verbi,
3364 2353 3626 2423 illiusque

2038 2467 2353 2522 praeparans
2390 2450 2529 2514 vias,
2567 2465 2691 2520 quae
2737 2449 2956 2519 dirupta
3004 2448 3279 2517 compleat
3309 2455 3366 2502 et
3411 2445 3627 2500 confra-

2037 2559 2204 2615 gosa;
2243 2543 2460 2599 excelsa
2502 2539 2782 2607 humiliet,
2826 2557 2925 2596 seu
2961 2541 3255 2611 deprimat,
3289 2555 3459 2610 prava
3490 2539 3631 2594 diri-

2037 2648 2149 2709 gat,
2169 2652 2364 2706 aspera
2398 2651 2614 2690 morum
2644 2635 2958 2705 complanet
2986 2643 3044 2689 et
3083 2633 3258 2689 leniat
3285 2632 3352 2687 7'.
3375 2632 3488 2688 Nec
3510 2631 3629 2687 sola

2036 2749 2145 2786 vox
2175 2733 2391 2802 signum
2427 2739 2532 2794 est,
2580 2729 2679 2784 sed
2708 2736 2764 2784 et
2806 2728 3115 2799 baptismus
3160 2727 3524 2798 pmnitentim.
3553 2727 3633 2780 Ac

2038 2824 2265 2894 quidem
2313 2822 2560 2894 Baptista
2607 2837 2776 2892 super
2798 2837 3002 2891 aquas;
3029 2821 3256 2889 Rexque
3285 2828 3487 2890 praesto
3517 2828 3632 2873 sta-

2039 2917 2140 2972 tim
2175 2925 2250 2970 ~ut
2297 2916 2601 2986 intingatur
2639 2932 2654 2980 ;
2702 2929 2765 2969 ac
2816 2914 3155 2983 praeconium
3196 2927 3364 2982 quam
3404 2912 3632 2981 plenum

2038 3009 2328 3080 majestate
2352 3023 2419 3062 ac
2451 3007 2701 3061 divinum
2731 3007 2744 3060 l
2778 3006 2887 3076 Ipsi
2916 3006 3067 3060 enim
3095 3005 3187 3074 qui
3215 3020 3356 3074 aqua
3384 2991 3634 3074 tingeba-

2041 3107 2151 3164 tur,
2203 3097 2541 3168 explicatum
2589 3094 2792 3151 ccelum
2830 3111 2846 3159 ;
2896 3092 3124 3147 advenit
3172 3091 3435 3162 Spiritus,
3488 3091 3634 3144 facta

2039 3205 2145 3245 vox
2185 3188 2404 3244 Domini
2437 3186 2680 3242 tonantis
2711 3202 2880 3256 super
2921 3201 3114 3255 aquas,
3145 3184 3408 3254 velutque
3436 3182 3631 3253 digito,

2040 3283 2312 3338 columbae
2364 3280 2588 3350 illapsu,
2627 3278 3018 3334 charissimum
3067 3291 3133 3332 ac
3183 3275 3562 3348 prazdilectum
3602 3290 3636 3328 e

2039 3377 2182 3434 cmlo
2209 3373 2558 3430 ostendentis
2583 3373 2650 3426 ³⁷³.

2114 3468 2177 3524 In
2205 3468 2358 3523 hunc
2386 3465 2611 3520 modum
2638 3463 2852 3520 caelesti
2879 3462 3049 3535 Rege,
3098 3462 3276 3532 majus
3310 3459 3523 3516 Joanne
3554 3465 3638 3514 te-

2045 3560 2370 3618 stimonium
2411 3574 2444 3615 e
2489 3558 2630 3614 caelo
2678 3563 2984 3613 consecuto
3013 3555 3062 3587 ⁷⁵
3097 3568 3225 3609 cum
3273 3552 3392 3622 ipse
3422 3550 3638 3621 primus

2045 3654 2315 3724 Baptista,
2337 3661 2454 3708 tum
2486 3651 2674 3712 statim
2708 3650 2778 3706 ab
2804 3649 2922 3714 illo,
2949 3656 3008 3702 tu
3033 3645 3378 3711 beatissime,
3407 3643 3635 3700 arctiori

2046 3746 2278 3819 spiritus
2327 3743 2536 3800 amoris
2569 3743 2646 3808 vi,
2679 3741 2770 3797 cui
2816 3739 3197 3796 testimonium
3246 3735 3637 3798 deferebatur,

2044 3837 2290 3909 proclive
2329 3833 2632 3890 adhaasisti.
2679 3832 2793 3887 Nec
2829 3831 2978 3885 enim
3021 3831 3230 3899 absque
3275 3828 3388 3882 ullo
3428 3826 3636 3886 medio.

2045 3927 2394 3985 divinissimo
2433 3923 2512 3997 illi
2535 3920 2818 3977 accessisti
2840 3937 2856 3987 ;
2882 3935 2986 3975 nec
3012 3919 3082 3972 ab
3115 3917 3251 3987 ipsis
3285 3916 3470 3971 statim
3510 3914 3640 3968 vitae

2044 4017 2364 4075 carceribus
2391 4015 2475 4086 (ut
2504 4014 2586 4069 sic
2611 4011 2829 4081 loquar)
2853 4007 3210 4080 perfectionis
3235 4007 3343 4061 alta
3372 4020 3642 4060 conscen-

2044 4109 2175 4166 disti
2201 4128 2215 4163 :
2247 4108 2351 4176 Qui
2381 4106 2534 4164 enim
2572 4107 2626 4161 id
2655 4105 2850 4161 ﬁeret?
2874 4104 3112 4159 Necesse
3129 4115 3264 4156 vero
3289 4108 3410 4155 erat
3433 4109 3496 4152 ut
3517 4099 3640 4173 lego

2046 4204 2252 4276 scripta
2279 4211 2408 4258 ante
2431 4200 2705 4265 eruditus,
2727 4199 2809 4254 sic
2837 4198 2975 4269 legis
3001 4195 3236 4265 spiritus
3264 4207 3490 4262 compos
3518 4189 3639 4246 cill-

2046 4295 2291 4361 cereris;
2331 4301 2501 4363 atque
2534 4299 2596 4347 ut
2630 4287 3142 4361 imperfectioribus
3175 4286 3333 4357 prius
3363 4282 3642 4338 mandatis

2046 4384 2323 4449 eruditus,
2366 4383 2450 4438 sic
2491 4382 2838 4454 Evangelieaa
2877 4379 3207 4452 perfectioni
3236 4374 3636 4442 admovercris,

2049 4478 2106 4532 in
2138 4492 2250 4547 qua
2273 4475 2539 4530 nimirum
2569 4473 2784 4529 firmam
2815 4473 3004 4529 sedem
3038 4487 3104 4527 ac
3132 4479 3336 4526 statum
3381 4467 3639 4523 immobi-

2048 4571 2159 4626 lem
2201 4569 2496 4624 habiturus
2521 4581 2696 4623 esses.
2730 4567 2836 4622 Par
2864 4574 2984 4621 erat
3023 4574 3086 4620 ut
3131 4572 3504 4635 praecurrente
3556 4562 3640 4615 Iu-

2049 4677 2238 4727 cerna,
2269 4661 2439 4715 animi
2473 4659 2682 4730 pupilla
2702 4659 2816 4729 jam
2863 4667 2991 4713 ante
3036 4664 3362 4727 pmparata,
3392 4653 3471 4709 sic
3498 4653 3642 4710 lucis

317 4783 451 4837 ρας,
473 4766 544 4818 τὸ
571 4761 978 4834 ὑπέρλαμπρον
1014 4761 1158 4815 οὕτω
1192 4761 1288 4814 καὶ
1343 4760 1489 4830 μέγα
1537 4756 1937 4824 καταδέξασθαι

2048 4769 2246 4810 omnes
2272 4752 2521 4823 fulgores
2543 4755 2818 4807 excedens
2842 4765 3101 4820 magnum
3124 4748 3311 4802 lumen
3341 4747 3636 4815 reciperet.

313 4858 486 4929 φῶς·
526 4857 625 4910 διὰ
676 4856 861 4919 τοῦτο,
892 4854 970 4918 ὡς
1030 4854 1192 4924 μόνον
1243 4851 1344 4922 τὴν
1402 4850 1588 4921 φωνὴν
1644 4851 1704 4904 ὲν
1749 4851 1944 4920 ἐρήμῳ

317 4951 556 5022 βοῶσαν
585 4949 934 5020 ἐπακήκοας.
961 4949 1060 5020 οὐχ
1077 4947 1153 5011 ὡς
1184 4947 1309 5016 είκῆ
1340 4944 1627 5014 φωνοῦσαν
1659 4943 1945 4996 ἀπεσείσω

324 5049 475 5102 κατὰ
493 5049 637 5108 τοὺς
668 5044 890 5108 ἀσεϐεῖς
926 5061 942 5076 ο
995 5043 1111 5097 οὐδ’
1167 5041 1530 5106 ἀξιάκουστον
1582 5038 1682 5109 μὲν
1727 5038 1943 5108 ήγήσω,

335 5145 400 5213 τῇ
457 5139 569 5197 τοῦ
633 5139 755 5211 βίου
805 5139 866 5192 δὲ
921 5137 1245 5209 ματαιότητι
1304 5134 1794 5204 κατατεινόμενος,
1846 5131 1947 5200 τὴν

337 5236 618 5309 ἀκρόασιν
647 5233 960 5305 παρῃτήσω
1012 5230 1156 5286 κατὰ
1190 5229 1319 5293 τοὺς
1376 5226 1608 5291 πολλούς
1639 5242 1655 5258 ⁸
1686 5225 1796 5280 οὐδ’
1827 5223 1951 5294 ὲγέ-

333 5347 426 5382 νου
453 5330 564 5400 μὲν
603 5325 844 5397 πλησίον
894 5325 1088 5395 αὐτῆς,
1142 5323 1355 5394 βαρέως
1405 5322 1464 5374 δὲ
1501 5319 1647 5374 κατὰ
1671 5318 1799 5382 τοὺς
1829 5317 1950 5388 ἀψι-

331 5423 542 5495 κόρους
571 5418 855 5491 ἀκηκοὼς,
908 5417 1073 5482 εὐθὺς
1118 5419 1200 5481 είς
1230 5415 1298 5470 τὰ
1337 5415 1515 5469 ὀπίσω
1567 5411 1909 5474 παλινοστείς
1932 5424 1949 5440 ο

329 5516 477 5569 ἀλλὰ
508 5515 740 5585 πρῶτον
790 5511 890 5581 μὲν
923 5511 1022 5564 τὸν
1064 5513 1166 5582 τῆς
1212 5509 1522 5580 γεννήσεως
1584 5504 1808 5578 τρόπον,
1848 5503 1950 5573 τῆς

329 5610 690 5682 ἀνατροιξῆς,
725 5607 823 5677 τῆς
850 5604 1086 5676 διαίτης,
1115 5604 1209 5658 καὶ
1260 5602 1359 5672 τῆς
1402 5601 1532 5670 ὅλης
1580 5595 1676 5651 τοῦ
1708 5597 1951 5668 κήρυκος

407 5795 452 5827 ⁷⁸
484 5795 624 5849 Luc.
667 5806 769 5854 xu,
835 5791 927 5857 42;
957 5789 1073 5845 Jac.
1107 5805 1144 5851 ι,
1193 5790 1288 5852 i7;
1321 5788 1479 5846 Rom.
1521 5805 1638 5856 vm,
1684 5788 1776 5845 :29.
1853 5785 1937 5843 ⁷⁸1

2046 5826 2056 5839 .
2109 5799 2148 5849 ι,
2181 5783 2267 5840 80.

345 5866 390 5902 ’³
417 5867 570 5924 Psal.
603 5879 798 5930 xxviii,
829 5861 862 5917 5
937 5860 983 5894 ⁷⁵
1015 5859 1174 5917 Joau.
1213 5875 1266 5927 v,
1295 5859 1384 5915 56.

2049 4847 2287 4907 Idcirco.
2324 4861 2453 4901 mox
2482 4860 2547 4900 ac
2591 4858 2784 4900 vocem
2819 4845 3149 4900 clamantem
3181 4841 3237 4896 in
3276 4841 3496 4896 deserto
3535 4855 3638 4894 au-

2050 4938 2204 5006 disti,
2228 4953 2342 4994 non
2366 4938 2520 4993 velut
2541 4946 2754 4992 temere
2780 4937 3134 5000 clamantem,
3163 4933 3460 5004 impiorum
3483 4947 3640 4988 more

2052 5032 2338 5104 repulisti:
2360 5047 2466 5087 nec
2485 5031 2709 5102 dignam
2732 5029 3037 5086 arbitratus
3065 5029 3156 5085 cui
3178 5029 3406 5084 auditus
3426 5042 3643 5083 accom-

2053 5125 2409 5190 moderetur,
2467 5123 2658 5181 saeculi
2715 5123 2948 5180 vanitati
3010 5123 3308 5179 intendens
3356 5121 3640 5187 animum,

2052 5217 2208 5288 vulgi
2257 5231 2410 5272 more
2445 5215 2641 5271 audire
2678 5216 2956 5272 renuisti:
3005 5229 3108 5270 nec
3155 5213 3384 5284 propius
3415 5209 3666 5281 quidem.

2055 5309 2358 5377 accessisti,
2384 5309 2627 5380 graviter
2652 5317 2836 5365 autem
2865 5307 3120 5374 audiens,
3156 5308 3310 5362 velut
3340 5302 3643 5360 fastidiosis

2059 5421 2161 5461 usu
2181 5405 2357 5472 venit,
2380 5404 2565 5460 statim
2595 5403 2795 5474 pedem
2825 5402 3065 5458 retulisti
3090 5420 3104 5455 :
3131 5401 3226 5456 sed
3256 5398 3494 5470 primum
3526 5396 3641 5451 nati

2057 5499 2328 5570 praeconis
2373 5498 2621 5563 modum,
2647 5497 2905 5553 eximiam
2957 5493 3362 5551 institutionem
3403 5489 3643 5558 vitasque

2056 5607 2279 5647 munem
2313 5591 2584 5646 rationem
2610 5589 2952 5656 demiratus;
2977 5599 3204 5658 tumque
3233 5581 3642 5656 praedicationis

2351 5783 2392 5816 ⁷³
2428 5781 2532 5839 lsa.
2566 5796 2653 5849 ιι,
2680 5781 2746 5846 5;
2796 5774 2987 5832 Matth.
3047 5785 3129 5839 ιιι,
3179 5772 3246 5840 ὖ;
3301 5769 3440 5828 Luc.
3471 5778 3558 5833 ιιι,
3583 5770 3616 5824 5
