4108 6424
569 347 645 414 59
1789 352 2088 418 NICET/E
2128 357 2579 418 PAPHLAGON
2584 356 2661 417 IS
3782 360 3846 426 θθ

569 463 627 519 vi
657 462 956 520 attendens
995 462 1268 530 animum,
1306 478 1373 520 ac
1402 464 1558 521 velut
1604 464 1859 523 divinum
1896 469 2158 541 quoddan

2277 468 2508 539 ἀγωγῆς
2566 466 2628 521 τὸ
2678 466 2955 540 ὑπερφυὲς
3018 465 3499 538 ἐκτεθαυμακώςο
3551 466 3738 525 ἔπειτα
3786 475 3844 544 τῇ

569 557 809 613 verbum
837 558 1169 628 cunctisque
1214 557 1459 619 salutare
1489 558 1829 631 intelligens,
1860 578 1892 617 a
1916 562 2169 632 parenti-

571 651 680 709 bus
704 658 871 723 atque
891 651 1178 716 fratribus,
1194 650 1461 722 omnique
1480 653 1811 723 cognatione
1830 654 2169 722 abscessisti,

571 755 742 817 atque
771 746 923 801 illius
954 754 1008 801 te
1035 754 1213 800 totum
1236 744 1545 816 disciplinae
1569 746 1856 813 addieens,
1885 756 2170 817 paternam

573 837 958 895 haereditatem
982 846 1042 894 et
1073 838 1463 909 piscationem,
1487 855 1553 895 ac
1583 838 1979 895 navieulariam
2010 854 2169 909 spre-

572 932 746 987 visti:
783 931 880 986 sed
912 938 969 987 et
1007 930 1311 987 mulcentia
1340 932 1549 998 omnia,
1575 942 1741 1004 atque
1772 932 1841 988 ad
1879 931 2171 988 libidinem

572 1022 939 1094 pellicientia,
966 1023 1370 1094 contempsisti.
1399 1022 1631 1093 Jamque
1658 1023 1855 1079 melius
1877 1038 2041 1094 quam
2067 1038 2171 1094 pro

574 1114 822 1191 hominis
849 1115 1065 1171 ratione
1089 1115 1332 1187 sapiens,
1358 1117 1604 1172 urbanos
1638 1124 1817 1172 coetus
1852 1130 2167 1185 morasque,

574 1207 839 1275 deserto;
874 1208 1149 1265 tumultus
1175 1209 1414 1279 vitaeque
1446 1209 1688 1280 negotia,
1719 1209 1909 1279 quiete
1938 1223 2004 1265 ac
2032 1207 2171 1263 soli-

581 1298 815 1367 tudine;
865 1299 1129 1365 delicias,
1169 1300 1513 1357 continentia
1557 1316 1623 1356 ac
1673 1301 1934 1372 jejunio;
1979 1315 2167 1356 rerum

575 1391 920 1448 afﬂuentiam
945 1432 962 1459 ,
994 1392 1269 1448 tenuitate
1315 1409 1516 1448 census
1556 1392 1944 1448 commutasti:
1985 1392 2172 1463 Bapti-

574 1493 785 1556 stzeque
808 1484 1263 1552 contubernium,
1287 1500 1480 1556 regum
1509 1485 1634 1539 aula
1660 1483 1875 1554 potiore
1915 1484 2039 1540 loco
2063 1483 2167 1539 du-

575 1591 733 1642 cens,
765 1591 987 1631 omnem
1019 1576 1177 1632 brevi
1223 1577 1580 1648 praeceptoris
1608 1576 1873 1632 virtutem
1904 1576 2168 1632 imitatio-

514 1730 537 1737 ,
572 1666 663 1724 nis
706 1668 861 1724 cultu
904 1669 1219 1737 attraxisti;
1264 1677 1513 1723 exactam
1556 1667 1825 1723 doctrinae
1868 1669 2165 1735 rationem,

570 1758 941 1814 constantiam
968 1757 1163 1824 animi,
1186 1773 1403 1813 morum
1431 1757 1795 1823 honestatem,
1825 1757 1955 1813 vita
1984 1757 2169 1828 splen-

570 1849 787 1916 dorem,
811 1859 1163 1906 terrenorum
1190 1859 1589 1921 contemptum,
1639 1859 1960 1906 contentum
1991 1850 2160 1906 caele-

574 1940 746 1997 stium
795 1941 1076 1997 desiderio
1112 1941 1397 2007 animum;
1440 1949 1605 2011 atque
1642 1939 1727 2013 (ut
1758 1940 1931 1996 semel
1952 1940 2156 2006 dicam,

569 2048 796 2089 omnem
823 2037 945 2105 ejus
974 2033 1217 2088 divinam
1256 2032 1573 2088 studiorum
1604 2032 1876 2087 rationem
1914 2046 1981 2087 ac
2019 2031 2155 2087 cha-

570 2135 835 2193 racteres,
869 2126 1012 2182 bona
1038 2126 1242 2181 mentis
1269 2125 1457 2181 indole
1488 2125 1833 2197 expressisti.

2270 558 2365 613 τοῦ
2430 558 2788 630 κηρύγματος
2844 558 3072 626 δυνάμει
3145 558 3587 631 προσεσχηκώς,
3632 562 3729 614 καὶ
3779 561 3847 626 ὼς

2271 650 2414 705 θεῖόν
2461 668 2515 705 τι
2570 649 2634 703 τὸ
2690 650 2865 721 ῥῆμα,
2917 650 3016 703 καὶ
3072 650 3184 705 τῶν
3232 651 3375 706 ὅλων
3431 651 3520 720 εἴη
3573 653 3846 722 σωτήριον,

2269 744 2570 815 ἐπιστήσας
2588 742 2682 796 τδν
2712 742 2859 811 νοῦν,
2907 742 3193 811 ἐξίστασαι
3239 746 3344 811 μὲν
3373 741 3577 810 γονέων
3603 744 3696 797 καὶ
3721 744 3848 799 ἀδελ-

2271 836 2423 904 φῶν,
2489 834 2773 901 ἐξίστασαι
2827 837 3116 906 συγγενῶν
3147 851 3163 867 °
3213 837 3334 902 ὅλος
3372 834 3435 891 δὲ
3496 835 3598 905 τῆς
3655 836 3851 890 ἐκείνου

2268 928 2561 1001 γενόμενος
2603 928 2963 1000 φιλοσοφίας,
3015 930 3300 1002 ὑπερεῖδες
3350 930 3456 998 μὲν
3493 928 3696 1000 κλήρου
3754 946 3849 984 πα-

2268 1020 2483 1093 τρῴου,
2552 1020 2650 1075 καὶ
2707 1021 2896 1087 άλείας
2950 1023 3049 1078 καὶ
3101 1023 3419 1088 ναυτιλίας·
3479 1021 3760 1091 ὑπερεῖδες
3799 1020 3851 1075 δὶ

2267 1110 2494 1165 καὶτῶν
2520 1112 2623 1165 ὅσα
2672 1113 3025 1183 καταθέλγει,
3075 1114 3176 1170 καὶ
3221 1114 3360 1186 πρὸς
3413 1110 3730 1185 φιληδονίαν
3757 1129 3848 1167 κα-

2266 1202 2496 1274 τασύρει
2551 1203 2648 1257 τὸν
2706 1205 2856 1259 νοῦν.
2898 1206 3167 1278 Κρεῖττον
3218 1204 3279 1261 δὲ
3338 1205 3562 1272 λοιπὸν,
3627 1202 3662 1274 ἢ
3716 1203 3847 1258 κατὰ

2268 1296 2557 1367 ἄνθρωπον
2581 1294 2817 1367 φρονῶν,
2844 1297 2944 1367 τὴν
2981 1296 3190 1369 ἔρημον
3234 1298 3353 1369 μὲν,
3397 1298 3510 1352 τῶν
3541 1300 3599 1352 ἐν
3637 1295 3847 1352 πόλεσιν

2267 1386 2485 1457 amem
2512 1386 2803 1459 διατριϐῶν
2830 1403 2845 1419 ·
2885 1386 3132 1461 θορύϐων
3170 1389 3252 1457 δέ,
3285 1389 3387 1461 τὴν
3418 1390 3656 1462 ἡσυχίαν
3678 1406 3691 1422 ·
3722 1406 3841 1457 τρυ-

2269 1478 2375 1547 φῆς
2404 1477 2486 1547 δέ,
2511 1477 2612 1550 τὴν
2658 1478 2991 1550 ἐγκράτειαν
3015 1496 3031 1513 ο
3091 1482 3413 1552 περιουσίας
3457 1481 3538 1547 δὲ,
3583 1481 3678 1553 τὴν
3704 1479 3841 1537 λιτό-

2267 1587 2409 1640 τητα
2437 1586 2453 1601 ο
2508 1570 2603 1625 καὶ
2649 1570 2750 1643 τὴν
2818 1570 2963 1642 μετά
3005 1571 3102 1626 τοῦ
3153 1572 3468 1629 Βαπτιστοῦ
3516 1574 3845 1645 συνοίκησιν.

2272 1664 2564 1737 βασιλείων
2594 1664 2901 1736 ἡγούμενος
2939 1667 3367 1739 προτιμοτέραν,
3401 1667 3532 1739 ὃλην
3570 1668 3629 1722 ἐν
3660 1668 3849 1740 βραχεῖ

2267 1757 2363 1812 τοῦ
2386 1756 2712 1812 διδασκάλου
2743 1757 2834 1812 διὰ
2861 1759 3150 1829 μιμήσεως
3181 1762 3484 1817 ἐπεσπάσω
3507 1759 3611 1832 τὴν
3636 1760 3847 1832 ἀρετὴν,

2268 1850 2367 1905 καὶ
2395 1848 2495 1904 τοῦ
2524 1849 2686 1920 λόγου
2709 1849 2774 1904 τδ
2804 1851 3053 1923 ἀκριϐὲς,
3085 1853 3183 1906 καὶ
3210 1852 3306 1906 τοῦ
3332 1853 3539 1924 τρόπου
3566 1854 3630 1908 τὸ
3657 1854 3846 1909 εὐστα-

2266 1938 2381 2005 θὲς,
2398 1938 2576 1995 καὶτὸ
2601 1939 2697 1994 τοῦ
2714 1940 2880 2012 ἤθους
2901 1941 3120 2012 σεμνὸν,
3136 1941 3235 1996 καὶ
3249 1942 3311 1995 τὸ
3329 1941 3424 1997 τοῦ
3445 1943 3563 2014 βίου
3580 1944 3847 2016 λαμπρὸν,

2264 2035 2360 2087 καὶ
2415 2031 2526 2085 τῶν
2573 2033 2838 2102 ἐπιγείων
2886 2034 2989 2105 τὴν
3038 2033 3369 2105 ὑπεροψίαν,
3426 2036 3524 2090 καὶ
3568 2035 3671 2107 τὴν
3716 2034 3851 2107 πρὸς

2260 2123 2331 2177 τά
2377 2123 2608 2195 οὐράνια
2645 2123 2950 2191 συντονίαν,
3001 2125 3098 2178 καὶ
3154 2126 3337 2180 πᾶσαν
3374 2124 3542 2180 αὑτοῦ
3589 2125 3688 2199 τὴν
3735 2126 3853 2181 θεοο

568 2220 843 2291 πρέπειαν
873 2218 973 2291 (8),
1005 2218 1265 2285 καθάπαξ
1318 2220 1513 2286 είπείν,
1565 2218 1644 2289 τῷ
1700 2219 2007 2289 ἀγαθοειδεῑ
2031 2215 2363 2290 ἐναπεμάξω
2420 2214 2514 2269 τοῦ
2573 2214 2687 2270 νοῦ.

639 2309 915 2378 Quoniam
939 2327 1072 2367 vero
1100 2312 1168 2379 is,
1194 2313 1288 2383 qui
1312 2322 1433 2367 erat
1460 2320 1750 2379 venturus,
1780 2314 1893 2385 jam
1916 2326 2160 2383 praesens

564 2411 710 2469 erat,
737 2413 795 2460 et
821 2404 1091 2460 Dominus
1119 2420 1245 2460 eum
1273 2406 1453 2462 servis
1482 2407 1831 2472 versabatur,
1866 2406 2162 2462 caelorum-

563 2510 677 2568 que
722 2497 841 2553 Rex
891 2498 1059 2553 simili
1104 2501 1366 2570 pauperis
1414 2500 1605 2555 habitu
1645 2515 1773 2556 eum
1818 2500 2161 2570 pauperibus

566 2587 765 2659 agebat
786 2590 855 2655 ",
881 2588 974 2645 hic
1002 2598 1109 2645 tua:
1144 2591 1337 2662 ingens
1371 2591 1597 2647 virtutis
1642 2590 1960 2662 pnestantia
1995 2606 2159 2646 mon-

562 2691 796 2738 stratur.
833 2682 956 2738 Mox
993 2683 1141 2738 enim
1186 2699 1250 2740 ac
1284 2683 1660 2755 praeceptoris,
1692 2683 1761 2739 de
1793 2683 1924 2740 Jesu
1958 2699 2153 2740 vocem

562 2774 793 2842 audisti,
846 2774 979 2831 Ecce
1013 2776 1195 2848 Agnus
1242 2776 1337 2831 Dei
1370 2765 1583 2843 ",non
1627 2777 1853 2833 dubiam
1891 2793 2015 2834 eam
2057 2778 2155 2834 ba-

563 2864 759 2930 buisti,
790 2883 892 2923 nec
929 2867 999 2923 de
1030 2869 1348 2925 testimonio
1389 2884 1593 2941 anceps
1637 2870 1822 2926 animo
1867 2870 2061 2937 fuisti;
2095 2880 2154 2927 at

563 2971 746 3025 neque
779 2973 974 3013 eorum
1018 2975 1172 3015 more
1202 2960 1297 3030 qui
1346 2969 1475 3017 sunt
1519 2960 1751 3017 modica:
1789 2961 1941 3029 ﬁdei,
1979 2963 2049 3019 ad
2086 2962 2152 3017 ﬁ-

561 3048 689 3103 dem
723 3047 1026 3105 faciendam
1056 3060 1271 3106 certum
1300 3051 1523 3122 aliquod
1555 3063 1942 3124 argumentum
1975 3070 2038 3109 ac
2068 3055 2153 3109 in-

2339 2306 2565 2378 Ἐπειδὴ
2615 2307 2673 2361 δὲ
2717 2308 2748 2362 ὁ
2803 2306 3104 2378 ἐρχόμενος
3155 2307 3361 2380 παρῆν,
3411 2309 3511 2363 καὶ
3552 2310 3691 2381 μετά
3743 2312 3853 2367 τῶν

2255 2399 2460 2454 δούλων
2492 2401 2519 2454 ό
2544 2399 2826 2470 Δεσπότης
2858 2412 2873 2428 ³
2912 2401 3006 2453 καὶ
3029 2401 3058 2454 ό
3111 2400 3221 2456 τῶν
3265 2400 3515 2473 οὐρανῶν
3568 2401 3852 2469 Βασιλεὺς,

2256 2495 2316 2547 ἐν
2356 2490 2670 2562 ὁμοιώματι
2697 2492 2936 2563 πένητος
2984 2496 3099 2556 τοῖς
3147 2493 3379 2564 πένησιν
3427 2494 3805 2566 ἐπεχωρίαζεν
3835 2510 3851 2527 ⁸

2256 2582 2496 2639 ἐνταῦθά
2552 2600 2650 2637 σου
2704 2583 2766 2637 τὸ
2824 2583 2970 2655 μέγα
3029 2586 3355 2657 προτέρημα
3401 2585 3705 2657 καθορᾶται
3755 2588 3854 2659 τῆς

2261 2675 2486 2748 ἀρετῆς.
2532 2674 2623 2739 Ὠς
2656 2673 2817 2746 μόνον
2852 2676 2961 2745 γὰρ
2984 2676 3080 2729 τοῦ
3106 2676 3481 2747 καθηγεμόνος
3512 2678 3850 2749 ἐπακήκοας,

2266 2765 2391 2823 Ἴδε
2436 2767 2627 2837 ἀμνὸς
2659 2766 2767 2822 τοῦ
2815 2768 2987 2830 Θεοῦ.
3024 2770 3153 2840 περὶ
3180 2768 3275 2822 τοῦ
3316 2769 3493 2841 Ἰησοῦ
3540 2770 3852 2838 λαλοῦντος,

2260 2860 2364 2913 οὐκ
2413 2859 2703 2923 ἐδίστασας
2756 2862 2822 2930 τῇ
2886 2863 3061 2932 φωνῇ,
3108 2861 3170 2914 οὐ
3224 2861 3503 2933 διεκρίθης
3553 2861 3692 2932 πρὸς
3752 2861 3852 2930 τὴν

2260 2950 2566 3023 μαρτυρίαν
2592 2967 2607 2984 ο
2639 2950 2747 3005 οὐδ’
2771 2945 2839 3005 αὖ
2869 2952 3157 3024 τεκμηρίῳ
3187 2954 3294 3007 τινὶ
3338 2952 3687 3024 πιστωθῆναι
3712 2954 3853 3009 κατὰ

2255 3044 2382 3107 τοὺς
2409 3043 2785 3113 ὀλιγοπίστους
2838 3044 3106 3117 ἀπῃτήσω
3129 3061 3143 3074 ’
3182 3045 3317 3115 ὁμοῦ
3344 3046 3401 3099 δὲ
3433 3045 3511 3118 τῷ
3535 3045 3681 3119 λόγῳ
3717 3046 3852 3117 πρὸς

561 3142 767 3198 dicium
795 3142 1082 3215 ﬂagitasti:
1119 3143 1215 3200 sed
1248 3160 1373 3206 mox
1395 3144 1586 3200 audito
1608 3146 1798 3209 verbo,
1821 3147 1890 3202 ad
1914 3147 2158 3203 Verbum

2263 3136 2355 3189 τὸν
2383 3136 2558 3205 Λόγον
2609 3135 2924 3206 μετετίθεσο
2953 3152 2968 3169 ·
3007 3138 3101 3191 καὶ
3137 3138 3228 3192 τὸν
3270 3138 3644 3209 νυμφαγωγὸν
3679 3155 3851 3193 κατα-

565 3244 737 3290 temet
757 3235 874 3305 ipse
906 3236 1235 3291 transtulisti
1261 3254 1276 3303 ;
1304 3238 1612 3307 relictoque
1641 3238 1917 3308 pronubo,
1938 3255 2154 3297 summa

564 3327 736 3382 animi
771 3329 1111 3404 perspicacia
1161 3331 1376 3399 Sponso
1410 3331 1724 3398 adluesisti;
1764 3347 1965 3402 nempe
2005 3333 2157 3388 velut

564 3434 823 3489 sponsam
857 3420 1292 3485 immaculalam,
1322 3431 1560 3476 mentem
1594 3422 1646 3476 ei
1678 3422 1939 3489 oll'erens,
1968 3439 2156 3479 sacra-

567 3511 823 3582 tioreque
861 3511 942 3566 illi
989 3513 1202 3568 ratione
1242 3521 1503 3583 aptatus:
1531 3514 1667 3584 quin
1698 3526 1756 3569 et
1785 3530 1989 3585 corpus
2020 3516 2158 3571 oﬂ‘e-

568 3620 719 3671 rens,
750 3615 805 3660 et
842 3621 970 3661 cum
1012 3620 1079 3660 eo
1122 3620 1345 3661 manere
1377 3622 1632 3678 quaerens
1661 3623 1728 3663 ac
1753 3608 2156 3680 discipulorum

568 3697 873 3753 matricula:
919 3697 1123 3753 ascribi
1161 3700 1225 3768 (ο
1257 3695 1420 3751 fidem
1443 3698 1490 3767 l)
1519 3697 1686 3768 inque
1731 3715 1910 3755 aevum
1942 3700 2024 3756 illi
2058 3717 2155 3758 co-

567 3790 803 3856 haerere,
839 3789 1187 3860 ministrique
1235 3799 1423 3860 partes
1473 3790 1725 3861 implere,
1767 3793 1929 3849 enixe
1973 3810 2152 3866 rogas.

637 3880 780 3948 Quid
832 3898 901 3937 ex
956 3882 1066 3937 tuis
1118 3883 1360 3953 primum
1410 3883 1806 3941 laudabimus?
1841 3886 1977 3957 quid
2023 3903 2157 3944 vero

566 3973 939 4043 potissimum,
971 3989 1005 4030 o
1044 3975 1139 4045 qui
1179 3991 1394 4033 summa
1416 3977 1618 4049 dignus
1645 3979 2013 4037 admiratione
2053 3982 2154 4047 sis,

536 4062 1005 4121 'admirabimur?
1042 4067 1197 4123 Fidei
1233 4068 1612 4126 sinceritatem
1636 4071 1660 4126 ?
1685 4086 1876 4127 veram
1904 4073 2157 4131 dilectio-

564 4158 739 4211 nem?
773 4171 845 4211 an
869 4173 1067 4213 sensus
1092 4158 1419 4214 modestiam
1451 4159 1739 4231 animique
1775 4162 2060 4219 lenitatem
2090 4180 2155 4222 ac

560 4245 881 4315 aequitatem
901 4247 924 4299 ?
946 4245 1104 4313 Quod
1133 4247 1281 4302 enim
1315 4247 1504 4304 audita
1529 4250 1876 4306 solummodo
1897 4250 2156 4323 Baptistae

565 4350 724 4402 voce,
752 4336 846 4391 illo
877 4341 1063 4391 statim
1094 4336 1309 4404 relicto,
1334 4337 1535 4394 festine
1560 4349 1686 4410 post
1714 4340 1903 4398 Jesum
1928 4343 2152 4409 abieris,

564 4444 785 4486 omnem
811 4431 974 4500 plane
1003 4431 1269 4487 virtutem
1298 4431 1592 4502 perspicue
1621 4433 1828 4503 prodit.
1844 4434 1989 4490 Num
2013 4437 2156 4492 leni-

566 4524 694 4579 tatis
722 4523 887 4579 simul
912 4523 1264 4594 modestique
1298 4539 1497 4580 sensus
1524 4540 1590 4581 ae
1612 4525 1805 4593 animi,
1842 4528 1990 4597 quod
2026 4529 2154 4584 illu-

2263 4523 2395 4615 ὁμοῦ
2450 4547 2547 4600 καὶ
2596 4523 3143 4621 ταπεινοφροσύνης,

560 4616 664 4672 Stri
698 4617 794 4671 illo
818 4617 1106 4687 gloriaque
1130 4617 1465 4684 clarissimo,
1497 4632 1563 4672 ac
1586 4633 1807 4673 omnem
1823 4635 1998 4691 prope
2028 4622 2154 4677 vin-

562 4719 723 4766 cente
755 4709 1089 4776 claritatem,
1123 4711 1339 4778 relicto,
1372 4711 1497 4766 miti
1526 4712 1696 4767 corde
1732 4722 1901 4783 atque
1931 4714 2152 4782 humili,

561 4801 913 4871 necdumque
940 4803 1248 4857 claritatem
1282 4803 1505 4874 adepto,
1534 4803 1742 4874 qnmris
1764 4805 2048 4863 adhaerere
2073 4809 2154 4863 7'?

559 4894 705 4949 Num
734 4905 791 4950 et
820 4895 948 4950 ﬁdei
987 4896 1136 4951 istud
1167 4896 1613 4967 perfectissimae,
1636 4907 1965 4972 certumque
2000 4903 2149 4960 indi-

559 4988 708 5041 cium
759 5002 988 5042 summae
1020 4987 1377 5043 dilectionis?
1424 4987 1562 5042 Eum
1604 4988 1755 5043 enim
1807 4990 1904 5060 qui
1940 4991 2152 5061 primus

558 5078 743 5134 Verbo
770 5077 1076 5149 discipulus
1100 5078 1412 5148 accederet,
1450 5079 1773 5151 primusque
1802 5082 2002 5139 divinae
2028 5085 2152 5155 ejus

556 5170 989 5226 necessitudinis
1021 5172 1359 5228 commercio
1387 5171 1613 5228 futurus
1646 5183 1816 5239 esset,
1855 5175 2005 5232 illius
2032 5187 2149 5233 tum

558 5261 805 5335 Spiritus
858 5263 1189 5335 participem
1237 5263 1398 5330 fore,
1445 5272 1564 5319 tum
1615 5265 1886 5323 virtutum
1936 5273 2149 5328 semina

2257 3229 2456 3296 λιπὼν,
2490 3227 2801 3299 νοερώτατα
2825 3229 2904 3301 τῷ
2948 3229 3190 3300 Νυμφίῳ
3224 3230 3537 3301 προσεφύου
3568 3246 3584 3262 ·
3626 3224 3712 3284 οἷα
3742 3230 3844 3301 μὲν

2258 3318 2480 3389 νύμφην
2512 3318 2780 3389 ἄμωμον,
2808 3318 2906 3389 τὴν
2949 3318 3191 3373 διάνοιαν
3226 3320 3521 3391 προσάγων
3554 3319 3715 3388 αὐτῷ,
3745 3316 3836 3370 καὶ

2263 3409 2544 3482 μυστικῶς
2597 3410 3121 3481 προσαρμοζόμενος
3148 3427 3162 3439 ’
3215 3412 3514 3483 προσάγων
3556 3412 3614 3465 δὲ
3660 3411 3750 3465 καὶ
3782 3410 3841 3463 rb

2260 3502 2444 3573 σῶμα,
2479 3502 2574 3556 καὶ
2604 3502 2736 3574 παρ’
2768 3500 2919 3574 αὐτῷ
2969 3504 3152 3572 μένειν
3202 3502 3383 3575 ζητῶν
3419 3504 3515 3557 καὶ
3567 3504 3850 3575 μαθητιῶν

2261 3593 2330 3666 (ὣ
2356 3595 2455 3664 τῆς
2482 3594 2717 3658 πίστεως
2739 3597 2809 3665 ι),
2838 3596 2933 3649 καὶ
2973 3594 3124 3668 αὑτῷ
3153 3596 3225 3652 δι’
3256 3595 3453 3663 αἰῶνος
3480 3600 3723 3681 συνεῖναι
3761 3598 3857 3652 καὶ

2259 3688 2628 3745 διακονεῖσθαι
2651 3688 3013 3761 παρακαλῶν.

2328 3905 2396 3960 Τί
2435 3923 2531 3961 σου
2584 3908 2806 3979 πρῶτον
2851 3909 3298 3981 ἐπαινεσόμεθας
3346 3911 3401 3966 τί
3455 3912 3515 3966 δέ
3547 3911 3788 3983 μᾶλλον,
3823 3906 3874 3966 ὦ

2258 3996 2719 4068 θαυμασιώτατε,
2782 4000 3225 4072 θαυμασόμεθα;
3302 4002 3368 4058 τὸ
3437 4004 3541 4076 τῆς
3609 4005 3876 4069 πίστεως

2256 4089 2557 4161 ἀκραιφνὲς
2582 4128 2598 4154 ,
2625 4090 2685 4144 τὸ
2714 4092 2812 4163 τῆς
2838 4092 3063 4161 ἀγάπης
3093 4093 3409 4165 εἰλικρινὲς,
3445 4094 3480 4166 ἢ
3529 4094 3591 4149 τὸ
3625 4095 3884 4167 μέτριον

2255 4180 2351 4233 τοῦ
2386 4184 2736 4253 φρονήματος
2768 4183 2863 4235 καὶ
2892 4182 3033 4251 άγαν
3077 4184 3362 4252 ἐπιεικὲς;
3413 4185 3488 4239 Τὸ
3519 4185 3631 4257 γὰρ
3684 4186 3886 4259 μόνης

2254 4271 2350 4325 τοῦ
2410 4270 2721 4328 Βαπτιστοῦ
2784 4275 2884 4344 τῆς
2937 4277 3121 4347 φωνῆς
3179 4276 3480 4345 ἀκηκοότα,
3530 4277 3702 4334 αὐτὸν
3771 4280 3891 4350 μὲν

2256 4364 2456 4419 αὐτίκα
2497 4364 2703 4430 λιπεῖν,
2746 4365 2825 4438 τῷ
2884 4367 3060 4439 Ἰησοῦ
3108 4367 3168 4421 δέ
3224 4369 3623 4441 προσδραμεῖν,
3669 4372 3895 4444 πάσης

2256 4457 2462 4525 ἀρετῆς
2490 4457 2769 4522 ἀπόδειξις
2805 4460 3066 4530 ἐναργής.
3103 4462 3175 4515 Ἢ
3221 4462 3284 4514 οὐ
3333 4462 3651 4534 πραΰτητος
3698 4464 3900 4536 ἔργον

3197 4552 3292 4605 τὸν
3341 4551 3702 4625 περιώνυμον
3780 4557 3904 4626 μὲν

2261 4637 2470 4690 ἐκεῖνον
2521 4638 2617 4692 καὶ
2670 4640 2772 4709 τὴν
2838 4639 2998 4705 δόξαν
3049 4642 3449 4715 ὑπέρλαμπρον
3504 4646 3907 4714 καταλιπεῖν,

2260 4727 2340 4797 τῷ
2371 4729 2538 4799 πραεῖ
2591 4729 2648 4782 δὲ
2691 4732 2758 4801 τῇ
2811 4732 3014 4803 καρδίᾳ
3074 4735 3170 4787 καὶ
3221 4736 3483 4806 ταπεινῷ,
3542 4737 3640 4790 καὶ
3706 4738 3910 4794 οὔπω

2260 4819 2637 4892 δεδοξασμένῳ
2659 4822 2955 4878 κολλᾶσθαι
2986 4824 3209 4895 ζητείν;
3235 4827 3306 4879 ’Ἡ
3334 4828 3457 4897 οὐχὶ
3487 4830 3581 4881 καὶ
3610 4828 3914 4896 πίστεως

2260 4912 2419 4966 τοῦτο
2444 4914 2543 4983 τῆς
2567 4914 2938 4987 τελειοτάτης,
2983 4918 3080 4987 καὶ
3124 4919 3351 4990 ἀγάπης
3380 4919 3517 4973 Θεοῦ
3544 4923 3919 4995 τεκμήριον

2257 5004 2357 5073 τῆς
2395 5004 2707 5077 ἀκροτάτης
2739 5024 2754 5074 ;
2788 5008 2892 5062 Τὸν
2924 5009 3035 5081 γὰρ
3082 5011 3300 5080 πρῶτον
3331 5011 3411 5082 τῷ
3470 5013 3631 5083 Λόγῳ
3685 5016 3920 5090 p.an-

2256 5094 2517 5167 τευθῆναι
2565 5098 2897 5170 προσιόντα,
2937 5100 3033 5156 καὶ
3087 5102 3308 5174 πρῶτον
3363 5104 3425 5157 ἐν
3482 5108 3702 5177 μετοχῇ
3788 5111 3927 5182 τῆς

2256 5184 2557 5257 θεαρχικῆς
2605 5188 2937 5260 οἰκειότητος
2991 5190 3258 5261 μέλλοντα
3304 5191 3708 5263 καθίστασθαι,
3778 5199 3924 5253 ἔδει

2258 5276 2487 5348 μὲτοχόν
2518 5295 2578 5330 τε
2610 5274 2751 5333 εἶναι
2780 5279 2874 5334 τοῦ
2922 5280 3242 5353 Πνεύματος
3272 5281 3509 5349 ἐκείνου,
3544 5286 3637 5339 καὶ
3681 5289 3930 5360 σπέρ-

631 5442 680 5475 ⁷⁸
714 5442 921 5502 llabac.
954 5463 1015 5516 ιι,
1041 5447 1107 5515 4;
1138 5444 1309 5500 Hebr.
1336 5459 1398 5511 ιι,
1426 5443 1516 5500 57.
1594 5444 1801 5503 "Joan.
1829 5465 1868 5517 ι,
1901 5451 1992 5509 29.
2068 5453 2158 5511 Joa

2263 5474 2297 5527 ι,
2321 5457 2412 5513 58.
2492 5459 2536 5492 ’⁷
2566 5459 2760 5517 Matth.
2791 5476 2870 5529 xl,
2892 5462 2985 5519 29.

635 5604 714 5686 (8)_
742 5604 957 5686 "ciqu
984 5609 1173 5686 αὐτοῦ
1202 5612 1320 5686 τῂν
1368 5613 1780 5686 θεοπρέπειαν.
1843 5616 1953 5671 Alii
1994 5631 2146 5670 com-

563 5678 871 5767 {illiti-{991:ij
887 5679 1193 5767 θεοπρεπὲς
1219 5678 1435 5767 dicunt.
1463 5678 1742 5767 Quidquid
1766 5695 1851 5741 est
1876 5689 1994 5759 ejus
2010 5687 2151 5767 divi-

2248 5628 2431 5690 potest
2459 5639 2472 5675 :
2499 5637 2613 5746 ﬂuo
2640 5624 2755 5679 fere
2790 5624 2957 5680 modo
2982 5623 3199 5680 Eustat.
3234 5624 3464 5693 exponit
3508 5624 3568 5678 τὸ
3612 5625 3954 5702 θεοπρό-

2254 5708 2354 5746 πος
2389 5706 2492 5746 anu
2585 5695 2807 5746 llomcr-
2866 5696 2974 5746 Sed
3013 5704 3100 5746 est
3133 5696 3353 5746 nronrie
3404 5706 3567 5746 vates.
3603 5697 3948 5746 diuinam-

2254 5708 2354 5770 πος
2389 5695 2542 5770 apud
2585 5695 2807 5770 Ilomcr.
2844 5696 2974 5770 _Scd
3013 5704 3106 5770 est
3133 5696 3353 5770 proprie
3402 5706 3567 5770 cates,
3603 5695 3951 5770 (lividus,

564 5762 759 5838 narum
810 5750 999 5838 dolum
1030 5750 1096 5808 ac
1124 5750 1550 5838 perfectionum,
1595 5750 1813 5838 divinas
1844 5750 2147 5838 on'inesnin

2271 5750 2396 5819 dem
2427 5750 2495 5821 ac
2519 5764 2729 5837 θεωρός
2752 5750 2811 5824 et
2838 5750 3166 5838 θεοπροπίᾶ,
3196 5750 3526 5822 vaticinium.

563 5831 633 5871 eo
658 5818 816 5877 dotes
842 5837 905 5876 ac
937 5818 1307 5898 characteres,
1332 5844 1395 5883 ac
1454 5828 1501 5883 si
1537 5818 1682 5898 quid
1710 5830 1983 5897 ejusmodi
2036 5829 2146 5885 dici
