  <div class='ocr_page' id='page_1' title='image "/cluster/home/n/w/nwhite01/storage/ocr_20150623/105/coo.31924054870096/044.png"; bbox 0 0 4108 6424; ppageno 0'>
   <div class='ocr_carea' id='block_1_1' title="bbox 338 370 1966 444">
    <p class='ocr_par' dir='ltr' id='par_1_1' title="bbox 338 372 1966 444">
     <span class='ocr_line' id='line_1_1' title="bbox 338 372 1966 444; baseline -0.004 0"><span class='ocrx_word' id='word_1_1' title='bbox 338 372 416 444; x_wconf 72' lang='grc' dir='ltr'><strong>εὶ</strong></span> <span class='ocrx_word' id='word_1_2' title='bbox 1276 376 1565 438; x_wconf 82' lang='lat' dir='ltr'><strong>ORATIO</strong></span> <span class='ocrx_word' id='word_1_3' title='bbox 1600 376 1700 438; x_wconf 84' lang='lat' dir='ltr'><strong>IV.</strong></span> <span class='ocrx_word' id='word_1_4' title='bbox 1732 397 1805 412; x_wconf 90' lang='grc'><strong>·-</strong></span> <span class='ocrx_word' id='word_1_5' title='bbox 1830 377 1913 439; x_wconf 86' lang='grc' dir='ltr'><strong>ΙΝ</strong></span> <span class='ocrx_word' id='word_1_6' title='bbox 1955 379 1966 437; x_wconf 88' lang='grc'>]</span> 
     </span>
    </p>
   </div>
   <div class='ocr_carea' id='block_1_2' title="bbox 2067 370 3644 444">
    <p class='ocr_par' dir='ltr' id='par_1_2' title="bbox 2067 370 3644 441">
     <span class='ocr_line' id='line_1_2' title="bbox 2067 370 3644 441; baseline -0.001 -2"><span class='ocrx_word' id='word_1_7' title='bbox 2067 377 2274 440; x_wconf 90' lang='lat' dir='ltr'><strong>UDEM</strong></span> <span class='ocrx_word' id='word_1_8' title='bbox 2315 379 2380 440; x_wconf 93' lang='lat' dir='ltr'><strong>S.</strong></span> <span class='ocrx_word' id='word_1_9' title='bbox 2416 376 2770 441; x_wconf 76' lang='lat' dir='ltr'><strong>ANDREIE.</strong></span> <span class='ocrx_word' id='word_1_10' title='bbox 3570 370 3644 438; x_wconf 77' lang='lat'><em>62</em></span> 
     </span>
    </p>
   </div>
   <div class='ocr_carea' id='block_1_3' title="bbox 351 488 1966 568">
    <p class='ocr_par' dir='ltr' id='par_1_3' title="bbox 351 488 1945 568">
     <span class='ocr_line' id='line_1_3' title="bbox 351 488 1945 568; baseline 0 -22"><span class='ocrx_word' id='word_1_11' title='bbox 351 511 496 568; x_wconf 81' lang='grc' dir='ltr'>ματα</span> <span class='ocrx_word' id='word_1_12' title='bbox 541 489 812 564; x_wconf 71' lang='grc' dir='ltr'>προέχειν</span> <span class='ocrx_word' id='word_1_13' title='bbox 872 488 988 544; x_wconf 84' lang='grc' dir='ltr'><strong>τῶν</strong></span> <span class='ocrx_word' id='word_1_14' title='bbox 1032 490 1267 563; x_wconf 82' lang='grc' dir='ltr'><strong>ἀρετῶν.</strong></span> <span class='ocrx_word' id='word_1_15' title='bbox 1313 491 1483 546; x_wconf 84' lang='grc' dir='ltr'>Ὅθεν</span> <span class='ocrx_word' id='word_1_16' title='bbox 1536 490 1757 555; x_wconf 79' lang='grc' dir='ltr'><strong>οἰκείως</strong></span> <span class='ocrx_word' id='word_1_17' title='bbox 1804 491 1945 562; x_wconf 81' lang='grc' dir='ltr'><strong>ἔχων</strong></span> 
     </span>
    </p>
   </div>
   <div class='ocr_carea' id='block_1_4' title="bbox 2067 488 3644 568">
    <p class='ocr_par' dir='ltr' id='par_1_4' title="bbox 2067 488 3644 560">
     <span class='ocr_line' id='line_1_4' title="bbox 2067 488 3644 560; baseline -0.004 -12"><span class='ocrx_word' id='word_1_18' title='bbox 2067 494 2394 560; x_wconf 68' lang='lat' dir='ltr'><strong>iraehabere,</strong></span> <span class='ocrx_word' id='word_1_19' title='bbox 2413 493 2666 549; x_wconf 79' lang='lat' dir='ltr'><strong>decebat.</strong></span> <span class='ocrx_word' id='word_1_20' title='bbox 2684 488 3209 558; x_wconf 76' lang='lat' dir='ltr'><strong>Quamobrem&#39;,cum</strong></span> <span class='ocrx_word' id='word_1_21' title='bbox 3236 494 3435 544; x_wconf 79' lang='lat' dir='ltr'><strong>natura</strong></span> <span class='ocrx_word' id='word_1_22' title='bbox 3457 502 3644 559; x_wconf 84' lang='lat' dir='ltr'><strong>quam-</strong></span> 
     </span>
    </p>
   </div>
   <div class='ocr_carea' id='block_1_5' title="bbox 344 582 1947 655">
    <p class='ocr_par' dir='ltr' id='par_1_5' title="bbox 344 582 1947 655">
     <span class='ocr_line' id='line_1_5' title="bbox 344 582 1947 655; baseline -0.001 -16"><span class='ocrx_word' id='word_1_23' title='bbox 344 586 480 642; x_wconf 78' lang='grc' dir='ltr'><strong>κατὰ</strong></span> <span class='ocrx_word' id='word_1_24' title='bbox 538 584 713 654; x_wconf 76' lang='grc' dir='ltr'>φύσιν</span> <span class='ocrx_word' id='word_1_25' title='bbox 773 582 955 655; x_wconf 78' lang='grc' dir='ltr'>αὐτῷ,</span> <span class='ocrx_word' id='word_1_26' title='bbox 1010 582 1227 655; x_wconf 86' lang='grc' dir='ltr'>πρῶτος</span> <span class='ocrx_word' id='word_1_27' title='bbox 1288 585 1430 655; x_wconf 79' lang='grc' dir='ltr'>μετὰ</span> <span class='ocrx_word' id='word_1_28' title='bbox 1477 585 1570 639; x_wconf 81' lang='grc' dir='ltr'><strong>τὸν</strong></span> <span class='ocrx_word' id='word_1_29' title='bbox 1630 584 1947 654; x_wconf 84' lang='grc' dir='ltr'>Βαπτιστὴν</span> 
     </span>
    </p>
   </div>
   <div class='ocr_carea' id='block_1_6' title="bbox 336 670 1948 745">
    <p class='ocr_par' dir='ltr' id='par_1_6' title="bbox 336 670 1948 745">
     <span class='ocr_line' id='line_1_6' title="bbox 336 670 1948 745; baseline -0.001 -16"><span class='ocrx_word' id='word_1_30' title='bbox 336 676 556 743; x_wconf 72' lang='grc' dir='ltr'>ἐπέγνω</span> <span class='ocrx_word' id='word_1_31' title='bbox 622 672 884 727; x_wconf 80' lang='grc' dir='ltr'>Μεσσίαν</span> <span class='ocrx_word' id='word_1_32' title='bbox 937 670 1103 736; x_wconf 79' lang='grc' dir='ltr'>εἶναι,</span> <span class='ocrx_word' id='word_1_33' title='bbox 1168 673 1262 727; x_wconf 79' lang='grc' dir='ltr'><strong>τὸν</strong></span> <span class='ocrx_word' id='word_1_34' title='bbox 1320 672 1428 727; x_wconf 81' lang='grc' dir='ltr'><strong>ὑπὸ</strong></span> <span class='ocrx_word' id='word_1_35' title='bbox 1480 673 1590 727; x_wconf 91' lang='grc' dir='ltr'>τῶν</span> <span class='ocrx_word' id='word_1_36' title='bbox 1644 674 1948 745; x_wconf 76' lang='grc' dir='ltr'><strong>προφητῶν</strong></span> 
     </span>
    </p>
   </div>
   <div class='ocr_carea' id='block_1_7' title="bbox 332 760 1952 835">
    <p class='ocr_par' dir='ltr' id='par_1_7' title="bbox 332 760 1952 835">
     <span class='ocr_line' id='line_1_7' title="bbox 332 760 1952 835; baseline 0 -21"><span class='ocrx_word' id='word_1_37' title='bbox 332 761 811 835; x_wconf 70' lang='grc' dir='ltr'><strong>μαρτυρούμενον</strong></span> <span class='ocrx_word' id='word_1_38' title='bbox 852 762 1096 832; x_wconf 85' lang='grc' dir='ltr'>Χριστόν</span> <span class='ocrx_word' id='word_1_39' title='bbox 1119 778 1138 796; x_wconf 77' lang='grc' dir='ltr'><strong>ο</strong></span> <span class='ocrx_word' id='word_1_40' title='bbox 1174 761 1270 815; x_wconf 75' lang='grc' dir='ltr'><strong>καὶ</strong></span> <span class='ocrx_word' id='word_1_41' title='bbox 1312 760 1534 833; x_wconf 84' lang='grc' dir='ltr'>πρῶτος</span> <span class='ocrx_word' id='word_1_42' title='bbox 1575 761 1689 817; x_wconf 83' lang='grc' dir='ltr'><strong>τῶν</strong></span> <span class='ocrx_word' id='word_1_43' title='bbox 1716 763 1952 815; x_wconf 80' lang='grc' dir='ltr'>ἀποστό-</span> 
     </span>
    </p>
   </div>
   <div class='ocr_carea' id='block_1_8' title="bbox 326 852 1948 926">
    <p class='ocr_par' dir='ltr' id='par_1_8' title="bbox 326 852 1948 926">
     <span class='ocr_line' id='line_1_8' title="bbox 326 852 1948 926; baseline 0 -18"><span class='ocrx_word' id='word_1_44' title='bbox 326 855 439 908; x_wconf 83' lang='grc' dir='ltr'><strong>λων</strong></span> <span class='ocrx_word' id='word_1_45' title='bbox 499 852 860 922; x_wconf 79' lang='grc' dir='ltr'><strong>αὐτομάτοις</strong></span> <span class='ocrx_word' id='word_1_46' title='bbox 916 854 1082 920; x_wconf 77' lang='grc' dir='ltr'>ποσὶ,</span> <span class='ocrx_word' id='word_1_47' title='bbox 1140 853 1203 907; x_wconf 85' lang='grc' dir='ltr'><strong>τδ</strong></span> <span class='ocrx_word' id='word_1_48' title='bbox 1253 853 1350 907; x_wconf 89' lang='grc' dir='ltr'>τοῦ</span> <span class='ocrx_word' id='word_1_49' title='bbox 1412 853 1574 923; x_wconf 86' lang='grc' dir='ltr'>λόγου</span> <span class='ocrx_word' id='word_1_50' title='bbox 1624 854 1948 926; x_wconf 84' lang='grc' dir='ltr'>φερόμενον,</span> 
     </span>
    </p>
   </div>
   <div class='ocr_carea' id='block_1_9' title="bbox 324 944 1446 1018">
    <p class='ocr_par' dir='ltr' id='par_1_9' title="bbox 324 944 1446 1018">
     <span class='ocr_line' id='line_1_9' title="bbox 324 944 1446 1018; baseline 0.001 -18"><span class='ocrx_word' id='word_1_51' title='bbox 324 950 665 1018; x_wconf 65' lang='grc' dir='ltr'>προσχωρεῑ</span> <span class='ocrx_word' id='word_1_52' title='bbox 693 948 800 1001; x_wconf 81' lang='grc' dir='ltr'>καὶ</span> <span class='ocrx_word' id='word_1_53' title='bbox 834 945 1015 1017; x_wconf 81' lang='grc' dir='ltr'>τούτῳ</span> <span class='ocrx_word' id='word_1_54' title='bbox 1059 944 1446 1010; x_wconf 75' lang='grc' dir='ltr'><strong>συνοικίζεται.</strong></span> 
     </span>
    </p>
   </div>
   <div class='ocr_carea' id='block_1_10' title="bbox 393 1038 1953 1112">
    <p class='ocr_par' dir='ltr' id='par_1_10' title="bbox 393 1038 1953 1112">
     <span class='ocr_line' id='line_1_10' title="bbox 393 1038 1953 1112; baseline 0 -18"><span class='ocrx_word' id='word_1_55' title='bbox 393 1040 538 1094; x_wconf 76' lang='grc' dir='ltr'>Οὐδὲ</span> <span class='ocrx_word' id='word_1_56' title='bbox 581 1039 706 1112; x_wconf 72' lang='grc' dir='ltr'><strong>γὰρ</strong></span> <span class='ocrx_word' id='word_1_57' title='bbox 761 1039 1024 1110; x_wconf 77' lang='grc' dir='ltr'><strong>ἀνέχεται</strong></span> <span class='ocrx_word' id='word_1_58' title='bbox 1062 1055 1217 1102; x_wconf 88' lang='grc' dir='ltr'>τινας</span> <span class='ocrx_word' id='word_1_59' title='bbox 1254 1039 1364 1111; x_wconf 82' lang='grc' dir='ltr'>πρὸ</span> <span class='ocrx_word' id='word_1_60' title='bbox 1410 1038 1580 1093; x_wconf 81' lang='grc' dir='ltr'>αὑτοῦ</span> <span class='ocrx_word' id='word_1_61' title='bbox 1646 1038 1953 1108; x_wconf 82' lang='grc' dir='ltr'><strong>φοιτῶντας</strong></span> 
     </span>
    </p>
   </div>
   <div class='ocr_carea' id='block_1_11' title="bbox 321 1128 1954 1203">
    <p class='ocr_par' dir='ltr' id='par_1_11' title="bbox 321 1128 1954 1203">
     <span class='ocr_line' id='line_1_11' title="bbox 321 1128 1954 1203; baseline 0 -18"><span class='ocrx_word' id='word_1_62' title='bbox 321 1132 503 1202; x_wconf 73' lang='grc' dir='ltr'>δρᾷν,</span> <span class='ocrx_word' id='word_1_63' title='bbox 564 1132 674 1185; x_wconf 72' lang='grc' dir='ltr'><strong>καὶ</strong></span> <span class='ocrx_word' id='word_1_64' title='bbox 737 1129 1279 1203; x_wconf 86' lang='grc' dir='ltr'>παρευδοκιμεῖσθαι</span> <span class='ocrx_word' id='word_1_65' title='bbox 1332 1128 1410 1201; x_wconf 84' lang='grc' dir='ltr'><strong>τῷ</strong></span> <span class='ocrx_word' id='word_1_66' title='bbox 1468 1129 1702 1201; x_wconf 75' lang='grc' dir='ltr'><strong>ἀγαθῷ⁹</strong></span> <span class='ocrx_word' id='word_1_67' title='bbox 1761 1130 1954 1185; x_wconf 82' lang='grc' dir='ltr'>δειλῶν</span> 
     </span>
    </p>
   </div>
   <div class='ocr_carea' id='block_1_12' title="bbox 341 1222 1953 1295">
    <p class='ocr_par' dir='ltr' id='par_1_12' title="bbox 341 1222 1953 1295">
     <span class='ocr_line' id='line_1_12' title="bbox 341 1222 1953 1295; baseline -0.011 -10"><span class='ocrx_word' id='word_1_68' title='bbox 341 1223 563 1295; x_wconf 62' lang='grc' dir='ltr'>μᾶλλον,</span> <span class='ocrx_word' id='word_1_69' title='bbox 605 1222 645 1294; x_wconf 80' lang='grc' dir='ltr'><strong>ἦ</strong></span> <span class='ocrx_word' id='word_1_70' title='bbox 696 1222 1209 1295; x_wconf 77' lang='grc' dir='ltr'>περιεσκεμμένων</span> <span class='ocrx_word' id='word_1_71' title='bbox 1240 1225 1303 1278; x_wconf 85' lang='grc' dir='ltr'>τὸ</span> <span class='ocrx_word' id='word_1_72' title='bbox 1346 1222 1520 1286; x_wconf 84' lang='grc' dir='ltr'>πάθος</span> <span class='ocrx_word' id='word_1_73' title='bbox 1552 1223 1905 1295; x_wconf 80' lang='grc' dir='ltr'><strong>λογιζόμενος</strong></span> <span class='ocrx_word' id='word_1_74' title='bbox 1936 1238 1953 1255; x_wconf 81' lang='grc' dir='ltr'><strong>ο</strong></span> 
     </span>
    </p>
   </div>
   <div class='ocr_carea' id='block_1_13' title="bbox 342 1314 1954 1387">
    <p class='ocr_par' dir='ltr' id='par_1_13' title="bbox 342 1314 1954 1387">
     <span class='ocr_line' id='line_1_13' title="bbox 342 1314 1954 1387; baseline -0.001 -17"><span class='ocrx_word' id='word_1_75' title='bbox 342 1316 460 1370; x_wconf 72' lang='grc' dir='ltr'>οὐδὲ</span> <span class='ocrx_word' id='word_1_76' title='bbox 512 1314 616 1387; x_wconf 80' lang='grc' dir='ltr'><strong>τὴν</strong></span> <span class='ocrx_word' id='word_1_77' title='bbox 665 1315 819 1387; x_wconf 84' lang='grc' dir='ltr'>παρ’</span> <span class='ocrx_word' id='word_1_78' title='bbox 872 1315 1087 1369; x_wconf 76' lang='grc' dir='ltr'>ἐκείνου</span> <span class='ocrx_word' id='word_1_79' title='bbox 1147 1314 1339 1387; x_wconf 84' lang='grc' dir='ltr'><strong>κλῆσιν</strong></span> <span class='ocrx_word' id='word_1_80' title='bbox 1391 1316 1533 1370; x_wconf 82' lang='grc' dir='ltr'>κατὰ</span> <span class='ocrx_word' id='word_1_81' title='bbox 1586 1315 1715 1379; x_wconf 83' lang='grc' dir='ltr'>τοὺς</span> <span class='ocrx_word' id='word_1_82' title='bbox 1761 1315 1954 1381; x_wconf 76' lang='grc' dir='ltr'>ἄλλους</span> 
     </span>
    </p>
   </div>
   <div class='ocr_carea' id='block_1_14' title="bbox 337 1406 1955 1482">
    <p class='ocr_par' dir='ltr' id='par_1_14' title="bbox 337 1406 1955 1482">
     <span class='ocr_line' id='line_1_14' title="bbox 337 1406 1955 1482; baseline 0 -20"><span class='ocrx_word' id='word_1_83' title='bbox 337 1408 609 1479; x_wconf 73' lang='grc' dir='ltr'><strong>ἀναμένει</strong></span> <span class='ocrx_word' id='word_1_84' title='bbox 637 1425 654 1439; x_wconf 87' lang='grc'><strong>·</strong></span> <span class='ocrx_word' id='word_1_85' title='bbox 682 1406 929 1474; x_wconf 81' lang='grc' dir='ltr'>ὀξύτητι</span> <span class='ocrx_word' id='word_1_86' title='bbox 953 1407 1010 1460; x_wconf 84' lang='grc' dir='ltr'>δὲ</span> <span class='ocrx_word' id='word_1_87' title='bbox 1055 1406 1147 1461; x_wconf 90' lang='grc' dir='ltr'>νοῦ</span> <span class='ocrx_word' id='word_1_88' title='bbox 1196 1408 1295 1461; x_wconf 76' lang='grc' dir='ltr'><strong>καὶ</strong></span> <span class='ocrx_word' id='word_1_89' title='bbox 1349 1409 1602 1482; x_wconf 75' lang='grc' dir='ltr'>ἀγχινοίᾳ</span> <span class='ocrx_word' id='word_1_90' title='bbox 1639 1409 1732 1465; x_wconf 76' lang='grc' dir='ltr'><strong>τὸν</strong></span> <span class='ocrx_word' id='word_1_91' title='bbox 1758 1409 1955 1476; x_wconf 81' lang='grc' dir='ltr'>ζητού-</span> 
     </span>
    </p>
   </div>
   <div class='ocr_carea' id='block_1_15' title="bbox 336 1501 1957 1574">
    <p class='ocr_par' dir='ltr' id='par_1_15' title="bbox 336 1501 1957 1574">
     <span class='ocr_line' id='line_1_15' title="bbox 336 1501 1957 1574; baseline 0.002 -20"><span class='ocrx_word' id='word_1_92' title='bbox 336 1519 502 1573; x_wconf 84' lang='grc' dir='ltr'>μενον</span> <span class='ocrx_word' id='word_1_93' title='bbox 556 1501 795 1573; x_wconf 79' lang='grc' dir='ltr'>εὑρὼν,</span> <span class='ocrx_word' id='word_1_94' title='bbox 837 1501 1141 1573; x_wconf 80' lang='grc' dir='ltr'><strong>θερμότητι</strong></span> <span class='ocrx_word' id='word_1_95' title='bbox 1202 1502 1380 1574; x_wconf 82' lang='grc' dir='ltr'>τούτῳ</span> <span class='ocrx_word' id='word_1_96' title='bbox 1441 1503 1685 1568; x_wconf 87' lang='grc' dir='ltr'>πίστεως</span> <span class='ocrx_word' id='word_1_97' title='bbox 1750 1504 1957 1566; x_wconf 85' lang='grc' dir='ltr'>εὐθέως</span> 
     </span>
    </p>
   </div>
   <div class='ocr_carea' id='block_1_16' title="bbox 343 1593 1959 1666">
    <p class='ocr_par' dir='ltr' id='par_1_16' title="bbox 343 1593 1959 1666">
     <span class='ocr_line' id='line_1_16' title="bbox 343 1593 1959 1666; baseline 0.001 -19"><span class='ocrx_word' id='word_1_98' title='bbox 343 1595 680 1665; x_wconf 72' lang='grc' dir='ltr'>συμφύεται.</span> <span class='ocrx_word' id='word_1_99' title='bbox 743 1593 960 1666; x_wconf 81' lang='grc' dir='ltr'>Τρόπῳ</span> <span class='ocrx_word' id='word_1_100' title='bbox 1010 1593 1067 1647; x_wconf 75' lang='grc' dir='ltr'>δὲ</span> <span class='ocrx_word' id='word_1_101' title='bbox 1102 1594 1392 1666; x_wconf 85' lang='grc' dir='ltr'>φιλαγάθῳ</span> <span class='ocrx_word' id='word_1_102' title='bbox 1438 1596 1804 1666; x_wconf 80' lang='grc' dir='ltr'><strong>κεχρημένος,</strong></span> <span class='ocrx_word' id='word_1_103' title='bbox 1854 1596 1959 1649; x_wconf 85' lang='grc' dir='ltr'><strong>οὐκ</strong></span> 
     </span>
    </p>
   </div>
   <div class='ocr_carea' id='block_1_17' title="bbox 347 1684 1958 1760">
    <p class='ocr_par' dir='ltr' id='par_1_17' title="bbox 347 1684 1958 1760">
     <span class='ocr_line' id='line_1_17' title="bbox 347 1684 1958 1760; baseline 0.001 -20"><span class='ocrx_word' id='word_1_104' title='bbox 347 1686 601 1755; x_wconf 72' lang='grc' dir='ltr'><strong>ἀνέχεται</strong></span> <span class='ocrx_word' id='word_1_105' title='bbox 657 1686 839 1758; x_wconf 82' lang='grc' dir='ltr'>μόνος</span> <span class='ocrx_word' id='word_1_106' title='bbox 880 1684 981 1740; x_wconf 89' lang='grc' dir='ltr'><strong>τοῦ</strong></span> <span class='ocrx_word' id='word_1_107' title='bbox 1032 1685 1244 1755; x_wconf 79' lang='grc' dir='ltr'><strong>ἀγαθοῦ</strong></span> <span class='ocrx_word' id='word_1_108' title='bbox 1303 1689 1662 1760; x_wconf 83' lang='grc' dir='ltr'>κατατρυφᾷν</span> <span class='ocrx_word' id='word_1_109' title='bbox 1695 1704 1709 1717; x_wconf 90' lang='grc'><strong>·</strong></span> <span class='ocrx_word' id='word_1_110' title='bbox 1769 1688 1958 1760; x_wconf 81' lang='grc' dir='ltr'>ὥσπερ</span> 
     </span>
    </p>
   </div>
   <div class='ocr_carea' id='block_1_18' title="bbox 334 1778 1954 1851">
    <p class='ocr_par' dir='ltr' id='par_1_18' title="bbox 334 1778 1954 1851">
     <span class='ocr_line' id='line_1_18' title="bbox 334 1778 1954 1851; baseline 0.001 -19"><span class='ocrx_word' id='word_1_111' title='bbox 334 1778 399 1832; x_wconf 79' lang='grc' dir='ltr'>δὲ</span> <span class='ocrx_word' id='word_1_112' title='bbox 458 1778 753 1850; x_wconf 76' lang='grc' dir='ltr'>θησαυρόν</span> <span class='ocrx_word' id='word_1_113' title='bbox 815 1795 948 1833; x_wconf 86' lang='grc' dir='ltr'>τινα</span> <span class='ocrx_word' id='word_1_114' title='bbox 1007 1778 1185 1849; x_wconf 83' lang='grc' dir='ltr'>μέγαν</span> <span class='ocrx_word' id='word_1_115' title='bbox 1240 1778 1336 1833; x_wconf 82' lang='grc' dir='ltr'><strong>τὸν</strong></span> <span class='ocrx_word' id='word_1_116' title='bbox 1404 1779 1618 1851; x_wconf 83' lang='grc' dir='ltr'><strong>Ἰησοῦν</strong></span> <span class='ocrx_word' id='word_1_117' title='bbox 1670 1779 1954 1851; x_wconf 84' lang='grc' dir='ltr'>εὑρηκὼς,</span> 
     </span>
    </p>
   </div>
   <div class='ocr_carea' id='block_1_19' title="bbox 2051 580 3640 651">
    <p class='ocr_par' dir='ltr' id='par_1_19' title="bbox 2051 580 3640 651">
     <span class='ocr_line' id='line_1_19' title="bbox 2051 580 3640 651; baseline -0.006 -9"><span class='ocrx_word' id='word_1_118' title='bbox 2051 587 2181 642; x_wconf 91' lang='lat' dir='ltr'><strong>dam</strong></span> <span class='ocrx_word' id='word_1_119' title='bbox 2208 602 2336 643; x_wconf 89' lang='lat' dir='ltr'><strong>cum</strong></span> <span class='ocrx_word' id='word_1_120' title='bbox 2370 601 2439 642; x_wconf 89' lang='lat' dir='ltr'><strong>eo</strong></span> <span class='ocrx_word' id='word_1_121' title='bbox 2473 582 2946 640; x_wconf 79' lang='lat' dir='ltr'><strong>necessitudinem</strong></span> <span class='ocrx_word' id='word_1_122' title='bbox 2971 581 3225 646; x_wconf 81' lang='lat' dir='ltr'><strong>haberet,</strong></span> <span class='ocrx_word' id='word_1_123' title='bbox 3257 580 3478 651; x_wconf 87' lang='lat' dir='ltr'><strong>primus</strong></span> <span class='ocrx_word' id='word_1_124' title='bbox 3516 589 3640 649; x_wconf 86' lang='lat' dir='ltr'><strong>post</strong></span> 
     </span>
    </p>
   </div>
   <div class='ocr_carea' id='block_1_20' title="bbox 2050 670 3643 749">
    <p class='ocr_par' dir='ltr' id='par_1_20' title="bbox 2050 670 3643 749">
     <span class='ocr_line' id='line_1_20' title="bbox 2050 670 3643 749; baseline -0.006 -16"><span class='ocrx_word' id='word_1_125' title='bbox 2050 679 2375 749; x_wconf 89' lang='lat' dir='ltr'><strong>Baptistam,</strong></span> <span class='ocrx_word' id='word_1_126' title='bbox 2399 692 2522 732; x_wconf 89' lang='lat' dir='ltr'><strong>esse</strong></span> <span class='ocrx_word' id='word_1_127' title='bbox 2554 691 2691 732; x_wconf 89' lang='lat' dir='ltr'><strong>eum</strong></span> <span class='ocrx_word' id='word_1_128' title='bbox 2709 674 2964 730; x_wconf 82' lang='lat' dir='ltr'><strong>Messiam</strong></span> <span class='ocrx_word' id='word_1_129' title='bbox 2998 682 3055 728; x_wconf 90' lang='lat' dir='ltr'><strong>et</strong></span> <span class='ocrx_word' id='word_1_130' title='bbox 3076 672 3358 728; x_wconf 74' lang='lat' dir='ltr'><strong>Christum</strong></span> <span class='ocrx_word' id='word_1_131' title='bbox 3398 670 3643 741; x_wconf 83' lang='lat' dir='ltr'><strong>prophe-</strong></span> 
     </span>
    </p>
   </div>
   <div class='ocr_carea' id='block_1_21' title="bbox 2052 764 3644 841">
    <p class='ocr_par' dir='ltr' id='par_1_21' title="bbox 2052 764 3644 841">
     <span class='ocr_line' id='line_1_21' title="bbox 2052 764 3644 841; baseline -0.006 -14"><span class='ocrx_word' id='word_1_132' title='bbox 2052 780 2235 827; x_wconf 84' lang='lat' dir='ltr'><strong>tarum</strong></span> <span class='ocrx_word' id='word_1_133' title='bbox 2280 770 2523 826; x_wconf 86' lang='lat' dir='ltr'><strong>oraculis</strong></span> <span class='ocrx_word' id='word_1_134' title='bbox 2560 766 2988 841; x_wconf 68' lang='lat' dir='ltr'><strong>praenuntiatum</strong></span> <span class='ocrx_word' id='word_1_135' title='bbox 3023 765 3285 836; x_wconf 77' lang='lat' dir='ltr'><strong>agnovit;</strong></span> <span class='ocrx_word' id='word_1_136' title='bbox 3314 764 3644 834; x_wconf 86' lang='lat' dir='ltr'><strong>primusque</strong></span> 
     </span>
    </p>
   </div>
   <div class='ocr_carea' id='block_1_22' title="bbox 2051 853 3645 934">
    <p class='ocr_par' dir='ltr' id='par_1_22' title="bbox 2051 853 3645 934">
     <span class='ocr_line' id='line_1_22' title="bbox 2051 853 3645 934; baseline -0.006 -17"><span class='ocrx_word' id='word_1_137' title='bbox 2051 862 2452 934; x_wconf 75' lang='lat' dir='ltr'><strong>apostolorum,</strong></span> <span class='ocrx_word' id='word_1_138' title='bbox 2476 859 2750 916; x_wconf 90' lang='lat' dir='ltr'><strong>ultroneis</strong></span> <span class='ocrx_word' id='word_1_139' title='bbox 2774 857 2945 931; x_wconf 78' lang='lat' dir='ltr'><strong>(quod</strong></span> <span class='ocrx_word' id='word_1_140' title='bbox 2984 855 3162 923; x_wconf 86' lang='lat' dir='ltr'><strong>aiunt)</strong></span> <span class='ocrx_word' id='word_1_141' title='bbox 3200 853 3457 925; x_wconf 90' lang='lat' dir='ltr'><strong>pedibus,</strong></span> <span class='ocrx_word' id='word_1_142' title='bbox 3489 867 3645 909; x_wconf 86' lang='lat' dir='ltr'><strong>accc-</strong></span> 
     </span>
    </p>
   </div>
   <div class='ocr_carea' id='block_1_23' title="bbox 2053 950 3079 1022">
    <p class='ocr_par' dir='ltr' id='par_1_23' title="bbox 2053 950 3079 1022">
     <span class='ocr_line' id='line_1_23' title="bbox 2053 950 3079 1022; baseline -0.008 -10"><span class='ocrx_word' id='word_1_143' title='bbox 2053 956 2156 1022; x_wconf 90' lang='lat' dir='ltr'><strong>dit,</strong></span> <span class='ocrx_word' id='word_1_144' title='bbox 2181 971 2248 1011; x_wconf 88' lang='lat' dir='ltr'><strong>ac</strong></span> <span class='ocrx_word' id='word_1_145' title='bbox 2279 953 2705 1011; x_wconf 76' lang='lat' dir='ltr'><strong>contubernalis</strong></span> <span class='ocrx_word' id='word_1_146' title='bbox 2736 952 2790 1007; x_wconf 90' lang='lat' dir='ltr'><strong>ei</strong></span> <span class='ocrx_word' id='word_1_147' title='bbox 2819 950 3079 1007; x_wconf 87' lang='lat' dir='ltr'><strong>eﬁicitur.</strong></span> 
     </span>
    </p>
   </div>
   <div class='ocr_carea' id='block_1_24' title="bbox 2123 1037 3646 1115">
    <p class='ocr_par' dir='ltr' id='par_1_24' title="bbox 2123 1037 3646 1115">
     <span class='ocr_line' id='line_1_24' title="bbox 2123 1037 3646 1115; baseline -0.009 -9"><span class='ocrx_word' id='word_1_148' title='bbox 2123 1050 2245 1106; x_wconf 83' lang='lat' dir='ltr'><strong>Non</strong></span> <span class='ocrx_word' id='word_1_149' title='bbox 2280 1049 2433 1104; x_wconf 86' lang='lat' dir='ltr'><strong>enim</strong></span> <span class='ocrx_word' id='word_1_150' title='bbox 2466 1046 2726 1112; x_wconf 87' lang='lat' dir='ltr'><strong>sustinet,</strong></span> <span class='ocrx_word' id='word_1_151' title='bbox 2756 1054 2820 1100; x_wconf 89' lang='lat' dir='ltr'><strong>ut</strong></span> <span class='ocrx_word' id='word_1_152' title='bbox 2869 1059 2928 1100; x_wconf 92' lang='lat' dir='ltr'><strong>se</strong></span> <span class='ocrx_word' id='word_1_153' title='bbox 2956 1044 3179 1115; x_wconf 84' lang='lat' dir='ltr'><strong>priores</strong></span> <span class='ocrx_word' id='word_1_154' title='bbox 3219 1041 3438 1111; x_wconf 87' lang='lat' dir='ltr'><strong>aliquos</strong></span> <span class='ocrx_word' id='word_1_155' title='bbox 3473 1037 3646 1109; x_wconf 75' lang='lat' dir='ltr'><strong>Magi-</strong></span> 
     </span>
    </p>
   </div>
   <div class='ocr_carea' id='block_1_25' title="bbox 2054 1131 3642 1210">
    <p class='ocr_par' dir='ltr' id='par_1_25' title="bbox 2054 1131 3642 1210">
     <span class='ocr_line' id='line_1_25' title="bbox 2054 1131 3642 1210; baseline -0.009 -9"><span class='ocrx_word' id='word_1_156' title='bbox 2054 1152 2236 1201; x_wconf 89' lang='lat' dir='ltr'><strong>strum</strong></span> <span class='ocrx_word' id='word_1_157' title='bbox 2265 1141 2559 1205; x_wconf 85' lang='lat' dir='ltr'><strong>adeuntes,</strong></span> <span class='ocrx_word' id='word_1_158' title='bbox 2590 1140 2755 1210; x_wconf 88' lang='lat' dir='ltr'><strong>eique</strong></span> <span class='ocrx_word' id='word_1_159' title='bbox 2784 1136 3115 1208; x_wconf 89' lang='lat' dir='ltr'><strong>discipulos,</strong></span> <span class='ocrx_word' id='word_1_160' title='bbox 3147 1133 3360 1199; x_wconf 80' lang='lat' dir='ltr'><strong>videat,</strong></span> <span class='ocrx_word' id='word_1_161' title='bbox 3394 1131 3642 1201; x_wconf 83' lang='lat' dir='ltr'><strong>bonique</strong></span> 
     </span>
    </p>
   </div>
   <div class='ocr_carea' id='block_1_26' title="bbox 2054 1222 3647 1304">
    <p class='ocr_par' dir='ltr' id='par_1_26' title="bbox 2054 1222 3647 1304">
     <span class='ocr_line' id='line_1_26' title="bbox 2054 1222 3647 1304; baseline -0.012 -11"><span class='ocrx_word' id='word_1_162' title='bbox 2054 1234 2244 1293; x_wconf 89' lang='lat' dir='ltr'><strong>studio</strong></span> <span class='ocrx_word' id='word_1_163' title='bbox 2284 1234 2364 1288; x_wconf 88' lang='lat' dir='ltr'><strong>illi</strong></span> <span class='ocrx_word' id='word_1_164' title='bbox 2398 1239 2766 1304; x_wconf 70' lang='lat' dir='ltr'><strong>praestantes:</strong></span> <span class='ocrx_word' id='word_1_165' title='bbox 2807 1227 3266 1284; x_wconf 88' lang='lat' dir='ltr'><strong>meticulosorum</strong></span> <span class='ocrx_word' id='word_1_166' title='bbox 3295 1222 3483 1294; x_wconf 86' lang='lat' dir='ltr'><strong>potius</strong></span> <span class='ocrx_word' id='word_1_167' title='bbox 3516 1235 3647 1276; x_wconf 92' lang='lat' dir='ltr'><strong>eum</strong></span> 
     </span>
    </p>
   </div>
   <div class='ocr_carea' id='block_1_27' title="bbox 2055 1312 3650 1393">
    <p class='ocr_par' dir='ltr' id='par_1_27' title="bbox 2055 1312 3650 1393">
     <span class='ocr_line' id='line_1_27' title="bbox 2055 1312 3650 1393; baseline -0.01 -9"><span class='ocrx_word' id='word_1_168' title='bbox 2055 1337 2212 1384; x_wconf 87' lang='lat' dir='ltr'><strong>ratus</strong></span> <span class='ocrx_word' id='word_1_169' title='bbox 2231 1323 2513 1391; x_wconf 73' lang='lat' dir='ltr'><strong>affectum,</strong></span> <span class='ocrx_word' id='word_1_170' title='bbox 2532 1338 2698 1393; x_wconf 89' lang='lat' dir='ltr'><strong>quam</strong></span> <span class='ocrx_word' id='word_1_171' title='bbox 2716 1337 2912 1377; x_wconf 89' lang='lat' dir='ltr'><strong>eorum</strong></span> <span class='ocrx_word' id='word_1_172' title='bbox 2929 1320 3025 1390; x_wconf 87' lang='lat' dir='ltr'><strong>qui</strong></span> <span class='ocrx_word' id='word_1_173' title='bbox 3038 1317 3321 1374; x_wconf 90' lang='lat' dir='ltr'><strong>solertiori</strong></span> <span class='ocrx_word' id='word_1_174' title='bbox 3349 1312 3650 1386; x_wconf 88' lang='lat' dir='ltr'><strong>prudentia</strong></span> 
     </span>
    </p>
   </div>
   <div class='ocr_carea' id='block_1_28' title="bbox 2056 1408 3651 1488">
    <p class='ocr_par' dir='ltr' id='par_1_28' title="bbox 2056 1408 3651 1488">
     <span class='ocr_line' id='line_1_28' title="bbox 2056 1408 3651 1488; baseline -0.011 -11"><span class='ocrx_word' id='word_1_175' title='bbox 2056 1421 2353 1477; x_wconf 87' lang='lat' dir='ltr'><strong>ducantur.</strong></span> <span class='ocrx_word' id='word_1_176' title='bbox 2386 1419 2576 1488; x_wconf 86' lang='lat' dir='ltr'><strong>Neque</strong></span> <span class='ocrx_word' id='word_1_177' title='bbox 2606 1422 2909 1486; x_wconf 85' lang='lat' dir='ltr'><strong>exspectat,</strong></span> <span class='ocrx_word' id='word_1_178' title='bbox 2942 1409 3413 1484; x_wconf 83' lang='lat' dir='ltr'><strong>quemadmodum</strong></span> <span class='ocrx_word' id='word_1_179' title='bbox 3442 1408 3561 1473; x_wconf 87' lang='lat' dir='ltr'><strong>alii,</strong></span> <span class='ocrx_word' id='word_1_180' title='bbox 3587 1412 3651 1461; x_wconf 90' lang='lat' dir='ltr'><strong>ut</strong></span> 
     </span>
    </p>
   </div>
   <div class='ocr_carea' id='block_1_29' title="bbox 2057 1496 3650 1581">
    <p class='ocr_par' dir='ltr' id='par_1_29' title="bbox 2057 1496 3650 1581">
     <span class='ocr_line' id='line_1_29' title="bbox 2057 1496 3650 1581; baseline -0.011 -14"><span class='ocrx_word' id='word_1_181' title='bbox 2057 1512 2126 1567; x_wconf 90' lang='lat' dir='ltr'><strong>ab</strong></span> <span class='ocrx_word' id='word_1_182' title='bbox 2158 1512 2281 1581; x_wconf 91' lang='lat' dir='ltr'><strong>ipso</strong></span> <span class='ocrx_word' id='word_1_183' title='bbox 2312 1518 2581 1573; x_wconf 82' lang='lat' dir='ltr'><strong>vocetur;</strong></span> <span class='ocrx_word' id='word_1_184' title='bbox 2608 1505 2707 1562; x_wconf 90' lang='lat' dir='ltr'><strong>sed</strong></span> <span class='ocrx_word' id='word_1_185' title='bbox 2733 1505 2938 1560; x_wconf 88' lang='lat' dir='ltr'><strong>mentis</strong></span> <span class='ocrx_word' id='word_1_186' title='bbox 2968 1502 3268 1574; x_wconf 79' lang='lat' dir='ltr'><strong>sagacitate</strong></span> <span class='ocrx_word' id='word_1_187' title='bbox 3294 1499 3522 1553; x_wconf 89' lang='lat' dir='ltr'><strong>invento</strong></span> <span class='ocrx_word' id='word_1_188' title='bbox 3553 1496 3650 1551; x_wconf 91' lang='lat' dir='ltr'><strong>illo</strong></span> 
     </span>
    </p>
   </div>
   <div class='ocr_carea' id='block_1_30' title="bbox 2057 1591 3648 1674">
    <p class='ocr_par' dir='ltr' id='par_1_30' title="bbox 2057 1591 3648 1674">
     <span class='ocr_line' id='line_1_30' title="bbox 2057 1591 3648 1674; baseline -0.01 -15"><span class='ocrx_word' id='word_1_189' title='bbox 2057 1604 2155 1674; x_wconf 90' lang='lat' dir='ltr'><strong>qui</strong></span> <span class='ocrx_word' id='word_1_190' title='bbox 2186 1601 2567 1674; x_wconf 71' lang='lat' dir='ltr'><strong>quaerebatur,</strong></span> <span class='ocrx_word' id='word_1_191' title='bbox 2597 1597 2814 1654; x_wconf 80' lang='lat' dir='ltr'><strong>fervore</strong></span> <span class='ocrx_word' id='word_1_192' title='bbox 2849 1594 2979 1651; x_wconf 92' lang='lat' dir='ltr'><strong>ﬁdei</strong></span> <span class='ocrx_word' id='word_1_193' title='bbox 3025 1593 3108 1649; x_wconf 92' lang='lat' dir='ltr'><strong>illi</strong></span> <span class='ocrx_word' id='word_1_194' title='bbox 3153 1593 3342 1649; x_wconf 88' lang='lat' dir='ltr'><strong>statim</strong></span> <span class='ocrx_word' id='word_1_195' title='bbox 3382 1591 3648 1647; x_wconf 70' lang='lat' dir='ltr'><strong>colimret.</strong></span> 
     </span>
    </p>
   </div>
   <div class='ocr_carea' id='block_1_31' title="bbox 2058 1681 3651 1767">
    <p class='ocr_par' dir='ltr' id='par_1_31' title="bbox 2058 1681 3651 1767">
     <span class='ocr_line' id='line_1_31' title="bbox 2058 1681 3651 1767; baseline -0.01 -15"><span class='ocrx_word' id='word_1_196' title='bbox 2058 1694 2592 1767; x_wconf 77' lang='lat' dir='ltr'><strong>Benignissimisque</strong></span> <span class='ocrx_word' id='word_1_197' title='bbox 2621 1706 2754 1746; x_wconf 90' lang='lat' dir='ltr'><strong>usus</strong></span> <span class='ocrx_word' id='word_1_198' title='bbox 2787 1688 3063 1752; x_wconf 87' lang='lat' dir='ltr'><strong>moribus,</strong></span> <span class='ocrx_word' id='word_1_199' title='bbox 3092 1701 3213 1742; x_wconf 87' lang='lat' dir='ltr'><strong>non</strong></span> <span class='ocrx_word' id='word_1_200' title='bbox 3248 1685 3358 1741; x_wconf 82' lang='lat' dir='ltr'><strong>fert</strong></span> <span class='ocrx_word' id='word_1_201' title='bbox 3403 1691 3465 1739; x_wconf 90' lang='lat' dir='ltr'><strong>ut</strong></span> <span class='ocrx_word' id='word_1_202' title='bbox 3498 1681 3651 1737; x_wconf 88' lang='lat' dir='ltr'><strong>solus</strong></span> 
     </span>
    </p>
   </div>
   <div class='ocr_carea' id='block_1_32' title="bbox 2058 1774 3649 1857">
    <p class='ocr_par' dir='ltr' id='par_1_32' title="bbox 2058 1774 3649 1857">
     <span class='ocr_line' id='line_1_32' title="bbox 2058 1774 3649 1857; baseline -0.011 -12"><span class='ocrx_word' id='word_1_203' title='bbox 2058 1789 2208 1845; x_wconf 86' lang='lat' dir='ltr'><strong>bono</strong></span> <span class='ocrx_word' id='word_1_204' title='bbox 2258 1787 2543 1857; x_wconf 88' lang='lat' dir='ltr'><strong>potiatur;</strong></span> <span class='ocrx_word' id='word_1_205' title='bbox 2574 1782 2672 1839; x_wconf 91' lang='lat' dir='ltr'><strong>sed</strong></span> <span class='ocrx_word' id='word_1_206' title='bbox 2715 1782 2869 1837; x_wconf 85' lang='lat' dir='ltr'><strong>velut</strong></span> <span class='ocrx_word' id='word_1_207' title='bbox 2912 1781 3007 1850; x_wconf 91' lang='lat' dir='ltr'><strong>qui</strong></span> <span class='ocrx_word' id='word_1_208' title='bbox 3038 1780 3317 1850; x_wconf 80' lang='lat' dir='ltr'><strong>ingentem</strong></span> <span class='ocrx_word' id='word_1_209' title='bbox 3355 1774 3649 1847; x_wconf 81' lang='lat' dir='ltr'><strong>quemdam</strong></span> 
     </span>
    </p>
   </div>
   <div class='ocr_carea' id='block_1_33' title="bbox 326 1864 1966 1977">
    <p class='ocr_par' dir='ltr' id='par_1_33' title="bbox 326 1870 1953 1977">
     <span class='ocr_line' id='line_1_33' title="bbox 326 1870 1953 1977; baseline 0.003 -55"><span class='ocrx_word' id='word_1_210' title='bbox 326 1870 553 1977; x_wconf 54' lang='grc' dir='ltr'>τρέχει-</span> <span class='ocrx_word' id='word_1_211' title='bbox 582 1870 688 1977; x_wconf 71' lang='grc' dir='ltr'><strong>καὶ</strong></span> <span class='ocrx_word' id='word_1_212' title='bbox 739 1870 964 1941; x_wconf 83' lang='grc' dir='ltr'><strong>Σίμωνι</strong></span> <span class='ocrx_word' id='word_1_213' title='bbox 1019 1870 1214 1925; x_wconf 87' lang='grc' dir='ltr'>τοῦτον</span> <span class='ocrx_word' id='word_1_214' title='bbox 1275 1871 1602 1943; x_wconf 76' lang='grc' dir='ltr'><strong>παραδεῖξαι</strong></span> <span class='ocrx_word' id='word_1_215' title='bbox 1633 1888 1649 1906; x_wconf 79' lang='grc' dir='ltr'><strong><em>ο</em></strong></span> <span class='ocrx_word' id='word_1_216' title='bbox 1712 1871 1953 1943; x_wconf 79' lang='grc' dir='ltr'><strong>Σίμωνι,</strong></span> 
     </span>
    </p>
   </div>
   <div class='ocr_carea' id='block_1_34' title="bbox 2067 1864 3652 1977">
    <p class='ocr_par' dir='ltr' id='par_1_34' title="bbox 2067 1864 3652 1936">
     <span class='ocr_line' id='line_1_34' title="bbox 2067 1864 3652 1936; baseline -0.012 1"><span class='ocrx_word' id='word_1_217' title='bbox 2067 1882 2385 1936; x_wconf 83' lang='lat' dir='ltr'><strong>thesaurum</strong></span> <span class='ocrx_word' id='word_1_218' title='bbox 2421 1877 2609 1933; x_wconf 74' lang='lat' dir='ltr'><strong>Iesum</strong></span> <span class='ocrx_word' id='word_1_219' title='bbox 2650 1881 2849 1928; x_wconf 90' lang='lat' dir='ltr'><strong>nactus</strong></span> <span class='ocrx_word' id='word_1_220' title='bbox 2893 1878 3064 1936; x_wconf 90' lang='lat' dir='ltr'><strong>esset,</strong></span> <span class='ocrx_word' id='word_1_221' title='bbox 3092 1870 3260 1925; x_wconf 88' lang='lat' dir='ltr'><strong>etiam</strong></span> <span class='ocrx_word' id='word_1_222' title='bbox 3303 1866 3515 1922; x_wconf 90' lang='lat' dir='ltr'><strong>Simoni</strong></span> <span class='ocrx_word' id='word_1_223' title='bbox 3567 1864 3652 1925; x_wconf 82' lang='lat' dir='ltr'><strong>fc-</strong></span> 
     </span>
    </p>
   </div>
   <div class='ocr_carea' id='block_1_35' title="bbox 332 1961 1962 2035">
    <p class='ocr_par' dir='ltr' id='par_1_35' title="bbox 332 1961 1962 2035">
     <span class='ocr_line' id='line_1_35' title="bbox 332 1961 1962 2035; baseline -0.001 -17"><span class='ocrx_word' id='word_1_224' title='bbox 332 1962 565 2034; x_wconf 68' lang='grc' dir='ltr'>ἁδελφῷ</span> <span class='ocrx_word' id='word_1_225' title='bbox 721 1962 919 2032; x_wconf 76' lang='grc' dir='ltr'>φύσιν,</span> <span class='ocrx_word' id='word_1_226' title='bbox 948 1962 1166 2034; x_wconf 87' lang='grc' dir='ltr'>ἀδελφῷ</span> <span class='ocrx_word' id='word_1_227' title='bbox 1198 1963 1300 2035; x_wconf 82' lang='grc' dir='ltr'>τὴν</span> <span class='ocrx_word' id='word_1_228' title='bbox 1340 1963 1570 2034; x_wconf 84' lang='grc' dir='ltr'><strong>γνώμην</strong></span> <span class='ocrx_word' id='word_1_229' title='bbox 1599 1980 1615 1996; x_wconf 73' lang='grc' dir='ltr'><strong><em>ο</em></strong></span> <span class='ocrx_word' id='word_1_230' title='bbox 1647 1964 1747 2035; x_wconf 83' lang='grc' dir='ltr'>τὴν</span> <span class='ocrx_word' id='word_1_231' title='bbox 1767 1963 1962 2035; x_wconf 79' lang='grc' dir='ltr'>τέχνην</span> 
     </span>
    </p>
   </div>
   <div class='ocr_carea' id='block_1_36' title="bbox 334 2053 1959 2128">
    <p class='ocr_par' dir='ltr' id='par_1_36' title="bbox 334 2053 1959 2128">
     <span class='ocr_line' id='line_1_36' title="bbox 334 2053 1959 2128; baseline 0 -19"><span class='ocrx_word' id='word_1_232' title='bbox 334 2055 603 2126; x_wconf 75' lang='grc' dir='ltr'><strong>ὁμοτίμῳ</strong></span> <span class='ocrx_word' id='word_1_233' title='bbox 634 2071 649 2087; x_wconf 82' lang='lat'><strong>&#39;</strong></span> <span class='ocrx_word' id='word_1_234' title='bbox 684 2054 867 2127; x_wconf 73' lang='grc' dir='ltr'>ἄμφω</span> <span class='ocrx_word' id='word_1_235' title='bbox 906 2053 1021 2125; x_wconf 77' lang='grc' dir='ltr'>γὰρ</span> <span class='ocrx_word' id='word_1_236' title='bbox 1056 2055 1231 2119; x_wconf 82' lang='grc' dir='ltr'><strong>ἁλιεῖς</strong></span> <span class='ocrx_word' id='word_1_237' title='bbox 1256 2073 1271 2087; x_wconf 74' lang='grc' dir='ltr'><strong>ο</strong></span> <span class='ocrx_word' id='word_1_238' title='bbox 1301 2055 1394 2108; x_wconf 83' lang='grc' dir='ltr'>τὸν</span> <span class='ocrx_word' id='word_1_239' title='bbox 1423 2056 1627 2128; x_wconf 79' lang='grc' dir='ltr'><strong>τρόπον</strong></span> <span class='ocrx_word' id='word_1_240' title='bbox 1655 2056 1913 2127; x_wconf 80' lang='grc' dir='ltr'><strong>ὁμοζήλῳ</strong></span> <span class='ocrx_word' id='word_1_241' title='bbox 1942 2074 1959 2090; x_wconf 89' lang='grc'><strong>·</strong></span> 
     </span>
    </p>
   </div>
   <div class='ocr_carea' id='block_1_37' title="bbox 339 2148 1961 2221">
    <p class='ocr_par' dir='ltr' id='par_1_37' title="bbox 339 2148 1961 2221">
     <span class='ocr_line' id='line_1_37' title="bbox 339 2148 1961 2221; baseline 0 -20"><span class='ocrx_word' id='word_1_242' title='bbox 339 2148 694 2219; x_wconf 77' lang='grc' dir='ltr'>νομομαθεῖς</span> <span class='ocrx_word' id='word_1_243' title='bbox 742 2148 862 2219; x_wconf 73' lang='grc' dir='ltr'><strong>γὰρ</strong></span> <span class='ocrx_word' id='word_1_244' title='bbox 911 2149 1109 2219; x_wconf 81' lang='grc' dir='ltr'>ἄμφω,</span> <span class='ocrx_word' id='word_1_245' title='bbox 1164 2148 1260 2201; x_wconf 73' lang='grc' dir='ltr'><strong>καὶ</strong></span> <span class='ocrx_word' id='word_1_246' title='bbox 1316 2149 1419 2218; x_wconf 81' lang='grc' dir='ltr'>τῆς</span> <span class='ocrx_word' id='word_1_247' title='bbox 1479 2148 1653 2221; x_wconf 82' lang='grc' dir='ltr'>αὐτῆς</span> <span class='ocrx_word' id='word_1_248' title='bbox 1702 2148 1961 2219; x_wconf 75' lang='grc' dir='ltr'><strong>ἀληθείας</strong></span> 
     </span>
    </p>
   </div>
   <div class='ocr_carea' id='block_1_38' title="bbox 353 2240 1320 2313">
    <p class='ocr_par' dir='ltr' id='par_1_38' title="bbox 353 2240 1320 2313">
     <span class='ocr_line' id='line_1_38' title="bbox 353 2240 1320 2313; baseline -0.001 -18"><span class='ocrx_word' id='word_1_249' title='bbox 353 2242 572 2313; x_wconf 64' lang='grc' dir='ltr'>ὁμοίως</span> <span class='ocrx_word' id='word_1_250' title='bbox 593 2242 897 2312; x_wconf 74' lang='grc' dir='ltr'>συζητηταὶ</span> <span class='ocrx_word' id='word_1_251' title='bbox 943 2240 1044 2295; x_wconf 80' lang='grc' dir='ltr'><strong>καὶ</strong></span> <span class='ocrx_word' id='word_1_252' title='bbox 1065 2240 1320 2313; x_wconf 78' lang='grc' dir='ltr'>ἐρασταί.</span> 
     </span>
    </p>
   </div>
   <div class='ocr_carea' id='block_1_39' title="bbox 428 2516 1961 2589">
    <p class='ocr_par' dir='ltr' id='par_1_39' title="bbox 428 2516 1961 2589">
     <span class='ocr_line' id='line_1_39' title="bbox 428 2516 1961 2589; baseline -0.001 -18"><span class='ocrx_word' id='word_1_253' title='bbox 428 2516 644 2571; x_wconf 81' lang='grc' dir='ltr'>Τοῦτον</span> <span class='ocrx_word' id='word_1_254' title='bbox 670 2517 890 2584; x_wconf 65' lang='grc' dir='ltr'>πρῶτον</span> <span class='ocrx_word' id='word_1_255' title='bbox 942 2518 972 2571; x_wconf 92' lang='lat'><strong>6</strong></span> <span class='ocrx_word' id='word_1_256' title='bbox 1031 2517 1292 2589; x_wconf 80' lang='grc' dir='ltr'><strong>Ἀνδρέας</strong></span> <span class='ocrx_word' id='word_1_257' title='bbox 1353 2516 1555 2589; x_wconf 78' lang='grc' dir='ltr'>εὑρὼν,</span> <span class='ocrx_word' id='word_1_258' title='bbox 1581 2518 1961 2588; x_wconf 78' lang='grc' dir='ltr'>Εὑρήκαμεν,</span> 
     </span>
    </p>
   </div>
   <div class='ocr_carea' id='block_1_40' title="bbox 341 2608 1964 2681">
    <p class='ocr_par' dir='ltr' id='par_1_40' title="bbox 341 2608 1964 2681">
     <span class='ocr_line' id='line_1_40' title="bbox 341 2608 1964 2681; baseline -0.002 -18"><span class='ocrx_word' id='word_1_259' title='bbox 341 2610 497 2681; x_wconf 75' lang='grc' dir='ltr'>ἔφη,</span> <span class='ocrx_word' id='word_1_260' title='bbox 522 2610 636 2663; x_wconf 77' lang='grc' dir='ltr'><strong>τὸν</strong></span> <span class='ocrx_word' id='word_1_261' title='bbox 692 2608 1007 2663; x_wconf 68' lang='grc' dir='ltr'>Μεσσίαν.</span> <span class='ocrx_word' id='word_1_262' title='bbox 1064 2609 1437 2679; x_wconf 83' lang='grc' dir='ltr'>Περιχαρείας</span> <span class='ocrx_word' id='word_1_263' title='bbox 1463 2608 1653 2679; x_wconf 81' lang='grc' dir='ltr'>γέμων</span> <span class='ocrx_word' id='word_1_264' title='bbox 1706 2610 1736 2662; x_wconf 97' lang='lat'><strong>6</strong></span> <span class='ocrx_word' id='word_1_265' title='bbox 1784 2610 1964 2680; x_wconf 80' lang='grc' dir='ltr'>λόγος,</span> 
     </span>
    </p>
   </div>
   <div class='ocr_carea' id='block_1_41' title="bbox 341 2698 1965 2772">
    <p class='ocr_par' dir='ltr' id='par_1_41' title="bbox 341 2698 1965 2772">
     <span class='ocr_line' id='line_1_41' title="bbox 341 2698 1965 2772; baseline 0.001 -19"><span class='ocrx_word' id='word_1_266' title='bbox 341 2698 447 2754; x_wconf 75' lang='grc' dir='ltr'><strong>καὶ</strong></span> <span class='ocrx_word' id='word_1_267' title='bbox 480 2699 816 2770; x_wconf 77' lang='grc' dir='ltr'>θαυμασίας</span> <span class='ocrx_word' id='word_1_268' title='bbox 838 2701 1063 2771; x_wconf 73' lang='grc' dir='ltr'>ἡδονῆς.</span> <span class='ocrx_word' id='word_1_269' title='bbox 1097 2700 1268 2755; x_wconf 81' lang='grc' dir='ltr'>Οὐδὲν</span> <span class='ocrx_word' id='word_1_270' title='bbox 1298 2702 1410 2772; x_wconf 80' lang='grc' dir='ltr'>γὰρ</span> <span class='ocrx_word' id='word_1_271' title='bbox 1444 2699 1620 2764; x_wconf 73' lang='grc' dir='ltr'>οὕτως</span> <span class='ocrx_word' id='word_1_272' title='bbox 1652 2700 1965 2772; x_wconf 77' lang='grc' dir='ltr'><strong>εὐφραίνειν</strong></span> 
     </span>
    </p>
   </div>
   <div class='ocr_carea' id='block_1_42' title="bbox 336 2786 1962 2865">
    <p class='ocr_par' dir='ltr' id='par_1_42' title="bbox 336 2786 1962 2865">
     <span class='ocr_line' id='line_1_42' title="bbox 336 2786 1962 2865; baseline 0 -19"><span class='ocrx_word' id='word_1_273' title='bbox 336 2786 451 2846; x_wconf 76' lang='grc' dir='ltr'>οἶδε</span> <span class='ocrx_word' id='word_1_274' title='bbox 481 2791 696 2865; x_wconf 62' lang='grc' dir='ltr'>ψυχήν,</span> <span class='ocrx_word' id='word_1_275' title='bbox 724 2793 809 2857; x_wconf 80' lang='grc' dir='ltr'>ὡς</span> <span class='ocrx_word' id='word_1_276' title='bbox 836 2793 904 2846; x_wconf 84' lang='grc' dir='ltr'><strong>τὸ</strong></span> <span class='ocrx_word' id='word_1_277' title='bbox 952 2792 1094 2863; x_wconf 85' lang='grc' dir='ltr'>μετὰ</span> <span class='ocrx_word' id='word_1_278' title='bbox 1122 2792 1289 2847; x_wconf 89' lang='grc' dir='ltr'>πόνου</span> <span class='ocrx_word' id='word_1_279' title='bbox 1315 2794 1408 2846; x_wconf 73' lang='grc' dir='ltr'><strong>καὶ</strong></span> <span class='ocrx_word' id='word_1_280' title='bbox 1434 2792 1696 2862; x_wconf 82' lang='grc' dir='ltr'>πλείστης</span> <span class='ocrx_word' id='word_1_281' title='bbox 1727 2791 1962 2863; x_wconf 83' lang='grc' dir='ltr'>ὲρεύνης</span> 
     </span>
    </p>
   </div>
   <div class='ocr_carea' id='block_1_43' title="bbox 344 2877 1968 2955">
    <p class='ocr_par' dir='ltr' id='par_1_43' title="bbox 344 2877 1968 2955">
     <span class='ocr_line' id='line_1_43' title="bbox 344 2877 1968 2955; baseline 0.001 -20"><span class='ocrx_word' id='word_1_282' title='bbox 344 2884 751 2955; x_wconf 67' lang='grc' dir='ltr'><strong>εὑρισκόμενον</strong></span> <span class='ocrx_word' id='word_1_283' title='bbox 784 2899 803 2917; x_wconf 88' lang='grc'><strong>·</strong></span> <span class='ocrx_word' id='word_1_284' title='bbox 843 2877 931 2947; x_wconf 81' lang='grc' dir='ltr'><strong>οἷς</strong></span> <span class='ocrx_word' id='word_1_285' title='bbox 979 2883 1091 2954; x_wconf 80' lang='grc' dir='ltr'><strong>γὰρ</strong></span> <span class='ocrx_word' id='word_1_286' title='bbox 1131 2882 1202 2937; x_wconf 77' lang='grc' dir='ltr'>ἂν</span> <span class='ocrx_word' id='word_1_287' title='bbox 1233 2885 1300 2937; x_wconf 82' lang='grc' dir='ltr'>ἐκ</span> <span class='ocrx_word' id='word_1_288' title='bbox 1340 2882 1438 2937; x_wconf 83' lang='grc' dir='ltr'>τοῦ</span> <span class='ocrx_word' id='word_1_289' title='bbox 1491 2883 1754 2953; x_wconf 83' lang='grc' dir='ltr'><strong>ἀδοκήτου</strong></span> <span class='ocrx_word' id='word_1_290' title='bbox 1808 2900 1968 2950; x_wconf 87' lang='grc' dir='ltr'>περι-</span> 
     </span>
    </p>
   </div>
   <div class='ocr_carea' id='block_1_44' title="bbox 354 2975 1968 3048">
    <p class='ocr_par' dir='ltr' id='par_1_44' title="bbox 354 2975 1968 3048">
     <span class='ocr_line' id='line_1_44' title="bbox 354 2975 1968 3048; baseline 0.002 -21"><span class='ocrx_word' id='word_1_291' title='bbox 354 2978 648 3047; x_wconf 65' lang='grc' dir='ltr'>τύχοιμεν,</span> <span class='ocrx_word' id='word_1_292' title='bbox 714 2975 828 3031; x_wconf 74' lang='grc' dir='ltr'>κᾶν</span> <span class='ocrx_word' id='word_1_293' title='bbox 890 2978 1110 3048; x_wconf 75' lang='grc' dir='ltr'>μεγάλα</span> <span class='ocrx_word' id='word_1_294' title='bbox 1165 2977 1323 3048; x_wconf 83' lang='grc' dir='ltr'><strong>δοκῇ,</strong></span> <span class='ocrx_word' id='word_1_295' title='bbox 1379 2977 1440 3030; x_wconf 81' lang='grc' dir='ltr'><strong>οὐ</strong></span> <span class='ocrx_word' id='word_1_296' title='bbox 1496 2977 1637 3048; x_wconf 83' lang='grc' dir='ltr'>μετὰ</span> <span class='ocrx_word' id='word_1_297' title='bbox 1696 2975 1968 3047; x_wconf 78' lang='grc' dir='ltr'><strong>τοσαύτης</strong></span> 
     </span>
    </p>
   </div>
   <div class='ocr_carea' id='block_1_45' title="bbox 366 3065 1968 3139">
    <p class='ocr_par' dir='ltr' id='par_1_45' title="bbox 366 3065 1968 3139">
     <span class='ocr_line' id='line_1_45' title="bbox 366 3065 1968 3139; baseline -0.001 -17"><span class='ocrx_word' id='word_1_298' title='bbox 366 3067 775 3139; x_wconf 48' lang='lat' dir='ltr'><strong>agitandus-20a</strong></span> <span class='ocrx_word' id='word_1_299' title='bbox 807 3069 913 3135; x_wconf 81' lang='grc' dir='ltr'>τῆς</span> <span class='ocrx_word' id='word_1_300' title='bbox 951 3066 1190 3135; x_wconf 74' lang='grc' dir='ltr'>σπουδῆς</span> <span class='ocrx_word' id='word_1_301' title='bbox 1214 3083 1231 3098; x_wconf 78' lang='grc' dir='ltr'><strong><em>ο</em></strong></span> <span class='ocrx_word' id='word_1_302' title='bbox 1274 3065 1372 3119; x_wconf 74' lang='grc' dir='ltr'>καὶ</span> <span class='ocrx_word' id='word_1_303' title='bbox 1413 3067 1503 3121; x_wconf 83' lang='grc' dir='ltr'><strong>διὰ</strong></span> <span class='ocrx_word' id='word_1_304' title='bbox 1553 3066 1714 3121; x_wconf 89' lang='grc' dir='ltr'>τοῦτο</span> <span class='ocrx_word' id='word_1_305' title='bbox 1764 3065 1968 3138; x_wconf 83' lang='grc' dir='ltr'>μόνιμά</span> 
     </span>
    </p>
   </div>
   <div class='ocr_carea' id='block_1_46' title="bbox 368 3159 1966 3231">
    <p class='ocr_par' dir='ltr' id='par_1_46' title="bbox 368 3159 1966 3231">
     <span class='ocr_line' id='line_1_46' title="bbox 368 3159 1966 3231; baseline 0.001 -18"><span class='ocrx_word' id='word_1_306' title='bbox 368 3178 428 3213; x_wconf 82' lang='grc' dir='ltr'><strong>τε</strong></span> <span class='ocrx_word' id='word_1_307' title='bbox 495 3161 568 3231; x_wconf 75' lang='grc' dir='ltr'>τῷ</span> <span class='ocrx_word' id='word_1_308' title='bbox 646 3160 997 3231; x_wconf 80' lang='grc' dir='ltr'><strong>κεκτημένῳ</strong></span> <span class='ocrx_word' id='word_1_309' title='bbox 1070 3159 1398 3214; x_wconf 83' lang='grc' dir='ltr'>καθίσταται</span> <span class='ocrx_word' id='word_1_310' title='bbox 1469 3161 1567 3214; x_wconf 73' lang='grc' dir='ltr'><strong>καὶ</strong></span> <span class='ocrx_word' id='word_1_311' title='bbox 1621 3159 1966 3230; x_wconf 83' lang='grc' dir='ltr'>βεϐαιότερα.</span> 
     </span>
    </p>
   </div>
   <div class='ocr_carea' id='block_1_47' title="bbox 357 3249 1967 3326">
    <p class='ocr_par' dir='ltr' id='par_1_47' title="bbox 357 3249 1967 3326">
     <span class='ocr_line' id='line_1_47' title="bbox 357 3249 1967 3326; baseline -0.002 -18"><span class='ocrx_word' id='word_1_312' title='bbox 357 3257 450 3308; x_wconf 73' lang='grc' dir='ltr'>Διὸ</span> <span class='ocrx_word' id='word_1_313' title='bbox 493 3257 590 3310; x_wconf 76' lang='grc' dir='ltr'><strong>καὶ</strong></span> <span class='ocrx_word' id='word_1_314' title='bbox 654 3249 828 3318; x_wconf 75' lang='grc' dir='ltr'>οὗτος</span> <span class='ocrx_word' id='word_1_315' title='bbox 889 3255 1039 3326; x_wconf 77' lang='grc' dir='ltr'>ψυχῇ</span> <span class='ocrx_word' id='word_1_316' title='bbox 1098 3253 1200 3323; x_wconf 85' lang='grc' dir='ltr'><strong>μὲν</strong></span> <span class='ocrx_word' id='word_1_317' title='bbox 1254 3252 1551 3324; x_wconf 84' lang='grc' dir='ltr'><strong>φιλοπόνῳ,</strong></span> <span class='ocrx_word' id='word_1_318' title='bbox 1597 3253 1866 3324; x_wconf 80' lang='grc' dir='ltr'><strong>φιλολόγῳ</strong></span> <span class='ocrx_word' id='word_1_319' title='bbox 1909 3253 1967 3306; x_wconf 83' lang='grc' dir='ltr'>δὲ</span> 
     </span>
    </p>
   </div>
   <div class='ocr_carea' id='block_1_48' title="bbox 348 3346 1968 3420">
    <p class='ocr_par' dir='ltr' id='par_1_48' title="bbox 348 3346 1968 3420">
     <span class='ocr_line' id='line_1_48' title="bbox 348 3346 1968 3420; baseline -0.001 -17"><span class='ocrx_word' id='word_1_320' title='bbox 622 3349 933 3420; x_wconf 78' lang='grc' dir='ltr'><strong>προσέχων</strong></span> <span class='ocrx_word' id='word_1_321' title='bbox 1002 3350 1129 3411; x_wconf 77' lang='grc' dir='ltr'>ταῖς</span> <span class='ocrx_word' id='word_1_322' title='bbox 1200 3347 1474 3417; x_wconf 85' lang='grc' dir='ltr'>Γραφαίς,</span> <span class='ocrx_word' id='word_1_323' title='bbox 1541 3346 1661 3418; x_wconf 82' lang='grc' dir='ltr'>ᾔδει</span> <span class='ocrx_word' id='word_1_324' title='bbox 1731 3347 1830 3417; x_wconf 80' lang='grc' dir='ltr'>μὲν</span> <span class='ocrx_word' id='word_1_325' title='bbox 1877 3346 1968 3401; x_wconf 82' lang='grc' dir='ltr'>τὸν</span> 
     </span>
    </p>
   </div>
   <div class='ocr_carea' id='block_1_49' title="bbox 352 3436 1973 3511">
    <p class='ocr_par' dir='ltr' id='par_1_49' title="bbox 352 3436 1973 3511">
     <span class='ocr_line' id='line_1_49' title="bbox 352 3436 1973 3511; baseline -0.003 -17"><span class='ocrx_word' id='word_1_326' title='bbox 352 3441 596 3511; x_wconf 72' lang='grc' dir='ltr'>Χριστὸν</span> <span class='ocrx_word' id='word_1_327' title='bbox 620 3442 714 3503; x_wconf 86' lang='grc' dir='ltr'><strong>είς</strong></span> <span class='ocrx_word' id='word_1_328' title='bbox 749 3438 1036 3509; x_wconf 83' lang='grc' dir='ltr'>σωτηρίαν</span> <span class='ocrx_word' id='word_1_329' title='bbox 1068 3436 1378 3508; x_wconf 81' lang='grc' dir='ltr'>ἀνθρώπων</span> <span class='ocrx_word' id='word_1_330' title='bbox 1404 3438 1768 3507; x_wconf 73' lang='grc' dir='ltr'>ἐλευσόμενον</span> <span class='ocrx_word' id='word_1_331' title='bbox 1792 3476 1808 3501; x_wconf 86' lang='grc'><strong>,</strong></span> <span class='ocrx_word' id='word_1_332' title='bbox 1872 3436 1973 3490; x_wconf 80' lang='grc' dir='ltr'><strong>κόι-</strong></span> 
     </span>
    </p>
   </div>
   <div class='ocr_carea' id='block_1_50' title="bbox 360 3529 1971 3605">
    <p class='ocr_par' dir='ltr' id='par_1_50' title="bbox 360 3529 1971 3605">
     <span class='ocr_line' id='line_1_50' title="bbox 360 3529 1971 3605; baseline -0.002 -18"><span class='ocrx_word' id='word_1_333' title='bbox 360 3552 511 3605; x_wconf 66' lang='grc' dir='ltr'>μνιιιν</span> <span class='ocrx_word' id='word_1_334' title='bbox 562 3532 678 3605; x_wconf 79' lang='grc' dir='ltr'><strong>[μὴ</strong></span> <span class='ocrx_word' id='word_1_335' title='bbox 708 3530 966 3604; x_wconf 80' lang='grc' dir='ltr'><strong>κάμνων]</strong></span> <span class='ocrx_word' id='word_1_336' title='bbox 1025 3532 1084 3584; x_wconf 81' lang='grc' dir='ltr'>δὲ</span> <span class='ocrx_word' id='word_1_337' title='bbox 1134 3533 1200 3603; x_wconf 80' lang='grc' dir='ltr'><strong>τῇ</strong></span> <span class='ocrx_word' id='word_1_338' title='bbox 1253 3530 1466 3596; x_wconf 75' lang='grc' dir='ltr'>ἑλπίδι,</span> <span class='ocrx_word' id='word_1_339' title='bbox 1526 3532 1659 3602; x_wconf 73' lang='grc' dir='ltr'>περὶ</span> <span class='ocrx_word' id='word_1_340' title='bbox 1715 3530 1818 3601; x_wconf 84' lang='grc' dir='ltr'><strong>τὴν</strong></span> <span class='ocrx_word' id='word_1_341' title='bbox 1875 3529 1971 3583; x_wconf 89' lang='grc' dir='ltr'>τοῦ</span> 
     </span>
    </p>
   </div>
   <div class='ocr_carea' id='block_1_51' title="bbox 356 3621 1973 3700">
    <p class='ocr_par' dir='ltr' id='par_1_51' title="bbox 356 3621 1973 3700">
     <span class='ocr_line' id='line_1_51' title="bbox 356 3621 1973 3700; baseline -0.002 -21"><span class='ocrx_word' id='word_1_342' title='bbox 356 3627 839 3700; x_wconf 73' lang='grc' dir='ltr'><strong>προσδοκωμένου</strong></span> <span class='ocrx_word' id='word_1_343' title='bbox 881 3624 1103 3697; x_wconf 71' lang='grc' dir='ltr'>εὕρεσιν</span> <span class='ocrx_word' id='word_1_344' title='bbox 1137 3626 1345 3679; x_wconf 82' lang='grc' dir='ltr'>ἐπόνει.</span> <span class='ocrx_word' id='word_1_345' title='bbox 1381 3625 1493 3678; x_wconf 70' lang='grc' dir='ltr'>Καὶ</span> <span class='ocrx_word' id='word_1_346' title='bbox 1519 3623 1716 3695; x_wconf 78' lang='grc' dir='ltr'>ἐπειδὴ</span> <span class='ocrx_word' id='word_1_347' title='bbox 1755 3621 1973 3693; x_wconf 86' lang='grc' dir='ltr'>πρῶτος</span> 
     </span>
    </p>
   </div>
   <div class='ocr_carea' id='block_1_52' title="bbox 357 3714 1975 3790">
    <p class='ocr_par' dir='ltr' id='par_1_52' title="bbox 357 3714 1975 3790">
     <span class='ocr_line' id='line_1_52' title="bbox 357 3714 1975 3790; baseline -0.004 -15"><span class='ocrx_word' id='word_1_348' title='bbox 357 3723 586 3775; x_wconf 69' lang='grc' dir='ltr'>πάντων</span> <span class='ocrx_word' id='word_1_349' title='bbox 619 3721 815 3790; x_wconf 76' lang='grc' dir='ltr'>εὑρεῖν</span> <span class='ocrx_word' id='word_1_350' title='bbox 867 3716 1218 3789; x_wconf 81' lang='grc' dir='ltr'>κατηξιοῦτο,</span> <span class='ocrx_word' id='word_1_351' title='bbox 1282 3717 1363 3780; x_wconf 85' lang='grc' dir='ltr'><strong>εἴς</strong></span> <span class='ocrx_word' id='word_1_352' title='bbox 1418 3733 1479 3770; x_wconf 89' lang='grc' dir='ltr'><strong>τε</strong></span> <span class='ocrx_word' id='word_1_353' title='bbox 1531 3715 1658 3785; x_wconf 73' lang='grc' dir='ltr'>ὄψιν</span> <span class='ocrx_word' id='word_1_354' title='bbox 1691 3714 1843 3784; x_wconf 84' lang='grc' dir='ltr'>αὐτῷ</span> <span class='ocrx_word' id='word_1_355' title='bbox 1877 3714 1975 3768; x_wconf 77' lang='grc' dir='ltr'><strong>καὶ</strong></span> 
     </span>
    </p>
   </div>
   <div class='ocr_carea' id='block_1_53' title="bbox 356 3805 1975 3884">
    <p class='ocr_par' dir='ltr' id='par_1_53' title="bbox 356 3805 1975 3884">
     <span class='ocr_line' id='line_1_53' title="bbox 356 3805 1975 3884; baseline -0.004 -17"><span class='ocrx_word' id='word_1_356' title='bbox 356 3815 559 3882; x_wconf 67' lang='grc' dir='ltr'>λόγους</span> <span class='ocrx_word' id='word_1_357' title='bbox 586 3808 703 3884; x_wconf 76' lang='grc' dir='ltr'><strong>ἧκε</strong></span> <span class='ocrx_word' id='word_1_358' title='bbox 758 3811 1005 3882; x_wconf 82' lang='grc' dir='ltr'>βραχεῖς,</span> <span class='ocrx_word' id='word_1_359' title='bbox 1066 3810 1357 3864; x_wconf 80' lang='grc' dir='ltr'>ἀναϐάλλει</span> <span class='ocrx_word' id='word_1_360' title='bbox 1419 3810 1517 3881; x_wconf 78' lang='grc' dir='ltr'><strong>μὲν</strong></span> <span class='ocrx_word' id='word_1_361' title='bbox 1564 3811 1633 3881; x_wconf 83' lang='grc' dir='ltr'><strong>τῇ</strong></span> <span class='ocrx_word' id='word_1_362' title='bbox 1669 3808 1870 3879; x_wconf 79' lang='grc' dir='ltr'>καρδίᾳ</span> <span class='ocrx_word' id='word_1_363' title='bbox 1896 3805 1975 3878; x_wconf 84' lang='grc' dir='ltr'><strong>τῷ</strong></span> 
     </span>
    </p>
   </div>
   <div class='ocr_carea' id='block_1_54' title="bbox 364 3900 1977 3981">
    <p class='ocr_par' dir='ltr' id='par_1_54' title="bbox 364 3900 1977 3981">
     <span class='ocr_line' id='line_1_54' title="bbox 364 3900 1977 3981; baseline -0.006 -19"><span class='ocrx_word' id='word_1_364' title='bbox 364 3910 586 3981; x_wconf 71' lang='grc' dir='ltr'>φίλτρῳ</span> <span class='ocrx_word' id='word_1_365' title='bbox 640 3905 750 3961; x_wconf 80' lang='grc' dir='ltr'><strong>τοῦ</strong></span> <span class='ocrx_word' id='word_1_366' title='bbox 804 3904 1061 3974; x_wconf 78' lang='grc' dir='ltr'>ἀγαθοῦο</span> <span class='ocrx_word' id='word_1_367' title='bbox 1125 3904 1207 3974; x_wconf 82' lang='grc' dir='ltr'>τῷ</span> <span class='ocrx_word' id='word_1_368' title='bbox 1271 3903 1520 3972; x_wconf 64' lang='grc' dir='ltr'>φωτὶιδὲ</span> <span class='ocrx_word' id='word_1_369' title='bbox 1567 3904 1667 3974; x_wconf 86' lang='grc' dir='ltr'>τῆς</span> <span class='ocrx_word' id='word_1_370' title='bbox 1720 3900 1977 3970; x_wconf 83' lang='grc' dir='ltr'>γνώσεως</span> 
     </span>
    </p>
   </div>
   <div class='ocr_carea' id='block_1_55' title="bbox 360 3985 1977 4068">
    <p class='ocr_par' dir='ltr' id='par_1_55' title="bbox 360 3985 1977 4068">
     <span class='ocr_line' id='line_1_55' title="bbox 360 3985 1977 4068; baseline -0.002 -16"><span class='ocrx_word' id='word_1_371' title='bbox 360 4003 451 4056; x_wconf 72' lang='grc' dir='ltr'>τὸν</span> <span class='ocrx_word' id='word_1_372' title='bbox 496 4000 640 4057; x_wconf 81' lang='grc' dir='ltr'>νοῦν</span> <span class='ocrx_word' id='word_1_373' title='bbox 664 3997 961 4067; x_wconf 73' lang='grc' dir='ltr'>ἀναφθεὶς,</span> <span class='ocrx_word' id='word_1_374' title='bbox 1009 3996 1225 4068; x_wconf 85' lang='grc' dir='ltr'>πλήρης</span> <span class='ocrx_word' id='word_1_375' title='bbox 1266 3995 1403 4050; x_wconf 85' lang='grc' dir='ltr'>Θεοῦ</span> <span class='ocrx_word' id='word_1_376' title='bbox 1428 3996 1639 4064; x_wconf 86' lang='grc' dir='ltr'>γίνεται</span> <span class='ocrx_word' id='word_1_377' title='bbox 1669 3994 1845 4065; x_wconf 84' lang='grc' dir='ltr'>χαρᾶς</span> <span class='ocrx_word' id='word_1_378' title='bbox 1869 4009 1883 4024; x_wconf 81' lang='grc'><strong><em>⁸</em></strong></span> <span class='ocrx_word' id='word_1_379' title='bbox 1909 3985 1977 4065; x_wconf 83' lang='grc' dir='ltr'>ἦς</span> 
     </span>
    </p>
   </div>
   <div class='ocr_carea' id='block_1_56' title="bbox 362 4086 1977 4167">
    <p class='ocr_par' dir='ltr' id='par_1_56' title="bbox 362 4086 1977 4167">
     <span class='ocr_line' id='line_1_56' title="bbox 362 4086 1977 4167; baseline -0.009 -17"><span class='ocrx_word' id='word_1_380' title='bbox 362 4097 527 4167; x_wconf 80' lang='grc' dir='ltr'>μόνος</span> <span class='ocrx_word' id='word_1_381' title='bbox 585 4095 653 4148; x_wconf 67' lang='grc' dir='ltr'><strong>οὐ</strong></span> <span class='ocrx_word' id='word_1_382' title='bbox 686 4092 879 4163; x_wconf 76' lang='grc' dir='ltr'>φέρων</span> <span class='ocrx_word' id='word_1_383' title='bbox 904 4092 1282 4161; x_wconf 79' lang='grc' dir='ltr'>κατατρυφᾷν,</span> <span class='ocrx_word' id='word_1_384' title='bbox 1333 4090 1433 4143; x_wconf 77' lang='grc' dir='ltr'>καὶ</span> <span class='ocrx_word' id='word_1_385' title='bbox 1456 4089 1674 4158; x_wconf 82' lang='grc' dir='ltr'><strong>Πέτρον.</strong></span> <span class='ocrx_word' id='word_1_386' title='bbox 1693 4086 1977 4155; x_wconf 71' lang='grc' dir='ltr'>ἠπείγετο,</span> 
     </span>
    </p>
   </div>
   <div class='ocr_carea' id='block_1_57' title="bbox 362 4175 1982 4256">
    <p class='ocr_par' dir='ltr' id='par_1_57' title="bbox 362 4175 1982 4256">
     <span class='ocr_line' id='line_1_57' title="bbox 362 4175 1982 4256; baseline -0.007 -17"><span class='ocrx_word' id='word_1_387' title='bbox 362 4186 566 4256; x_wconf 77' lang='grc' dir='ltr'>ὥσπερ</span> <span class='ocrx_word' id='word_1_388' title='bbox 600 4179 764 4254; x_wconf 74' lang='grc' dir='ltr'>εἶχεν</span> <span class='ocrx_word' id='word_1_389' title='bbox 802 4180 1025 4249; x_wconf 81' lang='grc' dir='ltr'>πρῶτον</span> <span class='ocrx_word' id='word_1_390' title='bbox 1066 4182 1165 4250; x_wconf 85' lang='grc' dir='ltr'>τῆς</span> <span class='ocrx_word' id='word_1_391' title='bbox 1214 4180 1521 4251; x_wconf 81' lang='grc' dir='ltr'>ζητήσεως,</span> <span class='ocrx_word' id='word_1_392' title='bbox 1564 4178 1709 4232; x_wconf 75' lang='grc' dir='ltr'>οὕτω</span> <span class='ocrx_word' id='word_1_393' title='bbox 1757 4175 1855 4230; x_wconf 76' lang='grc' dir='ltr'><strong>καὶ</strong></span> <span class='ocrx_word' id='word_1_394' title='bbox 1880 4177 1982 4246; x_wconf 80' lang='grc' dir='ltr'>τῆς</span> 
     </span>
    </p>
   </div>
   <div class='ocr_carea' id='block_1_58' title="bbox 365 4269 1982 4350">
    <p class='ocr_par' dir='ltr' id='par_1_58' title="bbox 365 4269 1982 4350">
     <span class='ocr_line' id='line_1_58' title="bbox 365 4269 1982 4350; baseline -0.006 -17"><span class='ocrx_word' id='word_1_395' title='bbox 365 4280 655 4350; x_wconf 74' lang='grc' dir='ltr'>εὑρέσεως</span> <span class='ocrx_word' id='word_1_396' title='bbox 708 4274 904 4328; x_wconf 79' lang='grc' dir='ltr'>λαὸεἴν</span> <span class='ocrx_word' id='word_1_397' title='bbox 933 4272 1192 4329; x_wconf 86' lang='grc' dir='ltr'>κοινωνόν</span> <span class='ocrx_word' id='word_1_398' title='bbox 1224 4289 1238 4303; x_wconf 80' lang='grc'><em>’</em></span> <span class='ocrx_word' id='word_1_399' title='bbox 1265 4272 1348 4326; x_wconf 83' lang='grc' dir='ltr'>διὸ</span> <span class='ocrx_word' id='word_1_400' title='bbox 1376 4272 1528 4341; x_wconf 80' lang='grc' dir='ltr'>λέγει</span> <span class='ocrx_word' id='word_1_401' title='bbox 1551 4289 1566 4305; x_wconf 78' lang='grc' dir='ltr'><strong><em>ο</em></strong></span> <span class='ocrx_word' id='word_1_402' title='bbox 1619 4269 1982 4340; x_wconf 77' lang='grc' dir='ltr'><strong>Εὑρήκαμεν</strong></span> 
     </span>
    </p>
   </div>
   <div class='ocr_carea' id='block_1_59' title="bbox 372 4362 1984 4435">
    <p class='ocr_par' dir='ltr' id='par_1_59' title="bbox 372 4362 1984 4435">
     <span class='ocr_line' id='line_1_59' title="bbox 372 4362 1984 4435; baseline -0.005 -10"><span class='ocrx_word' id='word_1_403' title='bbox 372 4374 481 4425; x_wconf 71' lang='grc' dir='ltr'><strong>τὸν</strong></span> <span class='ocrx_word' id='word_1_404' title='bbox 536 4369 873 4434; x_wconf 69' lang='grc' dir='ltr'>Μεσσίαν,</span> <span class='ocrx_word' id='word_1_405' title='bbox 936 4367 970 4420; x_wconf 84' lang='grc' dir='ltr'><em>ὅ</em></span> <span class='ocrx_word' id='word_1_406' title='bbox 1028 4366 1159 4421; x_wconf 80' lang='grc' dir='ltr'>ἐστι</span> <span class='ocrx_word' id='word_1_407' title='bbox 1225 4366 1489 4435; x_wconf 84' lang='grc' dir='ltr'>Χριστός</span> <span class='ocrx_word' id='word_1_408' title='bbox 1523 4379 1538 4396; x_wconf 78' lang='grc' dir='ltr'><strong><em>ο</em></strong></span> <span class='ocrx_word' id='word_1_409' title='bbox 1592 4363 1693 4419; x_wconf 78' lang='grc' dir='ltr'><strong>καὶ</strong></span> <span class='ocrx_word' id='word_1_410' title='bbox 1757 4362 1984 4433; x_wconf 72' lang='grc' dir='ltr'>ἤγαγεν</span> 
     </span>
    </p>
   </div>
   <div class='ocr_carea' id='block_1_60' title="bbox 387 4455 1984 4534">
    <p class='ocr_par' dir='ltr' id='par_1_60' title="bbox 387 4455 1984 4534">
     <span class='ocr_line' id='line_1_60' title="bbox 387 4455 1984 4534; baseline -0.007 -17"><span class='ocrx_word' id='word_1_411' title='bbox 387 4464 567 4517; x_wconf 69' lang='grc' dir='ltr'>αὐτὸν</span> <span class='ocrx_word' id='word_1_412' title='bbox 597 4461 767 4534; x_wconf 73' lang='grc' dir='ltr'>πρὸς</span> <span class='ocrx_word' id='word_1_413' title='bbox 809 4459 1080 4528; x_wconf 83' lang='grc' dir='ltr'>Ἰησοῦν.</span> <span class='ocrx_word' id='word_1_414' title='bbox 1125 4458 1366 4522; x_wconf 80' lang='grc' dir='ltr'>Τούτους</span> <span class='ocrx_word' id='word_1_415' title='bbox 1417 4456 1694 4529; x_wconf 80' lang='grc' dir='ltr'>πρώτους,</span> <span class='ocrx_word' id='word_1_416' title='bbox 1725 4455 1984 4525; x_wconf 85' lang='grc' dir='ltr'>καθάπερ</span> 
     </span>
    </p>
   </div>
   <div class='ocr_carea' id='block_1_61' title="bbox 2063 1963 3651 2031">
    <p class='ocr_par' dir='ltr' id='par_1_61' title="bbox 2063 1963 3651 2031">
     <span class='ocr_line' id='line_1_61' title="bbox 2063 1963 3651 2031; baseline -0.013 -1"><span class='ocrx_word' id='word_1_417' title='bbox 2063 1973 2238 2031; x_wconf 89' lang='lat' dir='ltr'><strong>stinat</strong></span> <span class='ocrx_word' id='word_1_418' title='bbox 2277 1970 2611 2028; x_wconf 87' lang='lat' dir='ltr'><strong>ostendere:</strong></span> <span class='ocrx_word' id='word_1_419' title='bbox 2639 1965 2851 2022; x_wconf 89' lang='lat' dir='ltr'><strong>Simoni</strong></span> <span class='ocrx_word' id='word_1_420' title='bbox 2883 1963 3095 2019; x_wconf 88' lang='lat' dir='ltr'><strong>scilicet</strong></span> <span class='ocrx_word' id='word_1_421' title='bbox 3118 1969 3320 2015; x_wconf 87' lang='lat' dir='ltr'><strong>natura</strong></span> <span class='ocrx_word' id='word_1_422' title='bbox 3351 1971 3651 2030; x_wconf 83' lang='lat' dir='ltr'><strong>germano;</strong></span> 
     </span>
    </p>
   </div>
   <div class='ocr_carea' id='block_1_62' title="bbox 2063 2055 3654 2139">
    <p class='ocr_par' dir='ltr' id='par_1_62' title="bbox 2063 2055 3654 2139">
     <span class='ocr_line' id='line_1_62' title="bbox 2063 2055 3654 2139; baseline -0.014 -17"><span class='ocrx_word' id='word_1_423' title='bbox 2063 2078 2327 2139; x_wconf 76' lang='lat' dir='ltr'><strong>germano</strong></span> <span class='ocrx_word' id='word_1_424' title='bbox 2351 2063 2638 2117; x_wconf 88' lang='lat' dir='ltr'><strong>voluntate</strong></span> <span class='ocrx_word' id='word_1_425' title='bbox 2671 2066 2839 2128; x_wconf 87' lang='lat' dir='ltr'><strong>atque</strong></span> <span class='ocrx_word' id='word_1_426' title='bbox 2879 2055 3107 2117; x_wconf 84' lang='lat' dir='ltr'><strong>animo;</strong></span> <span class='ocrx_word' id='word_1_427' title='bbox 3137 2063 3442 2122; x_wconf 89' lang='lat' dir='ltr'><strong>paremque</strong></span> <span class='ocrx_word' id='word_1_428' title='bbox 3475 2055 3654 2103; x_wconf 90' lang='lat' dir='ltr'><strong>artem</strong></span> 
     </span>
    </p>
   </div>
   <div class='ocr_carea' id='block_1_63' title="bbox 2063 2141 3654 2231">
    <p class='ocr_par' dir='ltr' id='par_1_63' title="bbox 2063 2141 3654 2231">
     <span class='ocr_line' id='line_1_63' title="bbox 2063 2141 3654 2231; baseline -0.013 -16"><span class='ocrx_word' id='word_1_429' title='bbox 2063 2156 2349 2231; x_wconf 88' lang='lat' dir='ltr'><strong>proﬁtenti</strong></span> <span class='ocrx_word' id='word_1_430' title='bbox 2392 2155 2619 2225; x_wconf 87' lang='lat' dir='ltr'><strong>(quippe</strong></span> <span class='ocrx_word' id='word_1_431' title='bbox 2651 2165 2781 2207; x_wconf 89' lang='lat' dir='ltr'><strong>cum</strong></span> <span class='ocrx_word' id='word_1_432' title='bbox 2810 2148 2972 2204; x_wconf 90' lang='lat' dir='ltr'><strong>ambo</strong></span> <span class='ocrx_word' id='word_1_433' title='bbox 3004 2152 3195 2202; x_wconf 87' lang='lat' dir='ltr'><strong>essent</strong></span> <span class='ocrx_word' id='word_1_434' title='bbox 3220 2141 3547 2214; x_wconf 87' lang='lat' dir='ltr'><strong>piscatores)</strong></span> <span class='ocrx_word' id='word_1_435' title='bbox 3585 2153 3654 2195; x_wconf 88' lang='lat' dir='ltr'><strong>ac</strong></span> 
     </span>
    </p>
   </div>
   <div class='ocr_carea' id='block_1_64' title="bbox 2065 2228 3656 2322">
    <p class='ocr_par' dir='ltr' id='par_1_64' title="bbox 2065 2228 3656 2322">
     <span class='ocr_line' id='line_1_64' title="bbox 2065 2228 3656 2322; baseline -0.016 -15"><span class='ocrx_word' id='word_1_436' title='bbox 2065 2228 2161 2322; x_wconf 79' lang='lat' dir='ltr'><strong>qui</strong></span> <span class='ocrx_word' id='word_1_437' title='bbox 2184 2249 2304 2320; x_wconf 82' lang='lat' dir='ltr'><strong>pari</strong></span> <span class='ocrx_word' id='word_1_438' title='bbox 2333 2248 2672 2302; x_wconf 88' lang='lat' dir='ltr'><strong>ducerentur</strong></span> <span class='ocrx_word' id='word_1_439' title='bbox 2700 2240 3051 2297; x_wconf 67' lang='lat' dir='ltr'><strong>aemulatione</strong></span> <span class='ocrx_word' id='word_1_440' title='bbox 3088 2236 3318 2307; x_wconf 86' lang='lat' dir='ltr'><strong>(quippe</strong></span> <span class='ocrx_word' id='word_1_441' title='bbox 3352 2231 3517 2286; x_wconf 87' lang='lat' dir='ltr'><strong>ambo</strong></span> <span class='ocrx_word' id='word_1_442' title='bbox 3546 2228 3656 2283; x_wconf 84' lang='lat' dir='ltr'><strong>Le-</strong></span> 
     </span>
    </p>
   </div>
   <div class='ocr_carea' id='block_1_65' title="bbox 2065 2322 3654 2412">
    <p class='ocr_par' dir='ltr' id='par_1_65' title="bbox 2065 2322 3654 2412">
     <span class='ocr_line' id='line_1_65' title="bbox 2065 2322 3654 2412; baseline -0.015 -16"><span class='ocrx_word' id='word_1_443' title='bbox 2065 2337 2340 2412; x_wconf 77' lang='lat' dir='ltr'><strong>gisperiti)</strong></span> <span class='ocrx_word' id='word_1_444' title='bbox 2365 2351 2430 2392; x_wconf 90' lang='lat' dir='ltr'><strong>ac</strong></span> <span class='ocrx_word' id='word_1_445' title='bbox 2455 2335 2552 2406; x_wconf 89' lang='lat' dir='ltr'><strong>qui</strong></span> <span class='ocrx_word' id='word_1_446' title='bbox 2586 2332 2875 2390; x_wconf 84' lang='lat' dir='ltr'><strong>veritatem</strong></span> <span class='ocrx_word' id='word_1_447' title='bbox 2905 2327 3116 2401; x_wconf 87' lang='lat' dir='ltr'><strong>pariter</strong></span> <span class='ocrx_word' id='word_1_448' title='bbox 3145 2322 3555 2395; x_wconf 86' lang='lat' dir='ltr'><strong>conquirerent</strong></span> <span class='ocrx_word' id='word_1_449' title='bbox 3585 2332 3654 2373; x_wconf 87' lang='lat' dir='ltr'><strong>ac</strong></span> 
     </span>
    </p>
   </div>
   <div class='ocr_carea' id='block_1_66' title="bbox 2066 2432 2408 2503">
    <p class='ocr_par' dir='ltr' id='par_1_66' title="bbox 2066 2432 2408 2503">
     <span class='ocr_line' id='line_1_66' title="bbox 2066 2432 2408 2503; baseline -0.018 -14"><span class='ocrx_word' id='word_1_450' title='bbox 2066 2432 2408 2503; x_wconf 89' lang='lat' dir='ltr'><strong>deperirent.</strong></span> 
     </span>
    </p>
   </div>
   <div class='ocr_carea' id='block_1_67' title="bbox 2140 2505 3655 2591">
    <p class='ocr_par' dir='ltr' id='par_1_67' title="bbox 2140 2505 3655 2591">
     <span class='ocr_line' id='line_1_67' title="bbox 2140 2505 3655 2591; baseline -0.013 -14"><span class='ocrx_word' id='word_1_451' title='bbox 2140 2524 2297 2578; x_wconf 86' lang='lat' dir='ltr'><strong>Hunc</strong></span> <span class='ocrx_word' id='word_1_452' title='bbox 2314 2520 2555 2591; x_wconf 90' lang='lat' dir='ltr'><strong>primum</strong></span> <span class='ocrx_word' id='word_1_453' title='bbox 2577 2515 2826 2573; x_wconf 80' lang='lat' dir='ltr'><strong>Andreas</strong></span> <span class='ocrx_word' id='word_1_454' title='bbox 2843 2528 2966 2568; x_wconf 91' lang='lat' dir='ltr'><strong>cum</strong></span> <span class='ocrx_word' id='word_1_455' title='bbox 2984 2509 3308 2574; x_wconf 86' lang='lat' dir='ltr'><strong>invenisset,</strong></span> <span class='ocrx_word' id='word_1_456' title='bbox 3327 2505 3655 2570; x_wconf 73' lang='lat' dir='ltr'><strong>Invenimus,</strong></span> 
     </span>
    </p>
   </div>
   <div class='ocr_carea' id='block_1_68' title="bbox 2068 2596 3657 2687">
    <p class='ocr_par' dir='ltr' id='par_1_68' title="bbox 2068 2596 3657 2687">
     <span class='ocr_line' id='line_1_68' title="bbox 2068 2596 3657 2687; baseline -0.012 -16"><span class='ocrx_word' id='word_1_457' title='bbox 2068 2616 2272 2687; x_wconf 90' lang='lat' dir='ltr'><strong>inquit,</strong></span> <span class='ocrx_word' id='word_1_458' title='bbox 2304 2614 2558 2667; x_wconf 77' lang='lat' dir='ltr'><strong>Messium</strong></span> <span class='ocrx_word' id='word_1_459' title='bbox 2584 2610 2651 2664; x_wconf 76' lang='grc'><strong>⁷⁸.</strong></span> <span class='ocrx_word' id='word_1_460' title='bbox 2674 2608 2839 2664; x_wconf 61' lang='lat' dir='ltr'><strong>Laetae</strong></span> <span class='ocrx_word' id='word_1_461' title='bbox 2863 2619 3047 2662; x_wconf 91' lang='lat' dir='ltr'><strong>sermo</strong></span> <span class='ocrx_word' id='word_1_462' title='bbox 3075 2603 3273 2674; x_wconf 87' lang='lat' dir='ltr'><strong>plenus</strong></span> <span class='ocrx_word' id='word_1_463' title='bbox 3289 2596 3657 2671; x_wconf 75' lang='lat' dir='ltr'><strong>iucunditatis</strong></span> 
     </span>
    </p>
   </div>
   <div class='ocr_carea' id='block_1_69' title="bbox 2069 2691 3656 2774">
    <p class='ocr_par' dir='ltr' id='par_1_69' title="bbox 2069 2691 3656 2774">
     <span class='ocr_line' id='line_1_69' title="bbox 2069 2691 3656 2774; baseline -0.014 -8"><span class='ocrx_word' id='word_1_464' title='bbox 2069 2727 2134 2766; x_wconf 90' lang='lat' dir='ltr'><strong>ac</strong></span> <span class='ocrx_word' id='word_1_465' title='bbox 2152 2706 2492 2764; x_wconf 75' lang='lat' dir='ltr'><strong>admirandae</strong></span> <span class='ocrx_word' id='word_1_466' title='bbox 2508 2702 2835 2774; x_wconf 89' lang='lat' dir='ltr'><strong>voluptatis.</strong></span> <span class='ocrx_word' id='word_1_467' title='bbox 2859 2698 3010 2754; x_wconf 86' lang='lat' dir='ltr'><strong>Nihil</strong></span> <span class='ocrx_word' id='word_1_468' title='bbox 3042 2696 3193 2752; x_wconf 87' lang='lat' dir='ltr'><strong>enim</strong></span> <span class='ocrx_word' id='word_1_469' title='bbox 3229 2708 3385 2763; x_wconf 68' lang='lat' dir='ltr'><strong>aeque</strong></span> <span class='ocrx_word' id='word_1_470' title='bbox 3410 2691 3656 2746; x_wconf 88' lang='lat' dir='ltr'><strong>animum</strong></span> 
     </span>
    </p>
   </div>
   <div class='ocr_carea' id='block_1_70' title="bbox 2069 2784 3658 2875">
    <p class='ocr_par' dir='ltr' id='par_1_70' title="bbox 2069 2784 3658 2875">
     <span class='ocr_line' id='line_1_70' title="bbox 2069 2784 3658 2875; baseline -0.014 -18"><span class='ocrx_word' id='word_1_471' title='bbox 2069 2800 2271 2875; x_wconf 77' lang='lat' dir='ltr'><strong>gaudio</strong></span> <span class='ocrx_word' id='word_1_472' title='bbox 2298 2800 2512 2869; x_wconf 84' lang='lat' dir='ltr'><strong>replere</strong></span> <span class='ocrx_word' id='word_1_473' title='bbox 2536 2792 2847 2858; x_wconf 87' lang='lat' dir='ltr'><strong>consuevit,</strong></span> <span class='ocrx_word' id='word_1_474' title='bbox 2864 2806 2929 2845; x_wconf 89' lang='lat' dir='ltr'><strong>ac</strong></span> <span class='ocrx_word' id='word_1_475' title='bbox 2956 2789 3038 2845; x_wconf 88' lang='lat' dir='ltr'><strong>rei</strong></span> <span class='ocrx_word' id='word_1_476' title='bbox 3068 2789 3189 2859; x_wconf 83' lang='lat' dir='ltr'><strong>ejus</strong></span> <span class='ocrx_word' id='word_1_477' title='bbox 3215 2784 3458 2840; x_wconf 88' lang='lat' dir='ltr'><strong>inventio</strong></span> <span class='ocrx_word' id='word_1_478' title='bbox 3490 2796 3658 2852; x_wconf 89' lang='lat' dir='ltr'><strong>quam</strong></span> 
     </span>
    </p>
   </div>
   <div class='ocr_carea' id='block_1_71' title="bbox 2068 2874 3659 2960">
    <p class='ocr_par' dir='ltr' id='par_1_71' title="bbox 2068 2874 3659 2960">
     <span class='ocr_line' id='line_1_71' title="bbox 2068 2874 3659 2960; baseline -0.014 -9"><span class='ocrx_word' id='word_1_479' title='bbox 2068 2874 2245 2951; x_wconf 81' lang='lat' dir='ltr'><strong>multo</strong></span> <span class='ocrx_word' id='word_1_480' title='bbox 2290 2892 2481 2947; x_wconf 87' lang='lat' dir='ltr'><strong>labore</strong></span> <span class='ocrx_word' id='word_1_481' title='bbox 2524 2888 2846 2960; x_wconf 83' lang='lat' dir='ltr'><strong>ingentique</strong></span> <span class='ocrx_word' id='word_1_482' title='bbox 2893 2882 3181 2954; x_wconf 82' lang='lat' dir='ltr'><strong>diligentia</strong></span> <span class='ocrx_word' id='word_1_483' title='bbox 3238 2875 3544 2949; x_wconf 62' lang='lat' dir='ltr'><strong>quaesieris.</strong></span> <span class='ocrx_word' id='word_1_484' title='bbox 3596 2874 3659 2929; x_wconf 83' lang='lat' dir='ltr'><strong>In</strong></span> 
     </span>
    </p>
   </div>
   <div class='ocr_carea' id='block_1_72' title="bbox 2070 2965 3659 3059">
    <p class='ocr_par' dir='ltr' id='par_1_72' title="bbox 2070 2965 3659 3059">
     <span class='ocr_line' id='line_1_72' title="bbox 2070 2965 3659 3059; baseline -0.016 -16"><span class='ocrx_word' id='word_1_485' title='bbox 2070 3001 2195 3059; x_wconf 65' lang='lat' dir='ltr'><strong>quae</strong></span> <span class='ocrx_word' id='word_1_486' title='bbox 2238 2985 2386 3041; x_wconf 89' lang='lat' dir='ltr'><strong>enim</strong></span> <span class='ocrx_word' id='word_1_487' title='bbox 2433 2998 2503 3036; x_wconf 80' lang='lat' dir='ltr'><strong>ex</strong></span> <span class='ocrx_word' id='word_1_488' title='bbox 2547 2979 2873 3050; x_wconf 89' lang='lat' dir='ltr'><strong>improviso,</strong></span> <span class='ocrx_word' id='word_1_489' title='bbox 2911 2990 2977 3030; x_wconf 87' lang='lat' dir='ltr'><strong>ac</strong></span> <span class='ocrx_word' id='word_1_490' title='bbox 3022 2986 3170 3044; x_wconf 87' lang='lat' dir='ltr'><strong>pene</strong></span> <span class='ocrx_word' id='word_1_491' title='bbox 3209 2985 3340 3026; x_wconf 86' lang='lat' dir='ltr'><strong>casu</strong></span> <span class='ocrx_word' id='word_1_492' title='bbox 3391 2965 3659 3022; x_wconf 86' lang='lat' dir='ltr'><strong>incideri-</strong></span> 
     </span>
    </p>
   </div>
   <div class='ocr_carea' id='block_1_73' title="bbox 2072 3057 3660 3141">
    <p class='ocr_par' dir='ltr' id='par_1_73' title="bbox 2072 3057 3660 3141">
     <span class='ocr_line' id='line_1_73' title="bbox 2072 3057 3660 3141; baseline -0.013 -10"><span class='ocrx_word' id='word_1_493' title='bbox 2072 3057 2216 3141; x_wconf 81' lang='lat' dir='ltr'><strong>mus,</strong></span> <span class='ocrx_word' id='word_1_494' title='bbox 2254 3071 2472 3128; x_wconf 86' lang='lat' dir='ltr'><strong>tametsi</strong></span> <span class='ocrx_word' id='word_1_495' title='bbox 2516 3084 2715 3140; x_wconf 81' lang='lat' dir='ltr'><strong>magna</strong></span> <span class='ocrx_word' id='word_1_496' title='bbox 2758 3067 3074 3126; x_wconf 86' lang='lat' dir='ltr'><strong>videantur,</strong></span> <span class='ocrx_word' id='word_1_497' title='bbox 3119 3078 3233 3117; x_wconf 91' lang='lat' dir='ltr'><strong>non</strong></span> <span class='ocrx_word' id='word_1_498' title='bbox 3272 3068 3427 3115; x_wconf 88' lang='lat' dir='ltr'><strong>tanto</strong></span> <span class='ocrx_word' id='word_1_499' title='bbox 3471 3057 3660 3113; x_wconf 86' lang='lat' dir='ltr'><strong>studio</strong></span> 
     </span>
    </p>
   </div>
   <div class='ocr_carea' id='block_1_74' title="bbox 2072 3151 3660 3235">
    <p class='ocr_par' dir='ltr' id='par_1_74' title="bbox 2072 3151 3660 3235">
     <span class='ocr_line' id='line_1_74' title="bbox 2072 3151 3660 3235; baseline -0.013 -12"><span class='ocrx_word' id='word_1_500' title='bbox 2072 3168 2383 3235; x_wconf 77' lang='lat' dir='ltr'><strong>aﬁ‘ectuque</strong></span> <span class='ocrx_word' id='word_1_501' title='bbox 2408 3161 2815 3234; x_wconf 88' lang='lat' dir='ltr'><strong>amplectimur.</strong></span> <span class='ocrx_word' id='word_1_502' title='bbox 2837 3156 3207 3224; x_wconf 86' lang='lat' dir='ltr'><strong>Quamobrem</strong></span> <span class='ocrx_word' id='word_1_503' title='bbox 3238 3155 3406 3209; x_wconf 88' lang='lat' dir='ltr'><strong>etiam</strong></span> <span class='ocrx_word' id='word_1_504' title='bbox 3436 3151 3660 3206; x_wconf 90' lang='lat' dir='ltr'><strong>illorum</strong></span> 
     </span>
    </p>
   </div>
   <div class='ocr_carea' id='block_1_75' title="bbox 2072 3241 3661 3321">
    <p class='ocr_par' dir='ltr' id='par_1_75' title="bbox 2072 3241 3661 3321">
     <span class='ocr_line' id='line_1_75' title="bbox 2072 3241 3661 3321; baseline -0.012 -9"><span class='ocrx_word' id='word_1_505' title='bbox 2072 3256 2393 3314; x_wconf 89' lang='lat' dir='ltr'><strong>diuturnior</strong></span> <span class='ocrx_word' id='word_1_506' title='bbox 2416 3253 2738 3321; x_wconf 87' lang='lat' dir='ltr'><strong>ﬁrmiorque</strong></span> <span class='ocrx_word' id='word_1_507' title='bbox 2764 3248 3042 3320; x_wconf 82' lang='lat' dir='ltr'><strong>possessio</strong></span> <span class='ocrx_word' id='word_1_508' title='bbox 3064 3255 3171 3301; x_wconf 91' lang='lat' dir='ltr'><strong>est.</strong></span> <span class='ocrx_word' id='word_1_509' title='bbox 3194 3245 3245 3300; x_wconf 84' lang='lat' dir='ltr'><strong>Is</strong></span> <span class='ocrx_word' id='word_1_510' title='bbox 3271 3244 3458 3313; x_wconf 88' lang='lat' dir='ltr'><strong>itaque</strong></span> <span class='ocrx_word' id='word_1_511' title='bbox 3491 3241 3661 3296; x_wconf 90' lang='lat' dir='ltr'><strong>etiam</strong></span> 
     </span>
    </p>
   </div>
   <div class='ocr_carea' id='block_1_76' title="bbox 2072 3333 3662 3407">
    <p class='ocr_par' dir='ltr' id='par_1_76' title="bbox 2072 3333 3662 3407">
     <span class='ocr_line' id='line_1_76' title="bbox 2072 3333 3662 3407; baseline -0.011 -3"><span class='ocrx_word' id='word_1_512' title='bbox 2072 3350 2258 3405; x_wconf 88' lang='lat' dir='ltr'><strong>animo</strong></span> <span class='ocrx_word' id='word_1_513' title='bbox 2317 3344 2604 3400; x_wconf 83' lang='lat' dir='ltr'><strong>laboribus</strong></span> <span class='ocrx_word' id='word_1_514' title='bbox 2672 3340 2987 3407; x_wconf 82' lang='lat' dir='ltr'><strong>indefesso,</strong></span> <span class='ocrx_word' id='word_1_515' title='bbox 3050 3345 3348 3406; x_wconf 88' lang='lat' dir='ltr'><strong>menteque</strong></span> <span class='ocrx_word' id='word_1_516' title='bbox 3414 3333 3662 3389; x_wconf 89' lang='lat' dir='ltr'><strong>studiosa</strong></span> 
     </span>
    </p>
   </div>
   <div class='ocr_carea' id='block_1_77' title="bbox 2074 3425 3662 3510">
    <p class='ocr_par' dir='ltr' id='par_1_77' title="bbox 2074 3425 3662 3510">
     <span class='ocr_line' id='line_1_77' title="bbox 2074 3425 3662 3510; baseline -0.013 -13"><span class='ocrx_word' id='word_1_517' title='bbox 2074 3438 2379 3510; x_wconf 87' lang='lat' dir='ltr'><strong>Scripturis</strong></span> <span class='ocrx_word' id='word_1_518' title='bbox 2403 3451 2630 3499; x_wconf 88' lang='lat' dir='ltr'><strong>vacans,</strong></span> <span class='ocrx_word' id='word_1_519' title='bbox 2667 3441 2967 3493; x_wconf 87' lang='lat' dir='ltr'><strong>venturum</strong></span> <span class='ocrx_word' id='word_1_520' title='bbox 2999 3429 3285 3485; x_wconf 85' lang='lat' dir='ltr'><strong>Christum</strong></span> <span class='ocrx_word' id='word_1_521' title='bbox 3326 3425 3396 3480; x_wconf 88' lang='lat' dir='ltr'><strong>ad</strong></span> <span class='ocrx_word' id='word_1_522' title='bbox 3427 3425 3662 3479; x_wconf 79' lang='lat' dir='ltr'><strong>salutem</strong></span> 
     </span>
    </p>
   </div>
   <div class='ocr_carea' id='block_1_78' title="bbox 2073 3521 3664 3611">
    <p class='ocr_par' dir='ltr' id='par_1_78' title="bbox 2073 3521 3664 3611">
     <span class='ocr_line' id='line_1_78' title="bbox 2073 3521 3664 3611; baseline -0.013 -23"><span class='ocrx_word' id='word_1_523' title='bbox 2073 3530 2399 3611; x_wconf 77' lang='lat' dir='ltr'><strong>hominibus</strong></span> <span class='ocrx_word' id='word_1_524' title='bbox 2438 3525 2809 3599; x_wconf 65' lang='lat' dir='ltr'><strong>praestandam</strong></span> <span class='ocrx_word' id='word_1_525' title='bbox 2840 3540 2951 3579; x_wconf 90' lang='lat' dir='ltr'><strong>non</strong></span> <span class='ocrx_word' id='word_1_526' title='bbox 2991 3521 3297 3582; x_wconf 88' lang='lat' dir='ltr'><strong>nesciebat,</strong></span> <span class='ocrx_word' id='word_1_527' title='bbox 3326 3531 3535 3588; x_wconf 88' lang='lat' dir='ltr'><strong>speque</strong></span> <span class='ocrx_word' id='word_1_528' title='bbox 3563 3530 3664 3569; x_wconf 89' lang='lat' dir='ltr'><strong>ve-</strong></span> 
     </span>
    </p>
   </div>
   <div class='ocr_carea' id='block_1_79' title="bbox 2075 3613 3666 3697">
    <p class='ocr_par' dir='ltr' id='par_1_79' title="bbox 2075 3613 3666 3697">
     <span class='ocr_line' id='line_1_79' title="bbox 2075 3613 3666 3697; baseline -0.013 -16"><span class='ocrx_word' id='word_1_529' title='bbox 2075 3634 2253 3697; x_wconf 79' lang='lat' dir='ltr'><strong>getus,</strong></span> <span class='ocrx_word' id='word_1_530' title='bbox 2295 3631 2357 3678; x_wconf 87' lang='lat' dir='ltr'><strong>ut</strong></span> <span class='ocrx_word' id='word_1_531' title='bbox 2395 3627 2778 3692; x_wconf 83' lang='lat' dir='ltr'><strong>exspectatum</strong></span> <span class='ocrx_word' id='word_1_532' title='bbox 2807 3615 3139 3688; x_wconf 85' lang='lat' dir='ltr'><strong>quandoque</strong></span> <span class='ocrx_word' id='word_1_533' title='bbox 3168 3613 3465 3676; x_wconf 88' lang='lat' dir='ltr'><strong>inveniret,</strong></span> <span class='ocrx_word' id='word_1_534' title='bbox 3495 3623 3666 3679; x_wconf 89' lang='lat' dir='ltr'><strong>opera</strong></span> 
     </span>
    </p>
   </div>
   <div class='ocr_carea' id='block_1_80' title="bbox 2077 3703 3666 3789">
    <p class='ocr_par' dir='ltr' id='par_1_80' title="bbox 2077 3703 3666 3789">
     <span class='ocr_line' id='line_1_80' title="bbox 2077 3703 3666 3789; baseline -0.012 -14"><span class='ocrx_word' id='word_1_535' title='bbox 2077 3717 2380 3789; x_wconf 78' lang='lat' dir='ltr'><strong>satagebat.</strong></span> <span class='ocrx_word' id='word_1_536' title='bbox 2435 3711 2707 3782; x_wconf 85' lang='lat' dir='ltr'><strong>Quodque</strong></span> <span class='ocrx_word' id='word_1_537' title='bbox 2762 3709 3013 3765; x_wconf 89' lang='lat' dir='ltr'><strong>omnium</strong></span> <span class='ocrx_word' id='word_1_538' title='bbox 3066 3706 3281 3777; x_wconf 89' lang='lat' dir='ltr'><strong>primus</strong></span> <span class='ocrx_word' id='word_1_539' title='bbox 3350 3703 3407 3758; x_wconf 91' lang='lat' dir='ltr'><strong>id</strong></span> <span class='ocrx_word' id='word_1_540' title='bbox 3466 3708 3666 3757; x_wconf 72' lang='lat' dir='ltr'><strong>nactus</strong></span> 
     </span>
    </p>
   </div>
   <div class='ocr_carea' id='block_1_81' title="bbox 2077 3796 3665 3874">
    <p class='ocr_par' dir='ltr' id='par_1_81' title="bbox 2077 3796 3665 3874">
     <span class='ocr_line' id='line_1_81' title="bbox 2077 3796 3665 3874; baseline -0.013 -6"><span class='ocrx_word' id='word_1_541' title='bbox 2077 3822 2227 3868; x_wconf 90' lang='lat' dir='ltr'><strong>esset</strong></span> <span class='ocrx_word' id='word_1_542' title='bbox 2284 3819 2346 3866; x_wconf 90' lang='lat' dir='ltr'><strong>ut</strong></span> <span class='ocrx_word' id='word_1_543' title='bbox 2395 3806 2696 3868; x_wconf 86' lang='lat' dir='ltr'><strong>inveniret,</strong></span> <span class='ocrx_word' id='word_1_544' title='bbox 2744 3804 2913 3874; x_wconf 89' lang='lat' dir='ltr'><strong>inque</strong></span> <span class='ocrx_word' id='word_1_545' title='bbox 2961 3810 3321 3870; x_wconf 88' lang='lat' dir='ltr'><strong>conspectum</strong></span> <span class='ocrx_word' id='word_1_546' title='bbox 3364 3796 3665 3859; x_wconf 81' lang='lat' dir='ltr'><strong>admissus,</strong></span> 
     </span>
    </p>
   </div>
   <div class='ocr_carea' id='block_1_82' title="bbox 2078 3883 3669 3959">
    <p class='ocr_par' dir='ltr' id='par_1_82' title="bbox 2078 3883 3669 3959">
     <span class='ocr_line' id='line_1_82' title="bbox 2078 3883 3669 3959; baseline -0.011 -3"><span class='ocrx_word' id='word_1_547' title='bbox 2078 3902 2307 3958; x_wconf 88' lang='lat' dir='ltr'><strong>brevem</strong></span> <span class='ocrx_word' id='word_1_548' title='bbox 2330 3912 2456 3953; x_wconf 91' lang='lat' dir='ltr'><strong>cum</strong></span> <span class='ocrx_word' id='word_1_549' title='bbox 2486 3896 2581 3949; x_wconf 90' lang='lat' dir='ltr'><strong>illo</strong></span> <span class='ocrx_word' id='word_1_550' title='bbox 2611 3906 2925 3950; x_wconf 88' lang='lat' dir='ltr'><strong>sermonem</strong></span> <span class='ocrx_word' id='word_1_551' title='bbox 2958 3888 3276 3945; x_wconf 81' lang='lat' dir='ltr'><strong>miscuisset</strong></span> <span class='ocrx_word' id='word_1_552' title='bbox 3306 3889 3436 3959; x_wconf 90' lang='lat' dir='ltr'><strong>(qua</strong></span> <span class='ocrx_word' id='word_1_553' title='bbox 3459 3883 3669 3939; x_wconf 85' lang='lat' dir='ltr'><strong>amoris</strong></span> 
     </span>
    </p>
   </div>
   <div class='ocr_carea' id='block_1_83' title="bbox 2080 3976 3669 4051">
    <p class='ocr_par' dir='ltr' id='par_1_83' title="bbox 2080 3976 3669 4051">
     <span class='ocr_line' id='line_1_83' title="bbox 2080 3976 3669 4051; baseline -0.011 -3"><span class='ocrx_word' id='word_1_554' title='bbox 2080 3994 2135 4048; x_wconf 83' lang='lat' dir='ltr'><strong>vi</strong></span> <span class='ocrx_word' id='word_1_555' title='bbox 2157 3993 2302 4047; x_wconf 91' lang='lat' dir='ltr'><strong>bono</strong></span> <span class='ocrx_word' id='word_1_556' title='bbox 2322 3989 2580 4051; x_wconf 81' lang='lat' dir='ltr'><strong>aﬁicitur)</strong></span> <span class='ocrx_word' id='word_1_557' title='bbox 2609 3986 2795 4040; x_wconf 90' lang='lat' dir='ltr'><strong>animo</strong></span> <span class='ocrx_word' id='word_1_558' title='bbox 2815 3982 3072 4039; x_wconf 86' lang='lat' dir='ltr'><strong>reﬁoret:</strong></span> <span class='ocrx_word' id='word_1_559' title='bbox 3098 3988 3395 4049; x_wconf 88' lang='lat' dir='ltr'><strong>menteque</strong></span> <span class='ocrx_word' id='word_1_560' title='bbox 3421 3976 3669 4033; x_wconf 73' lang='lat' dir='ltr'><strong>scientias</strong></span> 
     </span>
    </p>
   </div>
   <div class='ocr_carea' id='block_1_84' title="bbox 2080 4066 3667 4149">
    <p class='ocr_par' dir='ltr' id='par_1_84' title="bbox 2080 4066 3667 4149">
     <span class='ocr_line' id='line_1_84' title="bbox 2080 4066 3667 4149; baseline -0.013 -8"><span class='ocrx_word' id='word_1_561' title='bbox 2080 4089 2204 4142; x_wconf 91' lang='lat' dir='ltr'><strong>luce</strong></span> <span class='ocrx_word' id='word_1_562' title='bbox 2244 4097 2497 4144; x_wconf 87' lang='lat' dir='ltr'><strong>accensa,</strong></span> <span class='ocrx_word' id='word_1_563' title='bbox 2533 4077 2627 4134; x_wconf 90' lang='lat' dir='ltr'><strong>Dei</strong></span> <span class='ocrx_word' id='word_1_564' title='bbox 2662 4075 2864 4149; x_wconf 80' lang='lat' dir='ltr'><strong>gaudio</strong></span> <span class='ocrx_word' id='word_1_565' title='bbox 2894 4074 3197 4129; x_wconf 80' lang='lat' dir='ltr'><strong>exuberat:</strong></span> <span class='ocrx_word' id='word_1_566' title='bbox 3231 4084 3342 4141; x_wconf 92' lang='lat' dir='ltr'><strong>quo</strong></span> <span class='ocrx_word' id='word_1_567' title='bbox 3374 4069 3526 4124; x_wconf 89' lang='lat' dir='ltr'><strong>solus</strong></span> <span class='ocrx_word' id='word_1_568' title='bbox 3556 4066 3667 4121; x_wconf 80' lang='lat' dir='ltr'><strong>frui</strong></span> 
     </span>
    </p>
   </div>
   <div class='ocr_carea' id='block_1_85' title="bbox 2081 4157 3668 4237">
    <p class='ocr_par' dir='ltr' id='par_1_85' title="bbox 2081 4157 3668 4237">
     <span class='ocr_line' id='line_1_85' title="bbox 2081 4157 3668 4237; baseline -0.014 -6"><span class='ocrx_word' id='word_1_569' title='bbox 2081 4191 2195 4231; x_wconf 91' lang='lat' dir='ltr'><strong>non</strong></span> <span class='ocrx_word' id='word_1_570' title='bbox 2232 4173 2441 4237; x_wconf 81' lang='lat' dir='ltr'><strong>ferens,</strong></span> <span class='ocrx_word' id='word_1_571' title='bbox 2484 4171 2711 4226; x_wconf 88' lang='lat' dir='ltr'><strong>Petrum</strong></span> <span class='ocrx_word' id='word_1_572' title='bbox 2761 4179 2983 4237; x_wconf 88' lang='lat' dir='ltr'><strong>quoque</strong></span> <span class='ocrx_word' id='word_1_573' title='bbox 3022 4162 3269 4224; x_wconf 70' lang='lat' dir='ltr'><strong>festinat,</strong></span> <span class='ocrx_word' id='word_1_574' title='bbox 3300 4158 3381 4214; x_wconf 89' lang='lat' dir='ltr'><strong>uti</strong></span> <span class='ocrx_word' id='word_1_575' title='bbox 3424 4157 3668 4227; x_wconf 88' lang='lat' dir='ltr'><strong>primum</strong></span> 
     </span>
    </p>
   </div>
   <div class='ocr_carea' id='block_1_86' title="bbox 2068 4249 3670 4339">
    <p class='ocr_par' dir='ltr' id='par_1_86' title="bbox 2068 4249 3670 4339">
     <span class='ocr_line' id='line_1_86' title="bbox 2068 4249 3670 4339; baseline -0.016 -14"><span class='ocrx_word' id='word_1_576' title='bbox 2068 4264 2375 4339; x_wconf 78' lang='lat' dir='ltr'><strong>quaerendi</strong></span> <span class='ocrx_word' id='word_1_577' title='bbox 2398 4259 2716 4333; x_wconf 78' lang='lat' dir='ltr'><strong>diligentiae,</strong></span> <span class='ocrx_word' id='word_1_578' title='bbox 2756 4259 2839 4314; x_wconf 90' lang='lat' dir='ltr'><strong>sic</strong></span> <span class='ocrx_word' id='word_1_579' title='bbox 2865 4267 2924 4313; x_wconf 90' lang='lat' dir='ltr'><strong>et</strong></span> <span class='ocrx_word' id='word_1_580' title='bbox 2951 4252 3295 4312; x_wconf 88' lang='lat' dir='ltr'><strong>inventionis</strong></span> <span class='ocrx_word' id='word_1_581' title='bbox 3325 4249 3538 4307; x_wconf 89' lang='lat' dir='ltr'><strong>socium</strong></span> <span class='ocrx_word' id='word_1_582' title='bbox 3578 4263 3670 4302; x_wconf 87' lang='lat' dir='ltr'><strong>as-</strong></span> 
     </span>
    </p>
   </div>
   <div class='ocr_carea' id='block_1_87' title="bbox 2084 4338 3672 4415">
    <p class='ocr_par' dir='ltr' id='par_1_87' title="bbox 2084 4338 3672 4415">
     <span class='ocr_line' id='line_1_87' title="bbox 2084 4338 3672 4415; baseline -0.014 -1"><span class='ocrx_word' id='word_1_583' title='bbox 2084 4338 2324 4415; x_wconf 81' lang='lat' dir='ltr'><strong>sumere.</strong></span> <span class='ocrx_word' id='word_1_584' title='bbox 2374 4353 2587 4409; x_wconf 88' lang='lat' dir='ltr'><strong>ldcirco</strong></span> <span class='ocrx_word' id='word_1_585' title='bbox 2622 4352 2737 4407; x_wconf 89' lang='lat' dir='ltr'><strong>ait:</strong></span> <span class='ocrx_word' id='word_1_586' title='bbox 2776 4348 3080 4404; x_wconf 77' lang='lat' dir='ltr'><strong>Invenimus</strong></span> <span class='ocrx_word' id='word_1_587' title='bbox 3106 4344 3374 4408; x_wconf 74' lang='lat' dir='ltr'><strong>Messium,</strong></span> <span class='ocrx_word' id='word_1_588' title='bbox 3410 4338 3550 4412; x_wconf 86' lang='lat' dir='ltr'><strong>quod</strong></span> <span class='ocrx_word' id='word_1_589' title='bbox 3594 4345 3672 4392; x_wconf 67' lang='lat' dir='ltr'><strong>est</strong></span> 
     </span>
    </p>
   </div>
   <div class='ocr_carea' id='block_1_88' title="bbox 2087 4429 3673 4505">
    <p class='ocr_par' dir='ltr' id='par_1_88' title="bbox 2087 4429 3673 4505">
     <span class='ocr_line' id='line_1_88' title="bbox 2087 4429 3673 4505; baseline -0.013 -1"><span class='ocrx_word' id='word_1_590' title='bbox 2087 4448 2325 4504; x_wconf 79' lang='lat' dir='ltr'><strong>Christus</strong></span> <span class='ocrx_word' id='word_1_591' title='bbox 2349 4463 2367 4501; x_wconf 90' lang='lat'><strong><em>:</em></strong></span> <span class='ocrx_word' id='word_1_592' title='bbox 2397 4453 2445 4499; x_wconf 86' lang='lat' dir='ltr'><strong>et</strong></span> <span class='ocrx_word' id='word_1_593' title='bbox 2473 4444 2623 4498; x_wconf 77' lang='lat' dir='ltr'><strong>duxit</strong></span> <span class='ocrx_word' id='word_1_594' title='bbox 2649 4457 2768 4495; x_wconf 79' lang='lat' dir='ltr'><strong>eum</strong></span> <span class='ocrx_word' id='word_1_595' title='bbox 2796 4440 2865 4495; x_wconf 86' lang='lat' dir='ltr'><strong>ad</strong></span> <span class='ocrx_word' id='word_1_596' title='bbox 2893 4438 3099 4494; x_wconf 76' lang='lat' dir='ltr'><strong>Jesum.</strong></span> <span class='ocrx_word' id='word_1_597' title='bbox 3125 4434 3239 4491; x_wconf 80' lang='lat' dir='ltr'><strong>llos</strong></span> <span class='ocrx_word' id='word_1_598' title='bbox 3269 4434 3500 4505; x_wconf 89' lang='lat' dir='ltr'><strong>primos,</strong></span> <span class='ocrx_word' id='word_1_599' title='bbox 3519 4429 3673 4484; x_wconf 76' lang='lat' dir='ltr'><strong>velut</strong></span> 
     </span>
    </p>
   </div>
   <div class='ocr_carea' id='block_1_89' title="bbox 386 4522 1966 4622">
    <p class='ocr_par' dir='ltr' id='par_1_89' title="bbox 386 4522 1966 4621">
     <span class='ocr_line' id='line_1_89' title="bbox 386 4522 1966 4621; baseline -0.006 -12"><span class='ocrx_word' id='word_1_600' title='bbox 386 4522 675 4619; x_wconf 62' lang='grc' dir='ltr'>ἐκλεκτοὺς</span> <span class='ocrx_word' id='word_1_601' title='bbox 712 4522 927 4616; x_wconf 75' lang='grc' dir='ltr'>λίθους,</span> <span class='ocrx_word' id='word_1_602' title='bbox 959 4550 1198 4621; x_wconf 86' lang='grc' dir='ltr'>τιμίους,</span> <span class='ocrx_word' id='word_1_603' title='bbox 1220 4522 1502 4618; x_wconf 78' lang='grc' dir='ltr'>δοκίμους,</span> <span class='ocrx_word' id='word_1_604' title='bbox 1530 4550 1559 4601; x_wconf 89' lang='lat'><strong>6</strong></span> <span class='ocrx_word' id='word_1_605' title='bbox 1585 4522 1966 4619; x_wconf 61' lang='grc' dir='ltr'><strong>ἁκρογωνιαῖοέ</strong></span> 
     </span>
    </p>
   </div>
   <div class='ocr_carea' id='block_1_90' title="bbox 2067 4522 3675 4622">
    <p class='ocr_par' dir='ltr' id='par_1_90' title="bbox 2086 4522 3675 4612">
     <span class='ocr_line' id='line_1_90' title="bbox 2086 4522 3675 4612; baseline -0.014 -15"><span class='ocrx_word' id='word_1_606' title='bbox 2086 4541 2301 4612; x_wconf 90' lang='lat' dir='ltr'><strong>lapides</strong></span> <span class='ocrx_word' id='word_1_607' title='bbox 2344 4539 2572 4601; x_wconf 87' lang='lat' dir='ltr'><strong>electos,</strong></span> <span class='ocrx_word' id='word_1_608' title='bbox 2612 4534 2909 4605; x_wconf 89' lang='lat' dir='ltr'><strong>pretiosos,</strong></span> <span class='ocrx_word' id='word_1_609' title='bbox 2949 4530 3213 4601; x_wconf 85' lang='lat' dir='ltr'><strong>probatos</strong></span> <span class='ocrx_word' id='word_1_610' title='bbox 3253 4523 3535 4596; x_wconf 82' lang='lat' dir='ltr'><strong>angularis</strong></span> <span class='ocrx_word' id='word_1_611' title='bbox 3579 4522 3675 4576; x_wconf 86' lang='lat' dir='ltr'><strong>ille</strong></span> 
     </span>
    </p>
   </div>
   <div class='ocr_carea' id='block_1_91' title="bbox 371 4638 1982 4721">
    <p class='ocr_par' dir='ltr' id='par_1_91' title="bbox 371 4638 1982 4721">
     <span class='ocr_line' id='line_1_91' title="bbox 371 4638 1982 4721; baseline -0.007 -18"><span class='ocrx_word' id='word_1_612' title='bbox 371 4648 679 4721; x_wconf 57' lang='grc' dir='ltr'>οἰκοδομῶν</span> <span class='ocrx_word' id='word_1_613' title='bbox 727 4647 820 4714; x_wconf 80' lang='grc' dir='ltr'><strong>ἐφ’</strong></span> <span class='ocrx_word' id='word_1_614' title='bbox 868 4644 1084 4711; x_wconf 76' lang='grc' dir='ltr'>ἑαυτὸν,</span> <span class='ocrx_word' id='word_1_615' title='bbox 1145 4644 1242 4697; x_wconf 72' lang='grc' dir='ltr'><strong>καὶ</strong></span> <span class='ocrx_word' id='word_1_616' title='bbox 1292 4639 1372 4713; x_wconf 82' lang='grc' dir='ltr'><strong>τῷ</strong></span> <span class='ocrx_word' id='word_1_617' title='bbox 1419 4641 1523 4710; x_wconf 82' lang='grc' dir='ltr'>τῆς</span> <span class='ocrx_word' id='word_1_618' title='bbox 1567 4638 1792 4709; x_wconf 84' lang='grc' dir='ltr'>ἀγάπης</span> <span class='ocrx_word' id='word_1_619' title='bbox 1852 4654 1982 4692; x_wconf 81' lang='grc' dir='ltr'>συν-</span> 
     </span>
    </p>
   </div>
   <div class='ocr_carea' id='block_1_92' title="bbox 362 4730 1981 4813">
    <p class='ocr_par' dir='ltr' id='par_1_92' title="bbox 362 4730 1981 4813">
     <span class='ocr_line' id='line_1_92' title="bbox 362 4730 1981 4813; baseline -0.009 -17"><span class='ocrx_word' id='word_1_620' title='bbox 362 4744 561 4813; x_wconf 68' lang='grc' dir='ltr'>δέσμῳ</span> <span class='ocrx_word' id='word_1_621' title='bbox 636 4735 1164 4809; x_wconf 81' lang='grc' dir='ltr'>καταδεσμούμενος</span> <span class='ocrx_word' id='word_1_622' title='bbox 1198 4735 1293 4789; x_wconf 79' lang='grc' dir='ltr'>καὶ</span> <span class='ocrx_word' id='word_1_623' title='bbox 1381 4730 1981 4805; x_wconf 84' lang='grc' dir='ltr'>συναρμολογούμενος,</span> 
     </span>
    </p>
   </div>
   <div class='ocr_carea' id='block_1_93' title="bbox 366 4823 1987 4901">
    <p class='ocr_par' dir='ltr' id='par_1_93' title="bbox 366 4823 1987 4901">
     <span class='ocr_line' id='line_1_93' title="bbox 366 4823 1987 4901; baseline -0.01 -11"><span class='ocrx_word' id='word_1_624' title='bbox 366 4837 683 4899; x_wconf 75' lang='grc' dir='ltr'>ἑπάύτοῖς</span> <span class='ocrx_word' id='word_1_625' title='bbox 714 4834 816 4888; x_wconf 72' lang='grc' dir='ltr'><strong>καὶ</strong></span> <span class='ocrx_word' id='word_1_626' title='bbox 842 4832 934 4885; x_wconf 76' lang='grc' dir='ltr'><strong>τὸν</strong></span> <span class='ocrx_word' id='word_1_627' title='bbox 975 4830 1099 4885; x_wconf 83' lang='grc' dir='ltr'>ὅλον</span> <span class='ocrx_word' id='word_1_628' title='bbox 1149 4829 1277 4901; x_wconf 77' lang='grc' dir='ltr'><strong>ἑξῆς</strong></span> <span class='ocrx_word' id='word_1_629' title='bbox 1334 4827 1480 4899; x_wconf 83' lang='grc' dir='ltr'>ἱερὸν</span> <span class='ocrx_word' id='word_1_630' title='bbox 1536 4824 1797 4897; x_wconf 81' lang='grc' dir='ltr'>μαθητῶν</span> <span class='ocrx_word' id='word_1_631' title='bbox 1834 4823 1987 4876; x_wconf 75' lang='grc' dir='ltr'>ἐποι-</span> 
     </span>
    </p>
   </div>
   <div class='ocr_carea' id='block_1_94' title="bbox 366 4926 823 4999">
    <p class='ocr_par' dir='ltr' id='par_1_94' title="bbox 366 4926 823 4999">
     <span class='ocr_line' id='line_1_94' title="bbox 366 4926 823 4999; baseline -0.004 -17"><span class='ocrx_word' id='word_1_632' title='bbox 366 4930 609 4999; x_wconf 59' lang='grc' dir='ltr'>ιώομεῖ</span> <span class='ocrx_word' id='word_1_633' title='bbox 629 4926 823 4998; x_wconf 70' lang='grc' dir='ltr'><strong>χορόν.</strong></span> 
     </span>
    </p>
   </div>
   <div class='ocr_carea' id='block_1_95' title="bbox 2088 4616 3675 4704">
    <p class='ocr_par' dir='ltr' id='par_1_95' title="bbox 2088 4616 3675 4704">
     <span class='ocr_line' id='line_1_95' title="bbox 2088 4616 3675 4704; baseline -0.014 -13"><span class='ocrx_word' id='word_1_634' title='bbox 2088 4633 2230 4704; x_wconf 87' lang='lat' dir='ltr'><strong>lapis</strong></span> <span class='ocrx_word' id='word_1_635' title='bbox 2258 4632 2315 4686; x_wconf 88' lang='lat' dir='ltr'><strong>in</strong></span> <span class='ocrx_word' id='word_1_636' title='bbox 2350 4631 2533 4700; x_wconf 90' lang='lat' dir='ltr'><strong>seipso</strong></span> <span class='ocrx_word' id='word_1_637' title='bbox 2563 4626 2865 4691; x_wconf 67' lang='lat' dir='ltr'><strong>mdiﬁcans,</strong></span> <span class='ocrx_word' id='word_1_638' title='bbox 2897 4640 2962 4679; x_wconf 89' lang='lat' dir='ltr'><strong>ac</strong></span> <span class='ocrx_word' id='word_1_639' title='bbox 2987 4621 3277 4678; x_wconf 87' lang='lat' dir='ltr'><strong>charitatis</strong></span> <span class='ocrx_word' id='word_1_640' title='bbox 3306 4618 3527 4672; x_wconf 86' lang='lat' dir='ltr'><strong>vinculo</strong></span> <span class='ocrx_word' id='word_1_641' title='bbox 3556 4616 3675 4671; x_wconf 88' lang='lat' dir='ltr'><strong>col-</strong></span> 
     </span>
    </p>
   </div>
   <div class='ocr_carea' id='block_1_96' title="bbox 2087 4708 3678 4798">
    <p class='ocr_par' dir='ltr' id='par_1_96' title="bbox 2087 4708 3678 4798">
     <span class='ocr_line' id='line_1_96' title="bbox 2087 4708 3678 4798; baseline -0.013 -17"><span class='ocrx_word' id='word_1_642' title='bbox 2087 4727 2290 4798; x_wconf 78' lang='lat' dir='ltr'><strong>ligatus</strong></span> <span class='ocrx_word' id='word_1_643' title='bbox 2316 4739 2381 4778; x_wconf 92' lang='lat' dir='ltr'><strong>ac</strong></span> <span class='ocrx_word' id='word_1_644' title='bbox 2409 4728 2719 4791; x_wconf 90' lang='lat' dir='ltr'><strong>coaptatus,</strong></span> <span class='ocrx_word' id='word_1_645' title='bbox 2765 4718 2819 4771; x_wconf 92' lang='lat' dir='ltr'><strong>in</strong></span> <span class='ocrx_word' id='word_1_646' title='bbox 2852 4717 2935 4771; x_wconf 88' lang='lat' dir='ltr'><strong>eis</strong></span> <span class='ocrx_word' id='word_1_647' title='bbox 2982 4714 3150 4770; x_wconf 90' lang='lat' dir='ltr'><strong>etiam</strong></span> <span class='ocrx_word' id='word_1_648' title='bbox 3191 4719 3368 4766; x_wconf 88' lang='lat' dir='ltr'><strong>totum</strong></span> <span class='ocrx_word' id='word_1_649' title='bbox 3413 4708 3678 4780; x_wconf 85' lang='lat' dir='ltr'><strong>deinceps</strong></span> 
     </span>
    </p>
   </div>
   <div class='ocr_carea' id='block_1_97' title="bbox 2093 4799 3533 4884">
    <p class='ocr_par' dir='ltr' id='par_1_97' title="bbox 2093 4799 3533 4884">
     <span class='ocr_line' id='line_1_97' title="bbox 2093 4799 3533 4884; baseline -0.015 -10"><span class='ocrx_word' id='word_1_650' title='bbox 2093 4833 2312 4874; x_wconf 83' lang='lat' dir='ltr'><strong>sacrum</strong></span> <span class='ocrx_word' id='word_1_651' title='bbox 2340 4813 2742 4884; x_wconf 87' lang='lat' dir='ltr'><strong>discipulorum</strong></span> <span class='ocrx_word' id='word_1_652' title='bbox 2773 4810 3004 4864; x_wconf 89' lang='lat' dir='ltr'><strong>chorum</strong></span> <span class='ocrx_word' id='word_1_653' title='bbox 3035 4800 3441 4875; x_wconf 67' lang='lat' dir='ltr'><strong>supermdiﬁcat</strong></span> <span class='ocrx_word' id='word_1_654' title='bbox 3465 4799 3533 4852; x_wconf 78' lang='grc'><strong>⁷³.</strong></span> 
     </span>
    </p>
   </div>
   <div class='ocr_carea' id='block_1_98' title="bbox 443 4977 1966 5088">
    <p class='ocr_par' dir='ltr' id='par_1_98' title="bbox 443 4977 1966 5088">
     <span class='ocr_line' id='line_1_98' title="bbox 443 4977 1966 5088; baseline -0.012 -11"><span class='ocrx_word' id='word_1_655' title='bbox 443 4977 605 5086; x_wconf 51' lang='lat' dir='ltr'><strong>Sig-3,</strong></span> <span class='ocrx_word' id='word_1_656' title='bbox 629 4977 717 5074; x_wconf 47' lang='grc' dir='ltr'><strong>ξοδ</strong></span> <span class='ocrx_word' id='word_1_657' title='bbox 761 4977 859 5088; x_wconf 57' lang='grc' dir='ltr'><strong>μεν</strong></span> <span class='ocrx_word' id='word_1_658' title='bbox 907 5016 974 5088; x_wconf 78' lang='grc' dir='ltr'>δὴ</span> <span class='ocrx_word' id='word_1_659' title='bbox 1018 5015 1183 5087; x_wconf 80' lang='grc' dir='ltr'>μέχρι</span> <span class='ocrx_word' id='word_1_660' title='bbox 1230 5014 1439 5068; x_wconf 89' lang='grc' dir='ltr'>τούτων</span> <span class='ocrx_word' id='word_1_661' title='bbox 1481 5010 1800 5083; x_wconf 81' lang='grc' dir='ltr'>ἰδιοτρόπως</span> <span class='ocrx_word' id='word_1_662' title='bbox 1854 5008 1966 5079; x_wconf 67' lang='grc' dir='ltr'><strong>ήμῖε</strong></span> 
     </span>
    </p>
   </div>
   <div class='ocr_carea' id='block_1_99' title="bbox 2067 4977 3683 5088">
    <p class='ocr_par' dir='ltr' id='par_1_99' title="bbox 2167 4977 3683 5059">
     <span class='ocr_line' id='line_1_99' title="bbox 2167 4977 3683 5059; baseline -0.013 -8"><span class='ocrx_word' id='word_1_663' title='bbox 2167 4997 2395 5059; x_wconf 70' lang='lat' dir='ltr'><strong>Verum,</strong></span> <span class='ocrx_word' id='word_1_664' title='bbox 2436 4993 2707 5047; x_wconf 88' lang='lat' dir='ltr'><strong>hactenus</strong></span> <span class='ocrx_word' id='word_1_665' title='bbox 2723 4987 2946 5059; x_wconf 85' lang='lat' dir='ltr'><strong>quidem</strong></span> <span class='ocrx_word' id='word_1_666' title='bbox 2978 4983 3334 5056; x_wconf 86' lang='lat' dir='ltr'><strong>peculiariter</strong></span> <span class='ocrx_word' id='word_1_667' title='bbox 3368 4995 3433 5036; x_wconf 90' lang='lat' dir='ltr'><strong>ac</strong></span> <span class='ocrx_word' id='word_1_668' title='bbox 3458 4977 3683 5050; x_wconf 88' lang='lat' dir='ltr'><strong>propria</strong></span> 
     </span>
    </p>
   </div>
   <div class='ocr_carea' id='block_1_100' title="bbox 384 5072 1966 5184">
    <p class='ocr_par' dir='ltr' id='par_1_100' title="bbox 384 5072 1960 5184">
     <span class='ocr_line' id='line_1_100' title="bbox 384 5072 1960 5184; baseline -0.01 -17"><span class='ocrx_word' id='word_1_669' title='bbox 754 5072 847 5163; x_wconf 67' lang='grc' dir='ltr'><strong>τὸν</strong></span> <span class='ocrx_word' id='word_1_670' title='bbox 895 5072 1284 5180; x_wconf 56' lang='grc' dir='ltr'>πρωτόὲλητον</span> <span class='ocrx_word' id='word_1_671' title='bbox 1313 5107 1342 5158; x_wconf 94' lang='lat'><strong>6</strong></span> <span class='ocrx_word' id='word_1_672' title='bbox 1374 5104 1565 5172; x_wconf 82' lang='grc' dir='ltr'>λόγος’</span> <span class='ocrx_word' id='word_1_673' title='bbox 1599 5072 1853 5156; x_wconf 58' lang='grc' dir='ltr'>ἐντεῦθεν</span> <span class='ocrx_word' id='word_1_674' title='bbox 1876 5072 1960 5153; x_wconf 27' lang='grc' dir='ltr'><strong>ἰδὲ</strong></span> 
     </span>
    </p>
   </div>
   <div class='ocr_carea' id='block_1_101' title="bbox 2067 5072 3682 5184">
    <p class='ocr_par' dir='ltr' id='par_1_101' title="bbox 2100 5072 3682 5184">
     <span class='ocr_line' id='line_1_101' title="bbox 2100 5072 3682 5149; baseline -0.013 -6"><span class='ocrx_word' id='word_1_675' title='bbox 2100 5087 2337 5144; x_wconf 82' lang='lat' dir='ltr'><strong>scorsim</strong></span> <span class='ocrx_word' id='word_1_676' title='bbox 2374 5084 2625 5146; x_wconf 81' lang='lat' dir='ltr'><strong>ratione,</strong></span> <span class='ocrx_word' id='word_1_677' title='bbox 2650 5096 2802 5144; x_wconf 86' lang='lat' dir='ltr'><strong>eum,</strong></span> <span class='ocrx_word' id='word_1_678' title='bbox 2836 5077 2933 5149; x_wconf 91' lang='lat' dir='ltr'><strong>qui</strong></span> <span class='ocrx_word' id='word_1_679' title='bbox 2965 5075 3259 5131; x_wconf 89' lang='lat' dir='ltr'><strong>vocatione</strong></span> <span class='ocrx_word' id='word_1_680' title='bbox 3299 5072 3512 5143; x_wconf 91' lang='lat' dir='ltr'><strong>primus</strong></span> <span class='ocrx_word' id='word_1_681' title='bbox 3545 5083 3682 5140; x_wconf 88' lang='lat' dir='ltr'><strong>apo-</strong></span> 
     </span>
     <span class='ocr_line' id='line_1_102' title="bbox 2192 5161 3680 5184; baseline 0 0"><span class='ocrx_word' id='word_1_682' title='bbox 2192 5181 2201 5184; x_wconf 30' lang='lat'><strong>-</strong></span> <span class='ocrx_word' id='word_1_683' title='bbox 2538 5176 2551 5184; x_wconf 86' lang='lat'>.</span> <span class='ocrx_word' id='word_1_684' title='bbox 2578 5175 2590 5184; x_wconf 84' lang='lat'><em>.</em></span> <span class='ocrx_word' id='word_1_685' title='bbox 2762 5173 2796 5184; x_wconf 71' lang='lat' dir='ltr'><strong>-o</strong></span> <span class='ocrx_word' id='word_1_686' title='bbox 2890 5170 2903 5184; x_wconf 87' lang='lat' dir='ltr'><strong>I</strong></span> <span class='ocrx_word' id='word_1_687' title='bbox 2944 5170 2980 5184; x_wconf 77' lang='grc' dir='ltr'><strong>ιο</strong></span> <span class='ocrx_word' id='word_1_688' title='bbox 3098 5177 3112 5184; x_wconf 83' lang='grc'><strong><em>-</em></strong></span> <span class='ocrx_word' id='word_1_689' title='bbox 3156 5182 3166 5184; x_wconf 67' lang='lat'><strong><em>_</em></strong></span> <span class='ocrx_word' id='word_1_690' title='bbox 3187 5179 3198 5184; x_wconf 91' lang='lat'><strong>-</strong></span> <span class='ocrx_word' id='word_1_691' title='bbox 3218 5181 3308 5184; x_wconf 43' lang='lat' dir='ltr'><strong>du-</strong></span> <span class='ocrx_word' id='word_1_692' title='bbox 3370 5161 3627 5184; x_wconf 61' lang='lat' dir='ltr'><strong>.I-..-_:Lfe</strong></span> <span class='ocrx_word' id='word_1_693' title='bbox 3664 5176 3680 5184; x_wconf 85' lang='lat'><strong>-</strong></span> 
     </span>
    </p>
   </div>
   <div class='ocr_carea' id='block_1_102' title="bbox 388 5161 1966 5272">
    <p class='ocr_par' dir='ltr' id='par_1_102' title="bbox 388 5161 1966 5272">
     <span class='ocr_line' id='line_1_103' title="bbox 388 5161 1966 5272; baseline -0.008 -14"><span class='ocrx_word' id='word_1_694' title='bbox 594 5161 775 5257; x_wconf 55' lang='grc' dir='ltr'>πᾶσιν</span> <span class='ocrx_word' id='word_1_695' title='bbox 798 5205 826 5255; x_wconf 87' lang='grc' dir='ltr'>ό</span> <span class='ocrx_word' id='word_1_696' title='bbox 857 5161 1062 5272; x_wconf 81' lang='grc' dir='ltr'>τρόπος</span> <span class='ocrx_word' id='word_1_697' title='bbox 1102 5161 1203 5270; x_wconf 69' lang='grc' dir='ltr'>τῆς</span> <span class='ocrx_word' id='word_1_698' title='bbox 1253 5161 1488 5253; x_wconf 75' lang='grc' dir='ltr'>κατὰτὸ</span> <span class='ocrx_word' id='word_1_699' title='bbox 1525 5195 1862 5265; x_wconf 78' lang='grc' dir='ltr'>Εὑαγγὲλιον</span> <span class='ocrx_word' id='word_1_700' title='bbox 1895 5193 1966 5246; x_wconf 73' lang='grc' dir='ltr'><strong>εὺε</strong></span> 
     </span>
    </p>
   </div>
   <div class='ocr_carea' id='block_1_103' title="bbox 2067 5161 3680 5272">
    <p class='ocr_par' dir='ltr' id='par_1_103' title="bbox 2078 5161 3680 5261">
     <span class='ocr_line' id='line_1_104' title="bbox 2078 5161 3680 5261; baseline -0.016 -24"><span class='ocrx_word' id='word_1_701' title='bbox 2078 5181 2275 5261; x_wconf 68' lang='grc' dir='ltr'><strong>ΔειοΙιιις</strong></span> <span class='ocrx_word' id='word_1_702' title='bbox 2321 5185 2425 5244; x_wconf 88' lang='lat' dir='ltr'><strong>est,</strong></span> <span class='ocrx_word' id='word_1_703' title='bbox 2462 5175 2624 5231; x_wconf 90' lang='lat' dir='ltr'><strong>nobis</strong></span> <span class='ocrx_word' id='word_1_704' title='bbox 2659 5173 2837 5228; x_wconf 89' lang='lat' dir='ltr'><strong>oratio</strong></span> <span class='ocrx_word' id='word_1_705' title='bbox 2872 5170 3118 5226; x_wconf 87' lang='lat' dir='ltr'><strong>delineat</strong></span> <span class='ocrx_word' id='word_1_706' title='bbox 3148 5179 3316 5236; x_wconf 87' lang='lat' dir='ltr'><strong>atque</strong></span> <span class='ocrx_word' id='word_1_707' title='bbox 3362 5161 3630 5220; x_wconf 85' lang='lat' dir='ltr'><strong>describit</strong></span> <span class='ocrx_word' id='word_1_708' title='bbox 3664 5176 3680 5212; x_wconf 91' lang='lat'><strong>:</strong></span> 
     </span>
    </p>
   </div>
   <div class='ocr_carea' id='block_1_104' title="bbox 386 5256 1966 5369">
    <p class='ocr_par' dir='ltr' id='par_1_104' title="bbox 386 5256 1966 5369">
     <span class='ocr_line' id='line_1_105' title="bbox 386 5256 1966 5369; baseline -0.009 -17"><span class='ocrx_word' id='word_1_709' title='bbox 386 5256 764 5369; x_wconf 52' lang='grc' dir='ltr'>δτκιμῗήσεως.</span> <span class='ocrx_word' id='word_1_710' title='bbox 794 5294 873 5347; x_wconf 83' lang='grc' dir='ltr'><strong>Ἤ</strong></span> <span class='ocrx_word' id='word_1_711' title='bbox 893 5256 961 5346; x_wconf 55' lang='grc' dir='ltr'><strong>τε</strong></span> <span class='ocrx_word' id='word_1_712' title='bbox 1006 5256 1117 5363; x_wconf 59' lang='grc' dir='ltr'><strong>γαρ</strong></span> <span class='ocrx_word' id='word_1_713' title='bbox 1158 5256 1375 5353; x_wconf 56' lang='grc' dir='ltr'>πίστις,-</span> <span class='ocrx_word' id='word_1_714' title='bbox 1403 5291 1501 5343; x_wconf 83' lang='grc' dir='ltr'>καὶ</span> <span class='ocrx_word' id='word_1_715' title='bbox 1540 5290 1575 5359; x_wconf 80' lang='grc' dir='ltr'><strong>ἡ</strong></span> <span class='ocrx_word' id='word_1_716' title='bbox 1608 5256 1747 5358; x_wconf 62' lang='grc' dir='ltr'>πρός</span> <span class='ocrx_word' id='word_1_717' title='bbox 1777 5286 1870 5339; x_wconf 79' lang='grc' dir='ltr'>τὸν</span> <span class='ocrx_word' id='word_1_718' title='bbox 1906 5285 1966 5337; x_wconf 72' lang='grc' dir='ltr'><strong>διε</strong></span> 
     </span>
    </p>
   </div>
   <div class='ocr_carea' id='block_1_105' title="bbox 2067 5256 3683 5369">
    <p class='ocr_par' dir='ltr' id='par_1_105' title="bbox 2078 5256 3683 5369">
     <span class='ocr_line' id='line_1_106' title="bbox 2078 5256 3683 5346; baseline -0.014 -17"><span class='ocrx_word' id='word_1_719' title='bbox 2078 5258 2451 5346; x_wconf 87' lang='lat' dir='ltr'><strong>postmodum</strong></span> <span class='ocrx_word' id='word_1_720' title='bbox 2474 5283 2607 5324; x_wconf 87' lang='lat' dir='ltr'><strong>vero</strong></span> <span class='ocrx_word' id='word_1_721' title='bbox 2635 5264 2945 5322; x_wconf 87' lang='lat' dir='ltr'><strong>communis</strong></span> <span class='ocrx_word' id='word_1_722' title='bbox 2969 5261 3168 5318; x_wconf 87' lang='lat' dir='ltr'><strong>modus</strong></span> <span class='ocrx_word' id='word_1_723' title='bbox 3192 5266 3299 5325; x_wconf 88' lang='lat' dir='ltr'><strong>est,</strong></span> <span class='ocrx_word' id='word_1_724' title='bbox 3318 5256 3429 5328; x_wconf 86' lang='lat' dir='ltr'><strong>quo</strong></span> <span class='ocrx_word' id='word_1_725' title='bbox 3457 5269 3683 5325; x_wconf 87' lang='lat' dir='ltr'><strong>operam</strong></span> 
     </span>
     <span class='ocr_line' id='line_1_107' title="bbox 2406 5347 3657 5369; baseline 0 0"><span class='ocrx_word' id='word_1_726' title='bbox 2406 5365 2446 5369; x_wconf 82' lang='lat'><strong><em>_</em></strong></span> <span class='ocrx_word' id='word_1_727' title='bbox 2632 5363 2662 5369; x_wconf 84' lang='lat'><strong>.-</strong></span> <span class='ocrx_word' id='word_1_728' title='bbox 2813 5360 2825 5369; x_wconf 86' lang='grc'><strong>.</strong></span> <span class='ocrx_word' id='word_1_729' title='bbox 3087 5366 3096 5369; x_wconf 85' lang='grc'><strong>-</strong></span> <span class='ocrx_word' id='word_1_730' title='bbox 3159 5354 3202 5369; x_wconf 65' lang='lat' dir='ltr'><strong>nn</strong></span> <span class='ocrx_word' id='word_1_731' title='bbox 3343 5367 3353 5369; x_wconf 39' lang='grc' dir='ltr'><strong>Α</strong></span> <span class='ocrx_word' id='word_1_732' title='bbox 3382 5351 3472 5369; x_wconf 67' lang='lat'><strong>-2...</strong></span> <span class='ocrx_word' id='word_1_733' title='bbox 3522 5347 3657 5369; x_wconf 45' lang='grc' dir='ltr'><strong>ΕΔΑ..</strong></span> 
     </span>
    </p>
   </div>
   <div class='ocr_carea' id='block_1_106' title="bbox 386 5347 1966 5459">
    <p class='ocr_par' dir='ltr' id='par_1_106' title="bbox 386 5347 1966 5459">
     <span class='ocr_line' id='line_1_108' title="bbox 386 5347 1966 5459; baseline -0.011 -12"><span class='ocrx_word' id='word_1_734' title='bbox 386 5347 664 5446; x_wconf 35' lang='lat' dir='ltr'><strong>dictum</strong></span> <span class='ocrx_word' id='word_1_735' title='bbox 703 5347 1032 5459; x_wconf 37' lang='grc' dir='ltr'>ἐναπητικη</span> <span class='ocrx_word' id='word_1_736' title='bbox 1057 5347 1299 5448; x_wconf 67' lang='grc' dir='ltr'>διάθεσις</span> <span class='ocrx_word' id='word_1_737' title='bbox 1326 5347 1482 5453; x_wconf 37' lang='grc' dir='ltr'>ποινή</span> <span class='ocrx_word' id='word_1_738' title='bbox 1499 5400 1513 5415; x_wconf 78' lang='grc' dir='ltr'><strong><em>ο</em></strong></span> <span class='ocrx_word' id='word_1_739' title='bbox 1541 5347 1698 5453; x_wconf 54' lang='grc' dir='ltr'>δ’μοίσ</span> <span class='ocrx_word' id='word_1_740' title='bbox 1718 5347 1831 5442; x_wconf 82' lang='grc' dir='ltr'>τοῖς</span> <span class='ocrx_word' id='word_1_741' title='bbox 1860 5378 1966 5431; x_wconf 85' lang='grc' dir='ltr'>ἀπο</span> 
     </span>
    </p>
   </div>
   <div class='ocr_carea' id='block_1_107' title="bbox 2067 5347 3684 5459">
    <p class='ocr_par' dir='ltr' id='par_1_107' title="bbox 2104 5347 3684 5459">
     <span class='ocr_line' id='line_1_109' title="bbox 2104 5347 3684 5434; baseline -0.014 -10"><span class='ocrx_word' id='word_1_742' title='bbox 2104 5376 2368 5424; x_wconf 86' lang='lat' dir='ltr'><strong>navantes</strong></span> <span class='ocrx_word' id='word_1_743' title='bbox 2406 5363 2724 5434; x_wconf 83' lang='lat' dir='ltr'><strong>Evangelio,</strong></span> <span class='ocrx_word' id='word_1_744' title='bbox 2778 5360 3125 5416; x_wconf 87' lang='lat' dir='ltr'><strong>claruerunt.</strong></span> <span class='ocrx_word' id='word_1_745' title='bbox 3159 5354 3300 5409; x_wconf 86' lang='lat' dir='ltr'><strong>Tum</strong></span> <span class='ocrx_word' id='word_1_746' title='bbox 3331 5351 3479 5407; x_wconf 88' lang='lat' dir='ltr'><strong>enim</strong></span> <span class='ocrx_word' id='word_1_747' title='bbox 3522 5347 3684 5414; x_wconf 85' lang='lat' dir='ltr'><strong>ﬁdes,</strong></span> 
     </span>
     <span class='ocr_line' id='line_1_110' title="bbox 2430 5437 3663 5459; baseline 0 0"><span class='ocrx_word' id='word_1_748' title='bbox 2430 5458 2433 5459; x_wconf 67' lang='lat'>,</span> <span class='ocrx_word' id='word_1_749' title='bbox 2524 5455 2535 5459; x_wconf 83' lang='lat'><strong>-</strong></span> <span class='ocrx_word' id='word_1_750' title='bbox 2893 5452 2904 5459; x_wconf 90' lang='lat'>.</span> <span class='ocrx_word' id='word_1_751' title='bbox 3387 5442 3427 5459; x_wconf 36' lang='grc' dir='ltr'><strong>ογ</strong></span> <span class='ocrx_word' id='word_1_752' title='bbox 3460 5440 3564 5459; x_wconf 46' lang='grc' dir='ltr'><strong>εΙΙΞλ</strong></span> <span class='ocrx_word' id='word_1_753' title='bbox 3608 5437 3663 5459; x_wconf 67' lang='grc' dir='ltr'><strong>,ρ</strong></span> 
     </span>
    </p>
   </div>
   <div class='ocr_carea' id='block_1_108' title="bbox 390 5437 1966 5550">
    <p class='ocr_par' dir='ltr' id='par_1_108' title="bbox 390 5437 1966 5550">
     <span class='ocr_line' id='line_1_111' title="bbox 390 5437 1966 5550; baseline -0.01 -12"><span class='ocrx_word' id='word_1_754' title='bbox 390 5486 599 5548; x_wconf 71' lang='grc' dir='ltr'>στόλοις</span> <span class='ocrx_word' id='word_1_755' title='bbox 638 5437 816 5537; x_wconf 57' lang='grc' dir='ltr'>πᾶσιν</span> <span class='ocrx_word' id='word_1_756' title='bbox 844 5437 963 5549; x_wconf 50' lang='grc' dir='ltr'>ἦιτε</span> <span class='ocrx_word' id='word_1_757' title='bbox 1000 5480 1215 5550; x_wconf 79' lang='grc' dir='ltr'>κλῆσις,</span> <span class='ocrx_word' id='word_1_758' title='bbox 1238 5477 1332 5531; x_wconf 67' lang='grc' dir='ltr'><strong>καὶ</strong></span> <span class='ocrx_word' id='word_1_759' title='bbox 1359 5478 1395 5546; x_wconf 85' lang='grc' dir='ltr'><strong>ἡ</strong></span> <span class='ocrx_word' id='word_1_760' title='bbox 1426 5437 1654 5544; x_wconf 44' lang='lat' dir='ltr'><strong>sabaia,</strong></span> <span class='ocrx_word' id='word_1_761' title='bbox 1677 5472 1769 5527; x_wconf 75' lang='grc' dir='ltr'><strong>καὶ</strong></span> <span class='ocrx_word' id='word_1_762' title='bbox 1798 5472 1833 5542; x_wconf 80' lang='grc' dir='ltr'><strong>ἡ</strong></span> <span class='ocrx_word' id='word_1_763' title='bbox 1861 5470 1966 5524; x_wconf 85' lang='grc' dir='ltr'>ἁκο</span> 
     </span>
    </p>
   </div>
   <div class='ocr_carea' id='block_1_109' title="bbox 2067 5437 3693 5550">
    <p class='ocr_par' dir='ltr' id='par_1_109' title="bbox 2102 5437 3693 5524">
     <span class='ocr_line' id='line_1_112' title="bbox 2102 5437 3693 5524; baseline -0.014 -8"><span class='ocrx_word' id='word_1_764' title='bbox 2102 5472 2220 5517; x_wconf 87' lang='lat' dir='ltr'><strong>tum</strong></span> <span class='ocrx_word' id='word_1_765' title='bbox 2255 5455 2570 5514; x_wconf 86' lang='lat' dir='ltr'><strong>dilectionis</strong></span> <span class='ocrx_word' id='word_1_766' title='bbox 2600 5471 2729 5524; x_wconf 76' lang='lat' dir='ltr'><strong>erga</strong></span> <span class='ocrx_word' id='word_1_767' title='bbox 2762 5452 3089 5522; x_wconf 80' lang='lat' dir='ltr'><strong>magistrum</strong></span> <span class='ocrx_word' id='word_1_768' title='bbox 3124 5442 3433 5503; x_wconf 90' lang='lat' dir='ltr'><strong>communis</strong></span> <span class='ocrx_word' id='word_1_769' title='bbox 3460 5440 3567 5495; x_wconf 89' lang='lat' dir='ltr'><strong>illis</strong></span> <span class='ocrx_word' id='word_1_770' title='bbox 3605 5437 3693 5494; x_wconf 79' lang='lat' dir='ltr'><strong>af-</strong></span> 
     </span>
    </p>
   </div>
   <div class='ocr_carea' id='block_1_110' title="bbox 387 5532 1966 5646">
    <p class='ocr_par' dir='ltr' id='par_1_110' title="bbox 387 5532 1966 5646">
     <span class='ocr_line' id='line_1_113' title="bbox 387 5532 1966 5646; baseline -0.011 -14"><span class='ocrx_word' id='word_1_771' title='bbox 387 5576 651 5646; x_wconf 75' lang='grc' dir='ltr'>λούθησις</span> <span class='ocrx_word' id='word_1_772' title='bbox 677 5573 782 5628; x_wconf 88' lang='grc' dir='ltr'><strong>τοῦ</strong></span> <span class='ocrx_word' id='word_1_773' title='bbox 804 5532 1048 5645; x_wconf 74' lang='grc' dir='ltr'>Χριστοῦ</span> <span class='ocrx_word' id='word_1_774' title='bbox 1073 5532 1102 5602; x_wconf 50' lang='grc'><strong>’⁸</strong></span> <span class='ocrx_word' id='word_1_775' title='bbox 1116 5532 1215 5623; x_wconf 82' lang='grc' dir='ltr'>καί</span> <span class='ocrx_word' id='word_1_776' title='bbox 1240 5586 1306 5638; x_wconf 86' lang='grc' dir='ltr'>γε</span> <span class='ocrx_word' id='word_1_777' title='bbox 1330 5532 1442 5621; x_wconf 80' lang='grc' dir='ltr'><strong>τῶν</strong></span> <span class='ocrx_word' id='word_1_778' title='bbox 1466 5532 1787 5637; x_wconf 64' lang='grc' dir='ltr'>θαυμασίων</span> <span class='ocrx_word' id='word_1_779' title='bbox 1813 5532 1966 5634; x_wconf 56' lang='grc' dir='ltr'>ἐργωί</span> 
     </span>
    </p>
   </div>
   <div class='ocr_carea' id='block_1_111' title="bbox 2067 5532 3689 5646">
    <p class='ocr_par' dir='ltr' id='par_1_111' title="bbox 2098 5532 3689 5646">
     <span class='ocr_line' id='line_1_114' title="bbox 2098 5532 3689 5618; baseline -0.016 -9"><span class='ocrx_word' id='word_1_780' title='bbox 2098 5551 2267 5609; x_wconf 82' lang='lat' dir='ltr'><strong>fectio</strong></span> <span class='ocrx_word' id='word_1_781' title='bbox 2295 5560 2400 5606; x_wconf 91' lang='lat' dir='ltr'><strong>est.</strong></span> <span class='ocrx_word' id='word_1_782' title='bbox 2435 5550 2541 5606; x_wconf 89' lang='lat' dir='ltr'><strong>Par</strong></span> <span class='ocrx_word' id='word_1_783' title='bbox 2578 5545 2845 5618; x_wconf 88' lang='lat' dir='ltr'><strong>apostolis</strong></span> <span class='ocrx_word' id='word_1_784' title='bbox 2873 5540 3134 5599; x_wconf 87' lang='lat' dir='ltr'><strong>omnibus</strong></span> <span class='ocrx_word' id='word_1_785' title='bbox 3155 5546 3270 5593; x_wconf 92' lang='lat' dir='ltr'><strong>tum</strong></span> <span class='ocrx_word' id='word_1_786' title='bbox 3301 5532 3541 5598; x_wconf 78' lang='lat' dir='ltr'><strong>vocatio,</strong></span> <span class='ocrx_word' id='word_1_787' title='bbox 3570 5538 3689 5584; x_wconf 88' lang='lat' dir='ltr'><strong>tum</strong></span> 
     </span>
     <span class='ocr_line' id='line_1_115' title="bbox 2247 5622 3688 5646; baseline -0.016 23"><span class='ocrx_word' id='word_1_788' title='bbox 2247 5643 2257 5646; x_wconf 79' lang='grc'><strong><em>“</em></strong></span> <span class='ocrx_word' id='word_1_789' title='bbox 2591 5641 2602 5646; x_wconf 80' lang='grc'><strong><em>⁵</em></strong></span> <span class='ocrx_word' id='word_1_790' title='bbox 2650 5639 2701 5646; x_wconf 79' lang='grc'><strong>¹“·</strong></span> <span class='ocrx_word' id='word_1_791' title='bbox 2758 5639 2769 5646; x_wconf 89' lang='grc'>·</span> <span class='ocrx_word' id='word_1_792' title='bbox 3099 5631 3134 5646; x_wconf 78' lang='lat'><strong>-&#39;</strong></span> <span class='ocrx_word' id='word_1_793' title='bbox 3254 5637 3295 5646; x_wconf 25' lang='lat'><strong>7-</strong></span> <span class='ocrx_word' id='word_1_794' title='bbox 3384 5625 3523 5646; x_wconf 54' lang='grc' dir='ltr'><strong>μ---)</strong></span> <span class='ocrx_word' id='word_1_795' title='bbox 3557 5622 3688 5646; x_wconf 66' lang='grc' dir='ltr'><strong>ε.-.-</strong></span> 
     </span>
    </p>
   </div>
   <div class='ocr_carea' id='block_1_112' title="bbox 384 5622 1966 5743">
    <p class='ocr_par' dir='ltr' id='par_1_112' title="bbox 384 5622 1966 5743">
     <span class='ocr_line' id='line_1_116' title="bbox 384 5622 1966 5743; baseline -0.011 -18"><span class='ocrx_word' id='word_1_796' title='bbox 384 5669 426 5742; x_wconf 75' lang='grc' dir='ltr'>ή</span> <span class='ocrx_word' id='word_1_797' title='bbox 452 5622 671 5743; x_wconf 64' lang='grc' dir='ltr'>ερσῖσξ,</span> <span class='ocrx_word' id='word_1_798' title='bbox 721 5667 821 5720; x_wconf 77' lang='grc' dir='ltr'><strong>καὶ</strong></span> <span class='ocrx_word' id='word_1_799' title='bbox 859 5622 970 5719; x_wconf 55' lang='grc' dir='ltr'><strong>τῶν</strong></span> <span class='ocrx_word' id='word_1_800' title='bbox 1011 5622 1591 5736; x_wconf 36' lang='grc' dir='ltr'>ὑψηλῶνθμυστηρίων</span> <span class='ocrx_word' id='word_1_801' title='bbox 1627 5659 1662 5729; x_wconf 71' lang='grc' dir='ltr'><strong>ἡ</strong></span> <span class='ocrx_word' id='word_1_802' title='bbox 1703 5622 1966 5727; x_wconf 71' lang='grc' dir='ltr'>ἀκρόασις</span> 
     </span>
    </p>
   </div>
   <div class='ocr_carea' id='block_1_113' title="bbox 2067 5622 3692 5743">
    <p class='ocr_par' dir='ltr' id='par_1_113' title="bbox 2100 5622 3692 5714">
     <span class='ocr_line' id='line_1_117' title="bbox 2100 5622 3692 5714; baseline -0.015 -10"><span class='ocrx_word' id='word_1_803' title='bbox 2100 5643 2322 5714; x_wconf 83' lang='lat' dir='ltr'><strong>electio,</strong></span> <span class='ocrx_word' id='word_1_804' title='bbox 2354 5658 2421 5699; x_wconf 90' lang='lat' dir='ltr'><strong>ac</strong></span> <span class='ocrx_word' id='word_1_805' title='bbox 2458 5641 2606 5714; x_wconf 89' lang='lat' dir='ltr'><strong>quod</strong></span> <span class='ocrx_word' id='word_1_806' title='bbox 2640 5639 2928 5696; x_wconf 81' lang='lat' dir='ltr'><strong>Christum</strong></span> <span class='ocrx_word' id='word_1_807' title='bbox 2962 5631 3140 5691; x_wconf 87' lang='lat' dir='ltr'><strong>secuti</strong></span> <span class='ocrx_word' id='word_1_808' title='bbox 3169 5637 3303 5687; x_wconf 88' lang='lat' dir='ltr'><strong>sunt</strong></span> <span class='ocrx_word' id='word_1_809' title='bbox 3330 5647 3346 5685; x_wconf 89' lang='lat'><strong>:</strong></span> <span class='ocrx_word' id='word_1_810' title='bbox 3377 5625 3528 5700; x_wconf 83' lang='lat' dir='ltr'><strong>quod</strong></span> <span class='ocrx_word' id='word_1_811' title='bbox 3557 5622 3692 5681; x_wconf 77' lang='lat' dir='ltr'><strong>item</strong></span> 
     </span>
    </p>
   </div>
   <div class='ocr_carea' id='block_1_114' title="bbox 456 5842 1922 5921">
    <p class='ocr_par' dir='ltr' id='par_1_114' title="bbox 456 5842 1922 5921">
     <span class='ocr_line' id='line_1_118' title="bbox 456 5842 1922 5921; baseline -0.012 -7"><span class='ocrx_word' id='word_1_812' title='bbox 456 5856 505 5890; x_wconf 81' lang='grc'>⁷³</span> <span class='ocrx_word' id='word_1_813' title='bbox 530 5853 701 5914; x_wconf 73' lang='lat' dir='ltr'><strong>Joan.</strong></span> <span class='ocrx_word' id='word_1_814' title='bbox 732 5868 775 5921; x_wconf 71' lang='grc' dir='ltr'>ς,</span> <span class='ocrx_word' id='word_1_815' title='bbox 808 5851 901 5907; x_wconf 68' lang='grc'><strong>42.</strong></span> <span class='ocrx_word' id='word_1_816' title='bbox 980 5851 1022 5884; x_wconf 77' lang='grc' dir='ltr'><strong>τ’</strong></span> <span class='ocrx_word' id='word_1_817' title='bbox 1053 5849 1158 5906; x_wconf 85' lang='lat' dir='ltr'><strong>lsa.</strong></span> <span class='ocrx_word' id='word_1_818' title='bbox 1181 5864 1375 5915; x_wconf 78' lang='lat' dir='ltr'><strong>xxvm,</strong></span> <span class='ocrx_word' id='word_1_819' title='bbox 1407 5846 1506 5915; x_wconf 86' lang='lat' dir='ltr'><strong>l6;</strong></span> <span class='ocrx_word' id='word_1_820' title='bbox 1541 5848 1561 5903; x_wconf 95' lang='lat' dir='ltr'><strong>l</strong></span> <span class='ocrx_word' id='word_1_821' title='bbox 1598 5847 1747 5902; x_wconf 72' lang='lat' dir='ltr'><strong>Petr.</strong></span> <span class='ocrx_word' id='word_1_822' title='bbox 1776 5859 1838 5911; x_wconf 81' lang='lat' dir='ltr'><strong>ll,</strong></span> <span class='ocrx_word' id='word_1_823' title='bbox 1869 5842 1922 5897; x_wconf 88' lang='lat'><em>6.</em></span> 
     </span>
    </p>
   </div>
  </div>
