  <div class='ocr_page' id='page_1' title='image "/cluster/home/n/w/nwhite01/storage/ocr_20150623/105/coo.31924054870096/045.png"; bbox 0 0 4108 6430; ppageno 0'>
   <div class='ocr_carea' id='block_1_1' title="bbox 567 367 3836 438">
    <p class='ocr_par' dir='ltr' id='par_1_1' title="bbox 567 367 3836 438">
     <span class='ocr_line' id='line_1_1' title="bbox 567 367 3836 438; baseline -0.002 0"><span class='ocrx_word' id='word_1_1' title='bbox 567 371 643 438; x_wconf 77' lang='lat'><strong>63</strong></span> <span class='ocrx_word' id='word_1_2' title='bbox 1777 372 2076 435; x_wconf 66' lang='lat' dir='ltr'><strong>NICETA!</strong></span> <span class='ocrx_word' id='word_1_3' title='bbox 2107 369 2644 433; x_wconf 83' lang='lat' dir='ltr'><strong>PAPIILAGONIS</strong></span> <span class='ocrx_word' id='word_1_4' title='bbox 2810 400 2816 406; x_wconf 63' lang='grc' dir='ltr'><strong>υ</strong></span> <span class='ocrx_word' id='word_1_5' title='bbox 3769 367 3836 433; x_wconf 72' lang='grc'><strong>64</strong></span> 
     </span>
    </p>
   </div>
   <div class='ocr_carea' id='block_1_2' title="bbox 565 481 2152 558">
    <p class='ocr_par' dir='ltr' id='par_1_2' title="bbox 565 481 2152 558">
     <span class='ocr_line' id='line_1_2' title="bbox 565 481 2152 558; baseline 0.003 -20"><span class='ocrx_word' id='word_1_6' title='bbox 565 481 891 540; x_wconf 87' lang='lat' dir='ltr'><strong>admiranda</strong></span> <span class='ocrx_word' id='word_1_7' title='bbox 911 497 1082 554; x_wconf 85' lang='lat' dir='ltr'><strong>opera</strong></span> <span class='ocrx_word' id='word_1_8' title='bbox 1104 481 1368 539; x_wconf 86' lang='lat' dir='ltr'><strong>viderunt</strong></span> <span class='ocrx_word' id='word_1_9' title='bbox 1392 498 1457 540; x_wconf 91' lang='lat' dir='ltr'><strong>ac</strong></span> <span class='ocrx_word' id='word_1_10' title='bbox 1479 483 1779 540; x_wconf 90' lang='lat' dir='ltr'><strong>audierunt</strong></span> <span class='ocrx_word' id='word_1_11' title='bbox 1795 486 2011 541; x_wconf 87' lang='lat' dir='ltr'><strong>excelsa</strong></span> <span class='ocrx_word' id='word_1_12' title='bbox 2032 501 2152 558; x_wconf 86' lang='lat' dir='ltr'><strong>my-</strong></span> 
     </span>
    </p>
   </div>
   <div class='ocr_carea' id='block_1_3' title="bbox 2261 481 3837 558">
    <p class='ocr_par' dir='ltr' id='par_1_3' title="bbox 2261 481 3837 552">
     <span class='ocr_line' id='line_1_3' title="bbox 2261 481 3837 552; baseline -0.001 -14"><span class='ocrx_word' id='word_1_13' title='bbox 2261 484 2368 538; x_wconf 79' lang='grc' dir='ltr'><strong>Καὶ</strong></span> <span class='ocrx_word' id='word_1_14' title='bbox 2409 485 2612 546; x_wconf 82' lang='grc' dir='ltr'>πάντες</span> <span class='ocrx_word' id='word_1_15' title='bbox 2661 482 2887 552; x_wconf 86' lang='grc' dir='ltr'>ὁμοίως,</span> <span class='ocrx_word' id='word_1_16' title='bbox 2925 481 3115 551; x_wconf 84' lang='grc' dir='ltr'>ὥσπερ</span> <span class='ocrx_word' id='word_1_17' title='bbox 3149 481 3358 535; x_wconf 79' lang='grc' dir='ltr'><strong>ἑαυτῶν</strong></span> <span class='ocrx_word' id='word_1_18' title='bbox 3399 482 3715 548; x_wconf 80' lang='grc' dir='ltr'>ὲξεστῶτες,</span> <span class='ocrx_word' id='word_1_19' title='bbox 3749 481 3837 536; x_wconf 59' lang='grc' dir='ltr'>οὐκ</span> 
     </span>
    </p>
   </div>
   <div class='ocr_carea' id='block_1_4' title="bbox 563 574 2148 646">
    <p class='ocr_par' dir='ltr' id='par_1_4' title="bbox 563 574 2148 646">
     <span class='ocr_line' id='line_1_4' title="bbox 563 574 2148 646; baseline 0.003 -16"><span class='ocrx_word' id='word_1_20' title='bbox 563 575 758 630; x_wconf 81' lang='lat' dir='ltr'><strong>steri&#39;a.</strong></span> <span class='ocrx_word' id='word_1_21' title='bbox 781 574 986 630; x_wconf 86' lang='lat' dir='ltr'><strong>Omnes</strong></span> <span class='ocrx_word' id='word_1_22' title='bbox 1009 575 1222 646; x_wconf 89' lang='lat' dir='ltr'><strong>pariter</strong></span> <span class='ocrx_word' id='word_1_23' title='bbox 1248 576 1401 632; x_wconf 89' lang='lat' dir='ltr'><strong>velut</strong></span> <span class='ocrx_word' id='word_1_24' title='bbox 1422 593 1453 631; x_wconf 88' lang='lat' dir='ltr'><strong>a</strong></span> <span class='ocrx_word' id='word_1_25' title='bbox 1477 592 1537 632; x_wconf 87' lang='lat' dir='ltr'><strong>se</strong></span> <span class='ocrx_word' id='word_1_26' title='bbox 1567 576 1919 645; x_wconf 87' lang='lat' dir='ltr'><strong>excedentes,</strong></span> <span class='ocrx_word' id='word_1_27' title='bbox 1951 577 2032 633; x_wconf 92' lang='lat' dir='ltr'><strong>sic</strong></span> <span class='ocrx_word' id='word_1_28' title='bbox 2055 577 2148 634; x_wconf 94' lang='lat' dir='ltr'><strong>isti</strong></span> 
     </span>
    </p>
   </div>
   <div class='ocr_carea' id='block_1_5' title="bbox 563 667 2147 739">
    <p class='ocr_par' dir='ltr' id='par_1_5' title="bbox 563 667 2147 739">
     <span class='ocr_line' id='line_1_5' title="bbox 563 667 2147 739; baseline 0.005 -19"><span class='ocrx_word' id='word_1_29' title='bbox 563 667 829 737; x_wconf 77' lang='lat' dir='ltr'><strong>Magistro</strong></span> <span class='ocrx_word' id='word_1_30' title='bbox 855 667 1125 734; x_wconf 80' lang='lat' dir='ltr'><strong>devincti,</strong></span> <span class='ocrx_word' id='word_1_31' title='bbox 1165 668 1484 739; x_wconf 88' lang='lat' dir='ltr'><strong>probraque</strong></span> <span class='ocrx_word' id='word_1_32' title='bbox 1508 678 1832 726; x_wconf 88' lang='lat' dir='ltr'><strong>ornamenta</strong></span> <span class='ocrx_word' id='word_1_33' title='bbox 1860 669 2147 738; x_wconf 88' lang='lat' dir='ltr'><strong>ducentes,</strong></span> 
     </span>
    </p>
   </div>
   <div class='ocr_carea' id='block_1_6' title="bbox 561 756 2149 832">
    <p class='ocr_par' dir='ltr' id='par_1_6' title="bbox 561 756 2149 832">
     <span class='ocr_line' id='line_1_6' title="bbox 561 756 2149 832; baseline 0.005 -22"><span class='ocrx_word' id='word_1_34' title='bbox 561 771 625 810; x_wconf 88' lang='lat' dir='ltr'><strong>ac</strong></span> <span class='ocrx_word' id='word_1_35' title='bbox 655 756 777 828; x_wconf 87' lang='lat' dir='ltr'><strong>ejus</strong></span> <span class='ocrx_word' id='word_1_36' title='bbox 812 772 978 812; x_wconf 90' lang='lat' dir='ltr'><strong>causa</strong></span> <span class='ocrx_word' id='word_1_37' title='bbox 999 758 1272 815; x_wconf 88' lang='lat' dir='ltr'><strong>conscitis</strong></span> <span class='ocrx_word' id='word_1_38' title='bbox 1299 759 1785 830; x_wconf 88' lang='lat' dir='ltr'><strong>persecutionibus</strong></span> <span class='ocrx_word' id='word_1_39' title='bbox 1811 760 2149 832; x_wconf 78' lang='lat' dir='ltr'><strong>ignominiis,</strong></span> 
     </span>
    </p>
   </div>
   <div class='ocr_carea' id='block_1_7' title="bbox 559 847 2146 924">
    <p class='ocr_par' dir='ltr' id='par_1_7' title="bbox 559 847 2146 924">
     <span class='ocr_line' id='line_1_7' title="bbox 559 847 2146 924; baseline 0.006 -22"><span class='ocrx_word' id='word_1_40' title='bbox 559 847 824 904; x_wconf 70' lang='lat' dir='ltr'><strong>aerumnis</strong></span> <span class='ocrx_word' id='word_1_41' title='bbox 855 850 1177 918; x_wconf 80' lang='lat' dir='ltr'><strong>gloriantes,</strong></span> <span class='ocrx_word' id='word_1_42' title='bbox 1208 852 1458 922; x_wconf 86' lang='lat' dir='ltr'><strong>sociique</strong></span> <span class='ocrx_word' id='word_1_43' title='bbox 1481 853 1534 908; x_wconf 90' lang='lat' dir='ltr'><strong>ei</strong></span> <span class='ocrx_word' id='word_1_44' title='bbox 1563 853 1886 924; x_wconf 87' lang='lat' dir='ltr'><strong>passionum</strong></span> <span class='ocrx_word' id='word_1_45' title='bbox 1917 870 1983 911; x_wconf 88' lang='lat' dir='ltr'><strong>ac</strong></span> <span class='ocrx_word' id='word_1_46' title='bbox 2011 871 2146 919; x_wconf 82' lang='lat' dir='ltr'><strong>cru-</strong></span> 
     </span>
    </p>
   </div>
   <div class='ocr_carea' id='block_1_8' title="bbox 561 936 2152 1003">
    <p class='ocr_par' dir='ltr' id='par_1_8' title="bbox 561 936 2152 1003">
     <span class='ocr_line' id='line_1_8' title="bbox 561 936 2152 1003; baseline 0.005 -11"><span class='ocrx_word' id='word_1_47' title='bbox 561 937 644 992; x_wconf 87' lang='lat' dir='ltr'><strong>cis</strong></span> <span class='ocrx_word' id='word_1_48' title='bbox 670 936 878 1003; x_wconf 81' lang='lat' dir='ltr'><strong>effecti,</strong></span> <span class='ocrx_word' id='word_1_49' title='bbox 917 939 974 993; x_wconf 91' lang='lat' dir='ltr'><strong>in</strong></span> <span class='ocrx_word' id='word_1_50' title='bbox 1002 940 1133 995; x_wconf 81' lang='lat' dir='ltr'><strong>vitae</strong></span> <span class='ocrx_word' id='word_1_51' title='bbox 1168 941 1472 997; x_wconf 82' lang='lat' dir='ltr'><strong>novitatem</strong></span> <span class='ocrx_word' id='word_1_52' title='bbox 1501 957 1633 998; x_wconf 91' lang='lat' dir='ltr'><strong>cum</strong></span> <span class='ocrx_word' id='word_1_53' title='bbox 1665 957 1735 998; x_wconf 90' lang='lat' dir='ltr'><strong>eo</strong></span> <span class='ocrx_word' id='word_1_54' title='bbox 1768 951 2152 1000; x_wconf 81' lang='lat' dir='ltr'><strong>surrexerunt.</strong></span> 
     </span>
    </p>
   </div>
   <div class='ocr_carea' id='block_1_9' title="bbox 559 1029 2156 1102">
    <p class='ocr_par' dir='ltr' id='par_1_9' title="bbox 559 1029 2156 1102">
     <span class='ocr_line' id='line_1_9' title="bbox 559 1029 2156 1102; baseline 0.007 -19"><span class='ocrx_word' id='word_1_55' title='bbox 559 1029 642 1084; x_wconf 84' lang='lat' dir='ltr'><strong>Ac</strong></span> <span class='ocrx_word' id='word_1_56' title='bbox 675 1029 823 1084; x_wconf 88' lang='lat' dir='ltr'><strong>sicut</strong></span> <span class='ocrx_word' id='word_1_57' title='bbox 850 1030 950 1086; x_wconf 89' lang='lat' dir='ltr'><strong>Dei</strong></span> <span class='ocrx_word' id='word_1_58' title='bbox 982 1031 1152 1087; x_wconf 84' lang='lat' dir='ltr'><strong>Verbi</strong></span> <span class='ocrx_word' id='word_1_59' title='bbox 1187 1047 1288 1102; x_wconf 90' lang='lat' dir='ltr'><strong>per</strong></span> <span class='ocrx_word' id='word_1_60' title='bbox 1311 1032 1665 1089; x_wconf 89' lang='lat' dir='ltr'><strong>dilectionem</strong></span> <span class='ocrx_word' id='word_1_61' title='bbox 1691 1049 1756 1090; x_wconf 91' lang='lat' dir='ltr'><strong>ac</strong></span> <span class='ocrx_word' id='word_1_62' title='bbox 1795 1033 1962 1090; x_wconf 85' lang='lat' dir='ltr'><strong>fidem</strong></span> <span class='ocrx_word' id='word_1_63' title='bbox 1987 1035 2068 1092; x_wconf 88' lang='lat' dir='ltr'><strong>sic</strong></span> <span class='ocrx_word' id='word_1_64' title='bbox 2097 1045 2156 1094; x_wconf 88' lang='lat' dir='ltr'><strong>et</strong></span> 
     </span>
    </p>
   </div>
   <div class='ocr_carea' id='block_1_10' title="bbox 561 1118 2155 1194">
    <p class='ocr_par' dir='ltr' id='par_1_10' title="bbox 561 1118 2155 1194">
     <span class='ocr_line' id='line_1_10' title="bbox 561 1118 2155 1194; baseline 0.004 -18"><span class='ocrx_word' id='word_1_65' title='bbox 561 1118 804 1190; x_wconf 87' lang='lat' dir='ltr'><strong>Spiritus</strong></span> <span class='ocrx_word' id='word_1_66' title='bbox 836 1120 964 1176; x_wconf 69' lang='lat' dir='ltr'><strong>vita:</strong></span> <span class='ocrx_word' id='word_1_67' title='bbox 986 1122 1107 1192; x_wconf 89' lang='lat' dir='ltr'><strong>pari</strong></span> <span class='ocrx_word' id='word_1_68' title='bbox 1137 1137 1331 1178; x_wconf 89' lang='lat' dir='ltr'><strong>omnes</strong></span> <span class='ocrx_word' id='word_1_69' title='bbox 1357 1124 1671 1194; x_wconf 59' lang='lat' dir='ltr'><strong>prastantia</strong></span> <span class='ocrx_word' id='word_1_70' title='bbox 1706 1137 1996 1183; x_wconf 89' lang='lat' dir='ltr'><strong>consortes</strong></span> <span class='ocrx_word' id='word_1_71' title='bbox 2023 1144 2155 1183; x_wconf 88' lang='lat' dir='ltr'><strong>eva-</strong></span> 
     </span>
    </p>
   </div>
   <div class='ocr_carea' id='block_1_11' title="bbox 563 1211 2155 1288">
    <p class='ocr_par' dir='ltr' id='par_1_11' title="bbox 563 1211 2155 1288">
     <span class='ocr_line' id='line_1_11' title="bbox 563 1211 2155 1288; baseline 0.006 -22"><span class='ocrx_word' id='word_1_72' title='bbox 563 1220 763 1267; x_wconf 86' lang='lat' dir='ltr'><strong>serunt</strong></span> <span class='ocrx_word' id='word_1_73' title='bbox 791 1211 878 1280; x_wconf 76' lang='lat'><strong>°°;</strong></span> <span class='ocrx_word' id='word_1_74' title='bbox 913 1215 1114 1284; x_wconf 85' lang='lat' dir='ltr'><strong>partim</strong></span> <span class='ocrx_word' id='word_1_75' title='bbox 1155 1215 1403 1286; x_wconf 90' lang='lat' dir='ltr'><strong>quidem,</strong></span> <span class='ocrx_word' id='word_1_76' title='bbox 1438 1224 1565 1271; x_wconf 87' lang='lat' dir='ltr'><strong>ante</strong></span> <span class='ocrx_word' id='word_1_77' title='bbox 1592 1217 1939 1288; x_wconf 85' lang='lat' dir='ltr'><strong>passionem;</strong></span> <span class='ocrx_word' id='word_1_78' title='bbox 1970 1219 2155 1276; x_wconf 74' lang='lat' dir='ltr'><strong>enica-</strong></span> 
     </span>
    </p>
   </div>
   <div class='ocr_carea' id='block_1_12' title="bbox 560 1305 2157 1377">
    <p class='ocr_par' dir='ltr' id='par_1_12' title="bbox 560 1305 2157 1377">
     <span class='ocr_line' id='line_1_12' title="bbox 560 1305 2157 1377; baseline 0.004 -17"><span class='ocrx_word' id='word_1_79' title='bbox 560 1305 687 1360; x_wconf 88' lang='lat' dir='ltr'><strong>cius</strong></span> <span class='ocrx_word' id='word_1_80' title='bbox 721 1320 876 1370; x_wconf 89' lang='lat' dir='ltr'><strong>vero,</strong></span> <span class='ocrx_word' id='word_1_81' title='bbox 910 1314 1035 1376; x_wconf 90' lang='lat' dir='ltr'><strong>post</strong></span> <span class='ocrx_word' id='word_1_82' title='bbox 1072 1306 1384 1377; x_wconf 87' lang='lat' dir='ltr'><strong>passionem</strong></span> <span class='ocrx_word' id='word_1_83' title='bbox 1421 1321 1487 1362; x_wconf 86' lang='lat' dir='ltr'><strong>ac</strong></span> <span class='ocrx_word' id='word_1_84' title='bbox 1532 1311 2035 1377; x_wconf 88' lang='lat' dir='ltr'><strong>resurrectionem;</strong></span> <span class='ocrx_word' id='word_1_85' title='bbox 2068 1312 2157 1366; x_wconf 88' lang='lat' dir='ltr'><strong>di-</strong></span> 
     </span>
    </p>
   </div>
   <div class='ocr_carea' id='block_1_13' title="bbox 559 1397 2156 1475">
    <p class='ocr_par' dir='ltr' id='par_1_13' title="bbox 559 1397 2156 1475">
     <span class='ocr_line' id='line_1_13' title="bbox 559 1397 2156 1475; baseline 0.007 -25"><span class='ocrx_word' id='word_1_86' title='bbox 559 1397 766 1459; x_wconf 86' lang='lat' dir='ltr'><strong>vinius.</strong></span> <span class='ocrx_word' id='word_1_87' title='bbox 791 1398 1015 1454; x_wconf 85' lang='lat' dir='ltr'><strong>Christo</strong></span> <span class='ocrx_word' id='word_1_88' title='bbox 1031 1399 1143 1466; x_wconf 84' lang='lat' dir='ltr'><strong>jam</strong></span> <span class='ocrx_word' id='word_1_89' title='bbox 1175 1399 1240 1453; x_wconf 91' lang='lat' dir='ltr'><strong>in</strong></span> <span class='ocrx_word' id='word_1_90' title='bbox 1271 1401 1440 1455; x_wconf 73' lang='lat' dir='ltr'><strong>ccelos</strong></span> <span class='ocrx_word' id='word_1_91' title='bbox 1467 1409 1696 1471; x_wconf 92' lang='lat' dir='ltr'><strong>recepto</strong></span> <span class='ocrx_word' id='word_1_92' title='bbox 1721 1403 2156 1475; x_wconf 81' lang='lat' dir='ltr'><strong>perfectiusque,</strong></span> 
     </span>
    </p>
   </div>
   <div class='ocr_carea' id='block_1_14' title="bbox 558 1489 2160 1560">
    <p class='ocr_par' dir='ltr' id='par_1_14' title="bbox 558 1489 2160 1560">
     <span class='ocr_line' id='line_1_14' title="bbox 558 1489 2160 1560; baseline 0.007 -16"><span class='ocrx_word' id='word_1_93' title='bbox 558 1489 779 1544; x_wconf 88' lang='lat' dir='ltr'><strong>cunctis</strong></span> <span class='ocrx_word' id='word_1_94' title='bbox 813 1491 1038 1560; x_wconf 88' lang='lat' dir='ltr'><strong>perinde</strong></span> <span class='ocrx_word' id='word_1_95' title='bbox 1076 1505 1108 1545; x_wconf 92' lang='lat' dir='ltr'><strong>e</strong></span> <span class='ocrx_word' id='word_1_96' title='bbox 1143 1491 1286 1546; x_wconf 71' lang='lat' dir='ltr'><strong>caalo</strong></span> <span class='ocrx_word' id='word_1_97' title='bbox 1318 1491 1373 1546; x_wconf 92' lang='lat' dir='ltr'><strong>in</strong></span> <span class='ocrx_word' id='word_1_98' title='bbox 1430 1507 1568 1547; x_wconf 92' lang='lat' dir='ltr'><strong>sono</strong></span> <span class='ocrx_word' id='word_1_99' title='bbox 1609 1501 1784 1549; x_wconf 88' lang='lat' dir='ltr'><strong>status</strong></span> <span class='ocrx_word' id='word_1_100' title='bbox 1812 1495 2160 1555; x_wconf 87' lang='lat' dir='ltr'><strong>vehementis</strong></span> 
     </span>
    </p>
   </div>
   <div class='ocr_carea' id='block_1_15' title="bbox 561 1579 2160 1656">
    <p class='ocr_par' dir='ltr' id='par_1_15' title="bbox 561 1579 2160 1656">
     <span class='ocr_line' id='line_1_15' title="bbox 561 1579 2160 1656; baseline 0.006 -22"><span class='ocrx_word' id='word_1_101' title='bbox 561 1579 823 1634; x_wconf 89' lang='lat' dir='ltr'><strong>illabente</strong></span> <span class='ocrx_word' id='word_1_102' title='bbox 863 1580 1214 1636; x_wconf 86' lang='lat' dir='ltr'><strong>divinissimo</strong></span> <span class='ocrx_word' id='word_1_103' title='bbox 1245 1580 1561 1647; x_wconf 88' lang='lat' dir='ltr'><strong>Paracleto,</strong></span> <span class='ocrx_word' id='word_1_104' title='bbox 1589 1582 1660 1637; x_wconf 89' lang='lat' dir='ltr'><strong>ad</strong></span> <span class='ocrx_word' id='word_1_105' title='bbox 1695 1585 1945 1656; x_wconf 86' lang='lat' dir='ltr'><strong>singulos</strong></span> <span class='ocrx_word' id='word_1_106' title='bbox 1965 1603 2160 1643; x_wconf 89' lang='lat' dir='ltr'><strong>eorum</strong></span> 
     </span>
    </p>
   </div>
   <div class='ocr_carea' id='block_1_16' title="bbox 558 1670 2164 1746">
    <p class='ocr_par' dir='ltr' id='par_1_16' title="bbox 558 1670 2164 1746">
     <span class='ocr_line' id='line_1_16' title="bbox 558 1670 2164 1746; baseline 0.009 -24"><span class='ocrx_word' id='word_1_107' title='bbox 558 1670 929 1739; x_wconf 87' lang='lat' dir='ltr'><strong>adimplente;</strong></span> <span class='ocrx_word' id='word_1_108' title='bbox 961 1681 1242 1744; x_wconf 86' lang='lat' dir='ltr'><strong>testesque</strong></span> <span class='ocrx_word' id='word_1_109' title='bbox 1277 1672 1621 1739; x_wconf 89' lang='lat' dir='ltr'><strong>auditorum,</strong></span> <span class='ocrx_word' id='word_1_110' title='bbox 1657 1684 1824 1746; x_wconf 89' lang='lat' dir='ltr'><strong>atque</strong></span> <span class='ocrx_word' id='word_1_111' title='bbox 1842 1678 1996 1734; x_wconf 71' lang='lat' dir='ltr'><strong>Ianos</strong></span> <span class='ocrx_word' id='word_1_112' title='bbox 2020 1695 2164 1737; x_wconf 89' lang='lat' dir='ltr'><strong>nun-</strong></span> 
     </span>
    </p>
   </div>
   <div class='ocr_carea' id='block_1_17' title="bbox 561 1760 2161 1831">
    <p class='ocr_par' dir='ltr' id='par_1_17' title="bbox 561 1760 2161 1831">
     <span class='ocr_line' id='line_1_17' title="bbox 561 1760 2161 1831; baseline 0.009 -17"><span class='ocrx_word' id='word_1_113' title='bbox 561 1760 668 1816; x_wconf 89' lang='lat' dir='ltr'><strong>tios</strong></span> <span class='ocrx_word' id='word_1_114' title='bbox 705 1776 770 1815; x_wconf 89' lang='lat' dir='ltr'><strong>ac</strong></span> <span class='ocrx_word' id='word_1_115' title='bbox 805 1777 1086 1831; x_wconf 69' lang='lat' dir='ltr'><strong>praecones</strong></span> <span class='ocrx_word' id='word_1_116' title='bbox 1115 1764 1173 1824; x_wconf 89' lang='lat' dir='ltr'><strong>in</strong></span> <span class='ocrx_word' id='word_1_117' title='bbox 1206 1766 1527 1820; x_wconf 86' lang='lat' dir='ltr'><strong>universam</strong></span> <span class='ocrx_word' id='word_1_118' title='bbox 1563 1776 1764 1823; x_wconf 86' lang='lat' dir='ltr'><strong>terram</strong></span> <span class='ocrx_word' id='word_1_119' title='bbox 1804 1769 1928 1826; x_wconf 92' lang='lat' dir='ltr'><strong>illos</strong></span> <span class='ocrx_word' id='word_1_120' title='bbox 1953 1774 2161 1828; x_wconf 89' lang='lat' dir='ltr'><strong>consti-</strong></span> 
     </span>
    </p>
   </div>
   <div class='ocr_carea' id='block_1_18' title="bbox 560 1853 878 1911">
    <p class='ocr_par' dir='ltr' id='par_1_18' title="bbox 560 1853 878 1911">
     <span class='ocr_line' id='line_1_18' title="bbox 560 1853 878 1911; baseline 0.006 -2"><span class='ocrx_word' id='word_1_121' title='bbox 560 1863 781 1909; x_wconf 87' lang='lat' dir='ltr'><strong>tuentes</strong></span> <span class='ocrx_word' id='word_1_122' title='bbox 810 1853 878 1911; x_wconf 83' lang='grc'><strong>⁸³.</strong></span> 
     </span>
    </p>
   </div>
   <div class='ocr_carea' id='block_1_19' title="bbox 633 1944 2159 2025">
    <p class='ocr_par' dir='ltr' id='par_1_19' title="bbox 633 1944 2159 2025">
     <span class='ocr_line' id='line_1_19' title="bbox 633 1944 2159 2025; baseline 0.01 -26"><span class='ocrx_word' id='word_1_123' title='bbox 633 1944 950 2001; x_wconf 86' lang='lat' dir='ltr'><strong>Secundum</strong></span> <span class='ocrx_word' id='word_1_124' title='bbox 968 1948 1086 2005; x_wconf 69' lang='lat' dir='ltr'><strong>hazc</strong></span> <span class='ocrx_word' id='word_1_125' title='bbox 1117 1949 1290 2020; x_wconf 78' lang='lat' dir='ltr'><strong>igitur</strong></span> <span class='ocrx_word' id='word_1_126' title='bbox 1314 1950 1553 2008; x_wconf 85' lang='lat' dir='ltr'><strong>alterum</strong></span> <span class='ocrx_word' id='word_1_127' title='bbox 1575 1953 1732 2010; x_wconf 87' lang='lat' dir='ltr'><strong>alteri</strong></span> <span class='ocrx_word' id='word_1_128' title='bbox 1758 1954 2018 2025; x_wconf 75' lang='lat' dir='ltr'><strong>praeferre</strong></span> <span class='ocrx_word' id='word_1_129' title='bbox 2048 1973 2159 2014; x_wconf 91' lang='lat' dir='ltr'><strong>non</strong></span> 
     </span>
    </p>
   </div>
   <div class='ocr_carea' id='block_1_20' title="bbox 558 2037 2159 2117">
    <p class='ocr_par' dir='ltr' id='par_1_20' title="bbox 558 2037 2159 2117">
     <span class='ocr_line' id='line_1_20' title="bbox 558 2037 2159 2117; baseline 0.01 -25"><span class='ocrx_word' id='word_1_130' title='bbox 558 2037 710 2101; x_wconf 91' lang='lat' dir='ltr'><strong>licet,</strong></span> <span class='ocrx_word' id='word_1_131' title='bbox 737 2053 802 2093; x_wconf 80' lang='lat' dir='ltr'><strong>ex</strong></span> <span class='ocrx_word' id='word_1_132' title='bbox 825 2039 956 2104; x_wconf 88' lang='lat' dir='ltr'><strong>illis,</strong></span> <span class='ocrx_word' id='word_1_133' title='bbox 982 2041 1078 2110; x_wconf 91' lang='lat' dir='ltr'><strong>qui</strong></span> <span class='ocrx_word' id='word_1_134' title='bbox 1130 2041 1305 2097; x_wconf 91' lang='lat' dir='ltr'><strong>Deum</strong></span> <span class='ocrx_word' id='word_1_135' title='bbox 1359 2043 1640 2113; x_wconf 91' lang='lat' dir='ltr'><strong>viderunt,</strong></span> <span class='ocrx_word' id='word_1_136' title='bbox 1671 2046 1901 2117; x_wconf 87' lang='lat' dir='ltr'><strong>ejusque</strong></span> <span class='ocrx_word' id='word_1_137' title='bbox 1928 2048 2159 2108; x_wconf 86' lang='lat' dir='ltr'><strong>familia-</strong></span> 
     </span>
    </p>
   </div>
   <div class='ocr_carea' id='block_1_21' title="bbox 557 2128 2160 2214">
    <p class='ocr_par' dir='ltr' id='par_1_21' title="bbox 557 2128 2160 2214">
     <span class='ocr_line' id='line_1_21' title="bbox 557 2128 2160 2214; baseline 0.012 -33"><span class='ocrx_word' id='word_1_138' title='bbox 557 2128 680 2183; x_wconf 81' lang='lat' dir='ltr'><strong>rius</strong></span> <span class='ocrx_word' id='word_1_139' title='bbox 694 2133 775 2185; x_wconf 89' lang='lat' dir='ltr'><strong>nsi</strong></span> <span class='ocrx_word' id='word_1_140' title='bbox 790 2134 1198 2190; x_wconf 87' lang='lat' dir='ltr'><strong>necessitudine</strong></span> <span class='ocrx_word' id='word_1_141' title='bbox 1218 2145 1375 2191; x_wconf 91' lang='lat' dir='ltr'><strong>sunt:</strong></span> <span class='ocrx_word' id='word_1_142' title='bbox 1392 2138 1609 2194; x_wconf 90' lang='lat' dir='ltr'><strong>cunctis</strong></span> <span class='ocrx_word' id='word_1_143' title='bbox 1629 2139 1840 2196; x_wconf 87' lang='lat' dir='ltr'><strong>scilicet</strong></span> <span class='ocrx_word' id='word_1_144' title='bbox 1857 2142 2006 2198; x_wconf 87' lang='lat' dir='ltr'><strong>velut</strong></span> <span class='ocrx_word' id='word_1_145' title='bbox 2019 2159 2160 2214; x_wconf 81' lang='lat' dir='ltr'><strong>prae-</strong></span> 
     </span>
    </p>
   </div>
   <div class='ocr_carea' id='block_1_22' title="bbox 559 2221 2159 2304">
    <p class='ocr_par' dir='ltr' id='par_1_22' title="bbox 559 2221 2159 2304">
     <span class='ocr_line' id='line_1_22' title="bbox 559 2221 2159 2304; baseline 0.011 -31"><span class='ocrx_word' id='word_1_146' title='bbox 559 2221 915 2279; x_wconf 89' lang='lat' dir='ltr'><strong>stantissimis</strong></span> <span class='ocrx_word' id='word_1_147' title='bbox 943 2227 1259 2296; x_wconf 88' lang='lat' dir='ltr'><strong>margaritis</strong></span> <span class='ocrx_word' id='word_1_148' title='bbox 1286 2244 1396 2284; x_wconf 91' lang='lat' dir='ltr'><strong>una</strong></span> <span class='ocrx_word' id='word_1_149' title='bbox 1443 2230 1712 2289; x_wconf 84' lang='lat' dir='ltr'><strong>absolutis</strong></span> <span class='ocrx_word' id='word_1_150' title='bbox 1736 2234 1942 2304; x_wconf 88' lang='lat' dir='ltr'><strong>gratia;</strong></span> <span class='ocrx_word' id='word_1_151' title='bbox 1975 2237 2159 2292; x_wconf 90' lang='lat' dir='ltr'><strong>velut—</strong></span> 
     </span>
    </p>
   </div>
   <div class='ocr_carea' id='block_1_23' title="bbox 561 2314 2155 2389">
    <p class='ocr_par' dir='ltr' id='par_1_23' title="bbox 561 2314 2155 2389">
     <span class='ocr_line' id='line_1_23' title="bbox 561 2314 2155 2389; baseline 0.011 -24"><span class='ocrx_word' id='word_1_152' title='bbox 561 2328 674 2380; x_wconf 88' lang='lat' dir='ltr'><strong>que</strong></span> <span class='ocrx_word' id='word_1_153' title='bbox 710 2314 972 2384; x_wconf 85' lang='lat' dir='ltr'><strong>pretiosis</strong></span> <span class='ocrx_word' id='word_1_154' title='bbox 1022 2316 1228 2387; x_wconf 88' lang='lat' dir='ltr'><strong>lapillis</strong></span> <span class='ocrx_word' id='word_1_155' title='bbox 1260 2318 1381 2389; x_wconf 91' lang='lat' dir='ltr'><strong>pari</strong></span> <span class='ocrx_word' id='word_1_156' title='bbox 1411 2320 1564 2375; x_wconf 88' lang='lat' dir='ltr'><strong>cultu</strong></span> <span class='ocrx_word' id='word_1_157' title='bbox 1593 2322 1662 2377; x_wconf 90' lang='lat' dir='ltr'><strong>ad</strong></span> <span class='ocrx_word' id='word_1_158' title='bbox 1695 2323 1955 2379; x_wconf 77' lang='lat' dir='ltr'><strong>eximiam</strong></span> <span class='ocrx_word' id='word_1_159' title='bbox 1988 2342 2155 2383; x_wconf 90' lang='lat' dir='ltr'><strong>unam</strong></span> 
     </span>
    </p>
   </div>
   <div class='ocr_carea' id='block_1_24' title="bbox 562 2403 2152 2482">
    <p class='ocr_par' dir='ltr' id='par_1_24' title="bbox 562 2403 2152 2482">
     <span class='ocr_line' id='line_1_24' title="bbox 562 2403 2152 2482; baseline 0.013 -25"><span class='ocrx_word' id='word_1_160' title='bbox 562 2403 695 2476; x_wconf 79' lang='lat' dir='ltr'><strong>Regi</strong></span> <span class='ocrx_word' id='word_1_161' title='bbox 719 2407 984 2462; x_wconf 81' lang='lat' dir='ltr'><strong>caelorum</strong></span> <span class='ocrx_word' id='word_1_162' title='bbox 1005 2423 1268 2466; x_wconf 87' lang='lat' dir='ltr'><strong>coronam</strong></span> <span class='ocrx_word' id='word_1_163' title='bbox 1290 2412 1479 2482; x_wconf 66' lang='lat' dir='ltr'><strong>gloria:</strong></span> <span class='ocrx_word' id='word_1_164' title='bbox 1512 2414 1900 2472; x_wconf 89' lang='lat' dir='ltr'><strong>instruendam</strong></span> <span class='ocrx_word' id='word_1_165' title='bbox 1921 2428 2152 2476; x_wconf 91' lang='lat' dir='ltr'><strong>contex-</strong></span> 
     </span>
    </p>
   </div>
   <div class='ocr_carea' id='block_1_25' title="bbox 559 2496 2154 2582">
    <p class='ocr_par' dir='ltr' id='par_1_25' title="bbox 559 2496 2154 2582">
     <span class='ocr_line' id='line_1_25' title="bbox 559 2496 2154 2582; baseline 0.011 -32"><span class='ocrx_word' id='word_1_166' title='bbox 559 2496 653 2551; x_wconf 89' lang='lat' dir='ltr'><strong>tis.</strong></span> <span class='ocrx_word' id='word_1_167' title='bbox 705 2497 1001 2568; x_wconf 86' lang='lat' dir='ltr'><strong>Postquam</strong></span> <span class='ocrx_word' id='word_1_168' title='bbox 1049 2517 1182 2557; x_wconf 88' lang='lat' dir='ltr'><strong>vero</strong></span> <span class='ocrx_word' id='word_1_169' title='bbox 1213 2518 1406 2560; x_wconf 89' lang='lat' dir='ltr'><strong>omnes</strong></span> <span class='ocrx_word' id='word_1_170' title='bbox 1436 2507 1670 2576; x_wconf 90' lang='lat' dir='ltr'><strong>pariter,</strong></span> <span class='ocrx_word' id='word_1_171' title='bbox 1725 2510 1874 2565; x_wconf 88' lang='lat' dir='ltr'><strong>velut</strong></span> <span class='ocrx_word' id='word_1_172' title='bbox 1921 2513 2154 2582; x_wconf 79' lang='lat' dir='ltr'><strong>perfecti</strong></span> 
     </span>
    </p>
   </div>
   <div class='ocr_carea' id='block_1_26' title="bbox 556 2589 2156 2678">
    <p class='ocr_par' dir='ltr' id='par_1_26' title="bbox 556 2589 2156 2678">
     <span class='ocr_line' id='line_1_26' title="bbox 556 2589 2156 2678; baseline 0.014 -36"><span class='ocrx_word' id='word_1_173' title='bbox 556 2589 783 2678; x_wconf 83' lang='lat' dir='ltr'><strong>arietes,</strong></span> <span class='ocrx_word' id='word_1_174' title='bbox 814 2591 1089 2663; x_wconf 90' lang='lat' dir='ltr'><strong>Principis</strong></span> <span class='ocrx_word' id='word_1_175' title='bbox 1125 2603 1414 2666; x_wconf 89' lang='lat' dir='ltr'><strong>pastorum</strong></span> <span class='ocrx_word' id='word_1_176' title='bbox 1441 2599 1640 2655; x_wconf 88' lang='lat' dir='ltr'><strong>ovibus</strong></span> <span class='ocrx_word' id='word_1_177' title='bbox 1663 2601 1778 2658; x_wconf 90' lang='lat' dir='ltr'><strong>dati</strong></span> <span class='ocrx_word' id='word_1_178' title='bbox 1799 2603 1970 2661; x_wconf 90' lang='lat' dir='ltr'><strong>duces</strong></span> <span class='ocrx_word' id='word_1_179' title='bbox 2000 2608 2156 2678; x_wconf 84' lang='lat' dir='ltr'><strong>juxta</strong></span> 
     </span>
    </p>
   </div>
   <div class='ocr_carea' id='block_1_27' title="bbox 558 2676 2151 2767">
    <p class='ocr_par' dir='ltr' id='par_1_27' title="bbox 558 2676 2151 2767">
     <span class='ocr_line' id='line_1_27' title="bbox 558 2676 2151 2767; baseline 0.013 -33"><span class='ocrx_word' id='word_1_180' title='bbox 558 2676 810 2737; x_wconf 89' lang='lat' dir='ltr'><strong>divinum</strong></span> <span class='ocrx_word' id='word_1_181' title='bbox 861 2686 1146 2742; x_wconf 90' lang='lat' dir='ltr'><strong>oraculum</strong></span> <span class='ocrx_word' id='word_1_182' title='bbox 1194 2687 1462 2759; x_wconf 88' lang='lat' dir='ltr'><strong>Spiritum</strong></span> <span class='ocrx_word' id='word_1_183' title='bbox 1513 2702 1767 2750; x_wconf 89' lang='lat' dir='ltr'><strong>sanctum</strong></span> <span class='ocrx_word' id='word_1_184' title='bbox 1832 2676 2151 2767; x_wconf 79' lang='lat' dir='ltr'><strong>induerant,</strong></span> 
     </span>
    </p>
   </div>
   <div class='ocr_carea' id='block_1_28' title="bbox 560 2774 2149 2860">
    <p class='ocr_par' dir='ltr' id='par_1_28' title="bbox 560 2774 2149 2860">
     <span class='ocr_line' id='line_1_28' title="bbox 560 2774 2149 2860; baseline 0.012 -30"><span class='ocrx_word' id='word_1_185' title='bbox 560 2774 691 2830; x_wconf 88' lang='lat' dir='ltr'><strong>inde</strong></span> <span class='ocrx_word' id='word_1_186' title='bbox 722 2777 866 2832; x_wconf 91' lang='lat' dir='ltr'><strong>alius</strong></span> <span class='ocrx_word' id='word_1_187' title='bbox 897 2779 1061 2834; x_wconf 89' lang='lat' dir='ltr'><strong>aliam</strong></span> <span class='ocrx_word' id='word_1_188' title='bbox 1089 2781 1244 2837; x_wconf 91' lang='lat' dir='ltr'><strong>orbis</strong></span> <span class='ocrx_word' id='word_1_189' title='bbox 1276 2789 1555 2839; x_wconf 87' lang='lat' dir='ltr'><strong>terrarum</strong></span> <span class='ocrx_word' id='word_1_190' title='bbox 1583 2794 1794 2856; x_wconf 88' lang='lat' dir='ltr'><strong>partem</strong></span> <span class='ocrx_word' id='word_1_191' title='bbox 1832 2791 2149 2860; x_wconf 89' lang='lat' dir='ltr'><strong>sortientes,</strong></span> 
     </span>
    </p>
   </div>
   <div class='ocr_carea' id='block_1_29' title="bbox 557 2865 2152 2954">
    <p class='ocr_par' dir='ltr' id='par_1_29' title="bbox 557 2865 2152 2954">
     <span class='ocr_line' id='line_1_29' title="bbox 557 2865 2152 2954; baseline 0.013 -36"><span class='ocrx_word' id='word_1_192' title='bbox 557 2865 630 2919; x_wconf 88' lang='lat' dir='ltr'><strong>ad</strong></span> <span class='ocrx_word' id='word_1_193' title='bbox 657 2869 942 2937; x_wconf 88' lang='lat' dir='ltr'><strong>propriam</strong></span> <span class='ocrx_word' id='word_1_194' title='bbox 983 2873 1326 2941; x_wconf 86' lang='lat' dir='ltr'><strong>apostolatus</strong></span> <span class='ocrx_word' id='word_1_195' title='bbox 1354 2885 1585 2945; x_wconf 87' lang='lat' dir='ltr'><strong>sortem,</strong></span> <span class='ocrx_word' id='word_1_196' title='bbox 1607 2893 1831 2949; x_wconf 88' lang='lat' dir='ltr'><strong>operam</strong></span> <span class='ocrx_word' id='word_1_197' title='bbox 1852 2880 2152 2954; x_wconf 81' lang='lat' dir='ltr'><strong>Evangelia</strong></span> 
     </span>
    </p>
   </div>
   <div class='ocr_carea' id='block_1_30' title="bbox 557 2961 1192 3020">
    <p class='ocr_par' dir='ltr' id='par_1_30' title="bbox 557 2961 1192 3020">
     <span class='ocr_line' id='line_1_30' title="bbox 557 2961 1192 3020; baseline 0.013 -8"><span class='ocrx_word' id='word_1_198' title='bbox 557 2961 814 3015; x_wconf 87' lang='lat' dir='ltr'><strong>navaturi</strong></span> <span class='ocrx_word' id='word_1_199' title='bbox 845 2962 1102 3020; x_wconf 85' lang='lat' dir='ltr'><strong>exierunt</strong></span> <span class='ocrx_word' id='word_1_200' title='bbox 1124 2965 1192 3019; x_wconf 82' lang='grc'><strong>³³.</strong></span> 
     </span>
    </p>
   </div>
   <div class='ocr_carea' id='block_1_31' title="bbox 629 3048 2144 3135">
    <p class='ocr_par' dir='ltr' id='par_1_31' title="bbox 629 3048 2144 3135">
     <span class='ocr_line' id='line_1_31' title="bbox 629 3048 2144 3135; baseline 0.013 -30"><span class='ocrx_word' id='word_1_201' title='bbox 629 3048 711 3105; x_wconf 86' lang='grc' dir='ltr'>Τιι</span> <span class='ocrx_word' id='word_1_202' title='bbox 741 3067 874 3108; x_wconf 90' lang='lat' dir='ltr'><strong>vero</strong></span> <span class='ocrx_word' id='word_1_203' title='bbox 898 3056 1048 3110; x_wconf 90' lang='lat' dir='ltr'><strong>omni</strong></span> <span class='ocrx_word' id='word_1_204' title='bbox 1073 3055 1211 3112; x_wconf 89' lang='lat' dir='ltr'><strong>mibi</strong></span> <span class='ocrx_word' id='word_1_205' title='bbox 1236 3061 1599 3117; x_wconf 87' lang='lat' dir='ltr'><strong>veneratione</strong></span> <span class='ocrx_word' id='word_1_206' title='bbox 1620 3065 2010 3135; x_wconf 84' lang='lat' dir='ltr'><strong>prosequende</strong></span> <span class='ocrx_word' id='word_1_207' title='bbox 2027 3065 2144 3123; x_wconf 84' lang='lat' dir='ltr'><strong>An-</strong></span> 
     </span>
    </p>
   </div>
   <div class='ocr_carea' id='block_1_32' title="bbox 557 3141 2145 3231">
    <p class='ocr_par' dir='ltr' id='par_1_32' title="bbox 557 3141 2145 3231">
     <span class='ocr_line' id='line_1_32' title="bbox 557 3141 2145 3231; baseline 0.012 -35"><span class='ocrx_word' id='word_1_208' title='bbox 557 3141 717 3210; x_wconf 88' lang='lat' dir='ltr'><strong>drea,</strong></span> <span class='ocrx_word' id='word_1_209' title='bbox 753 3161 844 3202; x_wconf 89' lang='lat' dir='ltr'><strong>res</strong></span> <span class='ocrx_word' id='word_1_210' title='bbox 877 3147 991 3204; x_wconf 88' lang='lat' dir='ltr'><strong>Deo</strong></span> <span class='ocrx_word' id='word_1_211' title='bbox 1020 3148 1208 3221; x_wconf 90' lang='lat' dir='ltr'><strong>digna,</strong></span> <span class='ocrx_word' id='word_1_212' title='bbox 1245 3167 1389 3209; x_wconf 67' lang='lat' dir='ltr'><strong>verae</strong></span> <span class='ocrx_word' id='word_1_213' title='bbox 1420 3153 1774 3212; x_wconf 85' lang='lat' dir='ltr'><strong>fortitudinis</strong></span> <span class='ocrx_word' id='word_1_214' title='bbox 1805 3161 2145 3231; x_wconf 91' lang='lat' dir='ltr'><strong>exemplum,</strong></span> 
     </span>
    </p>
   </div>
   <div class='ocr_carea' id='block_1_33' title="bbox 2255 573 3839 646">
    <p class='ocr_par' dir='ltr' id='par_1_33' title="bbox 2255 573 3839 646">
     <span class='ocr_line' id='line_1_33' title="bbox 2255 573 3839 646; baseline -0.001 -16"><span class='ocrx_word' id='word_1_215' title='bbox 2255 593 2363 639; x_wconf 85' lang='grc' dir='ltr'><strong>τως</strong></span> <span class='ocrx_word' id='word_1_216' title='bbox 2399 576 2511 629; x_wconf 80' lang='grc' dir='ltr'>ὅλοι</span> <span class='ocrx_word' id='word_1_217' title='bbox 2547 575 2646 646; x_wconf 85' lang='grc' dir='ltr'>τῆς</span> <span class='ocrx_word' id='word_1_218' title='bbox 2677 574 2773 627; x_wconf 89' lang='grc' dir='ltr'><strong>τοῦ</strong></span> <span class='ocrx_word' id='word_1_219' title='bbox 2799 574 3124 628; x_wconf 78' lang='grc' dir='ltr'><strong>διδασκάλου</strong></span> <span class='ocrx_word' id='word_1_220' title='bbox 3157 574 3340 643; x_wconf 81' lang='grc' dir='ltr'><strong>φιλίας</strong></span> <span class='ocrx_word' id='word_1_221' title='bbox 3360 573 3726 639; x_wconf 81' lang='grc' dir='ltr'><strong>καθεστῶτες,</strong></span> <span class='ocrx_word' id='word_1_222' title='bbox 3749 577 3839 628; x_wconf 74' lang='grc' dir='ltr'>καὶ</span> 
     </span>
    </p>
   </div>
   <div class='ocr_carea' id='block_1_34' title="bbox 2255 665 3836 738">
    <p class='ocr_par' dir='ltr' id='par_1_34' title="bbox 2255 665 3836 738">
     <span class='ocr_line' id='line_1_34' title="bbox 2255 665 3836 738; baseline -0.003 -16"><span class='ocrx_word' id='word_1_223' title='bbox 2255 671 2372 732; x_wconf 79' lang='grc' dir='ltr'>τοῖς</span> <span class='ocrx_word' id='word_1_224' title='bbox 2395 667 2724 737; x_wconf 81' lang='grc' dir='ltr'><strong>ὀνειδισμοῖς</strong></span> <span class='ocrx_word' id='word_1_225' title='bbox 2753 666 3242 738; x_wconf 80' lang='grc' dir='ltr'><strong>καλλωπιζόμενοι,</strong></span> <span class='ocrx_word' id='word_1_226' title='bbox 3264 665 3492 728; x_wconf 78' lang='grc' dir='ltr'>καὶτοῖς</span> <span class='ocrx_word' id='word_1_227' title='bbox 3509 665 3650 736; x_wconf 80' lang='grc' dir='ltr'>ὑπὲρ</span> <span class='ocrx_word' id='word_1_228' title='bbox 3676 665 3836 718; x_wconf 89' lang='grc' dir='ltr'>αὐτοῦ</span> 
     </span>
    </p>
   </div>
   <div class='ocr_carea' id='block_1_35' title="bbox 2257 756 3840 831">
    <p class='ocr_par' dir='ltr' id='par_1_35' title="bbox 2257 756 3840 831">
     <span class='ocr_line' id='line_1_35' title="bbox 2257 756 3840 831; baseline -0.004 -15"><span class='ocrx_word' id='word_1_229' title='bbox 2257 762 2522 831; x_wconf 80' lang='grc' dir='ltr'>διωγμοῖς</span> <span class='ocrx_word' id='word_1_230' title='bbox 2549 763 2643 814; x_wconf 69' lang='grc' dir='ltr'>καὶ</span> <span class='ocrx_word' id='word_1_231' title='bbox 2665 763 2784 825; x_wconf 73' lang='grc' dir='ltr'>ταῖς</span> <span class='ocrx_word' id='word_1_232' title='bbox 2811 761 3059 831; x_wconf 79' lang='grc' dir='ltr'>ἀτιμίαις</span> <span class='ocrx_word' id='word_1_233' title='bbox 3089 759 3182 813; x_wconf 75' lang='grc' dir='ltr'>καὶ</span> <span class='ocrx_word' id='word_1_234' title='bbox 3211 757 3457 827; x_wconf 76' lang='grc' dir='ltr'>θλίψεσιν</span> <span class='ocrx_word' id='word_1_235' title='bbox 3483 756 3840 828; x_wconf 82' lang='grc' dir='ltr'>ὲγκαυχώμε-</span> 
     </span>
    </p>
   </div>
   <div class='ocr_carea' id='block_1_36' title="bbox 2257 849 3842 926">
    <p class='ocr_par' dir='ltr' id='par_1_36' title="bbox 2257 849 3842 926">
     <span class='ocr_line' id='line_1_36' title="bbox 2257 849 3842 926; baseline -0.005 -15"><span class='ocrx_word' id='word_1_236' title='bbox 2257 874 2339 911; x_wconf 92' lang='grc' dir='ltr'><strong>νοι</strong></span> <span class='ocrx_word' id='word_1_237' title='bbox 2360 872 2377 889; x_wconf 76' lang='grc' dir='ltr'><strong>ο</strong></span> <span class='ocrx_word' id='word_1_238' title='bbox 2411 856 2508 910; x_wconf 74' lang='grc' dir='ltr'>καὶ</span> <span class='ocrx_word' id='word_1_239' title='bbox 2529 855 2789 926; x_wconf 83' lang='grc' dir='ltr'>πάσχοντι</span> <span class='ocrx_word' id='word_1_240' title='bbox 2807 854 2864 907; x_wconf 86' lang='grc' dir='ltr'>δὲ</span> <span class='ocrx_word' id='word_1_241' title='bbox 2888 853 3321 924; x_wconf 82' lang='grc' dir='ltr'>συμπάσχοντες,</span> <span class='ocrx_word' id='word_1_242' title='bbox 3351 851 3449 906; x_wconf 76' lang='grc' dir='ltr'>καὶ</span> <span class='ocrx_word' id='word_1_243' title='bbox 3477 849 3842 921; x_wconf 83' lang='grc' dir='ltr'>σταυρωθέντι</span> 
     </span>
    </p>
   </div>
   <div class='ocr_carea' id='block_1_37' title="bbox 2261 943 3867 1019">
    <p class='ocr_par' dir='ltr' id='par_1_37' title="bbox 2261 943 3867 1019">
     <span class='ocr_line' id='line_1_37' title="bbox 2261 943 3867 1019; baseline -0.006 -16"><span class='ocrx_word' id='word_1_244' title='bbox 2261 947 2760 1019; x_wconf 88' lang='grc' dir='ltr'>συσταυρωθέντες,</span> <span class='ocrx_word' id='word_1_245' title='bbox 2786 949 2866 1012; x_wconf 84' lang='grc' dir='ltr'><strong>είς</strong></span> <span class='ocrx_word' id='word_1_246' title='bbox 2904 946 3202 1015; x_wconf 79' lang='grc' dir='ltr'>καινότητα</span> <span class='ocrx_word' id='word_1_247' title='bbox 3231 943 3406 1014; x_wconf 87' lang='grc' dir='ltr'>τούτῳ</span> <span class='ocrx_word' id='word_1_248' title='bbox 3438 943 3839 1012; x_wconf 78' lang='grc' dir='ltr'>συνανέστησαν</span> <span class='ocrx_word' id='word_1_249' title='bbox 3864 943 3867 946; x_wconf 83' lang='grc'><em>’</em></span> 
     </span>
    </p>
   </div>
   <div class='ocr_carea' id='block_1_38' title="bbox 2261 1027 3844 1110">
    <p class='ocr_par' dir='ltr' id='par_1_38' title="bbox 2261 1027 3844 1110">
     <span class='ocr_line' id='line_1_38' title="bbox 2261 1027 3844 1110; baseline -0.008 -16"><span class='ocrx_word' id='word_1_250' title='bbox 2261 1040 2428 1110; x_wconf 81' lang='grc' dir='ltr'>ζωῆς.</span> <span class='ocrx_word' id='word_1_251' title='bbox 2474 1037 2587 1092; x_wconf 77' lang='grc' dir='ltr'><strong>Καὶ</strong></span> <span class='ocrx_word' id='word_1_252' title='bbox 2616 1037 2805 1107; x_wconf 84' lang='grc' dir='ltr'>ὥσπερ</span> <span class='ocrx_word' id='word_1_253' title='bbox 2853 1034 2949 1088; x_wconf 90' lang='grc' dir='ltr'><strong>τοῦ</strong></span> <span class='ocrx_word' id='word_1_254' title='bbox 2997 1033 3134 1088; x_wconf 82' lang='grc' dir='ltr'>Θεοῦ</span> <span class='ocrx_word' id='word_1_255' title='bbox 3179 1032 3356 1100; x_wconf 86' lang='grc' dir='ltr'><strong>Λόγου</strong></span> <span class='ocrx_word' id='word_1_256' title='bbox 3396 1030 3464 1084; x_wconf 89' lang='grc' dir='ltr'><strong>δι’</strong></span> <span class='ocrx_word' id='word_1_257' title='bbox 3500 1029 3723 1098; x_wconf 84' lang='grc' dir='ltr'><strong>ἀγάπης</strong></span> <span class='ocrx_word' id='word_1_258' title='bbox 3753 1027 3844 1082; x_wconf 70' lang='grc' dir='ltr'>καὶ</span> 
     </span>
    </p>
   </div>
   <div class='ocr_carea' id='block_1_39' title="bbox 2261 1121 3841 1196">
    <p class='ocr_par' dir='ltr' id='par_1_39' title="bbox 2261 1121 3841 1196">
     <span class='ocr_line' id='line_1_39' title="bbox 2261 1121 3841 1196; baseline -0.007 -12"><span class='ocrx_word' id='word_1_259' title='bbox 2261 1131 2522 1194; x_wconf 82' lang='grc' dir='ltr'>πίστεως,</span> <span class='ocrx_word' id='word_1_260' title='bbox 2555 1127 2699 1182; x_wconf 78' lang='grc' dir='ltr'>οὕτω</span> <span class='ocrx_word' id='word_1_261' title='bbox 2725 1127 2819 1180; x_wconf 76' lang='grc' dir='ltr'>καὶ</span> <span class='ocrx_word' id='word_1_262' title='bbox 2847 1123 2941 1180; x_wconf 84' lang='grc' dir='ltr'><strong>τοῦ</strong></span> <span class='ocrx_word' id='word_1_263' title='bbox 2975 1126 3075 1196; x_wconf 85' lang='grc' dir='ltr'>τῆς</span> <span class='ocrx_word' id='word_1_264' title='bbox 3097 1123 3243 1194; x_wconf 77' lang='grc' dir='ltr'>ζωῆς</span> <span class='ocrx_word' id='word_1_265' title='bbox 3267 1122 3607 1192; x_wconf 83' lang='grc' dir='ltr'>Πνεύματος,</span> <span class='ocrx_word' id='word_1_266' title='bbox 3640 1121 3841 1183; x_wconf 86' lang='grc' dir='ltr'>πάντες</span> 
     </span>
    </p>
   </div>
   <div class='ocr_carea' id='block_1_40' title="bbox 2262 1210 3840 1292">
    <p class='ocr_par' dir='ltr' id='par_1_40' title="bbox 2262 1210 3840 1292">
     <span class='ocr_line' id='line_1_40' title="bbox 2262 1210 3840 1292; baseline -0.007 -16"><span class='ocrx_word' id='word_1_267' title='bbox 2262 1222 2540 1292; x_wconf 88' lang='grc' dir='ltr'>ὁμοτίμως</span> <span class='ocrx_word' id='word_1_268' title='bbox 2571 1219 2866 1288; x_wconf 82' lang='grc' dir='ltr'>γεγένηντο</span> <span class='ocrx_word' id='word_1_269' title='bbox 2894 1217 3162 1271; x_wconf 87' lang='grc' dir='ltr'>κοινωνοί.</span> <span class='ocrx_word' id='word_1_270' title='bbox 3186 1213 3445 1282; x_wconf 84' lang='grc' dir='ltr'>Μερικῶς</span> <span class='ocrx_word' id='word_1_271' title='bbox 3471 1213 3590 1284; x_wconf 80' lang='grc' dir='ltr'>μὲν,</span> <span class='ocrx_word' id='word_1_272' title='bbox 3626 1211 3733 1284; x_wconf 82' lang='grc' dir='ltr'><strong>πρὸ</strong></span> <span class='ocrx_word' id='word_1_273' title='bbox 3751 1210 3840 1265; x_wconf 89' lang='grc' dir='ltr'><strong>τοῦ</strong></span> 
     </span>
    </p>
   </div>
   <div class='ocr_carea' id='block_1_41' title="bbox 2261 1303 3840 1382">
    <p class='ocr_par' dir='ltr' id='par_1_41' title="bbox 2261 1303 3840 1382">
     <span class='ocr_line' id='line_1_41' title="bbox 2261 1303 3840 1382; baseline -0.007 -15"><span class='ocrx_word' id='word_1_274' title='bbox 2261 1313 2495 1375; x_wconf 79' lang='grc' dir='ltr'>πάθους·</span> <span class='ocrx_word' id='word_1_275' title='bbox 2532 1310 2920 1382; x_wconf 76' lang='grc' dir='ltr'>ἐνεργέστερον</span> <span class='ocrx_word' id='word_1_276' title='bbox 2962 1308 3044 1372; x_wconf 76' lang='grc' dir='ltr'>δὲ,</span> <span class='ocrx_word' id='word_1_277' title='bbox 3087 1307 3226 1379; x_wconf 86' lang='grc' dir='ltr'><strong>μετά</strong></span> <span class='ocrx_word' id='word_1_278' title='bbox 3269 1306 3331 1359; x_wconf 87' lang='grc' dir='ltr'><strong>τδ</strong></span> <span class='ocrx_word' id='word_1_279' title='bbox 3375 1304 3546 1367; x_wconf 84' lang='grc' dir='ltr'>πάθος</span> <span class='ocrx_word' id='word_1_280' title='bbox 3599 1306 3694 1358; x_wconf 81' lang='grc' dir='ltr'>καὶ</span> <span class='ocrx_word' id='word_1_281' title='bbox 3745 1303 3840 1376; x_wconf 76' lang='grc' dir='ltr'>τὴν</span> 
     </span>
    </p>
   </div>
   <div class='ocr_carea' id='block_1_42' title="bbox 2261 1398 3834 1474">
    <p class='ocr_par' dir='ltr' id='par_1_42' title="bbox 2261 1398 3834 1474">
     <span class='ocr_line' id='line_1_42' title="bbox 2261 1398 3834 1474; baseline -0.004 -15"><span class='ocrx_word' id='word_1_282' title='bbox 2261 1406 2586 1460; x_wconf 82' lang='grc' dir='ltr'>ἀνάστασιν·</span> <span class='ocrx_word' id='word_1_283' title='bbox 2638 1403 2911 1474; x_wconf 89' lang='grc' dir='ltr'>θειότερον</span> <span class='ocrx_word' id='word_1_284' title='bbox 2963 1401 3041 1469; x_wconf 84' lang='grc' dir='ltr'>δὲ,</span> <span class='ocrx_word' id='word_1_285' title='bbox 3083 1400 3221 1471; x_wconf 76' lang='grc' dir='ltr'>μετὰ</span> <span class='ocrx_word' id='word_1_286' title='bbox 3275 1399 3372 1471; x_wconf 84' lang='grc' dir='ltr'>τὴν</span> <span class='ocrx_word' id='word_1_287' title='bbox 3419 1398 3718 1468; x_wconf 78' lang='grc' dir='ltr'>ἀνάληψιν,</span> <span class='ocrx_word' id='word_1_288' title='bbox 3748 1399 3834 1452; x_wconf 76' lang='grc' dir='ltr'><strong>καὶ</strong></span> 
     </span>
    </p>
   </div>
   <div class='ocr_carea' id='block_1_43' title="bbox 2261 1489 3832 1566">
    <p class='ocr_par' dir='ltr' id='par_1_43' title="bbox 2261 1489 3832 1566">
     <span class='ocr_line' id='line_1_43' title="bbox 2261 1489 3832 1566; baseline -0.006 -17"><span class='ocrx_word' id='word_1_289' title='bbox 2261 1494 2610 1566; x_wconf 86' lang='grc' dir='ltr'>τελεώτερον,</span> <span class='ocrx_word' id='word_1_290' title='bbox 2652 1495 2819 1548; x_wconf 81' lang='grc' dir='ltr'>πᾶσιν</span> <span class='ocrx_word' id='word_1_291' title='bbox 2860 1493 3066 1564; x_wconf 81' lang='grc' dir='ltr'>ὁμοίως</span> <span class='ocrx_word' id='word_1_292' title='bbox 3117 1491 3410 1562; x_wconf 80' lang='grc' dir='ltr'>οὐρανόθεν</span> <span class='ocrx_word' id='word_1_293' title='bbox 3441 1490 3498 1542; x_wconf 75' lang='grc' dir='ltr'>ὲν</span> <span class='ocrx_word' id='word_1_294' title='bbox 3532 1489 3650 1560; x_wconf 79' lang='grc' dir='ltr'><strong>ῆχῳ</strong></span> <span class='ocrx_word' id='word_1_295' title='bbox 3677 1489 3832 1558; x_wconf 77' lang='grc' dir='ltr'>πνοῆς</span> 
     </span>
    </p>
   </div>
   <div class='ocr_carea' id='block_1_44' title="bbox 2265 1582 3835 1658">
    <p class='ocr_par' dir='ltr' id='par_1_44' title="bbox 2265 1582 3835 1658">
     <span class='ocr_line' id='line_1_44' title="bbox 2265 1582 3835 1658; baseline -0.004 -17"><span class='ocrx_word' id='word_1_296' title='bbox 2265 1589 2447 1658; x_wconf 88' lang='grc' dir='ltr'>βιαίας</span> <span class='ocrx_word' id='word_1_297' title='bbox 2496 1588 2595 1658; x_wconf 86' lang='grc' dir='ltr'>τῆς</span> <span class='ocrx_word' id='word_1_298' title='bbox 2644 1586 2905 1656; x_wconf 85' lang='grc' dir='ltr'>θεαρχίας</span> <span class='ocrx_word' id='word_1_299' title='bbox 2945 1584 3039 1638; x_wconf 88' lang='grc' dir='ltr'><strong>τοῦ</strong></span> <span class='ocrx_word' id='word_1_300' title='bbox 3077 1583 3440 1654; x_wconf 81' lang='grc' dir='ltr'>Παρακλήτου</span> <span class='ocrx_word' id='word_1_301' title='bbox 3467 1582 3835 1653; x_wconf 83' lang='grc' dir='ltr'>καταπτάσης,</span> 
     </span>
    </p>
   </div>
   <div class='ocr_carea' id='block_1_45' title="bbox 2263 1677 3836 1750">
    <p class='ocr_par' dir='ltr' id='par_1_45' title="bbox 2263 1677 3836 1750">
     <span class='ocr_line' id='line_1_45' title="bbox 2263 1677 3836 1750; baseline -0.005 -14"><span class='ocrx_word' id='word_1_302' title='bbox 2263 1683 2359 1737; x_wconf 76' lang='grc' dir='ltr'>καὶ</span> <span class='ocrx_word' id='word_1_303' title='bbox 2383 1682 2612 1735; x_wconf 73' lang='grc' dir='ltr'>ἕκαστον</span> <span class='ocrx_word' id='word_1_304' title='bbox 2637 1679 2818 1734; x_wconf 86' lang='grc' dir='ltr'>αὐτῶν</span> <span class='ocrx_word' id='word_1_305' title='bbox 2848 1679 2957 1750; x_wconf 87' lang='grc' dir='ltr'><strong>πλη</strong></span> <span class='ocrx_word' id='word_1_306' title='bbox 2968 1678 3223 1749; x_wconf 85' lang='grc' dir='ltr'>ρωσάσης</span> <span class='ocrx_word' id='word_1_307' title='bbox 3245 1696 3258 1708; x_wconf 79' lang='grc'><em>’</em></span> <span class='ocrx_word' id='word_1_308' title='bbox 3297 1677 3392 1730; x_wconf 66' lang='grc' dir='ltr'>καὶ</span> <span class='ocrx_word' id='word_1_309' title='bbox 3428 1678 3715 1747; x_wconf 88' lang='grc' dir='ltr'>μάρτυρας</span> <span class='ocrx_word' id='word_1_310' title='bbox 3738 1677 3806 1728; x_wconf 91' lang='grc' dir='ltr'><strong>αὐ</strong></span> <span class='ocrx_word' id='word_1_311' title='bbox 3823 1707 3836 1716; x_wconf 86' lang='lat'><strong>-</strong></span> 
     </span>
    </p>
   </div>
   <div class='ocr_carea' id='block_1_46' title="bbox 2265 1768 3841 1844">
    <p class='ocr_par' dir='ltr' id='par_1_46' title="bbox 2265 1768 3841 1844">
     <span class='ocr_line' id='line_1_46' title="bbox 2265 1768 3841 1844; baseline -0.006 -16"><span class='ocrx_word' id='word_1_312' title='bbox 2265 1774 2413 1838; x_wconf 85' lang='grc' dir='ltr'><strong>τούς,</strong></span> <span class='ocrx_word' id='word_1_313' title='bbox 2445 1768 2521 1827; x_wconf 82' lang='grc' dir='ltr'>ὧν</span> <span class='ocrx_word' id='word_1_314' title='bbox 2568 1772 2893 1844; x_wconf 85' lang='grc' dir='ltr'>ἀκηκόασιν,</span> <span class='ocrx_word' id='word_1_315' title='bbox 2937 1769 3333 1839; x_wconf 80' lang='grc' dir='ltr'>εὐαγγελιστάς</span> <span class='ocrx_word' id='word_1_316' title='bbox 3358 1787 3419 1822; x_wconf 86' lang='grc' dir='ltr'><strong>τε</strong></span> <span class='ocrx_word' id='word_1_317' title='bbox 3451 1769 3548 1822; x_wconf 80' lang='grc' dir='ltr'>καὶ</span> <span class='ocrx_word' id='word_1_318' title='bbox 3576 1770 3841 1839; x_wconf 82' lang='grc' dir='ltr'>κήρυκας,</span> 
     </span>
    </p>
   </div>
   <div class='ocr_carea' id='block_1_47' title="bbox 2194 1853 3306 1934">
    <p class='ocr_par' dir='ltr' id='par_1_47' title="bbox 2194 1853 3306 1934">
     <span class='ocr_line' id='line_1_47' title="bbox 2194 1853 3306 1934; baseline -0.004 -16"><span class='ocrx_word' id='word_1_319' title='bbox 2194 1853 2237 1908; x_wconf 81' lang='grc' dir='ltr'>Β</span> <span class='ocrx_word' id='word_1_320' title='bbox 2266 1866 2361 1920; x_wconf 79' lang='grc' dir='ltr'><strong>ὲ.πὶ</strong></span> <span class='ocrx_word' id='word_1_321' title='bbox 2397 1866 2579 1918; x_wconf 79' lang='grc' dir='ltr'>πᾶσαν</span> <span class='ocrx_word' id='word_1_322' title='bbox 2606 1864 3030 1934; x_wconf 79' lang='grc' dir='ltr'>καταστησάσης</span> <span class='ocrx_word' id='word_1_323' title='bbox 3053 1861 3152 1932; x_wconf 83' lang='grc' dir='ltr'>τὴν</span> <span class='ocrx_word' id='word_1_324' title='bbox 3179 1861 3306 1930; x_wconf 83' lang='grc' dir='ltr'>γῆν.</span> 
     </span>
    </p>
   </div>
   <div class='ocr_carea' id='block_1_48' title="bbox 2338 1951 3845 2022">
    <p class='ocr_par' dir='ltr' id='par_1_48' title="bbox 2338 1951 3845 2022">
     <span class='ocr_line' id='line_1_48' title="bbox 2338 1951 3845 2022; baseline -0.006 -10"><span class='ocrx_word' id='word_1_325' title='bbox 2338 1959 2498 2012; x_wconf 77' lang='grc' dir='ltr'>Κατὰ</span> <span class='ocrx_word' id='word_1_326' title='bbox 2529 1957 2701 2011; x_wconf 84' lang='grc' dir='ltr'>ταῦτα</span> <span class='ocrx_word' id='word_1_327' title='bbox 2737 1956 2919 2010; x_wconf 78' lang='grc' dir='ltr'>τοίνυν</span> <span class='ocrx_word' id='word_1_328' title='bbox 2943 1956 3043 2009; x_wconf 90' lang='grc' dir='ltr'><strong>οὐκ</strong></span> <span class='ocrx_word' id='word_1_329' title='bbox 3089 1954 3238 2007; x_wconf 80' lang='grc' dir='ltr'>ἐστιν</span> <span class='ocrx_word' id='word_1_330' title='bbox 3279 1953 3467 2022; x_wconf 71' lang='grc' dir='ltr'>ἕτερον</span> <span class='ocrx_word' id='word_1_331' title='bbox 3496 1951 3684 2021; x_wconf 80' lang='grc' dir='ltr'>ἑτέρου</span> <span class='ocrx_word' id='word_1_332' title='bbox 3711 1968 3845 2022; x_wconf 76' lang='grc' dir='ltr'>προ-</span> 
     </span>
    </p>
   </div>
   <div class='ocr_carea' id='block_1_49' title="bbox 2265 2038 3849 2120">
    <p class='ocr_par' dir='ltr' id='par_1_49' title="bbox 2265 2038 3849 2120">
     <span class='ocr_line' id='line_1_49' title="bbox 2265 2038 3849 2120; baseline -0.006 -17"><span class='ocrx_word' id='word_1_333' title='bbox 2265 2049 2498 2120; x_wconf 83' lang='grc' dir='ltr'>τιμῆσαι</span> <span class='ocrx_word' id='word_1_334' title='bbox 2527 2048 2604 2120; x_wconf 84' lang='grc'><strong>(9)</strong></span> <span class='ocrx_word' id='word_1_335' title='bbox 2636 2047 2745 2101; x_wconf 89' lang='grc' dir='ltr'><strong>τῶν</strong></span> <span class='ocrx_word' id='word_1_336' title='bbox 2789 2046 3062 2100; x_wconf 76' lang='grc' dir='ltr'>θεοπτῶνο</span> <span class='ocrx_word' id='word_1_337' title='bbox 3096 2046 3316 2100; x_wconf 86' lang='grc' dir='ltr'>πάντων</span> <span class='ocrx_word' id='word_1_338' title='bbox 3351 2038 3441 2098; x_wconf 80' lang='grc' dir='ltr'>οἷα</span> <span class='ocrx_word' id='word_1_339' title='bbox 3488 2042 3849 2114; x_wconf 84' lang='grc' dir='ltr'>μαργαριτῶν</span> 
     </span>
    </p>
   </div>
   <div class='ocr_carea' id='block_1_50' title="bbox 2269 2135 3849 2212">
    <p class='ocr_par' dir='ltr' id='par_1_50' title="bbox 2269 2135 3849 2212">
     <span class='ocr_line' id='line_1_50' title="bbox 2269 2135 3849 2212; baseline -0.004 -16"><span class='ocrx_word' id='word_1_340' title='bbox 2269 2142 2588 2212; x_wconf 83' lang='grc' dir='ltr'>πολυτίμων</span> <span class='ocrx_word' id='word_1_341' title='bbox 2624 2141 2725 2211; x_wconf 75' lang='grc' dir='ltr'>μιᾷ</span> <span class='ocrx_word' id='word_1_342' title='bbox 2763 2139 2948 2210; x_wconf 80' lang='grc' dir='ltr'>χάριτι</span> <span class='ocrx_word' id='word_1_343' title='bbox 2986 2138 3441 2209; x_wconf 80' lang='grc' dir='ltr'>κατηρτισμένων</span> <span class='ocrx_word' id='word_1_344' title='bbox 3465 2149 3478 2164; x_wconf 79' lang='grc'><strong><em>⁸</em></strong></span> <span class='ocrx_word' id='word_1_345' title='bbox 3513 2135 3546 2207; x_wconf 75' lang='grc' dir='ltr'><strong>ἢ</strong></span> <span class='ocrx_word' id='word_1_346' title='bbox 3574 2135 3741 2190; x_wconf 87' lang='grc' dir='ltr'>λίθων</span> <span class='ocrx_word' id='word_1_347' title='bbox 3773 2154 3849 2190; x_wconf 81' lang='grc' dir='ltr'>τι·</span> 
     </span>
    </p>
   </div>
   <div class='ocr_carea' id='block_1_51' title="bbox 2267 2229 3848 2304">
    <p class='ocr_par' dir='ltr' id='par_1_51' title="bbox 2267 2229 3848 2304">
     <span class='ocr_line' id='line_1_51' title="bbox 2267 2229 3848 2304; baseline -0.003 -17"><span class='ocrx_word' id='word_1_348' title='bbox 2267 2234 2406 2304; x_wconf 88' lang='grc' dir='ltr'>μίων</span> <span class='ocrx_word' id='word_1_349' title='bbox 2441 2233 2701 2304; x_wconf 76' lang='grc' dir='ltr'>ἰσοτίμως</span> <span class='ocrx_word' id='word_1_350' title='bbox 2751 2233 2833 2294; x_wconf 85' lang='grc' dir='ltr'><strong>είς</strong></span> <span class='ocrx_word' id='word_1_351' title='bbox 2885 2231 2980 2284; x_wconf 73' lang='grc' dir='ltr'>ἕνα</span> <span class='ocrx_word' id='word_1_352' title='bbox 3013 2230 3278 2299; x_wconf 83' lang='grc' dir='ltr'>στέφανον</span> <span class='ocrx_word' id='word_1_353' title='bbox 3325 2229 3486 2299; x_wconf 81' lang='grc' dir='ltr'>δόξης</span> <span class='ocrx_word' id='word_1_354' title='bbox 3541 2229 3848 2301; x_wconf 80' lang='grc' dir='ltr'>ὑπέρ-τιμον</span> 
     </span>
    </p>
   </div>
   <div class='ocr_carea' id='block_1_52' title="bbox 2262 2320 3847 2396">
    <p class='ocr_par' dir='ltr' id='par_1_52' title="bbox 2262 2320 3847 2396">
     <span class='ocr_line' id='line_1_52' title="bbox 2262 2320 3847 2396; baseline -0.003 -18"><span class='ocrx_word' id='word_1_355' title='bbox 2262 2323 2340 2396; x_wconf 83' lang='grc' dir='ltr'><strong>τῷ</strong></span> <span class='ocrx_word' id='word_1_356' title='bbox 2370 2324 2480 2377; x_wconf 90' lang='grc' dir='ltr'><strong>τῶν</strong></span> <span class='ocrx_word' id='word_1_357' title='bbox 2515 2323 2763 2394; x_wconf 79' lang='grc' dir='ltr'>οὐρανῶν</span> <span class='ocrx_word' id='word_1_358' title='bbox 2807 2322 3254 2392; x_wconf 87' lang='grc' dir='ltr'>διαπλεκομένων</span> <span class='ocrx_word' id='word_1_359' title='bbox 3286 2321 3540 2374; x_wconf 84' lang='grc' dir='ltr'>Βασιλεῖ·</span> <span class='ocrx_word' id='word_1_360' title='bbox 3569 2320 3762 2390; x_wconf 83' lang='grc' dir='ltr'>ἐπειδὴ</span> <span class='ocrx_word' id='word_1_361' title='bbox 3791 2321 3847 2373; x_wconf 84' lang='grc' dir='ltr'>δὲ</span> 
     </span>
    </p>
   </div>
   <div class='ocr_carea' id='block_1_53' title="bbox 2262 2409 3846 2487">
    <p class='ocr_par' dir='ltr' id='par_1_53' title="bbox 2262 2409 3846 2487">
     <span class='ocr_line' id='line_1_53' title="bbox 2262 2409 3846 2487; baseline -0.003 -17"><span class='ocrx_word' id='word_1_362' title='bbox 2262 2417 2323 2470; x_wconf 77' lang='grc' dir='ltr'>τὸ</span> <span class='ocrx_word' id='word_1_363' title='bbox 2354 2409 2578 2487; x_wconf 82' lang='grc' dir='ltr'>Πνεῦμα</span> <span class='ocrx_word' id='word_1_364' title='bbox 2607 2416 2667 2468; x_wconf 84' lang='grc' dir='ltr'>τὸ</span> <span class='ocrx_word' id='word_1_365' title='bbox 2694 2416 2871 2483; x_wconf 73' lang='grc' dir='ltr'>ἅγιον,</span> <span class='ocrx_word' id='word_1_366' title='bbox 2905 2410 2991 2467; x_wconf 79' lang='grc' dir='ltr'>οἷα</span> <span class='ocrx_word' id='word_1_367' title='bbox 3027 2415 3172 2487; x_wconf 79' lang='grc' dir='ltr'>κριοὶ</span> <span class='ocrx_word' id='word_1_368' title='bbox 3197 2413 3394 2466; x_wconf 84' lang='grc' dir='ltr'>τέλειοι</span> <span class='ocrx_word' id='word_1_369' title='bbox 3432 2413 3542 2466; x_wconf 84' lang='grc' dir='ltr'><strong>τῶν</strong></span> <span class='ocrx_word' id='word_1_370' title='bbox 3571 2413 3665 2466; x_wconf 87' lang='grc' dir='ltr'><strong>τοῦ</strong></span> <span class='ocrx_word' id='word_1_371' title='bbox 3719 2413 3846 2483; x_wconf 81' lang='grc' dir='ltr'><strong>’Δρ-</strong></span> 
     </span>
    </p>
   </div>
   <div class='ocr_carea' id='block_1_54' title="bbox 2261 2505 3841 2580">
    <p class='ocr_par' dir='ltr' id='par_1_54' title="bbox 2261 2505 3841 2580">
     <span class='ocr_line' id='line_1_54' title="bbox 2261 2505 3841 2580; baseline -0.002 -18"><span class='ocrx_word' id='word_1_372' title='bbox 2261 2509 2579 2580; x_wconf 86' lang='grc' dir='ltr'>χιποίμενος</span> <span class='ocrx_word' id='word_1_373' title='bbox 2640 2507 2932 2577; x_wconf 79' lang='grc' dir='ltr'>προϐάτων</span> <span class='ocrx_word' id='word_1_374' title='bbox 2986 2507 3304 2578; x_wconf 80' lang='grc' dir='ltr'>ἡγούμενοι,</span> <span class='ocrx_word' id='word_1_375' title='bbox 3363 2505 3565 2567; x_wconf 86' lang='grc' dir='ltr'>πάντες</span> <span class='ocrx_word' id='word_1_376' title='bbox 3633 2505 3841 2575; x_wconf 81' lang='grc' dir='ltr'>ὁμοίως</span> 
     </span>
    </p>
   </div>
   <div class='ocr_carea' id='block_1_55' title="bbox 2261 2597 3848 2673">
    <p class='ocr_par' dir='ltr' id='par_1_55' title="bbox 2261 2597 3848 2673">
     <span class='ocr_line' id='line_1_55' title="bbox 2261 2597 3848 2673; baseline -0.003 -16"><span class='ocrx_word' id='word_1_377' title='bbox 2261 2604 2403 2658; x_wconf 84' lang='grc' dir='ltr'><strong>κατά</strong></span> <span class='ocrx_word' id='word_1_378' title='bbox 2432 2601 2522 2655; x_wconf 78' lang='grc' dir='ltr'>τὸν</span> <span class='ocrx_word' id='word_1_379' title='bbox 2571 2602 2826 2673; x_wconf 81' lang='grc' dir='ltr'>θεάρχιον</span> <span class='ocrx_word' id='word_1_380' title='bbox 2864 2601 3022 2669; x_wconf 87' lang='grc' dir='ltr'>λόγον</span> <span class='ocrx_word' id='word_1_381' title='bbox 3068 2597 3411 2663; x_wconf 80' lang='grc' dir='ltr'>ὲνεδύσαντο,</span> <span class='ocrx_word' id='word_1_382' title='bbox 3443 2598 3602 2662; x_wconf 81' lang='grc' dir='ltr'>ἄλλος</span> <span class='ocrx_word' id='word_1_383' title='bbox 3629 2600 3728 2669; x_wconf 80' lang='grc' dir='ltr'>μὲν</span> <span class='ocrx_word' id='word_1_384' title='bbox 3757 2601 3848 2653; x_wconf 82' lang='grc' dir='ltr'><strong>ὲν-</strong></span> 
     </span>
    </p>
   </div>
   <div class='ocr_carea' id='block_1_56' title="bbox 2258 2690 3843 2773">
    <p class='ocr_par' dir='ltr' id='par_1_56' title="bbox 2258 2690 3843 2773">
     <span class='ocr_line' id='line_1_56' title="bbox 2258 2690 3843 2773; baseline -0.001 -24"><span class='ocrx_word' id='word_1_385' title='bbox 2258 2693 2449 2749; x_wconf 86' lang='grc' dir='ltr'>τεῦθεν</span> <span class='ocrx_word' id='word_1_386' title='bbox 2483 2694 2613 2749; x_wconf 77' lang='grc' dir='ltr'>ἄλλο</span> <span class='ocrx_word' id='word_1_387' title='bbox 2643 2694 2810 2766; x_wconf 82' lang='grc' dir='ltr'>μέρος</span> <span class='ocrx_word' id='word_1_388' title='bbox 2863 2691 3318 2764; x_wconf 86' lang='grc' dir='ltr'>διαλαγχάνοντες</span> <span class='ocrx_word' id='word_1_389' title='bbox 3349 2690 3450 2762; x_wconf 78' lang='grc' dir='ltr'>τῆς</span> <span class='ocrx_word' id='word_1_390' title='bbox 3489 2692 3843 2773; x_wconf 14' lang='grc' dir='ltr'>ιοίκουμένης,</span> 
     </span>
    </p>
   </div>
   <div class='ocr_carea' id='block_1_57' title="bbox 2260 2785 3845 2859">
    <p class='ocr_par' dir='ltr' id='par_1_57' title="bbox 2260 2785 3845 2859">
     <span class='ocr_line' id='line_1_57' title="bbox 2260 2785 3845 2859; baseline -0.003 -15"><span class='ocrx_word' id='word_1_391' title='bbox 2260 2788 2397 2859; x_wconf 79' lang='grc' dir='ltr'>πρὸς</span> <span class='ocrx_word' id='word_1_392' title='bbox 2435 2787 2526 2841; x_wconf 77' lang='grc' dir='ltr'><strong>τὸν</strong></span> <span class='ocrx_word' id='word_1_393' title='bbox 2560 2789 2761 2842; x_wconf 73' lang='grc' dir='ltr'>οἰκεῖον</span> <span class='ocrx_word' id='word_1_394' title='bbox 2789 2787 2888 2857; x_wconf 82' lang='grc' dir='ltr'>τῆς</span> <span class='ocrx_word' id='word_1_395' title='bbox 2905 2786 3215 2857; x_wconf 82' lang='grc' dir='ltr'>ἀποστολῆς</span> <span class='ocrx_word' id='word_1_396' title='bbox 3237 2785 3464 2856; x_wconf 82' lang='grc' dir='ltr'>κλῆρον,</span> <span class='ocrx_word' id='word_1_397' title='bbox 3492 2785 3568 2856; x_wconf 80' lang='grc' dir='ltr'>τῷ</span> <span class='ocrx_word' id='word_1_398' title='bbox 3593 2785 3845 2854; x_wconf 80' lang='grc' dir='ltr'>Εὐαγγε-</span> 
     </span>
    </p>
   </div>
   <div class='ocr_carea' id='block_1_58' title="bbox 2257 2878 3086 2952">
    <p class='ocr_par' dir='ltr' id='par_1_58' title="bbox 2257 2878 3086 2952">
     <span class='ocr_line' id='line_1_58' title="bbox 2257 2878 3086 2952; baseline -0.002 -18"><span class='ocrx_word' id='word_1_399' title='bbox 2257 2880 2359 2952; x_wconf 86' lang='grc' dir='ltr'>λίῳ</span> <span class='ocrx_word' id='word_1_400' title='bbox 2391 2880 2811 2952; x_wconf 85' lang='grc' dir='ltr'>διακονήσαντες</span> <span class='ocrx_word' id='word_1_401' title='bbox 2834 2878 3086 2950; x_wconf 75' lang='grc' dir='ltr'>ἐξῄεσαν.</span> 
     </span>
    </p>
   </div>
   <div class='ocr_carea' id='block_1_59' title="bbox 2331 3057 3846 3133">
    <p class='ocr_par' dir='ltr' id='par_1_59' title="bbox 2331 3057 3846 3133">
     <span class='ocr_line' id='line_1_59' title="bbox 2331 3057 3846 3133; baseline 0.002 -21"><span class='ocrx_word' id='word_1_402' title='bbox 2331 3059 2403 3113; x_wconf 86' lang='grc' dir='ltr'><strong>Σύ</strong></span> <span class='ocrx_word' id='word_1_403' title='bbox 2429 3057 2487 3112; x_wconf 85' lang='grc' dir='ltr'><strong>δέ</strong></span> <span class='ocrx_word' id='word_1_404' title='bbox 2519 3075 2631 3128; x_wconf 87' lang='grc' dir='ltr'>μοι,</span> <span class='ocrx_word' id='word_1_405' title='bbox 2668 3057 3084 3127; x_wconf 75' lang='grc' dir='ltr'>σεδασμιώτατε</span> <span class='ocrx_word' id='word_1_406' title='bbox 3120 3058 3363 3130; x_wconf 82' lang='grc' dir='ltr'>Ἀνδρέα,</span> <span class='ocrx_word' id='word_1_407' title='bbox 3383 3059 3625 3125; x_wconf 80' lang='grc' dir='ltr'>ἀξιόθεον</span> <span class='ocrx_word' id='word_1_408' title='bbox 3659 3062 3846 3133; x_wconf 78' lang='grc' dir='ltr'>πρᾶγ-</span> 
     </span>
    </p>
   </div>
   <div class='ocr_carea' id='block_1_60' title="bbox 2260 3149 3848 3224">
    <p class='ocr_par' dir='ltr' id='par_1_60' title="bbox 2260 3149 3848 3224">
     <span class='ocr_line' id='line_1_60' title="bbox 2260 3149 3848 3224; baseline 0 -18"><span class='ocrx_word' id='word_1_409' title='bbox 2260 3170 2360 3224; x_wconf 89' lang='grc' dir='ltr'><strong>μα,</strong></span> <span class='ocrx_word' id='word_1_410' title='bbox 2390 3151 2452 3205; x_wconf 87' lang='grc' dir='ltr'><strong>τὺ</strong></span> <span class='ocrx_word' id='word_1_411' title='bbox 2487 3150 2588 3218; x_wconf 84' lang='grc' dir='ltr'>τῆς</span> <span class='ocrx_word' id='word_1_412' title='bbox 2609 3149 2870 3220; x_wconf 84' lang='grc' dir='ltr'>ἀληθινῆς</span> <span class='ocrx_word' id='word_1_413' title='bbox 2897 3149 3119 3220; x_wconf 86' lang='grc' dir='ltr'>ἀνδρίας</span> <span class='ocrx_word' id='word_1_414' title='bbox 3153 3150 3483 3221; x_wconf 82' lang='grc' dir='ltr'>ὑπόδειγμα,</span> <span class='ocrx_word' id='word_1_415' title='bbox 3517 3154 3544 3204; x_wconf 85' lang='grc' dir='ltr'><strong>ό</strong></span> <span class='ocrx_word' id='word_1_416' title='bbox 3579 3153 3677 3222; x_wconf 80' lang='grc' dir='ltr'>τῆς</span> <span class='ocrx_word' id='word_1_417' title='bbox 3711 3171 3848 3224; x_wconf 85' lang='grc' dir='ltr'>καρ-</span> 
     </span>
    </p>
   </div>
   <div class='ocr_carea' id='block_1_61' title="bbox 556 3213 2152 3320">
    <p class='ocr_par' dir='ltr' id='par_1_61' title="bbox 556 3213 2152 3320">
     <span class='ocr_line' id='line_1_61' title="bbox 556 3213 2152 3320; baseline 0.011 -32"><span class='ocrx_word' id='word_1_418' title='bbox 556 3235 904 3292; x_wconf 59' lang='lat' dir='ltr'><strong>sustinentia;</strong></span> <span class='ocrx_word' id='word_1_419' title='bbox 935 3213 1203 3304; x_wconf 42' lang='lat' dir='ltr'><strong>adamas,</strong></span> <span class='ocrx_word' id='word_1_420' title='bbox 1216 3242 1498 3312; x_wconf 68' lang='lat' dir='ltr'><strong>patientiae</strong></span> <span class='ocrx_word' id='word_1_421' title='bbox 1544 3252 1746 3311; x_wconf 85' lang='lat' dir='ltr'><strong>statua,</strong></span> <span class='ocrx_word' id='word_1_422' title='bbox 1801 3213 1995 3303; x_wconf 52' lang='lat' dir='ltr'><strong>alterar-</strong></span> <span class='ocrx_word' id='word_1_423' title='bbox 2025 3213 2152 3320; x_wconf 56' lang='lat' dir='ltr'><strong>posi</strong></span> 
     </span>
    </p>
   </div>
   <div class='ocr_carea' id='block_1_62' title="bbox 2261 3213 3841 3320">
    <p class='ocr_par' dir='ltr' id='par_1_62' title="bbox 2261 3213 3841 3316">
     <span class='ocr_line' id='line_1_62' title="bbox 2261 3213 3841 3316; baseline -0.001 -16"><span class='ocrx_word' id='word_1_424' title='bbox 2261 3213 2438 3316; x_wconf 55' lang='lat' dir='ltr'><strong>sepia;</strong></span> <span class='ocrx_word' id='word_1_425' title='bbox 2484 3213 2729 3313; x_wconf 74' lang='grc' dir='ltr'>ἀδάμας,</span> <span class='ocrx_word' id='word_1_426' title='bbox 2780 3213 2962 3312; x_wconf 32' lang='lat'><strong>6-151;</strong></span> <span class='ocrx_word' id='word_1_427' title='bbox 3000 3213 3284 3315; x_wconf 80' lang='grc' dir='ltr'>ὐπομονῆς</span> <span class='ocrx_word' id='word_1_428' title='bbox 3331 3213 3578 3316; x_wconf 74' lang='grc' dir='ltr'>ἀνδριὰς,</span> <span class='ocrx_word' id='word_1_429' title='bbox 3703 3213 3841 3315; x_wconf 74' lang='grc' dir='ltr'>μετὰ</span> 
     </span>
    </p>
   </div>
   <div class='ocr_carea' id='block_1_63' title="bbox 559 3329 2152 3408">
    <p class='ocr_par' dir='ltr' id='par_1_63' title="bbox 559 3329 2151 3399">
     <span class='ocr_line' id='line_1_63' title="bbox 559 3329 2151 3399; baseline 0.013 -21"><span class='ocrx_word' id='word_1_430' title='bbox 559 3336 798 3396; x_wconf 84' lang='lat' dir='ltr'><strong>petram,</strong></span> <span class='ocrx_word' id='word_1_431' title='bbox 827 3337 981 3398; x_wconf 89' lang='lat' dir='ltr'><strong>petra</strong></span> <span class='ocrx_word' id='word_1_432' title='bbox 1007 3329 1058 3363; x_wconf 86' lang='grc'><strong>⁸⁸</strong></span> <span class='ocrx_word' id='word_1_433' title='bbox 1079 3347 1093 3385; x_wconf 92' lang='lat'><strong>:</strong></span> <span class='ocrx_word' id='word_1_434' title='bbox 1113 3347 1146 3387; x_wconf 89' lang='lat' dir='ltr'><strong>a</strong></span> <span class='ocrx_word' id='word_1_435' title='bbox 1171 3331 1394 3390; x_wconf 86' lang='lat' dir='ltr'><strong>Christo</strong></span> <span class='ocrx_word' id='word_1_436' title='bbox 1423 3337 1610 3391; x_wconf 88' lang='lat' dir='ltr'><strong>statim</strong></span> <span class='ocrx_word' id='word_1_437' title='bbox 1639 3337 1865 3394; x_wconf 80' lang='lat' dir='ltr'><strong>firmum</strong></span> <span class='ocrx_word' id='word_1_438' title='bbox 1885 3340 2151 3399; x_wconf 66' lang='lat' dir='ltr'><strong>Ecclesia</strong></span> 
     </span>
    </p>
   </div>
   <div class='ocr_carea' id='block_1_64' title="bbox 2261 3329 3836 3408">
    <p class='ocr_par' dir='ltr' id='par_1_64' title="bbox 2261 3333 3836 3408">
     <span class='ocr_line' id='line_1_64' title="bbox 2261 3333 3836 3408; baseline 0 -18"><span class='ocrx_word' id='word_1_439' title='bbox 2261 3335 2348 3407; x_wconf 77' lang='grc' dir='ltr'>τὴν</span> <span class='ocrx_word' id='word_1_440' title='bbox 2427 3334 2634 3404; x_wconf 85' lang='grc' dir='ltr'>πέτραν</span> <span class='ocrx_word' id='word_1_441' title='bbox 2720 3333 2930 3404; x_wconf 85' lang='grc' dir='ltr'>πέτρα·</span> <span class='ocrx_word' id='word_1_442' title='bbox 2987 3333 3020 3404; x_wconf 82' lang='grc' dir='ltr'><strong>ἡ</strong></span> <span class='ocrx_word' id='word_1_443' title='bbox 3088 3336 3229 3404; x_wconf 83' lang='grc' dir='ltr'><strong>μετά</strong></span> <span class='ocrx_word' id='word_1_444' title='bbox 3298 3335 3392 3388; x_wconf 84' lang='grc' dir='ltr'>τὸν</span> <span class='ocrx_word' id='word_1_445' title='bbox 3445 3337 3676 3408; x_wconf 71' lang='grc' dir='ltr'>Χριστὸν</span> <span class='ocrx_word' id='word_1_446' title='bbox 3745 3337 3836 3390; x_wconf 77' lang='grc' dir='ltr'>εὐ-</span> 
     </span>
    </p>
   </div>
   <div class='ocr_carea' id='block_1_65' title="bbox 559 3415 2152 3505">
    <p class='ocr_par' dir='ltr' id='par_1_65' title="bbox 559 3415 2152 3505">
     <span class='ocr_line' id='line_1_65' title="bbox 559 3415 2152 3505; baseline 0.013 -34"><span class='ocrx_word' id='word_1_447' title='bbox 559 3415 1010 3488; x_wconf 84' lang='lat' dir='ltr'><strong>fundamentum,</strong></span> <span class='ocrx_word' id='word_1_448' title='bbox 1050 3425 1311 3495; x_wconf 86' lang='lat' dir='ltr'><strong>aquilone</strong></span> <span class='ocrx_word' id='word_1_449' title='bbox 1353 3427 1412 3482; x_wconf 91' lang='lat' dir='ltr'><strong>in</strong></span> <span class='ocrx_word' id='word_1_450' title='bbox 1439 3429 1610 3485; x_wconf 88' lang='lat' dir='ltr'><strong>sortis</strong></span> <span class='ocrx_word' id='word_1_451' title='bbox 1641 3440 1854 3500; x_wconf 91' lang='lat' dir='ltr'><strong>partem</strong></span> <span class='ocrx_word' id='word_1_452' title='bbox 1901 3443 2152 3505; x_wconf 88' lang='lat' dir='ltr'><strong>accepto,</strong></span> 
     </span>
    </p>
   </div>
   <div class='ocr_carea' id='block_1_66' title="bbox 2261 3415 3841 3505">
    <p class='ocr_par' dir='ltr' id='par_1_66' title="bbox 2261 3422 3841 3502">
     <span class='ocr_line' id='line_1_66' title="bbox 2261 3422 3841 3502; baseline 0.001 -21"><span class='ocrx_word' id='word_1_453' title='bbox 2261 3428 2350 3490; x_wconf 75' lang='grc' dir='ltr'><strong>Βύς</strong></span> <span class='ocrx_word' id='word_1_454' title='bbox 2397 3424 2650 3497; x_wconf 74' lang='grc' dir='ltr'>ἀρραγὴς</span> <span class='ocrx_word' id='word_1_455' title='bbox 2691 3422 2796 3495; x_wconf 83' lang='grc' dir='ltr'>τῆς</span> <span class='ocrx_word' id='word_1_456' title='bbox 2846 3423 3176 3496; x_wconf 86' lang='grc' dir='ltr'>Ἐκκλησίας</span> <span class='ocrx_word' id='word_1_457' title='bbox 3230 3427 3461 3497; x_wconf 80' lang='grc' dir='ltr'>κρηπὶς,</span> <span class='ocrx_word' id='word_1_458' title='bbox 3499 3429 3592 3482; x_wconf 83' lang='grc' dir='ltr'>τὸν</span> <span class='ocrx_word' id='word_1_459' title='bbox 3641 3428 3841 3502; x_wconf 55' lang='lat' dir='ltr'><strong>posse»</strong></span> 
     </span>
    </p>
   </div>
   <div class='ocr_carea' id='block_1_67' title="bbox 560 3507 2152 3595">
    <p class='ocr_par' dir='ltr' id='par_1_67' title="bbox 560 3507 2152 3595">
     <span class='ocr_line' id='line_1_67' title="bbox 560 3507 2152 3595; baseline 0.013 -33"><span class='ocrx_word' id='word_1_460' title='bbox 560 3507 765 3576; x_wconf 88' lang='lat' dir='ltr'><strong>lberos,</strong></span> <span class='ocrx_word' id='word_1_461' title='bbox 791 3509 1168 3580; x_wconf 88' lang='lat' dir='ltr'><strong>Sauromatas,</strong></span> <span class='ocrx_word' id='word_1_462' title='bbox 1202 3515 1416 3574; x_wconf 85' lang='lat' dir='ltr'><strong>Tauros</strong></span> <span class='ocrx_word' id='word_1_463' title='bbox 1448 3528 1507 3574; x_wconf 93' lang='lat' dir='ltr'><strong>et</strong></span> <span class='ocrx_word' id='word_1_464' title='bbox 1533 3518 1786 3592; x_wconf 78' lang='lat' dir='ltr'><strong>Scythas,</strong></span> <span class='ocrx_word' id='word_1_465' title='bbox 1815 3532 2152 3595; x_wconf 89' lang='lat' dir='ltr'><strong>cunctasque</strong></span> 
     </span>
    </p>
   </div>
   <div class='ocr_carea' id='block_1_68' title="bbox 2261 3507 3914 3595">
    <p class='ocr_par' dir='ltr' id='par_1_68' title="bbox 2261 3515 3914 3593">
     <span class='ocr_line' id='line_1_68' title="bbox 2261 3515 3914 3593; baseline 0.003 -22"><span class='ocrx_word' id='word_1_466' title='bbox 2261 3515 2579 3589; x_wconf 72' lang='grc' dir='ltr'>κληρωθεὶς,</span> <span class='ocrx_word' id='word_1_467' title='bbox 2624 3515 2855 3587; x_wconf 79' lang='grc' dir='ltr'>Ἰσηρας</span> <span class='ocrx_word' id='word_1_468' title='bbox 2901 3517 2996 3572; x_wconf 75' lang='grc' dir='ltr'>καὶ</span> <span class='ocrx_word' id='word_1_469' title='bbox 3025 3518 3412 3591; x_wconf 85' lang='grc' dir='ltr'>Σαυρομάτας,</span> <span class='ocrx_word' id='word_1_470' title='bbox 3452 3520 3711 3593; x_wconf 82' lang='grc' dir='ltr'>Ταύρους</span> <span class='ocrx_word' id='word_1_471' title='bbox 3748 3523 3852 3576; x_wconf 71' lang='grc' dir='ltr'>καὶ</span> <span class='ocrx_word' id='word_1_472' title='bbox 3907 3589 3914 3593; x_wconf 92' lang='lat'><strong><em>_</em></strong></span> 
     </span>
    </p>
   </div>
   <div class='ocr_carea' id='block_1_69' title="bbox 564 3601 2157 3685">
    <p class='ocr_par' dir='ltr' id='par_1_69' title="bbox 564 3601 2157 3685">
     <span class='ocr_line' id='line_1_69' title="bbox 564 3601 2157 3685; baseline 0.013 -31"><span class='ocrx_word' id='word_1_473' title='bbox 564 3601 822 3671; x_wconf 82' lang='lat' dir='ltr'><strong>regiones</strong></span> <span class='ocrx_word' id='word_1_474' title='bbox 849 3620 914 3662; x_wconf 92' lang='lat' dir='ltr'><strong>ac</strong></span> <span class='ocrx_word' id='word_1_475' title='bbox 945 3606 1112 3663; x_wconf 90' lang='lat' dir='ltr'><strong>urbes</strong></span> <span class='ocrx_word' id='word_1_476' title='bbox 1145 3609 1322 3666; x_wconf 91' lang='lat' dir='ltr'><strong>Ponto</strong></span> <span class='ocrx_word' id='word_1_477' title='bbox 1357 3611 1576 3668; x_wconf 84' lang='lat' dir='ltr'><strong>Euxino</strong></span> <span class='ocrx_word' id='word_1_478' title='bbox 1609 3613 1676 3670; x_wconf 84' lang='lat' dir='ltr'><strong>ad</strong></span> <span class='ocrx_word' id='word_1_479' title='bbox 1708 3615 2023 3685; x_wconf 89' lang='lat' dir='ltr'><strong>aquilonem</strong></span> <span class='ocrx_word' id='word_1_480' title='bbox 2053 3633 2157 3674; x_wconf 88' lang='lat' dir='ltr'><strong>au-</strong></span> 
     </span>
    </p>
   </div>
   <div class='ocr_carea' id='block_1_70' title="bbox 561 3696 2154 3782">
    <p class='ocr_par' dir='ltr' id='par_1_70' title="bbox 561 3696 2154 3782">
     <span class='ocr_line' id='line_1_70' title="bbox 561 3696 2154 3782; baseline 0.011 -33"><span class='ocrx_word' id='word_1_481' title='bbox 561 3701 853 3766; x_wconf 81' lang='lat' dir='ltr'><strong>strumque</strong></span> <span class='ocrx_word' id='word_1_482' title='bbox 900 3696 1218 3782; x_wconf 75' lang='lat' dir='ltr'><strong>adjacentes</strong></span> <span class='ocrx_word' id='word_1_483' title='bbox 1260 3702 1594 3762; x_wconf 88' lang='lat' dir='ltr'><strong>circumiens</strong></span> <span class='ocrx_word' id='word_1_484' title='bbox 1645 3701 1797 3763; x_wconf 87' lang='lat' dir='ltr'><strong>insiti</strong></span> <span class='ocrx_word' id='word_1_485' title='bbox 1835 3710 2154 3776; x_wconf 89' lang='lat' dir='ltr'><strong>cucurristi,</strong></span> 
     </span>
    </p>
   </div>
   <div class='ocr_carea' id='block_1_71' title="bbox 559 3786 2151 3874">
    <p class='ocr_par' dir='ltr' id='par_1_71' title="bbox 559 3786 2151 3874">
     <span class='ocr_line' id='line_1_71' title="bbox 559 3786 2151 3874; baseline 0.012 -32"><span class='ocrx_word' id='word_1_486' title='bbox 559 3786 695 3842; x_wconf 84' lang='lat' dir='ltr'><strong>Jesu</strong></span> <span class='ocrx_word' id='word_1_487' title='bbox 720 3793 925 3845; x_wconf 70' lang='lat' dir='ltr'><strong>numen</strong></span> <span class='ocrx_word' id='word_1_488' title='bbox 949 3791 1241 3850; x_wconf 87' lang='lat' dir='ltr'><strong>celebrans</strong></span> <span class='ocrx_word' id='word_1_489' title='bbox 1267 3810 1332 3851; x_wconf 90' lang='lat' dir='ltr'><strong>ac</strong></span> <span class='ocrx_word' id='word_1_490' title='bbox 1363 3797 1676 3855; x_wconf 79' lang='lat' dir='ltr'><strong>clarificans</strong></span> <span class='ocrx_word' id='word_1_491' title='bbox 1697 3801 1998 3857; x_wconf 89' lang='lat' dir='ltr'><strong>cucurristi</strong></span> <span class='ocrx_word' id='word_1_492' title='bbox 2023 3819 2151 3874; x_wconf 92' lang='lat' dir='ltr'><strong>spe-</strong></span> 
     </span>
    </p>
   </div>
   <div class='ocr_carea' id='block_1_72' title="bbox 561 3879 2151 3962">
    <p class='ocr_par' dir='ltr' id='par_1_72' title="bbox 561 3879 2151 3962">
     <span class='ocr_line' id='line_1_72' title="bbox 561 3879 2151 3962; baseline 0.01 -27"><span class='ocrx_word' id='word_1_493' title='bbox 561 3879 733 3937; x_wconf 91' lang='lat' dir='ltr'><strong>ciosis</strong></span> <span class='ocrx_word' id='word_1_494' title='bbox 777 3883 1014 3952; x_wconf 88' lang='lat' dir='ltr'><strong>pedibus</strong></span> <span class='ocrx_word' id='word_1_495' title='bbox 1056 3884 1265 3942; x_wconf 84' lang='lat' dir='ltr'><strong>Christi</strong></span> <span class='ocrx_word' id='word_1_496' title='bbox 1313 3888 1674 3961; x_wconf 88' lang='lat' dir='ltr'><strong>Evangelium</strong></span> <span class='ocrx_word' id='word_1_497' title='bbox 1724 3891 2151 3962; x_wconf 66' lang='lat' dir='ltr'><strong>praedicaturus,</strong></span> 
     </span>
    </p>
   </div>
   <div class='ocr_carea' id='block_1_73' title="bbox 565 3977 2151 4058">
    <p class='ocr_par' dir='ltr' id='par_1_73' title="bbox 565 3977 2151 4058">
     <span class='ocr_line' id='line_1_73' title="bbox 565 3977 2151 4058; baseline 0.01 -31"><span class='ocrx_word' id='word_1_498' title='bbox 565 3979 827 4046; x_wconf 87' lang='lat' dir='ltr'><strong>tanquam</strong></span> <span class='ocrx_word' id='word_1_499' title='bbox 859 3977 1005 4033; x_wconf 86' lang='lat' dir='ltr'><strong>lucis</strong></span> <span class='ocrx_word' id='word_1_500' title='bbox 1053 3994 1232 4050; x_wconf 88' lang='lat' dir='ltr'><strong>penus</strong></span> <span class='ocrx_word' id='word_1_501' title='bbox 1259 3981 1489 4052; x_wconf 87' lang='lat' dir='ltr'><strong>ipseque</strong></span> <span class='ocrx_word' id='word_1_502' title='bbox 1534 3983 1631 4038; x_wconf 90' lang='lat' dir='ltr'><strong>lux</strong></span> <span class='ocrx_word' id='word_1_503' title='bbox 1663 3984 1801 4054; x_wconf 87' lang='lat' dir='ltr'><strong>ipsa,</strong></span> <span class='ocrx_word' id='word_1_504' title='bbox 1827 3985 1894 4042; x_wconf 89' lang='lat' dir='ltr'><strong>ad</strong></span> <span class='ocrx_word' id='word_1_505' title='bbox 1925 4002 2022 4045; x_wconf 90' lang='lat' dir='ltr'><strong>eos</strong></span> <span class='ocrx_word' id='word_1_506' title='bbox 2054 3990 2151 4058; x_wconf 90' lang='lat' dir='ltr'><strong>qui</strong></span> 
     </span>
    </p>
   </div>
   <div class='ocr_carea' id='block_1_74' title="bbox 563 4063 2148 4143">
    <p class='ocr_par' dir='ltr' id='par_1_74' title="bbox 563 4063 2148 4143">
     <span class='ocr_line' id='line_1_74' title="bbox 563 4063 2148 4143; baseline 0.009 -24"><span class='ocrx_word' id='word_1_507' title='bbox 563 4063 908 4125; x_wconf 86' lang='lat' dir='ltr'><strong>densissimis</strong></span> <span class='ocrx_word' id='word_1_508' title='bbox 931 4069 1100 4126; x_wconf 91' lang='lat' dir='ltr'><strong>obsiti</strong></span> <span class='ocrx_word' id='word_1_509' title='bbox 1131 4071 1380 4128; x_wconf 89' lang='lat' dir='ltr'><strong>tenebris</strong></span> <span class='ocrx_word' id='word_1_510' title='bbox 1405 4081 1570 4128; x_wconf 89' lang='lat' dir='ltr'><strong>erant</strong></span> <span class='ocrx_word' id='word_1_511' title='bbox 1603 4081 1665 4129; x_wconf 93' lang='lat' dir='ltr'><strong>ut</strong></span> <span class='ocrx_word' id='word_1_512' title='bbox 1695 4075 2042 4143; x_wconf 89' lang='lat' dir='ltr'><strong>lenissimus,</strong></span> <span class='ocrx_word' id='word_1_513' title='bbox 2078 4077 2148 4135; x_wconf 88' lang='lat' dir='ltr'><strong>ad</strong></span> 
     </span>
    </p>
   </div>
   <div class='ocr_carea' id='block_1_75' title="bbox 560 4160 2154 4229">
    <p class='ocr_par' dir='ltr' id='par_1_75' title="bbox 560 4160 2154 4229">
     <span class='ocr_line' id='line_1_75' title="bbox 560 4160 2154 4229; baseline 0.008 -16"><span class='ocrx_word' id='word_1_514' title='bbox 560 4171 661 4213; x_wconf 84' lang='lat' dir='ltr'><strong>eos</strong></span> <span class='ocrx_word' id='word_1_515' title='bbox 689 4160 784 4229; x_wconf 89' lang='lat' dir='ltr'><strong>qui</strong></span> <span class='ocrx_word' id='word_1_516' title='bbox 810 4160 999 4218; x_wconf 86' lang='lat' dir='ltr'><strong>furore</strong></span> <span class='ocrx_word' id='word_1_517' title='bbox 1027 4162 1397 4221; x_wconf 88' lang='lat' dir='ltr'><strong>incitatissimi</strong></span> <span class='ocrx_word' id='word_1_518' title='bbox 1413 4164 1462 4196; x_wconf 74' lang='lat'>“</span> <span class='ocrx_word' id='word_1_519' title='bbox 1484 4173 1546 4220; x_wconf 92' lang='lat' dir='ltr'><strong>ut</strong></span> <span class='ocrx_word' id='word_1_520' title='bbox 1567 4181 1762 4223; x_wconf 85' lang='lat' dir='ltr'><strong>revera</strong></span> <span class='ocrx_word' id='word_1_521' title='bbox 1786 4169 2154 4226; x_wconf 87' lang='lat' dir='ltr'><strong>suavissimus</strong></span> 
     </span>
    </p>
   </div>
   <div class='ocr_carea' id='block_1_76' title="bbox 563 4250 2151 4327">
    <p class='ocr_par' dir='ltr' id='par_1_76' title="bbox 563 4250 2151 4327">
     <span class='ocr_line' id='line_1_76' title="bbox 563 4250 2151 4327; baseline 0.01 -25"><span class='ocrx_word' id='word_1_522' title='bbox 563 4263 630 4303; x_wconf 89' lang='lat' dir='ltr'><strong>ac</strong></span> <span class='ocrx_word' id='word_1_523' title='bbox 656 4250 1003 4318; x_wconf 88' lang='lat' dir='ltr'><strong>mitissimus,</strong></span> <span class='ocrx_word' id='word_1_524' title='bbox 1027 4254 1096 4310; x_wconf 90' lang='lat' dir='ltr'><strong>ad</strong></span> <span class='ocrx_word' id='word_1_525' title='bbox 1120 4271 1218 4311; x_wconf 89' lang='lat' dir='ltr'><strong>eos</strong></span> <span class='ocrx_word' id='word_1_526' title='bbox 1245 4257 1341 4327; x_wconf 87' lang='lat' dir='ltr'><strong>qui</strong></span> <span class='ocrx_word' id='word_1_527' title='bbox 1360 4258 1717 4314; x_wconf 89' lang='lat' dir='ltr'><strong>immitissimi</strong></span> <span class='ocrx_word' id='word_1_528' title='bbox 1746 4275 1812 4315; x_wconf 92' lang='lat' dir='ltr'><strong>ac</strong></span> <span class='ocrx_word' id='word_1_529' title='bbox 1842 4259 2151 4318; x_wconf 89' lang='lat' dir='ltr'><strong>durissimi.</strong></span> 
     </span>
    </p>
   </div>
   <div class='ocr_carea' id='block_1_77' title="bbox 562 4340 2152 4424">
    <p class='ocr_par' dir='ltr' id='par_1_77' title="bbox 562 4340 2152 4424">
     <span class='ocr_line' id='line_1_77' title="bbox 562 4340 2152 4424; baseline 0.008 -29"><span class='ocrx_word' id='word_1_530' title='bbox 562 4340 842 4409; x_wconf 82' lang='lat' dir='ltr'><strong>Quantum</strong></span> <span class='ocrx_word' id='word_1_531' title='bbox 887 4346 1040 4401; x_wconf 90' lang='lat' dir='ltr'><strong>enim</strong></span> <span class='ocrx_word' id='word_1_532' title='bbox 1077 4347 1308 4403; x_wconf 88' lang='lat' dir='ltr'><strong>istarum</strong></span> <span class='ocrx_word' id='word_1_533' title='bbox 1337 4350 1586 4420; x_wconf 84' lang='lat' dir='ltr'><strong>gentium</strong></span> <span class='ocrx_word' id='word_1_534' title='bbox 1621 4351 1904 4421; x_wconf 89' lang='lat' dir='ltr'><strong>protervia</strong></span> <span class='ocrx_word' id='word_1_535' title='bbox 1951 4354 2152 4424; x_wconf 91' lang='lat' dir='ltr'><strong>major,</strong></span> 
     </span>
    </p>
   </div>
   <div class='ocr_carea' id='block_1_78' title="bbox 2255 3605 3855 3684">
    <p class='ocr_par' dir='ltr' id='par_1_78' title="bbox 2255 3605 3855 3684">
     <span class='ocr_line' id='line_1_78' title="bbox 2255 3605 3855 3684; baseline 0.004 -24"><span class='ocrx_word' id='word_1_536' title='bbox 2255 3605 2490 3672; x_wconf 85' lang='grc' dir='ltr'>Σκύθας,</span> <span class='ocrx_word' id='word_1_537' title='bbox 2515 3606 2611 3660; x_wconf 75' lang='grc' dir='ltr'>καὶ</span> <span class='ocrx_word' id='word_1_538' title='bbox 2643 3605 2828 3660; x_wconf 79' lang='grc' dir='ltr'>πᾶσαν</span> <span class='ocrx_word' id='word_1_539' title='bbox 2859 3607 3045 3679; x_wconf 82' lang='grc' dir='ltr'>χώραν</span> <span class='ocrx_word' id='word_1_540' title='bbox 3083 3607 3180 3664; x_wconf 83' lang='grc' dir='ltr'>καὶ</span> <span class='ocrx_word' id='word_1_541' title='bbox 3213 3610 3391 3675; x_wconf 88' lang='grc' dir='ltr'>πόλιν,</span> <span class='ocrx_word' id='word_1_542' title='bbox 3434 3611 3558 3666; x_wconf 80' lang='grc' dir='ltr'>ὅσαι</span> <span class='ocrx_word' id='word_1_543' title='bbox 3600 3629 3662 3666; x_wconf 89' lang='grc' dir='ltr'><strong>τε</strong></span> <span class='ocrx_word' id='word_1_544' title='bbox 3709 3614 3855 3684; x_wconf 78' lang='grc' dir='ltr'>πρὸς</span> 
     </span>
    </p>
   </div>
   <div class='ocr_carea' id='block_1_79' title="bbox 2261 3699 3858 3776">
    <p class='ocr_par' dir='ltr' id='par_1_79' title="bbox 2261 3699 3858 3776">
     <span class='ocr_line' id='line_1_79' title="bbox 2261 3699 3858 3776; baseline 0.003 -20"><span class='ocrx_word' id='word_1_545' title='bbox 2261 3700 2464 3771; x_wconf 74' lang='grc' dir='ltr'>ἄρκτον</span> <span class='ocrx_word' id='word_1_546' title='bbox 2487 3699 2742 3768; x_wconf 82' lang='grc' dir='ltr'>Εὐξείνου</span> <span class='ocrx_word' id='word_1_547' title='bbox 2778 3699 2875 3756; x_wconf 91' lang='grc' dir='ltr'><strong>τοῦ</strong></span> <span class='ocrx_word' id='word_1_548' title='bbox 2923 3699 3157 3767; x_wconf 88' lang='grc' dir='ltr'>Πόντου,</span> <span class='ocrx_word' id='word_1_549' title='bbox 3204 3704 3302 3757; x_wconf 78' lang='grc' dir='ltr'>καὶ</span> <span class='ocrx_word' id='word_1_550' title='bbox 3351 3703 3476 3758; x_wconf 82' lang='grc' dir='ltr'>ὅσαι</span> <span class='ocrx_word' id='word_1_551' title='bbox 3525 3704 3664 3776; x_wconf 75' lang='grc' dir='ltr'>πρὸς</span> <span class='ocrx_word' id='word_1_552' title='bbox 3697 3705 3858 3760; x_wconf 85' lang='grc' dir='ltr'>νότον</span> 
     </span>
    </p>
   </div>
   <div class='ocr_carea' id='block_1_80' title="bbox 2259 3791 3863 3866">
    <p class='ocr_par' dir='ltr' id='par_1_80' title="bbox 2259 3791 3863 3866">
     <span class='ocr_line' id='line_1_80' title="bbox 2259 3791 3863 3866; baseline 0.001 -19"><span class='ocrx_word' id='word_1_553' title='bbox 2259 3791 2561 3847; x_wconf 86' lang='grc' dir='ltr'>διάκεινται</span> <span class='ocrx_word' id='word_1_554' title='bbox 2595 3791 2845 3864; x_wconf 85' lang='grc' dir='ltr'>περιιὼν,</span> <span class='ocrx_word' id='word_1_555' title='bbox 2873 3793 3113 3865; x_wconf 80' lang='grc' dir='ltr'>ἔδραμες</span> <span class='ocrx_word' id='word_1_556' title='bbox 3167 3797 3231 3849; x_wconf 75' lang='grc' dir='ltr'>ἐν</span> <span class='ocrx_word' id='word_1_557' title='bbox 3277 3795 3422 3866; x_wconf 80' lang='grc' dir='ltr'>δίψει</span> <span class='ocrx_word' id='word_1_558' title='bbox 3468 3796 3712 3864; x_wconf 77' lang='grc' dir='ltr'>δοξάζων</span> <span class='ocrx_word' id='word_1_559' title='bbox 3763 3798 3863 3852; x_wconf 83' lang='grc' dir='ltr'>τὸν</span> 
     </span>
    </p>
   </div>
   <div class='ocr_carea' id='block_1_81' title="bbox 2272 3881 3866 3958">
    <p class='ocr_par' dir='ltr' id='par_1_81' title="bbox 2272 3881 3866 3958">
     <span class='ocr_line' id='line_1_81' title="bbox 2272 3881 3866 3958; baseline 0.004 -21"><span class='ocrx_word' id='word_1_560' title='bbox 2272 3881 2502 3954; x_wconf 82' lang='grc' dir='ltr'>Ἰησοῦν.</span> <span class='ocrx_word' id='word_1_561' title='bbox 2553 3882 2832 3957; x_wconf 87' lang='grc' dir='ltr'>Ἐδραμες</span> <span class='ocrx_word' id='word_1_562' title='bbox 2879 3882 3106 3957; x_wconf 83' lang='grc' dir='ltr'>ὡραίοις</span> <span class='ocrx_word' id='word_1_563' title='bbox 3158 3886 3319 3940; x_wconf 76' lang='grc' dir='ltr'>ποσὶν</span> <span class='ocrx_word' id='word_1_564' title='bbox 3357 3887 3866 3958; x_wconf 80' lang='grc' dir='ltr'>εὐαγγελιούμενος</span> 
     </span>
    </p>
   </div>
   <div class='ocr_carea' id='block_1_82' title="bbox 2258 3975 3868 4054">
    <p class='ocr_par' dir='ltr' id='par_1_82' title="bbox 2258 3975 3868 4054">
     <span class='ocr_line' id='line_1_82' title="bbox 2258 3975 3868 4054; baseline 0.003 -24"><span class='ocrx_word' id='word_1_565' title='bbox 2258 3976 2498 4047; x_wconf 82' lang='grc' dir='ltr'>Χριστόν</span> <span class='ocrx_word' id='word_1_566' title='bbox 2519 3991 2533 4006; x_wconf 90' lang='grc'><strong>·</strong></span> <span class='ocrx_word' id='word_1_567' title='bbox 2570 3975 2647 4040; x_wconf 86' lang='grc' dir='ltr'>ὡς</span> <span class='ocrx_word' id='word_1_568' title='bbox 2692 3976 2907 4046; x_wconf 85' lang='grc' dir='ltr'>πλήρης</span> <span class='ocrx_word' id='word_1_569' title='bbox 2935 3975 3134 4046; x_wconf 77' lang='grc' dir='ltr'>φωτὸς,</span> <span class='ocrx_word' id='word_1_570' title='bbox 3157 3978 3253 4032; x_wconf 70' lang='grc' dir='ltr'>καὶ</span> <span class='ocrx_word' id='word_1_571' title='bbox 3297 3980 3549 4050; x_wconf 78' lang='grc' dir='ltr'>αὐτοφῶς</span> <span class='ocrx_word' id='word_1_572' title='bbox 3578 3981 3680 4046; x_wconf 85' lang='grc' dir='ltr'><strong>ῶν,</strong></span> <span class='ocrx_word' id='word_1_573' title='bbox 3712 3983 3868 4054; x_wconf 81' lang='grc' dir='ltr'>πρὸς</span> 
     </span>
    </p>
   </div>
   <div class='ocr_carea' id='block_1_83' title="bbox 2257 4069 3869 4146">
    <p class='ocr_par' dir='ltr' id='par_1_83' title="bbox 2257 4069 3869 4146">
     <span class='ocr_line' id='line_1_83' title="bbox 2257 4069 3869 4146; baseline 0.002 -23"><span class='ocrx_word' id='word_1_574' title='bbox 2257 4069 2387 4133; x_wconf 85' lang='grc' dir='ltr'>τοὺς</span> <span class='ocrx_word' id='word_1_575' title='bbox 2415 4069 2890 4133; x_wconf 74' lang='grc' dir='ltr'>σκοτεινοτάτουςο</span> <span class='ocrx_word' id='word_1_576' title='bbox 2913 4069 2991 4132; x_wconf 84' lang='grc' dir='ltr'><strong>ῶς</strong></span> <span class='ocrx_word' id='word_1_577' title='bbox 3025 4070 3362 4143; x_wconf 81' lang='grc' dir='ltr'>πραύτατος,</span> <span class='ocrx_word' id='word_1_578' title='bbox 3396 4073 3536 4143; x_wconf 81' lang='grc' dir='ltr'>πρὸς</span> <span class='ocrx_word' id='word_1_579' title='bbox 3561 4073 3705 4138; x_wconf 73' lang='grc' dir='ltr'>,τοὺς</span> <span class='ocrx_word' id='word_1_580' title='bbox 3748 4092 3869 4146; x_wconf 86' lang='grc' dir='ltr'>μα-</span> 
     </span>
    </p>
   </div>
   <div class='ocr_carea' id='block_1_84' title="bbox 2261 4162 3874 4240">
    <p class='ocr_par' dir='ltr' id='par_1_84' title="bbox 2261 4162 3874 4240">
     <span class='ocr_line' id='line_1_84' title="bbox 2261 4162 3874 4240; baseline 0.002 -21"><span class='ocrx_word' id='word_1_581' title='bbox 2261 4163 2633 4227; x_wconf 65' lang='grc' dir='ltr'>νιωτάτους·</span> <span class='ocrx_word' id='word_1_582' title='bbox 2659 4163 2757 4219; x_wconf 84' lang='grc' dir='ltr'>καὶ</span> <span class='ocrx_word' id='word_1_583' title='bbox 2807 4164 2885 4228; x_wconf 82' lang='grc' dir='ltr'>ὥς</span> <span class='ocrx_word' id='word_1_584' title='bbox 2936 4162 3017 4236; x_wconf 85' lang='grc' dir='ltr'><strong>τῷ</strong></span> <span class='ocrx_word' id='word_1_585' title='bbox 3080 4165 3196 4220; x_wconf 79' lang='grc' dir='ltr'>δντι</span> <span class='ocrx_word' id='word_1_586' title='bbox 3255 4167 3643 4238; x_wconf 84' lang='grc' dir='ltr'>χρηστότατος,</span> <span class='ocrx_word' id='word_1_587' title='bbox 3713 4169 3874 4240; x_wconf 79' lang='grc' dir='ltr'>πρὸς</span> 
     </span>
    </p>
   </div>
   <div class='ocr_carea' id='block_1_85' title="bbox 2261 4255 3877 4328">
    <p class='ocr_par' dir='ltr' id='par_1_85' title="bbox 2261 4255 3877 4328">
     <span class='ocr_line' id='line_1_85' title="bbox 2261 4255 3877 4328; baseline 0.001 -17"><span class='ocrx_word' id='word_1_588' title='bbox 2261 4256 2391 4320; x_wconf 84' lang='grc' dir='ltr'><strong>τούς</strong></span> <span class='ocrx_word' id='word_1_589' title='bbox 2417 4255 2768 4326; x_wconf 87' lang='grc' dir='ltr'>ἀτεράμονας</span> <span class='ocrx_word' id='word_1_590' title='bbox 2793 4255 2890 4310; x_wconf 81' lang='grc' dir='ltr'>καὶ</span> <span class='ocrx_word' id='word_1_591' title='bbox 2930 4256 3359 4328; x_wconf 88' lang='grc' dir='ltr'>σκληροτάτους.</span> <span class='ocrx_word' id='word_1_592' title='bbox 3401 4258 3557 4313; x_wconf 85' lang='grc' dir='ltr'>Κατὰ</span> <span class='ocrx_word' id='word_1_593' title='bbox 3590 4259 3877 4314; x_wconf 87' lang='grc' dir='ltr'>τοσοῦτον</span> 
     </span>
    </p>
   </div>
   <div class='ocr_carea' id='block_1_86' title="bbox 2263 4350 3881 4423">
    <p class='ocr_par' dir='ltr' id='par_1_86' title="bbox 2263 4350 3881 4423">
     <span class='ocr_line' id='line_1_86' title="bbox 2263 4350 3881 4423; baseline 0.001 -17"><span class='ocrx_word' id='word_1_594' title='bbox 2263 4353 2373 4422; x_wconf 86' lang='grc' dir='ltr'>γὰρ</span> <span class='ocrx_word' id='word_1_595' title='bbox 2399 4351 2434 4422; x_wconf 80' lang='grc' dir='ltr'><strong>ἡ</strong></span> <span class='ocrx_word' id='word_1_596' title='bbox 2469 4351 2916 4421; x_wconf 84' lang='grc' dir='ltr'>μεγαλοπρέπεια</span> <span class='ocrx_word' id='word_1_597' title='bbox 2943 4353 3042 4422; x_wconf 86' lang='grc' dir='ltr'>τῆς</span> <span class='ocrx_word' id='word_1_598' title='bbox 3077 4350 3175 4422; x_wconf 81' lang='grc' dir='ltr'>σῆς</span> <span class='ocrx_word' id='word_1_599' title='bbox 3207 4352 3431 4423; x_wconf 86' lang='grc' dir='ltr'>ἀρετῆς,</span> <span class='ocrx_word' id='word_1_600' title='bbox 3479 4355 3577 4405; x_wconf 76' lang='grc' dir='ltr'>καὶ</span> <span class='ocrx_word' id='word_1_601' title='bbox 3623 4352 3659 4422; x_wconf 82' lang='grc' dir='ltr'><strong>ἡ</strong></span> <span class='ocrx_word' id='word_1_602' title='bbox 3728 4353 3881 4420; x_wconf 78' lang='grc' dir='ltr'>δόξα</span> 
     </span>
    </p>
   </div>
   <div class='ocr_carea' id='block_1_87' title="bbox 638 4483 2152 4563">
    <p class='ocr_par' dir='ltr' id='par_1_87' title="bbox 638 4483 2132 4563">
     <span class='ocr_line' id='line_1_87' title="bbox 638 4483 2132 4563; baseline 0.007 -26"><span class='ocrx_word' id='word_1_603' title='bbox 638 4484 683 4516; x_wconf 75' lang='grc' dir='ltr'><strong>⁸ο</strong></span> <span class='ocrx_word' id='word_1_604' title='bbox 710 4483 992 4563; x_wconf 51' lang='lat' dir='ltr'><strong>Joarn,__vn,</strong></span> <span class='ocrx_word' id='word_1_605' title='bbox 1015 4485 1084 4542; x_wconf 81' lang='lat'><strong>&#39;59</strong></span> <span class='ocrx_word' id='word_1_606' title='bbox 1107 4502 1122 4554; x_wconf 89' lang='lat'>;</span> <span class='ocrx_word' id='word_1_607' title='bbox 1147 4503 1235 4555; x_wconf 85' lang='lat' dir='ltr'><strong>xx,</strong></span> <span class='ocrx_word' id='word_1_608' title='bbox 1266 4487 1356 4543; x_wconf 72' lang='grc'><strong>22.</strong></span> <span class='ocrx_word' id='word_1_609' title='bbox 1397 4488 1443 4521; x_wconf 74' lang='grc'><strong>⁸⁸</strong></span> <span class='ocrx_word' id='word_1_610' title='bbox 1477 4489 1600 4546; x_wconf 89' lang='lat' dir='ltr'><strong>Act.</strong></span> <span class='ocrx_word' id='word_1_611' title='bbox 1635 4505 1692 4558; x_wconf 81' lang='grc' dir='ltr'><strong>ιι,</strong></span> <span class='ocrx_word' id='word_1_612' title='bbox 1725 4489 1780 4545; x_wconf 78' lang='grc'><strong>2.</strong></span> <span class='ocrx_word' id='word_1_613' title='bbox 1855 4488 1902 4523; x_wconf 75' lang='grc'><strong>⁸³</strong></span> <span class='ocrx_word' id='word_1_614' title='bbox 1934 4491 1956 4547; x_wconf 83' lang='grc' dir='ltr'>Ι</span> <span class='ocrx_word' id='word_1_615' title='bbox 1983 4491 2132 4548; x_wconf 88' lang='lat' dir='ltr'><strong>Petr.</strong></span> 
     </span>
    </p>
   </div>
   <div class='ocr_carea' id='block_1_88' title="bbox 2261 4483 3883 4563">
    <p class='ocr_par' dir='ltr' id='par_1_88' title="bbox 2261 4490 3883 4563">
     <span class='ocr_line' id='line_1_88' title="bbox 2261 4490 3883 4563; baseline 0.003 -16"><span class='ocrx_word' id='word_1_616' title='bbox 2261 4492 2317 4560; x_wconf 79' lang='grc' dir='ltr'>ι;</span> <span class='ocrx_word' id='word_1_617' title='bbox 2347 4490 2482 4548; x_wconf 90' lang='lat' dir='ltr'><strong>Luc.</strong></span> <span class='ocrx_word' id='word_1_618' title='bbox 2513 4506 2659 4557; x_wconf 78' lang='lat' dir='ltr'><strong>xxiv,</strong></span> <span class='ocrx_word' id='word_1_619' title='bbox 2687 4490 2775 4548; x_wconf 62' lang='lat'><strong>49.</strong></span> <span class='ocrx_word' id='word_1_620' title='bbox 2844 4490 2933 4546; x_wconf 77' lang='grc'><strong>⁸³1</strong></span> <span class='ocrx_word' id='word_1_621' title='bbox 2965 4491 3093 4548; x_wconf 90' lang='lat' dir='ltr'><strong>Cor.</strong></span> <span class='ocrx_word' id='word_1_622' title='bbox 3139 4508 3194 4559; x_wconf 85' lang='lat' dir='ltr'><strong>x,</strong></span> <span class='ocrx_word' id='word_1_623' title='bbox 3224 4492 3276 4547; x_wconf 79' lang='grc'><strong>4.</strong></span> <span class='ocrx_word' id='word_1_624' title='bbox 3354 4493 3568 4548; x_wconf 74' lang='lat' dir='ltr'><strong>“Psal.</strong></span> <span class='ocrx_word' id='word_1_625' title='bbox 3618 4509 3741 4560; x_wconf 71' lang='grc' dir='ltr'>ιιι,</span> <span class='ocrx_word' id='word_1_626' title='bbox 3805 4497 3883 4563; x_wconf 84' lang='lat'><strong>5;</strong></span> 
     </span>
    </p>
   </div>
   <div class='ocr_carea' id='block_1_89' title="bbox 565 4549 932 4621">
    <p class='ocr_par' dir='ltr' id='par_1_89' title="bbox 565 4549 932 4621">
     <span class='ocr_line' id='line_1_89' title="bbox 565 4549 932 4621; baseline 0.008 -12"><span class='ocrx_word' id='word_1_627' title='bbox 565 4549 731 4610; x_wconf 79' lang='lat' dir='ltr'><strong>Rom.</strong></span> <span class='ocrx_word' id='word_1_628' title='bbox 753 4571 807 4621; x_wconf 69' lang='grc' dir='ltr'><strong>κ,</strong></span> <span class='ocrx_word' id='word_1_629' title='bbox 843 4557 932 4613; x_wconf 79' lang='grc'><strong>15.</strong></span> 
     </span>
    </p>
   </div>
   <div class='ocr_carea' id='block_1_90' title="bbox 549 4683 2152 4784">
    <p class='ocr_par' dir='ltr' id='par_1_90' title="bbox 549 4683 2152 4784">
     <span class='ocr_line' id='line_1_90' title="bbox 549 4683 2152 4784; baseline -0.008 -12"><span class='ocrx_word' id='word_1_630' title='bbox 549 4683 552 4686; x_wconf 19' lang='grc'><strong><em>⁸</em></strong></span> <span class='ocrx_word' id='word_1_631' title='bbox 583 4771 599 4784; x_wconf 74' lang='grc'><strong>,</strong></span> <span class='ocrx_word' id='word_1_632' title='bbox 637 4700 717 4771; x_wconf 83' lang='grc'><strong>(9)</strong></span> <span class='ocrx_word' id='word_1_633' title='bbox 747 4700 993 4784; x_wconf 58' lang='grc' dir='ltr'>Ἕτςρρν</span> <span class='ocrx_word' id='word_1_634' title='bbox 1022 4701 1229 4784; x_wconf 73' lang='grc' dir='ltr'>ἐτέρου</span> <span class='ocrx_word' id='word_1_635' title='bbox 1280 4702 1667 4784; x_wconf 70' lang='grc' dir='ltr'>προτιμῆσαι.</span> <span class='ocrx_word' id='word_1_636' title='bbox 1704 4704 1904 4784; x_wconf 77' lang='lat' dir='ltr'><strong>_S_9brie</strong></span> <span class='ocrx_word' id='word_1_637' title='bbox 1961 4705 2152 4784; x_wconf 54' lang='lat' dir='ltr'><strong>admo:</strong></span> 
     </span>
    </p>
   </div>
   <div class='ocr_carea' id='block_1_91' title="bbox 2261 4683 3892 4784">
    <p class='ocr_par' dir='ltr' id='par_1_91' title="bbox 2261 4704 3892 4784">
     <span class='ocr_line' id='line_1_91' title="bbox 2261 4704 3892 4784; baseline 0.002 -22"><span class='ocrx_word' id='word_1_638' title='bbox 2261 4720 2456 4784; x_wconf 85' lang='lat' dir='ltr'><strong>n_o_vam</strong></span> <span class='ocrx_word' id='word_1_639' title='bbox 2489 4704 2687 4784; x_wconf 73' lang='lat' dir='ltr'><strong>(ipsam</strong></span> <span class='ocrx_word' id='word_1_640' title='bbox 2712 4718 2966 4784; x_wconf 75' lang='lat' dir='ltr'><strong>errorum</strong></span> <span class='ocrx_word' id='word_1_641' title='bbox 3007 4712 3265 4784; x_wconf 79' lang='lat' dir='ltr'><strong>matrem,</strong></span> <span class='ocrx_word' id='word_1_642' title='bbox 3299 4711 3504 4784; x_wconf 56' lang='lat' dir='ltr'><strong>totque</strong></span> <span class='ocrx_word' id='word_1_643' title='bbox 3543 4704 3892 4784; x_wconf 59' lang='lat' dir='ltr'><strong>haeresiar—</strong></span> 
     </span>
    </p>
   </div>
   <div class='ocr_carea' id='block_1_92' title="bbox 565 4771 3892 4846">
    <p class='ocr_par' dir='ltr' id='par_1_92' title="bbox 565 4771 3892 4846">
     <span class='ocr_line' id='line_1_92' title="bbox 565 4771 3892 4846; baseline 0.003 -19"><span class='ocrx_word' id='word_1_644' title='bbox 565 4771 700 4827; x_wconf 90' lang='lat' dir='ltr'><strong>dum</strong></span> <span class='ocrx_word' id='word_1_645' title='bbox 721 4772 1098 4846; x_wconf 75' lang='lat' dir='ltr'><strong>apostolorum</strong></span> <span class='ocrx_word' id='word_1_646' title='bbox 1137 4771 1411 4844; x_wconf 74' lang='grc' dir='ltr'>ἰσοτιμίαν</span> <span class='ocrx_word' id='word_1_647' title='bbox 1448 4771 1677 4844; x_wconf 80' lang='lat' dir='ltr'><strong>exponit</strong></span> <span class='ocrx_word' id='word_1_648' title='bbox 1704 4776 1948 4837; x_wconf 88' lang='lat' dir='ltr'><strong>Nicetas.</strong></span> <span class='ocrx_word' id='word_1_649' title='bbox 2001 4777 2149 4846; x_wconf 92' lang='lat' dir='ltr'><strong>quod</strong></span> <span class='ocrx_word' id='word_1_650' title='bbox 2186 4771 2222 4780; x_wconf 66' lang='grc'><strong>⁷</strong></span> <span class='ocrx_word' id='word_1_651' title='bbox 2258 4776 2379 4832; x_wconf 92' lang='lat' dir='ltr'><strong>chis</strong></span> <span class='ocrx_word' id='word_1_652' title='bbox 2404 4771 2751 4846; x_wconf 80' lang='lat' dir='ltr'><strong>antistitibus</strong></span> <span class='ocrx_word' id='word_1_653' title='bbox 2786 4774 3097 4846; x_wconf 73' lang='lat' dir='ltr'><strong>incessam,</strong></span> <span class='ocrx_word' id='word_1_654' title='bbox 3121 4775 3205 4846; x_wconf 86' lang='lat' dir='ltr'><strong>uti</strong></span> <span class='ocrx_word' id='word_1_655' title='bbox 3234 4771 3436 4846; x_wconf 80' lang='lat' dir='ltr'><strong>merito</strong></span> <span class='ocrx_word' id='word_1_656' title='bbox 3465 4774 3696 4832; x_wconf 87' lang='lat' dir='ltr'><strong>Calecas</strong></span> <span class='ocrx_word' id='word_1_657' title='bbox 3761 4797 3892 4836; x_wconf 83' lang='lat' dir='ltr'><strong>no-</strong></span> 
     </span>
    </p>
   </div>
   <div class='ocr_carea' id='block_1_93' title="bbox 567 4843 2143 4907">
    <p class='ocr_par' dir='ltr' id='par_1_93' title="bbox 567 4843 2143 4907">
     <span class='ocr_line' id='line_1_93' title="bbox 567 4843 2143 4907; baseline 0.003 -10"><span class='ocrx_word' id='word_1_658' title='bbox 567 4858 678 4897; x_wconf 91' lang='lat' dir='ltr'><strong>una</strong></span> <span class='ocrx_word' id='word_1_659' title='bbox 705 4843 945 4907; x_wconf 88' lang='lat' dir='ltr'><strong>vocatio,</strong></span> <span class='ocrx_word' id='word_1_660' title='bbox 962 4843 1157 4899; x_wconf 91' lang='lat' dir='ltr'><strong>eadem</strong></span> <span class='ocrx_word' id='word_1_661' title='bbox 1195 4843 1460 4900; x_wconf 86' lang='lat' dir='ltr'><strong>concessa</strong></span> <span class='ocrx_word' id='word_1_662' title='bbox 1493 4843 1726 4902; x_wconf 85' lang='lat' dir='ltr'><strong>munera</strong></span> <span class='ocrx_word' id='word_1_663' title='bbox 1769 4848 1961 4904; x_wconf 88' lang='lat' dir='ltr'><strong>eadem</strong></span> <span class='ocrx_word' id='word_1_664' title='bbox 2001 4843 2143 4904; x_wconf 79' lang='lat' dir='ltr'><strong>cun-</strong></span> 
     </span>
    </p>
   </div>
   <div class='ocr_carea' id='block_1_94' title="bbox 565 4911 2151 4989">
    <p class='ocr_par' dir='ltr' id='par_1_94' title="bbox 565 4911 2151 4989">
     <span class='ocr_line' id='line_1_94' title="bbox 565 4911 2151 4989; baseline 0.006 -25"><span class='ocrx_word' id='word_1_665' title='bbox 565 4911 976 4989; x_wconf 75' lang='lat' dir='ltr'><strong>ctisdestinata</strong></span> <span class='ocrx_word' id='word_1_666' title='bbox 1013 4915 1319 4989; x_wconf 74' lang='lat' dir='ltr'><strong>provincia,</strong></span> <span class='ocrx_word' id='word_1_667' title='bbox 1367 4915 1708 4989; x_wconf 71' lang='lat' dir='ltr'><strong>praedicandi</strong></span> <span class='ocrx_word' id='word_1_668' title='bbox 1749 4917 2038 4989; x_wconf 79' lang='lat' dir='ltr'><strong>Evangelii</strong></span> <span class='ocrx_word' id='word_1_669' title='bbox 2085 4934 2151 4974; x_wconf 89' lang='lat' dir='ltr'><strong>ac</strong></span> 
     </span>
    </p>
   </div>
   <div class='ocr_carea' id='block_1_95' title="bbox 567 4982 2150 5056">
    <p class='ocr_par' dir='ltr' id='par_1_95' title="bbox 567 4982 2150 5056">
     <span class='ocr_line' id='line_1_95' title="bbox 567 4982 2150 5056; baseline 0.004 -19"><span class='ocrx_word' id='word_1_670' title='bbox 567 4982 838 5037; x_wconf 89' lang='lat' dir='ltr'><strong>fundandi</strong></span> <span class='ocrx_word' id='word_1_671' title='bbox 863 4982 1147 5056; x_wconf 80' lang='lat' dir='ltr'><strong>ecclesias,</strong></span> <span class='ocrx_word' id='word_1_672' title='bbox 1171 4986 1318 5056; x_wconf 81' lang='lat' dir='ltr'><strong>quod</strong></span> <span class='ocrx_word' id='word_1_673' title='bbox 1340 4982 1478 5040; x_wconf 79' lang='lat' dir='ltr'><strong>nihil</strong></span> <span class='ocrx_word' id='word_1_674' title='bbox 1537 4989 1688 5044; x_wconf 80' lang='lat' dir='ltr'><strong>laedit</strong></span> <span class='ocrx_word' id='word_1_675' title='bbox 1732 4982 1970 5043; x_wconf 78' lang='lat' dir='ltr'><strong>aliorum</strong></span> <span class='ocrx_word' id='word_1_676' title='bbox 2014 4989 2150 5043; x_wconf 85' lang='lat' dir='ltr'><strong>alio-</strong></span> 
     </span>
    </p>
   </div>
   <div class='ocr_carea' id='block_1_96' title="bbox 567 5055 2149 5130">
    <p class='ocr_par' dir='ltr' id='par_1_96' title="bbox 567 5055 2149 5130">
     <span class='ocr_line' id='line_1_96' title="bbox 567 5055 2149 5130; baseline 0.004 -23"><span class='ocrx_word' id='word_1_677' title='bbox 567 5069 804 5124; x_wconf 91' lang='lat' dir='ltr'><strong>rumque</strong></span> <span class='ocrx_word' id='word_1_678' title='bbox 826 5055 1116 5130; x_wconf 79' lang='grc' dir='ltr'>προνόμια,</span> <span class='ocrx_word' id='word_1_679' title='bbox 1144 5057 1381 5130; x_wconf 81' lang='lat' dir='ltr'><strong>maxime</strong></span> <span class='ocrx_word' id='word_1_680' title='bbox 1415 5057 1585 5130; x_wconf 83' lang='lat' dir='ltr'><strong>Petri,</strong></span> <span class='ocrx_word' id='word_1_681' title='bbox 1615 5058 1764 5130; x_wconf 89' lang='lat' dir='ltr'><strong>quod</strong></span> <span class='ocrx_word' id='word_1_682' title='bbox 1786 5060 1966 5130; x_wconf 82' lang='lat' dir='ltr'><strong>gregis</strong></span> <span class='ocrx_word' id='word_1_683' title='bbox 1991 5059 2149 5129; x_wconf 90' lang='lat' dir='ltr'><strong>prin-</strong></span> 
     </span>
    </p>
   </div>
   <div class='ocr_carea' id='block_1_97' title="bbox 565 5125 2147 5198">
    <p class='ocr_par' dir='ltr' id='par_1_97' title="bbox 565 5125 2147 5198">
     <span class='ocr_line' id='line_1_97' title="bbox 565 5125 2147 5198; baseline 0.003 -19"><span class='ocrx_word' id='word_1_684' title='bbox 565 5139 698 5198; x_wconf 80' lang='lat' dir='ltr'><strong>ceps</strong></span> <span class='ocrx_word' id='word_1_685' title='bbox 735 5134 855 5178; x_wconf 87' lang='lat' dir='ltr'><strong>erat</strong></span> <span class='ocrx_word' id='word_1_686' title='bbox 886 5125 1146 5198; x_wconf 89' lang='lat' dir='ltr'><strong>quodque</strong></span> <span class='ocrx_word' id='word_1_687' title='bbox 1165 5127 1232 5198; x_wconf 18' lang='lat' dir='ltr'><strong>Ain</strong></span> <span class='ocrx_word' id='word_1_688' title='bbox 1255 5143 1321 5198; x_wconf 90' lang='lat' dir='ltr'><strong>eo</strong></span> <span class='ocrx_word' id='word_1_689' title='bbox 1350 5125 1858 5198; x_wconf 45' lang='lat' dir='ltr'><strong>designata—unitas,</strong></span> <span class='ocrx_word' id='word_1_690' title='bbox 1886 5125 2010 5184; x_wconf 66' lang='lat' dir='ltr'><strong>nec</strong></span> <span class='ocrx_word' id='word_1_691' title='bbox 2040 5131 2147 5187; x_wconf 88' lang='lat' dir='ltr'><strong>nisi</strong></span> 
     </span>
    </p>
   </div>
   <div class='ocr_carea' id='block_1_98' title="bbox 565 5195 2148 5271">
    <p class='ocr_par' dir='ltr' id='par_1_98' title="bbox 565 5195 2148 5271">
     <span class='ocr_line' id='line_1_98' title="bbox 565 5195 2148 5271; baseline 0.003 -21"><span class='ocrx_word' id='word_1_692' title='bbox 565 5195 696 5271; x_wconf 71' lang='lat' dir='ltr'><strong>ejus</strong></span> <span class='ocrx_word' id='word_1_693' title='bbox 717 5195 1118 5271; x_wconf 75' lang='lat' dir='ltr'><strong>communione</strong></span> <span class='ocrx_word' id='word_1_694' title='bbox 1154 5195 1450 5271; x_wconf 74' lang='lat' dir='ltr'><strong>fundanda:</strong></span> <span class='ocrx_word' id='word_1_695' title='bbox 1477 5195 1771 5264; x_wconf 53' lang='lat' dir='ltr'><strong>Ecclesiae,</strong></span> <span class='ocrx_word' id='word_1_696' title='bbox 1801 5210 1956 5256; x_wconf 85' lang='lat' dir='ltr'><strong>extra</strong></span> <span class='ocrx_word' id='word_1_697' title='bbox 1983 5217 2148 5271; x_wconf 91' lang='lat' dir='ltr'><strong>quam</strong></span> 
     </span>
    </p>
   </div>
   <div class='ocr_carea' id='block_1_99' title="bbox 565 5265 2153 5343">
    <p class='ocr_par' dir='ltr' id='par_1_99' title="bbox 565 5265 2153 5343">
     <span class='ocr_line' id='line_1_99' title="bbox 565 5265 2153 5343; baseline 0.004 -23"><span class='ocrx_word' id='word_1_698' title='bbox 565 5265 846 5343; x_wconf 82' lang='lat' dir='ltr'><strong>quidquid</strong></span> <span class='ocrx_word' id='word_1_699' title='bbox 858 5267 1378 5343; x_wconf 67' lang='lat' dir='ltr'><strong>est,_pr_ofanum;est</strong></span> <span class='ocrx_word' id='word_1_700' title='bbox 1395 5283 1409 5320; x_wconf 90' lang='lat'><strong>:</strong></span> <span class='ocrx_word' id='word_1_701' title='bbox 1430 5272 1708 5343; x_wconf 62' lang='lat' dir='ltr'><strong>nedumjn</strong></span> <span class='ocrx_word' id='word_1_702' title='bbox 1735 5271 1850 5341; x_wconf 84' lang='lat' dir='ltr'><strong>ipsa</strong></span> <span class='ocrx_word' id='word_1_703' title='bbox 1872 5265 2018 5343; x_wconf 83' lang='lat' dir='ltr'><strong>Petri</strong></span> <span class='ocrx_word' id='word_1_704' title='bbox 2033 5288 2153 5342; x_wconf 90' lang='lat' dir='ltr'><strong>per-</strong></span> 
     </span>
    </p>
   </div>
   <div class='ocr_carea' id='block_1_100' title="bbox 524 5336 2150 5408">
    <p class='ocr_par' dir='ltr' id='par_1_100' title="bbox 524 5336 2150 5408">
     <span class='ocr_line' id='line_1_100' title="bbox 524 5336 2150 5408; baseline 0.004 -18"><span class='ocrx_word' id='word_1_705' title='bbox 524 5342 530 5354; x_wconf 97' lang='lat'><strong><em>&#39;</em></strong></span> <span class='ocrx_word' id='word_1_706' title='bbox 565 5351 724 5408; x_wconf 79' lang='lat' dir='ltr'><strong>sena,</strong></span> <span class='ocrx_word' id='word_1_707' title='bbox 751 5336 850 5392; x_wconf 86' lang='lat' dir='ltr'><strong>sed</strong></span> <span class='ocrx_word' id='word_1_708' title='bbox 876 5345 936 5392; x_wconf 92' lang='lat' dir='ltr'><strong>et</strong></span> <span class='ocrx_word' id='word_1_709' title='bbox 968 5336 1023 5392; x_wconf 81' lang='lat' dir='ltr'><strong>in</strong></span> <span class='ocrx_word' id='word_1_710' title='bbox 1055 5338 1165 5393; x_wconf 89' lang='lat' dir='ltr'><strong>illis</strong></span> <span class='ocrx_word' id='word_1_711' title='bbox 1201 5337 1298 5408; x_wconf 90' lang='lat' dir='ltr'><strong>qui</strong></span> <span class='ocrx_word' id='word_1_712' title='bbox 1327 5339 1480 5397; x_wconf 90' lang='lat' dir='ltr'><strong>Petri</strong></span> <span class='ocrx_word' id='word_1_713' title='bbox 1518 5336 1871 5398; x_wconf 75' lang='lat' dir='ltr'><strong>successores</strong></span> <span class='ocrx_word' id='word_1_714' title='bbox 1891 5336 2150 5398; x_wconf 63' lang='lat' dir='ltr'><strong>Ecclesiae</strong></span> 
     </span>
    </p>
   </div>
   <div class='ocr_carea' id='block_1_101' title="bbox 565 5407 2150 5480">
    <p class='ocr_par' dir='ltr' id='par_1_101' title="bbox 565 5407 2150 5480">
     <span class='ocr_line' id='line_1_101' title="bbox 565 5407 2150 5480; baseline 0.005 -20"><span class='ocrx_word' id='word_1_715' title='bbox 565 5407 786 5480; x_wconf 59' lang='lat' dir='ltr'><strong>clavum</strong></span> <span class='ocrx_word' id='word_1_716' title='bbox 815 5415 1027 5473; x_wconf 88' lang='lat' dir='ltr'><strong>tenent,</strong></span> <span class='ocrx_word' id='word_1_717' title='bbox 1059 5409 1117 5463; x_wconf 91' lang='lat' dir='ltr'><strong>in</strong></span> <span class='ocrx_word' id='word_1_718' title='bbox 1147 5407 1326 5480; x_wconf 86' lang='lat' dir='ltr'><strong>ipsum</strong></span> <span class='ocrx_word' id='word_1_719' title='bbox 1355 5413 1540 5468; x_wconf 57' lang='lat' dir='ltr'><strong>saeculi</strong></span> <span class='ocrx_word' id='word_1_720' title='bbox 1572 5413 1758 5478; x_wconf 85' lang='lat' dir='ltr'><strong>finem,</strong></span> <span class='ocrx_word' id='word_1_721' title='bbox 1805 5429 1869 5468; x_wconf 87' lang='lat' dir='ltr'><strong>ac</strong></span> <span class='ocrx_word' id='word_1_722' title='bbox 1902 5413 2150 5480; x_wconf 86' lang='lat' dir='ltr'><strong>quandiu</strong></span> 
     </span>
    </p>
   </div>
   <div class='ocr_carea' id='block_1_102' title="bbox 569 5475 2151 5550">
    <p class='ocr_par' dir='ltr' id='par_1_102' title="bbox 569 5475 2151 5550">
     <span class='ocr_line' id='line_1_102' title="bbox 569 5475 2151 5550; baseline 0.006 -20"><span class='ocrx_word' id='word_1_723' title='bbox 569 5475 838 5550; x_wconf 79' lang='lat' dir='ltr'><strong>Ecclesia,</strong></span> <span class='ocrx_word' id='word_1_724' title='bbox 871 5494 983 5534; x_wconf 91' lang='lat' dir='ltr'><strong>una</strong></span> <span class='ocrx_word' id='word_1_725' title='bbox 1025 5481 1118 5534; x_wconf 91' lang='lat' dir='ltr'><strong>illa</strong></span> <span class='ocrx_word' id='word_1_726' title='bbox 1169 5475 1397 5550; x_wconf 73' lang='lat' dir='ltr'><strong>sponsa,</strong></span> <span class='ocrx_word' id='word_1_727' title='bbox 1456 5485 1543 5538; x_wconf 92' lang='lat' dir='ltr'><strong>vel</strong></span> <span class='ocrx_word' id='word_1_728' title='bbox 1576 5485 1632 5538; x_wconf 92' lang='lat' dir='ltr'><strong>in</strong></span> <span class='ocrx_word' id='word_1_729' title='bbox 1683 5475 1799 5538; x_wconf 84' lang='lat' dir='ltr'><strong>suis</strong></span> <span class='ocrx_word' id='word_1_730' title='bbox 1828 5475 2056 5538; x_wconf 64' lang='lat' dir='ltr'><strong>faecibus</strong></span> <span class='ocrx_word' id='word_1_731' title='bbox 2087 5499 2151 5539; x_wconf 91' lang='lat' dir='ltr'><strong>ac</strong></span> 
     </span>
    </p>
   </div>
   <div class='ocr_carea' id='block_1_103' title="bbox 567 5546 2151 5624">
    <p class='ocr_par' dir='ltr' id='par_1_103' title="bbox 567 5546 2151 5624">
     <span class='ocr_line' id='line_1_103' title="bbox 567 5546 2151 5624; baseline 0.008 -27"><span class='ocrx_word' id='word_1_732' title='bbox 567 5546 768 5624; x_wconf 59' lang='lat' dir='ltr'><strong>guinis,</strong></span> <span class='ocrx_word' id='word_1_733' title='bbox 844 5561 1131 5620; x_wconf 91' lang='lat' dir='ltr'><strong>superstes</strong></span> <span class='ocrx_word' id='word_1_734' title='bbox 1181 5546 1370 5624; x_wconf 72' lang='lat' dir='ltr'><strong>futura</strong></span> <span class='ocrx_word' id='word_1_735' title='bbox 1427 5565 1532 5610; x_wconf 88' lang='lat' dir='ltr'><strong>est.</strong></span> <span class='ocrx_word' id='word_1_736' title='bbox 1585 5555 1906 5610; x_wconf 87' lang='lat' dir='ltr'><strong>Glorientur</strong></span> <span class='ocrx_word' id='word_1_737' title='bbox 1965 5556 2151 5624; x_wconf 89' lang='lat' dir='ltr'><strong>itaque</strong></span> 
     </span>
    </p>
   </div>
   <div class='ocr_carea' id='block_1_104' title="bbox 566 5615 2152 5695">
    <p class='ocr_par' dir='ltr' id='par_1_104' title="bbox 566 5615 2152 5695">
     <span class='ocr_line' id='line_1_104' title="bbox 566 5615 2152 5695; baseline 0.011 -28"><span class='ocrx_word' id='word_1_738' title='bbox 566 5615 767 5695; x_wconf 56' lang='grc' dir='ltr'><strong>(ξηροί.</strong></span> <span class='ocrx_word' id='word_1_739' title='bbox 794 5635 862 5695; x_wconf 91' lang='lat' dir='ltr'><strong>a_c</strong></span> <span class='ocrx_word' id='word_1_740' title='bbox 893 5615 1168 5695; x_wconf 81' lang='lat' dir='ltr'><strong>quotquot</strong></span> <span class='ocrx_word' id='word_1_741' title='bbox 1199 5621 1306 5695; x_wconf 10' lang='lat' dir='ltr'><strong>alii;</strong></span> <span class='ocrx_word' id='word_1_742' title='bbox 1333 5638 1364 5677; x_wconf 89' lang='lat' dir='ltr'><strong>a</strong></span> <span class='ocrx_word' id='word_1_743' title='bbox 1393 5627 1638 5680; x_wconf 84' lang='lat' dir='ltr'><strong>Romana</strong></span> <span class='ocrx_word' id='word_1_744' title='bbox 1670 5625 1915 5680; x_wconf 88' lang='lat' dir='ltr'><strong>Ecclesia</strong></span> <span class='ocrx_word' id='word_1_745' title='bbox 1944 5615 2152 5684; x_wconf 73' lang='lat' dir='ltr'><strong>disces-</strong></span> 
     </span>
    </p>
   </div>
   <div class='ocr_carea' id='block_1_105' title="bbox 567 5689 2148 5764">
    <p class='ocr_par' dir='ltr' id='par_1_105' title="bbox 567 5689 2148 5764">
     <span class='ocr_line' id='line_1_105' title="bbox 567 5689 2148 5764; baseline 0.007 -27"><span class='ocrx_word' id='word_1_746' title='bbox 567 5689 782 5740; x_wconf 85' lang='lat' dir='ltr'><strong>sionem</strong></span> <span class='ocrx_word' id='word_1_747' title='bbox 813 5689 1080 5764; x_wconf 77' lang='lat' dir='ltr'><strong>fecerunt,</strong></span> <span class='ocrx_word' id='word_1_748' title='bbox 1103 5693 1361 5747; x_wconf 70' lang='lat' dir='ltr'><strong>Ecclesiae</strong></span> <span class='ocrx_word' id='word_1_749' title='bbox 1384 5697 1668 5750; x_wconf 62' lang='lat' dir='ltr'><strong>catholicae</strong></span> <span class='ocrx_word' id='word_1_750' title='bbox 1691 5695 1910 5749; x_wconf 89' lang='lat' dir='ltr'><strong>nomine</strong></span> <span class='ocrx_word' id='word_1_751' title='bbox 1933 5713 1946 5760; x_wconf 94' lang='lat'><strong>;</strong></span> <span class='ocrx_word' id='word_1_752' title='bbox 1974 5713 2148 5764; x_wconf 85' lang='grc' dir='ltr'>παρα-</span> 
     </span>
    </p>
   </div>
   <div class='ocr_carea' id='block_1_106' title="bbox 572 5759 2150 5836">
    <p class='ocr_par' dir='ltr' id='par_1_106' title="bbox 572 5759 2150 5836">
     <span class='ocr_line' id='line_1_106' title="bbox 572 5759 2150 5836; baseline 0.007 -25"><span class='ocrx_word' id='word_1_753' title='bbox 572 5759 864 5836; x_wconf 57' lang='grc' dir='ltr'>εξυναγωγῂ</span> <span class='ocrx_word' id='word_1_754' title='bbox 889 5772 1008 5836; x_wconf 62' lang='lat' dir='ltr'><strong>est,</strong></span> <span class='ocrx_word' id='word_1_755' title='bbox 1044 5779 1167 5831; x_wconf 69' lang='lat' dir='ltr'><strong>quae</strong></span> <span class='ocrx_word' id='word_1_756' title='bbox 1198 5764 1288 5836; x_wconf 2' lang='lat' dir='ltr'><strong>psic</strong></span> <span class='ocrx_word' id='word_1_757' title='bbox 1318 5764 1460 5821; x_wconf 89' lang='lat' dir='ltr'><strong>ludit</strong></span> <span class='ocrx_word' id='word_1_758' title='bbox 1511 5768 1730 5836; x_wconf 84' lang='lat' dir='ltr'><strong>illisque</strong></span> <span class='ocrx_word' id='word_1_759' title='bbox 1779 5759 2004 5832; x_wconf 88' lang='lat' dir='ltr'><strong>mansit,</strong></span> <span class='ocrx_word' id='word_1_760' title='bbox 2040 5759 2150 5821; x_wconf 79' lang='lat' dir='ltr'><strong>non</strong></span> 
     </span>
    </p>
   </div>
   <div class='ocr_carea' id='block_1_107' title="bbox 573 5823 2151 5900">
    <p class='ocr_par' dir='ltr' id='par_1_107' title="bbox 573 5823 2151 5900">
     <span class='ocr_line' id='line_1_107' title="bbox 573 5823 2151 5900; baseline 0.007 -20"><span class='ocrx_word' id='word_1_761' title='bbox 573 5823 728 5883; x_wconf 9' lang='lat' dir='ltr'><strong>Petri,</strong></span> <span class='ocrx_word' id='word_1_762' title='bbox 761 5823 1370 5899; x_wconf 46' lang='lat' dir='ltr'><strong>privilegio-seniorem</strong></span> <span class='ocrx_word' id='word_1_763' title='bbox 1420 5823 1654 5894; x_wconf 63' lang='lat' dir='ltr'><strong>Romani</strong></span> <span class='ocrx_word' id='word_1_764' title='bbox 1709 5823 2020 5900; x_wconf 75' lang='lat' dir='ltr'><strong>deficiente,</strong></span> <span class='ocrx_word' id='word_1_765' title='bbox 2084 5838 2151 5891; x_wconf 86' lang='lat' dir='ltr'><strong>ad</strong></span> 
     </span>
    </p>
   </div>
   <div class='ocr_carea' id='block_1_108' title="bbox 2256 4843 3895 4918">
    <p class='ocr_par' dir='ltr' id='par_1_108' title="bbox 2256 4843 3895 4918">
     <span class='ocr_line' id='line_1_108' title="bbox 2256 4843 3895 4918; baseline 0.001 -17"><span class='ocrx_word' id='word_1_766' title='bbox 2256 4856 2372 4918; x_wconf 86' lang='lat' dir='ltr'><strong>ster</strong></span> <span class='ocrx_word' id='word_1_767' title='bbox 2394 4848 2512 4916; x_wconf 88' lang='lat' dir='ltr'><strong>ipse</strong></span> <span class='ocrx_word' id='word_1_768' title='bbox 2551 4844 2775 4918; x_wconf 65' lang='lat' dir='ltr'><strong>Graecus</strong></span> <span class='ocrx_word' id='word_1_769' title='bbox 2788 4843 2998 4918; x_wconf 61' lang='lat' dir='ltr'><strong>Graecis</strong></span> <span class='ocrx_word' id='word_1_770' title='bbox 3017 4845 3134 4918; x_wconf 78' lang='lat' dir='ltr'><strong>suis</strong></span> <span class='ocrx_word' id='word_1_771' title='bbox 3156 4844 3370 4918; x_wconf 78' lang='lat' dir='ltr'><strong>objicit,</strong></span> <span class='ocrx_word' id='word_1_772' title='bbox 3395 4846 3451 4899; x_wconf 91' lang='lat' dir='ltr'><strong>in</strong></span> <span class='ocrx_word' id='word_1_773' title='bbox 3468 4861 3570 4901; x_wconf 90' lang='lat' dir='ltr'><strong>suo</strong></span> <span class='ocrx_word' id='word_1_774' title='bbox 3588 4847 3662 4898; x_wconf 70' lang='lat' dir='ltr'><strong>ne</strong></span> <span class='ocrx_word' id='word_1_775' title='bbox 3674 4850 3744 4918; x_wconf 71' lang='grc' dir='ltr'>ρὶ</span> <span class='ocrx_word' id='word_1_776' title='bbox 3779 4855 3895 4906; x_wconf 78' lang='grc' dir='ltr'><strong>οὑ-</strong></span> 
     </span>
    </p>
   </div>
   <div class='ocr_carea' id='block_1_109' title="bbox 2258 4914 3896 4987">
    <p class='ocr_par' dir='ltr' id='par_1_109' title="bbox 2258 4914 3896 4987">
     <span class='ocr_line' id='line_1_109' title="bbox 2258 4914 3896 4987; baseline 0.005 -17"><span class='ocrx_word' id='word_1_777' title='bbox 2258 4917 2382 4981; x_wconf 84' lang='grc' dir='ltr'>σίας</span> <span class='ocrx_word' id='word_1_778' title='bbox 2413 4914 2470 4971; x_wconf 78' lang='lat' dir='ltr'><strong>et</strong></span> <span class='ocrx_word' id='word_1_779' title='bbox 2499 4914 2807 4987; x_wconf 75' lang='grc' dir='ltr'>ἐνεργείας)</span> <span class='ocrx_word' id='word_1_780' title='bbox 2838 4914 3101 4987; x_wconf 68' lang='lat' dir='ltr'><strong>Ecclesia:</strong></span> <span class='ocrx_word' id='word_1_781' title='bbox 3151 4915 3439 4970; x_wconf 66' lang='lat' dir='ltr'><strong>catholicae</strong></span> <span class='ocrx_word' id='word_1_782' title='bbox 3459 4931 3576 4987; x_wconf 17' lang='lat' dir='ltr'><strong>ires</strong></span> <span class='ocrx_word' id='word_1_783' title='bbox 3609 4914 3896 4978; x_wconf 65' lang='lat' dir='ltr'><strong>nomen-</strong></span> 
     </span>
    </p>
   </div>
   <div class='ocr_carea' id='block_1_110' title="bbox 2258 4985 3896 5058">
    <p class='ocr_par' dir='ltr' id='par_1_110' title="bbox 2258 4985 3896 5058">
     <span class='ocr_line' id='line_1_110' title="bbox 2258 4985 3896 5058; baseline -0.003 -16"><span class='ocrx_word' id='word_1_784' title='bbox 2258 5003 2368 5058; x_wconf 86' lang='lat' dir='ltr'><strong>que</strong></span> <span class='ocrx_word' id='word_1_785' title='bbox 2400 4985 2672 5042; x_wconf 85' lang='lat' dir='ltr'><strong>transivit.</strong></span> <span class='ocrx_word' id='word_1_786' title='bbox 2708 4985 3309 5058; x_wconf 12' lang='lat' dir='ltr'><strong>[leseribebamgnuper</strong></span> <span class='ocrx_word' id='word_1_787' title='bbox 3328 5001 3395 5040; x_wconf 85' lang='lat' dir='ltr'><strong>ex</strong></span> <span class='ocrx_word' id='word_1_788' title='bbox 3429 4986 3492 5058; x_wconf 68' lang='grc' dir='ltr'><strong>Υ.</strong></span> <span class='ocrx_word' id='word_1_789' title='bbox 3526 4987 3896 5058; x_wconf 75' lang='lat' dir='ltr'><strong>cl.probe-</strong></span> 
     </span>
    </p>
   </div>
   <div class='ocr_carea' id='block_1_111' title="bbox 2297 5055 3900 5126">
    <p class='ocr_par' dir='ltr' id='par_1_111' title="bbox 2297 5055 3900 5126">
     <span class='ocr_line' id='line_1_111' title="bbox 2297 5055 3900 5126; baseline 0.003 -13"><span class='ocrx_word' id='word_1_790' title='bbox 2297 5075 2366 5114; x_wconf 93' lang='lat' dir='ltr'><strong>ue</strong></span> <span class='ocrx_word' id='word_1_791' title='bbox 2386 5058 2594 5113; x_wconf 89' lang='lat' dir='ltr'><strong>eruditi</strong></span> <span class='ocrx_word' id='word_1_792' title='bbox 2625 5058 2690 5112; x_wconf 91' lang='lat' dir='ltr'><strong>D.</strong></span> <span class='ocrx_word' id='word_1_793' title='bbox 2721 5055 3063 5126; x_wconf 87' lang='lat' dir='ltr'><strong>Ballesdens,</strong></span> <span class='ocrx_word' id='word_1_794' title='bbox 3101 5056 3316 5126; x_wconf 86' lang='lat' dir='ltr'><strong>integro</strong></span> <span class='ocrx_word' id='word_1_795' title='bbox 3350 5057 3540 5112; x_wconf 90' lang='lat' dir='ltr'><strong>codice</strong></span> <span class='ocrx_word' id='word_1_796' title='bbox 3591 5055 3900 5126; x_wconf 75' lang='lat' dir='ltr'><strong>Gregorii</strong></span> 
     </span>
    </p>
   </div>
   <div class='ocr_carea' id='block_1_112' title="bbox 2300 5125 3898 5202">
    <p class='ocr_par' dir='ltr' id='par_1_112' title="bbox 2300 5125 3898 5202">
     <span class='ocr_line' id='line_1_112' title="bbox 2300 5125 3898 5202; baseline 0.003 -20"><span class='ocrx_word' id='word_1_797' title='bbox 2300 5127 2788 5202; x_wconf 67' lang='lat' dir='ltr'><strong>yprii_pat_riarchaa</strong></span> <span class='ocrx_word' id='word_1_798' title='bbox 2833 5125 3452 5202; x_wconf 76' lang='lat' dir='ltr'><strong>Constantinopolitani,</strong></span> <span class='ocrx_word' id='word_1_799' title='bbox 3498 5137 3622 5198; x_wconf 91' lang='lat' dir='ltr'><strong>post</strong></span> <span class='ocrx_word' id='word_1_800' title='bbox 3649 5125 3898 5188; x_wconf 58' lang='lat' dir='ltr'><strong>acrem-</strong></span> 
     </span>
    </p>
   </div>
   <div class='ocr_carea' id='block_1_113' title="bbox 2253 5197 3901 5274">
    <p class='ocr_par' dir='ltr' id='par_1_113' title="bbox 2253 5197 3901 5274">
     <span class='ocr_line' id='line_1_113' title="bbox 2253 5197 3901 5274; baseline 0.004 -21"><span class='ocrx_word' id='word_1_801' title='bbox 2253 5197 2405 5274; x_wconf 63' lang='lat' dir='ltr'><strong>piam</strong></span> <span class='ocrx_word' id='word_1_802' title='bbox 2443 5197 2814 5274; x_wconf 31' lang='lat' dir='ltr'><strong>Latinis‘eanr</strong></span> <span class='ocrx_word' id='word_1_803' title='bbox 2843 5197 3059 5274; x_wconf 69' lang='lat' dir='ltr'><strong>urbem,</strong></span> <span class='ocrx_word' id='word_1_804' title='bbox 3093 5197 3376 5274; x_wconf 81' lang='lat' dir='ltr'><strong>epistolas,</strong></span> <span class='ocrx_word' id='word_1_805' title='bbox 3405 5197 3529 5274; x_wconf 68' lang='lat' dir='ltr'><strong>qua:</strong></span> <span class='ocrx_word' id='word_1_806' title='bbox 3565 5204 3901 5274; x_wconf 67' lang='lat' dir='ltr'><strong>prmcipue</strong></span> 
     </span>
    </p>
   </div>
   <div class='ocr_carea' id='block_1_114' title="bbox 2253 5266 3906 5339">
    <p class='ocr_par' dir='ltr' id='par_1_114' title="bbox 2253 5266 3906 5339">
     <span class='ocr_line' id='line_1_114' title="bbox 2253 5266 3906 5339; baseline -0.002 -17"><span class='ocrx_word' id='word_1_807' title='bbox 2253 5266 2580 5326; x_wconf 71' lang='lat' dir='ltr'><strong>viderentur</strong></span> <span class='ocrx_word' id='word_1_808' title='bbox 2606 5266 3288 5339; x_wconf 83' lang='lat' dir='ltr'><strong>aliquidecclesiasticum</strong></span> <span class='ocrx_word' id='word_1_809' title='bbox 3331 5266 3538 5324; x_wconf 79' lang='lat' dir='ltr'><strong>habere</strong></span> <span class='ocrx_word' id='word_1_810' title='bbox 3566 5266 3832 5339; x_wconf 64' lang='lat' dir='ltr'><strong>possein</strong></span> <span class='ocrx_word' id='word_1_811' title='bbox 3845 5287 3906 5332; x_wconf 82' lang='lat' dir='ltr'><strong>t-</strong></span> 
     </span>
    </p>
   </div>
   <div class='ocr_carea' id='block_1_115' title="bbox 2252 5337 3903 5410">
    <p class='ocr_par' dir='ltr' id='par_1_115' title="bbox 2252 5337 3903 5410">
     <span class='ocr_line' id='line_1_115' title="bbox 2252 5337 3903 5410; baseline 0.003 -15"><span class='ocrx_word' id='word_1_812' title='bbox 2252 5356 2363 5410; x_wconf 90' lang='lat' dir='ltr'><strong>que</strong></span> <span class='ocrx_word' id='word_1_813' title='bbox 2395 5340 2569 5410; x_wconf 88' lang='lat' dir='ltr'><strong>frugis</strong></span> <span class='ocrx_word' id='word_1_814' title='bbox 2592 5409 2606 5410; x_wconf 18' lang='grc' dir='ltr'>ί</span> <span class='ocrx_word' id='word_1_815' title='bbox 2627 5337 2838 5408; x_wconf 89' lang='lat' dir='ltr'><strong>aliquid</strong></span> <span class='ocrx_word' id='word_1_816' title='bbox 2893 5338 2952 5392; x_wconf 92' lang='lat' dir='ltr'><strong>in</strong></span> <span class='ocrx_word' id='word_1_817' title='bbox 2983 5353 3098 5393; x_wconf 90' lang='lat' dir='ltr'><strong>rem</strong></span> <span class='ocrx_word' id='word_1_818' title='bbox 3143 5337 3903 5410; x_wconf 26' lang='lat' dir='ltr'><strong>ecclesiasticam‘aﬂ‘erre.</strong></span> 
     </span>
    </p>
   </div>
   <div class='ocr_carea' id='block_1_116' title="bbox 2253 5409 3903 5473">
    <p class='ocr_par' dir='ltr' id='par_1_116' title="bbox 2253 5409 3903 5473">
     <span class='ocr_line' id='line_1_116' title="bbox 2253 5409 3903 5473; baseline -0.004 -7"><span class='ocrx_word' id='word_1_819' title='bbox 2253 5409 2314 5466; x_wconf 80' lang='lat' dir='ltr'><strong>In</strong></span> <span class='ocrx_word' id='word_1_820' title='bbox 2338 5412 2422 5468; x_wconf 91' lang='lat' dir='ltr'><strong>eis</strong></span> <span class='ocrx_word' id='word_1_821' title='bbox 2453 5409 2562 5464; x_wconf 87' lang='lat' dir='ltr'><strong>una</strong></span> <span class='ocrx_word' id='word_1_822' title='bbox 2588 5409 2915 5464; x_wconf 90' lang='lat' dir='ltr'><strong>Latinorum</strong></span> <span class='ocrx_word' id='word_1_823' title='bbox 2947 5419 3151 5464; x_wconf 89' lang='lat' dir='ltr'><strong>etcum</strong></span> <span class='ocrx_word' id='word_1_824' title='bbox 3183 5409 3264 5464; x_wconf 91' lang='lat' dir='ltr'><strong>eis</strong></span> <span class='ocrx_word' id='word_1_825' title='bbox 3294 5409 3652 5464; x_wconf 87' lang='lat' dir='ltr'><strong>sentientium</strong></span> <span class='ocrx_word' id='word_1_826' title='bbox 3697 5411 3903 5473; x_wconf 73' lang='lat' dir='ltr'><strong>inse-</strong></span> 
     </span>
    </p>
   </div>
   <div class='ocr_carea' id='block_1_117' title="bbox 2255 5478 3904 5554">
    <p class='ocr_par' dir='ltr' id='par_1_117' title="bbox 2255 5478 3904 5554">
     <span class='ocr_line' id='line_1_117' title="bbox 2255 5478 3904 5554; baseline 0.005 -20"><span class='ocrx_word' id='word_1_827' title='bbox 2255 5482 2446 5554; x_wconf 87' lang='lat' dir='ltr'><strong>ctatio,</strong></span> <span class='ocrx_word' id='word_1_828' title='bbox 2483 5481 2631 5554; x_wconf 87' lang='lat' dir='ltr'><strong>quod</strong></span> <span class='ocrx_word' id='word_1_829' title='bbox 2664 5478 3026 5554; x_wconf 80' lang='lat' dir='ltr'><strong>schismatici,</strong></span> <span class='ocrx_word' id='word_1_830' title='bbox 3056 5480 3206 5554; x_wconf 86' lang='lat' dir='ltr'><strong>quod</strong></span> <span class='ocrx_word' id='word_1_831' title='bbox 3234 5479 3488 5554; x_wconf 81' lang='lat' dir='ltr'><strong>scindant</strong></span> <span class='ocrx_word' id='word_1_832' title='bbox 3513 5481 3904 5554; x_wconf 80' lang='lat' dir='ltr'><strong>Ecclesiam,</strong></span> 
     </span>
    </p>
   </div>
   <div class='ocr_carea' id='block_1_118' title="bbox 2258 5550 3909 5620">
    <p class='ocr_par' dir='ltr' id='par_1_118' title="bbox 2258 5550 3909 5620">
     <span class='ocr_line' id='line_1_118' title="bbox 2258 5550 3909 5620; baseline 0.001 -14"><span class='ocrx_word' id='word_1_833' title='bbox 2258 5553 2315 5606; x_wconf 90' lang='lat' dir='ltr'><strong>in</strong></span> <span class='ocrx_word' id='word_1_834' title='bbox 2339 5567 2434 5606; x_wconf 92' lang='lat' dir='ltr'><strong>eos</strong></span> <span class='ocrx_word' id='word_1_835' title='bbox 2459 5551 2859 5614; x_wconf 89' lang='lat' dir='ltr'><strong>ulciscendum,</strong></span> <span class='ocrx_word' id='word_1_836' title='bbox 2895 5551 3167 5604; x_wconf 89' lang='lat' dir='ltr'><strong>arcendos</strong></span> <span class='ocrx_word' id='word_1_837' title='bbox 3188 5550 3282 5620; x_wconf 91' lang='lat' dir='ltr'><strong>qui</strong></span> <span class='ocrx_word' id='word_1_838' title='bbox 3307 5565 3469 5606; x_wconf 87' lang='lat' dir='ltr'><strong>secus</strong></span> <span class='ocrx_word' id='word_1_839' title='bbox 3493 5550 3757 5608; x_wconf 83' lang='lat' dir='ltr'><strong>doceant</strong></span> <span class='ocrx_word' id='word_1_840' title='bbox 3794 5550 3909 5614; x_wconf 68' lang='lat' dir='ltr'><strong>vel</strong></span> 
     </span>
    </p>
   </div>
   <div class='ocr_carea' id='block_1_119' title="bbox 2240 5620 3904 5696">
    <p class='ocr_par' dir='ltr' id='par_1_119' title="bbox 2240 5620 3904 5696">
     <span class='ocr_line' id='line_1_119' title="bbox 2240 5620 3904 5696; baseline 0.004 -19"><span class='ocrx_word' id='word_1_841' title='bbox 2240 5623 2535 5696; x_wconf 80' lang='lat' dir='ltr'><strong>sentiant:</strong></span> <span class='ocrx_word' id='word_1_842' title='bbox 2565 5631 2922 5696; x_wconf 84' lang='lat' dir='ltr'><strong>argu_menta,_</strong></span> <span class='ocrx_word' id='word_1_843' title='bbox 2949 5620 3331 5696; x_wconf 85' lang='lat' dir='ltr'><strong>_qu_ibus_sua</strong></span> <span class='ocrx_word' id='word_1_844' title='bbox 3376 5629 3601 5696; x_wconf 83' lang='lat' dir='ltr'><strong>statuat,</strong></span> <span class='ocrx_word' id='word_1_845' title='bbox 3657 5628 3904 5696; x_wconf 83' lang='lat' dir='ltr'><strong>nulla,</strong></span> 
     </span>
    </p>
   </div>
   <div class='ocr_carea' id='block_1_120' title="bbox 2256 5689 3909 5764">
    <p class='ocr_par' dir='ltr' id='par_1_120' title="bbox 2256 5689 3909 5764">
     <span class='ocr_line' id='line_1_120' title="bbox 2256 5689 3909 5764; baseline 0.001 -18"><span class='ocrx_word' id='word_1_846' title='bbox 2256 5709 2410 5764; x_wconf 8' lang='lat' dir='ltr'><strong>cum?</strong></span> <span class='ocrx_word' id='word_1_847' title='bbox 2437 5694 2544 5764; x_wconf 13' lang='lat' dir='ltr'><strong>sic“</strong></span> <span class='ocrx_word' id='word_1_848' title='bbox 2572 5689 2826 5764; x_wconf 77' lang='lat' dir='ltr'><strong>eruditus</strong></span> <span class='ocrx_word' id='word_1_849' title='bbox 2872 5689 3046 5764; x_wconf 72' lang='lat' dir='ltr'><strong>videri</strong></span> <span class='ocrx_word' id='word_1_850' title='bbox 3103 5692 3286 5764; x_wconf 38' lang='lat' dir='ltr'><strong>velitt</strong></span> <span class='ocrx_word' id='word_1_851' title='bbox 3321 5702 3377 5746; x_wconf 87' lang='lat' dir='ltr'><strong>et</strong></span> <span class='ocrx_word' id='word_1_852' title='bbox 3430 5693 3522 5760; x_wconf 87' lang='lat' dir='ltr'><strong>qui</strong></span> <span class='ocrx_word' id='word_1_853' title='bbox 3565 5689 3909 5764; x_wconf 61' lang='lat' dir='ltr'><strong>perpetrm}</strong></span> 
     </span>
    </p>
   </div>
   <div class='ocr_carea' id='block_1_121' title="bbox 2258 5759 3586 5832">
    <p class='ocr_par' dir='ltr' id='par_1_121' title="bbox 2258 5759 3586 5832">
     <span class='ocr_line' id='line_1_121' title="bbox 2258 5759 3586 5832; baseline -0.004 -11"><span class='ocrx_word' id='word_1_854' title='bbox 2258 5763 2334 5821; x_wconf 90' lang='lat' dir='ltr'><strong>illi</strong></span> <span class='ocrx_word' id='word_1_855' title='bbox 2362 5763 2644 5819; x_wconf 82' lang='lat' dir='ltr'><strong>blanditur</strong></span> <span class='ocrx_word' id='word_1_856' title='bbox 2666 5776 2729 5817; x_wconf 84' lang='lat' dir='ltr'><strong>ac</strong></span> <span class='ocrx_word' id='word_1_857' title='bbox 2760 5759 2967 5828; x_wconf 80' lang='lat' dir='ltr'><strong>laudat,</strong></span> <span class='ocrx_word' id='word_1_858' title='bbox 2999 5777 3230 5832; x_wconf 87' lang='lat' dir='ltr'><strong>magnus</strong></span> <span class='ocrx_word' id='word_1_859' title='bbox 3265 5759 3586 5826; x_wconf 60' lang='lat' dir='ltr'><strong>Lugothelal</strong></span> 
     </span>
    </p>
   </div>
  </div>
