  <div class='ocr_page' id='page_1' title='image "/cluster/home/n/w/nwhite01/storage/ocr_20150623/105/coo.31924054870096/046.png"; bbox 0 0 4108 6424; ppageno 0'>
   <div class='ocr_carea' id='block_1_1' title="bbox 341 351 3624 418">
    <p class='ocr_par' dir='ltr' id='par_1_1' title="bbox 341 351 3624 418">
     <span class='ocr_line' id='line_1_1' title="bbox 341 351 3624 418; baseline -0 0"><span class='ocrx_word' id='word_1_1' title='bbox 341 352 403 418; x_wconf 70' lang='grc'>65</span> <span class='ocrx_word' id='word_1_2' title='bbox 1266 356 1550 418; x_wconf 83' lang='lat' dir='ltr'><strong>ORATIO</strong></span> <span class='ocrx_word' id='word_1_3' title='bbox 1589 357 1687 417; x_wconf 87' lang='lat' dir='ltr'><strong>IV.</strong></span> <span class='ocrx_word' id='word_1_4' title='bbox 1722 379 1790 391; x_wconf 87' lang='lat'><strong><em>—</em></strong></span> <span class='ocrx_word' id='word_1_5' title='bbox 1824 353 1907 414; x_wconf 88' lang='lat' dir='ltr'><strong>IN</strong></span> <span class='ocrx_word' id='word_1_6' title='bbox 1946 352 2263 414; x_wconf 71' lang='lat' dir='ltr'><strong>LAUDEM</strong></span> <span class='ocrx_word' id='word_1_7' title='bbox 2303 353 2365 413; x_wconf 92' lang='lat' dir='ltr'><strong>S.</strong></span> <span class='ocrx_word' id='word_1_8' title='bbox 2404 353 2756 416; x_wconf 73' lang='lat' dir='ltr'><strong>ANDRE/E.</strong></span> <span class='ocrx_word' id='word_1_9' title='bbox 3549 351 3624 418; x_wconf 81' lang='grc'><strong>66</strong></span> 
     </span>
    </p>
   </div>
   <div class='ocr_carea' id='block_1_2' title="bbox 351 461 1937 538">
    <p class='ocr_par' dir='ltr' id='par_1_2' title="bbox 351 462 1930 538">
     <span class='ocr_line' id='line_1_2' title="bbox 351 462 1930 538; baseline 0.001 -22"><span class='ocrx_word' id='word_1_10' title='bbox 351 467 430 533; x_wconf 76' lang='grc' dir='ltr'><strong>τῆς</strong></span> <span class='ocrx_word' id='word_1_11' title='bbox 458 462 788 534; x_wconf 78' lang='grc' dir='ltr'>ἁγιωσύνης</span> <span class='ocrx_word' id='word_1_12' title='bbox 841 465 1190 538; x_wconf 74' lang='grc' dir='ltr'>ὑπερφερὴς,</span> <span class='ocrx_word' id='word_1_13' title='bbox 1244 467 1368 521; x_wconf 78' lang='grc' dir='ltr'>καθ’</span> <span class='ocrx_word' id='word_1_14' title='bbox 1418 469 1543 521; x_wconf 82' lang='grc' dir='ltr'>ὅσον</span> <span class='ocrx_word' id='word_1_15' title='bbox 1579 469 1673 522; x_wconf 72' lang='grc' dir='ltr'>καὶ</span> <span class='ocrx_word' id='word_1_16' title='bbox 1729 469 1764 538; x_wconf 84' lang='grc' dir='ltr'>ὴ</span> <span class='ocrx_word' id='word_1_17' title='bbox 1819 465 1930 518; x_wconf 80' lang='grc' dir='ltr'><strong>τῶν</strong></span> 
     </span>
    </p>
   </div>
   <div class='ocr_carea' id='block_1_3' title="bbox 2040 461 3619 538">
    <p class='ocr_par' dir='ltr' id='par_1_3' title="bbox 2040 461 3619 535">
     <span class='ocr_line' id='line_1_3' title="bbox 2040 461 3619 535; baseline -0.003 -15"><span class='ocrx_word' id='word_1_18' title='bbox 2040 465 2355 535; x_wconf 61' lang='lat' dir='ltr'><strong>saevitiaque</strong></span> <span class='ocrx_word' id='word_1_19' title='bbox 2395 479 2462 520; x_wconf 88' lang='lat' dir='ltr'><strong>ac</strong></span> <span class='ocrx_word' id='word_1_20' title='bbox 2491 464 2678 519; x_wconf 87' lang='lat' dir='ltr'><strong>feritas</strong></span> <span class='ocrx_word' id='word_1_21' title='bbox 2717 463 2985 524; x_wconf 75' lang='lat' dir='ltr'><strong>illustrior</strong></span> <span class='ocrx_word' id='word_1_22' title='bbox 3015 469 3180 533; x_wconf 88' lang='lat' dir='ltr'><strong>atque</strong></span> <span class='ocrx_word' id='word_1_23' title='bbox 3211 461 3418 527; x_wconf 85' lang='lat' dir='ltr'><strong>notior,</strong></span> <span class='ocrx_word' id='word_1_24' title='bbox 3469 468 3619 518; x_wconf 89' lang='lat' dir='ltr'><strong>tanto</strong></span> 
     </span>
    </p>
   </div>
   <div class='ocr_carea' id='block_1_4' title="bbox 351 556 1928 631">
    <p class='ocr_par' dir='ltr' id='par_1_4' title="bbox 351 556 1928 631">
     <span class='ocr_line' id='line_1_4' title="bbox 351 556 1928 631; baseline -0.001 -19"><span class='ocrx_word' id='word_1_25' title='bbox 351 559 489 612; x_wconf 74' lang='grc' dir='ltr'>ἐθνῶν</span> <span class='ocrx_word' id='word_1_26' title='bbox 519 556 806 628; x_wconf 68' lang='grc' dir='ltr'>ἰταμότης</span> <span class='ocrx_word' id='word_1_27' title='bbox 834 557 1065 625; x_wconf 82' lang='grc' dir='ltr'>τούτων,</span> <span class='ocrx_word' id='word_1_28' title='bbox 1096 559 1194 612; x_wconf 72' lang='grc' dir='ltr'><strong>καὶ</strong></span> <span class='ocrx_word' id='word_1_29' title='bbox 1233 562 1267 630; x_wconf 77' lang='grc' dir='ltr'><strong>ἡ</strong></span> <span class='ocrx_word' id='word_1_30' title='bbox 1299 560 1566 631; x_wconf 88' lang='grc' dir='ltr'>θηριωδία</span> <span class='ocrx_word' id='word_1_31' title='bbox 1595 558 1928 630; x_wconf 80' lang='grc' dir='ltr'>περιφανής.</span> 
     </span>
    </p>
   </div>
   <div class='ocr_carea' id='block_1_5' title="bbox 398 734 1933 806">
    <p class='ocr_par' dir='ltr' id='par_1_5' title="bbox 398 734 1933 806">
     <span class='ocr_line' id='line_1_5' title="bbox 398 734 1933 806; baseline 0.002 -17"><span class='ocrx_word' id='word_1_32' title='bbox 398 738 588 803; x_wconf 76' lang='grc' dir='ltr'><strong>Ἔγνω</strong></span> <span class='ocrx_word' id='word_1_33' title='bbox 617 734 761 806; x_wconf 77' lang='grc' dir='ltr'>γὰρ,</span> <span class='ocrx_word' id='word_1_34' title='bbox 794 736 955 806; x_wconf 78' lang='grc' dir='ltr'>φησὶ,</span> <span class='ocrx_word' id='word_1_35' title='bbox 987 737 1202 804; x_wconf 81' lang='grc' dir='ltr'>Κύριος</span> <span class='ocrx_word' id='word_1_36' title='bbox 1224 737 1367 803; x_wconf 80' lang='grc' dir='ltr'>τοὺς</span> <span class='ocrx_word' id='word_1_37' title='bbox 1403 737 1583 804; x_wconf 80' lang='grc' dir='ltr'>ὄντας</span> <span class='ocrx_word' id='word_1_38' title='bbox 1610 737 1818 804; x_wconf 84' lang='grc' dir='ltr'>αὐτοῦ,</span> <span class='ocrx_word' id='word_1_39' title='bbox 1839 737 1933 792; x_wconf 72' lang='grc' dir='ltr'><strong>καὶ</strong></span> 
     </span>
    </p>
   </div>
   <div class='ocr_carea' id='block_1_6' title="bbox 340 828 1932 901">
    <p class='ocr_par' dir='ltr' id='par_1_6' title="bbox 340 828 1932 901">
     <span class='ocr_line' id='line_1_6' title="bbox 340 828 1932 901; baseline 0 -19"><span class='ocrx_word' id='word_1_40' title='bbox 340 830 441 893; x_wconf 72' lang='grc' dir='ltr'>τοὺς</span> <span class='ocrx_word' id='word_1_41' title='bbox 474 828 618 898; x_wconf 78' lang='grc' dir='ltr'>πρὸς</span> <span class='ocrx_word' id='word_1_42' title='bbox 649 829 909 897; x_wconf 78' lang='grc' dir='ltr'><strong>ἑκάστην</strong></span> <span class='ocrx_word' id='word_1_43' title='bbox 953 829 1234 883; x_wconf 79' lang='grc' dir='ltr'>διακονίαν</span> <span class='ocrx_word' id='word_1_44' title='bbox 1265 831 1602 901; x_wconf 75' lang='grc' dir='ltr'><strong>ἐπιτηδείους</strong></span> <span class='ocrx_word' id='word_1_45' title='bbox 1627 829 1802 893; x_wconf 79' lang='grc' dir='ltr'>εἰδὼς,</span> <span class='ocrx_word' id='word_1_46' title='bbox 1837 830 1932 882; x_wconf 75' lang='grc' dir='ltr'>καὶ</span> 
     </span>
    </p>
   </div>
   <div class='ocr_carea' id='block_1_7' title="bbox 337 921 1928 995">
    <p class='ocr_par' dir='ltr' id='par_1_7' title="bbox 337 921 1928 995">
     <span class='ocr_line' id='line_1_7' title="bbox 337 921 1928 995; baseline -0.001 -19"><span class='ocrx_word' id='word_1_47' title='bbox 337 923 434 991; x_wconf 76' lang='grc' dir='ltr'>ἅμα</span> <span class='ocrx_word' id='word_1_48' title='bbox 459 924 527 992; x_wconf 80' lang='grc' dir='ltr'><strong>τῇ</strong></span> <span class='ocrx_word' id='word_1_49' title='bbox 553 921 772 995; x_wconf 78' lang='grc' dir='ltr'>πρώτῃ</span> <span class='ocrx_word' id='word_1_50' title='bbox 803 923 1010 976; x_wconf 80' lang='grc' dir='ltr'><strong>πλάσει</strong></span> <span class='ocrx_word' id='word_1_51' title='bbox 1035 923 1243 986; x_wconf 82' lang='grc' dir='ltr'>τούτοις</span> <span class='ocrx_word' id='word_1_52' title='bbox 1264 925 1593 994; x_wconf 74' lang='grc' dir='ltr'><strong>ἀθεωρήτους</strong></span> <span class='ocrx_word' id='word_1_53' title='bbox 1623 923 1928 987; x_wconf 87' lang='grc' dir='ltr'>συνεισιὼν,</span> 
     </span>
    </p>
   </div>
   <div class='ocr_carea' id='block_1_8' title="bbox 333 1014 1932 1089">
    <p class='ocr_par' dir='ltr' id='par_1_8' title="bbox 333 1014 1932 1089">
     <span class='ocr_line' id='line_1_8' title="bbox 333 1014 1932 1089; baseline 0.003 -22"><span class='ocrx_word' id='word_1_54' title='bbox 333 1014 606 1082; x_wconf 77' lang='grc' dir='ltr'>ἀναλόγως</span> <span class='ocrx_word' id='word_1_55' title='bbox 641 1032 709 1067; x_wconf 89' lang='grc' dir='ltr'>τε</span> <span class='ocrx_word' id='word_1_56' title='bbox 757 1017 864 1086; x_wconf 85' lang='grc' dir='ltr'><strong>τῆς</strong></span> <span class='ocrx_word' id='word_1_57' title='bbox 888 1016 1121 1069; x_wconf 80' lang='grc' dir='ltr'><strong>ἑκάστου</strong></span> <span class='ocrx_word' id='word_1_58' title='bbox 1170 1016 1483 1088; x_wconf 81' lang='grc' dir='ltr'><strong>προθέσεως</strong></span> <span class='ocrx_word' id='word_1_59' title='bbox 1521 1017 1621 1087; x_wconf 88' lang='grc' dir='ltr'>τὴν</span> <span class='ocrx_word' id='word_1_60' title='bbox 1648 1018 1779 1089; x_wconf 82' lang='grc' dir='ltr'>παρ’</span> <span class='ocrx_word' id='word_1_61' title='bbox 1804 1019 1932 1071; x_wconf 85' lang='grc' dir='ltr'>ὲαυ-</span> 
     </span>
    </p>
   </div>
   <div class='ocr_carea' id='block_1_9' title="bbox 328 1105 1932 1180">
    <p class='ocr_par' dir='ltr' id='par_1_9' title="bbox 328 1105 1932 1180">
     <span class='ocr_line' id='line_1_9' title="bbox 328 1105 1932 1180; baseline 0.001 -18"><span class='ocrx_word' id='word_1_62' title='bbox 328 1109 407 1163; x_wconf 80' lang='grc' dir='ltr'><strong>τοῦ</strong></span> <span class='ocrx_word' id='word_1_63' title='bbox 431 1105 823 1178; x_wconf 79' lang='grc' dir='ltr'><strong>χαριζόμενος</strong></span> <span class='ocrx_word' id='word_1_64' title='bbox 873 1109 1068 1180; x_wconf 81' lang='grc' dir='ltr'>ῥοπὴν,</span> <span class='ocrx_word' id='word_1_65' title='bbox 1111 1109 1250 1180; x_wconf 81' lang='grc' dir='ltr'>πρὸς</span> <span class='ocrx_word' id='word_1_66' title='bbox 1285 1111 1385 1178; x_wconf 78' lang='grc' dir='ltr'><strong>τὴν</strong></span> <span class='ocrx_word' id='word_1_67' title='bbox 1413 1109 1538 1164; x_wconf 82' lang='grc' dir='ltr'>κατ’</span> <span class='ocrx_word' id='word_1_68' title='bbox 1589 1112 1753 1164; x_wconf 78' lang='grc' dir='ltr'>αὐτὸν</span> <span class='ocrx_word' id='word_1_69' title='bbox 1801 1112 1932 1166; x_wconf 75' lang='grc' dir='ltr'><strong>ἕκα-</strong></span> 
     </span>
    </p>
   </div>
   <div class='ocr_carea' id='block_1_10' title="bbox 337 1202 1930 1275">
    <p class='ocr_par' dir='ltr' id='par_1_10' title="bbox 337 1202 1930 1275">
     <span class='ocr_line' id='line_1_10' title="bbox 337 1202 1930 1275; baseline 0.001 -19"><span class='ocrx_word' id='word_1_70' title='bbox 337 1218 436 1256; x_wconf 67' lang='grc' dir='ltr'>στον</span> <span class='ocrx_word' id='word_1_71' title='bbox 473 1203 834 1254; x_wconf 83' lang='grc' dir='ltr'>κατευθύνει</span> <span class='ocrx_word' id='word_1_72' title='bbox 891 1202 1233 1272; x_wconf 80' lang='grc' dir='ltr'><strong>τελειότητα.</strong></span> <span class='ocrx_word' id='word_1_73' title='bbox 1269 1204 1507 1266; x_wconf 85' lang='grc' dir='ltr'>Ἐκεῖνος</span> <span class='ocrx_word' id='word_1_74' title='bbox 1533 1205 1628 1257; x_wconf 82' lang='grc' dir='ltr'><strong>καὶ</strong></span> <span class='ocrx_word' id='word_1_75' title='bbox 1663 1206 1800 1275; x_wconf 83' lang='grc' dir='ltr'>μετὰ</span> <span class='ocrx_word' id='word_1_76' title='bbox 1834 1205 1930 1258; x_wconf 82' lang='grc' dir='ltr'>σοῦ</span> 
     </span>
    </p>
   </div>
   <div class='ocr_carea' id='block_1_11' title="bbox 339 1293 1932 1367">
    <p class='ocr_par' dir='ltr' id='par_1_11' title="bbox 339 1293 1932 1367">
     <span class='ocr_line' id='line_1_11' title="bbox 339 1293 1932 1367; baseline 0.003 -20"><span class='ocrx_word' id='word_1_77' title='bbox 339 1297 428 1356; x_wconf 81' lang='grc' dir='ltr'>τοῖς</span> <span class='ocrx_word' id='word_1_78' title='bbox 463 1293 1047 1363; x_wconf 75' lang='grc' dir='ltr'>ἀπηλλοτριωμένοις</span> <span class='ocrx_word' id='word_1_79' title='bbox 1107 1296 1200 1348; x_wconf 82' lang='grc' dir='ltr'>καὶ</span> <span class='ocrx_word' id='word_1_80' title='bbox 1235 1295 1634 1367; x_wconf 82' lang='grc' dir='ltr'>ζοφερωτάτοις</span> <span class='ocrx_word' id='word_1_81' title='bbox 1683 1297 1932 1366; x_wconf 79' lang='grc' dir='ltr'><strong>ἐπιδεδη-</strong></span> 
     </span>
    </p>
   </div>
   <div class='ocr_carea' id='block_1_12' title="bbox 337 1381 1931 1458">
    <p class='ocr_par' dir='ltr' id='par_1_12' title="bbox 337 1381 1931 1458">
     <span class='ocr_line' id='line_1_12' title="bbox 337 1381 1931 1458; baseline 0.003 -22"><span class='ocrx_word' id='word_1_82' title='bbox 337 1383 517 1455; x_wconf 74' lang='grc' dir='ltr'>μηκὼς,</span> <span class='ocrx_word' id='word_1_83' title='bbox 545 1385 774 1450; x_wconf 75' lang='grc' dir='ltr'>νοητὰς</span> <span class='ocrx_word' id='word_1_84' title='bbox 829 1385 1022 1448; x_wconf 83' lang='grc' dir='ltr'>αὐτοῖς</span> <span class='ocrx_word' id='word_1_85' title='bbox 1075 1387 1332 1456; x_wconf 78' lang='grc' dir='ltr'><strong>ἐπαφῆκε</strong></span> <span class='ocrx_word' id='word_1_86' title='bbox 1377 1387 1774 1458; x_wconf 78' lang='grc' dir='ltr'><strong>μαρμαρυγὰς.</strong></span> <span class='ocrx_word' id='word_1_87' title='bbox 1827 1381 1931 1440; x_wconf 73' lang='grc' dir='ltr'><strong>Οἷα</strong></span> 
     </span>
    </p>
   </div>
   <div class='ocr_carea' id='block_1_13' title="bbox 332 1477 1932 1553">
    <p class='ocr_par' dir='ltr' id='par_1_13' title="bbox 332 1477 1932 1553">
     <span class='ocr_line' id='line_1_13' title="bbox 332 1477 1932 1553; baseline 0.002 -22"><span class='ocrx_word' id='word_1_88' title='bbox 332 1480 418 1547; x_wconf 68' lang='grc' dir='ltr'>γὰρ</span> <span class='ocrx_word' id='word_1_89' title='bbox 445 1477 650 1548; x_wconf 54' lang='grc' dir='ltr'>νεφέλῃ</span> <span class='ocrx_word' id='word_1_90' title='bbox 673 1477 898 1545; x_wconf 80' lang='grc' dir='ltr'>φωτὸς,</span> <span class='ocrx_word' id='word_1_91' title='bbox 926 1478 1124 1550; x_wconf 80' lang='grc' dir='ltr'>νεφέλῃ</span> <span class='ocrx_word' id='word_1_92' title='bbox 1141 1479 1320 1552; x_wconf 78' lang='grc' dir='ltr'>κούφῃ</span> <span class='ocrx_word' id='word_1_93' title='bbox 1338 1480 1432 1534; x_wconf 75' lang='grc' dir='ltr'>καὶ</span> <span class='ocrx_word' id='word_1_94' title='bbox 1463 1483 1698 1552; x_wconf 84' lang='grc' dir='ltr'>μυστικῇ</span> <span class='ocrx_word' id='word_1_95' title='bbox 1725 1483 1792 1553; x_wconf 83' lang='grc' dir='ltr'><strong>τῇ</strong></span> <span class='ocrx_word' id='word_1_96' title='bbox 1817 1481 1932 1535; x_wconf 87' lang='grc' dir='ltr'>δια-</span> 
     </span>
    </p>
   </div>
   <div class='ocr_carea' id='block_1_14' title="bbox 331 1569 1930 1642">
    <p class='ocr_par' dir='ltr' id='par_1_14' title="bbox 331 1569 1930 1642">
     <span class='ocr_line' id='line_1_14' title="bbox 331 1569 1930 1642; baseline 0.004 -21"><span class='ocrx_word' id='word_1_97' title='bbox 331 1573 434 1641; x_wconf 67' lang='grc' dir='ltr'>νοίᾳ</span> <span class='ocrx_word' id='word_1_98' title='bbox 448 1569 866 1640; x_wconf 74' lang='grc' dir='ltr'>ἐποχούμενος,</span> <span class='ocrx_word' id='word_1_99' title='bbox 894 1573 989 1624; x_wconf 84' lang='grc' dir='ltr'>καὶ</span> <span class='ocrx_word' id='word_1_100' title='bbox 1007 1573 1121 1633; x_wconf 88' lang='grc' dir='ltr'>τοῖς</span> <span class='ocrx_word' id='word_1_101' title='bbox 1145 1573 1456 1642; x_wconf 85' lang='grc' dir='ltr'><strong>ἀλαμπέσιν</strong></span> <span class='ocrx_word' id='word_1_102' title='bbox 1474 1573 1703 1638; x_wconf 77' lang='grc' dir='ltr'>ἐκείνοις</span> <span class='ocrx_word' id='word_1_103' title='bbox 1719 1574 1930 1628; x_wconf 77' lang='grc' dir='ltr'>ἔθνεσιν</span> 
     </span>
    </p>
   </div>
   <div class='ocr_carea' id='block_1_15' title="bbox 338 1661 1928 1737">
    <p class='ocr_par' dir='ltr' id='par_1_15' title="bbox 338 1661 1928 1737">
     <span class='ocr_line' id='line_1_15' title="bbox 338 1661 1928 1737; baseline 0.003 -22"><span class='ocrx_word' id='word_1_104' title='bbox 338 1663 605 1730; x_wconf 56' lang='grc' dir='ltr'>ἐπιφοιτῶν</span> <span class='ocrx_word' id='word_1_105' title='bbox 626 1701 645 1723; x_wconf 94' lang='grc'><strong>,</strong></span> <span class='ocrx_word' id='word_1_106' title='bbox 715 1662 1058 1735; x_wconf 77' lang='grc' dir='ltr'>σύμμετρον</span> <span class='ocrx_word' id='word_1_107' title='bbox 1103 1665 1306 1729; x_wconf 82' lang='grc' dir='ltr'>αὐτοῖς,</span> <span class='ocrx_word' id='word_1_108' title='bbox 1339 1665 1434 1718; x_wconf 79' lang='grc' dir='ltr'><strong>καὶ</strong></span> <span class='ocrx_word' id='word_1_109' title='bbox 1480 1665 1556 1730; x_wconf 87' lang='grc' dir='ltr'><strong>ὡς</strong></span> <span class='ocrx_word' id='word_1_110' title='bbox 1586 1661 1657 1737; x_wconf 80' lang='grc' dir='ltr'><strong>ἦν</strong></span> <span class='ocrx_word' id='word_1_111' title='bbox 1686 1667 1928 1736; x_wconf 85' lang='grc' dir='ltr'>θεμιτὸν,</span> 
     </span>
    </p>
   </div>
   <div class='ocr_carea' id='block_1_16' title="bbox 330 1756 1855 1830">
    <p class='ocr_par' dir='ltr' id='par_1_16' title="bbox 330 1756 1855 1830">
     <span class='ocr_line' id='line_1_16' title="bbox 330 1756 1855 1830; baseline 0.005 -24"><span class='ocrx_word' id='word_1_112' title='bbox 330 1756 522 1825; x_wconf 53' lang='lat' dir='ltr'><strong>diva-i3;</strong></span> <span class='ocrx_word' id='word_1_113' title='bbox 550 1756 923 1824; x_wconf 82' lang='grc' dir='ltr'>θεσγνωσίας</span> <span class='ocrx_word' id='word_1_114' title='bbox 953 1760 1148 1812; x_wconf 81' lang='grc' dir='ltr'>ἀκτῖνα</span> <span class='ocrx_word' id='word_1_115' title='bbox 1177 1757 1583 1830; x_wconf 83' lang='grc' dir='ltr'>παρεγύμνωσε</span> <span class='ocrx_word' id='word_1_116' title='bbox 1621 1759 1709 1814; x_wconf 84' lang='grc' dir='ltr'>διὰ</span> <span class='ocrx_word' id='word_1_117' title='bbox 1737 1759 1855 1814; x_wconf 85' lang='grc' dir='ltr'>σοῦ.</span> 
     </span>
    </p>
   </div>
   <div class='ocr_carea' id='block_1_17' title="bbox 1957 1829 2007 1891">
    <p class='ocr_par' dir='ltr' id='par_1_17' title="bbox 1957 1829 2007 1891">
     <span class='ocr_line' id='line_1_17' title="bbox 1957 1829 2007 1891; baseline 0 0"><span class='ocrx_word' id='word_1_118' title='bbox 1957 1829 2007 1891; x_wconf 92' lang='grc' dir='ltr'><strong>Β</strong></span> 
     </span>
    </p>
   </div>
   <div class='ocr_carea' id='block_1_18' title="bbox 393 1908 1924 1990">
    <p class='ocr_par' dir='ltr' id='par_1_18' title="bbox 393 1908 1924 1990">
     <span class='ocr_line' id='line_1_18' title="bbox 393 1908 1924 1990; baseline 0.005 -26"><span class='ocrx_word' id='word_1_119' title='bbox 393 1909 554 1964; x_wconf 68' lang='grc' dir='ltr'>Ἀλλ-ἄ</span> <span class='ocrx_word' id='word_1_120' title='bbox 608 1908 702 1972; x_wconf 78' lang='grc' dir='ltr'><strong>τίς</strong></span> <span class='ocrx_word' id='word_1_121' title='bbox 771 1911 809 1964; x_wconf 81' lang='grc' dir='ltr'><strong>ὁ</strong></span> <span class='ocrx_word' id='word_1_122' title='bbox 861 1912 1070 1983; x_wconf 85' lang='grc' dir='ltr'>τρόπος</span> <span class='ocrx_word' id='word_1_123' title='bbox 1118 1914 1222 1985; x_wconf 89' lang='grc' dir='ltr'><strong>τῆς</strong></span> <span class='ocrx_word' id='word_1_124' title='bbox 1271 1914 1368 1969; x_wconf 86' lang='grc' dir='ltr'>τοῦ</span> <span class='ocrx_word' id='word_1_125' title='bbox 1402 1915 1924 1990; x_wconf 76' lang='grc' dir='ltr'>φιλανθρωποτάτου</span> 
     </span>
    </p>
   </div>
   <div class='ocr_carea' id='block_1_19' title="bbox 319 2003 1929 2084">
    <p class='ocr_par' dir='ltr' id='par_1_19' title="bbox 319 2003 1929 2084">
     <span class='ocr_line' id='line_1_19' title="bbox 319 2003 1929 2084; baseline 0.009 -31"><span class='ocrx_word' id='word_1_126' title='bbox 319 2003 445 2073; x_wconf 69' lang='grc' dir='ltr'>πρὸς</span> <span class='ocrx_word' id='word_1_127' title='bbox 463 2005 596 2066; x_wconf 75' lang='grc' dir='ltr'>τοὺς</span> <span class='ocrx_word' id='word_1_128' title='bbox 625 2005 1187 2076; x_wconf 81' lang='grc' dir='ltr'>ἁπανθρωποτάτους</span> <span class='ocrx_word' id='word_1_129' title='bbox 1217 2011 1543 2076; x_wconf 89' lang='grc' dir='ltr'>συνουσίας;</span> <span class='ocrx_word' id='word_1_130' title='bbox 1573 2012 1798 2083; x_wconf 84' lang='grc' dir='ltr'>Πρῶτον</span> <span class='ocrx_word' id='word_1_131' title='bbox 1828 2013 1929 2084; x_wconf 84' lang='grc' dir='ltr'>μὲν</span> 
     </span>
    </p>
   </div>
   <div class='ocr_carea' id='block_1_20' title="bbox 317 2095 1929 2177">
    <p class='ocr_par' dir='ltr' id='par_1_20' title="bbox 317 2095 1929 2177">
     <span class='ocr_line' id='line_1_20' title="bbox 317 2095 1929 2177; baseline 0.008 -31"><span class='ocrx_word' id='word_1_132' title='bbox 317 2096 395 2165; x_wconf 83' lang='grc' dir='ltr'>τῷ</span> <span class='ocrx_word' id='word_1_133' title='bbox 451 2095 812 2166; x_wconf 76' lang='grc' dir='ltr'>ὁμογλώσσῳ</span> <span class='ocrx_word' id='word_1_134' title='bbox 849 2098 996 2166; x_wconf 82' lang='grc' dir='ltr'>πρὸς</span> <span class='ocrx_word' id='word_1_135' title='bbox 1035 2097 1229 2154; x_wconf 80' lang='grc' dir='ltr'>ἑαυτὸν</span> <span class='ocrx_word' id='word_1_136' title='bbox 1290 2101 1646 2158; x_wconf 80' lang='grc' dir='ltr'><strong>ἐπεσπάσατο</strong></span> <span class='ocrx_word' id='word_1_137' title='bbox 1691 2105 1794 2177; x_wconf 87' lang='grc' dir='ltr'>τὴν</span> <span class='ocrx_word' id='word_1_138' title='bbox 1837 2105 1929 2159; x_wconf 83' lang='grc' dir='ltr'><strong>ἀν-</strong></span> 
     </span>
    </p>
   </div>
   <div class='ocr_carea' id='block_1_21' title="bbox 325 2185 1931 2266">
    <p class='ocr_par' dir='ltr' id='par_1_21' title="bbox 325 2185 1931 2266">
     <span class='ocr_line' id='line_1_21' title="bbox 325 2185 1931 2266; baseline 0.009 -29"><span class='ocrx_word' id='word_1_139' title='bbox 325 2185 527 2256; x_wconf 67' lang='grc' dir='ltr'>ήμερον</span> <span class='ocrx_word' id='word_1_140' title='bbox 552 2187 726 2258; x_wconf 72' lang='grc' dir='ltr'>ἀκοήν</span> <span class='ocrx_word' id='word_1_141' title='bbox 748 2204 765 2220; x_wconf 88' lang='grc'><strong>·</strong></span> <span class='ocrx_word' id='word_1_142' title='bbox 806 2187 893 2258; x_wconf 80' lang='grc' dir='ltr'>τῷ</span> <span class='ocrx_word' id='word_1_143' title='bbox 921 2189 1098 2262; x_wconf 83' lang='grc' dir='ltr'><strong>ὁμοίῳ</strong></span> <span class='ocrx_word' id='word_1_144' title='bbox 1120 2193 1230 2264; x_wconf 84' lang='grc' dir='ltr'>γὰρ</span> <span class='ocrx_word' id='word_1_145' title='bbox 1260 2192 1421 2262; x_wconf 82' lang='grc' dir='ltr'>φύσει</span> <span class='ocrx_word' id='word_1_146' title='bbox 1438 2194 1500 2247; x_wconf 85' lang='grc' dir='ltr'>τὸ</span> <span class='ocrx_word' id='word_1_147' title='bbox 1520 2196 1705 2263; x_wconf 85' lang='grc' dir='ltr'>ὅμοιον</span> <span class='ocrx_word' id='word_1_148' title='bbox 1731 2197 1931 2266; x_wconf 79' lang='grc' dir='ltr'>ἐφέπε-</span> 
     </span>
    </p>
   </div>
   <div class='ocr_carea' id='block_1_22' title="bbox 339 2278 1929 2358">
    <p class='ocr_par' dir='ltr' id='par_1_22' title="bbox 339 2278 1929 2358">
     <span class='ocr_line' id='line_1_22' title="bbox 339 2278 1929 2358; baseline 0.008 -29"><span class='ocrx_word' id='word_1_149' title='bbox 339 2294 446 2330; x_wconf 80' lang='grc' dir='ltr'>ται.</span> <span class='ocrx_word' id='word_1_150' title='bbox 481 2278 584 2330; x_wconf 71' lang='grc' dir='ltr'><strong>Διὰ</strong></span> <span class='ocrx_word' id='word_1_151' title='bbox 611 2278 765 2332; x_wconf 54' lang='lat' dir='ltr'><strong>scim</strong></span> <span class='ocrx_word' id='word_1_152' title='bbox 792 2279 899 2334; x_wconf 70' lang='grc' dir='ltr'><strong>καὶ</strong></span> <span class='ocrx_word' id='word_1_153' title='bbox 926 2281 1193 2349; x_wconf 82' lang='grc' dir='ltr'><strong>γλωσσῶν</strong></span> <span class='ocrx_word' id='word_1_154' title='bbox 1226 2284 1286 2337; x_wconf 83' lang='grc' dir='ltr'>ὲν</span> <span class='ocrx_word' id='word_1_155' title='bbox 1312 2284 1444 2338; x_wconf 76' lang='grc' dir='ltr'>εῖδει</span> <span class='ocrx_word' id='word_1_156' title='bbox 1468 2286 1530 2338; x_wconf 77' lang='grc' dir='ltr'>τὸ</span> <span class='ocrx_word' id='word_1_157' title='bbox 1561 2287 1786 2358; x_wconf 78' lang='grc' dir='ltr'>Πνεῦμα</span> <span class='ocrx_word' id='word_1_158' title='bbox 1817 2291 1929 2351; x_wconf 88' lang='grc' dir='ltr'>τοῖς</span> 
     </span>
    </p>
   </div>
   <div class='ocr_carea' id='block_1_23' title="bbox 345 2369 1927 2450">
    <p class='ocr_par' dir='ltr' id='par_1_23' title="bbox 345 2369 1927 2450">
     <span class='ocr_line' id='line_1_23' title="bbox 345 2369 1927 2450; baseline 0.006 -28"><span class='ocrx_word' id='word_1_159' title='bbox 345 2369 670 2432; x_wconf 67' lang='grc' dir='ltr'>ἀποστόλοις</span> <span class='ocrx_word' id='word_1_160' title='bbox 699 2371 1000 2440; x_wconf 60' lang='grc' dir='ltr'>ἒπφοίτα·</span> <span class='ocrx_word' id='word_1_161' title='bbox 1029 2373 1127 2426; x_wconf 75' lang='grc' dir='ltr'><strong>καὶ</strong></span> <span class='ocrx_word' id='word_1_162' title='bbox 1150 2376 1258 2447; x_wconf 80' lang='grc' dir='ltr'><strong>πρὸ</strong></span> <span class='ocrx_word' id='word_1_163' title='bbox 1295 2375 1407 2429; x_wconf 81' lang='grc' dir='ltr'>τῶν</span> <span class='ocrx_word' id='word_1_164' title='bbox 1448 2375 1625 2430; x_wconf 81' lang='grc' dir='ltr'>ἄλλων</span> <span class='ocrx_word' id='word_1_165' title='bbox 1660 2380 1927 2450; x_wconf 85' lang='grc' dir='ltr'><strong>σημείων,</strong></span> 
     </span>
    </p>
   </div>
   <div class='ocr_carea' id='block_1_24' title="bbox 337 2463 1928 2544">
    <p class='ocr_par' dir='ltr' id='par_1_24' title="bbox 337 2463 1928 2544">
     <span class='ocr_line' id='line_1_24' title="bbox 337 2463 1928 2544; baseline 0.007 -30"><span class='ocrx_word' id='word_1_166' title='bbox 337 2463 368 2514; x_wconf 84' lang='grc' dir='ltr'><strong>ό</strong></span> <span class='ocrx_word' id='word_1_167' title='bbox 396 2463 675 2534; x_wconf 75' lang='grc' dir='ltr'>μερισμὸς</span> <span class='ocrx_word' id='word_1_168' title='bbox 707 2465 900 2528; x_wconf 70' lang='grc' dir='ltr'>αὐτοῖς</span> <span class='ocrx_word' id='word_1_169' title='bbox 958 2465 1228 2537; x_wconf 82' lang='grc' dir='ltr'><strong>ὲνὴργητο</strong></span> <span class='ocrx_word' id='word_1_170' title='bbox 1257 2467 1368 2522; x_wconf 88' lang='grc' dir='ltr'><strong>τῶν</strong></span> <span class='ocrx_word' id='word_1_171' title='bbox 1417 2469 1705 2537; x_wconf 83' lang='grc' dir='ltr'>γλωσσῶν,</span> <span class='ocrx_word' id='word_1_172' title='bbox 1733 2472 1809 2535; x_wconf 80' lang='grc' dir='ltr'>ὡς</span> <span class='ocrx_word' id='word_1_173' title='bbox 1857 2474 1928 2544; x_wconf 80' lang='grc' dir='ltr'><strong>τῇ</strong></span> 
     </span>
    </p>
   </div>
   <div class='ocr_carea' id='block_1_25' title="bbox 328 2553 1932 2631">
    <p class='ocr_par' dir='ltr' id='par_1_25' title="bbox 328 2553 1932 2631">
     <span class='ocr_line' id='line_1_25' title="bbox 328 2553 1932 2631; baseline 0.007 -25"><span class='ocrx_word' id='word_1_174' title='bbox 328 2554 582 2626; x_wconf 64' lang='grc' dir='ltr'>κοινωνίᾳ</span> <span class='ocrx_word' id='word_1_175' title='bbox 608 2553 707 2608; x_wconf 68' lang='grc' dir='ltr'><strong>τοῦ</strong></span> <span class='ocrx_word' id='word_1_176' title='bbox 737 2556 914 2624; x_wconf 80' lang='grc' dir='ltr'><strong>λόγου</strong></span> <span class='ocrx_word' id='word_1_177' title='bbox 945 2557 1170 2628; x_wconf 82' lang='grc' dir='ltr'>μᾶλλον,</span> <span class='ocrx_word' id='word_1_178' title='bbox 1195 2559 1228 2631; x_wconf 85' lang='grc' dir='ltr'>ἢ</span> <span class='ocrx_word' id='word_1_179' title='bbox 1252 2562 1368 2624; x_wconf 86' lang='grc' dir='ltr'>τοῖς</span> <span class='ocrx_word' id='word_1_180' title='bbox 1397 2560 1578 2626; x_wconf 79' lang='grc' dir='ltr'>ἄλλοις</span> <span class='ocrx_word' id='word_1_181' title='bbox 1607 2561 1778 2617; x_wconf 80' lang='grc' dir='ltr'>ἅπασι</span> <span class='ocrx_word' id='word_1_182' title='bbox 1801 2563 1932 2617; x_wconf 84' lang='grc' dir='ltr'>θαύ-</span> 
     </span>
    </p>
   </div>
   <div class='ocr_carea' id='block_1_26' title="bbox 325 2646 1931 2726">
    <p class='ocr_par' dir='ltr' id='par_1_26' title="bbox 325 2646 1931 2726">
     <span class='ocr_line' id='line_1_26' title="bbox 325 2646 1931 2726; baseline 0.007 -28"><span class='ocrx_word' id='word_1_183' title='bbox 325 2663 462 2716; x_wconf 83' lang='grc' dir='ltr'>μασι</span> <span class='ocrx_word' id='word_1_184' title='bbox 481 2646 596 2700; x_wconf 80' lang='grc' dir='ltr'>τῶν</span> <span class='ocrx_word' id='word_1_185' title='bbox 618 2648 916 2703; x_wconf 80' lang='grc' dir='ltr'><strong>ἁτιθάσων</strong></span> <span class='ocrx_word' id='word_1_186' title='bbox 941 2651 1345 2722; x_wconf 83' lang='grc' dir='ltr'>ήμερουμένων</span> <span class='ocrx_word' id='word_1_187' title='bbox 1377 2653 1585 2724; x_wconf 79' lang='grc' dir='ltr'>ψυχῶν.</span> <span class='ocrx_word' id='word_1_188' title='bbox 1627 2651 1718 2725; x_wconf 84' lang='grc' dir='ltr'>Τῷ</span> <span class='ocrx_word' id='word_1_189' title='bbox 1747 2654 1931 2726; x_wconf 88' lang='grc' dir='ltr'>ταυτῷ</span> 
     </span>
    </p>
   </div>
   <div class='ocr_carea' id='block_1_27' title="bbox 324 2742 1929 2820">
    <p class='ocr_par' dir='ltr' id='par_1_27' title="bbox 324 2742 1929 2820">
     <span class='ocr_line' id='line_1_27' title="bbox 324 2742 1929 2820; baseline 0.004 -24"><span class='ocrx_word' id='word_1_190' title='bbox 324 2742 500 2796; x_wconf 81' lang='grc' dir='ltr'>τοίνυν</span> <span class='ocrx_word' id='word_1_191' title='bbox 549 2742 650 2797; x_wconf 75' lang='grc' dir='ltr'>τοῦ</span> <span class='ocrx_word' id='word_1_192' title='bbox 713 2743 1076 2816; x_wconf 70' lang='grc' dir='ltr'><strong>φθέγματος,</strong></span> <span class='ocrx_word' id='word_1_193' title='bbox 1114 2745 1178 2799; x_wconf 84' lang='grc' dir='ltr'>τδ</span> <span class='ocrx_word' id='word_1_194' title='bbox 1232 2746 1550 2814; x_wconf 84' lang='grc' dir='ltr'>ἀγαθοειδὲς</span> <span class='ocrx_word' id='word_1_195' title='bbox 1577 2747 1674 2802; x_wconf 83' lang='grc' dir='ltr'><strong>τοῦ</strong></span> <span class='ocrx_word' id='word_1_196' title='bbox 1720 2750 1929 2820; x_wconf 85' lang='grc' dir='ltr'>τρόπου</span> 
     </span>
    </p>
   </div>
   <div class='ocr_carea' id='block_1_28' title="bbox 331 2833 1930 2911">
    <p class='ocr_par' dir='ltr' id='par_1_28' title="bbox 331 2833 1930 2911">
     <span class='ocr_line' id='line_1_28' title="bbox 331 2833 1930 2911; baseline 0.005 -26"><span class='ocrx_word' id='word_1_197' title='bbox 331 2833 535 2904; x_wconf 72' lang='grc' dir='ltr'>μιγνὺς,</span> <span class='ocrx_word' id='word_1_198' title='bbox 564 2835 670 2888; x_wconf 75' lang='grc' dir='ltr'><strong>καὶ</strong></span> <span class='ocrx_word' id='word_1_199' title='bbox 722 2836 924 2906; x_wconf 77' lang='grc' dir='ltr'>ἧπιον,</span> <span class='ocrx_word' id='word_1_200' title='bbox 951 2837 1048 2891; x_wconf 71' lang='grc' dir='ltr'>καὶ</span> <span class='ocrx_word' id='word_1_201' title='bbox 1083 2836 1259 2908; x_wconf 80' lang='grc' dir='ltr'>πραῢ,</span> <span class='ocrx_word' id='word_1_202' title='bbox 1288 2840 1384 2892; x_wconf 77' lang='grc' dir='ltr'>καὶ</span> <span class='ocrx_word' id='word_1_203' title='bbox 1426 2839 1488 2893; x_wconf 82' lang='grc' dir='ltr'><strong>τὸ</strong></span> <span class='ocrx_word' id='word_1_204' title='bbox 1518 2839 1693 2911; x_wconf 81' lang='grc' dir='ltr'>τραχὺ</span> <span class='ocrx_word' id='word_1_205' title='bbox 1725 2840 1930 2894; x_wconf 76' lang='grc' dir='ltr'>τούτων</span> 
     </span>
    </p>
   </div>
   <div class='ocr_carea' id='block_1_29' title="bbox 340 2926 1928 3002">
    <p class='ocr_par' dir='ltr' id='par_1_29' title="bbox 340 2926 1928 3002">
     <span class='ocr_line' id='line_1_29' title="bbox 340 2926 1928 3002; baseline 0.004 -24"><span class='ocrx_word' id='word_1_206' title='bbox 340 2927 425 2978; x_wconf 73' lang='lat' dir='ltr'><strong>m1</strong></span> <span class='ocrx_word' id='word_1_207' title='bbox 451 2927 641 2997; x_wconf 75' lang='grc' dir='ltr'>ἄγριον</span> <span class='ocrx_word' id='word_1_208' title='bbox 674 2927 743 2980; x_wconf 87' lang='grc' dir='ltr'>ὲν</span> <span class='ocrx_word' id='word_1_209' title='bbox 789 2926 1012 2992; x_wconf 84' lang='grc' dir='ltr'>τούτοις</span> <span class='ocrx_word' id='word_1_210' title='bbox 1058 2929 1508 2998; x_wconf 80' lang='grc' dir='ltr'>καταμαλάσσων</span> <span class='ocrx_word' id='word_1_211' title='bbox 1569 2931 1667 2986; x_wconf 73' lang='grc' dir='ltr'>καὶ</span> <span class='ocrx_word' id='word_1_212' title='bbox 1697 2931 1928 3002; x_wconf 83' lang='grc' dir='ltr'>ἀπηνὲς,</span> 
     </span>
    </p>
   </div>
   <div class='ocr_carea' id='block_1_30' title="bbox 350 3017 1260 3087">
    <p class='ocr_par' dir='ltr' id='par_1_30' title="bbox 350 3017 1260 3087">
     <span class='ocr_line' id='line_1_30' title="bbox 350 3017 1260 3087; baseline 0.005 -18"><span class='ocrx_word' id='word_1_213' title='bbox 350 3017 451 3069; x_wconf 76' lang='grc' dir='ltr'>κατ’</span> <span class='ocrx_word' id='word_1_214' title='bbox 478 3019 648 3087; x_wconf 68' lang='grc' dir='ltr'>ὀλίγον</span> <span class='ocrx_word' id='word_1_215' title='bbox 676 3019 899 3083; x_wconf 77' lang='grc' dir='ltr'>αὐτοὺς</span> <span class='ocrx_word' id='word_1_216' title='bbox 926 3019 1260 3075; x_wconf 83' lang='grc' dir='ltr'><strong>ὑπεποιεῖτο.</strong></span> 
     </span>
    </p>
   </div>
   <div class='ocr_carea' id='block_1_31' title="bbox 415 3103 1930 3186">
    <p class='ocr_par' dir='ltr' id='par_1_31' title="bbox 415 3103 1930 3186">
     <span class='ocr_line' id='line_1_31' title="bbox 415 3103 1930 3186; baseline 0.004 -25"><span class='ocrx_word' id='word_1_217' title='bbox 415 3103 549 3173; x_wconf 75' lang='grc' dir='ltr'><strong>Ε’ίτι,</strong></span> <span class='ocrx_word' id='word_1_218' title='bbox 575 3109 771 3177; x_wconf 70' lang='grc' dir='ltr'>φίλων</span> <span class='ocrx_word' id='word_1_219' title='bbox 818 3109 1007 3181; x_wconf 76' lang='grc' dir='ltr'>ἑαυτῷ</span> <span class='ocrx_word' id='word_1_220' title='bbox 1045 3111 1140 3165; x_wconf 77' lang='grc' dir='ltr'>καὶ</span> <span class='ocrx_word' id='word_1_221' title='bbox 1173 3111 1515 3183; x_wconf 83' lang='grc' dir='ltr'><strong>προσήγορον</strong></span> <span class='ocrx_word' id='word_1_222' title='bbox 1673 3114 1930 3186; x_wconf 67' lang='grc' dir='ltr'>συνηθείᾳ.</span> 
     </span>
    </p>
   </div>
   <div class='ocr_carea' id='block_1_32' title="bbox 354 3193 2008 3278">
    <p class='ocr_par' dir='ltr' id='par_1_32' title="bbox 354 3193 2008 3278">
     <span class='ocr_line' id='line_1_32' title="bbox 354 3193 2008 3278; baseline 0.002 -26"><span class='ocrx_word' id='word_1_223' title='bbox 354 3200 406 3252; x_wconf 78' lang='grc' dir='ltr'><strong>τὸ</strong></span> <span class='ocrx_word' id='word_1_224' title='bbox 437 3201 689 3272; x_wconf 77' lang='grc' dir='ltr'>δυσμενὲς</span> <span class='ocrx_word' id='word_1_225' title='bbox 711 3204 1239 3274; x_wconf 84' lang='grc' dir='ltr'>καταστησάμενος,</span> <span class='ocrx_word' id='word_1_226' title='bbox 1266 3203 1442 3268; x_wconf 80' lang='grc' dir='ltr'>οὕτως</span> <span class='ocrx_word' id='word_1_227' title='bbox 1494 3205 1765 3278; x_wconf 76' lang='grc' dir='ltr'>εὐκαίρως</span> <span class='ocrx_word' id='word_1_228' title='bbox 1795 3208 1930 3277; x_wconf 82' lang='grc' dir='ltr'>πρὸς</span> <span class='ocrx_word' id='word_1_229' title='bbox 1959 3193 2008 3256; x_wconf 83' lang='lat' dir='ltr'><strong><em>C</em></strong></span> 
     </span>
    </p>
   </div>
   <div class='ocr_carea' id='block_1_33' title="bbox 339 3295 1934 3370">
    <p class='ocr_par' dir='ltr' id='par_1_33' title="bbox 339 3295 1934 3370">
     <span class='ocr_line' id='line_1_33' title="bbox 339 3295 1934 3370; baseline 0.004 -22"><span class='ocrx_word' id='word_1_230' title='bbox 339 3295 620 3364; x_wconf 76' lang='grc' dir='ltr'>ἐπίγνωσιν</span> <span class='ocrx_word' id='word_1_231' title='bbox 653 3295 880 3366; x_wconf 81' lang='grc' dir='ltr'>ὡδήγει</span> <span class='ocrx_word' id='word_1_232' title='bbox 919 3296 1080 3349; x_wconf 80' lang='grc' dir='ltr'>Θεοῦ.</span> <span class='ocrx_word' id='word_1_233' title='bbox 1119 3297 1231 3350; x_wconf 80' lang='grc' dir='ltr'><strong>Καὶ</strong></span> <span class='ocrx_word' id='word_1_234' title='bbox 1285 3297 1396 3369; x_wconf 86' lang='grc' dir='ltr'><strong>γὰρ</strong></span> <span class='ocrx_word' id='word_1_235' title='bbox 1419 3298 1479 3352; x_wconf 83' lang='grc' dir='ltr'><strong>τὸ</strong></span> <span class='ocrx_word' id='word_1_236' title='bbox 1504 3299 1764 3370; x_wconf 82' lang='grc' dir='ltr'><strong>ἐξαίφνης</strong></span> <span class='ocrx_word' id='word_1_237' title='bbox 1789 3299 1934 3368; x_wconf 76' lang='grc' dir='ltr'>ἅψα-</span> 
     </span>
    </p>
   </div>
   <div class='ocr_carea' id='block_1_34' title="bbox 330 3386 1930 3461">
    <p class='ocr_par' dir='ltr' id='par_1_34' title="bbox 330 3386 1930 3461">
     <span class='ocr_line' id='line_1_34' title="bbox 330 3386 1930 3461; baseline 0.002 -20"><span class='ocrx_word' id='word_1_238' title='bbox 330 3387 451 3441; x_wconf 75' lang='grc' dir='ltr'>σθαι</span> <span class='ocrx_word' id='word_1_239' title='bbox 472 3389 576 3458; x_wconf 79' lang='grc' dir='ltr'><strong>τῆς</strong></span> <span class='ocrx_word' id='word_1_240' title='bbox 603 3388 835 3460; x_wconf 76' lang='grc' dir='ltr'>ὑψηλῆς</span> <span class='ocrx_word' id='word_1_241' title='bbox 868 3386 1172 3456; x_wconf 88' lang='grc' dir='ltr'>θεολογίας,</span> <span class='ocrx_word' id='word_1_242' title='bbox 1209 3390 1270 3442; x_wconf 87' lang='grc' dir='ltr'>οὐ</span> <span class='ocrx_word' id='word_1_243' title='bbox 1305 3390 1466 3459; x_wconf 88' lang='grc' dir='ltr'>μόνον</span> <span class='ocrx_word' id='word_1_244' title='bbox 1493 3390 1595 3444; x_wconf 87' lang='grc' dir='ltr'><strong>οὐκ</strong></span> <span class='ocrx_word' id='word_1_245' title='bbox 1625 3389 1837 3461; x_wconf 78' lang='grc' dir='ltr'>ὤνησεν</span> <span class='ocrx_word' id='word_1_246' title='bbox 1863 3389 1930 3444; x_wconf 85' lang='grc' dir='ltr'>ἂν</span> 
     </span>
    </p>
   </div>
   <div class='ocr_carea' id='block_1_35' title="bbox 330 3479 1935 3554">
    <p class='ocr_par' dir='ltr' id='par_1_35' title="bbox 330 3479 1935 3554">
     <span class='ocr_line' id='line_1_35' title="bbox 330 3479 1935 3554; baseline 0.002 -20"><span class='ocrx_word' id='word_1_247' title='bbox 330 3483 451 3544; x_wconf 69' lang='grc' dir='ltr'>τοὺς</span> <span class='ocrx_word' id='word_1_248' title='bbox 476 3481 737 3552; x_wconf 60' lang='grc' dir='ltr'>ἄφρονας</span> <span class='ocrx_word' id='word_1_249' title='bbox 785 3480 890 3534; x_wconf 59' lang='grc' dir='ltr'><strong>καὶ¹</strong></span> <span class='ocrx_word' id='word_1_250' title='bbox 937 3482 1153 3551; x_wconf 84' lang='grc' dir='ltr'>παχεῖς,</span> <span class='ocrx_word' id='word_1_251' title='bbox 1185 3479 1323 3534; x_wconf 83' lang='grc' dir='ltr'>ἀλλὰ</span> <span class='ocrx_word' id='word_1_252' title='bbox 1350 3482 1447 3536; x_wconf 74' lang='grc' dir='ltr'><strong>καὶ</strong></span> <span class='ocrx_word' id='word_1_253' title='bbox 1469 3482 1644 3554; x_wconf 84' lang='grc' dir='ltr'>ὀργῆς</span> <span class='ocrx_word' id='word_1_254' title='bbox 1669 3483 1935 3547; x_wconf 86' lang='grc' dir='ltr'>πολλάκις</span> 
     </span>
    </p>
   </div>
   <div class='ocr_carea' id='block_1_36' title="bbox 329 3571 1935 3644">
    <p class='ocr_par' dir='ltr' id='par_1_36' title="bbox 329 3571 1935 3644">
     <span class='ocr_line' id='line_1_36' title="bbox 329 3571 1935 3644; baseline 0.002 -20"><span class='ocrx_word' id='word_1_255' title='bbox 329 3574 423 3625; x_wconf 74' lang='grc' dir='ltr'>καὶ</span> <span class='ocrx_word' id='word_1_256' title='bbox 455 3573 666 3637; x_wconf 78' lang='grc' dir='ltr'>κακίας</span> <span class='ocrx_word' id='word_1_257' title='bbox 701 3572 963 3643; x_wconf 80' lang='grc' dir='ltr'><strong>μείζονος</strong></span> <span class='ocrx_word' id='word_1_258' title='bbox 1006 3571 1182 3642; x_wconf 81' lang='grc' dir='ltr'>ἀνῆψε</span> <span class='ocrx_word' id='word_1_259' title='bbox 1236 3573 1534 3644; x_wconf 80' lang='grc' dir='ltr'>πυρκαϊάν.</span> <span class='ocrx_word' id='word_1_260' title='bbox 1581 3573 1656 3628; x_wconf 88' lang='grc' dir='ltr'>Τὸ</span> <span class='ocrx_word' id='word_1_261' title='bbox 1702 3575 1761 3629; x_wconf 83' lang='grc' dir='ltr'><strong>δὲ</strong></span> <span class='ocrx_word' id='word_1_262' title='bbox 1809 3578 1935 3639; x_wconf 87' lang='grc' dir='ltr'>ταῖς</span> 
     </span>
    </p>
   </div>
   <div class='ocr_carea' id='block_1_37' title="bbox 328 3663 1931 3738">
    <p class='ocr_par' dir='ltr' id='par_1_37' title="bbox 328 3663 1931 3738">
     <span class='ocr_line' id='line_1_37' title="bbox 328 3663 1931 3738; baseline 0.001 -20"><span class='ocrx_word' id='word_1_263' title='bbox 328 3668 539 3729; x_wconf 76' lang='grc' dir='ltr'>κοιναῖς</span> <span class='ocrx_word' id='word_1_264' title='bbox 570 3666 831 3737; x_wconf 80' lang='grc' dir='ltr'>ὁμιλίαις</span> <span class='ocrx_word' id='word_1_265' title='bbox 861 3663 1134 3736; x_wconf 86' lang='grc' dir='ltr'>πρότερον</span> <span class='ocrx_word' id='word_1_266' title='bbox 1161 3668 1274 3730; x_wconf 84' lang='grc' dir='ltr'>τοῖς</span> <span class='ocrx_word' id='word_1_267' title='bbox 1302 3666 1559 3722; x_wconf 78' lang='grc' dir='ltr'>ἀσεϐέσιν</span> <span class='ocrx_word' id='word_1_268' title='bbox 1589 3666 1931 3738; x_wconf 76' lang='grc' dir='ltr'><strong>ἐθιζόμενον,</strong></span> 
     </span>
    </p>
   </div>
   <div class='ocr_carea' id='block_1_38' title="bbox 333 3755 1937 3830">
    <p class='ocr_par' dir='ltr' id='par_1_38' title="bbox 333 3755 1937 3830">
     <span class='ocr_line' id='line_1_38' title="bbox 333 3755 1937 3830; baseline 0.003 -21"><span class='ocrx_word' id='word_1_269' title='bbox 333 3759 424 3809; x_wconf 72' lang='grc' dir='ltr'>καὶ</span> <span class='ocrx_word' id='word_1_270' title='bbox 447 3758 749 3828; x_wconf 76' lang='grc' dir='ltr'>ὁμοιότητι</span> <span class='ocrx_word' id='word_1_271' title='bbox 775 3755 994 3820; x_wconf 86' lang='grc' dir='ltr'>τούτοις</span> <span class='ocrx_word' id='word_1_272' title='bbox 1018 3757 1258 3828; x_wconf 79' lang='grc' dir='ltr'><strong>ἀνομοίῳ</strong></span> <span class='ocrx_word' id='word_1_273' title='bbox 1284 3758 1652 3830; x_wconf 80' lang='grc' dir='ltr'>φιλιούμενον,</span> <span class='ocrx_word' id='word_1_274' title='bbox 1685 3763 1937 3828; x_wconf 82' lang='grc' dir='ltr'>φυσικοῖς</span> 
     </span>
    </p>
   </div>
   <div class='ocr_carea' id='block_1_39' title="bbox 342 3845 1937 3919">
    <p class='ocr_par' dir='ltr' id='par_1_39' title="bbox 342 3845 1937 3919">
     <span class='ocr_line' id='line_1_39' title="bbox 342 3845 1937 3919; baseline 0.004 -21"><span class='ocrx_word' id='word_1_275' title='bbox 342 3863 399 3897; x_wconf 81' lang='grc' dir='ltr'>τε</span> <span class='ocrx_word' id='word_1_276' title='bbox 421 3849 508 3899; x_wconf 75' lang='grc' dir='ltr'>καὶ</span> <span class='ocrx_word' id='word_1_277' title='bbox 529 3845 878 3914; x_wconf 74' lang='grc' dir='ltr'>συντρόφοις</span> <span class='ocrx_word' id='word_1_278' title='bbox 897 3845 1259 3917; x_wconf 85' lang='grc' dir='ltr'>ὑποδείγμασι</span> <span class='ocrx_word' id='word_1_279' title='bbox 1298 3847 1601 3919; x_wconf 83' lang='grc' dir='ltr'>χρώμενον,</span> <span class='ocrx_word' id='word_1_280' title='bbox 1631 3850 1773 3904; x_wconf 80' lang='grc' dir='ltr'>οὕτω</span> <span class='ocrx_word' id='word_1_281' title='bbox 1795 3852 1937 3906; x_wconf 82' lang='grc' dir='ltr'>κατὰ</span> 
     </span>
    </p>
   </div>
   <div class='ocr_carea' id='block_1_40' title="bbox 356 3935 1937 4012">
    <p class='ocr_par' dir='ltr' id='par_1_40' title="bbox 356 3935 1937 4012">
     <span class='ocr_line' id='line_1_40' title="bbox 356 3935 1937 4012; baseline 0.002 -21"><span class='ocrx_word' id='word_1_282' title='bbox 356 3940 529 4008; x_wconf 69' lang='grc' dir='ltr'>μικρὸν</span> <span class='ocrx_word' id='word_1_283' title='bbox 576 3936 962 4008; x_wconf 75' lang='grc' dir='ltr'><strong>ωμὸιὸἁζειν</strong></span> <span class='ocrx_word' id='word_1_284' title='bbox 1004 3935 1144 4009; x_wconf 84' lang='grc' dir='ltr'>πρὸς</span> <span class='ocrx_word' id='word_1_285' title='bbox 1199 3939 1506 4005; x_wconf 77' lang='grc' dir='ltr'>εὐσέϐειαν,</span> <span class='ocrx_word' id='word_1_286' title='bbox 1533 3939 1764 4012; x_wconf 87' lang='grc' dir='ltr'>ἀρίστην</span> <span class='ocrx_word' id='word_1_287' title='bbox 1796 3937 1937 3995; x_wconf 75' lang='grc' dir='ltr'>εἶναι</span> 
     </span>
    </p>
   </div>
   <div class='ocr_carea' id='block_1_41' title="bbox 348 4026 1938 4105">
    <p class='ocr_par' dir='ltr' id='par_1_41' title="bbox 348 4026 1938 4105">
     <span class='ocr_line' id='line_1_41' title="bbox 348 4026 1938 4105; baseline 0.003 -24"><span class='ocrx_word' id='word_1_288' title='bbox 348 4031 484 4095; x_wconf 63' lang='grc' dir='ltr'>τάξιν</span> <span class='ocrx_word' id='word_1_289' title='bbox 503 4029 882 4091; x_wconf 73' lang='grc' dir='ltr'>διδασκαλίας</span> <span class='ocrx_word' id='word_1_290' title='bbox 913 4026 1011 4082; x_wconf 76' lang='grc' dir='ltr'><strong>καὶ</strong></span> <span class='ocrx_word' id='word_1_291' title='bbox 1031 4028 1193 4101; x_wconf 73' lang='grc' dir='ltr'>ἔργον</span> <span class='ocrx_word' id='word_1_292' title='bbox 1222 4030 1589 4104; x_wconf 80' lang='grc' dir='ltr'>ἀποστολικῆς</span> <span class='ocrx_word' id='word_1_293' title='bbox 1623 4027 1780 4104; x_wconf 77' lang='grc' dir='ltr'>οἶμαι</span> <span class='ocrx_word' id='word_1_294' title='bbox 1805 4049 1938 4105; x_wconf 88' lang='grc' dir='ltr'><strong>φρε-</strong></span> 
     </span>
    </p>
   </div>
   <div class='ocr_carea' id='block_1_42' title="bbox 346 4122 444 4185">
    <p class='ocr_par' dir='ltr' id='par_1_42' title="bbox 346 4122 444 4185">
     <span class='ocr_line' id='line_1_42' title="bbox 346 4122 444 4185; baseline 0 -10"><span class='ocrx_word' id='word_1_295' title='bbox 346 4122 444 4185; x_wconf 68' lang='grc' dir='ltr'>νός.</span> 
     </span>
    </p>
   </div>
   <div class='ocr_carea' id='block_1_43' title="bbox 410 4327 1942 4406">
    <p class='ocr_par' dir='ltr' id='par_1_43' title="bbox 410 4327 1942 4406">
     <span class='ocr_line' id='line_1_43' title="bbox 410 4327 1942 4406; baseline 0.003 -23"><span class='ocrx_word' id='word_1_296' title='bbox 410 4327 592 4393; x_wconf 64' lang='grc' dir='ltr'>οὕτως</span> <span class='ocrx_word' id='word_1_297' title='bbox 620 4331 650 4382; x_wconf 81' lang='grc' dir='ltr'><strong><em>ὁ</em></strong></span> <span class='ocrx_word' id='word_1_298' title='bbox 686 4329 873 4400; x_wconf 83' lang='grc' dir='ltr'>μέγας</span> <span class='ocrx_word' id='word_1_299' title='bbox 922 4327 1248 4395; x_wconf 77' lang='grc' dir='ltr'>ἀπόστολος,</span> <span class='ocrx_word' id='word_1_300' title='bbox 1274 4330 1347 4383; x_wconf 79' lang='grc' dir='ltr'>τὰ</span> <span class='ocrx_word' id='word_1_301' title='bbox 1385 4331 1597 4404; x_wconf 74' lang='grc' dir='ltr'>πλευρὰ</span> <span class='ocrx_word' id='word_1_302' title='bbox 1627 4329 1724 4386; x_wconf 79' lang='grc' dir='ltr'><strong>τοῦ</strong></span> <span class='ocrx_word' id='word_1_303' title='bbox 1757 4332 1942 4406; x_wconf 81' lang='grc' dir='ltr'><strong>Βορῤᾶ</strong></span> 
     </span>
    </p>
   </div>
   <div class='ocr_carea' id='block_1_44' title="bbox 357 4421 1940 4495">
    <p class='ocr_par' dir='ltr' id='par_1_44' title="bbox 357 4421 1940 4495">
     <span class='ocr_line' id='line_1_44' title="bbox 357 4421 1940 4495; baseline 0.001 -20"><span class='ocrx_word' id='word_1_304' title='bbox 357 4424 564 4490; x_wconf 53' lang='lat' dir='ltr'><strong>paea,</strong></span> <span class='ocrx_word' id='word_1_305' title='bbox 602 4423 715 4494; x_wconf 74' lang='grc' dir='ltr'><strong>ὅρη</strong></span> <span class='ocrx_word' id='word_1_306' title='bbox 763 4421 1074 4492; x_wconf 81' lang='grc' dir='ltr'>κατέστησε</span> <span class='ocrx_word' id='word_1_307' title='bbox 1097 4422 1260 4476; x_wconf 84' lang='grc' dir='ltr'>Σιών.</span> <span class='ocrx_word' id='word_1_308' title='bbox 1299 4422 1412 4477; x_wconf 71' lang='grc' dir='ltr'><strong>Καὶ</strong></span> <span class='ocrx_word' id='word_1_309' title='bbox 1453 4423 1561 4494; x_wconf 86' lang='grc' dir='ltr'>γὰρ</span> <span class='ocrx_word' id='word_1_310' title='bbox 1613 4423 1760 4487; x_wconf 84' lang='grc' dir='ltr'>ὅσοις</span> <span class='ocrx_word' id='word_1_311' title='bbox 1791 4425 1940 4495; x_wconf 84' lang='grc' dir='ltr'>ῖχνος</span> 
     </span>
    </p>
   </div>
   <div class='ocr_carea' id='block_1_45' title="bbox 2040 555 3622 627">
    <p class='ocr_par' dir='ltr' id='par_1_45' title="bbox 2040 555 3622 627">
     <span class='ocr_line' id='line_1_45' title="bbox 2040 555 3622 627; baseline -0.003 -14"><span class='ocrx_word' id='word_1_312' title='bbox 2040 559 2265 613; x_wconf 87' lang='lat' dir='ltr'><strong>virtutis</strong></span> <span class='ocrx_word' id='word_1_313' title='bbox 2289 567 2394 612; x_wconf 76' lang='lat' dir='ltr'><strong>tua:</strong></span> <span class='ocrx_word' id='word_1_314' title='bbox 2425 557 2859 627; x_wconf 83' lang='lat' dir='ltr'><strong>magniﬁcentia,</strong></span> <span class='ocrx_word' id='word_1_315' title='bbox 2889 570 2951 610; x_wconf 86' lang='lat' dir='ltr'><strong>ac</strong></span> <span class='ocrx_word' id='word_1_316' title='bbox 2987 555 3214 626; x_wconf 69' lang='lat' dir='ltr'><strong>iustitiae</strong></span> <span class='ocrx_word' id='word_1_317' title='bbox 3243 555 3492 620; x_wconf 75' lang='lat' dir='ltr'><strong>clarims,</strong></span> <span class='ocrx_word' id='word_1_318' title='bbox 3525 569 3622 609; x_wconf 83' lang='lat' dir='ltr'><strong>ex-</strong></span> 
     </span>
    </p>
   </div>
   <div class='ocr_carea' id='block_1_46' title="bbox 2040 649 2740 720">
    <p class='ocr_par' dir='ltr' id='par_1_46' title="bbox 2040 649 2740 720">
     <span class='ocr_line' id='line_1_46' title="bbox 2040 649 2740 720; baseline -0.004 -13"><span class='ocrx_word' id='word_1_319' title='bbox 2040 651 2329 707; x_wconf 86' lang='lat' dir='ltr'><strong>cellentior</strong></span> <span class='ocrx_word' id='word_1_320' title='bbox 2353 658 2521 720; x_wconf 90' lang='lat' dir='ltr'><strong>atque</strong></span> <span class='ocrx_word' id='word_1_321' title='bbox 2556 649 2740 704; x_wconf 88' lang='lat' dir='ltr'><strong>altior.</strong></span> 
     </span>
    </p>
   </div>
   <div class='ocr_carea' id='block_1_47' title="bbox 2109 736 3624 810">
    <p class='ocr_par' dir='ltr' id='par_1_47' title="bbox 2109 736 3624 810">
     <span class='ocr_line' id='line_1_47' title="bbox 2109 736 3624 810; baseline -0.005 -14"><span class='ocrx_word' id='word_1_322' title='bbox 2109 741 2265 797; x_wconf 76' lang='lat' dir='ltr'><strong>Novit</strong></span> <span class='ocrx_word' id='word_1_323' title='bbox 2304 741 2477 804; x_wconf 87' lang='lat' dir='ltr'><strong>enim,</strong></span> <span class='ocrx_word' id='word_1_324' title='bbox 2510 739 2712 810; x_wconf 88' lang='lat' dir='ltr'><strong>inquit,</strong></span> <span class='ocrx_word' id='word_1_325' title='bbox 2744 739 3001 793; x_wconf 76' lang='lat' dir='ltr'><strong>Dominus</strong></span> <span class='ocrx_word' id='word_1_326' title='bbox 3041 739 3131 806; x_wconf 77' lang='lat' dir='ltr'><strong>qui</strong></span> <span class='ocrx_word' id='word_1_327' title='bbox 3154 746 3279 791; x_wconf 81' lang='lat' dir='ltr'><strong>sunt</strong></span> <span class='ocrx_word' id='word_1_328' title='bbox 3309 737 3425 807; x_wconf 79' lang='lat' dir='ltr'><strong>ejus</strong></span> <span class='ocrx_word' id='word_1_329' title='bbox 3451 736 3498 768; x_wconf 83' lang='grc'><strong>⁸⁵</strong></span> <span class='ocrx_word' id='word_1_330' title='bbox 3537 743 3624 789; x_wconf 90' lang='lat' dir='ltr'><strong>at-</strong></span> 
     </span>
    </p>
   </div>
   <div class='ocr_carea' id='block_1_48' title="bbox 2038 829 3626 904">
    <p class='ocr_par' dir='ltr' id='par_1_48' title="bbox 2038 829 3626 904">
     <span class='ocr_line' id='line_1_48' title="bbox 2038 829 3626 904; baseline -0.006 -16"><span class='ocrx_word' id='word_1_331' title='bbox 2038 850 2147 904; x_wconf 89' lang='lat' dir='ltr'><strong>que</strong></span> <span class='ocrx_word' id='word_1_332' title='bbox 2177 834 2245 889; x_wconf 86' lang='lat' dir='ltr'><strong>ad</strong></span> <span class='ocrx_word' id='word_1_333' title='bbox 2277 834 2492 904; x_wconf 84' lang='lat' dir='ltr'><strong>singula</strong></span> <span class='ocrx_word' id='word_1_334' title='bbox 2515 848 2749 904; x_wconf 60' lang='lat' dir='ltr'><strong>qumque</strong></span> <span class='ocrx_word' id='word_1_335' title='bbox 2792 830 3100 886; x_wconf 85' lang='lat' dir='ltr'><strong>ministeria</strong></span> <span class='ocrx_word' id='word_1_336' title='bbox 3142 829 3372 884; x_wconf 88' lang='lat' dir='ltr'><strong>idoneos</strong></span> <span class='ocrx_word' id='word_1_337' title='bbox 3421 843 3626 897; x_wconf 78' lang='lat' dir='ltr'><strong>cogno-</strong></span> 
     </span>
    </p>
   </div>
   <div class='ocr_carea' id='block_1_49' title="bbox 2041 922 3626 997">
    <p class='ocr_par' dir='ltr' id='par_1_49' title="bbox 2041 922 3626 997">
     <span class='ocr_line' id='line_1_49' title="bbox 2041 922 3626 997; baseline -0.006 -15"><span class='ocrx_word' id='word_1_338' title='bbox 2041 941 2224 993; x_wconf 89' lang='lat' dir='ltr'><strong>scens,</strong></span> <span class='ocrx_word' id='word_1_339' title='bbox 2257 925 2477 997; x_wconf 87' lang='lat' dir='ltr'><strong>illisque</strong></span> <span class='ocrx_word' id='word_1_340' title='bbox 2504 941 2535 980; x_wconf 90' lang='lat' dir='ltr'><strong>a</strong></span> <span class='ocrx_word' id='word_1_341' title='bbox 2552 925 2728 996; x_wconf 89' lang='lat' dir='ltr'><strong>prima</strong></span> <span class='ocrx_word' id='word_1_342' title='bbox 2754 923 2940 980; x_wconf 83' lang='lat' dir='ltr'><strong>statim</strong></span> <span class='ocrx_word' id='word_1_343' title='bbox 2970 922 3300 977; x_wconf 81' lang='lat' dir='ltr'><strong>formatione</strong></span> <span class='ocrx_word' id='word_1_344' title='bbox 3318 924 3626 988; x_wconf 83' lang='lat' dir='ltr'><strong>inaspecta-</strong></span> 
     </span>
    </p>
   </div>
   <div class='ocr_carea' id='block_1_50' title="bbox 2039 1015 3623 1087">
    <p class='ocr_par' dir='ltr' id='par_1_50' title="bbox 2039 1015 3623 1087">
     <span class='ocr_line' id='line_1_50' title="bbox 2039 1015 3623 1087; baseline -0.006 -12"><span class='ocrx_word' id='word_1_345' title='bbox 2039 1021 2138 1075; x_wconf 91' lang='lat' dir='ltr'><strong>bili</strong></span> <span class='ocrx_word' id='word_1_346' title='bbox 2183 1021 2398 1076; x_wconf 88' lang='lat' dir='ltr'><strong>ratione</strong></span> <span class='ocrx_word' id='word_1_347' title='bbox 2428 1035 2592 1076; x_wconf 89' lang='lat' dir='ltr'><strong>suum</strong></span> <span class='ocrx_word' id='word_1_348' title='bbox 2636 1019 2720 1074; x_wconf 89' lang='lat' dir='ltr'><strong>eis</strong></span> <span class='ocrx_word' id='word_1_349' title='bbox 2743 1017 3011 1073; x_wconf 78' lang='lat' dir='ltr'><strong>auxilium</strong></span> <span class='ocrx_word' id='word_1_350' title='bbox 3047 1015 3446 1087; x_wconf 82' lang='lat' dir='ltr'><strong>benignissime</strong></span> <span class='ocrx_word' id='word_1_351' title='bbox 3479 1027 3623 1082; x_wconf 61' lang='lat' dir='ltr'><strong>prai-</strong></span> 
     </span>
    </p>
   </div>
   <div class='ocr_carea' id='block_1_51' title="bbox 2038 1104 3623 1182">
    <p class='ocr_par' dir='ltr' id='par_1_51' title="bbox 2038 1104 3623 1182">
     <span class='ocr_line' id='line_1_51' title="bbox 2038 1104 3623 1182; baseline -0.005 -16"><span class='ocrx_word' id='word_1_352' title='bbox 2038 1112 2201 1178; x_wconf 87' lang='lat' dir='ltr'><strong>bcns,</strong></span> <span class='ocrx_word' id='word_1_353' title='bbox 2253 1126 2708 1182; x_wconf 86' lang='lat' dir='ltr'><strong>unumquemque</strong></span> <span class='ocrx_word' id='word_1_354' title='bbox 2739 1110 2808 1164; x_wconf 90' lang='lat' dir='ltr'><strong>ad</strong></span> <span class='ocrx_word' id='word_1_355' title='bbox 2839 1125 2984 1176; x_wconf 85' lang='lat' dir='ltr'><strong>eam,</strong></span> <span class='ocrx_word' id='word_1_356' title='bbox 3017 1125 3142 1180; x_wconf 69' lang='lat' dir='ltr'><strong>quae</strong></span> <span class='ocrx_word' id='word_1_357' title='bbox 3169 1124 3237 1163; x_wconf 87' lang='lat' dir='ltr'><strong>ex</strong></span> <span class='ocrx_word' id='word_1_358' title='bbox 3266 1108 3415 1162; x_wconf 91' lang='lat' dir='ltr'><strong>illius</strong></span> <span class='ocrx_word' id='word_1_359' title='bbox 3449 1104 3623 1160; x_wconf 88' lang='lat' dir='ltr'><strong>ratio-</strong></span> 
     </span>
    </p>
   </div>
   <div class='ocr_carea' id='block_1_52' title="bbox 2040 1195 3625 1277">
    <p class='ocr_par' dir='ltr' id='par_1_52' title="bbox 2040 1195 3625 1277">
     <span class='ocr_line' id='line_1_52' title="bbox 2040 1195 3625 1277; baseline -0.005 -19"><span class='ocrx_word' id='word_1_360' title='bbox 2040 1204 2208 1259; x_wconf 89' lang='lat' dir='ltr'><strong>nibus</strong></span> <span class='ocrx_word' id='word_1_361' title='bbox 2238 1211 2345 1266; x_wconf 90' lang='lat' dir='ltr'><strong>est,</strong></span> <span class='ocrx_word' id='word_1_362' title='bbox 2383 1201 2780 1273; x_wconf 87' lang='lat' dir='ltr'><strong>perfectionem</strong></span> <span class='ocrx_word' id='word_1_363' title='bbox 2809 1201 3020 1271; x_wconf 80' lang='lat' dir='ltr'><strong>dirigit.</strong></span> <span class='ocrx_word' id='word_1_364' title='bbox 3056 1200 3154 1277; x_wconf 80' lang='lat' dir='ltr'><strong>Ille</strong></span> <span class='ocrx_word' id='word_1_365' title='bbox 3179 1214 3286 1255; x_wconf 90' lang='lat' dir='ltr'><strong>una</strong></span> <span class='ocrx_word' id='word_1_366' title='bbox 3330 1211 3517 1252; x_wconf 86' lang='lat' dir='ltr'><strong>comes</strong></span> <span class='ocrx_word' id='word_1_367' title='bbox 3555 1195 3625 1251; x_wconf 89' lang='lat' dir='ltr'><strong>ad</strong></span> 
     </span>
    </p>
   </div>
   <div class='ocr_carea' id='block_1_53' title="bbox 2037 1289 3628 1365">
    <p class='ocr_par' dir='ltr' id='par_1_53' title="bbox 2037 1289 3628 1365">
     <span class='ocr_line' id='line_1_53' title="bbox 2037 1289 3628 1365; baseline -0.004 -15"><span class='ocrx_word' id='word_1_368' title='bbox 2037 1311 2135 1350; x_wconf 90' lang='lat' dir='ltr'><strong>eos</strong></span> <span class='ocrx_word' id='word_1_369' title='bbox 2154 1294 2455 1365; x_wconf 88' lang='lat' dir='ltr'><strong>profectus,</strong></span> <span class='ocrx_word' id='word_1_370' title='bbox 2472 1294 2568 1364; x_wconf 90' lang='lat' dir='ltr'><strong>qui</strong></span> <span class='ocrx_word' id='word_1_371' title='bbox 2588 1294 2751 1364; x_wconf 85' lang='lat' dir='ltr'><strong>longe</strong></span> <span class='ocrx_word' id='word_1_372' title='bbox 2773 1291 3098 1348; x_wconf 87' lang='lat' dir='ltr'><strong>alienissimi</strong></span> <span class='ocrx_word' id='word_1_373' title='bbox 3122 1307 3186 1347; x_wconf 90' lang='lat' dir='ltr'><strong>ac</strong></span> <span class='ocrx_word' id='word_1_374' title='bbox 3226 1289 3628 1360; x_wconf 81' lang='lat' dir='ltr'><strong>caliginosissi-</strong></span> 
     </span>
    </p>
   </div>
   <div class='ocr_carea' id='block_1_54' title="bbox 2038 1381 3625 1453">
    <p class='ocr_par' dir='ltr' id='par_1_54' title="bbox 2038 1381 3625 1453">
     <span class='ocr_line' id='line_1_54' title="bbox 2038 1381 3625 1453; baseline -0.003 -15"><span class='ocrx_word' id='word_1_375' title='bbox 2038 1384 2115 1438; x_wconf 90' lang='lat' dir='ltr'><strong>mi</strong></span> <span class='ocrx_word' id='word_1_376' title='bbox 2148 1392 2331 1449; x_wconf 89' lang='lat' dir='ltr'><strong>erant,</strong></span> <span class='ocrx_word' id='word_1_377' title='bbox 2360 1382 2640 1453; x_wconf 84' lang='lat' dir='ltr'><strong>spiritales</strong></span> <span class='ocrx_word' id='word_1_378' title='bbox 2671 1382 2754 1437; x_wconf 89' lang='lat' dir='ltr'><strong>eis</strong></span> <span class='ocrx_word' id='word_1_379' title='bbox 2776 1381 3022 1453; x_wconf 83' lang='lat' dir='ltr'><strong>fulgores</strong></span> <span class='ocrx_word' id='word_1_380' title='bbox 3050 1381 3298 1436; x_wconf 90' lang='lat' dir='ltr'><strong>immisit.</strong></span> <span class='ocrx_word' id='word_1_381' title='bbox 3333 1381 3625 1451; x_wconf 88' lang='lat' dir='ltr'><strong>Tanquam</strong></span> 
     </span>
    </p>
   </div>
   <div class='ocr_carea' id='block_1_55' title="bbox 2036 1472 3626 1548">
    <p class='ocr_par' dir='ltr' id='par_1_55' title="bbox 2036 1472 3626 1548">
     <span class='ocr_line' id='line_1_55' title="bbox 2036 1472 3626 1548; baseline -0.003 -15"><span class='ocrx_word' id='word_1_382' title='bbox 2036 1478 2186 1533; x_wconf 91' lang='lat' dir='ltr'><strong>enim</strong></span> <span class='ocrx_word' id='word_1_383' title='bbox 2238 1478 2386 1533; x_wconf 88' lang='lat' dir='ltr'><strong>nube</strong></span> <span class='ocrx_word' id='word_1_384' title='bbox 2428 1475 2611 1532; x_wconf 91' lang='lat' dir='ltr'><strong>lucida</strong></span> <span class='ocrx_word' id='word_1_385' title='bbox 2647 1474 2821 1548; x_wconf 89' lang='lat' dir='ltr'><strong>(nube</strong></span> <span class='ocrx_word' id='word_1_386' title='bbox 2869 1474 3084 1530; x_wconf 89' lang='lat' dir='ltr'><strong>scilicet</strong></span> <span class='ocrx_word' id='word_1_387' title='bbox 3113 1474 3219 1529; x_wconf 91' lang='lat' dir='ltr'><strong>levi</strong></span> <span class='ocrx_word' id='word_1_388' title='bbox 3275 1489 3341 1528; x_wconf 93' lang='lat' dir='ltr'><strong>ac</strong></span> <span class='ocrx_word' id='word_1_389' title='bbox 3375 1472 3626 1544; x_wconf 73' lang='lat' dir='ltr'><strong>mystica)</strong></span> 
     </span>
    </p>
   </div>
   <div class='ocr_carea' id='block_1_56' title="bbox 2039 1565 3629 1636">
    <p class='ocr_par' dir='ltr' id='par_1_56' title="bbox 2039 1565 3629 1636">
     <span class='ocr_line' id='line_1_56' title="bbox 2039 1565 3629 1636; baseline -0.003 -11"><span class='ocrx_word' id='word_1_390' title='bbox 2039 1577 2133 1625; x_wconf 88' lang='lat' dir='ltr'><strong>tua</strong></span> <span class='ocrx_word' id='word_1_391' title='bbox 2181 1569 2437 1625; x_wconf 76' lang='lat' dir='ltr'><strong>invectus</strong></span> <span class='ocrx_word' id='word_1_392' title='bbox 2475 1577 2685 1634; x_wconf 88' lang='lat' dir='ltr'><strong>mente,</strong></span> <span class='ocrx_word' id='word_1_393' title='bbox 2739 1567 3165 1636; x_wconf 86' lang='lat' dir='ltr'><strong>obscuratisque</strong></span> <span class='ocrx_word' id='word_1_394' title='bbox 3217 1566 3326 1621; x_wconf 86' lang='lat' dir='ltr'><strong>illis</strong></span> <span class='ocrx_word' id='word_1_395' title='bbox 3365 1565 3629 1636; x_wconf 78' lang='lat' dir='ltr'><strong>gentibus</strong></span> 
     </span>
    </p>
   </div>
   <div class='ocr_carea' id='block_1_57' title="bbox 2037 1646 3628 1730">
    <p class='ocr_par' dir='ltr' id='par_1_57' title="bbox 2037 1646 3628 1730">
     <span class='ocr_line' id='line_1_57' title="bbox 2037 1646 3628 1730; baseline -0.004 -12"><span class='ocrx_word' id='word_1_396' title='bbox 2037 1663 2361 1729; x_wconf 84' lang='lat' dir='ltr'><strong>adveniens,</strong></span> <span class='ocrx_word' id='word_1_397' title='bbox 2387 1661 2758 1724; x_wconf 89' lang='lat' dir='ltr'><strong>moderatum,</strong></span> <span class='ocrx_word' id='word_1_398' title='bbox 2789 1675 2856 1723; x_wconf 87' lang='lat' dir='ltr'><strong>ac</strong></span> <span class='ocrx_word' id='word_1_399' title='bbox 2882 1646 3399 1730; x_wconf 87' lang='lat' dir='ltr'><strong>quantumlicebat,</strong></span> <span class='ocrx_word' id='word_1_400' title='bbox 3423 1657 3628 1712; x_wconf 73' lang='lat' dir='ltr'><strong>divina:</strong></span> 
     </span>
    </p>
   </div>
   <div class='ocr_carea' id='block_1_58' title="bbox 2037 1748 3714 1826">
    <p class='ocr_par' dir='ltr' id='par_1_58' title="bbox 2037 1748 3714 1826">
     <span class='ocr_line' id='line_1_58' title="bbox 2037 1748 3714 1826; baseline -0.004 -16"><span class='ocrx_word' id='word_1_401' title='bbox 2037 1754 2370 1826; x_wconf 88' lang='lat' dir='ltr'><strong>cognitionis</strong></span> <span class='ocrx_word' id='word_1_402' title='bbox 2393 1769 2459 1809; x_wconf 91' lang='lat' dir='ltr'><strong>ac</strong></span> <span class='ocrx_word' id='word_1_403' title='bbox 2487 1752 2615 1808; x_wconf 83' lang='lat' dir='ltr'><strong>ﬁdei</strong></span> <span class='ocrx_word' id='word_1_404' title='bbox 2640 1752 2877 1818; x_wconf 90' lang='lat' dir='ltr'><strong>radium,</strong></span> <span class='ocrx_word' id='word_1_405' title='bbox 2909 1761 2960 1807; x_wconf 90' lang='lat' dir='ltr'><strong>te</strong></span> <span class='ocrx_word' id='word_1_406' title='bbox 2988 1757 3238 1816; x_wconf 89' lang='lat' dir='ltr'><strong>auctore,</strong></span> <span class='ocrx_word' id='word_1_407' title='bbox 3268 1749 3377 1805; x_wconf 88' lang='lat' dir='ltr'><strong>illis</strong></span> <span class='ocrx_word' id='word_1_408' title='bbox 3394 1748 3628 1804; x_wconf 84' lang='lat' dir='ltr'><strong>manife—</strong></span> <span class='ocrx_word' id='word_1_409' title='bbox 3711 1763 3714 1766; x_wconf 73' lang='grc'><strong>’</strong></span> 
     </span>
    </p>
   </div>
   <div class='ocr_carea' id='block_1_59' title="bbox 2036 1843 2291 1901">
    <p class='ocr_par' dir='ltr' id='par_1_59' title="bbox 2036 1843 2291 1901">
     <span class='ocr_line' id='line_1_59' title="bbox 2036 1843 2291 1901; baseline -0.02 -1"><span class='ocrx_word' id='word_1_410' title='bbox 2036 1845 2202 1901; x_wconf 88' lang='lat' dir='ltr'><strong>stavit</strong></span> <span class='ocrx_word' id='word_1_411' title='bbox 2225 1843 2291 1895; x_wconf 79' lang='grc'><strong>⁸⁸.</strong></span> 
     </span>
    </p>
   </div>
   <div class='ocr_carea' id='block_1_60' title="bbox 2011 1928 3624 2005">
    <p class='ocr_par' dir='ltr' id='par_1_60' title="bbox 2011 1928 3624 2005">
     <span class='ocr_line' id='line_1_60' title="bbox 2011 1928 3624 2005; baseline -0.005 -16"><span class='ocrx_word' id='word_1_412' title='bbox 2011 1995 2018 2005; x_wconf 53' lang='grc'><strong>,</strong></span> <span class='ocrx_word' id='word_1_413' title='bbox 2103 1937 2176 1990; x_wconf 89' lang='lat' dir='ltr'><strong>At</strong></span> <span class='ocrx_word' id='word_1_414' title='bbox 2198 1933 2452 2005; x_wconf 85' lang='lat' dir='ltr'><strong>quisnam</strong></span> <span class='ocrx_word' id='word_1_415' title='bbox 2482 1931 2705 1995; x_wconf 90' lang='lat' dir='ltr'><strong>modus,</strong></span> <span class='ocrx_word' id='word_1_416' title='bbox 2757 1945 2868 2001; x_wconf 90' lang='lat' dir='ltr'><strong>quo</strong></span> <span class='ocrx_word' id='word_1_417' title='bbox 2903 1930 2990 1984; x_wconf 84' lang='lat' dir='ltr'><strong>vir</strong></span> <span class='ocrx_word' id='word_1_418' title='bbox 3029 1928 3463 1984; x_wconf 88' lang='lat' dir='ltr'><strong>humanissimus</strong></span> <span class='ocrx_word' id='word_1_419' title='bbox 3494 1943 3624 1983; x_wconf 91' lang='lat' dir='ltr'><strong>cum</strong></span> 
     </span>
    </p>
   </div>
   <div class='ocr_carea' id='block_1_61' title="bbox 2035 2019 3629 2094">
    <p class='ocr_par' dir='ltr' id='par_1_61' title="bbox 2035 2019 3629 2094">
     <span class='ocr_line' id='line_1_61' title="bbox 2035 2019 3629 2094; baseline -0.004 -13"><span class='ocrx_word' id='word_1_420' title='bbox 2035 2024 2449 2081; x_wconf 88' lang='lat' dir='ltr'><strong>immanissimis</strong></span> <span class='ocrx_word' id='word_1_421' title='bbox 2463 2019 2950 2094; x_wconf 88' lang='lat' dir='ltr'><strong>congrediebatur?</strong></span> <span class='ocrx_word' id='word_1_422' title='bbox 2965 2020 3209 2076; x_wconf 86' lang='lat' dir='ltr'><strong>Primum</strong></span> <span class='ocrx_word' id='word_1_423' title='bbox 3234 2021 3457 2091; x_wconf 84' lang='lat' dir='ltr'><strong>quidem</strong></span> <span class='ocrx_word' id='word_1_424' title='bbox 3480 2021 3629 2090; x_wconf 86' lang='lat' dir='ltr'><strong>ejus-</strong></span> 
     </span>
    </p>
   </div>
   <div class='ocr_carea' id='block_1_62' title="bbox 2035 2113 3628 2179">
    <p class='ocr_par' dir='ltr' id='par_1_62' title="bbox 2035 2113 3628 2179">
     <span class='ocr_line' id='line_1_62' title="bbox 2035 2113 3628 2179; baseline -0.002 -8"><span class='ocrx_word' id='word_1_425' title='bbox 2035 2116 2162 2172; x_wconf 90' lang='lat' dir='ltr'><strong>dem</strong></span> <span class='ocrx_word' id='word_1_426' title='bbox 2211 2115 2484 2174; x_wconf 87' lang='lat' dir='ltr'><strong>sermonis</strong></span> <span class='ocrx_word' id='word_1_427' title='bbox 2527 2131 2655 2179; x_wconf 91' lang='lat' dir='ltr'><strong>usu,</strong></span> <span class='ocrx_word' id='word_1_428' title='bbox 2685 2113 2929 2169; x_wconf 84' lang='lat' dir='ltr'><strong>ferocem</strong></span> <span class='ocrx_word' id='word_1_429' title='bbox 2970 2114 3224 2168; x_wconf 89' lang='lat' dir='ltr'><strong>auditum</strong></span> <span class='ocrx_word' id='word_1_430' title='bbox 3254 2113 3324 2169; x_wconf 88' lang='lat' dir='ltr'><strong>ad</strong></span> <span class='ocrx_word' id='word_1_431' title='bbox 3360 2129 3422 2169; x_wconf 86' lang='lat' dir='ltr'><strong>se</strong></span> <span class='ocrx_word' id='word_1_432' title='bbox 3454 2121 3628 2168; x_wconf 90' lang='lat' dir='ltr'><strong>attra-</strong></span> 
     </span>
    </p>
   </div>
   <div class='ocr_carea' id='block_1_63' title="bbox 2036 2206 3622 2284">
    <p class='ocr_par' dir='ltr' id='par_1_63' title="bbox 2036 2206 3622 2284">
     <span class='ocr_line' id='line_1_63' title="bbox 2036 2206 3622 2284; baseline -0.001 -20"><span class='ocrx_word' id='word_1_433' title='bbox 2036 2209 2225 2266; x_wconf 87' lang='lat' dir='ltr'><strong>hebat.</strong></span> <span class='ocrx_word' id='word_1_434' title='bbox 2261 2209 2354 2284; x_wconf 88' lang='lat' dir='ltr'><strong>Sic</strong></span> <span class='ocrx_word' id='word_1_435' title='bbox 2387 2209 2536 2264; x_wconf 89' lang='lat' dir='ltr'><strong>enim</strong></span> <span class='ocrx_word' id='word_1_436' title='bbox 2569 2217 2766 2262; x_wconf 90' lang='lat' dir='ltr'><strong>natura</strong></span> <span class='ocrx_word' id='word_1_437' title='bbox 2799 2216 3204 2278; x_wconf 89' lang='lat' dir='ltr'><strong>comparatum,</strong></span> <span class='ocrx_word' id='word_1_438' title='bbox 3232 2215 3296 2262; x_wconf 91' lang='lat' dir='ltr'><strong>ut</strong></span> <span class='ocrx_word' id='word_1_439' title='bbox 3322 2206 3506 2263; x_wconf 91' lang='lat' dir='ltr'><strong>simile</strong></span> <span class='ocrx_word' id='word_1_440' title='bbox 3541 2207 3622 2262; x_wconf 85' lang='lat' dir='ltr'><strong>si-</strong></span> 
     </span>
    </p>
   </div>
   <div class='ocr_carea' id='block_1_64' title="bbox 2035 2295 3623 2369">
    <p class='ocr_par' dir='ltr' id='par_1_64' title="bbox 2035 2295 3623 2369">
     <span class='ocr_line' id='line_1_64' title="bbox 2035 2295 3623 2369; baseline -0.002 -15"><span class='ocrx_word' id='word_1_441' title='bbox 2035 2298 2154 2354; x_wconf 89' lang='lat' dir='ltr'><strong>mili</strong></span> <span class='ocrx_word' id='word_1_442' title='bbox 2182 2297 2428 2369; x_wconf 87' lang='lat' dir='ltr'><strong>proclive</strong></span> <span class='ocrx_word' id='word_1_443' title='bbox 2465 2295 2795 2352; x_wconf 86' lang='lat' dir='ltr'><strong>adducatur.</strong></span> <span class='ocrx_word' id='word_1_444' title='bbox 2826 2296 3042 2352; x_wconf 88' lang='lat' dir='ltr'><strong>Idcirco</strong></span> <span class='ocrx_word' id='word_1_445' title='bbox 3079 2296 3250 2352; x_wconf 90' lang='lat' dir='ltr'><strong>etiam</strong></span> <span class='ocrx_word' id='word_1_446' title='bbox 3285 2295 3530 2367; x_wconf 90' lang='lat' dir='ltr'><strong>Spiritus</strong></span> <span class='ocrx_word' id='word_1_447' title='bbox 3562 2296 3623 2351; x_wconf 92' lang='lat' dir='ltr'><strong>in</strong></span> 
     </span>
    </p>
   </div>
   <div class='ocr_carea' id='block_1_65' title="bbox 2036 2391 3630 2466">
    <p class='ocr_par' dir='ltr' id='par_1_65' title="bbox 2036 2391 3630 2466">
     <span class='ocr_line' id='line_1_65' title="bbox 2036 2391 3630 2466; baseline -0.004 -15"><span class='ocrx_word' id='word_1_448' title='bbox 2036 2395 2220 2466; x_wconf 87' lang='lat' dir='ltr'><strong>specie</strong></span> <span class='ocrx_word' id='word_1_449' title='bbox 2247 2393 2568 2465; x_wconf 86' lang='lat' dir='ltr'><strong>linguarum</strong></span> <span class='ocrx_word' id='word_1_450' title='bbox 2595 2391 2859 2462; x_wconf 89' lang='lat' dir='ltr'><strong>apostolis</strong></span> <span class='ocrx_word' id='word_1_451' title='bbox 2883 2391 3129 2454; x_wconf 87' lang='lat' dir='ltr'><strong>advenit,</strong></span> <span class='ocrx_word' id='word_1_452' title='bbox 3154 2393 3386 2463; x_wconf 83' lang='lat' dir='ltr'><strong>ejusque</strong></span> <span class='ocrx_word' id='word_1_453' title='bbox 3417 2391 3630 2454; x_wconf 85' lang='lat' dir='ltr'><strong>afllatu,</strong></span> 
     </span>
    </p>
   </div>
   <div class='ocr_carea' id='block_1_66' title="bbox 2036 2482 3630 2557">
    <p class='ocr_par' dir='ltr' id='par_1_66' title="bbox 2036 2482 3630 2557">
     <span class='ocr_line' id='line_1_66' title="bbox 2036 2482 3630 2557; baseline -0.004 -13"><span class='ocrx_word' id='word_1_454' title='bbox 2036 2497 2166 2544; x_wconf 87' lang='lat' dir='ltr'><strong>ante</strong></span> <span class='ocrx_word' id='word_1_455' title='bbox 2195 2486 2304 2542; x_wconf 88' lang='lat' dir='ltr'><strong>alia</strong></span> <span class='ocrx_word' id='word_1_456' title='bbox 2329 2486 2505 2557; x_wconf 89' lang='lat' dir='ltr'><strong>signa,</strong></span> <span class='ocrx_word' id='word_1_457' title='bbox 2534 2484 2728 2540; x_wconf 87' lang='lat' dir='ltr'><strong>divisis</strong></span> <span class='ocrx_word' id='word_1_458' title='bbox 2761 2483 2965 2554; x_wconf 82' lang='lat' dir='ltr'><strong>linguis</strong></span> <span class='ocrx_word' id='word_1_459' title='bbox 2989 2483 3258 2555; x_wconf 90' lang='lat' dir='ltr'><strong>impartiti</strong></span> <span class='ocrx_word' id='word_1_460' title='bbox 3288 2493 3451 2551; x_wconf 89' lang='lat' dir='ltr'><strong>sunt;</strong></span> <span class='ocrx_word' id='word_1_461' title='bbox 3479 2482 3630 2555; x_wconf 90' lang='lat' dir='ltr'><strong>quod</strong></span> 
     </span>
    </p>
   </div>
   <div class='ocr_carea' id='block_1_67' title="bbox 2036 2575 3633 2649">
    <p class='ocr_par' dir='ltr' id='par_1_67' title="bbox 2036 2575 3633 2649">
     <span class='ocr_line' id='line_1_67' title="bbox 2036 2575 3633 2649; baseline -0.003 -14"><span class='ocrx_word' id='word_1_462' title='bbox 2036 2577 2304 2635; x_wconf 87' lang='lat' dir='ltr'><strong>nimirum</strong></span> <span class='ocrx_word' id='word_1_463' title='bbox 2335 2577 2615 2634; x_wconf 89' lang='lat' dir='ltr'><strong>sermonis</strong></span> <span class='ocrx_word' id='word_1_464' title='bbox 2639 2577 2827 2649; x_wconf 86' lang='lat' dir='ltr'><strong>potius</strong></span> <span class='ocrx_word' id='word_1_465' title='bbox 2851 2577 3245 2632; x_wconf 88' lang='lat' dir='ltr'><strong>communione</strong></span> <span class='ocrx_word' id='word_1_466' title='bbox 3262 2617 3277 2643; x_wconf 91' lang='lat'><strong>,</strong></span> <span class='ocrx_word' id='word_1_467' title='bbox 3303 2592 3469 2646; x_wconf 88' lang='lat' dir='ltr'><strong>quam</strong></span> <span class='ocrx_word' id='word_1_468' title='bbox 3503 2575 3633 2632; x_wconf 89' lang='lat' dir='ltr'><strong>ullis</strong></span> 
     </span>
    </p>
   </div>
   <div class='ocr_carea' id='block_1_68' title="bbox 2036 2667 3635 2744">
    <p class='ocr_par' dir='ltr' id='par_1_68' title="bbox 2036 2667 3635 2744">
     <span class='ocr_line' id='line_1_68' title="bbox 2036 2667 3635 2744; baseline -0.002 -18"><span class='ocrx_word' id='word_1_469' title='bbox 2036 2671 2162 2736; x_wconf 85' lang='lat' dir='ltr'><strong>aliis</strong></span> <span class='ocrx_word' id='word_1_470' title='bbox 2202 2671 2508 2739; x_wconf 89' lang='lat' dir='ltr'><strong>miraculis,</strong></span> <span class='ocrx_word' id='word_1_471' title='bbox 2539 2681 2784 2744; x_wconf 78' lang='lat' dir='ltr'><strong>agrestes</strong></span> <span class='ocrx_word' id='word_1_472' title='bbox 2806 2670 2978 2726; x_wconf 89' lang='lat' dir='ltr'><strong>animi</strong></span> <span class='ocrx_word' id='word_1_473' title='bbox 3005 2677 3064 2725; x_wconf 90' lang='lat' dir='ltr'><strong>et</strong></span> <span class='ocrx_word' id='word_1_474' title='bbox 3094 2667 3350 2724; x_wconf 91' lang='lat' dir='ltr'><strong>indomiti</strong></span> <span class='ocrx_word' id='word_1_475' title='bbox 3374 2683 3635 2723; x_wconf 83' lang='lat' dir='ltr'><strong>mansue-</strong></span> 
     </span>
    </p>
   </div>
   <div class='ocr_carea' id='block_1_69' title="bbox 2035 2757 3632 2832">
    <p class='ocr_par' dir='ltr' id='par_1_69' title="bbox 2035 2757 3632 2832">
     <span class='ocr_line' id='line_1_69' title="bbox 2035 2757 3632 2832; baseline -0.009 -6"><span class='ocrx_word' id='word_1_476' title='bbox 2035 2775 2199 2826; x_wconf 82' lang='lat' dir='ltr'><strong>scant</strong></span> <span class='ocrx_word' id='word_1_477' title='bbox 2217 2780 2282 2821; x_wconf 91' lang='lat' dir='ltr'><strong>ac</strong></span> <span class='ocrx_word' id='word_1_478' title='bbox 2302 2765 2642 2823; x_wconf 86' lang='lat' dir='ltr'><strong>cicurentur.</strong></span> <span class='ocrx_word' id='word_1_479' title='bbox 2686 2763 2770 2819; x_wconf 85' lang='lat' dir='ltr'><strong>Illi</strong></span> <span class='ocrx_word' id='word_1_480' title='bbox 2802 2762 2990 2832; x_wconf 88' lang='lat' dir='ltr'><strong>itaque</strong></span> <span class='ocrx_word' id='word_1_481' title='bbox 3017 2759 3168 2831; x_wconf 90' lang='lat' dir='ltr'><strong>paris</strong></span> <span class='ocrx_word' id='word_1_482' title='bbox 3195 2758 3402 2830; x_wconf 89' lang='lat' dir='ltr'><strong>eloquii</strong></span> <span class='ocrx_word' id='word_1_483' title='bbox 3426 2758 3504 2825; x_wconf 90' lang='lat' dir='ltr'><strong>vi,</strong></span> <span class='ocrx_word' id='word_1_484' title='bbox 3527 2757 3632 2812; x_wconf 91' lang='lat' dir='ltr'><strong>bo-</strong></span> 
     </span>
    </p>
   </div>
   <div class='ocr_carea' id='block_1_70' title="bbox 2036 2852 3629 2916">
    <p class='ocr_par' dir='ltr' id='par_1_70' title="bbox 2036 2852 3629 2916">
     <span class='ocr_line' id='line_1_70' title="bbox 2036 2852 3629 2916; baseline -0.007 -1"><span class='ocrx_word' id='word_1_485' title='bbox 2036 2861 2265 2916; x_wconf 87' lang='lat' dir='ltr'><strong>nitatem</strong></span> <span class='ocrx_word' id='word_1_486' title='bbox 2283 2857 2651 2913; x_wconf 87' lang='lat' dir='ltr'><strong>commiscens</strong></span> <span class='ocrx_word' id='word_1_487' title='bbox 2667 2865 2726 2912; x_wconf 80' lang='lat' dir='ltr'><strong>et</strong></span> <span class='ocrx_word' id='word_1_488' title='bbox 2739 2855 3024 2911; x_wconf 87' lang='lat' dir='ltr'><strong>lenitatem</strong></span> <span class='ocrx_word' id='word_1_489' title='bbox 3044 2861 3101 2910; x_wconf 90' lang='lat' dir='ltr'><strong>et</strong></span> <span class='ocrx_word' id='word_1_490' title='bbox 3121 2852 3629 2915; x_wconf 83' lang='lat' dir='ltr'><strong>mansuetudinem,</strong></span> 
     </span>
    </p>
   </div>
   <div class='ocr_carea' id='block_1_71' title="bbox 2037 2943 3633 3022">
    <p class='ocr_par' dir='ltr' id='par_1_71' title="bbox 2037 2943 3633 3022">
     <span class='ocr_line' id='line_1_71' title="bbox 2037 2943 3633 3022; baseline -0.006 -16"><span class='ocrx_word' id='word_1_491' title='bbox 2037 2951 2238 3022; x_wconf 91' lang='lat' dir='ltr'><strong>hisque</strong></span> <span class='ocrx_word' id='word_1_492' title='bbox 2265 2966 2371 3020; x_wconf 91' lang='lat' dir='ltr'><strong>qua</strong></span> <span class='ocrx_word' id='word_1_493' title='bbox 2399 2948 2726 3013; x_wconf 88' lang='lat' dir='ltr'><strong>horrebant,</strong></span> <span class='ocrx_word' id='word_1_494' title='bbox 2752 2963 2972 3003; x_wconf 88' lang='lat' dir='ltr'><strong>morum</strong></span> <span class='ocrx_word' id='word_1_495' title='bbox 3000 2945 3361 3018; x_wconf 86' lang='lat' dir='ltr'><strong>asperitatem</strong></span> <span class='ocrx_word' id='word_1_496' title='bbox 3395 2953 3453 2998; x_wconf 90' lang='lat' dir='ltr'><strong>et</strong></span> <span class='ocrx_word' id='word_1_497' title='bbox 3482 2943 3633 2998; x_wconf 87' lang='lat' dir='ltr'><strong>fero-</strong></span> 
     </span>
    </p>
   </div>
   <div class='ocr_carea' id='block_1_72' title="bbox 2035 3037 3630 3112">
    <p class='ocr_par' dir='ltr' id='par_1_72' title="bbox 2035 3037 3630 3112">
     <span class='ocr_line' id='line_1_72' title="bbox 2035 3037 3630 3112; baseline -0.007 -12"><span class='ocrx_word' id='word_1_498' title='bbox 2035 3045 2176 3101; x_wconf 92' lang='lat' dir='ltr'><strong>ciam</strong></span> <span class='ocrx_word' id='word_1_499' title='bbox 2206 3059 2272 3098; x_wconf 85' lang='lat' dir='ltr'><strong>ac</strong></span> <span class='ocrx_word' id='word_1_500' title='bbox 2300 3042 2566 3098; x_wconf 64' lang='lat' dir='ltr'><strong>saevitiam</strong></span> <span class='ocrx_word' id='word_1_501' title='bbox 2595 3041 2870 3112; x_wconf 84' lang='lat' dir='ltr'><strong>subigens,</strong></span> <span class='ocrx_word' id='word_1_502' title='bbox 2904 3055 3001 3095; x_wconf 86' lang='lat' dir='ltr'><strong>eos</strong></span> <span class='ocrx_word' id='word_1_503' title='bbox 3030 3039 3295 3110; x_wconf 89' lang='lat' dir='ltr'><strong>paulatim</strong></span> <span class='ocrx_word' id='word_1_504' title='bbox 3326 3037 3630 3092; x_wconf 83' lang='lat' dir='ltr'><strong>alliciebat.</strong></span> 
     </span>
    </p>
   </div>
   <div class='ocr_carea' id='block_1_73' title="bbox 2107 3128 3635 3202">
    <p class='ocr_par' dir='ltr' id='par_1_73' title="bbox 2107 3128 3635 3202">
     <span class='ocr_line' id='line_1_73' title="bbox 2107 3128 3635 3202; baseline -0.006 -10"><span class='ocrx_word' id='word_1_505' title='bbox 2107 3136 2318 3193; x_wconf 88' lang='lat' dir='ltr'><strong>Deinde</strong></span> <span class='ocrx_word' id='word_1_506' title='bbox 2347 3150 2472 3190; x_wconf 91' lang='lat' dir='ltr'><strong>cum</strong></span> <span class='ocrx_word' id='word_1_507' title='bbox 2499 3133 2709 3190; x_wconf 89' lang='lat' dir='ltr'><strong>amicos</strong></span> <span class='ocrx_word' id='word_1_508' title='bbox 2732 3148 2798 3188; x_wconf 90' lang='lat' dir='ltr'><strong>ac</strong></span> <span class='ocrx_word' id='word_1_509' title='bbox 2841 3131 3120 3202; x_wconf 91' lang='lat' dir='ltr'><strong>colloquio</strong></span> <span class='ocrx_word' id='word_1_510' title='bbox 3154 3130 3344 3187; x_wconf 84' lang='lat' dir='ltr'><strong>faciles</strong></span> <span class='ocrx_word' id='word_1_511' title='bbox 3385 3128 3635 3185; x_wconf 89' lang='lat' dir='ltr'><strong>infensos</strong></span> 
     </span>
    </p>
   </div>
   <div class='ocr_carea' id='block_1_74' title="bbox 2037 3220 3632 3294">
    <p class='ocr_par' dir='ltr' id='par_1_74' title="bbox 2037 3220 3632 3294">
     <span class='ocr_line' id='line_1_74' title="bbox 2037 3220 3632 3294; baseline -0.004 -13"><span class='ocrx_word' id='word_1_512' title='bbox 2037 3224 2479 3294; x_wconf 88' lang='lat' dir='ltr'><strong>alioquianimos</strong></span> <span class='ocrx_word' id='word_1_513' title='bbox 2507 3222 2911 3278; x_wconf 88' lang='lat' dir='ltr'><strong>consuetudine</strong></span> <span class='ocrx_word' id='word_1_514' title='bbox 2926 3222 3044 3293; x_wconf 86' lang='lat' dir='ltr'><strong>ipsa</strong></span> <span class='ocrx_word' id='word_1_515' title='bbox 3071 3220 3511 3288; x_wconf 89' lang='lat' dir='ltr'><strong>reddidisset,sic</strong></span> <span class='ocrx_word' id='word_1_516' title='bbox 3527 3235 3632 3290; x_wconf 93' lang='lat' dir='ltr'><strong>op-</strong></span> 
     </span>
    </p>
   </div>
   <div class='ocr_carea' id='block_1_75' title="bbox 2033 3311 3626 3390">
    <p class='ocr_par' dir='ltr' id='par_1_75' title="bbox 2033 3311 3626 3390">
     <span class='ocr_line' id='line_1_75' title="bbox 2033 3311 3626 3390; baseline -0.003 -18"><span class='ocrx_word' id='word_1_517' title='bbox 2033 3325 2271 3390; x_wconf 91' lang='lat' dir='ltr'><strong>portune</strong></span> <span class='ocrx_word' id='word_1_518' title='bbox 2299 3316 2368 3370; x_wconf 90' lang='lat' dir='ltr'><strong>ad</strong></span> <span class='ocrx_word' id='word_1_519' title='bbox 2386 3317 2487 3371; x_wconf 91' lang='lat' dir='ltr'><strong>Dei</strong></span> <span class='ocrx_word' id='word_1_520' title='bbox 2514 3314 2770 3370; x_wconf 90' lang='lat' dir='ltr'><strong>notitiam</strong></span> <span class='ocrx_word' id='word_1_521' title='bbox 2799 3314 3078 3384; x_wconf 84' lang='lat' dir='ltr'><strong>fidemque</strong></span> <span class='ocrx_word' id='word_1_522' title='bbox 3108 3313 3441 3369; x_wconf 86' lang='lat' dir='ltr'><strong>adducebat.</strong></span> <span class='ocrx_word' id='word_1_523' title='bbox 3467 3311 3626 3380; x_wconf 88' lang='lat' dir='ltr'><strong>Quod</strong></span> 
     </span>
    </p>
   </div>
   <div class='ocr_carea' id='block_1_76' title="bbox 2033 3405 3634 3481">
    <p class='ocr_par' dir='ltr' id='par_1_76' title="bbox 2033 3405 3634 3481">
     <span class='ocr_line' id='line_1_76' title="bbox 2033 3405 3634 3481; baseline -0.004 -15"><span class='ocrx_word' id='word_1_524' title='bbox 2033 3412 2182 3466; x_wconf 91' lang='lat' dir='ltr'><strong>enim</strong></span> <span class='ocrx_word' id='word_1_525' title='bbox 2206 3409 2330 3481; x_wconf 91' lang='lat' dir='ltr'><strong>quis</strong></span> <span class='ocrx_word' id='word_1_526' title='bbox 2345 3418 2573 3479; x_wconf 89' lang='lat' dir='ltr'><strong>repente</strong></span> <span class='ocrx_word' id='word_1_527' title='bbox 2587 3407 2884 3464; x_wconf 87' lang='lat' dir='ltr'><strong>sublimem</strong></span> <span class='ocrx_word' id='word_1_528' title='bbox 2901 3405 3230 3478; x_wconf 85' lang='lat' dir='ltr'><strong>theologiam</strong></span> <span class='ocrx_word' id='word_1_529' title='bbox 3259 3406 3634 3478; x_wconf 83' lang='lat' dir='ltr'><strong>aggrediatur,</strong></span> 
     </span>
    </p>
   </div>
   <div class='ocr_carea' id='block_1_77' title="bbox 2035 3502 3636 3576">
    <p class='ocr_par' dir='ltr' id='par_1_77' title="bbox 2035 3502 3636 3576">
     <span class='ocr_line' id='line_1_77' title="bbox 2035 3502 3636 3576; baseline -0.003 -13"><span class='ocrx_word' id='word_1_530' title='bbox 2035 3506 2243 3563; x_wconf 90' lang='lat' dir='ltr'><strong>nedum</strong></span> <span class='ocrx_word' id='word_1_531' title='bbox 2271 3505 2410 3562; x_wconf 90' lang='lat' dir='ltr'><strong>nihil</strong></span> <span class='ocrx_word' id='word_1_532' title='bbox 2433 3505 2762 3576; x_wconf 86' lang='lat' dir='ltr'><strong>insipientes</strong></span> <span class='ocrx_word' id='word_1_533' title='bbox 2784 3504 3172 3574; x_wconf 86' lang='lat' dir='ltr'><strong>crassioreque</strong></span> <span class='ocrx_word' id='word_1_534' title='bbox 3201 3502 3424 3574; x_wconf 88' lang='lat' dir='ltr'><strong>ingenio</strong></span> <span class='ocrx_word' id='word_1_535' title='bbox 3451 3502 3636 3558; x_wconf 89' lang='lat' dir='ltr'><strong>homi—</strong></span> 
     </span>
    </p>
   </div>
   <div class='ocr_carea' id='block_1_78' title="bbox 2036 3596 3635 3675">
    <p class='ocr_par' dir='ltr' id='par_1_78' title="bbox 2036 3596 3635 3675">
     <span class='ocr_line' id='line_1_78' title="bbox 2036 3596 3635 3675; baseline -0.003 -16"><span class='ocrx_word' id='word_1_536' title='bbox 2036 3596 2138 3659; x_wconf 84' lang='lat' dir='ltr'><strong>nes</strong></span> <span class='ocrx_word' id='word_1_537' title='bbox 2163 3602 2388 3675; x_wconf 87' lang='lat' dir='ltr'><strong>juverit,</strong></span> <span class='ocrx_word' id='word_1_538' title='bbox 2418 3617 2616 3658; x_wconf 86' lang='lat' dir='ltr'><strong>verum</strong></span> <span class='ocrx_word' id='word_1_539' title='bbox 2665 3601 2836 3657; x_wconf 87' lang='lat' dir='ltr'><strong>etiam</strong></span> <span class='ocrx_word' id='word_1_540' title='bbox 2879 3617 2992 3656; x_wconf 91' lang='lat' dir='ltr'><strong>non</strong></span> <span class='ocrx_word' id='word_1_541' title='bbox 3015 3615 3146 3657; x_wconf 89' lang='lat' dir='ltr'><strong>raro</strong></span> <span class='ocrx_word' id='word_1_542' title='bbox 3175 3601 3272 3656; x_wconf 70' lang='lat' dir='ltr'><strong>irae</strong></span> <span class='ocrx_word' id='word_1_543' title='bbox 3292 3599 3635 3671; x_wconf 86' lang='lat' dir='ltr'><strong>majorisquc</strong></span> 
     </span>
    </p>
   </div>
   <div class='ocr_carea' id='block_1_79' title="bbox 2037 3691 3633 3765">
    <p class='ocr_par' dir='ltr' id='par_1_79' title="bbox 2037 3691 3633 3765">
     <span class='ocr_line' id='line_1_79' title="bbox 2037 3691 3633 3765; baseline -0.003 -15"><span class='ocrx_word' id='word_1_544' title='bbox 2037 3695 2299 3765; x_wconf 83' lang='lat' dir='ltr'><strong>nequitiae</strong></span> <span class='ocrx_word' id='word_1_545' title='bbox 2327 3692 2603 3749; x_wconf 86' lang='lat' dir='ltr'><strong>ﬂammam</strong></span> <span class='ocrx_word' id='word_1_546' title='bbox 2632 3693 2966 3750; x_wconf 87' lang='lat' dir='ltr'><strong>accenderit.</strong></span> <span class='ocrx_word' id='word_1_547' title='bbox 3001 3691 3409 3748; x_wconf 91' lang='lat' dir='ltr'><strong>Communibus</strong></span> <span class='ocrx_word' id='word_1_548' title='bbox 3445 3699 3633 3747; x_wconf 90' lang='lat' dir='ltr'><strong>autem</strong></span> 
     </span>
    </p>
   </div>
   <div class='ocr_carea' id='block_1_80' title="bbox 2039 3779 3633 3856">
    <p class='ocr_par' dir='ltr' id='par_1_80' title="bbox 2039 3779 3633 3856">
     <span class='ocr_line' id='line_1_80' title="bbox 2039 3779 3633 3856; baseline 0 -16"><span class='ocrx_word' id='word_1_549' title='bbox 2039 3783 2332 3855; x_wconf 84' lang='lat' dir='ltr'><strong>colloquiis</strong></span> <span class='ocrx_word' id='word_1_550' title='bbox 2353 3779 2509 3856; x_wconf 83' lang='lat' dir='ltr'><strong>prius</strong></span> <span class='ocrx_word' id='word_1_551' title='bbox 2531 3784 2719 3854; x_wconf 87' lang='lat' dir='ltr'><strong>impiis</strong></span> <span class='ocrx_word' id='word_1_552' title='bbox 2747 3792 3228 3849; x_wconf 89' lang='lat' dir='ltr'><strong>consuescentem,</strong></span> <span class='ocrx_word' id='word_1_553' title='bbox 3261 3783 3633 3854; x_wconf 88' lang='lat' dir='ltr'><strong>dissimilique</strong></span> 
     </span>
    </p>
   </div>
   <div class='ocr_carea' id='block_1_81' title="bbox 2038 3877 3635 3947">
    <p class='ocr_par' dir='ltr' id='par_1_81' title="bbox 2038 3877 3635 3947">
     <span class='ocr_line' id='line_1_81' title="bbox 2038 3877 3635 3947; baseline -0.001 -13"><span class='ocrx_word' id='word_1_554' title='bbox 2038 3877 2408 3934; x_wconf 89' lang='lat' dir='ltr'><strong>similitudine</strong></span> <span class='ocrx_word' id='word_1_555' title='bbox 2456 3893 2653 3932; x_wconf 86' lang='lat' dir='ltr'><strong>eorum</strong></span> <span class='ocrx_word' id='word_1_556' title='bbox 2694 3877 2982 3932; x_wconf 89' lang='lat' dir='ltr'><strong>ineuntem</strong></span> <span class='ocrx_word' id='word_1_557' title='bbox 3039 3877 3294 3947; x_wconf 85' lang='lat' dir='ltr'><strong>gratiam,</strong></span> <span class='ocrx_word' id='word_1_558' title='bbox 3349 3885 3518 3946; x_wconf 87' lang='lat' dir='ltr'><strong>atque</strong></span> <span class='ocrx_word' id='word_1_559' title='bbox 3564 3892 3635 3932; x_wconf 80' lang='lat' dir='ltr'><strong>ex</strong></span> 
     </span>
    </p>
   </div>
   <div class='ocr_carea' id='block_1_82' title="bbox 2038 3969 3634 4040">
    <p class='ocr_par' dir='ltr' id='par_1_82' title="bbox 2038 3969 3634 4040">
     <span class='ocr_line' id='line_1_82' title="bbox 2038 3969 3634 4040; baseline -0.001 -14"><span class='ocrx_word' id='word_1_560' title='bbox 2038 3978 2239 4026; x_wconf 89' lang='lat' dir='ltr'><strong>natura</strong></span> <span class='ocrx_word' id='word_1_561' title='bbox 2261 3969 2450 4040; x_wconf 89' lang='lat' dir='ltr'><strong>petitis</strong></span> <span class='ocrx_word' id='word_1_562' title='bbox 2470 3969 2947 4040; x_wconf 87' lang='lat' dir='ltr'><strong>familiaribusque</strong></span> <span class='ocrx_word' id='word_1_563' title='bbox 2965 3969 3235 4039; x_wconf 81' lang='lat' dir='ltr'><strong>exemplis</strong></span> <span class='ocrx_word' id='word_1_564' title='bbox 3258 3977 3529 4034; x_wconf 87' lang='lat' dir='ltr'><strong>utentem,</strong></span> <span class='ocrx_word' id='word_1_565' title='bbox 3552 3969 3634 4024; x_wconf 87' lang='lat' dir='ltr'><strong>sic</strong></span> 
     </span>
    </p>
   </div>
   <div class='ocr_carea' id='block_1_83' title="bbox 2039 4061 3632 4133">
    <p class='ocr_par' dir='ltr' id='par_1_83' title="bbox 2039 4061 3632 4133">
     <span class='ocr_line' id='line_1_83' title="bbox 2039 4061 3632 4133; baseline 0.001 -18"><span class='ocrx_word' id='word_1_566' title='bbox 2039 4061 2308 4133; x_wconf 90' lang='lat' dir='ltr'><strong>paulatim</strong></span> <span class='ocrx_word' id='word_1_567' title='bbox 2334 4061 2526 4132; x_wconf 89' lang='lat' dir='ltr'><strong>pietati</strong></span> <span class='ocrx_word' id='word_1_568' title='bbox 2550 4072 2742 4132; x_wconf 87' lang='lat' dir='ltr'><strong>aptare</strong></span> <span class='ocrx_word' id='word_1_569' title='bbox 2769 4076 2836 4117; x_wconf 91' lang='lat' dir='ltr'><strong>ac</strong></span> <span class='ocrx_word' id='word_1_570' title='bbox 2876 4075 3227 4131; x_wconf 87' lang='lat' dir='ltr'><strong>componere,</strong></span> <span class='ocrx_word' id='word_1_571' title='bbox 3255 4075 3383 4114; x_wconf 89' lang='lat' dir='ltr'><strong>eum</strong></span> <span class='ocrx_word' id='word_1_572' title='bbox 3407 4061 3632 4117; x_wconf 88' lang='lat' dir='ltr'><strong>demum</strong></span> 
     </span>
    </p>
   </div>
   <div class='ocr_carea' id='block_1_84' title="bbox 2041 4151 3634 4221">
    <p class='ocr_par' dir='ltr' id='par_1_84' title="bbox 2041 4151 3634 4221">
     <span class='ocr_line' id='line_1_84' title="bbox 2041 4151 3634 4221; baseline 0.001 -16"><span class='ocrx_word' id='word_1_573' title='bbox 2041 4152 2311 4221; x_wconf 88' lang='lat' dir='ltr'><strong>optimum</strong></span> <span class='ocrx_word' id='word_1_574' title='bbox 2341 4151 2576 4208; x_wconf 89' lang='lat' dir='ltr'><strong>docendi</strong></span> <span class='ocrx_word' id='word_1_575' title='bbox 2602 4151 2857 4208; x_wconf 91' lang='lat' dir='ltr'><strong>ordinem</strong></span> <span class='ocrx_word' id='word_1_576' title='bbox 2891 4167 2956 4208; x_wconf 90' lang='lat' dir='ltr'><strong>ac</strong></span> <span class='ocrx_word' id='word_1_577' title='bbox 2975 4151 3295 4221; x_wconf 68' lang='lat' dir='ltr'><strong>apostolica:</strong></span> <span class='ocrx_word' id='word_1_578' title='bbox 3322 4153 3530 4207; x_wconf 90' lang='lat' dir='ltr'><strong>mentis</strong></span> <span class='ocrx_word' id='word_1_579' title='bbox 3551 4151 3634 4208; x_wconf 84' lang='lat' dir='ltr'><strong>fa-</strong></span> 
     </span>
    </p>
   </div>
   <div class='ocr_carea' id='block_1_85' title="bbox 2042 4245 2742 4300">
    <p class='ocr_par' dir='ltr' id='par_1_85' title="bbox 2042 4245 2742 4300">
     <span class='ocr_line' id='line_1_85' title="bbox 2042 4245 2742 4300; baseline -0.003 0"><span class='ocrx_word' id='word_1_580' title='bbox 2042 4245 2202 4300; x_wconf 85' lang='lat' dir='ltr'><strong>cinus</strong></span> <span class='ocrx_word' id='word_1_581' title='bbox 2242 4245 2521 4299; x_wconf 86' lang='lat' dir='ltr'><strong>existimo.</strong></span> <span class='ocrx_word' id='word_1_582' title='bbox 2737 4294 2742 4298; x_wconf 81' lang='lat'><strong>.</strong></span> 
     </span>
    </p>
   </div>
   <div class='ocr_carea' id='block_1_86' title="bbox 2123 4333 3629 4407">
    <p class='ocr_par' dir='ltr' id='par_1_86' title="bbox 2123 4333 3629 4407">
     <span class='ocr_line' id='line_1_86' title="bbox 2123 4333 3629 4407; baseline 0.003 -18"><span class='ocrx_word' id='word_1_583' title='bbox 2123 4335 2265 4389; x_wconf 90' lang='lat' dir='ltr'><strong>Eum</strong></span> <span class='ocrx_word' id='word_1_584' title='bbox 2293 4336 2350 4389; x_wconf 93' lang='lat' dir='ltr'><strong>in</strong></span> <span class='ocrx_word' id='word_1_585' title='bbox 2378 4335 2600 4389; x_wconf 90' lang='lat' dir='ltr'><strong>modum</strong></span> <span class='ocrx_word' id='word_1_586' title='bbox 2619 4349 2849 4404; x_wconf 85' lang='lat' dir='ltr'><strong>magnus</strong></span> <span class='ocrx_word' id='word_1_587' title='bbox 2877 4333 3174 4402; x_wconf 83' lang='lat' dir='ltr'><strong>Apostolus</strong></span> <span class='ocrx_word' id='word_1_588' title='bbox 3203 4337 3376 4392; x_wconf 89' lang='lat' dir='ltr'><strong>latera</strong></span> <span class='ocrx_word' id='word_1_589' title='bbox 3407 4337 3629 4407; x_wconf 89' lang='lat' dir='ltr'><strong>aquilo-</strong></span> 
     </span>
    </p>
   </div>
   <div class='ocr_carea' id='block_1_87' title="bbox 2043 4427 3633 4501">
    <p class='ocr_par' dir='ltr' id='par_1_87' title="bbox 2043 4427 3633 4501">
     <span class='ocr_line' id='line_1_87' title="bbox 2043 4427 3633 4501; baseline 0.003 -20"><span class='ocrx_word' id='word_1_590' title='bbox 2043 4427 2132 4481; x_wconf 91' lang='lat' dir='ltr'><strong>nis</strong></span> <span class='ocrx_word' id='word_1_591' title='bbox 2159 4427 2472 4494; x_wconf 89' lang='lat' dir='ltr'><strong>incessens,</strong></span> <span class='ocrx_word' id='word_1_592' title='bbox 2523 4437 2740 4483; x_wconf 89' lang='lat' dir='ltr'><strong>montes</strong></span> <span class='ocrx_word' id='word_1_593' title='bbox 2771 4429 2956 4485; x_wconf 76' lang='lat' dir='ltr'><strong>effecit</strong></span> <span class='ocrx_word' id='word_1_594' title='bbox 3008 4429 3192 4484; x_wconf 84' lang='lat' dir='ltr'><strong>Sionis</strong></span> <span class='ocrx_word' id='word_1_595' title='bbox 3217 4428 3284 4482; x_wconf 81' lang='grc'><strong>⁸⁷.</strong></span> <span class='ocrx_word' id='word_1_596' title='bbox 3322 4429 3633 4501; x_wconf 87' lang='lat' dir='ltr'><strong>Quodquod</strong></span> 
     </span>
    </p>
   </div>
   <div class='ocr_carea' id='block_1_88' title="bbox 359 4512 1937 4595">
    <p class='ocr_par' dir='ltr' id='par_1_88' title="bbox 359 4512 1937 4586">
     <span class='ocr_line' id='line_1_88' title="bbox 359 4512 1937 4586; baseline 0.002 -21"><span class='ocrx_word' id='word_1_597' title='bbox 359 4514 640 4585; x_wconf 43' lang='lat'><strong>25633310;</strong></span> <span class='ocrx_word' id='word_1_598' title='bbox 692 4514 898 4585; x_wconf 80' lang='grc' dir='ltr'>μετῆν,</span> <span class='ocrx_word' id='word_1_599' title='bbox 925 4513 1070 4577; x_wconf 78' lang='grc' dir='ltr'>ὅσοις</span> <span class='ocrx_word' id='word_1_600' title='bbox 1125 4515 1293 4584; x_wconf 83' lang='grc' dir='ltr'>μοῖρα</span> <span class='ocrx_word' id='word_1_601' title='bbox 1333 4512 1563 4584; x_wconf 85' lang='grc' dir='ltr'>λογικῆς</span> <span class='ocrx_word' id='word_1_602' title='bbox 1603 4514 1800 4586; x_wconf 83' lang='grc' dir='ltr'>φρενὸς</span> <span class='ocrx_word' id='word_1_603' title='bbox 1847 4515 1937 4568; x_wconf 68' lang='grc' dir='ltr'>καὶ</span> 
     </span>
    </p>
   </div>
   <div class='ocr_carea' id='block_1_89' title="bbox 2040 4512 3634 4595">
    <p class='ocr_par' dir='ltr' id='par_1_89' title="bbox 2046 4520 3634 4594">
     <span class='ocr_line' id='line_1_89' title="bbox 2046 4520 3634 4594; baseline 0.002 -18"><span class='ocrx_word' id='word_1_604' title='bbox 2046 4521 2196 4576; x_wconf 91' lang='lat' dir='ltr'><strong>enim</strong></span> <span class='ocrx_word' id='word_1_605' title='bbox 2239 4520 2591 4577; x_wconf 85' lang='lat' dir='ltr'><strong>rectitudinis</strong></span> <span class='ocrx_word' id='word_1_606' title='bbox 2631 4522 2924 4593; x_wconf 85' lang='lat' dir='ltr'><strong>vestigium</strong></span> <span class='ocrx_word' id='word_1_607' title='bbox 2951 4521 3164 4590; x_wconf 89' lang='lat' dir='ltr'><strong>inerat;</strong></span> <span class='ocrx_word' id='word_1_608' title='bbox 3205 4531 3476 4594; x_wconf 91' lang='lat' dir='ltr'><strong>quotquot</strong></span> <span class='ocrx_word' id='word_1_609' title='bbox 3501 4539 3634 4579; x_wconf 90' lang='lat' dir='ltr'><strong>sen-</strong></span> 
     </span>
    </p>
   </div>
   <div class='ocr_carea' id='block_1_90' title="bbox 343 4604 1951 4678">
    <p class='ocr_par' dir='ltr' id='par_1_90' title="bbox 343 4604 1951 4678">
     <span class='ocr_line' id='line_1_90' title="bbox 343 4604 1951 4678; baseline 0.001 -19"><span class='ocrx_word' id='word_1_610' title='bbox 343 4605 597 4674; x_wconf 46' lang='lat' dir='ltr'><strong>atum-mia;</strong></span> <span class='ocrx_word' id='word_1_611' title='bbox 647 4605 952 4676; x_wconf 84' lang='grc' dir='ltr'>ἄνθρωπον</span> <span class='ocrx_word' id='word_1_612' title='bbox 990 4605 1246 4676; x_wconf 85' lang='grc' dir='ltr'>ὁρῶντες,</span> <span class='ocrx_word' id='word_1_613' title='bbox 1280 4607 1346 4676; x_wconf 84' lang='grc' dir='ltr'>τῇ</span> <span class='ocrx_word' id='word_1_614' title='bbox 1389 4622 1452 4659; x_wconf 94' lang='grc' dir='ltr'>τε</span> <span class='ocrx_word' id='word_1_615' title='bbox 1481 4604 1577 4660; x_wconf 80' lang='grc' dir='ltr'><strong>τοῦ</strong></span> <span class='ocrx_word' id='word_1_616' title='bbox 1611 4606 1774 4676; x_wconf 87' lang='grc' dir='ltr'>λόγου</span> <span class='ocrx_word' id='word_1_617' title='bbox 1808 4608 1951 4678; x_wconf 80' lang='grc' dir='ltr'>λαμ-</span> 
     </span>
    </p>
   </div>
   <div class='ocr_carea' id='block_1_91' title="bbox 329 4686 1950 4770">
    <p class='ocr_par' dir='ltr' id='par_1_91' title="bbox 329 4686 1950 4770">
     <span class='ocr_line' id='line_1_91' title="bbox 329 4686 1950 4770; baseline 0.003 -21"><span class='ocrx_word' id='word_1_618' title='bbox 329 4700 603 4770; x_wconf 68' lang='grc' dir='ltr'>πρὰτητι,</span> <span class='ocrx_word' id='word_1_619' title='bbox 647 4701 721 4768; x_wconf 82' lang='grc' dir='ltr'>τῇ</span> <span class='ocrx_word' id='word_1_620' title='bbox 753 4715 820 4750; x_wconf 90' lang='grc' dir='ltr'>τε</span> <span class='ocrx_word' id='word_1_621' title='bbox 868 4695 964 4750; x_wconf 80' lang='grc' dir='ltr'>τοῦ</span> <span class='ocrx_word' id='word_1_622' title='bbox 1003 4696 1121 4767; x_wconf 84' lang='grc' dir='ltr'>βίου</span> <span class='ocrx_word' id='word_1_623' title='bbox 1171 4697 1470 4766; x_wconf 86' lang='grc' dir='ltr'>τελειότητι</span> <span class='ocrx_word' id='word_1_624' title='bbox 1520 4686 1664 4751; x_wconf 84' lang='grc' dir='ltr'>κατὰ</span> <span class='ocrx_word' id='word_1_625' title='bbox 1694 4697 1950 4754; x_wconf 81' lang='grc' dir='ltr'>τοσοῦτον</span> 
     </span>
    </p>
   </div>
   <div class='ocr_carea' id='block_1_92' title="bbox 324 4789 1962 4863">
    <p class='ocr_par' dir='ltr' id='par_1_92' title="bbox 324 4789 1962 4863">
     <span class='ocr_line' id='line_1_92' title="bbox 324 4789 1962 4863; baseline 0 -19"><span class='ocrx_word' id='word_1_626' title='bbox 324 4791 586 4855; x_wconf 73' lang='grc' dir='ltr'>ἐκείνους</span> <span class='ocrx_word' id='word_1_627' title='bbox 635 4789 1042 4861; x_wconf 79' lang='grc' dir='ltr'>ὑπεραίροντα,</span> <span class='ocrx_word' id='word_1_628' title='bbox 1093 4789 1215 4842; x_wconf 84' lang='grc' dir='ltr'>καθ’</span> <span class='ocrx_word' id='word_1_629' title='bbox 1245 4790 1372 4842; x_wconf 80' lang='grc' dir='ltr'>ὅσον</span> <span class='ocrx_word' id='word_1_630' title='bbox 1388 4791 1552 4849; x_wconf 66' lang='grc' dir='ltr'>,αὐτοὶ</span> <span class='ocrx_word' id='word_1_631' title='bbox 1598 4790 1706 4843; x_wconf 86' lang='grc' dir='ltr'>τῶν</span> <span class='ocrx_word' id='word_1_632' title='bbox 1743 4791 1962 4863; x_wconf 75' lang='grc' dir='ltr'>θηρίων</span> 
     </span>
    </p>
   </div>
   <div class='ocr_carea' id='block_1_93' title="bbox 325 4882 1948 4954">
    <p class='ocr_par' dir='ltr' id='par_1_93' title="bbox 325 4882 1948 4954">
     <span class='ocr_line' id='line_1_93' title="bbox 325 4882 1948 4954; baseline 0.001 -19"><span class='ocrx_word' id='word_1_633' title='bbox 325 4885 436 4936; x_wconf 68' lang='grc' dir='ltr'>καὶ</span> <span class='ocrx_word' id='word_1_634' title='bbox 456 4885 569 4937; x_wconf 73' lang='grc' dir='ltr'>τῶν</span> <span class='ocrx_word' id='word_1_635' title='bbox 593 4883 828 4954; x_wconf 75' lang='grc' dir='ltr'>κτηνῶν</span> <span class='ocrx_word' id='word_1_636' title='bbox 862 4882 1154 4953; x_wconf 82' lang='grc' dir='ltr'>ὑπερέχειν</span> <span class='ocrx_word' id='word_1_637' title='bbox 1186 4883 1598 4954; x_wconf 76' lang='grc' dir='ltr'>ὑπελάμϐανον,</span> <span class='ocrx_word' id='word_1_638' title='bbox 1636 4886 1731 4937; x_wconf 77' lang='grc' dir='ltr'><strong>καὶ</strong></span> <span class='ocrx_word' id='word_1_639' title='bbox 1755 4885 1948 4938; x_wconf 75' lang='grc' dir='ltr'>τούτου</span> 
     </span>
    </p>
   </div>
   <div class='ocr_carea' id='block_1_94' title="bbox 323 4974 1952 5048">
    <p class='ocr_par' dir='ltr' id='par_1_94' title="bbox 323 4974 1952 5048">
     <span class='ocr_line' id='line_1_94' title="bbox 323 4974 1952 5048; baseline -0.001 -16"><span class='ocrx_word' id='word_1_640' title='bbox 323 4979 700 5032; x_wconf 68' lang='grc' dir='ltr'><strong>⁸ιττιν-ιετὲπασιν</strong></span> <span class='ocrx_word' id='word_1_641' title='bbox 749 4974 1060 5046; x_wconf 81' lang='grc' dir='ltr'>ἡττώμενοι</span> <span class='ocrx_word' id='word_1_642' title='bbox 1099 4978 1198 5047; x_wconf 79' lang='grc' dir='ltr'><strong>τῆς</strong></span> <span class='ocrx_word' id='word_1_643' title='bbox 1242 4976 1468 5048; x_wconf 85' lang='grc' dir='ltr'>ἀρετῆς,</span> <span class='ocrx_word' id='word_1_644' title='bbox 1527 4977 1952 5032; x_wconf 81' lang='grc' dir='ltr'>ὑπεκατέκλινον</span> 
     </span>
    </p>
   </div>
   <div class='ocr_carea' id='block_1_95' title="bbox 335 5069 1954 5142">
    <p class='ocr_par' dir='ltr' id='par_1_95' title="bbox 335 5069 1954 5142">
     <span class='ocr_line' id='line_1_95' title="bbox 335 5069 1954 5142; baseline 0.001 -18"><span class='ocrx_word' id='word_1_645' title='bbox 335 5073 442 5136; x_wconf 63' lang='grc' dir='ltr'>μὲν</span> <span class='ocrx_word' id='word_1_646' title='bbox 467 5073 535 5142; x_wconf 75' lang='grc' dir='ltr'><strong>τῇ</strong></span> <span class='ocrx_word' id='word_1_647' title='bbox 581 5069 833 5138; x_wconf 69' lang='grc' dir='ltr'>διανοίᾳ,</span> <span class='ocrx_word' id='word_1_648' title='bbox 868 5069 1153 5140; x_wconf 80' lang='grc' dir='ltr'>προῄεσαν</span> <span class='ocrx_word' id='word_1_649' title='bbox 1178 5069 1238 5122; x_wconf 73' lang='grc' dir='ltr'><strong>δὲ</strong></span> <span class='ocrx_word' id='word_1_650' title='bbox 1292 5069 1371 5140; x_wconf 85' lang='grc' dir='ltr'>τῷ</span> <span class='ocrx_word' id='word_1_651' title='bbox 1420 5069 1489 5124; x_wconf 84' lang='grc' dir='ltr'>δι’</span> <span class='ocrx_word' id='word_1_652' title='bbox 1547 5071 1712 5125; x_wconf 78' lang='grc' dir='ltr'>αὐτοῦ</span> <span class='ocrx_word' id='word_1_653' title='bbox 1744 5085 1954 5142; x_wconf 76' lang='grc' dir='ltr'>κηρυτ-</span> 
     </span>
    </p>
   </div>
   <div class='ocr_carea' id='block_1_96' title="bbox 341 5162 1951 5236">
    <p class='ocr_par' dir='ltr' id='par_1_96' title="bbox 341 5162 1951 5236">
     <span class='ocr_line' id='line_1_96' title="bbox 341 5162 1951 5236; baseline 0.004 -22"><span class='ocrx_word' id='word_1_654' title='bbox 625 5163 816 5232; x_wconf 73' lang='grc' dir='ltr'>φωτίο</span> <span class='ocrx_word' id='word_1_655' title='bbox 865 5163 963 5216; x_wconf 74' lang='grc' dir='ltr'><strong>καὶ</strong></span> <span class='ocrx_word' id='word_1_656' title='bbox 1021 5163 1100 5234; x_wconf 84' lang='grc' dir='ltr'>τῷ</span> <span class='ocrx_word' id='word_1_657' title='bbox 1153 5163 1297 5234; x_wconf 84' lang='grc' dir='ltr'>λόγῳ</span> <span class='ocrx_word' id='word_1_658' title='bbox 1363 5162 1462 5233; x_wconf 88' lang='grc' dir='ltr'><strong>τῆς</strong></span> <span class='ocrx_word' id='word_1_659' title='bbox 1517 5163 1741 5234; x_wconf 85' lang='grc' dir='ltr'>χάριτος</span> <span class='ocrx_word' id='word_1_660' title='bbox 1786 5182 1951 5233; x_wconf 79' lang='grc' dir='ltr'>φωτισ-</span> 
     </span>
    </p>
   </div>
   <div class='ocr_carea' id='block_1_97' title="bbox 345 5252 1954 5325">
    <p class='ocr_par' dir='ltr' id='par_1_97' title="bbox 345 5252 1954 5325">
     <span class='ocr_line' id='line_1_97' title="bbox 345 5252 1954 5325; baseline 0.002 -18"><span class='ocrx_word' id='word_1_661' title='bbox 345 5255 590 5325; x_wconf 68' lang='grc' dir='ltr'>ζὲᾳενοι,</span> <span class='ocrx_word' id='word_1_662' title='bbox 655 5255 762 5310; x_wconf 71' lang='grc' dir='ltr'><strong>καὶ</strong></span> <span class='ocrx_word' id='word_1_663' title='bbox 810 5254 892 5324; x_wconf 83' lang='grc' dir='ltr'>τῷ</span> <span class='ocrx_word' id='word_1_664' title='bbox 945 5254 1043 5325; x_wconf 88' lang='grc' dir='ltr'><strong>τῆς</strong></span> <span class='ocrx_word' id='word_1_665' title='bbox 1095 5255 1512 5324; x_wconf 82' lang='grc' dir='ltr'>ἀναγεννὴσεως</span> <span class='ocrx_word' id='word_1_666' title='bbox 1543 5252 1697 5308; x_wconf 79' lang='grc' dir='ltr'>ὕδατι</span> <span class='ocrx_word' id='word_1_667' title='bbox 1762 5257 1954 5311; x_wconf 86' lang='grc' dir='ltr'>καθαι-</span> 
     </span>
    </p>
   </div>
   <div class='ocr_carea' id='block_1_98' title="bbox 339 5345 1950 5418">
    <p class='ocr_par' dir='ltr' id='par_1_98' title="bbox 339 5345 1950 5418">
     <span class='ocr_line' id='line_1_98' title="bbox 339 5345 1950 5418; baseline 0 -16"><span class='ocrx_word' id='word_1_668' title='bbox 339 5347 589 5415; x_wconf 71' lang='grc' dir='ltr'>ρόμενοι,</span> <span class='ocrx_word' id='word_1_669' title='bbox 625 5349 729 5401; x_wconf 79' lang='grc' dir='ltr'>καὶ</span> <span class='ocrx_word' id='word_1_670' title='bbox 764 5346 848 5418; x_wconf 82' lang='grc' dir='ltr'><strong>τῷ</strong></span> <span class='ocrx_word' id='word_1_671' title='bbox 878 5345 980 5416; x_wconf 84' lang='grc' dir='ltr'><strong>τῆς</strong></span> <span class='ocrx_word' id='word_1_672' title='bbox 1038 5346 1313 5410; x_wconf 86' lang='grc' dir='ltr'>υἱοθεσίας</span> <span class='ocrx_word' id='word_1_673' title='bbox 1365 5347 1648 5416; x_wconf 87' lang='grc' dir='ltr'>Πνεύματι</span> <span class='ocrx_word' id='word_1_674' title='bbox 1709 5349 1950 5402; x_wconf 72' lang='grc' dir='ltr'><strong>τελειοῦ-</strong></span> 
     </span>
    </p>
   </div>
   <div class='ocr_carea' id='block_1_99' title="bbox 337 5440 1940 5513">
    <p class='ocr_par' dir='ltr' id='par_1_99' title="bbox 337 5440 1940 5513">
     <span class='ocr_line' id='line_1_99' title="bbox 337 5440 1940 5513; baseline 0.001 -17"><span class='ocrx_word' id='word_1_675' title='bbox 337 5459 515 5508; x_wconf 63' lang='grc' dir='ltr'>μειοι,</span> <span class='ocrx_word' id='word_1_676' title='bbox 566 5445 655 5503; x_wconf 84' lang='grc' dir='ltr'>είς</span> <span class='ocrx_word' id='word_1_677' title='bbox 716 5440 1056 5511; x_wconf 85' lang='grc' dir='ltr'>Ἐκκλησίας</span> <span class='ocrx_word' id='word_1_678' title='bbox 1091 5441 1255 5510; x_wconf 83' lang='grc' dir='ltr'>ἁγίας</span> <span class='ocrx_word' id='word_1_679' title='bbox 1312 5440 1392 5511; x_wconf 82' lang='grc' dir='ltr'>τῷ</span> <span class='ocrx_word' id='word_1_680' title='bbox 1448 5441 1763 5513; x_wconf 84' lang='grc' dir='ltr'>’Υπεραγίῳ</span> <span class='ocrx_word' id='word_1_681' title='bbox 1809 5461 1940 5497; x_wconf 87' lang='grc' dir='ltr'>κατ-</span> 
     </span>
    </p>
   </div>
   <div class='ocr_carea' id='block_1_100' title="bbox 329 5535 659 5604">
    <p class='ocr_par' dir='ltr' id='par_1_100' title="bbox 329 5535 659 5604">
     <span class='ocr_line' id='line_1_100' title="bbox 329 5535 659 5604; baseline 0 -18"><span class='ocrx_word' id='word_1_682' title='bbox 329 5535 659 5604; x_wconf 59' lang='grc' dir='ltr'>ηρτίζοντο.</span> 
     </span>
    </p>
   </div>
   <div class='ocr_carea' id='block_1_101' title="bbox 417 5795 1950 5865">
    <p class='ocr_par' dir='ltr' id='par_1_101' title="bbox 417 5795 1950 5865">
     <span class='ocr_line' id='line_1_101' title="bbox 417 5795 1950 5865; baseline 0.001 -13"><span class='ocrx_word' id='word_1_683' title='bbox 417 5796 534 5853; x_wconf 71' lang='lat' dir='ltr'><strong>“ll</strong></span> <span class='ocrx_word' id='word_1_684' title='bbox 567 5797 716 5854; x_wconf 87' lang='lat' dir='ltr'><strong>Tim.</strong></span> <span class='ocrx_word' id='word_1_685' title='bbox 754 5797 931 5864; x_wconf 75' lang='grc' dir='ltr'>ιι,19.</span> <span class='ocrx_word' id='word_1_686' title='bbox 1005 5795 1055 5830; x_wconf 82' lang='grc'>⁸⁸</span> <span class='ocrx_word' id='word_1_687' title='bbox 1085 5796 1319 5865; x_wconf 76' lang='lat' dir='ltr'><strong>lsa.xrx,</strong></span> <span class='ocrx_word' id='word_1_688' title='bbox 1341 5798 1394 5852; x_wconf 83' lang='grc'>1.</span> <span class='ocrx_word' id='word_1_689' title='bbox 1471 5798 1677 5854; x_wconf 77' lang='lat' dir='ltr'><strong>&quot;Psal.</strong></span> <span class='ocrx_word' id='word_1_690' title='bbox 1704 5815 1864 5864; x_wconf 73' lang='lat' dir='ltr'><strong>xuii,</strong></span> <span class='ocrx_word' id='word_1_691' title='bbox 1897 5799 1950 5854; x_wconf 80' lang='lat'><strong>&#39;5.</strong></span> 
     </span>
    </p>
   </div>
   <div class='ocr_carea' id='block_1_102' title="bbox 2053 4613 3636 4685">
    <p class='ocr_par' dir='ltr' id='par_1_102' title="bbox 2053 4613 3636 4685">
     <span class='ocr_line' id='line_1_102' title="bbox 2053 4613 3636 4685; baseline 0.003 -17"><span class='ocrx_word' id='word_1_692' title='bbox 2053 4627 2148 4668; x_wconf 89' lang='lat' dir='ltr'><strong>sus</strong></span> <span class='ocrx_word' id='word_1_693' title='bbox 2193 4613 2361 4667; x_wconf 89' lang='lat' dir='ltr'><strong>animi</strong></span> <span class='ocrx_word' id='word_1_694' title='bbox 2401 4613 2616 4668; x_wconf 90' lang='lat' dir='ltr'><strong>ratione</strong></span> <span class='ocrx_word' id='word_1_695' title='bbox 2674 4615 2884 4670; x_wconf 89' lang='lat' dir='ltr'><strong>utentis</strong></span> <span class='ocrx_word' id='word_1_696' title='bbox 2937 4615 3247 4684; x_wconf 80' lang='lat' dir='ltr'><strong>ruentisque</strong></span> <span class='ocrx_word' id='word_1_697' title='bbox 3300 4615 3636 4685; x_wconf 88' lang='lat' dir='ltr'><strong>particulam</strong></span> 
     </span>
    </p>
   </div>
   <div class='ocr_carea' id='block_1_103' title="bbox 2053 4705 3639 4774">
    <p class='ocr_par' dir='ltr' id='par_1_103' title="bbox 2053 4705 3639 4774">
     <span class='ocr_line' id='line_1_103' title="bbox 2053 4705 3639 4774; baseline 0.003 -14"><span class='ocrx_word' id='word_1_698' title='bbox 2053 4705 2222 4760; x_wconf 89' lang='lat' dir='ltr'><strong>ullam</strong></span> <span class='ocrx_word' id='word_1_699' title='bbox 2262 4706 2595 4770; x_wconf 83' lang='lat' dir='ltr'><strong>retinebant,</strong></span> <span class='ocrx_word' id='word_1_700' title='bbox 2621 4707 2902 4762; x_wconf 90' lang='lat' dir='ltr'><strong>hominem</strong></span> <span class='ocrx_word' id='word_1_701' title='bbox 2934 4716 3284 4774; x_wconf 87' lang='lat' dir='ltr'><strong>contuentes,</strong></span> <span class='ocrx_word' id='word_1_702' title='bbox 3315 4717 3433 4764; x_wconf 91' lang='lat' dir='ltr'><strong>tum</strong></span> <span class='ocrx_word' id='word_1_703' title='bbox 3464 4711 3639 4765; x_wconf 82' lang='lat' dir='ltr'><strong>ratio-</strong></span> 
     </span>
    </p>
   </div>
   <div class='ocr_carea' id='block_1_104' title="bbox 2053 4797 3641 4870">
    <p class='ocr_par' dir='ltr' id='par_1_104' title="bbox 2053 4797 3641 4870">
     <span class='ocr_line' id='line_1_104' title="bbox 2053 4797 3641 4870; baseline 0.003 -18"><span class='ocrx_word' id='word_1_704' title='bbox 2053 4798 2140 4853; x_wconf 91' lang='lat' dir='ltr'><strong>nis</strong></span> <span class='ocrx_word' id='word_1_705' title='bbox 2181 4797 2494 4868; x_wconf 86' lang='lat' dir='ltr'><strong>splendore,</strong></span> <span class='ocrx_word' id='word_1_706' title='bbox 2524 4807 2638 4853; x_wconf 89' lang='lat' dir='ltr'><strong>tum</strong></span> <span class='ocrx_word' id='word_1_707' title='bbox 2662 4799 2790 4854; x_wconf 57' lang='lat' dir='ltr'><strong>vita;</strong></span> <span class='ocrx_word' id='word_1_708' title='bbox 2814 4799 3176 4869; x_wconf 87' lang='lat' dir='ltr'><strong>perfectione,</strong></span> <span class='ocrx_word' id='word_1_709' title='bbox 3213 4809 3323 4854; x_wconf 91' lang='lat' dir='ltr'><strong>tam</strong></span> <span class='ocrx_word' id='word_1_710' title='bbox 3343 4801 3478 4870; x_wconf 88' lang='lat' dir='ltr'><strong>ipsis</strong></span> <span class='ocrx_word' id='word_1_711' title='bbox 3498 4801 3641 4856; x_wconf 90' lang='lat' dir='ltr'><strong>emi-</strong></span> 
     </span>
    </p>
   </div>
   <div class='ocr_carea' id='block_1_105' title="bbox 2053 4890 3635 4962">
    <p class='ocr_par' dir='ltr' id='par_1_105' title="bbox 2053 4890 3635 4962">
     <span class='ocr_line' id='line_1_105' title="bbox 2053 4890 3635 4962; baseline 0.003 -18"><span class='ocrx_word' id='word_1_712' title='bbox 2053 4904 2209 4957; x_wconf 88' lang='lat' dir='ltr'><strong>nere,</strong></span> <span class='ocrx_word' id='word_1_713' title='bbox 2258 4905 2424 4961; x_wconf 89' lang='lat' dir='ltr'><strong>quam</strong></span> <span class='ocrx_word' id='word_1_714' title='bbox 2454 4890 2532 4945; x_wconf 89' lang='lat' dir='ltr'><strong>illi</strong></span> <span class='ocrx_word' id='word_1_715' title='bbox 2567 4891 2762 4946; x_wconf 89' lang='lat' dir='ltr'><strong>bestiis</strong></span> <span class='ocrx_word' id='word_1_716' title='bbox 2789 4899 2954 4960; x_wconf 85' lang='lat' dir='ltr'><strong>atque</strong></span> <span class='ocrx_word' id='word_1_717' title='bbox 2978 4892 3246 4962; x_wconf 84' lang='lat' dir='ltr'><strong>jumentis</strong></span> <span class='ocrx_word' id='word_1_718' title='bbox 3285 4903 3635 4962; x_wconf 64' lang='lat' dir='ltr'><strong>praestarent,</strong></span> 
     </span>
    </p>
   </div>
   <div class='ocr_carea' id='block_1_106' title="bbox 2052 4981 3641 5056">
    <p class='ocr_par' dir='ltr' id='par_1_106' title="bbox 2052 4981 3641 5056">
     <span class='ocr_line' id='line_1_106' title="bbox 2052 4981 3641 5056; baseline 0.003 -21"><span class='ocrx_word' id='word_1_719' title='bbox 2052 4981 2467 5036; x_wconf 86' lang='lat' dir='ltr'><strong>arbitrabantur</strong></span> <span class='ocrx_word' id='word_1_720' title='bbox 2502 4999 2516 5036; x_wconf 91' lang='lat'><strong>:</strong></span> <span class='ocrx_word' id='word_1_721' title='bbox 2551 4983 2808 5052; x_wconf 90' lang='lat' dir='ltr'><strong>illiusque</strong></span> <span class='ocrx_word' id='word_1_722' title='bbox 2836 4984 3063 5038; x_wconf 90' lang='lat' dir='ltr'><strong>omnino</strong></span> <span class='ocrx_word' id='word_1_723' title='bbox 3089 5000 3151 5040; x_wconf 90' lang='lat' dir='ltr'><strong>se</strong></span> <span class='ocrx_word' id='word_1_724' title='bbox 3177 4985 3370 5040; x_wconf 86' lang='lat' dir='ltr'><strong>virtuti</strong></span> <span class='ocrx_word' id='word_1_725' title='bbox 3398 4987 3641 5056; x_wconf 89' lang='lat' dir='ltr'><strong>impares</strong></span> 
     </span>
    </p>
   </div>
   <div class='ocr_carea' id='block_1_107' title="bbox 2055 5073 3632 5148">
    <p class='ocr_par' dir='ltr' id='par_1_107' title="bbox 2055 5073 3632 5148">
     <span class='ocr_line' id='line_1_107' title="bbox 2055 5073 3632 5148; baseline 0.004 -23"><span class='ocrx_word' id='word_1_726' title='bbox 2055 5080 2442 5142; x_wconf 85' lang='lat' dir='ltr'><strong>agnoscentes,</strong></span> <span class='ocrx_word' id='word_1_727' title='bbox 2491 5074 2544 5128; x_wconf 93' lang='lat' dir='ltr'><strong>ei</strong></span> <span class='ocrx_word' id='word_1_728' title='bbox 2575 5073 2822 5128; x_wconf 90' lang='lat' dir='ltr'><strong>animum</strong></span> <span class='ocrx_word' id='word_1_729' title='bbox 2869 5075 3292 5142; x_wconf 89' lang='lat' dir='ltr'><strong>submittebant,</strong></span> <span class='ocrx_word' id='word_1_730' title='bbox 3346 5087 3512 5148; x_wconf 89' lang='lat' dir='ltr'><strong>atque</strong></span> <span class='ocrx_word' id='word_1_731' title='bbox 3564 5077 3632 5132; x_wconf 89' lang='lat' dir='ltr'><strong>ad</strong></span> 
     </span>
    </p>
   </div>
   <div class='ocr_carea' id='block_1_108' title="bbox 2053 5165 3637 5236">
    <p class='ocr_par' dir='ltr' id='par_1_108' title="bbox 2053 5165 3637 5236">
     <span class='ocr_line' id='line_1_108' title="bbox 2053 5165 3637 5236; baseline 0.004 -18"><span class='ocrx_word' id='word_1_732' title='bbox 2053 5178 2198 5230; x_wconf 90' lang='lat' dir='ltr'><strong>eam,</strong></span> <span class='ocrx_word' id='word_1_733' title='bbox 2233 5181 2399 5235; x_wconf 88' lang='lat' dir='ltr'><strong>quam</strong></span> <span class='ocrx_word' id='word_1_734' title='bbox 2426 5165 2780 5236; x_wconf 82' lang='lat' dir='ltr'><strong>praedicabat,</strong></span> <span class='ocrx_word' id='word_1_735' title='bbox 2812 5167 2990 5223; x_wconf 90' lang='lat' dir='ltr'><strong>lucem</strong></span> <span class='ocrx_word' id='word_1_736' title='bbox 3024 5169 3362 5226; x_wconf 87' lang='lat' dir='ltr'><strong>accedebant</strong></span> <span class='ocrx_word' id='word_1_737' title='bbox 3393 5189 3407 5225; x_wconf 88' lang='lat'><strong>:</strong></span> <span class='ocrx_word' id='word_1_738' title='bbox 3435 5170 3637 5226; x_wconf 82' lang='lat' dir='ltr'><strong>verbo-</strong></span> 
     </span>
    </p>
   </div>
   <div class='ocr_carea' id='block_1_109' title="bbox 2053 5257 3638 5330">
    <p class='ocr_par' dir='ltr' id='par_1_109' title="bbox 2053 5257 3638 5330">
     <span class='ocr_line' id='line_1_109' title="bbox 2053 5257 3638 5330; baseline 0.003 -20"><span class='ocrx_word' id='word_1_739' title='bbox 2053 5271 2163 5326; x_wconf 86' lang='lat' dir='ltr'><strong>que</strong></span> <span class='ocrx_word' id='word_1_740' title='bbox 2219 5257 2411 5325; x_wconf 67' lang='lat' dir='ltr'><strong>gratite</strong></span> <span class='ocrx_word' id='word_1_741' title='bbox 2464 5258 2726 5314; x_wconf 90' lang='lat' dir='ltr'><strong>illustrati</strong></span> <span class='ocrx_word' id='word_1_742' title='bbox 2773 5268 2942 5329; x_wconf 90' lang='lat' dir='ltr'><strong>atque</strong></span> <span class='ocrx_word' id='word_1_743' title='bbox 2993 5261 3427 5330; x_wconf 88' lang='lat' dir='ltr'><strong>regenerationis</strong></span> <span class='ocrx_word' id='word_1_744' title='bbox 3491 5275 3638 5330; x_wconf 82' lang='lat' dir='ltr'><strong>aqua</strong></span> 
     </span>
    </p>
   </div>
   <div class='ocr_carea' id='block_1_110' title="bbox 2051 5353 3634 5426">
    <p class='ocr_par' dir='ltr' id='par_1_110' title="bbox 2051 5353 3634 5426">
     <span class='ocr_line' id='line_1_110' title="bbox 2051 5353 3634 5426; baseline 0 -18"><span class='ocrx_word' id='word_1_745' title='bbox 2051 5355 2358 5420; x_wconf 90' lang='lat' dir='ltr'><strong>emundati,</strong></span> <span class='ocrx_word' id='word_1_746' title='bbox 2389 5369 2492 5410; x_wconf 87' lang='lat' dir='ltr'><strong>nec</strong></span> <span class='ocrx_word' id='word_1_747' title='bbox 2522 5371 2629 5410; x_wconf 88' lang='lat' dir='ltr'><strong>non</strong></span> <span class='ocrx_word' id='word_1_748' title='bbox 2658 5355 2971 5426; x_wconf 89' lang='lat' dir='ltr'><strong>adoptionis</strong></span> <span class='ocrx_word' id='word_1_749' title='bbox 3000 5355 3206 5425; x_wconf 88' lang='lat' dir='ltr'><strong>Spiritu</strong></span> <span class='ocrx_word' id='word_1_750' title='bbox 3235 5353 3634 5418; x_wconf 82' lang='lat' dir='ltr'><strong>consummati,</strong></span> 
     </span>
    </p>
   </div>
   <div class='ocr_carea' id='block_1_111' title="bbox 2057 5441 3634 5514">
    <p class='ocr_par' dir='ltr' id='par_1_111' title="bbox 2057 5441 3634 5514">
     <span class='ocr_line' id='line_1_111' title="bbox 2057 5441 3634 5514; baseline 0.001 -18"><span class='ocrx_word' id='word_1_751' title='bbox 2057 5442 2112 5497; x_wconf 92' lang='lat' dir='ltr'><strong>in</strong></span> <span class='ocrx_word' id='word_1_752' title='bbox 2141 5443 2417 5499; x_wconf 86' lang='lat' dir='ltr'><strong>Ecclesias</strong></span> <span class='ocrx_word' id='word_1_753' title='bbox 2444 5453 2689 5508; x_wconf 88' lang='lat' dir='ltr'><strong>sanctas,</strong></span> <span class='ocrx_word' id='word_1_754' title='bbox 2716 5445 2768 5499; x_wconf 89' lang='lat' dir='ltr'><strong>ei</strong></span> <span class='ocrx_word' id='word_1_755' title='bbox 2791 5444 2886 5514; x_wconf 91' lang='lat' dir='ltr'><strong>qui</strong></span> <span class='ocrx_word' id='word_1_756' title='bbox 2914 5459 3130 5502; x_wconf 87' lang='lat' dir='ltr'><strong>omnem</strong></span> <span class='ocrx_word' id='word_1_757' title='bbox 3159 5441 3504 5500; x_wconf 86' lang='lat' dir='ltr'><strong>sanctitatem</strong></span> <span class='ocrx_word' id='word_1_758' title='bbox 3534 5457 3634 5498; x_wconf 74' lang='lat' dir='ltr'><strong>ex-</strong></span> 
     </span>
    </p>
   </div>
   <div class='ocr_carea' id='block_1_112' title="bbox 2052 5533 2722 5606">
    <p class='ocr_par' dir='ltr' id='par_1_112' title="bbox 2052 5533 2722 5606">
     <span class='ocr_line' id='line_1_112' title="bbox 2052 5533 2722 5606; baseline 0.003 -17"><span class='ocrx_word' id='word_1_759' title='bbox 2052 5533 2203 5589; x_wconf 87' lang='lat' dir='ltr'><strong>cedit</strong></span> <span class='ocrx_word' id='word_1_760' title='bbox 2230 5535 2722 5606; x_wconf 89' lang='lat' dir='ltr'><strong>componebantur.</strong></span> 
     </span>
    </p>
   </div>
  </div>
