4108 6420
539 343 608 413 57
1750 327 2048 389 Nicsm
2083 327 2148 386 ΡΑ

2253 327 2619 388 ILAGONIS
3748 336 3809 391 68

621 455 737 514 Nec
759 453 970 522 absque
996 461 1196 505 cruore
1224 457 1485 516 magnum
1525 441 1654 496 ﬁdei
1691 441 1800 495 illis
1832 439 2117 495 constabi-

2297 441 2408 494 Καὶ
2429 441 2492 492 οὐ
2518 441 2688 511 χωρὶς
2716 440 2948 510 αἵματος
2973 443 3185 506 τούτοις
3211 444 3273 497 τὸ
3301 445 3446 515 μέγα
3467 443 3570 512 τῆς
3592 444 3811 506 πίστεως

537 548 780 604 liebatur
805 542 1129 614 mysterium
1157 554 1172 591 :
1199 536 1295 591 sed
1328 536 1474 590 sicut
1497 533 1756 604 Magister
1781 547 1846 586 ac
1867 530 2133 585 Dominus

537 639 765 714 proprio
810 634 1075 706 sanguine
1122 637 1512 686 testamentum
1563 641 1722 681 suum
1774 623 2130 694 obsignavit,

537 735 621 788 sic
647 744 868 801 quoque
893 742 993 797 par
1013 733 1133 779 erat
1157 733 1216 778 ut
1237 719 1666 793 probatissimus
1687 717 1994 786 discipulus
2021 730 2131 768 non

545 823 713 878 nudis
764 821 945 875 solum
976 816 1168 871 verbis
1206 816 1448 870 salutare
1481 812 1576 867 Dei
1612 811 1986 872 annuntiaret,
2036 808 2132 863 sed

539 927 602 972 ut
653 917 821 971 etiam
881 911 1108 983 proprio
1148 910 1416 979 sanguine
1460 906 1809 975 disciplinam
1860 904 2126 958 sanciret.

539 1008 680 1074 Quia
716 1006 883 1075 igitur
901 1003 1022 1057 ﬁeri
1057 1017 1167 1056 non
1198 1010 1437 1070 poterat,
1464 1010 1526 1055 ut
1554 1013 1746 1053 omnes
1777 998 2006 1068 penitus
2038 1012 2134 1049 ve-

542 1097 693 1151 ritati
724 1109 1010 1149 assensum
1058 1092 1405 1162 praeberent;
1439 1087 1907 1159 quemadmodum
1956 1087 2133 1142 Judaei

542 1190 700 1261 prius
748 1187 1020 1241 adversus
1056 1185 1242 1240 Jcsum
1291 1199 1515 1236 manum
1554 1181 1890 1244 extulerant,
1923 1179 2002 1234 sic
2032 1179 2134 1232 ad-

544 1297 739 1336 versus
767 1279 1044 1335 Andream
1071 1275 1326 1331 instructi
1355 1274 1690 1346 Scytharum
1723 1272 1890 1327 animi
1909 1289 1922 1334 ;
1943 1287 2132 1342 regum

547 1375 630 1430 ira
658 1389 924 1444 praeceps,
951 1371 1154 1426 czedem
1183 1369 1406 1438 spirans
1431 1366 1731 1437 prmsidum
1767 1367 2008 1436 impetus
2045 1375 2132 1418 at-

547 1483 656 1538 que
683 1466 954 1537 judicum,
986 1464 1317 1534 populorum
1349 1461 1465 1515 fera
1488 1461 1657 1515 coitio
1687 1477 1701 1513 :
1729 1460 1859 1513 hinc
1882 1472 2134 1513 carceres

547 1567 714 1627 atque
759 1557 1013 1619 verbera,
1068 1555 1332 1608 distracta
1389 1552 1642 1608 membra
1686 1567 1751 1606 ac
1783 1552 2130 1607 dilacerata:

548 1651 683 1720 quin
715 1657 772 1703 et
826 1649 976 1719 ligna
1033 1657 1091 1701 et
1121 1645 1330 1716 lapides
1360 1654 1416 1699 et
1438 1645 1628 1716 gladii,
1675 1644 1944 1714 quidquid
1973 1643 2134 1699 deui-

549 1757 658 1812 que
684 1743 934 1798 cruentis
964 1739 1286 1795 hominibus
1316 1739 1374 1793 in
1405 1754 1602 1794 manus
1630 1739 1896 1802 venisset,
1947 1751 2134 1791 armo.

2241 536 2577 606 ἐκρατύνετο
2635 536 2971 604 μυστήριον·
3029 534 3220 605 ὥσπερ
3259 536 3316 589 δὲ
3357 537 3449 589 τὸν
3497 534 3812 589 Διδάσκαλον

2239 631 2338 682 καὶ
2391 629 2595 698 Κύριον
2621 627 2700 696 τῷ
2751 627 2869 697 ἰδίῳ
2927 627 3120 696 αἵματι
3154 627 3254 698 τὴν
3303 627 3470 680 αὑτοῦ
3529 628 3814 698 σφραγίσαι

2241 723 2536 792 διαθήκην,
2566 722 2747 783 οὕτως
2774 721 2881 773 ἔδει
2913 722 3008 774 καὶ
3037 720 3129 774 τὸν
3174 721 3548 790 δοκιμώτατον
3578 720 3816 791 μαθητὴν

2245 818 2305 869 οὐ
2327 816 2505 885 ψιλοῖς
2534 815 2718 882 λόγοις
2755 814 2915 884 μόνον
2937 813 2998 866 τὸ
3023 813 3116 866 τοῦ
3147 813 3284 866 Θεοῦ
3310 815 3577 883 σωτήριον
3607 814 3819 881 εὐαγγεο

2239 907 2509 972 ὶίζεσθαι,
2543 906 2680 958 ἀλλὰ
2705 906 2801 960 καὶ
2825 906 3013 976 οἰκείῳ
3038 905 3235 975 αἵματι
3265 905 3364 975 τὴν
3397 905 3563 958 αὐτοῦ
3595 904 3818 974 βεδαιῶη

2241 1018 2333 1054 σαι
2367 999 2852 1070 διδαχήν.Ἑπειδὴ
2901 997 2994 1051 οῦν
3039 998 3250 1061 πάντας
3295 997 3467 1068 ἄρδην
3516 998 3616 1050 οὐκ
3659 992 3726 1067 ἦν
3754 999 3816 1066 τῇ

2239 1095 2466 1166 ἀληθείᾳ
2499 1092 2969 1161 συγκαταθέσθαι·
3014 1090 3493 1162 ὦσπερἸουδαῖκὴ
3537 1091 3681 1142 κατὰ
3729 1089 3819 1142 τοῦ

2252 1190 2427 1263 Ἰησοῦ
2457 1191 2723 1261 πρότερον
2765 1190 2974 1260 ἐπῆρτο
3007 1190 3160 1259 χεὶρ,
3192 1187 3366 1252 οὕτως
3405 1191 3552 1242 κατά
3584 1187 3679 1240 τοῦ
3703 1187 3820 1240 Ἀν-

2239 1285 2396 1356 δρέου
2438 1281 2855 1354 παρεσκεύαστο
2899 1281 3140 1350 Σκυθική
3164 1296 3179 1312 ⁶
3226 1280 3322 1334 καὶ
3357 1279 3531 1350 θυμὸς
3563 1279 3822 1348 βασιλέων

2239 1375 2542 1448 προπετὴς,
2565 1375 2661 1428 καὶ
2693 1373 2936 1443 φονώδης
2964 1371 3242 1443 ἀρχόντων
3286 1371 3458 1442 ὁρμὴ,
3486 1372 3584 1423 καὶ
3627 1368 3824 1442 θηριώ-

2239 1469 2337 1540 δης
2387 1467 2744 1529 ὲπισύστασις
2791 1465 2973 1520 λαῶν’
3021 1465 3118 1519 καὶ
3163 1464 3398 1535 είρκταὶ,
3434 1464 3526 1516 καὶ
3569 1462 3825 1532 μάστιγες

2241 1561 2511 1625 ἐντεῦθεν,
2541 1559 2802 1629 ἑλκυσμοί
2829 1576 2890 1612 τε
2919 1559 3013 1611 καὶ
3041 1557 3220 1628 μελῶν
3253 1555 3598 1626 σπαραγμοί.
3631 1555 3736 1607 Ναὶ
3763 1555 3825 1622 δὴ

2240 1654 2335 1709 καὶ
2369 1652 2500 1718 ξύλα
2536 1652 2631 1706 καὶ
2665 1650 2803 1704 λίθοι
2831 1650 2928 1706 καὶ
2959 1650 3249 1720 μάχαιραι,
3279 1649 3372 1701 καὶ
3401 1648 3511 1700 πᾶν
3549 1646 3614 1698 τὸ
3648 1647 3829 1697 ἐπιτυ-

2240 1747 2334 1818 χδν
2363 1748 2484 1809 ταῖς
2525 1745 2831 1814 μιαιφόνοις
2859 1742 3070 1812 χερσὶν,
3101 1739 3267 1794 ὅπλον
3317 1739 3461 1792 κατὰ
3501 1738 3602 1804 τῆς
3643 1734 3831 1804 τιμίας

549 1851 671 1889 rum
699 1835 823 1888 loco
856 1831 1232 1888 venerandum
1284 1839 1449 1900 caput
1477 1830 1839 1900 impetebant.
1873 1830 2134 1898 Prompta

2253 1840 2465 1912 εφέρετο
2495 1837 2762 1908 κεφαλῆς.
2799 1837 2912 1890 Καὶ
2940 1835 3000 1888 τὸ
3033 1834 3185 1904 θῦμα
3210 1833 3516 1902 πρόθυμον,
3536 1828 3830 1900 προθύμως

547 1927 794 1991 victima,
829 1934 892 1980 ut
919 1940 1019 1996 pro
1051 1923 1467 1978 immolantibus
1496 1931 1752 1994 prompte
1786 1921 2128 1978 sacriﬁcare-

551 2027 673 2084 tur;
709 2033 774 2072 ac
818 2032 919 2072 ceu
951 2015 1221 2080 debitum,
1253 2015 1426 2085 ipsius
1452 2031 1618 2071 causa
1640 2016 1795 2086 prius
1828 2015 2132 2081 immolato,

554 2125 716 2164 suum
757 2109 873 2179 ipse
897 2108 1098 2162 libaret
1127 2122 1412 2173 cruorem;
1465 2116 1631 2176 atque
1663 2109 1719 2178 (ο
1745 2107 1838 2161 Dei
1871 2107 2136 2161 imitatio-

553 2202 746 2272 nem)!
802 2217 902 2271 pro
940 2201 1062 2256 neci
1113 2199 1460 2254 tradentibus
1507 2199 1835 2255 sacriﬁcium
1887 2200 2136 2254 offerret.

611 2293 754 2359 Quid
781 2308 912 2347 vero
939 2306 1171 2361 magnus
1193 2291 1285 2345 ille
1306 2289 1586 2360 pontifex?
1603 2290 1992 2348 Libentissime
2015 2289 2140 2360 qui-

555 2384 681 2440 dem
720 2385 889 2439 habet
917 2385 1221 2448 victimam,
1256 2384 1602 2454 volentisque
1636 2385 1806 2440 animi
1845 2386 2141 2456 perfectio-

555 2495 682 2533 nem
703 2477 967 2532 odoratur
990 2477 1218 2532 odorem
1238 2477 1525 2531 suavitatis
1541 2477 1608 2544 ⁸⁸,
1632 2476 1932 2547 perfectam
1957 2486 2138 2530 tamen

563 2577 730 2640 atque
768 2570 1037 2640 integram
1064 2569 1347 2623 victimam
1375 2584 1571 2623 rursus
1603 2568 1866 2632 restituit,
1917 2568 2142 2637 majori-

558 2659 664 2713 bus
689 2660 909 2713 coronis
935 2667 1100 2728 atque
1117 2658 1321 2729 przeliis
1343 2674 1662 2714 reservans.
1684 2660 1742 2713 ln
1764 2675 1890 2713 eum
1915 2659 2140 2712 modum

556 2751 807 2806 Andreas
836 2750 1184 2806 adversarios
1212 2753 1544 2821 superabat;
1571 2759 1734 2822 atque
1754 2749 1977 2806 Christo
2005 2765 2142 2805 con-

558 2844 701 2898 ﬁxus
733 2843 905 2910 cruci,
934 2859 1032 2913 per
1059 2859 1186 2899 eum
1217 2845 1312 2913 qui
1346 2843 1634 2910 dilexerat,
1669 2844 1887 2914 potiore
1927 2843 1987 2898 in
2019 2857 2142 2897 om-

557 2937 727 2992 nibus
758 2937 992 2992 victoria
1027 2937 1302 3007 gaudebat
1331 2936 1398 2990 °°.

629 3030 833 3085 Omnes
876 3029 1043 3101 igitur
1075 3027 1351 3099 aquilonis
1389 3042 1538 3092 oras,
1594 3040 1927 3097 omnemque
1979 3023 2142 3080 Ponti

557 3123 916 3189 maritimam,
961 3123 1018 3176 in
1041 3122 1246 3179 virtute
1273 3122 1547 3176 sermonis
1573 3121 1859 3191 sapientia:
1892 3136 1956 3174 ac
1980 3119 2144 3172 intel-

556 3215 818 3286 ligentize,
846 3216 901 3268 iu
927 3215 1132 3268 virtute
1153 3214 1440 3282 signorum
1469 3219 1527 3268 et
1549 3213 1950 3283 prodigiorum,
1971 3213 2143 3264 Evan—
2169 3198 2213 3258 C

560 3307 688 3378 gelii
722 3307 1044 3376 complexus
1067 3305 1498 3375 prmdicatione;
1535 3305 1742 3375 ubique
1772 3305 1977 3360 erectis
2006 3304 2145 3368 aris,

561 3398 1055 3466 sacerdotibusque
1089 3411 1154 3451 ac
1172 3397 1450 3464 episcopis
1477 3397 1686 3466 ubique
1715 3396 1974 3451 ﬁdelibus
2003 3411 2147 3466 prae-

561 3490 777 3560 positis,
809 3489 878 3544 ad
905 3490 1119 3544 illustre
1149 3489 1255 3543 hoc
1275 3489 1603 3560 Byzantium
1635 3489 1887 3544 accessit.
1922 3489 2045 3543 Huc
2068 3488 2155 3542 vir

562 3581 904 3636 admirabilis
929 3580 1112 3636 obiter
1134 3581 1384 3648 veniens,
1405 3589 1794 3650 exstructaque
1824 3580 1882 3634 in
1908 3595 2034 3635 arce
2058 3579 2157 3634 Dei

566 3674 725 3728 Matri
755 3674 910 3740 aede;
964 3674 1202 3745 eleganti
1251 3673 1476 3744 quidem
1526 3674 1618 3728 illa
1669 3674 1968 3738 schemate,
2001 3673 2162 3743 cujus

563 3774 749 3821 tamen
777 3766 950 3821 moles
982 3781 1082 3836 pro
1113 3764 1356 3820 ﬁdelium
1403 3774 1534 3819 tunc
1562 3765 1840 3835 paucitate
1883 3765 2156 3834 angustiis

565 3858 683 3913 suis
707 3858 1095 3929 responderet;
1119 3857 1397 3928 dignoque
1421 3855 1686 3911 Ecclesia:
1708 3864 1928 3926 pastore
1948 3871 2147 3927 magno

564 3950 767 4024 Stachy
813 3952 1111 4024 assignato,
1144 3951 1344 4007 uberes
1393 3949 1749 4020 postmodum
1773 3949 1878 4005 hac
1913 3950 1970 4004 in
1998 3949 2141 4006 urbe

633 4137 682 4171 ⁸⁸
705 4136 970 4201 Gen.vnt,
999 4133 1087 4189 ll.
1166 4135 1212 4168 ⁸⁸
1241 4133 1361 4192 Gal.
1394 4151 1452 4191 ιι.
1484 4133 1572 4190 l9.

639 4316 750 4389 (10)
776 4315 1014 4389 Ὠρᾳῖον
1027 4313 1142 4389 μεν
1165 4313 1289 4389 τὴν.
1304 4316 1714 4389 κατασκευήν.
1732 4315 1996 4389 _Exstabat
2009 4315 2153 4389 forte

563 4384 858 4458 vestigium
878 4384 1100 4458 aliquod
1135 4384 1512 4458 sicelegantis
1555 4387 1802 4443 aedicula:
1835 4401 1900 4441 ac
1943 4386 2153 4450 sacelli,

567 4458 654 4512 vel
690 4454 736 4512 a'
754 4455 1056 4527 majoribus
1088 4454 1352 4508 traditum
1407 4455 1628 4512 Nicetas
1657 4465 1967 4526 acceperat,
2027 4472 2157 4510 cum

570 4529 688 4598 ipsa
721 4525 894 4581 moles
921 4525 1135 4598 exigua
1173 4536 1340 4598 esset,
1372 4541 1452 4598 Aac
1496 4543 1598 4596 pro
1641 4525 1835 4582 eorum
1881 4527 2156 4596 paucitate

567 4595 666 4668 qui
710 4596 956 4668 Byzantii
1017 4611 1219 4668 nomen
1255 4595 1477 4668 Christo
1499 4595 1803 4668 dederant,
1853 4595 2157 4668 perbreve

573 4666 708 4724 illud
757 4666 999 4737 tempus,
1029 4682 1141 4739 quo
1186 4666 1436 4739 Andreas
1458 4668 1561 4735 jille
1599 4666 1940 4739 praedicavit.
1972 4667 2158 4738 Ipsum

571 4739 833 4808 oppidum
883 4753 949 4792 ac
1003 4738 1221 4808 urbem,
1257 4738 1531 4805 πολίχνιον
1579 4738 1765 4808 adhuc
1817 4747 1948 4792 tunc
1998 4746 2160 4793 vocat

571 4807 811 4878 Metaph.
845 4808 959 4862 sive
1000 4807 1252 4876 quisquis
1299 4817 1494 4861 auctor
1547 4818 1632 4864 est
1673 4807 2070 4863 Commentarii
2103 4808 2161 4862 in

569 4880 847 4934 Andream
877 4878 1210 4949 apostolum,
1243 4893 1274 4931 a
1315 4892 1403 4949 me
1433 4880 1812 4949 repracsentati
1866 4878 2060 4934 Latine
2090 4895 2158 4934 ex

569 4951 697 5004 cod.
728 4949 879 5004 card.
906 4947 1104 5002 Mazar.
1143 4957 1199 5003 et
1233 4947 1382 5017 quod
1415 4947 1734 5004 Graecorum
1766 4950 1972 5004 Menma
2018 4951 2163 5005 inte-

571 5035 730 5090 grum
772 5021 830 5073 in
857 5020 989 5090 ejus
1009 5019 1098 5073 die
1129 5019 1267 5090 festo
1298 5019 1524 5074 habent.
1561 5021 1716 5086 Quod
1750 5037 1882 5074 vero
1914 5020 2163 5076 Andreas

574 5087 692 5162 ipse
715 5106 835 5144 eam
861 5087 1112 5162 fundavit
1143 5087 1469 5162 Ecclesiam,
1500 5090 1664 5162 eique
1695 5090 1933 5162 Stachyu
1988 5107 2161 5162 unum

574 5107 692 5160 Ipse
715 5107 835 5144 eam
861 5107 1112 5142 ItlllaaVIl.
1145 5107 1469 5154 nccnesnam,
1500 5107 1567 5144 en
1598 5108 1664 5145 ue
1695 5107 1933 5162 atacnyu
1988 5107 2159 5146 unum

572 5177 602 5214 e
629 5160 1008 5231 Septuaginta,
1044 5167 1105 5213 ut
1131 5159 1448 5231 Graecorum
1479 5107 1701 5216 traditio
1758 5171 1862 5225 est,
1893 5161 2159 5230 praefecit,

572 5229 718 5285 nihil
762 5229 1120 5300 apostolicam
1152 5229 1453 5285 Ecclesiam
1510 5232 1659 5297 facit,
1706 5242 1802 5286 aut
1863 5229 2163 5288 admodum

574 5303 872 5374 g'clebretn,
910 5310 1038 5355 ante
1069 5302 1405 5374 translatam
1422 5317 1489 5355 eo
1547 5303 1763 5372 imperii
1804 5303 2015 5367 sedem,
2054 5319 2164 5374 qua

573 5373 840 5443 Byzantio
891 5387 1056 5443 nova:
1114 5371 1302 5426 Romae
1335 5373 1504 5443 illata
1559 5371 1844 5443 dignitas,
1913 5371 2165 5429 smcul‘ari

577 5442 817 5510 primum
878 5442 1046 5506 fastu,
1094 5442 1558 5512 postmodumquc
1597 5442 1764 5500 etiam
1812 5444 2160 5511 sacerdotio;

574 5529 889 5584 quanquam
917 5512 1012 5566 diu
1039 5513 1356 5567 obluctante
1378 5515 1622 5568 Romana
1659 5515 1824 5580 sede;
1869 5515 1960 5567 cui
1991 5518 2162 5570 mole-

578 5591 724 5636 stum
763 5585 1050 5638 videretur
1082 5584 1330 5636 saeculari
1362 5599 1430 5638 co
1456 5585 1667 5639 ambitu
1712 5585 1946 5640 convelli
1977 5587 2166 5642 Eccle-

578 5653 784 5707 siarum
838 5653 1166 5726 privilegia.
1199 5655 1482 5726 _viamquc
1531 5657 1818 5710 scltismati
1872 5658 2163 5726 praestrui,

571 5730 629 5798 et
669 5732 732 5798 u_t
761 5740 791 5777 a
823 5733 999 5778 matre
1027 5724 1357 5798 discederet,
1397 5742 1520 5795 qua:
1547 5727 1673 5796 jure
1705 5727 1788 5781 vel
1823 5724 2024 5798 injuria
2080 5745 2171 5782 rc-

570 5792 740 5864 liquis
760 5804 960 5865 przctcr
987 5807 1132 5864 eam,
1156 5795 1318 5864 eique
1351 5792 1592 5853 secunda
1619 5798 1731 5871 jam
1762 5792 1894 5853 tum'
1914 5814 2028 5868 pra:
2045 5813 2171 5858 esse

2242 1935 2383 2004 ὑπὲρ
2427 1933 2536 1986 τῶν
2585 1931 2863 1999 θυομένων
2908 1927 3071 1982 αὐτὸν
3123 1924 3613 1996 ίερουργούμενον·
3639 1920 3731 1975 καὶ
3759 1920 3830 1984 Co;
3889 1974 3891 1976 .

2241 2024 2513 2094 ὀφείλημα
2548 2022 2627 2093 τῷ
2668 2022 2808 2091 ὑπὲρ
2840 2020 3005 2074 αὐτοῦ
3034 2017 3317 2088 τεθυμένῳ
3347 2016 3613 2086 πρότερον
3657 2013 3717 2066 τὸ
3759 2013 3834 2065 οί-

2242 2118 2392 2169 κεῖον
2438 2112 2764 2166 ὲπισπένδον
2797 2106 2971 2180 αἷμα·
3030 2109 3123 2161 καὶ
3166 2105 3245 2178 (ὣ
3275 2105 3371 2174 τῆς
3404 2102 3768 2172 θεομιμησίας
3790 2101 3832 2172 i)

2245 2206 2390 2276 ὑπὲρ
2420 2204 2531 2257 τῶν
2561 2201 2934 2272 ἀναιρούντων
2966 2199 3243 2271 προσάγειν
3273 2197 3353 2260 είς
3384 2195 3676 2264 ὲξίλασμα.

2316 2299 2428 2352 Καὶ
2469 2297 2522 2349 τί
2555 2297 2583 2349 ό
2617 2295 2932 2365 Ἀρχιερεὺς
2985 2293 3014 2344 ό
3065 2291 3274 2362 μέγας;
3325 2286 3689 2358 Προσιέμενος
3735 2283 3836 2353 μὲν

2244 2393 2345 2463 τὴν
2393 2389 2588 2443 θυσίαν
2629 2388 3052 2458 ἁσμενέστατα,
3102 2382 3198 2437 καὶ
3243 2381 3418 2451 ὀσμὴν
3465 2379 3695 2440 εὐωδίας
3734 2376 3838 2447 τὴν

2245 2483 2563 2552 τελειότητα
2609 2479 2710 2548 τῆς
2745 2477 3060 2548 προθέσεως
3111 2472 3500 2542 όσφρὼμενοςο
3547 2471 3730 2540 ἄρτιον
3783 2469 3839 2522 δὲ

2247 2577 2341 2628 καὶ
2368 2574 2662 2644 ὀλόκληρον
2686 2568 2842 2635 αὖθις
2871 2571 2932 2623 τὸ
2953 2568 3174 2636 λογικὸν
3200 2570 3397 2638 ἱερεῖον
3423 2565 3836 2629 ἀποκαθιστῶν,

2248 2665 2466 2719 καὶέπὶ
2512 2662 2725 2733 μείζοσι
2767 2662 2925 2714 τοῦτο
2973 2659 3154 2725 δόξαις
3205 2660 3302 2712 καὶ
3345 2657 3694 2728 ἀγωνία-μασι
3743 2675 3839 2710 τα-

2252 2758 2591 2829 μιευόμενος.
2617 2754 2804 2818 Οὕτως
2824 2757 2851 2806 ό
2875 2753 3046 2824 μέγας
3084 2752 3358 2824 Ἀνδρέας,
3385 2750 3494 2804 τῶν
3523 2752 3843 2817 ἀντιτεταγ-

2253 2852 2428 2921 μένων
2451 2849 2667 2920 περιῆν,
2699 2848 2792 2902 καὶ
2817 2846 2987 2909 οὕτως
3006 2864 3068 2899 συ
3080 2845 3308 2916 σταυροῦ
3317 2861 3477 2916 μενος
3500 2842 3578 2912 τῷ
3598 2842 3844 2914 Χριστῷ,

2249 2944 2308 2996 ὲν
2344 2943 2508 2995 πᾶσιν
2534 2940 2833 3011 ὐπερενίκα
2855 2940 2943 2992 διὰ
2984 2939 3077 2992 τοῦ
3107 2938 3458 3009 ἡγαπηκότος
3491 2935 3669 2992 αὐτόν.

2321 3034 2511 3088 Πάντα
2553 3031 2849 3103 τοιγαροῦν
2877 3030 2948 3083 τὰ
2974 3031 3217 3100 κλίματα
3247 3027 3341 3082 τοῦ
3373 3028 3570 3099 βορῤᾶ,
3603 3029 3698 3079 καὶ
3735 3027 3844 3080 πᾶ-

2253 3143 2353 3180 σαν
2383 3125 2479 3178 τοῦ
2512 3124 2718 3178 Πόντου
2756 3122 2856 3193 τὴν
2884 3121 3151 3192 παράλιον
3173 3165 3187 3188 ,
3220 3121 3278 3174 ὲν
3307 3120 3539 3190 δυνάμει
3569 3119 3727 3187 λόγου
3755 3135 3843 3170 σο-

2246 3219 2374 3288 φίας
2400 3216 2496 3270 καὶ
2527 3215 2798 3278 συνέσεως
2818 3259 2831 3277 ,
2861 3217 2917 3267 ὲν
2943 3215 3173 3282 δυνάμει
3211 3213 3456 3282 σημείων
3483 3211 3579 3266 καὶ
3601 3212 3840 3281 τεράτων

2245 3309 2324 3381 τῷ
2357 3307 2678 3378 Εὑαγγελίῳ
2723 3307 3038 3379 περιλαϐών
3059 3323 3072 3336 ·
3127 3307 3411 3376 πανταχοῦ
3441 3322 3503 3357 τε
3540 3304 3824 3368 θυσιαστή-

2252 3420 2361 3475 ρια,
2397 3403 2564 3472 ἱερεῖς
2608 3417 2668 3452 τε
2707 3402 2803 3453 καὶ
2850 3401 3113 3472 ίεράρχας
3160 3401 3275 3463 τοῖς
3323 3398 3644 3453 πιστεύουσι
3689 3395 3825 3448 καθ-

2257 3493 2423 3548 ιστῶν
2452 3492 2752 3563 πανταχοῦ,
2783 3493 2957 3562 τούτῳ
2988 3491 3052 3562 δὴ
3081 3491 3160 3562 τῷ
3192 3490 3530 3562 περιωνύμῳ
3564 3487 3845 3557 Βυζαντίῳ

2257 3580 2976 3655 προσεπὲ>.ασεν.Ἐνταῦθα
3023 3580 3167 3634 κατὰ
3193 3580 3427 3651 πάροδον
3469 3580 3497 3632 ὁ
3545 3578 3853 3646 θαυμάσιος

2258 3671 2521 3742 γεγονὼς,
2549 3673 2646 3727 καὶ
2673 3672 2800 3726 ναὸν
2833 3672 2986 3742 παρὰ
3018 3673 3084 3742 τῇ
3115 3671 3411 3742 ἀκροπόλει
3436 3673 3504 3742 τῇ
3536 3669 3855 3741 Θεομήτορι

2257 3763 2609 3836 δειμάμενος,
2640 3764 2770 3818 ναὸν
2797 3764 2998 3832 ὡραῖον
3044 3765 3143 3833 μὲν
3182 3764 3283 3833 τὴν
3313 3764 3663 3831 κατασκευήν
3690 3760 3811 3832 (10)
3841 3777 3857 3790 ’

2257 3856 2628 3926 ἀναλογοῦντα
2657 3857 2715 3910 δὲ
2742 3855 2803 3909 τὸ
2836 3855 3069 3926 μέγεθος
3107 3857 3175 3926 τῇ
3208 3855 3320 3909 τῶν
3343 3857 3402 3907 ὲν
3430 3856 3573 3926 ἀρχῇ
3604 3854 3729 3908 τότε
3756 3870 3867 3906 πε-

2256 3950 2632 4004 πιστευκότων
2683 3947 2988 4019 ὀλιγότητι·
3029 3948 3125 4000 καὶ
3175 3947 3416 4019 ποιμένα
3460 3947 3520 4001 δὲ
3563 3947 3716 4012 ἄξιον
3755 3949 3872 4020 τῆς

2261 4317 2432 4372 vellet
2473 4316 2588 4371 :Tac
2640 4329 2764 4386 qua:
2817 4311 3171 4384 postmodum
3205 4327 3452 4368 errorem
3507 4312 3743 4386 afﬁnxit,
3817 4328 3894 4372 ut

2263 4389 2383 4458 ejus
2417 4387 2589 4457 ipsius
2651 4385 3188 4458 jugumexcuteret;
3237 4399 3457 4458 unaque
3482 4385 3703 4458 audiret
3763 4388 3896 4443 Ec-

2265 4454 2766 4531 clesia‘Catholica,
2795 4455 3043 4531 omnium
3082 4454 3504 4531 ip_sa‘7rpos_§ptqz,
3538 4457 3690 4510 nulla
3747 4459 3895 4531 jam

2267 4510 2578 4599 illi
2847 4526 2944 4599 τῆς
2980 4510 3278 4599 προεδρίας
3323 4510 3590 4594 dignitate
3636 4542 3704 4580 ac
3747 4510 3900 4599 '61—):

2262 4600 2460 4654 tentia.
2486 4597 2617 4663 Quae
2647 4598 2825 4667 prima
2849 4594 3037 4650 Photii'
3069 4604 3274 4667 strues,
3306 4602 3538 4665 tumque
3576 4594 3903 4654 cwrularii

2260 4671 2331 4724 ab
2360 4685 2539 4738 eoque
2566 4666 2907 4738 reliquorum
2961 4682 3083 4721 eam
3121 4666 3311 4720 sedem
3359 4681 3472 4720 non
3513 4671 3908 4738 ornantium,

2261 4741 2358 4796 sed
2393 4737 2540 4794 foéde
2569 4737 2943 4809 stuprantium
2968 4755 2983 4802 ;
3019 4752 3166 4809 eatea
3182 4751 3315 4809 sane
3336 4737 3670 4809 temeritate,
3694 4743 3910 4809 quasi

2263 4827 2374 4866 non
2402 4809 2609 4864 Christi
2633 4807 2751 4864 haac
2777 4808 2833 4862 in
2858 4807 3020 4861 Petro
3043 4807 3343 4878 institutio,
3390 4807 3488 4863 sed
3523 4807 3740 4878 regutri
3782 4829 3917 4866 au-

2263 4882 2490 4936 ctoritas
2515 4890 2682 4950 atque
2711 4880 2801 4950 jus
2829 4879 2883 4932 in
2907 4879 3143 4948 palpone
3171 4877 3516 4950 incubatorc,
3559 4877 3644 4950 vel
3676 4882 3920 4950 etiam

2265 4953 2322 5007 in
2363 4948 2617 5023 tyranno,
2666 4948 2910 5023 ἀντάρτῃ
2947 4960 3088 5023 _tum
3137 4949 3351 5023 imperii
3391 4959 3507 5002 tum
3559 4948 3918 5020 Ecclesiae;

2264 5038 2376 5093 quo
2389 5019 2632 5091 utroque
2655 5019 2856 5093 rubros
2881 5019 3098 5093 ealceos
3121 5019 3430 5093 ambiisset,
3453 5035 3517 5073 ac
3540 5035 3817 5088 quorum
3846 5019 3929 5081 ixi

2267 5090 2386 5163 ipsa
2415 5090 2661 5146 Ecclesia
2698 5091 2939 5163 repulsa,
2969 5091 3063 5160 qui
3089 5090 3315 5163 aequalis
3337 5092 3586 5163 Romano
3621 5093 3934 5150 antistiti

2235 5167 2238 5170 ’
2265 5160 2388 5218 esse
2409 5164 2754 5233 nequiverat,
2789 5161 3060 5233 diabolica
3089 5160 3368 5233 superbia,
3407 5161 3484 5214 illi
3515 5176 3575 5233 se
3605 5167 3936 5228 superin—

2266 5251 2383 5289 rem
2416 5231 2806 5288 ac'summum
2841 5231 3101 5286 Ecclesia:
3139 5231 3402 5302 πρόεδρον
3439 5231 3714 5300 przefecit.
3768 5235 3943 5302 Qua

2267 5306 2337 5360 de
2365 5321 2422 5359 rc
2455 5306 2511 5358 in
2542 5303 2782 5358 Historia
2810 5303 3036 5372 Byzant.
3070 5318 3138 5356 ex
3175 5302 3549 5374 monumentis
3569 5319 3694 5374 qua:
3729 5313 3946 5374 apud

2268 5393 2357 5430 me
2387 5383 2625 5438 exstant,
2657 5374 2808 5446 uului
2849 5375 3053 5446 majora
3085 5373 3434 5446 exceptione,
3465 5372 3534 5426 ad
3565 5372 3949 5446 utrius—quc

2271 5446 2490 5516 tyranni
2521 5459 2585 5499 ac
2613 5444 2928 5517 schisutatis
2978 5444 3283 5517 iuceptoris
3313 5453 3594 5517 tempora;
3634 5443 3954 5517 januiue

2271 5514 2427 5586 prelo
2453 5526 2647 5586 parata
2674 5523 2824 5586 sunt,
2862 5514 2924 5586 _si
2953 5516 3174 5586 quando
3223 5516 3404 5586 regia,
3439 5514 3682 5586 Lupara,
3771 5514 3957 5574 aliis

2273 5583 2431 5656 plene
2454 5583 2752 5655 superfluis
2780 5584 3025 5654 fatigata,
3073 5585 3140 5638 ad
3187 5583 3321 5656 ejus
3344 5583 3956 5656 llistoria‘riabsolu—

2272 5654 2477 5712 tionem
2518 5654 2885 5714 convalescat,
2943 5670 3118 5723 eaque
3168 5655 3295 5717 sibi,
3334 5655 3558 5723 regique
3591 5654 3967 5714 Christia-

2275 5727 2503 5781 nissimo
2524 5742 2741 5796 semper
2757 5728 3005 5795 Augusto
3023 5735 3190 5796 atque
3212 5727 3430 5791 victori,
3460 5724 3646 5796 gloria:
3665 5739 3864 5784 cum
3877 5747 3972 5786 u-

2275 5799 2388 5855 lutu
2413 5807 2642 5869 quaerat.
