4108 6438
511 335 578 403 ἰι
1741 315 2036 376 meum
2075 314 2135 374 ιη

2238 313 2604 375 dLAGUNIS
3715 309 3787 373 72

518 453 722 518 ceptus,
759 444 815 497 in
862 439 957 493 Dei
1025 436 1243 489 dextera
1284 433 1534 488 consedit.
1589 428 1694 494 Qui
1750 435 1801 480 et
1860 433 2135 483 sanctum,

2238 442 2277 478 ν
2314 423 2485 493 δεξιᾷ
2526 423 2804 478 κεκάθικε
2842 423 2949 476 τοῦ
2980 423 3158 477 Θεοῦ·
3183 423 3252 490 ὃς
3299 422 3400 477 και
3438 423 3508 478 τὸ
3551 425 3790 495 Πνεῦμα

520 515 782 611 spiritum
813 549 973 588 suum
1007 531 1066 584 in
1109 548 1203 585 nos
1224 536 1404 600 postea
1467 524 1674 580 abunde
1705 521 1908 593 eﬂ‘udit,
1949 520 2103 589 cujus

2238 516 2396 570 ιῦτοῦ
2446 517 2512 569 τὸ
2549 515 2741 583 ἅγιον,
2771 516 2924 583 μετὰ
2966 515 3154 569 ταῦτα
3196 518 3510 582 πλουσίως
3549 517 3792 588 ἐξέχεεν

518 604 712 688 virtute
733 645 794 681 ac
821 624 1176 686 invocatione,
1207 623 1285 675 uti
1305 619 1510 681 uidetis,
1531 619 1793 672 dwnsones
1829 615 1894 668 ab
1931 612 2104 665 obses-

2241 609 2302 678 φ’
2333 609 2511 676 ἡμᾶς,
2546 604 2618 663 οὗ
2652 608 2728 676 τῇ
2756 608 3007 677 δυνάμει
3033 608 3132 661 καὶ
3161 607 3235 676 τῇ
3271 609 3622 674 ἐπικλήσει,
3653 615 3795 664 καθ-

521 725 594 778 sis
627 721 899 794 pelluntur
950 715 1276 787 corporibus,
1306 711 1474 765 morbi
1511 710 1742 781 fugiunt,
1777 706 1901 761 cruci
1939 706 2108 794 visum

2238 721 2290 768 ως
2335 696 2508 771 όρᾶτε
2533 743 2549 766 ,
2587 701 2868 771 δαίμονες
2907 699 3026 754 τῶν
3071 701 3462 769 ἀνθρωπίνων
3507 701 3796 770 σωμάτων

523 793 804 883 recipiunt,
857 809 1009 864 surdi
1038 806 1299 867 auditum,
1340 803 1657 858 claudorum
1705 799 1854 852 bases
1885 793 2110 849 consoli-

2238 797 2639 860 εξελαύνονται
2657 836 2672 858 ,
2701 797 2878 850 νόσοι
2914 795 3375 861 δραπετεύουσι,
3401 795 3620 862 τυφλοὶ
3649 795 3797 849 ἀνα-

525 909 747 970 dantur,
779 910 1060 973 resurgunt
1088 899 1307 961 mortui,
1335 898 1567 966 (agrique
1600 907 1779 946 omnes
1806 889 2110 943 animorum

2238 888 2508 941 ῗλέπουσι
2527 926 2542 950 ,
2577 885 2762 956 κωφοὶ
2791 886 3087 940 ἀκούουσι
3105 901 3120 916 ο
3169 886 3269 938 καὶ
3313 883 3798 952 ἀναῤῥώννυνται

528 1011 914 1067 corporumque
936 995 1151 1066 aﬁ'ectus
1173 988 1520 1050 insanabiles,
1543 987 1655 1040 solo
1680 983 1874 1040 Christi
1901 981 2112 1035 nomine

2238 981 2328 1035 ιεν
2357 981 2561 1050 χωλοὶ,
2586 981 2943 1036 ἀνίστανται
2963 978 3033 1033 δὲ
3056 979 3280 1045 νεκροὶ,
3305 978 3402 1032 καὶ
3424 978 3583 1046 πάθη
3603 976 3803 1034 πάντα

531 1089 925 1145 convellantur.

2238 1073 2434 1144 bvzdw
2479 1075 2577 1127 καὶ
2623 1073 2916 1142 σωμάτων
2954 1073 3204 1138 ἀνίατα,
3231 1073 3398 1142 μόνῳ
3425 1069 3800 1140 καταργεῖται

2215 1166 2298 1232 τῷ
2336 1168 2581 1235 ὀνόματι
2615 1166 2724 1220 τοῦ
2763 1165 3044 1234 Χριστοῦ.

602 1282 775 1352 Igitur
799 1278 1174 1333 denuntiamus
1201 1273 1363 1337 vobis,
1386 1271 1486 1327 viri
1507 1267 1906 1342 sapientissimi,
1927 1281 1992 1319 ac
2016 1264 2116 1318 ad-

531 1378 838 1436 hortamur,
874 1389 940 1426 ne
974 1372 1185 1436 verbum
1217 1365 1406 1421 salutis
1435 1364 1612 1434 hujus,
1649 1361 1789 1433 quod
1806 1377 1898 1432 per
1915 1375 2008 1413 nos
2028 1374 2118 1412 υοι

531 1468 607 1520 bis
664 1465 1045 1527 annuntiatur,
1090 1459 1376 1531 repudietis
1421 1474 1436 1510 :
1491 1455 1582 1510 sed
1609 1454 1774 1509 variis
1811 1454 1926 1507 istis
1948 1452 2118 1506 virtu-

533 1558 668 1611 tibus
701 1555 1021 1624 conﬁrmati,
1041 1553 1235 1607 credite
1261 1551 1356 1604 uni
1389 1549 1500 1603 Deo
1539 1547 1654 1602 uiuo
1679 1548 1898 1617 ejusque
1936 1543 2120 1613 Unige-

2292 1255 2507 1309 Τοίνυν
2538 1255 3037 1324 παραγγέλλομεν
3065 1253 3227 1322 ὑμῖν,
3268 1251 3314 1305 ὦ
3344 1251 3561 1319 ἄνδρες
3610 1250 3802 1320 σοφώ·

2217 1362 2405 1408 τατοι,
2438 1347 2536 1400 καὶ
2587 1345 3017 1414 παραινοῦμεν,
3043 1345 3128 1413 μὴ
3183 1340 3648 1411 ἀποστραφῆναι
3697 1344 3800 1394 τὸν

2217 1440 2404 1508 λόγον
2446 1439 2554 1506 τῆς
2601 1437 2748 1506 ζωῆς
2790 1440 3046 1505 ταύτης,
3093 1437 3200 1490 τὸν
3246 1437 3320 1489 δι’
3346 1436 3516 1506 ἡμῶν
3552 1437 3624 1490 ἐν
3662 1433 3796 1503 by?!“

2221 1527 2815 1601 καταγγελλόμενοιέ·
2844 1528 3007 1583 ἀλλὰ
3035 1527 3163 1593 ταῖς
3214 1529 3521 1594 ποικίλαις
3564 1530 3796 1597 ταύταις

532 1652 663 1712 nito,
706 1619 806 1718 qui
837 1663 932 1717 pro
971 1645 1118 1700 nobis
1164 1645 1318 1698 homo
1349 1643 1522 1713 factus
1547 1649 1622 1694 est
1671 1649 1720 1694 et
1748 1635 2030 1705 cruciﬁxus
2069 1645 2118 1688 et

2238 1623 2635 1690 Βεϐαιούμενοι
2657 1619 2972 1689 δυ’νὰμεσι,
2988 1622 3356 1676 πιστεύσατε
3370 1620 3461 1673 ἐνὶ
3477 1619 3598 1684 Θεῷ
3619 1619 3803 1688 ζῶντι,

532 1738 840 1800 resurrexit,
878 1736 1216 1806 ascenditque
1235 1737 1292 1789 in
1314 1733 1494 1799 caelos,
1541 1748 1605 1786 ac
1636 1746 1824 1784 rursus
1855 1745 1973 1782 cum
2006 1726 2121 1798 glo-
2149 1773 2197 1832 Β

532 1831 614 1884 ria
645 1846 672 1884 e
718 1830 860 1885 caelis
888 1837 1140 1885 venturus
1193 1837 1291 1892 est,
1322 1835 1380 1880 ut
1423 1827 1662 1879 vivorum
1692 1839 1754 1877 ac
1786 1830 2120 1875 mortuorum

529 1919 704 1975 Iudex
724 1922 922 1986 sedeat,
951 1917 1276 1991 singulisque
1297 1933 1392 1988 pro
1425 1932 1485 1970 eo
1515 1932 1578 1970 ac
1606 1923 1880 1985 gesserunt
1907 1910 2121 1966 reddat.

2223 1714 2320 1768 καὶ
2351 1713 2430 1778 τῷ
2445 1713 2658 1766 τούτου
2683 1713 3013 1782 Mora-fers?
3033 1711 3113 1777 τῷ
3141 1711 3291 1778 ὑπὲρ
3318 1712 3356 1776 ή
3361 1711 3491 1780 μῶν
3514 1712 3805 1780 ἀνθρωπι-

2239 1805 2449 1860 σθέντι
2493 1805 2590 1858 καὶ
2630 1805 3031 1871 σταυρωθέντι
3073 1805 3169 1858 καὶ
3209 1805 3562 1870 ἀναστάντι,
3594 1804 3695 1859 καὶ
3721 1808 3808 1874 εις

2228 1897 2525 1964 οὐρανοὺς
2557 1899 2903 1964 ἀνελθόντι,
2933 1899 3032 1952 καὶ
3081 1899 3382 1969 ἐρχομένῳ
3432 1897 3619 1952 πάλιν
3657 1899 3809 1967 μετὰ

532 2009 670 2065 Huic
695 2011 982 2075 credentes,
1007 1989 1360 2079 baptizamini
1409 2007 1466 2060 in
1493 2006 1608 2076 ejus
1628 2004 1880 2065 nomine;
1915 2000 2119 2055 sancti-

2238 1991 2408 2058 SdEnc
2439 1991 2509 2044 εκ
2537 1989 2657 2044 τῶν
2693 1989 2988 2059 οὐρανῶν,
3022 1991 3228 2061 κρίσιν
3270 1989 3646 2056 ποιήσασθαι
3673 1989 3809 2050 ζών-

531 2119 635 2172 que
672 2101 902 2174 Spiritus
938 2077 1178 2172 suscepto
1215 2101 1372 2160 dono,
1393 2097 1779 2153 illuminamini
1820 2095 2020 2157 animo,
2047 2092 2120 2147 il-

2238 2102 2345 2139 των
2368 2085 2466 2138 καὶ
2495 2083 2614 2138 τῶν
2640 2083 2895 2152 νεκρῶν,
2911 2084 3011 2138 καὶ
3041 2077 3378 2138 ἀποδοῦναι
3405 2083 3642 2148 ἑκάστῳ
3662 2083 3810 2138 κατὰ

535 2189 877 2246 luminamini
919 2200 1112 2255 mente,
1163 2190 1324 2260 inque
1363 2206 1484 2244 eum
1524 2187 1740 2243 modum
1783 2185 1848 2240 ab
1908 2186 2123 2254 impura

2238 2179 2344 2247 τὴν
2390 2175 2613 2247 πρᾶξιν
2659 2177 2868 2232 αὐτοῦ.
2894 2178 3086 2241 Τούτῳ
3130 2177 3544 2243 πιστεύοντες,
3590 2175 3808 2240 βαπτί-

533 2284 811 2339 emundati
830 2285 1131 2339 daemonum
1163 2283 1418 2354 religione
1456 2298 1520 2336 ac
1557 2279 1727 2345 cultu,
1758 2277 1989 2335 hwredcs
2012 2274 2127 2347 efﬁ-

2238 2277 2416 2338 σθητε
2443 2271 2514 2325 ἐν
2537 2269 2618 2336 τῷ
2645 2271 2891 2339 ὀνόματι
2935 2269 3152 2324 αὐτοῦ·
3186 2269 3284 2322 καὶ
3317 2269 3432 2336 τὴν
3455 2265 3682 2334 δωρεὰν
3703 2265 3810 2320 τοῦ

533 2377 754 2432 ciamini
773 2379 894 2432 vita:
919 2387 1133 2433 reterns:
1165 2379 1219 2432 in
1241 2377 1450 2433 Christo
1478 2375 1630 2430 Iesu.

2238 2366 2404 2431 ἁγίου
2418 2362 2764 2432 Πνεύματος
2783 2361 3214 2431 λαμϐάνοντες,
3227 2362 3566 2430 φωτίσθητε
3578 2359 3810 2429 ﬁ”tht

533 2475 873 2543 φωτίσθητε
921 2474 1097 2540 γοῦν,
1149 2475 1249 2528 καὶ
1296 2473 1488 2539 οὕτως
1535 2468 1648 2540 τῆς
1695 2466 1955 2538 ἐναγοῦς
2013 2463 2134 2518 τῶν
2183 2459 2485 2528 δαιμόνων
2529 2456 3068 2526 ἀποκαθαιρόμενοι
3120 2453 3393 2524 τελετῆς,
3456 2454 3813 2524 κληρονόμοι

533 2567 876 2637 γενήσεσθε
915 2565 1068 2635 ζωῆς
1103 2567 1350 2621 αἰωνίου
1388 2565 1460 2619 ἐν
1496 2561 1730 2633 Χριστῷ
1758 2557 1984 2628 Ἰησοῦ.

607 2658 899 2731 Ejusmodi
948 2674 1167 2731 semper
1214 2657 1486 2715 doctrinis
1539 2663 1805 2724 tantaque
1853 2647 2135 2722 prodigio-

2311 2640 2602 2704 Τοιαύταις
2649 2640 2739 2694 ἀεὶ
2786 2640 3032 2710 διδαχαῖς
3056 2677 3074 2704 ,
3107 2638 3450 2711 τηλικούτοις
3494 2638 3552 2694 δὲ
3591 2640 3814 2711 τέρασιν

537 2767 662 2807 rum
678 2751 758 2816 vi,
792 2759 962 2806 totam
985 2750 1072 2804 vir
1089 2765 1304 2805 summe
1330 2745 1689 2802 admirandus
1707 2743 1938 2798 nimium
1957 2754 2135 2810 quan-

2238 2737 2420 2789 πᾶσαν
2459 2735 2553 2786 ἐπὶ
2597 2732 2733 2786 πολὺ
2775 2732 2875 2803 τὴν
2899 2732 3119 2802 Ἀχαΐδα
3149 2733 3274 2802 γῆν,
3304 2735 3334 2785 ὁ
3360 2732 3813 2802 θαυμασιώτατος

539 2853 658 2897 tum
688 2840 908 2896 Achaiae
930 2840 1276 2910 provinciam
1299 2839 1357 2893 in
1379 2847 1663 2908 stuporem
1694 2850 1882 2907 agens,
1912 2831 1983 2888 ab
2016 2830 2135 2886 ido-

2238 2821 2464 2890 ὲξιστῶν
2485 2863 2500 2890 ,
2533 2822 2774 2892 ὑπεξῆγε
2801 2822 2900 2892 μὲν
2924 2823 3024 2892 τῆς
3049 2821 3159 2876 τῶν
3183 2822 3417 2877 εἰδώλων
3439 2824 3647 2892 πλάνης
3672 2824 3815 2878 κατὰ

538 2935 720 2989 lorum
749 2932 1015 3003 paulatim
1042 2946 1232 2987 errore
1263 2929 1630 2993 subducebat,
1671 2927 1932 2995 virosque
1964 2923 2132 2980 simul

2238 2916 2427 2987 μικρόν
2446 2932 2461 2946 ο
2508 2916 2820 2986 προσήγετο
2855 2915 2914 2969 δὲ
2941 2917 3008 2986 τῇ
3036 2914 3288 2986 ἀληθείᾳ,
3320 2915 3523 2987 ἄνδρας
3551 2915 3686 2986 ὁμοῦ
3718 2919 3816 2971 καὶ

541 3039 607 3079 ac
644 3024 928 3085 mulieres,
961 3037 1148 3086 senes,
1205 3037 1430 3092 pueros,
1467 3019 1698 3083 nobiles,
1734 3018 2004 3089 privatos,
2039 3030 2130 3071 sa-

2238 3009 2514 3077 γυναίκας,
2541 3007 2830 3078 γέροντας,
2870 3006 3062 3078 νήπια,
3111 3007 3402 3078 ἄρχοντας,
3460 3007 3690 3074 ἰδιώτας,
3719 3027 3813 3063 σο-

539 3114 760 3185 pientes
781 3127 838 3169 et
873 3113 1063 3180 rudes,
1089 3113 1292 3170 divites
1317 3128 1382 3168 ac
1400 3126 1673 3184 pauperes
1700 3109 1923 3166 veritati
1938 3107 2132 3165 admo-

2238 3096 2364 3168 pou;
2411 3113 2473 3151 τε
2514 3098 2611 3152 καὶ
2649 3096 2884 3168 ἀμαθεῖς
2905 3135 2923 3162 ,
2957 3095 3250 3161 πλουσίους
3284 3097 3380 3151 καὶ
3414 3099 3814 3170 πένηταςέἘπὶ

535 3209 723 3263 vebat.
770 3208 1036 3278 Adeoque
1097 3207 1356 3278 provexit
1405 3205 1726 3277 pradicatio
1773 3214 1830 3258 et
1869 3201 2123 3266 invaluit,

2238 3190 2479 3245 τοσοῦτον
2501 3189 2558 3243 δὲ
2578 3189 2668 3243 τὸν
2694 3190 2852 3256 λόγον
2880 3189 3208 3254 αὐξάνεσθαι
3270 3189 3367 3244 καὶ
3394 3190 3804 3262 κραταιοῦσθαι,

551 3256 723 3263 ,νη-η
770 3256 1034 3278 ---ηηπ
1100 3256 1356 3278 Γ,,,,,,
1405 3256 1719 3277 ,_-____,,__,_
1781 3256 1827 3258 __
2108 3256 2122 3266 ,

539 3317 604 3356 ut
629 3310 685 3356 et
720 3301 1019 3356 Maximina
1046 3295 1555 3371 proconsulis‘uxor
1575 3307 1634 3354 et
1658 3298 1960 3354 Stratocles
1981 3296 2129 3351 illius

2238 3282 2375 3335 ὥστε
2398 3282 2493 3336 καὶ
2519 3279 2870 3351 Μαξίμιλλαν
2895 3281 3206 3334 ἀνθυπάτου
3231 3283 3332 3351 τὴν
3383 3256 3624 3352 γαμετὴν
3643 3282 3687 3349 (Ι
3701 3281 3795 3344 Γ),

539 3393 730 3457 frater,
778 3393 892 3448 Deo
935 3408 1071 3447 vero
1113 3391 1483 3456 crediderint;
1522 3399 1893 3459 susceptoque
1942 3387 2130 3458 bapti-

2238 3373 2333 3428 καὶ
2365 3372 2708 3444 Στρατοκλέα
2735 3372 2792 3425 δὲ
2821 3371 2912 3426 τὸν
2937 3371 3102 3425 αὐτοῦ
3138 3372 3425 3442 σύγγονον,
3451 3373 3528 3443 τῷ
3555 3373 3644 3443 τῆς
3666 3372 3800 3440 ἁλη-

538 3495 708 3552 mate,
735 3486 790 3540 in
821 3484 1074 3540 doctrina
1099 3484 1351 3554 Apostoli
1379 3490 1821 3553 perseverarent.
1851 3480 1944 3537 Sic
1981 3479 2132 3536 Gras-

2238 3467 2388 3529 θείας
2439 3463 2775 3518 καταθέσθαι
2819 3464 2974 3534 Θεῷ·
3011 3465 3106 3518 καὶ
3150 3464 3574 3535 βαπτισθέντας,
3601 3467 3667 3536 τῇ
3711 3464 3808 3519 τοῦ

541 3592 732 3633 eorum
765 3591 829 3632 ac
843 3577 1212 3632 Barbarorum
1249 3573 1486 3630 detritus
1507 3573 1687 3628 omnis
1709 3572 2130 3627 simulacrorum

539 3669 766 3734 cultus;
798 3667 991 3738 sicque
1029 3665 1344 3721 daemonum
1391 3677 1558 3719 omne
1586 3661 1967 3732 supercilium,
1998 3661 2133 3717 Jesu

541 3760 599 3814 in
628 3759 850 3815 Andrea
873 3760 1084 3815 virtute
1105 3756 1416 3812 detractum
1449 3765 1618 3825 atque
1645 3753 1970 3810 convulsum
2001 3769 2018 3807 :
2053 3752 2134 3808 sic

539 3849 782 3920 denique
808 3849 1031 3906 Domini
1059 3847 1320 3906 Ecclesiae
1365 3846 1616 3919 quotidie
1641 3846 1894 3904 exaltatte
1926 3859 1992 3902 ac
2022 3843 2131 3900 fide

542 3940 837 3996 roboratus.

613 4118 756 4184 Quia
786 4117 954 4190 igitur
1019 4133 1148 4174 eum
1181 4116 1237 4170 in
1267 4115 1494 4171 modum
1541 4116 1626 4170 vir
1662 4115 2017 4171 beatissimus
2072 4114 2131 4169 in

617 4291 1197 4363 (H')_Ma£lpnl.1ar
1245 4290 1598 4363 ἀνθυπάτου
1663 4291 1790 4363 τὴν
1836 4290 2128 4363 γαμετήν.

2247 3555 2575 3609 Ἀποστόλου
2607 3556 3039 3626 προσκαρτερεῖν
3069 3555 3282 3626 διδαχῇ.
3315 3555 3503 3620 Οὕτως
3533 3555 3816 3610 εἰδωλολα-

2234 3648 2391 3719 τρεία
2439 3649 2590 3703 πᾶσα
2637 3647 2749 3701 τῶν
2774 3647 3046 3718 Ἑλλήνων
3085 3650 3182 3702 καὶ
3215 3647 3509 3719 βαρϐάρων
3531 3665 3546 3680 ’
3576 3648 3669 3700 καὶ
3700 3647 3820 3700 δαι-

2238 3741 2416 3812 μόνων
2438 3741 2611 3812 ὀφρὺς
2651 3739 2798 3794 οὕτω
2829 3741 2999 3804 πᾶσα,
3029 3739 3119 3794 διὰ
3145 3740 3244 3811 τῆς
3273 3741 3332 3793 ὲν
3363 3739 3440 3810 τῷ
3459 3739 3684 3810 Ἀνδρέᾳ
3720 3739 3820 3793 τοῦ

2245 3833 2418 3906 Ἰησοῦ
2442 3833 2724 3904 δυνάμεως
2753 3833 3004 3903 ἐμειοῦτο
3037 3833 3496 3904 καταργούμεναο
3529 3835 3623 3888 καὶ
3647 3831 3824 3896 οὕτως

2231 3928 2288 3981 αἱ
2309 3925 2630 3996 Ἐκκλησίαι
2657 3926 2750 3980 τοῦ
2775 3927 2984 3998 Κυρίου
3003 3926 3221 3998 ἡμέραν
3248 3927 3308 3994 ἐξ
3327 3927 3546 4000 ἡμέρας
3563 3924 3826 3996 ὑψσῦντο,

2231 4023 2297 4090 τῇ
2339 4019 2524 4072 πίστει
2564 4022 2985 4091 στερεούμεναι.

2312 4111 2466 4166 Ἐπεὶ
2484 4113 2540 4166 δὲ
2568 4112 2757 4166 τοῦτον
2781 4114 2874 4165 ἐπὶ
2913 4112 3049 4166 πολὺ
3079 4111 3172 4167 τὸν
3215 4111 3418 4184 τρόπον
3445 4114 3476 4167 ὁ
3533 4110 3836 4182 μακαριώ-

2239 4290 2845 4360 reddere,supposuerit
2876 4291 3070 4344 marito
3103 4289 3358 4345 ancillam
3382 4307 3537 4345 suam
3572 4290 3835 4345 Eucliam

547 4360 726 4419 Etiam
760 4361 930 4416 Gneci
969 4360 1024 4415 in
1058 4361 1381 4431 Synaxario,
1411 4361 1698 4431 fusiusque
1717 4361 1826 4414 illis
1861 4360 2129 4431 Metaphr.
2240 4363 2471 4425 nomine,
2501 4377 2765 4415 exornans
2803 4377 2942 4426 eam,
2993 4371 3126 4422 etc.,
3163 4361 3378 4430 aliaque
3407 4362 3565 4430 plane
3603 4361 3830 4431 putida.

548 4436 681 4508 sive
699 4433 1082 4508 cujuscunque
1105 4430 1255 4508 aliu_s
1285 4430 1542 4508 anliquis
1556 4432 1726 4494 Actis,
1756 4431 1814 4484 in
1843 4430 2050 4508 quibus
2077 4440 2134 4484 et
2165 4451 2210 4508 ι)
2239 4432 2442 4508 quibus
2462 4431 2601 4508 nihil
2631 4447 2922 4508 commune
2943 4446 3069 4485 cum
3206 4448 3327 4500 quae
3353 4430 3656 4508 versamus,
3682 4446 3850 4500 prae-

547 4503 685 4559 illud
708 4503 776 4556 de
799 4517 863 4556 ea
900 4503 1155 4573 habetur,
1189 4503 1454 4573 Reverso
1506 4502 1681 4573 Roma
1702 4501 2035 4573 proconsule
2065 4515 2130 4555 ac
2166 4501 2201 4508 ⁷
2243 4501 2330 4556 ter
2370 4502 2607 4573 nimiam
2650 4502 2792 4555 forte
2826 4501 2977 4573 illam
3011 4503 3351 4573 religionem
3389 4502 3658 4573 castitatis
3683 4572 3686 4573 ν
3707 4517 3846 4556 ser—

548 4573 954 4633 viro.noluisse
987 4572 1224 4626 maritali
1271 4572 1466 4640 copula
1518 4571 1597 4625 illi
1634 4570 2004 4635 commisceri,
2061 4586 2128 4625 eo
2237 4571 2455 4636 vandae,
2475 4582 2569 4625 aut
2597 4573 2766 4626 etiam
2788 4571 2890 4625 viri
2938 4570 3172 4627 inﬁdelis
3188 4571 3606 4626 consuetudinis
3639 4572 3845 4626 vitan-

548 4643 695 4714 qnod
727 4643 1040 4714 Christiana
1066 4642 1188 4714 jam
1220 4642 1324 4696 fide
1373 4643 1582 4696 imbuta
1625 4641 1796 4695 nollet
1839 4655 1965 4714 cum
2026 4640 2130 4696 ho-
2237 4642 2341 4714 dae.
2368 4642 2500 4706 Quae
2526 4650 2704 4714 exstat
2740 4642 2812 4714 de
2838 4642 3070 4714 Andreze
3094 4643 3412 4714 “Passieno,
3439 4642 3659 4697 Achaia:
3694 4658 3847 4712 pre-

551 4710 698 4768 mine
729 4713 1012 4767 nesciente
1061 4710 1340 4767 Christum
1387 4726 1794 4783 consuescere;
1844 4710 1941 4783 sed
1998 4725 2130 4783 cum
2238 4711 3239 4783 sbyterorumEpistola,Maximillam
3263 4710 3847 4783 Egetisuxoremnon

551 4783 777 4843 Davidc.
835 4783 927 4852 qui
962 4784 1132 4837 Deum
1163 4783 1432 4848 odissent,
1475 4781 1684 4852 odisset
1729 4798 1742 4834 :
1785 4779 1932 4852 quod
1987 4781 2131 4836 forte
2239 4779 2428 4845 habet,
2477 4783 2570 4835 sed
2622 4779 2951 4836 senatoriam
2997 4783 3284 4836 mulierem
3313 4779 3404 4838 ‘ac
3445 4783 3845 4852 praenobilem,

551 4851 867 4924 disciplina!
911 4852 1237 4924 Christiana:
1293 4869 1400 4908 non
1435 4851 1570 4924 satis
1611 4851 1953 4924 consentiat.
1984 4852 2132 4924 nulla
2240 4865 2364 4924 qua:
2386 4852 2644 4924 martyris
2663 4868 2866 4924 corpus
2889 4860 2945 4906 et
2974 4853 3210 4924 apostoli
3237 4851 3492 4923 religiose
3517 4853 3844 4924 sepelierit,

2241 4921 2400 4992 cujus
2453 4921 2543 4977 ille
2594 4923 2672 4976 rei
2723 4921 2945 4976 nomine
2983 4923 3052 4977 ad
3104 4921 3490 4992 imperatorem
3541 4921 3851 4978 delaturns

2242 5001 2408 5053 esset,
2441 5008 2552 5045 non
2582 5008 2770 5055 ausus,
2795 5009 2902 5061 qua
2934 4992 3175 5061 fulgebat
3196 4993 3507 5058 nobilitate,
3540 4993 3846 5047 ordinaria

2243 5063 2398 5133 quasi
2433 5071 2706 5132 potestate
2737 5063 2792 5116 in
2820 5077 2940 5133 eam
2979 5078 3175 5118 manus
3234 5063 3483 5133 injicere,
3515 5079 3610 5118 seu
3652 5064 3843 5117 etiam

2243 5132 2470 5213 civium,
2503 5135 2598 5214 qui
2622 5135 2808 5214 plures
2832 5132 3130 5214 Christiani
3150 5132 3338 5214 essent
3362 5133 3663 5214 ali-Anthea
3687 5148 3845 5214 con-

2242 5202 2408 5268 versi,
2436 5202 2700 5273 majorem
2733 5213 2970 5273 stragem
3000 5203 3164 5258 edere
3198 5220 3213 5257 :
3246 5203 3363 5258 sive
3379 5205 3516 5258 alias
3531 5203 3844 5258 Maximilla

2245 5274 2536 5344 ejusiuxor
2568 5281 2719 5336 erat,
2735 5273 2859 5344 sive
2874 5289 3005 5326 non.
3036 5273 3157 5327 Non
3203 5275 3352 5344 enim
3387 5275 3504 5328 haec
3536 5285 3787 5344 pugnant
3825 5293 3846 5327 :

2245 5343 2391 5412 quod
2418 5343 2536 5411 ejus
2568 5352 2714 5398 tanta
2738 5343 3018 5405 nobilitas,
3038 5351 3094 5398 et
3118 5343 3265 5413 quod
3298 5359 3437 5397 uxor
3471 5343 3842 5412 procerisulis

2246 5421 2410 5468 esset.
2434 5413 2652 5467 Nieetas
2677 5414 2882 5482 ubique
2913 5414 3146 5475 cautior,
3198 5415 3544 5483 oratorisque
3577 5414 3848 5474 licentia,

2248 5498 2477 5564 uxorem
2503 5483 2698 5564 Egetis
2725 5483 2882 5546 dixit,
2929 5483 3138 5564 reliqua
3164 5484 3354 5564 tacuit,
3385 5494 3480 5564 aut
3514 5494 3664 5564 certe
3696 5485 3859 5538 sub—

2249 5554 2537 5606 nbscurius
2570 5553 2742 5618 dixit;
2779 5569 2903 5607 cum
2965 5561 3022 5607 ct
3050 5553 3166 5622 ipse
3197 5556 3379 5609 erucis
3418 5554 3651 5609 Andrcaz
3686 5568 3854 5608 cau—

2251 5638 2365 5676 sam
2421 5623 2605 5685 tradit,
2641 5622 2788 5692 quod
2850 5623 3071 5693 Egeatis
3125 5627 3382 5691 γυναικὺς
3443 5625 3664 5693 ἠστόχει
3731 5627 3857 5678 καὶ

2250 5693 2510 5764 ἀδελφοῦ,
2542 5709 2761 5764 uxorem
2801 5694 3126 5764 fratremque
3166 5697 3319 5764 quasi
3361 5694 3673 5759 amittebat,
3731 5710 3862 5750 atr-

2252 5763 2552 5819 scultantes
2579 5763 2704 5819 fidei
2731 5780 2897 5833 quam
2928 5763 3553 5834 Andreas'praadicabat.

555 4924 646 4978 tali
681 4921 826 4978 fideli
885 4924 1103 4993 conjugi
1161 4922 1408 4987 licentia,
1455 4921 1698 4993 nisi_ubi
1746 4921 1987 4993 infidelis
2042 4922 2131 4993 illi

554 5008 904 5048 commanere
934 4990 1310 5047 non—sustinet
1331 4993 1539 5062 absque
1562 4990 1860 5047 Salvatoris
1891 4991 2130 5062 injuria:

553 5071 775 5117 exstant
807 5073 989 5117 tamen
1013 5064 1068 5117 in
1095 5065 1244 5117 Actis
1265 5062 1564 5117 Clementis
1597 5063 1831 5117 Retnani
1854 5062 1922 5116 de
1949 5064 1989 5114 Τ
1997 5064 2132 5116 beo-

553 5134 688 5189 dora
717 5133 904 5187 Sisinii
930 5149 1098 5188 uxore
1130 5149 1268 5202 pene
1296 5133 1516 5194 similia,
1571 5133 1800 5202 aliisque
1834 5148 1943 5202 non
1999 5148 2137 5201 pau-

555 5205 655 5267 cis,
685 5219 808 5273 quae
827 5205 1012 5257 omnia
1039 5201 1238 5257 durum
1265 5203 1447 5258 dicere
1466 5201 1889 5257 Manichéorum
1907 5201 2136 5272 fuligine

554 5290 796 5343 aspersa.
852 5274 1015 5327 Forte
1046 5289 1166 5327 eam
1212 5275 1385 5343 ipsam
1421 5273 1697 5327 ducebant
1734 5273 1838 5343 pia:
1877 5274 2138 5326 mulieres

557 5342 860 5400 salvatoris
879 5344 1160 5414 injuriam,
1185 5342 1333 5413 quod
1365 5343 1550 5398 mariti
1579 5342 1912 5414 obstinatius
1935 5343 2138 5396 intide-

555 5415 638 5468 les
683 5412 1000 5478 manebant,
1053 5423 1110 5467 et
1169 5412 1231 5468 ut
1268 5414 1508 5482 proclive
1529 5422 1635 5478 est,
1660 5412 1765 5468 sibi
1795 5428 2017 5482 sumque
2047 5428 2140 5466 su-

558 5485 870 5553 perstitioni
911 5500 1109 5541 uxores
1136 5485 1397 5539 addicere
1422 5483 1720 5538 studebant
1745 5501 1758 5536 :
1791 5492 1887 5536 aut
1915 5482 2139 5537 studere

560 5552 736 5606 videri
759 5563 1033 5622 poterant.
1069 5555 1201 5621 Quae
1229 5558 1458 5622 August.
1487 5553 1658 5608 refert
1687 5569 1750 5607 ac
1781 5553 2036 5622 suggillat
2073 5567 2141 5604 ex

560 5623 714 5676 Actis
742 5625 997 5689 Andrum,
1054 5625 1090 5678 l.
1152 5625 1226 5678 De
1280 5625 1383 5690 fide
1438 5631 1624 5678 contra
1670 5623 1923 5686 Mante/1.,
1965 5639 2014 5677 c.
2049 5622 2138 5683 58,

562 5693 724 5764 plainc
754 5693 1090 5748 Manichaica
1123 5705 1273 5758 sunt,
1313 5709 1550 5764 vereque
1598 5694 1762 5763 digna
1809 5693 2013 5764 Leueio
2034 5693 2144 5744 Ma-

567 5761 786 5819 nichaee
834 5773 1097 5831 auctore;
1152 5765 1298 5839 quod
1345 5761 1474 5835 ipsa
1505 5761 1700 5820 nolens
1741 5765 1862 5818 viro
1893 5761 2141 5819 debitum
