4108 6472
240 328 305 388 :3
1110 322 1392 383 ORATIO
1428 320 1526 382 Iv.
1564 286 1629 358 -ἔ
1659 320 1742 387 IN
1781 321 2096 385 LAUDEM
2135 322 2196 381 s.
2237 320 2587 381 ANDREAI.
3408 322 3479 384 7t

248 454 389 500 τατος
411 431 709 508 βεϐιωκὼς,
737 434 803 487 τὺ
822 430 988 503 ἔργον
1020 433 1337 487 τετελείωκε
1389 428 1487 486 τοῦ
1524 429 1763 504 Χριστοῦ
1787 446 1800 460 ο

1910 429 2099 500 longos
2120 444 2296 486 annos
2328 438 2607 500 protracta
2640 431 2776 497 vita,
2826 430 3034 488 Christi
3075 447 3216 502 opus
3248 447 3477 504 pero-ge-

248 532 329 585 καὶ
349 527 487 589 αὐτὸς
532 525 639 594 μὲν
696 524 924 595 ἐσχάτῳ
965 524 1129 597 γήρει
1177 523 1239 579 τὺ
1269 525 1430 595 σῶμα
1472 521 1801 592 πεπονηκὼς

248 621 395 675 ἐπόθει
414 618 509 688 τὴν
528 615 826 681 ἀνάλυσιν,
851 616 1036 671 ἐκάλει
1066 616 1122 670 δὲ
1139 616 1331 670 τοῦτον
1352 615 1559 671 ἄνωθεν
1579 618 1609 670 6
1635 616 1801 687 ὑπερ-

220 710 445 782 πουράνιος
502 706 778 777 Νυμφίας
830 706 972 777 πρὸς
1018 707 1213 763 ἑαυτόν
1236 724 1250 737 ⁸
1298 707 1393 762 καὶ
1418 708 1448 761 6
1472 705 1659 778 Πατὴρ
1686 706 1744 760 δὲ
1771 708 1801 761 6

235 801 460 873 ὕπέρθεος
500 799 653 870 (12),
714 801 822 864 τὰς
847 799 1096 870 ἀγκάλας
1136 799 1502 871 ὕφηπλωκὼς,
1564 800 1647 864 είς
1673 800 1802 864 τοὺς

226 896 410 964 γάμους
441 892 827 965 προσεδέχετο
848 891 945 946 τοῦ
967 893 1328 962 Μονογενοῦς,
1357 892 1453 948 καὶ
1471 892 1551 947 -τδ
1576 892 1803 963 Πνεῦμα

223 984 270 1039 ἃ
293 987 346 1039 τὸ
372 985 526 1054 ἄτιον
546 985 827 1040 ὡδοποίει
854 984 1037 1059 τούτῳ
1062 986 1161 1058 τὴν
1183 986 1369 1041 ἄνοδον
1392 986 1487 1041 καὶ
1519 987 1799 1043 κατίθυνεο

219 1079 245 1132 ὃ
265 1095 319 1131 τε
338 1076 562 1148 νυμφὼν
586 1079 755 1149 αὐτῷ
778 1077 858 1141 ὡς
880 1079 1144 1150 πανάγνῳ
1162 1078 1460 1147 παγκάλως
1481 1079 1802 1151 διηνέῳκτο,

221 1170 362 1223 καλοί
381 1168 676 1239 Σεραφεὶμ
696 1168 810 1239 μὲν
831 1167 1114 1222 κύκλωθεν
1141 1168 1372 1234 ἑστῶτες
1396 1168 1495 1241 τὴν
1522 1169 1804 1241 τρισάγιον

229 1262 409 1314 αῐνεσιν
460 1260 791 1331 ήρμόζοντο
814 1275 830 1291 ο
896 1260 948 1313 οἱ
1011 1258 1324 1331 Χερουϐεὶμ
1353 1260 1431 1326 δὲ,
1470 1260 1551 1332 τῷ
1590 1262 1683 1315 ἐπὶ
1709 1260 1805 1314 τοῦ

233 1353 393 1422 θρόνου
424 1352 515 1420 τὴν
542 1350 720 1417 δόξαν
771 1348 1158 1421 εὐλογημένην
1204 1349 1583 1414 ἁνεὸἀλλοντο,
1629 1350 1724 1405 καὶ
1754 1351 1804 1405 οί

225 1443 389 1515 Θρόνοι
412 1442 548 1515 πρὸς
575 1442 899 1514 ὑποδοχὴν,
933 1443 1026 1499 καὶ
1053 1445 1224 1497 πᾶσαι
1247 1443 1306 1497 δὲ
1332 1444 1440 1497 τῶν
1463 1442 1729 1514 οὐρανίων
1750 1443 1806 1496 αἱ

223 1537 458 1604 Δυνάμεις
482 1533 564 1606 τῷ
590 1538 941 1605 τιμιωτάτῳ
971 1532 1067 1588 τοῦ
1105 1532 1243 1587 Θεοῦ
1273 1534 1427 1589 παιδὶ
1463 1534 1600 1606 πρὸς
1619 1534 1805 1602 δεξίω-

224 1642 298 1679 σιν
324 1624 814 1695 παρεωιευάζοντο
831 1639 848 1655 ·
901 1625 999 1679 καὶ
1028 1625 1077 1679 oi
1110 1624 1208 1696 μὲν
1236 1625 1344 1678 τῶν
1371 1625 1531 1697 ἱερῶν
1557 1625 1695 1680 νόων
1719 1625 1806 1679 ἐπ’

222 1716 366 1771 αὑτὸν
383 1715 671 1769 οὖσανύθεν
693 1717 829 1770 ἐκεῖ
861 1715 1308 1784 καταϐαίνοντες,
1329 1719 1380 1771 οἱ
1411 1717 1468 1771 δὲ
1490 1717 1809 1773 ἀναϐαίνον-

1906 522 2084 588 rat";
2129 538 2194 577 ac
2233 522 2456 593 quidem
2508 524 2625 595 ipse
2657 534 2900 580 extrema
2928 533 3212 581 senectute
3266 526 3488 581 defesso

1905 615 2483 685 corpusculo,so|vere
2509 616 2767 687 cupiebat
2792 616 2895 682 ’“;
2925 617 3333 687 supercmlestis
3352 634 3486 674 vero
3527 654 3555 685 ,ι

1906 705 2154 777 Sponsus
2204 722 2235 763 e
2285 708 2442 764 ccelis
2484 708 2557 764 ad
2610 725 2671 764 se
2702 709 2935 765 vocabat
2964 723 2982 775 ;
3007 708 3267 779 omnique
3312 710 3489 779 major

1908 800 2113 855 deitate
2159 801 2361 867 Pater,
2400 802 2580 872 passis
2612 802 2761 858 ulnis
2810 802 2879 858 ad
2934 801 3214 873 Unigeniti
3268 803 3490 873 nuptias

1906 892 2296 964 exspectabat;
2330 894 2425 950 sed
2443 903 2500 950 et
2522 893 2767 965 Spiritus
2793 903 3018 950 sanctus
3053 909 3342 950 ascensum
3363 910 3492 964 pro-

1909 1001 2070 1057 spere
2112 985 2401 1042 muniebat
2434 985 2655 1057 iterque
2701 986 2976 1058 dirigebat
3028 1003 3046 1055 ;
3082 987 3488 1058 thalamusque,

1911 1079 2066 1136 velut
2098 1080 2249 1135 omni
2283 1079 2538 1136 castitate
2577 1089 2794 1143 ornato.
2822 1080 3021 1137 decore
3050 1081 3200 1136 omni
3223 1080 3490 1151 patebat;

1909 1188 1975 1228 ac
2000 1173 2286 1243 Seraphim
2316 1174 2539 1243 quidem
2579 1173 2635 1228 in
2668 1173 2904 1228 circuitu
2938 1182 3148 1228 stantes
3175 1173 3333 1228 trinae
3362 1173 3489 1227 lau-

1910 1264 2148 1321 dationis
2159 1265 2431 1320 canticum
2443 1263 2704 1333 aptabant
2718 1265 2785 1329 ⁹³,
2814 1262 3115 1319 Cherubim
3132 1277 3263 1319 vero
3278 1262 3494 1319 sedenti

1914 1372 2084 1426 super
2110 1356 2373 1412 thronum
2411 1356 3024 1426 benedictamgloriam
3070 1357 3324 1425 repetitis
3342 1357 3493 1412 voci-

1913 1447 2018 1502 bus
2045 1447 2416 1516 personabant
2446 1445 2548 1513 ⁸³*;
2584 1446 2905 1517 Thronique
2945 1449 3314 1518 susceptionis
3337 1464 3491 1519 ergo,

1913 1552 1980 1594 ac
2007 1539 2265 1595 caelestes
2311 1553 2506 1594 omnes
2554 1539 2859 1597 Potestates
2883 1581 2898 1605 ,
2954 1539 3023 1594 ad
3084 1540 3496 1597 nobilissimum

1915 1631 2014 1686 Dei
2045 1630 2312 1686 famulum
2339 1630 2619 1701 triumpho
2640 1631 3023 1701 accipiendum
3050 1642 3255 1702 parata:
3289 1642 3448 1689 erant
3474 1649 3493 1699 ;

1915 1727 2081 1790 atque
2158 1720 2276 1777 alia:
2327 1721 2549 1791 quidem
2596 1737 2881 1777 sacrarum
2930 1725 3199 1781 mentium
3257 1725 3326 1780 ad
3362 1741 3494 1781 eum

213 1828 313 1875 τες,
359 1811 507 1864 λείαν
562 1809 728 1881 αὐτῷ
779 1811 882 1864 καὶ
922 1810 1063 1879 ἄγαν
1114 1809 1349 1884 εὔπορον
1401 1812 1504 1884 τὴν
1543 1811 1803 1869 ἀνάόασιν

1912 1813 2044 1869 illuc
2068 1829 2099 1869 e
2126 1812 2282 1869 caelis
2310 1813 2734 1878 descendentes,
2762 1813 2884 1869 aliae
2926 1830 3057 1870 vero
3104 1816 3490 1883 ascendentes,

200 1904 579 1974 ἡτοιμάζοντο,
615 1902 731 1956 ἔδει
756 1901 958 1955 λοιπὸν
977 1903 1140 1956 αὑτὸν
1161 1904 1315 1958 κάτω
1341 1904 1404 1958 τὸ
1432 1905 1527 1959 τοῦ
1557 1908 1803 1976 σώματος

1910 1904 2135 1974 planum
2169 1904 2435 1974 valdeque
2461 1904 2776 1974 expeditum
2806 1920 3095 1960 ascensum
3116 1907 3441 1965 muniebant
3472 1924 3493 1977 ;

195 1998 414 2068 ἐλυτρον
458 1996 705 2066 ἀφέντα,
774 1996 922 2067 πρὸς
959 2000 1054 2051 τὸν
1117 1998 1444 2068 ὑπερούσιον
1500 2000 1803 2071 ἀσωμάτως

1910 1997 2019 2068 iam
2060 2012 2296 2053 necesse
2332 2005 2453 2052 erat
2480 2005 2541 2051 ut
2574 1997 2769 2053 relicto
2802 1998 2862 2053 in
2896 2007 3044 2055 terra
3074 2001 3498 2071 corporisinvo-

196 2091 511 2158 ἀναπτῆναι
533 2107 553 2119 ο
583 2090 686 2143 καὶ
734 2087 842 2142 τοῦ
889 2088 996 2156 τῆς
1042 2091 1246 2160 σαρκὸς
1288 2091 1497 2163 πάχους
1552 2093 1803 2165 ῥαγέντα,

1912 2090 2091 2153 lucro.
2119 2090 2188 2146 ad
2233 2089 2542 2147 substantia
2596 2091 2747 2145 omni
2798 2093 3064 2162 majorem
3107 2085 3359 2162 corporis
3400 2109 3498 2148 ex-

205 2185 399 2254 γυμνῷ
424 2182 508 2254 τῷ
540 2181 832 2252 Πνεῦματι
863 2182 1006 2252 πρὸς
1026 2182 1088 2236 τὸ
1119 2183 1344 2255 Πνεῦμα
1365 2184 1625 2257 καθαρῶς
1659 2186 1803 2257 ἐνδη-

1912 2197 2042 2252 pers
2073 2182 2318 2237 evolarct
2338 2199 2353 2246 ;
2372 2182 2720 2254 abruptaque
2750 2183 2933 2238 carnis
2962 2183 3106 2238 mole
3128 2198 3194 2239 ac
3221 2183 3495 2245 crassitie,

224 2277 368 2344 μεῖν.
393 2275 553 2328 Ἔδει
608 2277 786 2344 μεῖναι
829 2274 934 2343 τὴν
962 2274 1068 2345 γῆν
1099 2278 1193 2328 ἐπὶ
1236 2277 1361 2347 γῆς,
1414 2278 1496 2340 εἰς
1538 2277 1803 2349 ἁγιασμδκ

1915 2273 2066 2330 nudo
2098 2273 2297 2344 Spiritu
2322 2274 2390 2329 ad
2425 2273 2690 2344 Spiritum
2730 2289 2870 2343 pure
2906 2274 3225 2345 emigraret.
3259 2274 3500 2330 Necesse

226 2367 499 2437 ἐσομένην
550 2368 619 2437 τῇ
679 2368 764 2437 τῇ,
793 2365 879 2418 καὶ
908 2367 1012 2436 τῆς
1042 2366 1208 2420 αὐτοῦ
1266 2368 1504 2432 πίστεως
1533 2368 1803 2440 ἐνέχυρον1

1916 2372 2032 2421 erat
2055 2372 2290 2422 utterra
2320 2364 2379 2419 in
2409 2372 2560 2420 terra
2590 2373 2872 2430 manente,
2898 2364 3196 2436 futuraque
3215 2364 3308 2421 illa
3340 2374 3501 2421 terra;

218 2455 283 2508 τὸ
310 2455 463 2525 ἱερὸν
498 2458 703 2524 σκῆνος
734 2456 1056 2511 καταλιπεῖν
1103 2460 1219 2521 τοῖς
1276 2461 1511 2523 πιστοῖς,
1563 2459 1726 2513 αὑτὸν
1758 2461 1803 2514 δὲ

1918 2458 1974 2512 in
2002 2456 2511 2520 sanctiﬁcationem,
2559 2456 2816 2527 illiusque
2866 2456 3068 2527 pignus
3120 2455 3270 2521 ﬁdei,
3331 2472 3502 2513 sacrae

208 2545 419 2614 κοῦφον
440 2547 688 2619 ἀρθῆναι
710 2548 850 2619 πρὸς
878 2548 1132 2620 οὐρανὸν,
1155 2548 1233 2620 τῷ
1270 2551 1651 2623 ὑπερουρανίῳ
1690 2569 1803 2605 συν-

1921 2549 2167 2604 εχειινίιε
2193 2548 2450 2605 ﬁdelibus
2478 2548 2762 2614 cederent,
2787 2549 3015 2619 ipseque
3036 2549 3175 2606 levis
3207 2550 3266 2605 in
3298 2551 3501 2606 coelum

194 2639 491 2709 εσύμενον.
1924 2640 2232 2705 tolleretur,
2260 2656 2385 2697 cum
2416 2655 2485 2698 eo
2516 2650 2860 2708 versaturus,
2902 2642 2998 2712 qui
3029 2642 3301 2699 excelsior
3356 2643 3500 2699 caelo

1920 2741 2026 2787 est.

280 2814 450 2869 Ἀλλὰ
483 2815 543 2868 τί
569 2817 635 2869 τὸ
668 2815 777 2885 τῆς
808 2814 1128 2880 ἀναλύσεως
1158 2816 1391 2888 ὄργανον
1413 2834 1435 2884 ;
1460 2817 1722 2890 Σταυρὸς,
1758 2817 1803 2871 τί

1991 2824 2285 2893 Quodnam
2354 2840 2488 2880 vero
2535 2825 2617 2881 sic
2666 2826 2975 2898 emigrandi
3012 2834 3177 2898 atque
3248 2826 3500 2883 solvendi

206 2910 431 2978 σημεῖον
456 2907 556 2961 τοῦ
591 2908 1058 2979 ἐσταυρωμένου,
1095 2910 1158 2963 τὸ
1203 2911 1483 2978 σκῆπτρον
1533 2908 1628 2962 τοῦ
1659 2911 1803 2980 Παμ-

1921 2931 2191 2987 organum
2231 2915 2376 2979 fuit?
2407 2915 2683 2971 Nimirum
2731 2932 2888 2984 crux,
2959 2918 3177 2988 signum
3227 2918 3500 2985 cruciﬁxi,

217 2999 502 3063 εασιλέως,
530 3002 564 3058 ἠ
586 2999 727 3066 δόξα
750 3000 855 3053 τοῦ
878 3000 1145 3071 Χριστοῦ,
1179 3002 1240 3055 τὸ
1270 3000 1579 3073 ἄθραυστον
1599 3002 1803 3056 πάντωη

1922 3015 2206 3077 sceptrum
2241 3008 2625 3062 universorum
2665 3009 2850 3080 Regis,
2890 3008 3096 3065 Christi
3147 3009 3341 3080 gloria,
3375 3025 3504 3065 san-

220 3093 334 3147 τῶν
357 3094 521 3161 ἁγίων
548 3094 747 3147 ὁπλον.
781 3094 1048 3165 Σταυρδς,
1077 3092 1268 3165 ὥσπερ
1294 3094 1524 3164 ὄργανον
1552 3095 1650 3166 μὲν
1682 3094 1803 3167 πρό-

1925 3106 2142 3153 ctorum
2160 3096 2409 3151 omnium
2438 3096 2774 3153 inviolabilis
2797 3108 3097 3155 armatura.
3139 3099 3309 3165 Crux,
3356 3100 3505 3156 sicut

219 3204 381 3259 τερον
402 3190 690 3245 θανατικδυ
714 3189 802 3260 τῷ
834 3189 1007 3260 Ἰησοῦ
1034 3190 1172 3261 πρὸς
1192 3188 1303 3242 τῶν
1355 3188 1621 3243 Ἰουδαίων
1645 3205 1803 3243 κατα-

1919 3189 2076 3259 prius
2104 3204 2137 3245 ιι
2170 3188 2378 3245 Iudaeis
2396 3189 2526 3245 Jesu
2550 3197 2758 3245 structa
2787 3191 2939 3246 velut
2974 3192 3166 3247 mortis
3214 3207 3502 3263 organum,

214 3279 555 3343 mansﬂzk,
584 3279 881 3349 σύμϐολον
906 3279 964 3333 δὲ
1001 3279 1148 3349 ζωῆς
1176 3279 1307 3351 παρ’
1325 3279 1490 3334 αὐτοῦ
1508 3282 1620 3343 τοῖς
1643 3280 1803 3349 ἁγίοις

1920 3283 2247 3353 cunctisque
2269 3282 2341 3338 ab
2362 3297 2431 3337 eo
2446 3282 2652 3336 sanctis
2673 3282 2801 3337 data
2824 3291 3083 3353 tanquam
3105 3285 3231 3339 vitae
3245 3285 3461 3354 signum
3483 3301 3501 3351 ;

198 3375 337 3428 ain
366 3374 553 3440 δοθείς
576 3390 594 3405 ο
639 3376 796 3428 οὓτω
834 3377 931 3429 καὶ
958 3372 1036 3446 τῷ
1068 3376 1380 3445 πιστοτάτῳ
1406 3373 1505 3428 τοῦ
1536 3375 1803 3447 ἐσταυρω-

1919 3372 2002 3428 sic
2032 3382 2091 3428 et
2111 3372 2434 3429 ﬁdelissimo
2460 3372 2669 3429 Christi
2689 3374 2843 3429 cruci
2860 3374 3004 3431 aliixi
3028 3375 3324 3446 discipulo,
3348 3391 3503 3431 mor-

200 3468 370 3535 μένου
431 3466 689 3539 Χριστοῦ
750 3466 993 3539 μαθητῇ,
1021 3466 1117 3521 τοῦ
1174 3467 1406 3521 θανάτου
1441 3467 1543 3537 μὲν
1587 3467 1803 3538 ὄργανον

1920 3462 1992 3521 tis
2033 3477 2301 3533 organum
2353 3461 2424 3516 ab
2448 3460 2674 3532 IEgeate
2726 3461 2833 3518 ﬁxa
2862 3463 2881 3534 (
2910 3479 2974 3520 ea
3027 3464 3237 3521 scilicet
3290 3466 3507 3522 ratione

198 3562 344 3631 πρὸς
375 3562 477 3616 τοῦ
519 3562 810 3631 Δίγεάτου
851 3559 1245 3632 καταπηχθεὶς,
1300 3561 1482 3615 καὶτὸ
1506 3561 1700 3626 αἴτιον,
1735 3563 1803 3615 ὅτε

1918 3555 2066 3627 quod
2094 3571 2265 3611 uxore
2288 3555 2567 3624 fratreque
2589 3553 2974 3623 frustraretur,
3002 3555 3071 3611 ab
3102 3555 3335 3612 Andreae
3367 3573 3507 3628 pen-

202 3656 267 3725 Ei;
294 3656 569 3723 γυναικὸς
603 3653 834 3725 ἠστόχει
870 3654 966 3707 καὶ
989 3645 1241 3723 ἆδελφοῦ,
1286 3654 1388 3724 τῆς
1452 3653 1702 3724 Ἀνδρέου
1729 3652 1803 3705 πί-

1919 3647 2183 3702 dentibus
2248 3646 2358 3702 ﬁde
2421 3647 2652 3717 ejusque
2703 3645 2908 3702 divinis
2970 3648 3343 3718 sermonibus)
3383 3664 3509 3718 qua:

213 3763 380 3812 πεως
404 3750 505 3803 καὶ
526 3746 842 3818 θεηγορίας
864 3745 1190 3817 ἠρτημένων
1208 3760 1223 3775 ο
1252 3745 1396 3816 ζωῆς
1439 3745 1497 3799 δὲ
1548 3743 1726 3811 ξύλον,
1753 3744 1803 3797 oi

1920 3749 2106 3796 tamen
2133 3739 2339 3796 nedum
2368 3738 2678 3795 Maximillae
2722 3744 2779 3791 et
2816 3736 3094 3803 Stratocli,
3133 3737 3232 3793 sed
3259 3747 3317 3792 et
3366 3754 3509 3794 cuu-

219 3838 558 3912 ὶίσξιμίλλῃ,
590 3842 694 3894 καὶ
724 3840 808 3909 τῷ
832 3839 1165 3910 Στρατοκλεῖ
1199 3839 1360 3908 μόνον
1379 3879 1395 3903 ,
1431 3838 1567 3893 ἀλλὰ
1592 3839 1686 3892 καὶ
1713 3837 1803 3893 πά-

1919 3832 2025 3888 ctis
2052 3830 2594 3898 Patrarum'civibus,
2605 3818 2865 3899 omnique
2882 3828 3100 3885 Achaiae
3121 3830 3315 3891 salutis
3342 3845 3508 3887 causa

233 3944 339 3993 σοις
387 3932 529 4003 ὁμοῦ
580 3935 712 3996 ταῖς
751 3931 1020 4004 Πάτραις,
1064 3933 1159 3984 καὶ
1190 3933 1258 4004 τῇ
1296 3930 1490 4004 Ἀχαΐᾳ
1541 3930 1803 4003 σωτηρίας

1919 3924 2217 3981 exstiterit.

236 4020 469 4087 haec;
492 4023 779 4091 γεγονώς.

292 4105 397 4158 Καὶ
436 4108 551 4177 γὰρ
588 4105 841 4174 ὑψωθεὶς
896 4105 926 4158 6
955 4105 1330 4176 πρεσϐύτατος
1357 4105 1453 4160 ἐπὶ
1499 4105 1596 4160 τοῦ
1625 4106 1803 4172 ξύλοιγ

1990 4106 2253 4164 Sublatus
2282 4104 2429 4161 enim
2478 4103 2536 4159 in
2564 4118 2785 4160 crucem
2812 4110 3087 4173 provectae
3116 4102 3294 4158 aetatis
3314 4116 3504 4168 senex,

221 4195 311 4247 καὶ
330 4195 393 4248 οὐ
418 4195 893 4267 προσηλωμένος,
915 4196 1030 4251 ἀλλ’
1069 4195 1154 4265 ἐφ’
1192 4196 1431 4267 ἡμέραις
1469 4196 1619 4266 αὐτῷ
1651 4214 1803 4268 προσ

1921 4215 2027 4255 nec
2060 4199 2141 4253 illi
2176 4197 2450 4264 conﬁxus,
2483 4196 2581 4252 sed
2629 4195 2799 4250 tridui
2834 4195 3014 4265 spatio
3040 4195 3314 4264 alligatus,
3349 4194 3507 4249 velut

209 4284 496 4354 δεδεμένος
513 4288 730 4358 τρισὶν,
761 4285 955 4356 ὥσπερ
982 4286 1088 4340 ἀπὸ
1118 4287 1351 4349 σκοπιᾶς
1385 4301 1531 4348 τινος
1567 4284 1601 4356 ἢ
1633 4286 1803 4356 ἀκρως

1920 4305 1954 4346 e
1984 4289 2208 4360 specula
2250 4289 2567 4358 montisque
2612 4287 2817 4342 vertice
2857 4296 3098 4341 astantes
3153 4286 3387 4356 populos
3420 4285 3507 4339 in-

225 4379 381 4447 ρείας
406 4383 529 4441 τοὺς
551 4379 933 4450 παρεστῶτας
970 4378 1118 4451 αὐτῷ
1149 4379 1314 4442 λαοὺς
1341 4379 1577 4452 ἐφορῶν,
1612 4379 1709 4434 καὶ
1748 4378 1803 4432 τέ

1925 4388 2110 4444 tuens,
2162 4378 2589 4448 sacratiorisque
2635 4376 2905 4433 doetrinze
2948 4376 3116 4431 verba
3163 4390 3501 4446 proponens,

231 4468 335 4536 τῆς
368 4472 758 4540 μυσταγωγίας
795 4471 1019 4541 ῥήματα
1061 4468 1406 4540 παρατιθεὶς,
1461 4468 1666 4540 σαρκὸς
1726 4470 1803 4541 μὲι

1929 4471 2256 4527 hortabatur
2275 4486 2497 4525 carnem
2526 4469 2834 4539 despicere,
2867 4469 3006 4525 nulli
3036 4472 3287 4538 corporis
3347 4468 3506 4524 volu-

230 4557 467 4629 παρῇ-εει
508 4560 892 4631 παραμελεῖν·
947 4559 1140 4631 ἡδονῆς
1165 4575 1227 4612 τε
1270 4556 1524 4628 σώματος
1555 4558 1801 4630 ήττᾶσθα

1927 4562 2066 4633 ptati
2093 4577 2158 4618 ac
2185 4560 2406 4617 libidini
2437 4560 2658 4626 cedere,
2694 4559 2944 4630 nihilque
2984 4575 3178 4615 eorum
3206 4575 3327 4630 qua:
3348 4558 3503 4614 cerni

212 4648 515 4719 μηδεμιᾶς,
547 4650 699 4722 μηδὲ
740 4667 800 4702 τι
832 4648 941 4702 τῶν
970 4647 1264 4720 ὁρωμένων
1296 4648 1634 4721 ἧλυομένων
1673 4649 1803 4715 ἄξιοε

1929 4653 2105 4708 oculis
2122 4660 2357 4722 possunt
2374 4658 2471 4706 aut
2502 4651 2805 4716 intereunt,
2821 4649 3226 4721 studiidignum
3257 4650 3504 4717 ducere;

202 4743 473 4810 ἡγεῖσθαι
500 4742 757 4813 σπουδῆς
789 4754 803 4767 ·
838 4741 1009 4813 μόνης
1036 4740 1093 4795 δὲ
1117 4740 1296 4812 ψυχῆς
1322 4742 1417 4795 καὶ
1444 4741 1543 4813 τῆς
1575 4743 1695 4796 κατ’
1726 4744 1803 4796 αὑ·

1928 4747 2128 4802 animre
2162 4745 2671 4815 duntaxatejusque
2697 4742 3034 4813 operationis
3062 4740 3329 4813 (veritatis
3356 4741 3508 4796 scili-

206 4832 305 4903 τὴν
330 4833 800 4906 ἐνεργείας,-τῆς
828 4832 971 4887 κατὰ
1020 4832 1204 4885 πίστιν
1236 4832 1497 4903 ἀληθείας
1526 4832 1695 4904 φημὶ,
1723 4832 1803 4904 τῆι

1930 4846 2021 4895 cet
2044 4837 2197 4908 ﬁdei)
2224 4836 2476 4892 exstatici
2524 4834 2595 4890 ad
2636 4850 2956 4905 supremum
2994 4849 3209 4899 eorum,
3250 4850 3374 4903 qua:
3404 4833 3503 4887 de-

217 4924 347 4990 πρδς
399 4927 469 4978 τὸ
496 4925 615 4978 τῶν
652 4922 872 4992 ἐφετῶν
915 4923 1217 4990 ἀκρότατον
1250 4923 1581 4994 ὲκστατικῆς
1608 4923 1803 4990 ἀναγωι

1935 4928 2166 4986 siderari
2196 4937 2447 5000 possunt,
2484 4928 2655 4983 animi
2675 4942 2959 4993 ascensus,
2991 4927 3267 4997 sociaeque
3305 4926 3507 4982 simili-

229 5013 346 5080 τῆς.
372 5018 472 5070 καὶ
506 5014 850 5084 κοινωνικῆς
883 5015 1200 5086 ὁμοιότητος
1232 5015 1330 5068 καὶ
1386 5004 1684 5083 συναφείας
1710 5016 1803 5069 θεο

1936 5019 2146 5076 tudinis
2206 5034 2271 5075 ac
2324 5019 2737 5089 coniunctionis
2791 5019 3140 5089 theologicae,
3177 5020 3327 5073 omni
3379 5019 3509 5073 dili-

238 5100 467 5175 λοττιξε,
494 5109 664 5181 πάσῃ
691 5106 926 5176 σπουδῇ,
956 5106 1109 5180 πάσῃ
1134 5107 1353 5176 μηχανῇ
1380 5106 1476 5159 καὶ
1504 5106 1666 5160 παντὶ
1701 5106 1803 5160 σθέ-

1931 5110 2135 5180 gentia,
2165 5118 2392 5181 arteque
2413 5124 2478 5164 ac
2502 5107 2723 5175 robore,
2742 5107 2827 5163 vir
2838 5108 2949 5164 Deo
2975 5108 3172 5180 plenus
3192 5107 3375 5166 aiebat
3407 5123 3510 5165 cu-

243 5210 319 5246 νει
346 5198 506 5266 χρεὼν
539 5200 743 5266 ἔλεγεν
763 5198 795 5249 ὁ
826 5195 1114 5268 θεόληπτος
1140 5196 1538 5267 ἐπιμελεῖσθαι.
1608 5262 1613 5267 ξ

1926 5216 2045 5255 ram
2081 5200 2387 5256 habendam
2412 5215 2553 5257 esse.

304 5381 349 5412 ”
371 5382 528 5438 ιω.
571 5398 719 5446 xv",
750 5382 805 5438 4.
876 5379 960 5413 θ’*
985 5379 1128 5435 Phil.
1153 5395 1194 5444 ι,
1216 5379 1309 5435 25.
1381 5380 1429 5414 “
1455 5381 1558 5437 lsa.
1598 5397 1672 5447 vr,
1707 5380 1763 5437 3.

1929 5382 2130 5440 Ezech.
2156 5399 2236 5448 iu,
2267 5383 2355 5440 12.

296 5544 411 5612 (12)
435 5546 503 5599 ὀ
528 5544 859 5613 ὑπέρθεος.
888 5540 1056 5607 Quasi
1084 5559 1250 5613 supra
1277 5557 1441 5613 quam
1471 5541 1648 5609 Deus;
1670 5541 1833 5613 longe
1930 5556 2000 5613 ex
2031 5543 2254 5607 creatis,
2285 5550 2342 5598 et
2376 5554 2440 5599 ut
2461 5543 2681 5600 illorum
2712 5552 2907 5600 auctor
2930 5555 3036 5608 est,
3067 5545 3379 5604 intellecto:
3403 5564 3506 5604 cu-

225 5616 502 5691 escedens
519 5612 1052 5691 quidquiddemum
1069 5612 1137 5667 de
1152 5612 1272 5690 Deo
1289 5612 1692 5691 concipiamus;
1712 5612 1830 5691 sive
1924 5612 2169 5691 iusmodi
2192 5614 2435 5691 plura__in
2456 5616 2496 5670 l.
2524 5614 2598 5668 De
2628 5613 3141 5691 QIystichhgologia
3160 5632 3180 5671 :
3204 5618 3508 5691 ηοοᾼὺπὲρ-

230 5684 406 5756 άεὶιδ
445 5682 825 5756 intelligatur,
860 5691 925 5736 ut
962 5683 1019 5756 in
1062 5684 1264 5756 creatis
1306 5682 1534 5756 dicitur,
1560 5682 1827 5756 et‘parti-
1929 5682 2068 5756 θεος,
2106 5682 2265 5756 quasi
2290 5683 2414 5739 aliis
2441 5682 2698 5756 personis
2723 5685 2896 5756 magis
2932 5682 3097 5750 Deus,
3137 5694 3235 5741 aut
3263 5688 3372 5746 illis
3400 5682 3498 5747 sti-

230 5753 530 5825 ciptione,
552 5751 679 5811 sive
700 5753 878 5810 etiam
902 5751 1040 5805 utin
1063 5751 1196 5815 Deo,
1218 5753 1300 5808 sic
1321 5763 1353 5808 a’
1374 5753 1534 5807 nobis
1559 5751 1826 5810 atﬁrmate
1924 5751 2398 5831 perior’exsistat;
2427 5751 2575 5825 quod
2601 5763 2750 5813 esset
2777 5751 3019 5813 A'rianici
3040 5756 3290 5814 furfuris.

561 5850 853 5913 Parnm.
902 5848 1022 5910 Gn.
1059 5847 1183 5909 CV.
3071 5849 3106 5913 3
