  <div class='ocr_page' id='page_1' title='image "/cluster/home/n/w/nwhite01/storage/ocr_20150623/105/coo.31924054870096/051.png"; bbox 0 0 4108 6422; ppageno 0'>
   <div class='ocr_carea' id='block_1_1' title="bbox 644 308 2240 376">
    <p class='ocr_par' dir='ltr' id='par_1_1' title="bbox 644 309 2240 373">
     <span class='ocr_line' id='line_1_1' title="bbox 644 309 2240 373; baseline -0.003 0"><span class='ocrx_word' id='word_1_1' title='bbox 644 310 716 373; x_wconf 88' lang='grc'><strong>’75</strong></span> <span class='ocrx_word' id='word_1_2' title='bbox 1843 309 2140 371; x_wconf 81' lang='lat' dir='ltr'><strong>NICET/E</strong></span> <span class='ocrx_word' id='word_1_3' title='bbox 2173 309 2240 370; x_wconf 55' lang='grc' dir='ltr'><strong>ΡΑ</strong></span> 
     </span>
    </p>
   </div>
   <div class='ocr_carea' id='block_1_2' title="bbox 2346 308 3890 376">
    <p class='ocr_par' dir='ltr' id='par_1_2' title="bbox 2346 308 3890 376">
     <span class='ocr_line' id='line_1_2' title="bbox 2346 308 3890 376; baseline 0.001 -5"><span class='ocrx_word' id='word_1_4' title='bbox 2346 308 2704 371; x_wconf 77' lang='lat' dir='ltr'><strong>ILAGONIS</strong></span> <span class='ocrx_word' id='word_1_5' title='bbox 3835 311 3890 376; x_wconf 79' lang='grc'>76</span> 
     </span>
    </p>
   </div>
   <div class='ocr_carea' id='block_1_3' title="bbox 716 420 2240 495">
    <p class='ocr_par' dir='ltr' id='par_1_3' title="bbox 716 421 2238 494">
     <span class='ocr_line' id='line_1_3' title="bbox 716 421 2238 494; baseline 0.001 -18"><span class='ocrx_word' id='word_1_6' title='bbox 716 421 889 494; x_wconf 81' lang='lat' dir='ltr'><strong>Hujus</strong></span> <span class='ocrx_word' id='word_1_7' title='bbox 918 421 1083 476; x_wconf 88' lang='lat' dir='ltr'><strong>unius</strong></span> <span class='ocrx_word' id='word_1_8' title='bbox 1102 436 1265 492; x_wconf 90' lang='lat' dir='ltr'><strong>quam</strong></span> <span class='ocrx_word' id='word_1_9' title='bbox 1284 423 1520 479; x_wconf 74' lang='lat' dir='ltr'><strong>maxime</strong></span> <span class='ocrx_word' id='word_1_10' title='bbox 1547 422 1935 479; x_wconf 88' lang='lat' dir='ltr'><strong>assumendam</strong></span> <span class='ocrx_word' id='word_1_11' title='bbox 1963 423 2238 479; x_wconf 89' lang='lat' dir='ltr'><strong>sollicitu-</strong></span> 
     </span>
    </p>
   </div>
   <div class='ocr_carea' id='block_1_4' title="bbox 2346 420 3894 495">
    <p class='ocr_par' dir='ltr' id='par_1_4' title="bbox 2414 420 3894 495">
     <span class='ocr_line' id='line_1_4' title="bbox 2414 420 3894 495; baseline -0.002 -17"><span class='ocrx_word' id='word_1_12' title='bbox 2414 424 2620 478; x_wconf 79' lang='grc' dir='ltr'><strong>Τούτου</strong></span> <span class='ocrx_word' id='word_1_13' title='bbox 2660 423 2823 495; x_wconf 84' lang='grc' dir='ltr'>μόνου</span> <span class='ocrx_word' id='word_1_14' title='bbox 2880 421 3191 494; x_wconf 73' lang='grc' dir='ltr'><strong>φροντίζειν</strong></span> <span class='ocrx_word' id='word_1_15' title='bbox 3238 423 3322 477; x_wconf 86' lang='grc' dir='ltr'><strong>δτι</strong></span> <span class='ocrx_word' id='word_1_16' title='bbox 3378 420 3616 491; x_wconf 77' lang='grc' dir='ltr'>μάλιστα</span> <span class='ocrx_word' id='word_1_17' title='bbox 3651 421 3793 488; x_wconf 89' lang='grc' dir='ltr'>δεῖν,</span> <span class='ocrx_word' id='word_1_18' title='bbox 3833 423 3894 486; x_wconf 84' lang='grc' dir='ltr'>ὡς</span> 
     </span>
    </p>
   </div>
   <div class='ocr_carea' id='block_1_5' title="bbox 644 512 2238 586">
    <p class='ocr_par' dir='ltr' id='par_1_5' title="bbox 644 512 2238 586">
     <span class='ocr_line' id='line_1_5' title="bbox 644 512 2238 586; baseline -0.001 -16"><span class='ocrx_word' id='word_1_19' title='bbox 644 512 850 580; x_wconf 87' lang='lat' dir='ltr'><strong>dinem,</strong></span> <span class='ocrx_word' id='word_1_20' title='bbox 877 513 1082 585; x_wconf 81' lang='lat' dir='ltr'><strong>quippe</strong></span> <span class='ocrx_word' id='word_1_21' title='bbox 1103 529 1229 570; x_wconf 91' lang='lat' dir='ltr'><strong>cum</strong></span> <span class='ocrx_word' id='word_1_22' title='bbox 1247 513 1346 569; x_wconf 82' lang='lat' dir='ltr'><strong>Dei</strong></span> <span class='ocrx_word' id='word_1_23' title='bbox 1362 529 1502 584; x_wconf 88' lang='lat' dir='ltr'><strong>opus</strong></span> <span class='ocrx_word' id='word_1_24' title='bbox 1518 513 1650 569; x_wconf 75' lang='lat' dir='ltr'><strong>sit“</strong></span> <span class='ocrx_word' id='word_1_25' title='bbox 1671 532 1686 582; x_wconf 91' lang='lat'><strong>;</strong></span> <span class='ocrx_word' id='word_1_26' title='bbox 1715 515 1882 586; x_wconf 88' lang='lat' dir='ltr'><strong>inque</strong></span> <span class='ocrx_word' id='word_1_27' title='bbox 1896 529 1964 570; x_wconf 88' lang='lat' dir='ltr'><strong>eo</strong></span> <span class='ocrx_word' id='word_1_28' title='bbox 1985 513 2238 585; x_wconf 77' lang='lat' dir='ltr'><strong>primitus</strong></span> 
     </span>
    </p>
   </div>
   <div class='ocr_carea' id='block_1_6' title="bbox 641 605 2236 678">
    <p class='ocr_par' dir='ltr' id='par_1_6' title="bbox 641 605 2236 678">
     <span class='ocr_line' id='line_1_6' title="bbox 641 605 2236 678; baseline 0.002 -19"><span class='ocrx_word' id='word_1_29' title='bbox 641 605 1001 662; x_wconf 89' lang='lat' dir='ltr'><strong>laborandum</strong></span> <span class='ocrx_word' id='word_1_30' title='bbox 1019 625 1034 675; x_wconf 92' lang='lat'><strong>;</strong></span> <span class='ocrx_word' id='word_1_31' title='bbox 1055 621 1248 663; x_wconf 89' lang='lat' dir='ltr'><strong>omnes</strong></span> <span class='ocrx_word' id='word_1_32' title='bbox 1263 615 1446 662; x_wconf 86' lang='lat' dir='ltr'><strong>autem</strong></span> <span class='ocrx_word' id='word_1_33' title='bbox 1463 617 1709 664; x_wconf 89' lang='lat' dir='ltr'><strong>terrenas</strong></span> <span class='ocrx_word' id='word_1_34' title='bbox 1724 609 2116 678; x_wconf 85' lang='lat' dir='ltr'><strong>possessiones,</strong></span> <span class='ocrx_word' id='word_1_35' title='bbox 2135 623 2236 662; x_wconf 89' lang='lat' dir='ltr'><strong>ceu</strong></span> 
     </span>
    </p>
   </div>
   <div class='ocr_carea' id='block_1_7' title="bbox 645 697 2234 772">
    <p class='ocr_par' dir='ltr' id='par_1_7' title="bbox 645 697 2234 772">
     <span class='ocr_line' id='line_1_7' title="bbox 645 697 2234 772; baseline 0 -20"><span class='ocrx_word' id='word_1_36' title='bbox 645 697 842 764; x_wconf 79' lang='lat' dir='ltr'><strong>ﬂuxas,</strong></span> <span class='ocrx_word' id='word_1_37' title='bbox 883 700 1224 769; x_wconf 88' lang='lat' dir='ltr'><strong>spernendas</strong></span> <span class='ocrx_word' id='word_1_38' title='bbox 1276 717 1399 758; x_wconf 85' lang='lat' dir='ltr'><strong>esse</strong></span> <span class='ocrx_word' id='word_1_39' title='bbox 1432 719 1447 757; x_wconf 89' lang='lat'><strong>:</strong></span> <span class='ocrx_word' id='word_1_40' title='bbox 1478 702 1679 756; x_wconf 84' lang='lat' dir='ltr'><strong>bonam</strong></span> <span class='ocrx_word' id='word_1_41' title='bbox 1727 701 1975 772; x_wconf 89' lang='lat' dir='ltr'><strong>corporis</strong></span> <span class='ocrx_word' id='word_1_42' title='bbox 2012 700 2234 755; x_wconf 86' lang='lat' dir='ltr'><strong>habitu-</strong></span> 
     </span>
    </p>
   </div>
   <div class='ocr_carea' id='block_1_8' title="bbox 641 790 2233 865">
    <p class='ocr_par' dir='ltr' id='par_1_8' title="bbox 641 790 2233 865">
     <span class='ocr_line' id='line_1_8' title="bbox 641 790 2233 865; baseline 0.001 -21"><span class='ocrx_word' id='word_1_43' title='bbox 641 790 849 857; x_wconf 85' lang='lat' dir='ltr'><strong>dinem,</strong></span> <span class='ocrx_word' id='word_1_44' title='bbox 917 799 978 846; x_wconf 87' lang='lat' dir='ltr'><strong>ut</strong></span> <span class='ocrx_word' id='word_1_45' title='bbox 1025 808 1149 863; x_wconf 72' lang='lat' dir='ltr'><strong>quae</strong></span> <span class='ocrx_word' id='word_1_46' title='bbox 1207 792 1326 864; x_wconf 86' lang='lat' dir='ltr'><strong>ipsa</strong></span> <span class='ocrx_word' id='word_1_47' title='bbox 1371 793 1582 865; x_wconf 80' lang='lat' dir='ltr'><strong>fragilis</strong></span> <span class='ocrx_word' id='word_1_48' title='bbox 1606 793 1698 860; x_wconf 87' lang='lat' dir='ltr'><strong>sit,</strong></span> <span class='ocrx_word' id='word_1_49' title='bbox 1723 793 2233 857; x_wconf 85' lang='lat' dir='ltr'><strong>contemnendam;</strong></span> 
     </span>
    </p>
   </div>
   <div class='ocr_carea' id='block_1_9' title="bbox 644 882 2233 954">
    <p class='ocr_par' dir='ltr' id='par_1_9' title="bbox 644 882 2233 954">
     <span class='ocr_line' id='line_1_9' title="bbox 644 882 2233 954; baseline 0.002 -17"><span class='ocrx_word' id='word_1_50' title='bbox 644 882 941 954; x_wconf 87' lang='lat' dir='ltr'><strong>animoque</strong></span> <span class='ocrx_word' id='word_1_51' title='bbox 989 885 1216 942; x_wconf 88' lang='lat' dir='ltr'><strong>virtutis</strong></span> <span class='ocrx_word' id='word_1_52' title='bbox 1274 900 1440 941; x_wconf 90' lang='lat' dir='ltr'><strong>causa</strong></span> <span class='ocrx_word' id='word_1_53' title='bbox 1494 887 1786 942; x_wconf 76' lang='lat' dir='ltr'><strong>laborante</strong></span> <span class='ocrx_word' id='word_1_54' title='bbox 1833 886 2233 942; x_wconf 89' lang='lat' dir='ltr'><strong>connitendum</strong></span> 
     </span>
    </p>
   </div>
   <div class='ocr_carea' id='block_1_10' title="bbox 649 977 2232 1046">
    <p class='ocr_par' dir='ltr' id='par_1_10' title="bbox 649 977 2232 1046">
     <span class='ocr_line' id='line_1_10' title="bbox 649 977 2232 1046; baseline 0 -14"><span class='ocrx_word' id='word_1_55' title='bbox 649 977 872 1033; x_wconf 76' lang='lat' dir='ltr'><strong>fortiter</strong></span> <span class='ocrx_word' id='word_1_56' title='bbox 935 978 1301 1046; x_wconf 83' lang='lat' dir='ltr'><strong>admonebat,</strong></span> <span class='ocrx_word' id='word_1_57' title='bbox 1347 995 1451 1035; x_wconf 87' lang='lat' dir='ltr'><strong>nec</strong></span> <span class='ocrx_word' id='word_1_58' title='bbox 1507 979 1796 1034; x_wconf 85' lang='lat' dir='ltr'><strong>laboribus</strong></span> <span class='ocrx_word' id='word_1_59' title='bbox 1847 978 2232 1034; x_wconf 86' lang='lat' dir='ltr'><strong>fatiscendum.</strong></span> 
     </span>
    </p>
   </div>
   <div class='ocr_carea' id='block_1_11' title="bbox 644 1071 2236 1143">
    <p class='ocr_par' dir='ltr' id='par_1_11' title="bbox 644 1071 2236 1143">
     <span class='ocr_line' id='line_1_11' title="bbox 644 1071 2236 1143; baseline -0.001 -16"><span class='ocrx_word' id='word_1_60' title='bbox 644 1071 818 1127; x_wconf 90' lang='lat' dir='ltr'><strong>Unam</strong></span> <span class='ocrx_word' id='word_1_61' title='bbox 849 1071 991 1128; x_wconf 91' lang='lat' dir='ltr'><strong>scire</strong></span> <span class='ocrx_word' id='word_1_62' title='bbox 1015 1080 1247 1128; x_wconf 90' lang='lat' dir='ltr'><strong>mortem</strong></span> <span class='ocrx_word' id='word_1_63' title='bbox 1270 1074 1365 1143; x_wconf 90' lang='lat' dir='ltr'><strong>qui</strong></span> <span class='ocrx_word' id='word_1_64' title='bbox 1410 1073 1484 1128; x_wconf 87' lang='lat' dir='ltr'><strong>sit</strong></span> <span class='ocrx_word' id='word_1_65' title='bbox 1509 1073 1873 1143; x_wconf 90' lang='lat' dir='ltr'><strong>philosophus</strong></span> <span class='ocrx_word' id='word_1_66' title='bbox 1893 1112 1908 1137; x_wconf 90' lang='lat'><strong>,</strong></span> <span class='ocrx_word' id='word_1_67' title='bbox 1953 1081 2236 1142; x_wconf 88' lang='lat' dir='ltr'><strong>peccatum</strong></span> 
     </span>
    </p>
   </div>
   <div class='ocr_carea' id='block_1_12' title="bbox 643 1161 2238 1233">
    <p class='ocr_par' dir='ltr' id='par_1_12' title="bbox 643 1161 2238 1233">
     <span class='ocr_line' id='line_1_12' title="bbox 643 1161 2238 1233; baseline 0 -17"><span class='ocrx_word' id='word_1_68' title='bbox 643 1162 856 1218; x_wconf 84' lang='lat' dir='ltr'><strong>scilicet</strong></span> <span class='ocrx_word' id='word_1_69' title='bbox 883 1177 949 1217; x_wconf 89' lang='lat' dir='ltr'><strong>ac</strong></span> <span class='ocrx_word' id='word_1_70' title='bbox 981 1161 1339 1233; x_wconf 79' lang='lat' dir='ltr'><strong>impietatem.</strong></span> <span class='ocrx_word' id='word_1_71' title='bbox 1384 1163 1582 1218; x_wconf 82' lang='lat' dir='ltr'><strong>Veram</strong></span> <span class='ocrx_word' id='word_1_72' title='bbox 1622 1163 1764 1216; x_wconf 86' lang='lat' dir='ltr'><strong>hanc</strong></span> <span class='ocrx_word' id='word_1_73' title='bbox 1827 1170 2060 1217; x_wconf 90' lang='lat' dir='ltr'><strong>mortem</strong></span> <span class='ocrx_word' id='word_1_74' title='bbox 2117 1178 2238 1217; x_wconf 89' lang='lat' dir='ltr'><strong>esse</strong></span> 
     </span>
    </p>
   </div>
   <div class='ocr_carea' id='block_1_13' title="bbox 640 1254 2240 1326">
    <p class='ocr_par' dir='ltr' id='par_1_13' title="bbox 640 1254 2240 1326">
     <span class='ocr_line' id='line_1_13' title="bbox 640 1254 2240 1326; baseline 0.001 -18"><span class='ocrx_word' id='word_1_75' title='bbox 640 1269 828 1309; x_wconf 84' lang='lat' dir='ltr'><strong>veram</strong></span> <span class='ocrx_word' id='word_1_76' title='bbox 859 1255 1120 1310; x_wconf 88' lang='lat' dir='ltr'><strong>nimirum</strong></span> <span class='ocrx_word' id='word_1_77' title='bbox 1153 1257 1319 1310; x_wconf 89' lang='lat' dir='ltr'><strong>vitam</strong></span> <span class='ocrx_word' id='word_1_78' title='bbox 1387 1255 1664 1326; x_wconf 77' lang='lat' dir='ltr'><strong>ignorare,</strong></span> <span class='ocrx_word' id='word_1_79' title='bbox 1717 1254 2000 1324; x_wconf 89' lang='lat' dir='ltr'><strong>animique</strong></span> <span class='ocrx_word' id='word_1_80' title='bbox 2047 1255 2240 1310; x_wconf 88' lang='lat' dir='ltr'><strong>oculos</strong></span> 
     </span>
    </p>
   </div>
   <div class='ocr_carea' id='block_1_14' title="bbox 641 1347 2240 1412">
    <p class='ocr_par' dir='ltr' id='par_1_14' title="bbox 641 1347 2240 1412">
     <span class='ocr_line' id='line_1_14' title="bbox 641 1347 2240 1412; baseline -0.001 -10"><span class='ocrx_word' id='word_1_81' title='bbox 641 1348 921 1412; x_wconf 87' lang='lat' dir='ltr'><strong>claudere,</strong></span> <span class='ocrx_word' id='word_1_82' title='bbox 967 1363 1038 1402; x_wconf 92' lang='lat' dir='ltr'><strong>ne</strong></span> <span class='ocrx_word' id='word_1_83' title='bbox 1070 1347 1272 1404; x_wconf 90' lang='lat' dir='ltr'><strong>Christi</strong></span> <span class='ocrx_word' id='word_1_84' title='bbox 1301 1347 1427 1403; x_wconf 79' lang='lat' dir='ltr'><strong>ﬁdei</strong></span> <span class='ocrx_word' id='word_1_85' title='bbox 1456 1347 1628 1403; x_wconf 86' lang='lat' dir='ltr'><strong>radiis</strong></span> <span class='ocrx_word' id='word_1_86' title='bbox 1646 1347 2059 1403; x_wconf 89' lang='lat' dir='ltr'><strong>collustrentur.</strong></span> <span class='ocrx_word' id='word_1_87' title='bbox 2087 1347 2240 1402; x_wconf 80' lang='lat' dir='ltr'><strong>Hanc</strong></span> 
     </span>
    </p>
   </div>
   <div class='ocr_carea' id='block_1_15' title="bbox 646 1439 2236 1511">
    <p class='ocr_par' dir='ltr' id='par_1_15' title="bbox 646 1439 2236 1511">
     <span class='ocr_line' id='line_1_15' title="bbox 646 1439 2236 1511; baseline -0.001 -17"><span class='ocrx_word' id='word_1_88' title='bbox 646 1439 992 1494; x_wconf 87' lang='lat' dir='ltr'><strong>tremendam</strong></span> <span class='ocrx_word' id='word_1_89' title='bbox 1025 1439 1392 1511; x_wconf 88' lang='lat' dir='ltr'><strong>acerbamque</strong></span> <span class='ocrx_word' id='word_1_90' title='bbox 1415 1439 1596 1495; x_wconf 88' lang='lat' dir='ltr'><strong>aiebat</strong></span> <span class='ocrx_word' id='word_1_91' title='bbox 1625 1448 1860 1495; x_wconf 88' lang='lat' dir='ltr'><strong>mortem</strong></span> <span class='ocrx_word' id='word_1_92' title='bbox 1893 1456 1908 1506; x_wconf 90' lang='lat'><strong>;</strong></span> <span class='ocrx_word' id='word_1_93' title='bbox 1940 1454 2103 1509; x_wconf 90' lang='lat' dir='ltr'><strong>quam</strong></span> <span class='ocrx_word' id='word_1_94' title='bbox 2139 1455 2236 1493; x_wconf 82' lang='lat' dir='ltr'><strong>au-</strong></span> 
     </span>
    </p>
   </div>
   <div class='ocr_carea' id='block_1_16' title="bbox 641 1530 2237 1598">
    <p class='ocr_par' dir='ltr' id='par_1_16' title="bbox 641 1530 2237 1598">
     <span class='ocr_line' id='line_1_16' title="bbox 641 1530 2237 1598; baseline 0.002 -13"><span class='ocrx_word' id='word_1_95' title='bbox 641 1541 750 1586; x_wconf 90' lang='lat' dir='ltr'><strong>tem</strong></span> <span class='ocrx_word' id='word_1_96' title='bbox 797 1530 1044 1588; x_wconf 81' lang='lat' dir='ltr'><strong>inﬁdeles</strong></span> <span class='ocrx_word' id='word_1_97' title='bbox 1081 1531 1339 1598; x_wconf 81' lang='lat' dir='ltr'><strong>inferant,</strong></span> <span class='ocrx_word' id='word_1_98' title='bbox 1381 1532 1598 1588; x_wconf 90' lang='lat' dir='ltr'><strong>cunctis</strong></span> <span class='ocrx_word' id='word_1_99' title='bbox 1635 1533 1947 1588; x_wconf 87' lang='lat' dir='ltr'><strong>suaviorem</strong></span> <span class='ocrx_word' id='word_1_100' title='bbox 2001 1531 2237 1596; x_wconf 89' lang='lat' dir='ltr'><strong>deliciis,</strong></span> 
     </span>
    </p>
   </div>
   <div class='ocr_carea' id='block_1_17' title="bbox 639 1623 2230 1695">
    <p class='ocr_par' dir='ltr' id='par_1_17' title="bbox 639 1623 2230 1695">
     <span class='ocr_line' id='line_1_17' title="bbox 639 1623 2230 1695; baseline 0.001 -19"><span class='ocrx_word' id='word_1_101' title='bbox 639 1623 878 1694; x_wconf 74' lang='lat' dir='ltr'><strong>vitaeque</strong></span> <span class='ocrx_word' id='word_1_102' title='bbox 925 1638 1151 1680; x_wconf 89' lang='lat' dir='ltr'><strong>causam</strong></span> <span class='ocrx_word' id='word_1_103' title='bbox 1210 1624 1631 1680; x_wconf 79' lang='lat' dir='ltr'><strong>existimandam</strong></span> <span class='ocrx_word' id='word_1_104' title='bbox 1667 1639 1822 1689; x_wconf 83' lang='lat' dir='ltr'><strong>esse,</strong></span> <span class='ocrx_word' id='word_1_105' title='bbox 1866 1631 1929 1678; x_wconf 92' lang='lat' dir='ltr'><strong>ut</strong></span> <span class='ocrx_word' id='word_1_106' title='bbox 1968 1640 2091 1695; x_wconf 83' lang='lat' dir='ltr'><strong>quae</strong></span> <span class='ocrx_word' id='word_1_107' title='bbox 2126 1624 2230 1694; x_wconf 91' lang='lat' dir='ltr'><strong>ipsi</strong></span> 
     </span>
    </p>
   </div>
   <div class='ocr_carea' id='block_1_18' title="bbox 637 1715 2242 1791">
    <p class='ocr_par' dir='ltr' id='par_1_18' title="bbox 637 1715 2242 1791">
     <span class='ocr_line' id='line_1_18' title="bbox 637 1715 2242 1791; baseline -0.001 -19"><span class='ocrx_word' id='word_1_108' title='bbox 637 1717 798 1783; x_wconf 67' lang='lat' dir='ltr'><strong>Vitae,</strong></span> <span class='ocrx_word' id='word_1_109' title='bbox 828 1715 933 1788; x_wconf 87' lang='lat' dir='ltr'><strong>ipsi</strong></span> <span class='ocrx_word' id='word_1_110' title='bbox 966 1717 1101 1772; x_wconf 91' lang='lat' dir='ltr'><strong>Luci</strong></span> <span class='ocrx_word' id='word_1_111' title='bbox 1125 1725 1290 1788; x_wconf 90' lang='lat' dir='ltr'><strong>atque</strong></span> <span class='ocrx_word' id='word_1_112' title='bbox 1325 1718 1597 1772; x_wconf 89' lang='lat' dir='ltr'><strong>luminum</strong></span> <span class='ocrx_word' id='word_1_113' title='bbox 1620 1716 1771 1772; x_wconf 79' lang='lat' dir='ltr'><strong>Patri</strong></span> <span class='ocrx_word' id='word_1_114' title='bbox 1801 1717 2003 1785; x_wconf 87' lang='lat' dir='ltr'><strong>(omnis</strong></span> <span class='ocrx_word' id='word_1_115' title='bbox 2033 1716 2242 1791; x_wconf 55' lang='lat' dir='ltr'><strong>scilicet</strong></span> 
     </span>
    </p>
   </div>
   <div class='ocr_carea' id='block_1_19' title="bbox 2345 514 3898 588">
    <p class='ocr_par' dir='ltr' id='par_1_19' title="bbox 2345 514 3898 588">
     <span class='ocr_line' id='line_1_19' title="bbox 2345 514 3898 588; baseline -0.002 -17"><span class='ocrx_word' id='word_1_116' title='bbox 2345 517 2507 588; x_wconf 80' lang='grc' dir='ltr'>ἔργου</span> <span class='ocrx_word' id='word_1_117' title='bbox 2527 515 2872 581; x_wconf 82' lang='grc' dir='ltr'><strong>καθεστῶτος</strong></span> <span class='ocrx_word' id='word_1_118' title='bbox 2902 514 3061 583; x_wconf 81' lang='grc' dir='ltr'>Θεοῦ,</span> <span class='ocrx_word' id='word_1_119' title='bbox 3093 516 3189 570; x_wconf 77' lang='grc' dir='ltr'>καὶ</span> <span class='ocrx_word' id='word_1_120' title='bbox 3223 514 3352 587; x_wconf 73' lang='grc' dir='ltr'>περὶ</span> <span class='ocrx_word' id='word_1_121' title='bbox 3389 514 3549 569; x_wconf 84' lang='grc' dir='ltr'>τοῦτο</span> <span class='ocrx_word' id='word_1_122' title='bbox 3577 515 3898 585; x_wconf 83' lang='grc' dir='ltr'>προηγουμέ-</span> 
     </span>
    </p>
   </div>
   <div class='ocr_carea' id='block_1_20' title="bbox 2345 603 3898 680">
    <p class='ocr_par' dir='ltr' id='par_1_20' title="bbox 2345 603 3898 680">
     <span class='ocr_line' id='line_1_20' title="bbox 2345 603 3898 680; baseline -0.003 -18"><span class='ocrx_word' id='word_1_123' title='bbox 2345 626 2452 673; x_wconf 88' lang='grc' dir='ltr'><strong>νως</strong></span> <span class='ocrx_word' id='word_1_124' title='bbox 2479 609 2664 662; x_wconf 83' lang='grc' dir='ltr'>πονεῖν</span> <span class='ocrx_word' id='word_1_125' title='bbox 2683 625 2698 642; x_wconf 77' lang='grc' dir='ltr'><strong>ο</strong></span> <span class='ocrx_word' id='word_1_126' title='bbox 2729 609 2979 680; x_wconf 81' lang='grc' dir='ltr'>κτήσεως</span> <span class='ocrx_word' id='word_1_127' title='bbox 3007 608 3066 662; x_wconf 84' lang='grc' dir='ltr'>δὲ</span> <span class='ocrx_word' id='word_1_128' title='bbox 3100 608 3296 678; x_wconf 77' lang='grc' dir='ltr'>γηῖνης</span> <span class='ocrx_word' id='word_1_129' title='bbox 3334 605 3541 674; x_wconf 82' lang='grc' dir='ltr'><strong>πάσης,</strong></span> <span class='ocrx_word' id='word_1_130' title='bbox 3568 603 3644 670; x_wconf 83' lang='grc' dir='ltr'><strong>ὡς</strong></span> <span class='ocrx_word' id='word_1_131' title='bbox 3675 604 3898 678; x_wconf 77' lang='grc' dir='ltr'><strong>ῥεούσης,</strong></span> 
     </span>
    </p>
   </div>
   <div class='ocr_carea' id='block_1_21' title="bbox 2346 698 3899 774">
    <p class='ocr_par' dir='ltr' id='par_1_21' title="bbox 2346 698 3899 774">
     <span class='ocr_line' id='line_1_21' title="bbox 2346 698 3899 774; baseline -0.003 -19"><span class='ocrx_word' id='word_1_132' title='bbox 2346 702 2660 774; x_wconf 76' lang='grc' dir='ltr'>ύπερορᾷνο</span> <span class='ocrx_word' id='word_1_133' title='bbox 2719 702 3018 766; x_wconf 79' lang='grc' dir='ltr'>εὐπαθείας</span> <span class='ocrx_word' id='word_1_134' title='bbox 3079 700 3350 771; x_wconf 83' lang='grc' dir='ltr'>σώματος,</span> <span class='ocrx_word' id='word_1_135' title='bbox 3404 698 3481 764; x_wconf 83' lang='grc' dir='ltr'>ὡς</span> <span class='ocrx_word' id='word_1_136' title='bbox 3525 699 3586 752; x_wconf 83' lang='grc' dir='ltr'>οὺ</span> <span class='ocrx_word' id='word_1_137' title='bbox 3637 698 3899 770; x_wconf 79' lang='grc' dir='ltr'><strong>μενούσης,</strong></span> 
     </span>
    </p>
   </div>
   <div class='ocr_carea' id='block_1_22' title="bbox 2346 790 3900 868">
    <p class='ocr_par' dir='ltr' id='par_1_22' title="bbox 2346 790 3900 868">
     <span class='ocr_line' id='line_1_22' title="bbox 2346 790 3900 868; baseline -0.005 -20"><span class='ocrx_word' id='word_1_138' title='bbox 2346 796 2711 868; x_wconf 81' lang='grc' dir='ltr'>ὑπερφρονεῖν</span> <span class='ocrx_word' id='word_1_139' title='bbox 2731 811 2744 824; x_wconf 90' lang='grc'><strong>·</strong></span> <span class='ocrx_word' id='word_1_140' title='bbox 2791 796 2886 850; x_wconf 76' lang='grc' dir='ltr'>καὶ</span> <span class='ocrx_word' id='word_1_141' title='bbox 2913 793 3093 865; x_wconf 83' lang='grc' dir='ltr'>ψυχῆς</span> <span class='ocrx_word' id='word_1_142' title='bbox 3115 793 3173 846; x_wconf 83' lang='grc' dir='ltr'>δὲ</span> <span class='ocrx_word' id='word_1_143' title='bbox 3201 792 3342 863; x_wconf 81' lang='grc' dir='ltr'>ὑπὲρ</span> <span class='ocrx_word' id='word_1_144' title='bbox 3376 790 3585 862; x_wconf 81' lang='grc' dir='ltr'>ἀρετῆς</span> <span class='ocrx_word' id='word_1_145' title='bbox 3638 793 3900 861; x_wconf 80' lang='grc' dir='ltr'>πονούσης,</span> 
     </span>
    </p>
   </div>
   <div class='ocr_carea' id='block_1_23' title="bbox 2344 883 3905 960">
    <p class='ocr_par' dir='ltr' id='par_1_23' title="bbox 2344 883 3905 960">
     <span class='ocr_line' id='line_1_23' title="bbox 2344 883 3905 960; baseline -0.003 -18"><span class='ocrx_word' id='word_1_146' title='bbox 2344 889 2692 959; x_wconf 78' lang='grc' dir='ltr'>ἀνδρίζεσθαι</span> <span class='ocrx_word' id='word_1_147' title='bbox 2741 887 3108 960; x_wconf 83' lang='grc' dir='ltr'>παρήγγελλε,</span> <span class='ocrx_word' id='word_1_148' title='bbox 3132 886 3229 940; x_wconf 81' lang='grc' dir='ltr'>καὶ</span> <span class='ocrx_word' id='word_1_149' title='bbox 3274 885 3350 956; x_wconf 80' lang='grc' dir='ltr'>μὴ</span> <span class='ocrx_word' id='word_1_150' title='bbox 3379 885 3638 938; x_wconf 85' lang='grc' dir='ltr'>ὲκκακεῖν</span> <span class='ocrx_word' id='word_1_151' title='bbox 3657 899 3670 913; x_wconf 86' lang='lat'><strong><em>°</em></strong></span> <span class='ocrx_word' id='word_1_152' title='bbox 3706 883 3905 938; x_wconf 69' lang='grc' dir='ltr'>θάνατον</span> 
     </span>
    </p>
   </div>
   <div class='ocr_carea' id='block_1_24' title="bbox 2344 977 3903 1052">
    <p class='ocr_par' dir='ltr' id='par_1_24' title="bbox 2344 977 3903 1052">
     <span class='ocr_line' id='line_1_24' title="bbox 2344 977 3903 1052; baseline -0.003 -18"><span class='ocrx_word' id='word_1_153' title='bbox 2344 982 2402 1034; x_wconf 78' lang='grc' dir='ltr'>δὲ</span> <span class='ocrx_word' id='word_1_154' title='bbox 2433 981 2594 1052; x_wconf 87' lang='grc' dir='ltr'>μόνον</span> <span class='ocrx_word' id='word_1_155' title='bbox 2635 981 2833 1035; x_wconf 79' lang='grc' dir='ltr'>ειδέναι</span> <span class='ocrx_word' id='word_1_156' title='bbox 2885 980 3199 1049; x_wconf 91' lang='grc' dir='ltr'>φιλόσοφον,</span> <span class='ocrx_word' id='word_1_157' title='bbox 3252 977 3350 1049; x_wconf 79' lang='grc' dir='ltr'>τὴν</span> <span class='ocrx_word' id='word_1_158' title='bbox 3381 977 3659 1048; x_wconf 76' lang='grc' dir='ltr'>ἁμαρτίαν</span> <span class='ocrx_word' id='word_1_159' title='bbox 3682 977 3770 1029; x_wconf 71' lang='grc' dir='ltr'>καὶ</span> <span class='ocrx_word' id='word_1_160' title='bbox 3793 977 3903 1030; x_wconf 78' lang='grc' dir='ltr'>ἀσέ-</span> 
     </span>
    </p>
   </div>
   <div class='ocr_carea' id='block_1_25' title="bbox 2346 1069 3906 1144">
    <p class='ocr_par' dir='ltr' id='par_1_25' title="bbox 2346 1069 3906 1144">
     <span class='ocr_line' id='line_1_25' title="bbox 2346 1069 3906 1144; baseline -0.003 -16"><span class='ocrx_word' id='word_1_161' title='bbox 2346 1074 2520 1130; x_wconf 74' lang='grc' dir='ltr'>ϐειαν.</span> <span class='ocrx_word' id='word_1_162' title='bbox 2579 1073 2823 1128; x_wconf 84' lang='grc' dir='ltr'>Θάνατον</span> <span class='ocrx_word' id='word_1_163' title='bbox 2868 1073 3059 1128; x_wconf 81' lang='grc' dir='ltr'>τοῦτον</span> <span class='ocrx_word' id='word_1_164' title='bbox 3113 1069 3294 1144; x_wconf 85' lang='grc' dir='ltr'>ἁληθῆ</span> <span class='ocrx_word' id='word_1_165' title='bbox 3319 1112 3334 1136; x_wconf 93' lang='grc'><strong>,</strong></span> <span class='ocrx_word' id='word_1_166' title='bbox 3391 1071 3490 1142; x_wconf 75' lang='grc' dir='ltr'>τὴν</span> <span class='ocrx_word' id='word_1_167' title='bbox 3556 1069 3732 1138; x_wconf 84' lang='grc' dir='ltr'><strong>ἀληθῆ</strong></span> <span class='ocrx_word' id='word_1_168' title='bbox 3783 1069 3906 1141; x_wconf 83' lang='grc' dir='ltr'>ζωὴν</span> 
     </span>
    </p>
   </div>
   <div class='ocr_carea' id='block_1_26' title="bbox 2345 1162 3902 1238">
    <p class='ocr_par' dir='ltr' id='par_1_26' title="bbox 2345 1162 3902 1238">
     <span class='ocr_line' id='line_1_26' title="bbox 2345 1162 3902 1238; baseline -0.005 -16"><span class='ocrx_word' id='word_1_169' title='bbox 2345 1169 2579 1238; x_wconf 81' lang='grc' dir='ltr'>ἀγνοεῖν,</span> <span class='ocrx_word' id='word_1_170' title='bbox 2600 1168 2696 1222; x_wconf 75' lang='grc' dir='ltr'>καὶ</span> <span class='ocrx_word' id='word_1_171' title='bbox 2730 1167 3049 1238; x_wconf 81' lang='grc' dir='ltr'>μυωπάζειν</span> <span class='ocrx_word' id='word_1_172' title='bbox 3067 1166 3196 1229; x_wconf 84' lang='grc' dir='ltr'>τοὺς</span> <span class='ocrx_word' id='word_1_173' title='bbox 3221 1165 3320 1234; x_wconf 81' lang='grc' dir='ltr'>τῆς</span> <span class='ocrx_word' id='word_1_174' title='bbox 3343 1163 3572 1233; x_wconf 78' lang='grc' dir='ltr'>καρδίας</span> <span class='ocrx_word' id='word_1_175' title='bbox 3597 1162 3902 1233; x_wconf 78' lang='grc' dir='ltr'>ὀφθαλμοὺς,</span> 
     </span>
    </p>
   </div>
   <div class='ocr_carea' id='block_1_27' title="bbox 2346 1255 3903 1332">
    <p class='ocr_par' dir='ltr' id='par_1_27' title="bbox 2346 1255 3903 1332">
     <span class='ocr_line' id='line_1_27' title="bbox 2346 1255 3903 1332; baseline -0.004 -17"><span class='ocrx_word' id='word_1_176' title='bbox 2346 1263 2423 1325; x_wconf 87' lang='grc' dir='ltr'>ὼς</span> <span class='ocrx_word' id='word_1_177' title='bbox 2451 1263 2524 1332; x_wconf 81' lang='grc' dir='ltr'>μὴ</span> <span class='ocrx_word' id='word_1_178' title='bbox 2557 1261 2680 1324; x_wconf 90' lang='grc' dir='ltr'>ταῖς</span> <span class='ocrx_word' id='word_1_179' title='bbox 2705 1261 2888 1314; x_wconf 81' lang='grc' dir='ltr'>ἀκτῖσι</span> <span class='ocrx_word' id='word_1_180' title='bbox 2914 1259 3015 1330; x_wconf 84' lang='grc' dir='ltr'>τῆς</span> <span class='ocrx_word' id='word_1_181' title='bbox 3044 1257 3283 1320; x_wconf 83' lang='grc' dir='ltr'>πίστεως</span> <span class='ocrx_word' id='word_1_182' title='bbox 3322 1255 3766 1325; x_wconf 84' lang='grc' dir='ltr'>καταυγασθῆναι</span> <span class='ocrx_word' id='word_1_183' title='bbox 3787 1255 3903 1326; x_wconf 86' lang='grc' dir='ltr'>Χρι-</span> 
     </span>
    </p>
   </div>
   <div class='ocr_carea' id='block_1_28' title="bbox 2343 1343 3902 1419">
    <p class='ocr_par' dir='ltr' id='par_1_28' title="bbox 2343 1343 3902 1419">
     <span class='ocr_line' id='line_1_28' title="bbox 2343 1343 3902 1419; baseline -0.005 -11"><span class='ocrx_word' id='word_1_184' title='bbox 2343 1353 2496 1408; x_wconf 82' lang='grc' dir='ltr'>στοῦ.</span> <span class='ocrx_word' id='word_1_185' title='bbox 2530 1351 2702 1406; x_wconf 81' lang='grc' dir='ltr'>Τοῦτο</span> <span class='ocrx_word' id='word_1_186' title='bbox 2739 1351 2971 1407; x_wconf 81' lang='grc' dir='ltr'>θάνατον</span> <span class='ocrx_word' id='word_1_187' title='bbox 3003 1349 3242 1419; x_wconf 79' lang='grc' dir='ltr'>ἔφασκεν</span> <span class='ocrx_word' id='word_1_188' title='bbox 3269 1343 3411 1402; x_wconf 80' lang='grc' dir='ltr'>εῖναι</span> <span class='ocrx_word' id='word_1_189' title='bbox 3437 1347 3668 1419; x_wconf 84' lang='grc' dir='ltr'>φρικτὸν</span> <span class='ocrx_word' id='word_1_190' title='bbox 3710 1346 3794 1399; x_wconf 78' lang='grc' dir='ltr'>καὶ</span> <span class='ocrx_word' id='word_1_191' title='bbox 3826 1365 3902 1400; x_wconf 69' lang='lat' dir='ltr'><strong>nt-</strong></span> 
     </span>
    </p>
   </div>
   <div class='ocr_carea' id='block_1_29' title="bbox 2347 1437 3902 1519">
    <p class='ocr_par' dir='ltr' id='par_1_29' title="bbox 2347 1437 3902 1519">
     <span class='ocr_line' id='line_1_29' title="bbox 2347 1437 3902 1519; baseline -0.006 -18"><span class='ocrx_word' id='word_1_192' title='bbox 2347 1448 2479 1519; x_wconf 87' lang='grc' dir='ltr'>κρόν</span> <span class='ocrx_word' id='word_1_193' title='bbox 2498 1463 2512 1478; x_wconf 76' lang='grc' dir='ltr'><strong>ο</strong></span> <span class='ocrx_word' id='word_1_194' title='bbox 2551 1445 2642 1500; x_wconf 81' lang='grc' dir='ltr'>τὸν</span> <span class='ocrx_word' id='word_1_195' title='bbox 2668 1443 2823 1517; x_wconf 82' lang='grc' dir='ltr'>παρὰ</span> <span class='ocrx_word' id='word_1_196' title='bbox 2847 1443 2960 1498; x_wconf 81' lang='grc' dir='ltr'><strong>τῶν</strong></span> <span class='ocrx_word' id='word_1_197' title='bbox 2997 1443 3245 1497; x_wconf 80' lang='grc' dir='ltr'>ἀπίστων</span> <span class='ocrx_word' id='word_1_198' title='bbox 3277 1440 3334 1494; x_wconf 79' lang='grc' dir='ltr'>δὲ</span> <span class='ocrx_word' id='word_1_199' title='bbox 3365 1438 3718 1510; x_wconf 74' lang='grc' dir='ltr'>ἐπαγόμενον,</span> <span class='ocrx_word' id='word_1_200' title='bbox 3743 1437 3902 1509; x_wconf 80' lang='grc' dir='ltr'>πάσης</span> 
     </span>
    </p>
   </div>
   <div class='ocr_carea' id='block_1_30' title="bbox 2346 1530 3899 1611">
    <p class='ocr_par' dir='ltr' id='par_1_30' title="bbox 2346 1530 3899 1611">
     <span class='ocr_line' id='line_1_30' title="bbox 2346 1530 3899 1611; baseline -0.008 -17"><span class='ocrx_word' id='word_1_201' title='bbox 2346 1540 2480 1611; x_wconf 76' lang='grc' dir='ltr'>ἡδίω</span> <span class='ocrx_word' id='word_1_202' title='bbox 2536 1536 2752 1610; x_wconf 82' lang='grc' dir='ltr'>τρυφῆς</span> <span class='ocrx_word' id='word_1_203' title='bbox 2789 1534 2887 1590; x_wconf 75' lang='grc' dir='ltr'>καὶ</span> <span class='ocrx_word' id='word_1_204' title='bbox 2932 1535 3079 1606; x_wconf 80' lang='grc' dir='ltr'>ζωῆς</span> <span class='ocrx_word' id='word_1_205' title='bbox 3131 1533 3305 1588; x_wconf 83' lang='grc' dir='ltr'>αῖτιον</span> <span class='ocrx_word' id='word_1_206' title='bbox 3353 1530 3633 1603; x_wconf 78' lang='grc' dir='ltr'>ἡγεῖσθαι,</span> <span class='ocrx_word' id='word_1_207' title='bbox 3689 1530 3756 1593; x_wconf 82' lang='grc' dir='ltr'>ὡς</span> <span class='ocrx_word' id='word_1_208' title='bbox 3780 1530 3899 1599; x_wconf 78' lang='grc' dir='ltr'>αὐτῇ</span> 
     </span>
    </p>
   </div>
   <div class='ocr_carea' id='block_1_31' title="bbox 2348 1620 3906 1701">
    <p class='ocr_par' dir='ltr' id='par_1_31' title="bbox 2348 1620 3906 1701">
     <span class='ocr_line' id='line_1_31' title="bbox 2348 1620 3906 1701; baseline -0.006 -16"><span class='ocrx_word' id='word_1_209' title='bbox 2348 1630 2699 1701; x_wconf 84' lang='grc' dir='ltr'>προσάγοντα</span> <span class='ocrx_word' id='word_1_210' title='bbox 2715 1630 2783 1698; x_wconf 74' lang='grc' dir='ltr'>τῇ</span> <span class='ocrx_word' id='word_1_211' title='bbox 2810 1625 3081 1697; x_wconf 80' lang='grc' dir='ltr'>αὑτοζωῇ.</span> <span class='ocrx_word' id='word_1_212' title='bbox 3105 1623 3184 1696; x_wconf 89' lang='grc' dir='ltr'>τῷ</span> <span class='ocrx_word' id='word_1_213' title='bbox 3199 1623 3498 1694; x_wconf 73' lang='grc' dir='ltr'>αὑτοφωτὶ,</span> <span class='ocrx_word' id='word_1_214' title='bbox 3522 1622 3620 1677; x_wconf 77' lang='grc' dir='ltr'>καὶ</span> <span class='ocrx_word' id='word_1_215' title='bbox 3635 1620 3710 1690; x_wconf 82' lang='grc' dir='ltr'>τῷ</span> <span class='ocrx_word' id='word_1_216' title='bbox 3739 1620 3906 1689; x_wconf 80' lang='grc' dir='ltr'>φώτων</span> 
     </span>
    </p>
   </div>
   <div class='ocr_carea' id='block_1_32' title="bbox 2349 1712 3910 1795">
    <p class='ocr_par' dir='ltr' id='par_1_32' title="bbox 2349 1712 3910 1795">
     <span class='ocr_line' id='line_1_32' title="bbox 2349 1712 3910 1795; baseline -0.008 -17"><span class='ocrx_word' id='word_1_217' title='bbox 2349 1724 2556 1795; x_wconf 77' lang='grc' dir='ltr'>Πατρί’</span> <span class='ocrx_word' id='word_1_218' title='bbox 2591 1721 2672 1793; x_wconf 83' lang='grc' dir='ltr'>τῷ</span> <span class='ocrx_word' id='word_1_219' title='bbox 2736 1720 2919 1789; x_wconf 85' lang='grc' dir='ltr'>πάσης</span> <span class='ocrx_word' id='word_1_220' title='bbox 2970 1715 3278 1790; x_wconf 80' lang='grc' dir='ltr'>καλλοποιῷ</span> <span class='ocrx_word' id='word_1_221' title='bbox 3328 1715 3618 1786; x_wconf 77' lang='grc' dir='ltr'>καλλονῆς,</span> <span class='ocrx_word' id='word_1_222' title='bbox 3645 1712 3725 1785; x_wconf 83' lang='grc' dir='ltr'><strong>τῷ</strong></span> <span class='ocrx_word' id='word_1_223' title='bbox 3752 1712 3910 1783; x_wconf 80' lang='grc' dir='ltr'>πάσης</span> 
     </span>
    </p>
   </div>
   <div class='ocr_carea' id='block_1_33' title="bbox 638 1798 2240 1882">
    <p class='ocr_par' dir='ltr' id='par_1_33' title="bbox 638 1806 2238 1878">
     <span class='ocr_line' id='line_1_33' title="bbox 638 1806 2238 1878; baseline -0.001 -16"><span class='ocrx_word' id='word_1_224' title='bbox 638 1807 1074 1878; x_wconf 82' lang='lat' dir='ltr'><strong>pulchritudinis</strong></span> <span class='ocrx_word' id='word_1_225' title='bbox 1123 1809 1336 1865; x_wconf 88' lang='lat' dir='ltr'><strong>auctori</strong></span> <span class='ocrx_word' id='word_1_226' title='bbox 1387 1808 1677 1878; x_wconf 90' lang='lat' dir='ltr'><strong>omnisque</strong></span> <span class='ocrx_word' id='word_1_227' title='bbox 1713 1807 1980 1863; x_wconf 89' lang='lat' dir='ltr'><strong>bonitatis</strong></span> <span class='ocrx_word' id='word_1_228' title='bbox 2003 1806 2238 1878; x_wconf 91' lang='lat' dir='ltr'><strong>parenti)</strong></span> 
     </span>
    </p>
   </div>
   <div class='ocr_carea' id='block_1_34' title="bbox 2346 1798 3050 1882">
    <p class='ocr_par' dir='ltr' id='par_1_34' title="bbox 2346 1807 3050 1882">
     <span class='ocr_line' id='line_1_34' title="bbox 2346 1807 3050 1882; baseline 0.001 -15"><span class='ocrx_word' id='word_1_229' title='bbox 2346 1812 2680 1882; x_wconf 81' lang='grc' dir='ltr'>ἀγαθότητος</span> <span class='ocrx_word' id='word_1_230' title='bbox 2709 1807 3050 1880; x_wconf 76' lang='grc' dir='ltr'>ἀγαθοποιῷ.</span> 
     </span>
    </p>
   </div>
   <div class='ocr_carea' id='block_1_35' title="bbox 637 1901 948 1965">
    <p class='ocr_par' dir='ltr' id='par_1_35' title="bbox 637 1901 948 1965">
     <span class='ocr_line' id='line_1_35' title="bbox 637 1901 948 1965; baseline 0 -10"><span class='ocrx_word' id='word_1_231' title='bbox 637 1901 948 1965; x_wconf 90' lang='lat' dir='ltr'><strong>admoveat,</strong></span> 
     </span>
    </p>
   </div>
   <div class='ocr_carea' id='block_1_36' title="bbox 711 1991 2235 2064">
    <p class='ocr_par' dir='ltr' id='par_1_36' title="bbox 711 1991 2235 2064">
     <span class='ocr_line' id='line_1_36' title="bbox 711 1991 2235 2064; baseline -0.001 -18"><span class='ocrx_word' id='word_1_232' title='bbox 711 1991 791 2046; x_wconf 87' lang='lat' dir='ltr'><strong>Ne</strong></span> <span class='ocrx_word' id='word_1_233' title='bbox 823 1994 1006 2064; x_wconf 79' lang='lat' dir='ltr'><strong>igitur,</strong></span> <span class='ocrx_word' id='word_1_234' title='bbox 1031 1993 1153 2060; x_wconf 82' lang='lat' dir='ltr'><strong>ﬁlii,</strong></span> <span class='ocrx_word' id='word_1_235' title='bbox 1186 2009 1368 2046; x_wconf 88' lang='lat' dir='ltr'><strong>eorum</strong></span> <span class='ocrx_word' id='word_1_236' title='bbox 1394 2009 1557 2047; x_wconf 87' lang='lat' dir='ltr'><strong>causa</strong></span> <span class='ocrx_word' id='word_1_237' title='bbox 1577 1993 1925 2064; x_wconf 82' lang='lat' dir='ltr'><strong>indignemini</strong></span> <span class='ocrx_word' id='word_1_238' title='bbox 1951 1995 2041 2064; x_wconf 83' lang='lat' dir='ltr'><strong>qui</strong></span> <span class='ocrx_word' id='word_1_239' title='bbox 2068 1994 2235 2047; x_wconf 69' lang='lat' dir='ltr'><strong>inter-</strong></span> 
     </span>
    </p>
   </div>
   <div class='ocr_carea' id='block_1_37' title="bbox 643 2083 2235 2149">
    <p class='ocr_par' dir='ltr' id='par_1_37' title="bbox 643 2083 2235 2149">
     <span class='ocr_line' id='line_1_37' title="bbox 643 2083 2235 2149; baseline 0.001 -13"><span class='ocrx_word' id='word_1_240' title='bbox 643 2083 838 2137; x_wconf 89' lang='lat' dir='ltr'><strong>imunt.</strong></span> <span class='ocrx_word' id='word_1_241' title='bbox 872 2083 1014 2136; x_wconf 86' lang='lat' dir='ltr'><strong>Nam</strong></span> <span class='ocrx_word' id='word_1_242' title='bbox 1072 2092 1120 2137; x_wconf 90' lang='lat' dir='ltr'><strong>et</strong></span> <span class='ocrx_word' id='word_1_243' title='bbox 1158 2084 1312 2138; x_wconf 79' lang='lat' dir='ltr'><strong>inviti</strong></span> <span class='ocrx_word' id='word_1_244' title='bbox 1340 2085 1506 2138; x_wconf 82' lang='lat' dir='ltr'><strong>vitam</strong></span> <span class='ocrx_word' id='word_1_245' title='bbox 1527 2083 1852 2149; x_wconf 83' lang='lat' dir='ltr'><strong>conciliant;</strong></span> <span class='ocrx_word' id='word_1_246' title='bbox 1895 2092 1946 2137; x_wconf 89' lang='lat' dir='ltr'><strong>et</strong></span> <span class='ocrx_word' id='word_1_247' title='bbox 1989 2099 2109 2138; x_wconf 82' lang='lat' dir='ltr'><strong>cum</strong></span> <span class='ocrx_word' id='word_1_248' title='bbox 2141 2083 2235 2138; x_wconf 83' lang='lat' dir='ltr'><strong>la:-</strong></span> 
     </span>
    </p>
   </div>
   <div class='ocr_carea' id='block_1_38' title="bbox 643 2161 2232 2246">
    <p class='ocr_par' dir='ltr' id='par_1_38' title="bbox 643 2161 2232 2246">
     <span class='ocr_line' id='line_1_38' title="bbox 643 2161 2232 2246; baseline 0.003 -21"><span class='ocrx_word' id='word_1_249' title='bbox 643 2174 765 2226; x_wconf 89' lang='lat' dir='ltr'><strong>dere</strong></span> <span class='ocrx_word' id='word_1_250' title='bbox 820 2174 1151 2226; x_wconf 81' lang='lat' dir='ltr'><strong>arbitrentur</strong></span> <span class='ocrx_word' id='word_1_251' title='bbox 1181 2215 1195 2238; x_wconf 92' lang='lat'><strong>,</strong></span> <span class='ocrx_word' id='word_1_252' title='bbox 1248 2173 1555 2243; x_wconf 79' lang='lat' dir='ltr'><strong>beneﬁcium</strong></span> <span class='ocrx_word' id='word_1_253' title='bbox 1629 2183 1939 2245; x_wconf 74' lang='lat' dir='ltr'><strong>prwstant:</strong></span> <span class='ocrx_word' id='word_1_254' title='bbox 1985 2161 2232 2246; x_wconf 72' lang='lat' dir='ltr'><strong>putantes</strong></span> 
     </span>
    </p>
   </div>
   <div class='ocr_carea' id='block_1_39' title="bbox 643 2261 2238 2326">
    <p class='ocr_par' dir='ltr' id='par_1_39' title="bbox 643 2261 2238 2326">
     <span class='ocr_line' id='line_1_39' title="bbox 643 2261 2238 2326; baseline 0.003 -14"><span class='ocrx_word' id='word_1_255' title='bbox 643 2263 829 2316; x_wconf 81' lang='lat' dir='ltr'><strong>honori</strong></span> <span class='ocrx_word' id='word_1_256' title='bbox 854 2262 1152 2326; x_wconf 86' lang='lat' dir='ltr'><strong>detrahere,</strong></span> <span class='ocrx_word' id='word_1_257' title='bbox 1199 2261 1450 2316; x_wconf 74' lang='lat' dir='ltr'><strong>honorem</strong></span> <span class='ocrx_word' id='word_1_258' title='bbox 1505 2262 1849 2317; x_wconf 84' lang='lat' dir='ltr'><strong>accumulant</strong></span> <span class='ocrx_word' id='word_1_259' title='bbox 1885 2264 2238 2318; x_wconf 75' lang='lat' dir='ltr'><strong>:existiman-</strong></span> 
     </span>
    </p>
   </div>
   <div class='ocr_carea' id='block_1_40' title="bbox 645 2356 2240 2426">
    <p class='ocr_par' dir='ltr' id='par_1_40' title="bbox 645 2356 2240 2426">
     <span class='ocr_line' id='line_1_40' title="bbox 645 2356 2240 2426; baseline 0.002 -21"><span class='ocrx_word' id='word_1_260' title='bbox 645 2356 972 2426; x_wconf 73' lang='lat' dir='ltr'><strong>:es-aﬂligere</strong></span> <span class='ocrx_word' id='word_1_261' title='bbox 1029 2364 1183 2424; x_wconf 90' lang='lat' dir='ltr'><strong>atque</strong></span> <span class='ocrx_word' id='word_1_262' title='bbox 1227 2371 1482 2410; x_wconf 71' lang='lat' dir='ltr'><strong>(erumna:</strong></span> <span class='ocrx_word' id='word_1_263' title='bbox 1512 2363 1754 2408; x_wconf 76' lang='lat' dir='ltr'><strong>auctores</strong></span> <span class='ocrx_word' id='word_1_264' title='bbox 1779 2371 1887 2410; x_wconf 88' lang='lat' dir='ltr'><strong>esse</strong></span> <span class='ocrx_word' id='word_1_265' title='bbox 1911 2395 1924 2420; x_wconf 92' lang='lat'><strong>,</strong></span> <span class='ocrx_word' id='word_1_266' title='bbox 1971 2356 2040 2410; x_wconf 88' lang='lat' dir='ltr'><strong>ad</strong></span> <span class='ocrx_word' id='word_1_267' title='bbox 2061 2372 2240 2410; x_wconf 79' lang='lat' dir='ltr'><strong>verum</strong></span> 
     </span>
    </p>
   </div>
   <div class='ocr_carea' id='block_1_41' title="bbox 644 2447 2241 2518">
    <p class='ocr_par' dir='ltr' id='par_1_41' title="bbox 644 2447 2241 2518">
     <span class='ocr_line' id='line_1_41' title="bbox 644 2447 2241 2518; baseline 0 -18"><span class='ocrx_word' id='word_1_268' title='bbox 644 2467 703 2501; x_wconf 53' lang='grc' dir='ltr'><strong>(τε</strong></span> <span class='ocrx_word' id='word_1_269' title='bbox 728 2465 999 2518; x_wconf 85' lang='lat' dir='ltr'><strong>nunquam</strong></span> <span class='ocrx_word' id='word_1_270' title='bbox 1053 2448 1292 2518; x_wconf 71' lang='lat' dir='ltr'><strong>difﬂuens</strong></span> <span class='ocrx_word' id='word_1_271' title='bbox 1343 2447 1599 2518; x_wconf 86' lang='lat' dir='ltr'><strong>gaudium</strong></span> <span class='ocrx_word' id='word_1_272' title='bbox 1682 2449 2074 2503; x_wconf 85' lang='lat' dir='ltr'><strong>transmittunt.</strong></span> <span class='ocrx_word' id='word_1_273' title='bbox 2122 2448 2241 2503; x_wconf 86' lang='lat' dir='ltr'><strong>Non</strong></span> 
     </span>
    </p>
   </div>
   <div class='ocr_carea' id='block_1_42' title="bbox 657 2538 2242 2609">
    <p class='ocr_par' dir='ltr' id='par_1_42' title="bbox 657 2538 2242 2609">
     <span class='ocr_line' id='line_1_42' title="bbox 657 2538 2242 2609; baseline -0.001 -17"><span class='ocrx_word' id='word_1_274' title='bbox 657 2542 821 2609; x_wconf 74' lang='lat' dir='ltr'><strong>igitur</strong></span> <span class='ocrx_word' id='word_1_275' title='bbox 844 2540 971 2594; x_wconf 81' lang='lat' dir='ltr'><strong>mihi</strong></span> <span class='ocrx_word' id='word_1_276' title='bbox 1003 2538 1239 2592; x_wconf 72' lang='lat' dir='ltr'><strong>maeroris</strong></span> <span class='ocrx_word' id='word_1_277' title='bbox 1296 2555 1467 2593; x_wconf 86' lang='lat' dir='ltr'><strong>causa</strong></span> <span class='ocrx_word' id='word_1_278' title='bbox 1496 2547 1543 2591; x_wconf 81' lang='lat' dir='ltr'><strong>et</strong></span> <span class='ocrx_word' id='word_1_279' title='bbox 1574 2539 1809 2593; x_wconf 78' lang='lat' dir='ltr'><strong>tristitite</strong></span> <span class='ocrx_word' id='word_1_280' title='bbox 1859 2539 2126 2609; x_wconf 86' lang='lat' dir='ltr'><strong>animique</strong></span> <span class='ocrx_word' id='word_1_281' title='bbox 2148 2539 2242 2592; x_wconf 88' lang='lat' dir='ltr'><strong>do-</strong></span> 
     </span>
    </p>
   </div>
   <div class='ocr_carea' id='block_1_43' title="bbox 658 2631 2242 2700">
    <p class='ocr_par' dir='ltr' id='par_1_43' title="bbox 658 2631 2242 2700">
     <span class='ocr_line' id='line_1_43' title="bbox 658 2631 2242 2700; baseline 0 -16"><span class='ocrx_word' id='word_1_282' title='bbox 658 2633 806 2694; x_wconf 74' lang='lat' dir='ltr'><strong>ioris,</strong></span> <span class='ocrx_word' id='word_1_283' title='bbox 841 2631 1042 2700; x_wconf 90' lang='lat' dir='ltr'><strong>injusta</strong></span> <span class='ocrx_word' id='word_1_284' title='bbox 1066 2633 1176 2684; x_wconf 70' lang='lat' dir='ltr'><strong>haec</strong></span> <span class='ocrx_word' id='word_1_285' title='bbox 1232 2631 1539 2686; x_wconf 72' lang='lat' dir='ltr'><strong>existimata</strong></span> <span class='ocrx_word' id='word_1_286' title='bbox 1569 2633 1856 2686; x_wconf 76' lang='lat' dir='ltr'><strong>sententia.</strong></span> <span class='ocrx_word' id='word_1_287' title='bbox 1890 2631 2044 2685; x_wconf 86' lang='lat' dir='ltr'><strong>Esset</strong></span> <span class='ocrx_word' id='word_1_288' title='bbox 2115 2632 2242 2684; x_wconf 85' lang='lat' dir='ltr'><strong>mihi</strong></span> 
     </span>
    </p>
   </div>
   <div class='ocr_carea' id='block_1_44' title="bbox 647 2725 2241 2797">
    <p class='ocr_par' dir='ltr' id='par_1_44' title="bbox 647 2725 2241 2797">
     <span class='ocr_line' id='line_1_44' title="bbox 647 2725 2241 2797; baseline -0.001 -18"><span class='ocrx_word' id='word_1_289' title='bbox 647 2728 808 2797; x_wconf 84' lang='lat' dir='ltr'><strong>plane</strong></span> <span class='ocrx_word' id='word_1_290' title='bbox 854 2725 1010 2780; x_wconf 76' lang='lat' dir='ltr'><strong>valde</strong></span> <span class='ocrx_word' id='word_1_291' title='bbox 1046 2725 1268 2779; x_wconf 88' lang='lat' dir='ltr'><strong>molesta</strong></span> <span class='ocrx_word' id='word_1_292' title='bbox 1304 2742 1366 2779; x_wconf 88' lang='lat' dir='ltr'><strong>ac</strong></span> <span class='ocrx_word' id='word_1_293' title='bbox 1391 2727 1576 2789; x_wconf 78' lang='lat' dir='ltr'><strong>tristis,</strong></span> <span class='ocrx_word' id='word_1_294' title='bbox 1609 2743 1672 2780; x_wconf 90' lang='lat' dir='ltr'><strong>ac</strong></span> <span class='ocrx_word' id='word_1_295' title='bbox 1703 2743 1825 2780; x_wconf 86' lang='lat' dir='ltr'><strong>vere</strong></span> <span class='ocrx_word' id='word_1_296' title='bbox 1848 2728 2032 2779; x_wconf 87' lang='lat' dir='ltr'><strong>mortis</strong></span> <span class='ocrx_word' id='word_1_297' title='bbox 2057 2741 2241 2789; x_wconf 88' lang='lat' dir='ltr'><strong>causa,</strong></span> 
     </span>
    </p>
   </div>
   <div class='ocr_carea' id='block_1_45' title="bbox 651 2815 2244 2890">
    <p class='ocr_par' dir='ltr' id='par_1_45' title="bbox 651 2815 2244 2890">
     <span class='ocr_line' id='line_1_45' title="bbox 651 2815 2244 2890; baseline -0.001 -18"><span class='ocrx_word' id='word_1_298' title='bbox 651 2821 912 2890; x_wconf 83' lang='lat' dir='ltr'><strong>siquidem</strong></span> <span class='ocrx_word' id='word_1_299' title='bbox 928 2818 1082 2888; x_wconf 86' lang='lat' dir='ltr'><strong>justa</strong></span> <span class='ocrx_word' id='word_1_300' title='bbox 1098 2824 1256 2873; x_wconf 85' lang='lat' dir='ltr'><strong>esset.</strong></span> <span class='ocrx_word' id='word_1_301' title='bbox 1291 2815 1349 2872; x_wconf 89' lang='lat' dir='ltr'><strong>Si</strong></span> <span class='ocrx_word' id='word_1_302' title='bbox 1368 2817 1679 2888; x_wconf 83' lang='lat' dir='ltr'><strong>deprehensi</strong></span> <span class='ocrx_word' id='word_1_303' title='bbox 1725 2831 1957 2872; x_wconf 80' lang='lat' dir='ltr'><strong>essemus</strong></span> <span class='ocrx_word' id='word_1_304' title='bbox 1992 2817 2244 2887; x_wconf 83' lang='lat' dir='ltr'><strong>facinoris</strong></span> 
     </span>
    </p>
   </div>
   <div class='ocr_carea' id='block_1_46' title="bbox 645 2905 2246 2978">
    <p class='ocr_par' dir='ltr' id='par_1_46' title="bbox 645 2905 2246 2978">
     <span class='ocr_line' id='line_1_46' title="bbox 645 2905 2246 2978; baseline -0.002 -16"><span class='ocrx_word' id='word_1_305' title='bbox 645 2911 724 2962; x_wconf 87' lang='lat' dir='ltr'><strong>rei</strong></span> <span class='ocrx_word' id='word_1_306' title='bbox 745 2925 764 2973; x_wconf 88' lang='lat'><em>;</em></span> <span class='ocrx_word' id='word_1_307' title='bbox 789 2910 835 2962; x_wconf 86' lang='lat' dir='ltr'><strong>si</strong></span> <span class='ocrx_word' id='word_1_308' title='bbox 872 2925 967 2962; x_wconf 89' lang='lat' dir='ltr'><strong>nos</strong></span> <span class='ocrx_word' id='word_1_309' title='bbox 990 2907 1203 2978; x_wconf 68' lang='lat' dir='ltr'><strong>Egeati</strong></span> <span class='ocrx_word' id='word_1_310' title='bbox 1228 2916 1396 2961; x_wconf 88' lang='lat' dir='ltr'><strong>morte</strong></span> <span class='ocrx_word' id='word_1_311' title='bbox 1433 2907 1615 2977; x_wconf 85' lang='lat' dir='ltr'><strong>dignos</strong></span> <span class='ocrx_word' id='word_1_312' title='bbox 1641 2907 2072 2962; x_wconf 73' lang='lat' dir='ltr'><strong>exhibuissemus.</strong></span> <span class='ocrx_word' id='word_1_313' title='bbox 2094 2905 2246 2961; x_wconf 84' lang='lat' dir='ltr'><strong>Nunc</strong></span> 
     </span>
    </p>
   </div>
   <div class='ocr_carea' id='block_1_47' title="bbox 643 2997 2247 3070">
    <p class='ocr_par' dir='ltr' id='par_1_47' title="bbox 643 2997 2247 3070">
     <span class='ocr_line' id='line_1_47' title="bbox 643 2997 2247 3070; baseline -0.003 -16"><span class='ocrx_word' id='word_1_314' title='bbox 643 3010 817 3054; x_wconf 87' lang='lat' dir='ltr'><strong>autem</strong></span> <span class='ocrx_word' id='word_1_315' title='bbox 839 3016 1020 3054; x_wconf 76' lang='lat' dir='ltr'><strong>veram</strong></span> <span class='ocrx_word' id='word_1_316' title='bbox 1040 3001 1223 3064; x_wconf 87' lang='lat' dir='ltr'><strong>vitam,</strong></span> <span class='ocrx_word' id='word_1_317' title='bbox 1243 3000 1408 3053; x_wconf 85' lang='lat' dir='ltr'><strong>vitam</strong></span> <span class='ocrx_word' id='word_1_318' title='bbox 1457 2999 1720 3064; x_wconf 83' lang='lat' dir='ltr'><strong>stabilem,</strong></span> <span class='ocrx_word' id='word_1_319' title='bbox 1739 2998 2079 3070; x_wconf 65' lang='lat' dir='ltr'><strong>ineffabilem,</strong></span> <span class='ocrx_word' id='word_1_320' title='bbox 2111 2997 2247 3051; x_wconf 89' lang='lat' dir='ltr'><strong>inte-</strong></span> 
     </span>
    </p>
   </div>
   <div class='ocr_carea' id='block_1_48' title="bbox 647 3090 2247 3163">
    <p class='ocr_par' dir='ltr' id='par_1_48' title="bbox 647 3090 2247 3163">
     <span class='ocr_line' id='line_1_48' title="bbox 647 3090 2247 3163; baseline -0.002 -18"><span class='ocrx_word' id='word_1_321' title='bbox 647 3101 935 3157; x_wconf 82' lang='lat' dir='ltr'><strong>meratum,</strong></span> <span class='ocrx_word' id='word_1_322' title='bbox 985 3108 1149 3163; x_wconf 84' lang='lat' dir='ltr'><strong>quam</strong></span> <span class='ocrx_word' id='word_1_323' title='bbox 1177 3090 1341 3145; x_wconf 88' lang='lat' dir='ltr'><strong>oculis</strong></span> <span class='ocrx_word' id='word_1_324' title='bbox 1368 3091 1616 3156; x_wconf 76' lang='lat' dir='ltr'><strong>uidimus,</strong></span> <span class='ocrx_word' id='word_1_325' title='bbox 1637 3091 1881 3145; x_wconf 87' lang='lat' dir='ltr'><strong>manibus</strong></span> <span class='ocrx_word' id='word_1_326' title='bbox 1902 3091 2247 3144; x_wconf 78' lang='lat' dir='ltr'><strong>contrectaui-</strong></span> 
     </span>
    </p>
   </div>
   <div class='ocr_carea' id='block_1_49' title="bbox 645 3181 2248 3255">
    <p class='ocr_par' dir='ltr' id='par_1_49' title="bbox 645 3181 2248 3255">
     <span class='ocr_line' id='line_1_49' title="bbox 645 3181 2248 3255; baseline -0.003 -17"><span class='ocrx_word' id='word_1_327' title='bbox 645 3187 833 3249; x_wconf 80' lang='lat' dir='ltr'><strong>mus&quot;;</strong></span> <span class='ocrx_word' id='word_1_328' title='bbox 855 3186 1004 3255; x_wconf 87' lang='lat' dir='ltr'><strong>cujus</strong></span> <span class='ocrx_word' id='word_1_329' title='bbox 1023 3189 1136 3254; x_wconf 85' lang='lat' dir='ltr'><strong>ipso</strong></span> <span class='ocrx_word' id='word_1_330' title='bbox 1155 3184 1232 3240; x_wconf 86' lang='lat' dir='ltr'><strong>rei</strong></span> <span class='ocrx_word' id='word_1_331' title='bbox 1244 3181 1732 3254; x_wconf 65' lang='lat' dir='ltr'><strong>periculopirtutem</strong></span> <span class='ocrx_word' id='word_1_332' title='bbox 1755 3182 2110 3252; x_wconf 84' lang='lat' dir='ltr'><strong>cognouimus,</strong></span> <span class='ocrx_word' id='word_1_333' title='bbox 2127 3195 2248 3234; x_wconf 87' lang='lat' dir='ltr'><strong>cum</strong></span> 
     </span>
    </p>
   </div>
   <div class='ocr_carea' id='block_1_50' title="bbox 645 3269 2248 3344">
    <p class='ocr_par' dir='ltr' id='par_1_50' title="bbox 645 3269 2248 3344">
     <span class='ocr_line' id='line_1_50' title="bbox 645 3269 2248 3344; baseline -0.003 -14"><span class='ocrx_word' id='word_1_334' title='bbox 645 3278 1046 3340; x_wconf 87' lang='lat' dir='ltr'><strong>annuntiemus,</strong></span> <span class='ocrx_word' id='word_1_335' title='bbox 1091 3281 1407 3344; x_wconf 86' lang='lat' dir='ltr'><strong>cunctosque</strong></span> <span class='ocrx_word' id='word_1_336' title='bbox 1454 3274 1614 3344; x_wconf 88' lang='lat' dir='ltr'><strong>(quod</strong></span> <span class='ocrx_word' id='word_1_337' title='bbox 1659 3277 1967 3327; x_wconf 77' lang='lat' dir='ltr'><strong>nostrarum</strong></span> <span class='ocrx_word' id='word_1_338' title='bbox 2009 3269 2248 3343; x_wconf 85' lang='lat' dir='ltr'><strong>partium</strong></span> 
     </span>
    </p>
   </div>
   <div class='ocr_carea' id='block_1_51' title="bbox 647 3361 2249 3437">
    <p class='ocr_par' dir='ltr' id='par_1_51' title="bbox 647 3361 2249 3437">
     <span class='ocr_line' id='line_1_51' title="bbox 647 3361 2249 3437; baseline -0.002 -16"><span class='ocrx_word' id='word_1_339' title='bbox 647 3369 743 3437; x_wconf 90' lang='lat' dir='ltr'><strong>est)</strong></span> <span class='ocrx_word' id='word_1_340' title='bbox 767 3369 886 3420; x_wconf 90' lang='lat' dir='ltr'><strong>boni</strong></span> <span class='ocrx_word' id='word_1_341' title='bbox 906 3368 1072 3421; x_wconf 87' lang='lat' dir='ltr'><strong>socios</strong></span> <span class='ocrx_word' id='word_1_342' title='bbox 1095 3381 1363 3420; x_wconf 88' lang='lat' dir='ltr'><strong>assumere</strong></span> <span class='ocrx_word' id='word_1_343' title='bbox 1387 3365 1710 3430; x_wconf 87' lang='lat' dir='ltr'><strong>studeamus,</strong></span> <span class='ocrx_word' id='word_1_344' title='bbox 1725 3361 1939 3433; x_wconf 80' lang='lat' dir='ltr'><strong>eiusque</strong></span> <span class='ocrx_word' id='word_1_345' title='bbox 1968 3365 2046 3418; x_wconf 87' lang='lat' dir='ltr'><strong>rei</strong></span> <span class='ocrx_word' id='word_1_346' title='bbox 2068 3366 2249 3434; x_wconf 87' lang='lat' dir='ltr'><strong>gratia</strong></span> 
     </span>
    </p>
   </div>
   <div class='ocr_carea' id='block_1_52' title="bbox 650 3454 2250 3526">
    <p class='ocr_par' dir='ltr' id='par_1_52' title="bbox 650 3454 2250 3526">
     <span class='ocr_line' id='line_1_52' title="bbox 650 3454 2250 3526; baseline -0.001 -14"><span class='ocrx_word' id='word_1_347' title='bbox 650 3461 708 3512; x_wconf 88' lang='lat' dir='ltr'><strong>in</strong></span> <span class='ocrx_word' id='word_1_348' title='bbox 735 3458 868 3512; x_wconf 86' lang='lat' dir='ltr'><strong>talia</strong></span> <span class='ocrx_word' id='word_1_349' title='bbox 897 3457 1220 3524; x_wconf 87' lang='lat' dir='ltr'><strong>incidamus,</strong></span> <span class='ocrx_word' id='word_1_350' title='bbox 1246 3473 1352 3510; x_wconf 91' lang='lat' dir='ltr'><strong>non</strong></span> <span class='ocrx_word' id='word_1_351' title='bbox 1365 3455 1543 3510; x_wconf 90' lang='lat' dir='ltr'><strong>delicti</strong></span> <span class='ocrx_word' id='word_1_352' title='bbox 1570 3472 1752 3526; x_wconf 65' lang='lat' dir='ltr'><strong>plenas</strong></span> <span class='ocrx_word' id='word_1_353' title='bbox 1778 3454 1993 3519; x_wconf 85' lang='lat' dir='ltr'><strong>luimus,</strong></span> <span class='ocrx_word' id='word_1_354' title='bbox 2020 3455 2114 3509; x_wconf 87' lang='lat' dir='ltr'><strong>sed</strong></span> <span class='ocrx_word' id='word_1_355' title='bbox 2134 3456 2250 3510; x_wconf 87' lang='lat' dir='ltr'><strong>cla-</strong></span> 
     </span>
    </p>
   </div>
   <div class='ocr_carea' id='block_1_53' title="bbox 651 3548 2248 3621">
    <p class='ocr_par' dir='ltr' id='par_1_53' title="bbox 651 3548 2248 3621">
     <span class='ocr_line' id='line_1_53' title="bbox 651 3548 2248 3621; baseline -0.002 -17"><span class='ocrx_word' id='word_1_356' title='bbox 651 3551 904 3604; x_wconf 80' lang='lat' dir='ltr'><strong>rescimus</strong></span> <span class='ocrx_word' id='word_1_357' title='bbox 939 3565 959 3615; x_wconf 89' lang='lat'><strong><em>;</em></strong></span> <span class='ocrx_word' id='word_1_358' title='bbox 993 3566 1100 3603; x_wconf 90' lang='lat' dir='ltr'><strong>non</strong></span> <span class='ocrx_word' id='word_1_359' title='bbox 1131 3550 1405 3621; x_wconf 84' lang='lat' dir='ltr'><strong>punimur,</strong></span> <span class='ocrx_word' id='word_1_360' title='bbox 1431 3549 1523 3602; x_wconf 89' lang='lat' dir='ltr'><strong>sed</strong></span> <span class='ocrx_word' id='word_1_361' title='bbox 1544 3563 1823 3602; x_wconf 81' lang='lat' dir='ltr'><strong>seruamur</strong></span> <span class='ocrx_word' id='word_1_362' title='bbox 1853 3563 1872 3612; x_wconf 86' lang='lat'><strong><em>;</em></strong></span> <span class='ocrx_word' id='word_1_363' title='bbox 1903 3563 1997 3600; x_wconf 89' lang='lat' dir='ltr'><strong>nec</strong></span> <span class='ocrx_word' id='word_1_364' title='bbox 2022 3549 2103 3616; x_wconf 86' lang='lat' dir='ltr'><strong>(ut</strong></span> <span class='ocrx_word' id='word_1_365' title='bbox 2132 3548 2248 3618; x_wconf 87' lang='lat' dir='ltr'><strong>quis</strong></span> 
     </span>
    </p>
   </div>
   <div class='ocr_carea' id='block_1_54' title="bbox 649 3637 2246 3712">
    <p class='ocr_par' dir='ltr' id='par_1_54' title="bbox 649 3637 2246 3712">
     <span class='ocr_line' id='line_1_54' title="bbox 649 3637 2246 3712; baseline -0.003 -18"><span class='ocrx_word' id='word_1_366' title='bbox 649 3642 940 3712; x_wconf 82' lang='lat' dir='ltr'><strong>putaverit)</strong></span> <span class='ocrx_word' id='word_1_367' title='bbox 967 3649 1137 3694; x_wconf 87' lang='lat' dir='ltr'><strong>morte</strong></span> <span class='ocrx_word' id='word_1_368' title='bbox 1175 3640 1454 3710; x_wconf 70' lang='lat' dir='ltr'><strong>aﬂicimur,</strong></span> <span class='ocrx_word' id='word_1_369' title='bbox 1486 3639 1578 3692; x_wconf 85' lang='lat' dir='ltr'><strong>sed</strong></span> <span class='ocrx_word' id='word_1_370' title='bbox 1597 3639 1708 3693; x_wconf 82' lang='lat' dir='ltr'><strong>vita</strong></span> <span class='ocrx_word' id='word_1_371' title='bbox 1734 3638 1999 3691; x_wconf 89' lang='lat' dir='ltr'><strong>donamur</strong></span> <span class='ocrx_word' id='word_1_372' title='bbox 2014 3639 2084 3692; x_wconf 83' lang='lat'><strong>”.</strong></span> <span class='ocrx_word' id='word_1_373' title='bbox 2104 3637 2246 3704; x_wconf 87' lang='lat' dir='ltr'><strong>Quid</strong></span> 
     </span>
    </p>
   </div>
   <div class='ocr_carea' id='block_1_55' title="bbox 658 3729 2246 3800">
    <p class='ocr_par' dir='ltr' id='par_1_55' title="bbox 658 3729 2246 3800">
     <span class='ocr_line' id='line_1_55' title="bbox 658 3729 2246 3800; baseline -0.002 -13"><span class='ocrx_word' id='word_1_374' title='bbox 658 3733 814 3787; x_wconf 89' lang='lat' dir='ltr'><strong>enim</strong></span> <span class='ocrx_word' id='word_1_375' title='bbox 855 3733 940 3787; x_wconf 91' lang='lat' dir='ltr'><strong>vir</strong></span> <span class='ocrx_word' id='word_1_376' title='bbox 997 3731 1332 3798; x_wconf 70' lang='lat' dir='ltr'><strong>fortissimus</strong></span> <span class='ocrx_word' id='word_1_377' title='bbox 1381 3730 1604 3786; x_wconf 88' lang='lat' dir='ltr'><strong>virtutis</strong></span> <span class='ocrx_word' id='word_1_378' title='bbox 1650 3743 1815 3784; x_wconf 86' lang='lat' dir='ltr'><strong>causa</strong></span> <span class='ocrx_word' id='word_1_379' title='bbox 1876 3729 2077 3800; x_wconf 87' lang='lat' dir='ltr'><strong>injuria</strong></span> <span class='ocrx_word' id='word_1_380' title='bbox 2106 3729 2246 3784; x_wconf 78' lang='lat' dir='ltr'><strong>allici</strong></span> 
     </span>
    </p>
   </div>
   <div class='ocr_carea' id='block_1_56' title="bbox 647 3822 2244 3893">
    <p class='ocr_par' dir='ltr' id='par_1_56' title="bbox 647 3822 2244 3893">
     <span class='ocr_line' id='line_1_56' title="bbox 647 3822 2244 3893; baseline -0.002 -16"><span class='ocrx_word' id='word_1_381' title='bbox 647 3839 713 3878; x_wconf 91' lang='lat' dir='ltr'><strong>ac</strong></span> <span class='ocrx_word' id='word_1_382' title='bbox 737 3823 1013 3889; x_wconf 90' lang='lat' dir='ltr'><strong>cruciari,</strong></span> <span class='ocrx_word' id='word_1_383' title='bbox 1067 3822 1387 3893; x_wconf 79' lang='lat' dir='ltr'><strong>pbiIOSOphi</strong></span> <span class='ocrx_word' id='word_1_384' title='bbox 1442 3837 1608 3877; x_wconf 91' lang='lat' dir='ltr'><strong>sensu</strong></span> <span class='ocrx_word' id='word_1_385' title='bbox 1655 3824 2020 3886; x_wconf 78' lang='lat' dir='ltr'><strong>existimaret,</strong></span> <span class='ocrx_word' id='word_1_386' title='bbox 2079 3836 2244 3891; x_wconf 90' lang='lat' dir='ltr'><strong>quam</strong></span> 
     </span>
    </p>
   </div>
   <div class='ocr_carea' id='block_1_57' title="bbox 647 3915 2244 3987">
    <p class='ocr_par' dir='ltr' id='par_1_57' title="bbox 647 3915 2244 3987">
     <span class='ocr_line' id='line_1_57' title="bbox 647 3915 2244 3987; baseline -0.001 -15"><span class='ocrx_word' id='word_1_387' title='bbox 647 3916 946 3987; x_wconf 86' lang='lat' dir='ltr'><strong>justiﬁcari</strong></span> <span class='ocrx_word' id='word_1_388' title='bbox 981 3932 1047 3972; x_wconf 91' lang='lat' dir='ltr'><strong>ac</strong></span> <span class='ocrx_word' id='word_1_389' title='bbox 1094 3915 1400 3972; x_wconf 88' lang='lat' dir='ltr'><strong>coronari?</strong></span> <span class='ocrx_word' id='word_1_390' title='bbox 1428 3915 1572 3982; x_wconf 88' lang='lat' dir='ltr'><strong>Quid</strong></span> <span class='ocrx_word' id='word_1_391' title='bbox 1629 3932 1762 3971; x_wconf 76' lang='lat' dir='ltr'><strong>vero</strong></span> <span class='ocrx_word' id='word_1_392' title='bbox 1795 3917 1923 3972; x_wconf 86' lang='lat' dir='ltr'><strong>Jesu</strong></span> <span class='ocrx_word' id='word_1_393' title='bbox 1982 3931 2151 3971; x_wconf 89' lang='lat' dir='ltr'><strong>causa</strong></span> <span class='ocrx_word' id='word_1_394' title='bbox 2189 3915 2244 3970; x_wconf 91' lang='lat' dir='ltr'><strong>in</strong></span> 
     </span>
    </p>
   </div>
   <div class='ocr_carea' id='block_1_58' title="bbox 647 4009 2242 4081">
    <p class='ocr_par' dir='ltr' id='par_1_58' title="bbox 647 4009 2242 4081">
     <span class='ocr_line' id='line_1_58' title="bbox 647 4009 2242 4081; baseline -0.001 -17"><span class='ocrx_word' id='word_1_395' title='bbox 647 4025 869 4065; x_wconf 90' lang='lat' dir='ltr'><strong>crucem</strong></span> <span class='ocrx_word' id='word_1_396' title='bbox 892 4009 977 4081; x_wconf 79' lang='lat' dir='ltr'><strong>agi</strong></span> <span class='ocrx_word' id='word_1_397' title='bbox 1022 4023 1088 4064; x_wconf 89' lang='lat' dir='ltr'><strong>ac</strong></span> <span class='ocrx_word' id='word_1_398' title='bbox 1112 4009 1379 4076; x_wconf 91' lang='lat' dir='ltr'><strong>interimi,</strong></span> <span class='ocrx_word' id='word_1_399' title='bbox 1435 4025 1601 4080; x_wconf 91' lang='lat' dir='ltr'><strong>quam</strong></span> <span class='ocrx_word' id='word_1_400' title='bbox 1633 4009 1744 4064; x_wconf 88' lang='lat' dir='ltr'><strong>vita</strong></span> <span class='ocrx_word' id='word_1_401' title='bbox 1793 4024 1857 4064; x_wconf 91' lang='lat' dir='ltr'><strong>ac</strong></span> <span class='ocrx_word' id='word_1_402' title='bbox 1888 4009 2095 4064; x_wconf 87' lang='lat' dir='ltr'><strong>deitate</strong></span> <span class='ocrx_word' id='word_1_403' title='bbox 2140 4025 2242 4063; x_wconf 84' lang='lat' dir='ltr'><strong>au-</strong></span> 
     </span>
    </p>
   </div>
   <div class='ocr_carea' id='block_1_59' title="bbox 646 4100 2244 4172">
    <p class='ocr_par' dir='ltr' id='par_1_59' title="bbox 646 4100 2244 4172">
     <span class='ocr_line' id='line_1_59' title="bbox 646 4100 2244 4172; baseline -0.002 -15"><span class='ocrx_word' id='word_1_404' title='bbox 646 4103 760 4172; x_wconf 78' lang='lat' dir='ltr'><strong>geri</strong></span> <span class='ocrx_word' id='word_1_405' title='bbox 781 4119 796 4164; x_wconf 86' lang='lat'><strong>;</strong></span> <span class='ocrx_word' id='word_1_406' title='bbox 818 4118 883 4158; x_wconf 92' lang='lat' dir='ltr'><strong>ac</strong></span> <span class='ocrx_word' id='word_1_407' title='bbox 904 4103 1048 4158; x_wconf 90' lang='lat' dir='ltr'><strong>sicut</strong></span> <span class='ocrx_word' id='word_1_408' title='bbox 1083 4101 1340 4172; x_wconf 88' lang='lat' dir='ltr'><strong>supplicii</strong></span> <span class='ocrx_word' id='word_1_409' title='bbox 1375 4101 1680 4172; x_wconf 89' lang='lat' dir='ltr'><strong>mortisque</strong></span> <span class='ocrx_word' id='word_1_410' title='bbox 1709 4101 2100 4166; x_wconf 89' lang='lat' dir='ltr'><strong>similitudine,</strong></span> <span class='ocrx_word' id='word_1_411' title='bbox 2162 4100 2244 4156; x_wconf 91' lang='lat' dir='ltr'><strong>sic</strong></span> 
     </span>
    </p>
   </div>
   <div class='ocr_carea' id='block_1_60' title="bbox 648 4193 2241 4262">
    <p class='ocr_par' dir='ltr' id='par_1_60' title="bbox 648 4193 2241 4262">
     <span class='ocr_line' id='line_1_60' title="bbox 648 4193 2241 4262; baseline -0.001 -14"><span class='ocrx_word' id='word_1_412' title='bbox 648 4195 913 4249; x_wconf 85' lang='lat' dir='ltr'><strong>claritatis</strong></span> <span class='ocrx_word' id='word_1_413' title='bbox 959 4193 1222 4248; x_wconf 90' lang='lat' dir='ltr'><strong>societate</strong></span> <span class='ocrx_word' id='word_1_414' title='bbox 1243 4194 1294 4247; x_wconf 93' lang='lat' dir='ltr'><strong>ei</strong></span> <span class='ocrx_word' id='word_1_415' title='bbox 1326 4193 1594 4262; x_wconf 83' lang='lat' dir='ltr'><strong>copulari,</strong></span> <span class='ocrx_word' id='word_1_416' title='bbox 1632 4209 1694 4247; x_wconf 88' lang='lat' dir='ltr'><strong>ac</strong></span> <span class='ocrx_word' id='word_1_417' title='bbox 1725 4209 1849 4248; x_wconf 92' lang='lat' dir='ltr'><strong>cum</strong></span> <span class='ocrx_word' id='word_1_418' title='bbox 1884 4210 1952 4247; x_wconf 89' lang='lat' dir='ltr'><strong>eo</strong></span> <span class='ocrx_word' id='word_1_419' title='bbox 1996 4195 2050 4247; x_wconf 88' lang='lat' dir='ltr'><strong>in</strong></span> <span class='ocrx_word' id='word_1_420' title='bbox 2079 4203 2241 4249; x_wconf 75' lang='lat' dir='ltr'><strong>aeter-</strong></span> 
     </span>
    </p>
   </div>
   <div class='ocr_carea' id='block_1_61' title="bbox 648 4301 1064 4355">
    <p class='ocr_par' dir='ltr' id='par_1_61' title="bbox 648 4301 1064 4355">
     <span class='ocr_line' id='line_1_61' title="bbox 648 4301 1064 4355; baseline 0 -14"><span class='ocrx_word' id='word_1_421' title='bbox 648 4301 781 4341; x_wconf 85' lang='lat' dir='ltr'><strong>num</strong></span> <span class='ocrx_word' id='word_1_422' title='bbox 813 4301 1064 4355; x_wconf 74' lang='lat' dir='ltr'><strong>regnare.</strong></span> 
     </span>
    </p>
   </div>
   <div class='ocr_carea' id='block_1_62' title="bbox 725 4372 2244 4444">
    <p class='ocr_par' dir='ltr' id='par_1_62' title="bbox 725 4372 2244 4444">
     <span class='ocr_line' id='line_1_62' title="bbox 725 4372 2244 4444; baseline 0 -16"><span class='ocrx_word' id='word_1_423' title='bbox 725 4376 902 4444; x_wconf 87' lang='lat' dir='ltr'><strong>Atque</strong></span> <span class='ocrx_word' id='word_1_424' title='bbox 956 4374 1074 4428; x_wconf 60' lang='lat' dir='ltr'><strong>haec</strong></span> <span class='ocrx_word' id='word_1_425' title='bbox 1125 4372 1349 4443; x_wconf 92' lang='lat' dir='ltr'><strong>quidem</strong></span> <span class='ocrx_word' id='word_1_426' title='bbox 1409 4373 1477 4426; x_wconf 90' lang='lat' dir='ltr'><strong>ad</strong></span> <span class='ocrx_word' id='word_1_427' title='bbox 1537 4372 1752 4442; x_wconf 89' lang='lat' dir='ltr'><strong>plebem</strong></span> <span class='ocrx_word' id='word_1_428' title='bbox 1791 4390 1806 4427; x_wconf 89' lang='lat'><strong>:</strong></span> <span class='ocrx_word' id='word_1_429' title='bbox 1845 4374 1951 4428; x_wconf 90' lang='lat' dir='ltr'><strong>sibi</strong></span> <span class='ocrx_word' id='word_1_430' title='bbox 1988 4390 2121 4429; x_wconf 90' lang='lat' dir='ltr'><strong>vero</strong></span> <span class='ocrx_word' id='word_1_431' title='bbox 2158 4376 2244 4430; x_wconf 84' lang='lat' dir='ltr'><strong>vir</strong></span> 
     </span>
    </p>
   </div>
   <div class='ocr_carea' id='block_1_63' title="bbox 649 4465 2234 4538">
    <p class='ocr_par' dir='ltr' id='par_1_63' title="bbox 649 4465 2234 4538">
     <span class='ocr_line' id='line_1_63' title="bbox 649 4465 2234 4538; baseline 0 -16"><span class='ocrx_word' id='word_1_432' title='bbox 649 4469 830 4538; x_wconf 87' lang='lat' dir='ltr'><strong>reipsa</strong></span> <span class='ocrx_word' id='word_1_433' title='bbox 862 4466 1304 4536; x_wconf 89' lang='lat' dir='ltr'><strong>sapientissimus</strong></span> <span class='ocrx_word' id='word_1_434' title='bbox 1364 4465 1694 4519; x_wconf 84' lang='lat' dir='ltr'><strong>incumbens</strong></span> <span class='ocrx_word' id='word_1_435' title='bbox 1716 4508 1730 4531; x_wconf 92' lang='lat'><strong>,</strong></span> <span class='ocrx_word' id='word_1_436' title='bbox 1762 4475 1927 4535; x_wconf 90' lang='lat' dir='ltr'><strong>atque</strong></span> <span class='ocrx_word' id='word_1_437' title='bbox 1967 4466 2035 4520; x_wconf 91' lang='lat' dir='ltr'><strong>ad</strong></span> <span class='ocrx_word' id='word_1_438' title='bbox 2084 4483 2234 4531; x_wconf 92' lang='lat' dir='ltr'><strong>eum,</strong></span> 
     </span>
    </p>
   </div>
   <div class='ocr_carea' id='block_1_64' title="bbox 650 4556 2237 4628">
    <p class='ocr_par' dir='ltr' id='par_1_64' title="bbox 650 4556 2237 4628">
     <span class='ocr_line' id='line_1_64' title="bbox 650 4556 2237 4628; baseline -0.001 -15"><span class='ocrx_word' id='word_1_439' title='bbox 650 4574 810 4628; x_wconf 91' lang='lat' dir='ltr'><strong>quem</strong></span> <span class='ocrx_word' id='word_1_440' title='bbox 844 4557 899 4610; x_wconf 91' lang='lat' dir='ltr'><strong>in</strong></span> <span class='ocrx_word' id='word_1_441' title='bbox 925 4573 983 4612; x_wconf 91' lang='lat' dir='ltr'><strong>se</strong></span> <span class='ocrx_word' id='word_1_442' title='bbox 1016 4565 1328 4611; x_wconf 88' lang='lat' dir='ltr'><strong>manentem</strong></span> <span class='ocrx_word' id='word_1_443' title='bbox 1364 4556 1623 4620; x_wconf 88' lang='lat' dir='ltr'><strong>habebat,</strong></span> <span class='ocrx_word' id='word_1_444' title='bbox 1648 4570 1962 4610; x_wconf 89' lang='lat' dir='ltr'><strong>sermonem</strong></span> <span class='ocrx_word' id='word_1_445' title='bbox 2003 4572 2237 4612; x_wconf 43' lang='lat' dir='ltr'><strong>conver‘</strong></span> 
     </span>
    </p>
   </div>
   <div class='ocr_carea' id='block_1_65' title="bbox 651 4647 2242 4720">
    <p class='ocr_par' dir='ltr' id='par_1_65' title="bbox 651 4647 2242 4720">
     <span class='ocr_line' id='line_1_65' title="bbox 651 4647 2242 4720; baseline -0.002 -15"><span class='ocrx_word' id='word_1_446' title='bbox 651 4662 794 4716; x_wconf 89' lang='lat' dir='ltr'><strong>tens,</strong></span> <span class='ocrx_word' id='word_1_447' title='bbox 828 4650 1067 4714; x_wconf 79' lang='lat' dir='ltr'><strong>Gratias,</strong></span> <span class='ocrx_word' id='word_1_448' title='bbox 1090 4649 1290 4718; x_wconf 87' lang='lat' dir='ltr'><strong>inquit,</strong></span> <span class='ocrx_word' id='word_1_449' title='bbox 1337 4665 1436 4719; x_wconf 87' lang='lat' dir='ltr'><strong>ago</strong></span> <span class='ocrx_word' id='word_1_450' title='bbox 1472 4649 1584 4710; x_wconf 89' lang='lat' dir='ltr'><strong>tibi,</strong></span> <span class='ocrx_word' id='word_1_451' title='bbox 1611 4665 1726 4701; x_wconf 90' lang='lat' dir='ltr'><strong>mea</strong></span> <span class='ocrx_word' id='word_1_452' title='bbox 1755 4647 2000 4718; x_wconf 81' lang='lat' dir='ltr'><strong>voluptas</strong></span> <span class='ocrx_word' id='word_1_453' title='bbox 2027 4665 2090 4702; x_wconf 88' lang='lat' dir='ltr'><strong>ac</strong></span> <span class='ocrx_word' id='word_1_454' title='bbox 2127 4649 2242 4720; x_wconf 90' lang='lat' dir='ltr'><strong>glo-</strong></span> 
     </span>
    </p>
   </div>
   <div class='ocr_carea' id='block_1_66' title="bbox 649 4739 2243 4806">
    <p class='ocr_par' dir='ltr' id='par_1_66' title="bbox 649 4739 2243 4806">
     <span class='ocr_line' id='line_1_66' title="bbox 649 4739 2243 4806; baseline -0.001 -10"><span class='ocrx_word' id='word_1_455' title='bbox 649 4745 838 4806; x_wconf 84' lang='lat' dir='ltr'><strong>riatio,</strong></span> <span class='ocrx_word' id='word_1_456' title='bbox 874 4759 991 4794; x_wconf 89' lang='lat' dir='ltr'><strong>mea</strong></span> <span class='ocrx_word' id='word_1_457' title='bbox 1023 4741 1306 4794; x_wconf 74' lang='lat' dir='ltr'><strong>exsultatio</strong></span> <span class='ocrx_word' id='word_1_458' title='bbox 1362 4758 1424 4794; x_wconf 90' lang='lat' dir='ltr'><strong>ac</strong></span> <span class='ocrx_word' id='word_1_459' title='bbox 1454 4739 1731 4804; x_wconf 68' lang='lat' dir='ltr'><strong>exultatio,</strong></span> <span class='ocrx_word' id='word_1_460' title='bbox 1786 4756 1903 4794; x_wconf 87' lang='lat' dir='ltr'><strong>mea</strong></span> <span class='ocrx_word' id='word_1_461' title='bbox 1955 4740 2044 4795; x_wconf 78' lang='lat' dir='ltr'><strong>tua:</strong></span> <span class='ocrx_word' id='word_1_462' title='bbox 2071 4781 2087 4805; x_wconf 92' lang='lat'><strong>,</strong></span> <span class='ocrx_word' id='word_1_463' title='bbox 2124 4759 2243 4796; x_wconf 87' lang='lat' dir='ltr'><strong>mea</strong></span> 
     </span>
    </p>
   </div>
   <div class='ocr_carea' id='block_1_67' title="bbox 651 4831 2240 4901">
    <p class='ocr_par' dir='ltr' id='par_1_67' title="bbox 651 4831 2240 4901">
     <span class='ocr_line' id='line_1_67' title="bbox 651 4831 2240 4901; baseline -0.001 -14"><span class='ocrx_word' id='word_1_464' title='bbox 651 4841 899 4901; x_wconf 83' lang='lat' dir='ltr'><strong>potestas,</strong></span> <span class='ocrx_word' id='word_1_465' title='bbox 946 4849 1062 4886; x_wconf 88' lang='lat' dir='ltr'><strong>mea</strong></span> <span class='ocrx_word' id='word_1_466' title='bbox 1084 4848 1299 4895; x_wconf 89' lang='lat' dir='ltr'><strong>corona,</strong></span> <span class='ocrx_word' id='word_1_467' title='bbox 1352 4848 1472 4885; x_wconf 88' lang='lat' dir='ltr'><strong>mea</strong></span> <span class='ocrx_word' id='word_1_468' title='bbox 1495 4833 1794 4886; x_wconf 81' lang='lat' dir='ltr'><strong>substantia</strong></span> <span class='ocrx_word' id='word_1_469' title='bbox 1814 4871 1828 4893; x_wconf 90' lang='lat'><strong>,</strong></span> <span class='ocrx_word' id='word_1_470' title='bbox 1863 4847 1979 4885; x_wconf 91' lang='lat' dir='ltr'><strong>mea</strong></span> <span class='ocrx_word' id='word_1_471' title='bbox 1998 4831 2240 4897; x_wconf 88' lang='lat' dir='ltr'><strong>claritas,</strong></span> 
     </span>
    </p>
   </div>
   <div class='ocr_carea' id='block_1_68' title="bbox 650 4921 2236 4996">
    <p class='ocr_par' dir='ltr' id='par_1_68' title="bbox 650 4921 2236 4996">
     <span class='ocr_line' id='line_1_68' title="bbox 650 4921 2236 4996; baseline -0.002 -17"><span class='ocrx_word' id='word_1_472' title='bbox 650 4943 769 4980; x_wconf 88' lang='lat' dir='ltr'><strong>mea</strong></span> <span class='ocrx_word' id='word_1_473' title='bbox 814 4926 1028 4996; x_wconf 87' lang='lat' dir='ltr'><strong>gratia,</strong></span> <span class='ocrx_word' id='word_1_474' title='bbox 1084 4939 1276 4978; x_wconf 88' lang='lat' dir='ltr'><strong>nomen</strong></span> <span class='ocrx_word' id='word_1_475' title='bbox 1315 4921 1700 4989; x_wconf 82' lang='lat' dir='ltr'><strong>desiderabile,</strong></span> <span class='ocrx_word' id='word_1_476' title='bbox 1755 4923 2096 4994; x_wconf 84' lang='lat' dir='ltr'><strong>divinumque</strong></span> <span class='ocrx_word' id='word_1_477' title='bbox 2143 4941 2236 4978; x_wconf 90' lang='lat' dir='ltr'><strong>no-</strong></span> 
     </span>
    </p>
   </div>
   <div class='ocr_carea' id='block_1_69' title="bbox 648 5032 790 5070">
    <p class='ocr_par' dir='ltr' id='par_1_69' title="bbox 648 5032 790 5070">
     <span class='ocr_line' id='line_1_69' title="bbox 648 5032 790 5070; baseline -0.007 0"><span class='ocrx_word' id='word_1_478' title='bbox 648 5032 790 5070; x_wconf 87' lang='lat' dir='ltr'><strong>men.</strong></span> 
     </span>
    </p>
   </div>
   <div class='ocr_carea' id='block_1_70' title="bbox 723 5106 2229 5178">
    <p class='ocr_par' dir='ltr' id='par_1_70' title="bbox 723 5106 2229 5178">
     <span class='ocr_line' id='line_1_70' title="bbox 723 5106 2229 5178; baseline -0.003 -15"><span class='ocrx_word' id='word_1_479' title='bbox 723 5106 938 5163; x_wconf 85' lang='lat' dir='ltr'><strong>Gratias</strong></span> <span class='ocrx_word' id='word_1_480' title='bbox 981 5107 1098 5170; x_wconf 88' lang='lat' dir='ltr'><strong>tibi,</strong></span> <span class='ocrx_word' id='word_1_481' title='bbox 1128 5106 1274 5173; x_wconf 75' lang='lat' dir='ltr'><strong>Iesu,</strong></span> <span class='ocrx_word' id='word_1_482' title='bbox 1339 5109 1460 5162; x_wconf 75' lang='lat' dir='ltr'><strong>vita:</strong></span> <span class='ocrx_word' id='word_1_483' title='bbox 1497 5123 1646 5172; x_wconf 81' lang='lat' dir='ltr'><strong>mete,</strong></span> <span class='ocrx_word' id='word_1_484' title='bbox 1685 5123 1815 5163; x_wconf 74' lang='lat' dir='ltr'><strong>mea:</strong></span> <span class='ocrx_word' id='word_1_485' title='bbox 1867 5108 2229 5178; x_wconf 85' lang='lat' dir='ltr'><strong>respirationi,</strong></span> 
     </span>
    </p>
   </div>
   <div class='ocr_carea' id='block_1_71' title="bbox 651 5199 2230 5270">
    <p class='ocr_par' dir='ltr' id='par_1_71' title="bbox 651 5199 2230 5270">
     <span class='ocr_line' id='line_1_71' title="bbox 651 5199 2230 5270; baseline 0.001 -17"><span class='ocrx_word' id='word_1_486' title='bbox 651 5201 761 5253; x_wconf 90' lang='lat' dir='ltr'><strong>alto</strong></span> <span class='ocrx_word' id='word_1_487' title='bbox 828 5199 1002 5254; x_wconf 87' lang='lat' dir='ltr'><strong>cordis</strong></span> <span class='ocrx_word' id='word_1_488' title='bbox 1070 5199 1173 5253; x_wconf 89' lang='lat' dir='ltr'><strong>mei</strong></span> <span class='ocrx_word' id='word_1_489' title='bbox 1233 5200 1442 5265; x_wconf 85' lang='lat' dir='ltr'><strong>sensui,</strong></span> <span class='ocrx_word' id='word_1_490' title='bbox 1485 5199 1674 5254; x_wconf 86' lang='lat' dir='ltr'><strong>mentis</strong></span> <span class='ocrx_word' id='word_1_491' title='bbox 1735 5214 1866 5254; x_wconf 73' lang='lat' dir='ltr'><strong>mea:</strong></span> <span class='ocrx_word' id='word_1_492' title='bbox 1895 5200 2230 5270; x_wconf 86' lang='lat' dir='ltr'><strong>gloriationi,</strong></span> 
     </span>
    </p>
   </div>
   <div class='ocr_carea' id='block_1_72' title="bbox 655 5289 2236 5363">
    <p class='ocr_par' dir='ltr' id='par_1_72' title="bbox 655 5289 2236 5363">
     <span class='ocr_line' id='line_1_72' title="bbox 655 5289 2236 5363; baseline 0.002 -19"><span class='ocrx_word' id='word_1_493' title='bbox 655 5307 806 5363; x_wconf 81' lang='lat' dir='ltr'><strong>quem</strong></span> <span class='ocrx_word' id='word_1_494' title='bbox 829 5289 924 5345; x_wconf 89' lang='lat' dir='ltr'><strong>Dei</strong></span> <span class='ocrx_word' id='word_1_495' title='bbox 955 5306 1135 5344; x_wconf 90' lang='lat' dir='ltr'><strong>amore</strong></span> <span class='ocrx_word' id='word_1_496' title='bbox 1165 5307 1287 5346; x_wconf 90' lang='lat' dir='ltr'><strong>amo</strong></span> <span class='ocrx_word' id='word_1_497' title='bbox 1320 5308 1420 5363; x_wconf 88' lang='lat' dir='ltr'><strong>quo</strong></span> <span class='ocrx_word' id='word_1_498' title='bbox 1451 5293 1559 5361; x_wconf 79' lang='lat' dir='ltr'><strong>trui</strong></span> <span class='ocrx_word' id='word_1_499' title='bbox 1583 5291 1736 5347; x_wconf 89' lang='lat' dir='ltr'><strong>liceat</strong></span> <span class='ocrx_word' id='word_1_500' title='bbox 1763 5302 1968 5348; x_wconf 65' lang='lat' dir='ltr'><strong>(eterna</strong></span> <span class='ocrx_word' id='word_1_501' title='bbox 1992 5291 2236 5363; x_wconf 81' lang='lat' dir='ltr'><strong>uolupta-</strong></span> 
     </span>
    </p>
   </div>
   <div class='ocr_carea' id='block_1_73' title="bbox 657 5384 2236 5456">
    <p class='ocr_par' dir='ltr' id='par_1_73' title="bbox 657 5384 2236 5456">
     <span class='ocr_line' id='line_1_73' title="bbox 657 5384 2236 5456; baseline -0.001 -16"><span class='ocrx_word' id='word_1_502' title='bbox 657 5397 706 5440; x_wconf 91' lang='lat' dir='ltr'><strong>te</strong></span> <span class='ocrx_word' id='word_1_503' title='bbox 730 5403 748 5451; x_wconf 89' lang='lat'><strong><em>;</em></strong></span> <span class='ocrx_word' id='word_1_504' title='bbox 783 5401 941 5456; x_wconf 89' lang='lat' dir='ltr'><strong>quem</strong></span> <span class='ocrx_word' id='word_1_505' title='bbox 971 5384 1155 5452; x_wconf 88' lang='lat' dir='ltr'><strong>habeo,</strong></span> <span class='ocrx_word' id='word_1_506' title='bbox 1191 5401 1345 5454; x_wconf 89' lang='lat' dir='ltr'><strong>quem</strong></span> <span class='ocrx_word' id='word_1_507' title='bbox 1362 5386 1504 5452; x_wconf 90' lang='lat' dir='ltr'><strong>sitio,</strong></span> <span class='ocrx_word' id='word_1_508' title='bbox 1526 5387 1612 5440; x_wconf 87' lang='lat' dir='ltr'><strong>cui</strong></span> <span class='ocrx_word' id='word_1_509' title='bbox 1639 5387 1772 5454; x_wconf 79' lang='lat' dir='ltr'><strong>vivo,</strong></span> <span class='ocrx_word' id='word_1_510' title='bbox 1806 5402 1868 5440; x_wconf 87' lang='lat' dir='ltr'><strong>ac</strong></span> <span class='ocrx_word' id='word_1_511' title='bbox 1897 5387 1984 5441; x_wconf 78' lang='lat' dir='ltr'><strong>cui</strong></span> <span class='ocrx_word' id='word_1_512' title='bbox 2009 5402 2128 5440; x_wconf 90' lang='lat' dir='ltr'><strong>sum</strong></span> <span class='ocrx_word' id='word_1_513' title='bbox 2151 5384 2236 5440; x_wconf 88' lang='lat' dir='ltr'><strong>al-</strong></span> 
     </span>
    </p>
   </div>
   <div class='ocr_carea' id='block_1_74' title="bbox 659 5476 2239 5549">
    <p class='ocr_par' dir='ltr' id='par_1_74' title="bbox 659 5476 2239 5549">
     <span class='ocr_line' id='line_1_74' title="bbox 659 5476 2239 5549; baseline 0 -18"><span class='ocrx_word' id='word_1_514' title='bbox 659 5477 870 5546; x_wconf 77' lang='lat' dir='ltr'><strong>ligatus,</strong></span> <span class='ocrx_word' id='word_1_515' title='bbox 910 5485 959 5530; x_wconf 91' lang='lat' dir='ltr'><strong>et</strong></span> <span class='ocrx_word' id='word_1_516' title='bbox 987 5476 1058 5532; x_wconf 86' lang='lat' dir='ltr'><strong>ad</strong></span> <span class='ocrx_word' id='word_1_517' title='bbox 1091 5492 1247 5547; x_wconf 85' lang='lat' dir='ltr'><strong>quem</strong></span> <span class='ocrx_word' id='word_1_518' title='bbox 1267 5492 1459 5549; x_wconf 89' lang='lat' dir='ltr'><strong>urgeor</strong></span> <span class='ocrx_word' id='word_1_519' title='bbox 1487 5478 1864 5548; x_wconf 83' lang='lat' dir='ltr'><strong>provehorque,</strong></span> <span class='ocrx_word' id='word_1_520' title='bbox 1890 5494 1953 5533; x_wconf 90' lang='lat' dir='ltr'><strong>ac</strong></span> <span class='ocrx_word' id='word_1_521' title='bbox 1998 5485 2239 5532; x_wconf 79' lang='lat' dir='ltr'><strong>contente</strong></span> 
     </span>
    </p>
   </div>
   <div class='ocr_carea' id='block_1_75' title="bbox 661 5569 924 5623">
    <p class='ocr_par' dir='ltr' id='par_1_75' title="bbox 661 5569 924 5623">
     <span class='ocr_line' id='line_1_75' title="bbox 661 5569 924 5623; baseline -0.011 0"><span class='ocrx_word' id='word_1_522' title='bbox 661 5569 924 5623; x_wconf 69' lang='lat' dir='ltr'><strong>contendo.</strong></span> 
     </span>
    </p>
   </div>
   <div class='ocr_carea' id='block_1_76' title="bbox 725 5755 1676 5822">
    <p class='ocr_par' dir='ltr' id='par_1_76' title="bbox 725 5755 1676 5822">
     <span class='ocr_line' id='line_1_76' title="bbox 725 5755 1676 5822; baseline 0.004 -17"><span class='ocrx_word' id='word_1_523' title='bbox 725 5760 766 5784; x_wconf 82' lang='lat'><strong>&quot;</strong></span> <span class='ocrx_word' id='word_1_524' title='bbox 803 5755 958 5807; x_wconf 75' lang='lat' dir='ltr'><strong>Juan.</strong></span> <span class='ocrx_word' id='word_1_525' title='bbox 987 5772 1058 5821; x_wconf 63' lang='grc' dir='ltr'><strong>τι,</strong></span> <span class='ocrx_word' id='word_1_526' title='bbox 1087 5758 1174 5811; x_wconf 66' lang='lat'><strong>‘39.</strong></span> <span class='ocrx_word' id='word_1_527' title='bbox 1251 5758 1296 5789; x_wconf 82' lang='lat'>&quot;</span> <span class='ocrx_word' id='word_1_528' title='bbox 1326 5757 1346 5811; x_wconf 78' lang='grc' dir='ltr'><strong>Ι</strong></span> <span class='ocrx_word' id='word_1_529' title='bbox 1375 5756 1530 5811; x_wconf 79' lang='lat' dir='ltr'><strong>Joan.</strong></span> <span class='ocrx_word' id='word_1_530' title='bbox 1567 5773 1602 5822; x_wconf 87' lang='grc' dir='ltr'>Ι,</span> <span class='ocrx_word' id='word_1_531' title='bbox 1623 5758 1676 5810; x_wconf 73' lang='lat'><strong>‘2.</strong></span> 
     </span>
    </p>
   </div>
   <div class='ocr_carea' id='block_1_77' title="bbox 2405 1982 3909 2062">
    <p class='ocr_par' dir='ltr' id='par_1_77' title="bbox 2405 1982 3909 2062">
     <span class='ocr_line' id='line_1_77' title="bbox 2405 1982 3909 2062; baseline -0.011 -12"><span class='ocrx_word' id='word_1_532' title='bbox 2405 1995 2503 2062; x_wconf 80' lang='grc' dir='ltr'><strong>Μὴ</strong></span> <span class='ocrx_word' id='word_1_533' title='bbox 2543 1990 2658 2050; x_wconf 84' lang='grc' dir='ltr'>οὖν</span> <span class='ocrx_word' id='word_1_534' title='bbox 2688 1994 2788 2047; x_wconf 73' lang='grc' dir='ltr'><strong>ἐπὶ</strong></span> <span class='ocrx_word' id='word_1_535' title='bbox 2822 1990 2948 2058; x_wconf 84' lang='grc' dir='ltr'>τοῖς</span> <span class='ocrx_word' id='word_1_536' title='bbox 2979 1989 3357 2060; x_wconf 79' lang='grc' dir='ltr'>ἀναιροῦσιν,</span> <span class='ocrx_word' id='word_1_537' title='bbox 3392 1982 3441 2041; x_wconf 83' lang='grc' dir='ltr'>ὦ</span> <span class='ocrx_word' id='word_1_538' title='bbox 3473 1985 3676 2049; x_wconf 84' lang='grc' dir='ltr'>τέκνα,</span> <span class='ocrx_word' id='word_1_539' title='bbox 3708 1983 3909 2051; x_wconf 83' lang='grc' dir='ltr'>δυσχε-</span> 
     </span>
    </p>
   </div>
   <div class='ocr_carea' id='block_1_78' title="bbox 2329 2073 3916 2155">
    <p class='ocr_par' dir='ltr' id='par_1_78' title="bbox 2329 2073 3916 2155">
     <span class='ocr_line' id='line_1_78' title="bbox 2329 2073 3916 2155; baseline -0.009 -15"><span class='ocrx_word' id='word_1_540' title='bbox 2329 2089 2582 2155; x_wconf 88' lang='grc' dir='ltr'>ραίνειν.</span> <span class='ocrx_word' id='word_1_541' title='bbox 2614 2087 2891 2149; x_wconf 82' lang='grc' dir='ltr'>Ἀκοντες</span> <span class='ocrx_word' id='word_1_542' title='bbox 2920 2081 3032 2152; x_wconf 79' lang='grc' dir='ltr'>γὰρ</span> <span class='ocrx_word' id='word_1_543' title='bbox 3048 2078 3432 2142; x_wconf 65' lang='grc' dir='ltr'>ζωοποιοῦσν</span> <span class='ocrx_word' id='word_1_544' title='bbox 3461 2077 3558 2130; x_wconf 79' lang='grc' dir='ltr'>καὶ</span> <span class='ocrx_word' id='word_1_545' title='bbox 3585 2073 3816 2129; x_wconf 82' lang='grc' dir='ltr'>κακοῦν</span> <span class='ocrx_word' id='word_1_546' title='bbox 3831 2091 3916 2126; x_wconf 85' lang='grc' dir='ltr'>νο-</span> 
     </span>
    </p>
   </div>
   <div class='ocr_carea' id='block_1_79' title="bbox 2331 2167 3921 2249">
    <p class='ocr_par' dir='ltr' id='par_1_79' title="bbox 2331 2167 3921 2249">
     <span class='ocr_line' id='line_1_79' title="bbox 2331 2167 3921 2249; baseline -0.009 -17"><span class='ocrx_word' id='word_1_547' title='bbox 2331 2178 2621 2249; x_wconf 80' lang='grc' dir='ltr'>μίζοντες,</span> <span class='ocrx_word' id='word_1_548' title='bbox 2677 2175 3056 2245; x_wconf 81' lang='grc' dir='ltr'>εὐεργετοῦσι</span> <span class='ocrx_word' id='word_1_549' title='bbox 3075 2189 3089 2204; x_wconf 87' lang='grc'><strong>·</strong></span> <span class='ocrx_word' id='word_1_550' title='bbox 3145 2173 3246 2227; x_wconf 83' lang='grc' dir='ltr'><strong>καί</strong></span> <span class='ocrx_word' id='word_1_551' title='bbox 3273 2167 3527 2240; x_wconf 84' lang='grc' dir='ltr'>ἀτιμοῦν</span> <span class='ocrx_word' id='word_1_552' title='bbox 3550 2169 3826 2237; x_wconf 70' lang='grc' dir='ltr'>οἰόμενοι.</span> <span class='ocrx_word' id='word_1_553' title='bbox 3852 2183 3921 2219; x_wconf 81' lang='lat' dir='ltr'><strong>rt-</strong></span> 
     </span>
    </p>
   </div>
   <div class='ocr_carea' id='block_1_80' title="bbox 2332 2259 3926 2342">
    <p class='ocr_par' dir='ltr' id='par_1_80' title="bbox 2332 2259 3926 2342">
     <span class='ocr_line' id='line_1_80' title="bbox 2332 2259 3926 2342; baseline -0.008 -18"><span class='ocrx_word' id='word_1_554' title='bbox 2332 2272 2489 2342; x_wconf 86' lang='grc' dir='ltr'>μῶσι</span> <span class='ocrx_word' id='word_1_555' title='bbox 2513 2291 2527 2303; x_wconf 90' lang='grc'><strong>·</strong></span> <span class='ocrx_word' id='word_1_556' title='bbox 2555 2269 2654 2325; x_wconf 76' lang='grc' dir='ltr'><strong>καί</strong></span> <span class='ocrx_word' id='word_1_557' title='bbox 2685 2271 2912 2324; x_wconf 73' lang='grc' dir='ltr'>θλίϐειν</span> <span class='ocrx_word' id='word_1_558' title='bbox 2938 2268 3284 2338; x_wconf 76' lang='grc' dir='ltr'>ἡγούμενοι,</span> <span class='ocrx_word' id='word_1_559' title='bbox 3316 2265 3467 2333; x_wconf 68' lang='grc' dir='ltr'>πρὸς</span> <span class='ocrx_word' id='word_1_560' title='bbox 3489 2262 3604 2329; x_wconf 79' lang='grc' dir='ltr'>τὴν</span> <span class='ocrx_word' id='word_1_561' title='bbox 3637 2259 3926 2327; x_wconf 76' lang='grc' dir='ltr'>ἀληθινὴν</span> 
     </span>
    </p>
   </div>
   <div class='ocr_carea' id='block_1_81' title="bbox 2339 2349 3926 2432">
    <p class='ocr_par' dir='ltr' id='par_1_81' title="bbox 2339 2349 3926 2432">
     <span class='ocr_line' id='line_1_81' title="bbox 2339 2349 3926 2432; baseline -0.01 -14"><span class='ocrx_word' id='word_1_562' title='bbox 2339 2364 2440 2418; x_wconf 79' lang='grc' dir='ltr'>καὶ</span> <span class='ocrx_word' id='word_1_563' title='bbox 2462 2364 2800 2432; x_wconf 79' lang='grc' dir='ltr'>ἇρῤευστον</span> <span class='ocrx_word' id='word_1_564' title='bbox 2821 2357 3287 2428; x_wconf 77' lang='grc' dir='ltr'>παραπέμπουσι</span> <span class='ocrx_word' id='word_1_565' title='bbox 3317 2353 3530 2424; x_wconf 84' lang='grc' dir='ltr'>χαράν.</span> <span class='ocrx_word' id='word_1_566' title='bbox 3544 2354 3786 2407; x_wconf 81' lang='grc' dir='ltr'>Οὔκουν</span> <span class='ocrx_word' id='word_1_567' title='bbox 3809 2349 3926 2418; x_wconf 78' lang='grc' dir='ltr'>ἐμοί</span> 
     </span>
    </p>
   </div>
   <div class='ocr_carea' id='block_1_82' title="bbox 2339 2443 3929 2526">
    <p class='ocr_par' dir='ltr' id='par_1_82' title="bbox 2339 2443 3929 2526">
     <span class='ocr_line' id='line_1_82' title="bbox 2339 2443 3929 2526; baseline -0.008 -18"><span class='ocrx_word' id='word_1_568' title='bbox 2339 2459 2700 2526; x_wconf 76' lang='grc' dir='ltr'>δυσθυμίας,</span> <span class='ocrx_word' id='word_1_569' title='bbox 2721 2456 2831 2508; x_wconf 87' lang='grc' dir='ltr'>οὐκ</span> <span class='ocrx_word' id='word_1_570' title='bbox 2851 2453 3046 2518; x_wconf 87' lang='grc' dir='ltr'>ἀνίας,</span> <span class='ocrx_word' id='word_1_571' title='bbox 3071 2450 3214 2506; x_wconf 76' lang='grc' dir='ltr'>οὐδὲ</span> <span class='ocrx_word' id='word_1_572' title='bbox 3240 2451 3444 2516; x_wconf 72' lang='grc' dir='ltr'>λύπης</span> <span class='ocrx_word' id='word_1_573' title='bbox 3469 2446 3647 2508; x_wconf 77' lang='grc' dir='ltr'>αἰτία,</span> <span class='ocrx_word' id='word_1_574' title='bbox 3672 2445 3710 2512; x_wconf 76' lang='grc' dir='ltr'><strong>ἠ</strong></span> <span class='ocrx_word' id='word_1_575' title='bbox 3731 2443 3929 2508; x_wconf 84' lang='grc' dir='ltr'>ἄδικος</span> 
     </span>
    </p>
   </div>
   <div class='ocr_carea' id='block_1_83' title="bbox 2341 2537 3932 2620">
    <p class='ocr_par' dir='ltr' id='par_1_83' title="bbox 2341 2537 3932 2620">
     <span class='ocr_line' id='line_1_83' title="bbox 2341 2537 3932 2620; baseline -0.011 -14"><span class='ocrx_word' id='word_1_576' title='bbox 2341 2553 2492 2619; x_wconf 73' lang='grc' dir='ltr'>αὕτη</span> <span class='ocrx_word' id='word_1_577' title='bbox 2523 2548 2875 2620; x_wconf 78' lang='grc' dir='ltr'>νομιζομένη</span> <span class='ocrx_word' id='word_1_578' title='bbox 2906 2541 3254 2616; x_wconf 72' lang='grc' dir='ltr'>κρίσις.⁷Ην</span> <span class='ocrx_word' id='word_1_579' title='bbox 3287 2543 3366 2596; x_wconf 80' lang='grc' dir='ltr'>ἄν</span> <span class='ocrx_word' id='word_1_580' title='bbox 3393 2559 3517 2612; x_wconf 87' lang='grc' dir='ltr'>μοι,</span> <span class='ocrx_word' id='word_1_581' title='bbox 3550 2538 3769 2609; x_wconf 66' lang='grc' dir='ltr'>φησιν,</span> <span class='ocrx_word' id='word_1_582' title='bbox 3789 2537 3932 2606; x_wconf 70' lang='grc' dir='ltr'>σφό-</span> 
     </span>
    </p>
   </div>
   <div class='ocr_carea' id='block_1_84' title="bbox 2343 2629 3936 2710">
    <p class='ocr_par' dir='ltr' id='par_1_84' title="bbox 2343 2629 3936 2710">
     <span class='ocr_line' id='line_1_84' title="bbox 2343 2629 3936 2710; baseline -0.009 -16"><span class='ocrx_word' id='word_1_583' title='bbox 2343 2643 2456 2710; x_wconf 87' lang='grc' dir='ltr'><strong>δρα</strong></span> <span class='ocrx_word' id='word_1_584' title='bbox 2482 2640 2748 2708; x_wconf 72' lang='grc' dir='ltr'>λυπηρὰ,</span> <span class='ocrx_word' id='word_1_585' title='bbox 2785 2638 2881 2692; x_wconf 79' lang='grc' dir='ltr'>καὶ</span> <span class='ocrx_word' id='word_1_586' title='bbox 2915 2638 3100 2703; x_wconf 77' lang='grc' dir='ltr'>ὅντως</span> <span class='ocrx_word' id='word_1_587' title='bbox 3123 2635 3384 2691; x_wconf 84' lang='grc' dir='ltr'>θανάτου</span> <span class='ocrx_word' id='word_1_588' title='bbox 3413 2633 3729 2702; x_wconf 77' lang='grc' dir='ltr'>πρόξενος,</span> <span class='ocrx_word' id='word_1_589' title='bbox 3772 2629 3936 2696; x_wconf 81' lang='grc' dir='ltr'>ειπερ</span> 
     </span>
    </p>
   </div>
   <div class='ocr_carea' id='block_1_85' title="bbox 2343 2721 3935 2802">
    <p class='ocr_par' dir='ltr' id='par_1_85' title="bbox 2343 2721 3935 2802">
     <span class='ocr_line' id='line_1_85' title="bbox 2343 2721 3935 2802; baseline -0.008 -16"><span class='ocrx_word' id='word_1_590' title='bbox 2343 2733 2583 2798; x_wconf 78' lang='grc' dir='ltr'>ἔνδικος</span> <span class='ocrx_word' id='word_1_591' title='bbox 2615 2729 2694 2802; x_wconf 84' lang='grc' dir='ltr'>ἦν</span> <span class='ocrx_word' id='word_1_592' title='bbox 2714 2748 2726 2760; x_wconf 91' lang='grc'><strong>·</strong></span> <span class='ocrx_word' id='word_1_593' title='bbox 2750 2733 2802 2785; x_wconf 86' lang='grc' dir='ltr'>εὶ</span> <span class='ocrx_word' id='word_1_594' title='bbox 2833 2727 3308 2798; x_wconf 79' lang='grc' dir='ltr'>κακουργοῦντες</span> <span class='ocrx_word' id='word_1_595' title='bbox 3325 2725 3595 2794; x_wconf 78' lang='grc' dir='ltr'>ἑάλωμεν</span> <span class='ocrx_word' id='word_1_596' title='bbox 3613 2739 3626 2752; x_wconf 94' lang='grc'><strong>·</strong></span> <span class='ocrx_word' id='word_1_597' title='bbox 3656 2724 3707 2776; x_wconf 81' lang='grc' dir='ltr'><strong>εί</strong></span> <span class='ocrx_word' id='word_1_598' title='bbox 3727 2721 3935 2785; x_wconf 76' lang='grc' dir='ltr'>ἀξίους</span> 
     </span>
    </p>
   </div>
   <div class='ocr_carea' id='block_1_86' title="bbox 2344 2812 3938 2889">
    <p class='ocr_par' dir='ltr' id='par_1_86' title="bbox 2344 2812 3938 2889">
     <span class='ocr_line' id='line_1_86' title="bbox 2344 2812 3938 2889; baseline -0.008 -12"><span class='ocrx_word' id='word_1_599' title='bbox 2344 2821 2597 2889; x_wconf 83' lang='grc' dir='ltr'>ἑαυτοὺς</span> <span class='ocrx_word' id='word_1_600' title='bbox 2631 2821 2888 2877; x_wconf 83' lang='grc' dir='ltr'>θανάτου</span> <span class='ocrx_word' id='word_1_601' title='bbox 2917 2819 2998 2885; x_wconf 89' lang='grc' dir='ltr'>τῷ</span> <span class='ocrx_word' id='word_1_602' title='bbox 3013 2818 3262 2887; x_wconf 81' lang='grc' dir='ltr'>Αίγεάτῃ</span> <span class='ocrx_word' id='word_1_603' title='bbox 3298 2815 3799 2886; x_wconf 75' lang='grc' dir='ltr'>παρεστήσαμενο</span> <span class='ocrx_word' id='word_1_604' title='bbox 3825 2812 3938 2866; x_wconf 74' lang='grc' dir='ltr'>νῦν·</span> 
     </span>
    </p>
   </div>
   <div class='ocr_carea' id='block_1_87' title="bbox 2344 2904 3934 2982">
    <p class='ocr_par' dir='ltr' id='par_1_87' title="bbox 2344 2904 3934 2982">
     <span class='ocr_line' id='line_1_87' title="bbox 2344 2904 3934 2982; baseline -0.009 -13"><span class='ocrx_word' id='word_1_605' title='bbox 2344 2915 2412 2968; x_wconf 82' lang='grc' dir='ltr'>δὲ</span> <span class='ocrx_word' id='word_1_606' title='bbox 2449 2914 2603 2982; x_wconf 78' lang='grc' dir='ltr'>ζωὴν</span> <span class='ocrx_word' id='word_1_607' title='bbox 2628 2912 2849 2982; x_wconf 73' lang='grc' dir='ltr'>ἀληθῆ,</span> <span class='ocrx_word' id='word_1_608' title='bbox 2875 2911 3028 2980; x_wconf 77' lang='grc' dir='ltr'>ζωὴν</span> <span class='ocrx_word' id='word_1_609' title='bbox 3046 2910 3362 2981; x_wconf 85' lang='grc' dir='ltr'>μένουσαν</span> <span class='ocrx_word' id='word_1_610' title='bbox 3391 2909 3674 2979; x_wconf 71' lang='grc' dir='ltr'>ἄρρητον,</span> <span class='ocrx_word' id='word_1_611' title='bbox 3713 2905 3790 2976; x_wconf 78' lang='grc' dir='ltr'>ἢν</span> <span class='ocrx_word' id='word_1_612' title='bbox 3816 2904 3934 2969; x_wconf 82' lang='grc' dir='ltr'>τοῖς</span> 
     </span>
    </p>
   </div>
   <div class='ocr_carea' id='block_1_88' title="bbox 2347 2995 3936 3076">
    <p class='ocr_par' dir='ltr' id='par_1_88' title="bbox 2347 2995 3936 3076">
     <span class='ocr_line' id='line_1_88' title="bbox 2347 2995 3936 3076; baseline -0.008 -18"><span class='ocrx_word' id='word_1_613' title='bbox 2347 3004 2676 3076; x_wconf 66' lang='grc' dir='ltr'>ὀφθαλμοῖς</span> <span class='ocrx_word' id='word_1_614' title='bbox 2703 3003 3066 3072; x_wconf 79' lang='grc' dir='ltr'>ἑωράκαμεν,</span> <span class='ocrx_word' id='word_1_615' title='bbox 3109 3001 3235 3066; x_wconf 82' lang='grc' dir='ltr'>ταῖς</span> <span class='ocrx_word' id='word_1_616' title='bbox 3285 2999 3499 3069; x_wconf 76' lang='grc' dir='ltr'>χερσὶν</span> <span class='ocrx_word' id='word_1_617' title='bbox 3533 2995 3936 3066; x_wconf 50' lang='lat' dir='ltr'><strong>malast-rida-</strong></span> 
     </span>
    </p>
   </div>
   <div class='ocr_carea' id='block_1_89' title="bbox 2348 3085 3936 3166">
    <p class='ocr_par' dir='ltr' id='par_1_89' title="bbox 2348 3085 3936 3166">
     <span class='ocr_line' id='line_1_89' title="bbox 2348 3085 3936 3166; baseline -0.009 -15"><span class='ocrx_word' id='word_1_618' title='bbox 2348 3090 2490 3166; x_wconf 53' lang='grc' dir='ltr'>μεθ’</span> <span class='ocrx_word' id='word_1_619' title='bbox 2525 3090 2602 3165; x_wconf 83' lang='grc' dir='ltr'>ἧς</span> <span class='ocrx_word' id='word_1_620' title='bbox 2618 3094 2718 3148; x_wconf 86' lang='grc' dir='ltr'>διὰ</span> <span class='ocrx_word' id='word_1_621' title='bbox 2746 3094 2957 3162; x_wconf 85' lang='grc' dir='ltr'>πείρας</span> <span class='ocrx_word' id='word_1_622' title='bbox 2984 3091 3330 3162; x_wconf 78' lang='grc' dir='ltr'>ἐγνώκαμεν</span> <span class='ocrx_word' id='word_1_623' title='bbox 3352 3089 3468 3156; x_wconf 83' lang='grc' dir='ltr'>τὴν</span> <span class='ocrx_word' id='word_1_624' title='bbox 3486 3087 3763 3156; x_wconf 83' lang='grc' dir='ltr'>δύναμιν,</span> <span class='ocrx_word' id='word_1_625' title='bbox 3799 3085 3936 3138; x_wconf 80' lang='grc' dir='ltr'>ταύ-</span> 
     </span>
    </p>
   </div>
   <div class='ocr_carea' id='block_1_90' title="bbox 2348 3177 3936 3257">
    <p class='ocr_par' dir='ltr' id='par_1_90' title="bbox 2348 3177 3936 3257">
     <span class='ocr_line' id='line_1_90' title="bbox 2348 3177 3936 3257; baseline -0.009 -15"><span class='ocrx_word' id='word_1_626' title='bbox 2348 3204 2463 3256; x_wconf 88' lang='grc' dir='ltr'><strong>την</strong></span> <span class='ocrx_word' id='word_1_627' title='bbox 2482 3184 3014 3257; x_wconf 73' lang='grc' dir='ltr'>εὐαγγελιζόμενοι,</span> <span class='ocrx_word' id='word_1_628' title='bbox 3035 3183 3131 3236; x_wconf 80' lang='grc' dir='ltr'>καὶ</span> <span class='ocrx_word' id='word_1_629' title='bbox 3151 3183 3516 3250; x_wconf 79' lang='grc' dir='ltr'>βουλόμενοι</span> <span class='ocrx_word' id='word_1_630' title='bbox 3533 3178 3760 3243; x_wconf 78' lang='grc' dir='ltr'>πάντας</span> <span class='ocrx_word' id='word_1_631' title='bbox 3784 3177 3936 3229; x_wconf 81' lang='grc' dir='ltr'>ὅσον</span> 
     </span>
    </p>
   </div>
   <div class='ocr_carea' id='block_1_91' title="bbox 2349 3267 3921 3348">
    <p class='ocr_par' dir='ltr' id='par_1_91' title="bbox 2349 3267 3921 3348">
     <span class='ocr_line' id='line_1_91' title="bbox 2349 3267 3921 3348; baseline -0.01 -16"><span class='ocrx_word' id='word_1_632' title='bbox 2349 3280 2440 3348; x_wconf 69' lang='grc' dir='ltr'><strong>ἐφ’</strong></span> <span class='ocrx_word' id='word_1_633' title='bbox 2472 3277 2638 3346; x_wconf 77' lang='grc' dir='ltr'>ἡμῖν,</span> <span class='ocrx_word' id='word_1_634' title='bbox 2674 3276 2781 3330; x_wconf 90' lang='grc' dir='ltr'><strong>τοῦ</strong></span> <span class='ocrx_word' id='word_1_635' title='bbox 2807 3275 3033 3346; x_wconf 76' lang='grc' dir='ltr'>ἀγαθοῦ</span> <span class='ocrx_word' id='word_1_636' title='bbox 3062 3273 3271 3328; x_wconf 76' lang='grc' dir='ltr'>λαϐεῖν</span> <span class='ocrx_word' id='word_1_637' title='bbox 3303 3271 3645 3338; x_wconf 86' lang='grc' dir='ltr'>κοινωνοὺς,</span> <span class='ocrx_word' id='word_1_638' title='bbox 3678 3267 3772 3321; x_wconf 77' lang='grc' dir='ltr'>καὶ</span> <span class='ocrx_word' id='word_1_639' title='bbox 3802 3283 3921 3318; x_wconf 88' lang='grc' dir='ltr'>τοι-</span> 
     </span>
    </p>
   </div>
   <div class='ocr_carea' id='block_1_92' title="bbox 2350 3361 3919 3438">
    <p class='ocr_par' dir='ltr' id='par_1_92' title="bbox 2350 3361 3919 3438">
     <span class='ocr_line' id='line_1_92' title="bbox 2350 3361 3919 3438; baseline -0.009 -13"><span class='ocrx_word' id='word_1_640' title='bbox 2350 3373 2550 3435; x_wconf 87' lang='grc' dir='ltr'>ούτοις</span> <span class='ocrx_word' id='word_1_641' title='bbox 2579 3371 3038 3438; x_wconf 75' lang='grc' dir='ltr'>περιπίπτοντες</span> <span class='ocrx_word' id='word_1_642' title='bbox 3059 3368 3136 3421; x_wconf 85' lang='grc' dir='ltr'><strong>δι’</strong></span> <span class='ocrx_word' id='word_1_643' title='bbox 3159 3365 3374 3434; x_wconf 83' lang='grc' dir='ltr'>αὐτὴν,</span> <span class='ocrx_word' id='word_1_644' title='bbox 3410 3366 3480 3419; x_wconf 83' lang='grc' dir='ltr'>οὐ</span> <span class='ocrx_word' id='word_1_645' title='bbox 3512 3361 3919 3433; x_wconf 78' lang='grc' dir='ltr'>τιμωρούμεθα,</span> 
     </span>
    </p>
   </div>
   <div class='ocr_carea' id='block_1_93' title="bbox 2348 3448 3927 3532">
    <p class='ocr_par' dir='ltr' id='par_1_93' title="bbox 2348 3448 3927 3532">
     <span class='ocr_line' id='line_1_93' title="bbox 2348 3448 3927 3532; baseline -0.009 -15"><span class='ocrx_word' id='word_1_646' title='bbox 2348 3461 2711 3532; x_wconf 75' lang='grc' dir='ltr'>δοξαζόμεθα</span> <span class='ocrx_word' id='word_1_647' title='bbox 2768 3461 2870 3514; x_wconf 78' lang='grc' dir='ltr'><strong>δέ’</strong></span> <span class='ocrx_word' id='word_1_648' title='bbox 2922 3461 2995 3514; x_wconf 87' lang='grc' dir='ltr'>οὐ</span> <span class='ocrx_word' id='word_1_649' title='bbox 3044 3457 3426 3528; x_wconf 75' lang='grc' dir='ltr'>κολαζόμεθα,</span> <span class='ocrx_word' id='word_1_650' title='bbox 3481 3452 3778 3523; x_wconf 78' lang='grc' dir='ltr'>σωζόμεθα</span> <span class='ocrx_word' id='word_1_651' title='bbox 3838 3448 3927 3502; x_wconf 79' lang='grc' dir='ltr'><strong>δέ·</strong></span> 
     </span>
    </p>
   </div>
   <div class='ocr_carea' id='block_1_94' title="bbox 2351 3543 3945 3621">
    <p class='ocr_par' dir='ltr' id='par_1_94' title="bbox 2351 3543 3945 3621">
     <span class='ocr_line' id='line_1_94' title="bbox 2351 3543 3945 3621; baseline -0.007 -15"><span class='ocrx_word' id='word_1_652' title='bbox 2351 3555 2478 3609; x_wconf 87' lang='grc' dir='ltr'>οὐδ’</span> <span class='ocrx_word' id='word_1_653' title='bbox 2503 3556 2582 3621; x_wconf 87' lang='grc' dir='ltr'>ὡς</span> <span class='ocrx_word' id='word_1_654' title='bbox 2614 3552 2693 3607; x_wconf 77' lang='grc' dir='ltr'>ἄν</span> <span class='ocrx_word' id='word_1_655' title='bbox 2714 3571 2808 3619; x_wconf 87' lang='grc' dir='ltr'><strong>τις</strong></span> <span class='ocrx_word' id='word_1_656' title='bbox 2837 3550 3151 3615; x_wconf 71' lang='grc' dir='ltr'>ὑπολάϐοι,</span> <span class='ocrx_word' id='word_1_657' title='bbox 3172 3549 3602 3618; x_wconf 84' lang='grc' dir='ltr'>θανατούμεθα,</span> <span class='ocrx_word' id='word_1_658' title='bbox 3640 3543 3945 3613; x_wconf 78' lang='grc' dir='ltr'>ζωούμεθα</span> 
     </span>
    </p>
   </div>
   <div class='ocr_carea' id='block_1_95' title="bbox 2349 3635 3950 3718">
    <p class='ocr_par' dir='ltr' id='par_1_95' title="bbox 2349 3635 3950 3718">
     <span class='ocr_line' id='line_1_95' title="bbox 2349 3635 3950 3718; baseline -0.01 -18"><span class='ocrx_word' id='word_1_659' title='bbox 2349 3645 2438 3702; x_wconf 78' lang='grc' dir='ltr'><strong>δέ.</strong></span> <span class='ocrx_word' id='word_1_660' title='bbox 2468 3646 2532 3701; x_wconf 89' lang='grc' dir='ltr'>Τί</span> <span class='ocrx_word' id='word_1_661' title='bbox 2564 3645 2674 3718; x_wconf 83' lang='grc' dir='ltr'><strong>γὰρ</strong></span> <span class='ocrx_word' id='word_1_662' title='bbox 2702 3646 2764 3698; x_wconf 83' lang='grc' dir='ltr'>τὸ</span> <span class='ocrx_word' id='word_1_663' title='bbox 2795 3645 2934 3715; x_wconf 82' lang='grc' dir='ltr'>ὑπὲρ</span> <span class='ocrx_word' id='word_1_664' title='bbox 2966 3643 3169 3714; x_wconf 79' lang='grc' dir='ltr'>ἀρετῆς</span> <span class='ocrx_word' id='word_1_665' title='bbox 3202 3642 3506 3697; x_wconf 79' lang='grc' dir='ltr'>ἀδικεῖσθαι</span> <span class='ocrx_word' id='word_1_666' title='bbox 3543 3640 3636 3693; x_wconf 79' lang='grc' dir='ltr'>καὶ</span> <span class='ocrx_word' id='word_1_667' title='bbox 3679 3635 3950 3706; x_wconf 73' lang='grc' dir='ltr'>τιμωρεῖο</span> 
     </span>
    </p>
   </div>
   <div class='ocr_carea' id='block_1_96' title="bbox 2353 3727 3955 3809">
    <p class='ocr_par' dir='ltr' id='par_1_96' title="bbox 2353 3727 3955 3809">
     <span class='ocr_line' id='line_1_96' title="bbox 2353 3727 3955 3809; baseline -0.008 -17"><span class='ocrx_word' id='word_1_668' title='bbox 2353 3740 2477 3793; x_wconf 87' lang='grc' dir='ltr'>σθαι</span> <span class='ocrx_word' id='word_1_669' title='bbox 2521 3741 2548 3793; x_wconf 84' lang='grc' dir='ltr'>ὁ</span> <span class='ocrx_word' id='word_1_670' title='bbox 2583 3737 2962 3809; x_wconf 84' lang='grc' dir='ltr'>ἀνδρειότατος</span> <span class='ocrx_word' id='word_1_671' title='bbox 2992 3735 3327 3804; x_wconf 74' lang='grc' dir='ltr'>ἐφιλοσόφει,</span> <span class='ocrx_word' id='word_1_672' title='bbox 3375 3732 3490 3786; x_wconf 82' lang='grc' dir='ltr'>ἀλλ’</span> <span class='ocrx_word' id='word_1_673' title='bbox 3523 3731 3555 3802; x_wconf 78' lang='grc' dir='ltr'>ἢ</span> <span class='ocrx_word' id='word_1_674' title='bbox 3596 3727 3955 3784; x_wconf 79' lang='grc' dir='ltr'>δικαιοῦσθαι</span> 
     </span>
    </p>
   </div>
   <div class='ocr_carea' id='block_1_97' title="bbox 2349 3820 3960 3900">
    <p class='ocr_par' dir='ltr' id='par_1_97' title="bbox 2349 3820 3960 3900">
     <span class='ocr_line' id='line_1_97' title="bbox 2349 3820 3960 3900; baseline -0.008 -14"><span class='ocrx_word' id='word_1_675' title='bbox 2349 3834 2442 3887; x_wconf 77' lang='grc' dir='ltr'>καὶ</span> <span class='ocrx_word' id='word_1_676' title='bbox 2474 3829 2873 3900; x_wconf 81' lang='grc' dir='ltr'>στεφανοῦσθαι</span> <span class='ocrx_word' id='word_1_677' title='bbox 2901 3846 2915 3896; x_wconf 90' lang='grc'>;</span> <span class='ocrx_word' id='word_1_678' title='bbox 2975 3829 3041 3882; x_wconf 81' lang='grc' dir='ltr'>Τί</span> <span class='ocrx_word' id='word_1_679' title='bbox 3068 3828 3124 3881; x_wconf 82' lang='grc' dir='ltr'>δὲ</span> <span class='ocrx_word' id='word_1_680' title='bbox 3157 3827 3219 3880; x_wconf 88' lang='grc' dir='ltr'>τὸ</span> <span class='ocrx_word' id='word_1_681' title='bbox 3249 3827 3389 3896; x_wconf 80' lang='grc' dir='ltr'>ὑπὲρ</span> <span class='ocrx_word' id='word_1_682' title='bbox 3418 3827 3517 3896; x_wconf 80' lang='grc' dir='ltr'>τῆς</span> <span class='ocrx_word' id='word_1_683' title='bbox 3551 3821 3734 3892; x_wconf 78' lang='grc' dir='ltr'>Ἰησοῦ</span> <span class='ocrx_word' id='word_1_684' title='bbox 3791 3820 3960 3891; x_wconf 80' lang='grc' dir='ltr'>δόξης</span> 
     </span>
    </p>
   </div>
   <div class='ocr_carea' id='block_1_98' title="bbox 2350 3911 3969 3994">
    <p class='ocr_par' dir='ltr' id='par_1_98' title="bbox 2350 3911 3969 3994">
     <span class='ocr_line' id='line_1_98' title="bbox 2350 3911 3969 3994; baseline -0.007 -18"><span class='ocrx_word' id='word_1_685' title='bbox 2350 3921 2719 3994; x_wconf 84' lang='grc' dir='ltr'>σταυροῢσθαι</span> <span class='ocrx_word' id='word_1_686' title='bbox 2766 3922 2864 3976; x_wconf 76' lang='grc' dir='ltr'>καὶ</span> <span class='ocrx_word' id='word_1_687' title='bbox 2892 3918 3239 3991; x_wconf 81' lang='grc' dir='ltr'>νεκροῦσθαι,</span> <span class='ocrx_word' id='word_1_688' title='bbox 3297 3917 3411 3970; x_wconf 84' lang='grc' dir='ltr'>ἀλλ’</span> <span class='ocrx_word' id='word_1_689' title='bbox 3465 3916 3498 3986; x_wconf 81' lang='grc' dir='ltr'><strong>ἢ</strong></span> <span class='ocrx_word' id='word_1_690' title='bbox 3555 3911 3969 3978; x_wconf 83' lang='grc' dir='ltr'>ζωοποιεῖσθαι</span> 
     </span>
    </p>
   </div>
   <div class='ocr_carea' id='block_1_99' title="bbox 2347 4005 3970 4083">
    <p class='ocr_par' dir='ltr' id='par_1_99' title="bbox 2347 4005 3970 4083">
     <span class='ocr_line' id='line_1_99' title="bbox 2347 4005 3970 4083; baseline -0.008 -14"><span class='ocrx_word' id='word_1_691' title='bbox 2347 4015 2442 4069; x_wconf 76' lang='grc' dir='ltr'>καὶ</span> <span class='ocrx_word' id='word_1_692' title='bbox 2486 4012 2777 4067; x_wconf 81' lang='grc' dir='ltr'>θεοῦσθαι·</span> <span class='ocrx_word' id='word_1_693' title='bbox 2816 4013 2912 4066; x_wconf 72' lang='grc' dir='ltr'>καὶ</span> <span class='ocrx_word' id='word_1_694' title='bbox 2941 4012 3133 4081; x_wconf 83' lang='grc' dir='ltr'>ὥσπερ</span> <span class='ocrx_word' id='word_1_695' title='bbox 3178 4015 3246 4083; x_wconf 76' lang='grc' dir='ltr'><strong>τῇ</strong></span> <span class='ocrx_word' id='word_1_696' title='bbox 3277 4009 3561 4080; x_wconf 82' lang='grc' dir='ltr'>ὁμοιότητι</span> <span class='ocrx_word' id='word_1_697' title='bbox 3585 4005 3683 4061; x_wconf 80' lang='grc' dir='ltr'><strong>τοῦ</strong></span> <span class='ocrx_word' id='word_1_698' title='bbox 3710 4006 3970 4067; x_wconf 78' lang='grc' dir='ltr'>πάθους,</span> 
     </span>
    </p>
   </div>
   <div class='ocr_carea' id='block_1_100' title="bbox 2344 4101 3981 4177">
    <p class='ocr_par' dir='ltr' id='par_1_100' title="bbox 2344 4101 3981 4177">
     <span class='ocr_line' id='line_1_100' title="bbox 2344 4101 3981 4177; baseline -0.004 -18"><span class='ocrx_word' id='word_1_699' title='bbox 2344 4106 2487 4159; x_wconf 79' lang='grc' dir='ltr'>οὓτω</span> <span class='ocrx_word' id='word_1_700' title='bbox 2512 4109 2608 4161; x_wconf 83' lang='grc' dir='ltr'>καὶ</span> <span class='ocrx_word' id='word_1_701' title='bbox 2627 4109 2692 4176; x_wconf 85' lang='grc' dir='ltr'>τῇ</span> <span class='ocrx_word' id='word_1_702' title='bbox 2718 4106 2975 4177; x_wconf 76' lang='grc' dir='ltr'>κοινωνίᾳ</span> <span class='ocrx_word' id='word_1_703' title='bbox 2993 4105 3090 4175; x_wconf 84' lang='grc' dir='ltr'>τῆς</span> <span class='ocrx_word' id='word_1_704' title='bbox 3111 4104 3270 4174; x_wconf 79' lang='grc' dir='ltr'>δόξης</span> <span class='ocrx_word' id='word_1_705' title='bbox 3289 4101 3655 4174; x_wconf 86' lang='grc' dir='ltr'>συμφύεσθαι,</span> <span class='ocrx_word' id='word_1_706' title='bbox 3684 4101 3797 4154; x_wconf 68' lang='grc' dir='ltr'>καὶ</span> <span class='ocrx_word' id='word_1_707' title='bbox 3823 4117 3981 4171; x_wconf 70' lang='grc' dir='ltr'>συμ-</span> 
     </span>
    </p>
   </div>
   <div class='ocr_carea' id='block_1_101' title="bbox 2346 4197 3345 4268">
    <p class='ocr_par' dir='ltr' id='par_1_101' title="bbox 2346 4197 3345 4268">
     <span class='ocr_line' id='line_1_101' title="bbox 2346 4197 3345 4268; baseline -0.002 -18"><span class='ocrx_word' id='word_1_708' title='bbox 2346 4197 2655 4251; x_wconf 79' lang='grc' dir='ltr'>ϐασιλεύειν</span> <span class='ocrx_word' id='word_1_709' title='bbox 2678 4197 2826 4268; x_wconf 80' lang='grc' dir='ltr'>αὐτῷ</span> <span class='ocrx_word' id='word_1_710' title='bbox 2853 4199 2932 4260; x_wconf 72' lang='grc' dir='ltr'><strong>εἰς</strong></span> <span class='ocrx_word' id='word_1_711' title='bbox 2955 4197 3080 4261; x_wconf 77' lang='grc' dir='ltr'>τοὺς</span> <span class='ocrx_word' id='word_1_712' title='bbox 3109 4198 3345 4260; x_wconf 79' lang='grc' dir='ltr'>αἱῶνας;</span> 
     </span>
    </p>
   </div>
   <div class='ocr_carea' id='block_1_102' title="bbox 2414 4371 3988 4444">
    <p class='ocr_par' dir='ltr' id='par_1_102' title="bbox 2414 4371 3988 4444">
     <span class='ocr_line' id='line_1_102' title="bbox 2414 4371 3988 4444; baseline -0.001 -18"><span class='ocrx_word' id='word_1_713' title='bbox 2414 4374 2524 4427; x_wconf 75' lang='grc' dir='ltr'><strong>Καὶ</strong></span> <span class='ocrx_word' id='word_1_714' title='bbox 2553 4373 2730 4426; x_wconf 82' lang='grc' dir='ltr'>ταῦτα</span> <span class='ocrx_word' id='word_1_715' title='bbox 2759 4374 2858 4443; x_wconf 84' lang='grc' dir='ltr'>μὲν</span> <span class='ocrx_word' id='word_1_716' title='bbox 2886 4373 3025 4444; x_wconf 84' lang='grc' dir='ltr'>πρὸς</span> <span class='ocrx_word' id='word_1_717' title='bbox 3053 4373 3117 4425; x_wconf 80' lang='grc' dir='ltr'>τὸ</span> <span class='ocrx_word' id='word_1_718' title='bbox 3161 4371 3370 4442; x_wconf 84' lang='grc' dir='ltr'>πλῆθος</span> <span class='ocrx_word' id='word_1_719' title='bbox 3395 4390 3410 4405; x_wconf 77' lang='grc' dir='ltr'><strong>ο</strong></span> <span class='ocrx_word' id='word_1_720' title='bbox 3445 4371 3642 4425; x_wconf 81' lang='grc' dir='ltr'>ἑαυτοῦ</span> <span class='ocrx_word' id='word_1_721' title='bbox 3683 4371 3757 4425; x_wconf 82' lang='grc' dir='ltr'>δὲ</span> <span class='ocrx_word' id='word_1_722' title='bbox 3801 4373 3988 4428; x_wconf 81' lang='grc' dir='ltr'>πάλιν</span> 
     </span>
    </p>
   </div>
   <div class='ocr_carea' id='block_1_103' title="bbox 2342 4463 3988 4536">
    <p class='ocr_par' dir='ltr' id='par_1_103' title="bbox 2342 4463 3988 4536">
     <span class='ocr_line' id='line_1_103' title="bbox 2342 4463 3988 4536; baseline -0.001 -19"><span class='ocrx_word' id='word_1_723' title='bbox 2342 4467 2368 4517; x_wconf 87' lang='grc' dir='ltr'><strong>ὀ</strong></span> <span class='ocrx_word' id='word_1_724' title='bbox 2395 4464 2472 4535; x_wconf 84' lang='grc' dir='ltr'>τῷ</span> <span class='ocrx_word' id='word_1_725' title='bbox 2505 4465 2618 4518; x_wconf 83' lang='grc' dir='ltr'>δντι</span> <span class='ocrx_word' id='word_1_726' title='bbox 2647 4463 3091 4534; x_wconf 83' lang='grc' dir='ltr'>φιλοσοφώτατος</span> <span class='ocrx_word' id='word_1_727' title='bbox 3134 4467 3443 4536; x_wconf 88' lang='grc' dir='ltr'>γινόμενος,</span> <span class='ocrx_word' id='word_1_728' title='bbox 3476 4465 3572 4519; x_wconf 74' lang='grc' dir='ltr'>καὶ</span> <span class='ocrx_word' id='word_1_729' title='bbox 3599 4466 3755 4536; x_wconf 68' lang='grc' dir='ltr'>πρὸς</span> <span class='ocrx_word' id='word_1_730' title='bbox 3786 4468 3896 4520; x_wconf 78' lang='grc' dir='ltr'>τὸν</span> <span class='ocrx_word' id='word_1_731' title='bbox 3928 4469 3988 4519; x_wconf 76' lang='grc' dir='ltr'>ὲν</span> 
     </span>
    </p>
   </div>
   <div class='ocr_carea' id='block_1_104' title="bbox 2341 4557 3993 4628">
    <p class='ocr_par' dir='ltr' id='par_1_104' title="bbox 2341 4557 3993 4628">
     <span class='ocr_line' id='line_1_104' title="bbox 2341 4557 3993 4628; baseline 0 -17"><span class='ocrx_word' id='word_1_732' title='bbox 2341 4557 2490 4628; x_wconf 76' lang='grc' dir='ltr'>αὐτῷ</span> <span class='ocrx_word' id='word_1_733' title='bbox 2550 4557 2779 4627; x_wconf 84' lang='grc' dir='ltr'>μένοντα</span> <span class='ocrx_word' id='word_1_734' title='bbox 2826 4558 2919 4611; x_wconf 80' lang='grc' dir='ltr'><strong>τὸν</strong></span> <span class='ocrx_word' id='word_1_735' title='bbox 2975 4557 3134 4626; x_wconf 82' lang='grc' dir='ltr'>λόγον</span> <span class='ocrx_word' id='word_1_736' title='bbox 3193 4557 3540 4628; x_wconf 84' lang='grc' dir='ltr'>ποιούμενος,</span> <span class='ocrx_word' id='word_1_737' title='bbox 3581 4558 3993 4628; x_wconf 81' lang='grc' dir='ltr'>Εὑχαριστῶ</span> 
     </span>
    </p>
   </div>
   <div class='ocr_carea' id='block_1_105' title="bbox 2339 4647 3985 4722">
    <p class='ocr_par' dir='ltr' id='par_1_105' title="bbox 2339 4647 3985 4722">
     <span class='ocr_line' id='line_1_105' title="bbox 2339 4647 3985 4722; baseline 0.004 -22"><span class='ocrx_word' id='word_1_738' title='bbox 2339 4661 2463 4710; x_wconf 89' lang='grc' dir='ltr'>σοι,</span> <span class='ocrx_word' id='word_1_739' title='bbox 2495 4648 2650 4716; x_wconf 81' lang='grc' dir='ltr'>φησὶ,</span> <span class='ocrx_word' id='word_1_740' title='bbox 2683 4647 2750 4701; x_wconf 88' lang='grc' dir='ltr'>τὸ</span> <span class='ocrx_word' id='word_1_741' title='bbox 2805 4647 2953 4716; x_wconf 82' lang='grc' dir='ltr'>ἐμὸν</span> <span class='ocrx_word' id='word_1_742' title='bbox 2981 4649 3329 4719; x_wconf 71' lang='grc' dir='ltr'>ὲντρύςρημα</span> <span class='ocrx_word' id='word_1_743' title='bbox 3364 4649 3463 4703; x_wconf 81' lang='grc' dir='ltr'>καὶ</span> <span class='ocrx_word' id='word_1_744' title='bbox 3506 4649 3985 4722; x_wconf 71' lang='grc' dir='ltr'>καλλώπισμα.</span> 
     </span>
    </p>
   </div>
   <div class='ocr_carea' id='block_1_106' title="bbox 2339 4739 3998 4811">
    <p class='ocr_par' dir='ltr' id='par_1_106' title="bbox 2339 4739 3998 4811">
     <span class='ocr_line' id='line_1_106' title="bbox 2339 4739 3998 4811; baseline 0.001 -19"><span class='ocrx_word' id='word_1_745' title='bbox 2339 4740 2406 4792; x_wconf 89' lang='grc' dir='ltr'>τὸ</span> <span class='ocrx_word' id='word_1_746' title='bbox 2444 4741 2592 4808; x_wconf 80' lang='grc' dir='ltr'>ἐμὸν</span> <span class='ocrx_word' id='word_1_747' title='bbox 2618 4739 2963 4810; x_wconf 71' lang='grc' dir='ltr'>ἁταλλίαμα</span> <span class='ocrx_word' id='word_1_748' title='bbox 2989 4740 3089 4794; x_wconf 80' lang='grc' dir='ltr'>καὶ</span> <span class='ocrx_word' id='word_1_749' title='bbox 3124 4741 3362 4811; x_wconf 68' lang='grc' dir='ltr'>ὕψωμα,</span> <span class='ocrx_word' id='word_1_750' title='bbox 3406 4741 3473 4796; x_wconf 88' lang='grc' dir='ltr'>τὸ</span> <span class='ocrx_word' id='word_1_751' title='bbox 3511 4741 3660 4810; x_wconf 84' lang='grc' dir='ltr'>ἐμὸν</span> <span class='ocrx_word' id='word_1_752' title='bbox 3688 4744 3888 4811; x_wconf 66' lang='grc' dir='ltr'>φῶς,</span> <span class='ocrx_word' id='word_1_753' title='bbox 3930 4743 3998 4797; x_wconf 84' lang='grc' dir='ltr'>τὸ</span> 
     </span>
    </p>
   </div>
   <div class='ocr_carea' id='block_1_107' title="bbox 2339 4829 4009 4907">
    <p class='ocr_par' dir='ltr' id='par_1_107' title="bbox 2339 4829 4009 4907">
     <span class='ocr_line' id='line_1_107' title="bbox 2339 4829 4009 4907; baseline 0.004 -25"><span class='ocrx_word' id='word_1_754' title='bbox 2339 4830 2486 4899; x_wconf 86' lang='grc' dir='ltr'>ἐμὸν</span> <span class='ocrx_word' id='word_1_755' title='bbox 2508 4829 2746 4898; x_wconf 80' lang='grc' dir='ltr'>κράτος,</span> <span class='ocrx_word' id='word_1_756' title='bbox 2777 4832 2841 4885; x_wconf 86' lang='grc' dir='ltr'>τὸ</span> <span class='ocrx_word' id='word_1_757' title='bbox 2868 4831 3232 4902; x_wconf 75' lang='grc' dir='ltr'>στεφάνωμα</span> <span class='ocrx_word' id='word_1_758' title='bbox 3254 4834 3319 4886; x_wconf 85' lang='grc' dir='ltr'>τὸ</span> <span class='ocrx_word' id='word_1_759' title='bbox 3347 4833 3515 4904; x_wconf 83' lang='grc' dir='ltr'>ἐμὸν,</span> <span class='ocrx_word' id='word_1_760' title='bbox 3537 4833 3575 4899; x_wconf 78' lang='grc' dir='ltr'><strong><em>ἠ</em></strong></span> <span class='ocrx_word' id='word_1_761' title='bbox 3604 4833 3787 4902; x_wconf 79' lang='grc' dir='ltr'>ἐμοῦ</span> <span class='ocrx_word' id='word_1_762' title='bbox 3817 4854 4009 4907; x_wconf 79' lang='grc' dir='ltr'>περι-</span> 
     </span>
    </p>
   </div>
   <div class='ocr_carea' id='block_1_108' title="bbox 2341 4921 4011 4998">
    <p class='ocr_par' dir='ltr' id='par_1_108' title="bbox 2341 4921 4011 4998">
     <span class='ocr_line' id='line_1_108' title="bbox 2341 4921 4011 4998; baseline 0.004 -21"><span class='ocrx_word' id='word_1_763' title='bbox 2341 4925 2544 4989; x_wconf 81' lang='grc' dir='ltr'>ουσία,</span> <span class='ocrx_word' id='word_1_764' title='bbox 2575 4925 2611 4993; x_wconf 80' lang='grc' dir='ltr'><strong><em>ἠ</em></strong></span> <span class='ocrx_word' id='word_1_765' title='bbox 2634 4923 2748 4993; x_wconf 81' lang='grc' dir='ltr'><strong>ἐμὴ</strong></span> <span class='ocrx_word' id='word_1_766' title='bbox 2779 4923 2951 4989; x_wconf 79' lang='grc' dir='ltr'>δόξα,</span> <span class='ocrx_word' id='word_1_767' title='bbox 2977 4925 3016 4993; x_wconf 79' lang='grc' dir='ltr'>ἡ</span> <span class='ocrx_word' id='word_1_768' title='bbox 3044 4924 3215 4994; x_wconf 82' lang='grc' dir='ltr'>χάρις</span> <span class='ocrx_word' id='word_1_769' title='bbox 3243 4921 3281 4992; x_wconf 78' lang='grc' dir='ltr'><strong><em>ἡ</em></strong></span> <span class='ocrx_word' id='word_1_770' title='bbox 3305 4925 3441 4996; x_wconf 83' lang='grc' dir='ltr'>ἐμὴ,</span> <span class='ocrx_word' id='word_1_771' title='bbox 3481 4925 3548 4979; x_wconf 90' lang='grc' dir='ltr'>τὸ</span> <span class='ocrx_word' id='word_1_772' title='bbox 3567 4926 4011 4998; x_wconf 63' lang='grc' dir='ltr'>ἐπιπόθητωι</span> 
     </span>
    </p>
   </div>
   <div class='ocr_carea' id='block_1_109' title="bbox 2342 5015 3208 5085">
    <p class='ocr_par' dir='ltr' id='par_1_109' title="bbox 2342 5015 3208 5085">
     <span class='ocr_line' id='line_1_109' title="bbox 2342 5015 3208 5085; baseline 0.001 -17"><span class='ocrx_word' id='word_1_773' title='bbox 2342 5016 2552 5084; x_wconf 74' lang='grc' dir='ltr'>ὄνομα,</span> <span class='ocrx_word' id='word_1_774' title='bbox 2593 5015 2660 5068; x_wconf 82' lang='grc' dir='ltr'>τὸ</span> <span class='ocrx_word' id='word_1_775' title='bbox 2696 5015 2975 5084; x_wconf 79' lang='grc' dir='ltr'>θεάρχιον</span> <span class='ocrx_word' id='word_1_776' title='bbox 3001 5015 3208 5085; x_wconf 81' lang='grc' dir='ltr'>ὄνομα.</span> 
     </span>
    </p>
   </div>
   <div class='ocr_carea' id='block_1_110' title="bbox 2411 5103 4003 5179">
    <p class='ocr_par' dir='ltr' id='par_1_110' title="bbox 2411 5103 4003 5179">
     <span class='ocr_line' id='line_1_110' title="bbox 2411 5103 4003 5179; baseline 0.003 -19"><span class='ocrx_word' id='word_1_777' title='bbox 2411 5103 2762 5175; x_wconf 83' lang='grc' dir='ltr'>Εὑχαριστῶ</span> <span class='ocrx_word' id='word_1_778' title='bbox 2813 5122 2934 5170; x_wconf 87' lang='grc' dir='ltr'>σοι,</span> <span class='ocrx_word' id='word_1_779' title='bbox 2991 5106 3219 5175; x_wconf 83' lang='grc' dir='ltr'>Ἰησοῦ,</span> <span class='ocrx_word' id='word_1_780' title='bbox 3263 5104 3340 5174; x_wconf 76' lang='grc' dir='ltr'>τῇ</span> <span class='ocrx_word' id='word_1_781' title='bbox 3366 5104 3483 5176; x_wconf 78' lang='grc' dir='ltr'>ζωῇ</span> <span class='ocrx_word' id='word_1_782' title='bbox 3503 5125 3644 5177; x_wconf 86' lang='grc' dir='ltr'>μου,</span> <span class='ocrx_word' id='word_1_783' title='bbox 3689 5108 3806 5179; x_wconf 73' lang='grc' dir='ltr'><strong>τῇ</strong></span> <span class='ocrx_word' id='word_1_784' title='bbox 3847 5113 4003 5167; x_wconf 74' lang='grc' dir='ltr'><strong>ἀνα</strong></span> 
     </span>
    </p>
   </div>
   <div class='ocr_carea' id='block_1_111' title="bbox 2340 5196 4012 5272">
    <p class='ocr_par' dir='ltr' id='par_1_111' title="bbox 2340 5196 4012 5272">
     <span class='ocr_line' id='line_1_111' title="bbox 2340 5196 4012 5272; baseline 0.005 -22"><span class='ocrx_word' id='word_1_785' title='bbox 2340 5197 2498 5267; x_wconf 75' lang='grc' dir='ltr'>πνοῇ</span> <span class='ocrx_word' id='word_1_786' title='bbox 2524 5216 2666 5268; x_wconf 89' lang='grc' dir='ltr'>μου,</span> <span class='ocrx_word' id='word_1_787' title='bbox 2715 5196 2796 5264; x_wconf 84' lang='grc' dir='ltr'>τῷ</span> <span class='ocrx_word' id='word_1_788' title='bbox 2826 5199 3176 5268; x_wconf 76' lang='grc' dir='ltr'>γαυριάματι</span> <span class='ocrx_word' id='word_1_789' title='bbox 3227 5199 3341 5270; x_wconf 84' lang='grc' dir='ltr'>τῆς</span> <span class='ocrx_word' id='word_1_790' title='bbox 3381 5199 3628 5269; x_wconf 77' lang='grc' dir='ltr'>καρδίας</span> <span class='ocrx_word' id='word_1_791' title='bbox 3678 5219 3889 5270; x_wconf 82' lang='grc' dir='ltr'>μου,</span> <span class='ocrx_word' id='word_1_792' title='bbox 3938 5208 4012 5272; x_wconf 64' lang='lat' dir='ltr'><strong>tt;</strong></span> 
     </span>
    </p>
   </div>
   <div class='ocr_carea' id='block_1_112' title="bbox 2342 5288 4012 5367">
    <p class='ocr_par' dir='ltr' id='par_1_112' title="bbox 2342 5288 4012 5367">
     <span class='ocr_line' id='line_1_112' title="bbox 2342 5288 4012 5367; baseline 0.006 -24"><span class='ocrx_word' id='word_1_793' title='bbox 2342 5289 2680 5360; x_wconf 82' lang='grc' dir='ltr'>καυχήματι</span> <span class='ocrx_word' id='word_1_794' title='bbox 2707 5289 2818 5360; x_wconf 85' lang='grc' dir='ltr'>τῆς</span> <span class='ocrx_word' id='word_1_795' title='bbox 2843 5289 3114 5357; x_wconf 81' lang='grc' dir='ltr'>διανοίας</span> <span class='ocrx_word' id='word_1_796' title='bbox 3127 5309 3269 5362; x_wconf 91' lang='grc' dir='ltr'>μου,</span> <span class='ocrx_word' id='word_1_797' title='bbox 3317 5288 3389 5349; x_wconf 85' lang='grc' dir='ltr'>οὗ</span> <span class='ocrx_word' id='word_1_798' title='bbox 3413 5290 3527 5360; x_wconf 82' lang='grc' dir='ltr'><strong>ἐρῶ</strong></span> <span class='ocrx_word' id='word_1_799' title='bbox 3559 5293 3732 5346; x_wconf 85' lang='grc' dir='ltr'>Θεοῦ</span> <span class='ocrx_word' id='word_1_800' title='bbox 3781 5297 4012 5367; x_wconf 77' lang='grc' dir='ltr'>ἔρωτι</span> 
     </span>
    </p>
   </div>
   <div class='ocr_carea' id='block_1_113' title="bbox 2345 5377 4012 5459">
    <p class='ocr_par' dir='ltr' id='par_1_113' title="bbox 2345 5377 4012 5459">
     <span class='ocr_line' id='line_1_113' title="bbox 2345 5377 4012 5459; baseline 0.005 -25"><span class='ocrx_word' id='word_1_801' title='bbox 2345 5377 2416 5436; x_wconf 75' lang='grc' dir='ltr'>οὗ</span> <span class='ocrx_word' id='word_1_802' title='bbox 2449 5382 2708 5451; x_wconf 81' lang='grc' dir='ltr'>ὀναίμην</span> <span class='ocrx_word' id='word_1_803' title='bbox 2763 5385 2980 5447; x_wconf 83' lang='grc' dir='ltr'>αἰωνίῳ</span> <span class='ocrx_word' id='word_1_804' title='bbox 3033 5383 3255 5454; x_wconf 69' lang='grc' dir='ltr'>τρυφῇ,</span> <span class='ocrx_word' id='word_1_805' title='bbox 3301 5384 3374 5438; x_wconf 78' lang='grc' dir='ltr'>ὃν</span> <span class='ocrx_word' id='word_1_806' title='bbox 3400 5385 3538 5455; x_wconf 78' lang='grc' dir='ltr'>ἔχω,</span> <span class='ocrx_word' id='word_1_807' title='bbox 3569 5385 3642 5439; x_wconf 89' lang='grc' dir='ltr'>ὂν</span> <span class='ocrx_word' id='word_1_808' title='bbox 3664 5386 3928 5459; x_wconf 70' lang='grc' dir='ltr'>διψῶ,</span> <span class='ocrx_word' id='word_1_809' title='bbox 3987 5391 4012 5454; x_wconf 56' lang='lat' dir='ltr'><strong>cf</strong></span> 
     </span>
    </p>
   </div>
   <div class='ocr_carea' id='block_1_114' title="bbox 2347 5469 4012 5550">
    <p class='ocr_par' dir='ltr' id='par_1_114' title="bbox 2347 5469 4012 5550">
     <span class='ocr_line' id='line_1_114' title="bbox 2347 5469 4012 5550; baseline 0.006 -25"><span class='ocrx_word' id='word_1_810' title='bbox 2347 5473 2439 5537; x_wconf 82' lang='grc' dir='ltr'>ζῶ,</span> <span class='ocrx_word' id='word_1_811' title='bbox 2491 5474 2587 5527; x_wconf 80' lang='grc' dir='ltr'><strong>καί</strong></span> <span class='ocrx_word' id='word_1_812' title='bbox 2617 5469 2665 5542; x_wconf 83' lang='grc' dir='ltr'>ᾦ</span> <span class='ocrx_word' id='word_1_813' title='bbox 2708 5474 2982 5544; x_wconf 70' lang='grc' dir='ltr'>δέδεμαι,</span> <span class='ocrx_word' id='word_1_814' title='bbox 3019 5477 3118 5530; x_wconf 87' lang='grc' dir='ltr'>καὶ</span> <span class='ocrx_word' id='word_1_815' title='bbox 3157 5478 3306 5545; x_wconf 72' lang='grc' dir='ltr'>πρὸς</span> <span class='ocrx_word' id='word_1_816' title='bbox 3360 5478 3434 5532; x_wconf 80' lang='grc' dir='ltr'>ὃν</span> <span class='ocrx_word' id='word_1_817' title='bbox 3485 5477 3869 5550; x_wconf 72' lang='grc' dir='ltr'>ἐπείγομαι</span> <span class='ocrx_word' id='word_1_818' title='bbox 3922 5506 4012 5543; x_wconf 69' lang='grc' dir='ltr'><strong>κο</strong></span> 
     </span>
    </p>
   </div>
   <div class='ocr_carea' id='block_1_115' title="bbox 2348 5565 3749 5644">
    <p class='ocr_par' dir='ltr' id='par_1_115' title="bbox 2348 5565 3749 5644">
     <span class='ocr_line' id='line_1_115' title="bbox 2348 5565 3749 5644; baseline 0.009 -23"><span class='ocrx_word' id='word_1_819' title='bbox 2348 5565 2659 5636; x_wconf 70' lang='grc' dir='ltr'>ἀναγομαι,</span> <span class='ocrx_word' id='word_1_820' title='bbox 2699 5568 2793 5622; x_wconf 76' lang='grc' dir='ltr'>καὶ</span> <span class='ocrx_word' id='word_1_821' title='bbox 2828 5572 3282 5638; x_wconf 69' lang='grc' dir='ltr'>συντεταμένως</span> <span class='ocrx_word' id='word_1_822' title='bbox 3309 5572 3749 5644; x_wconf 76' lang='grc' dir='ltr'>ἀνατείνομαι.</span> 
     </span>
    </p>
   </div>
  </div>
