4108 6422
257 379 327 442 ’ῖἸ
1175 376 1458 437 ORATIO
1497 377 1596 438 Ν.
1625 400 1691 412 --
1710 377 1793 436 IN

1921 371 2149 439 .UDEM
2190 378 2250 439 S.
2292 379 2643 440 ANDRExE.
3464 382 3527 446 78

326 487 676 561 Εὐχαριστῶ
701 499 821 550 σοι,
857 489 1092 559 Χριστὲ,
1122 491 1202 556 τῷ
1228 491 1424 558 Κυρίῳ
1448 507 1567 560 μου
1597 489 1698 543 καὶ
1732 492 1819 543 Θει

1921 536 1929 550 .
2027 492 2240 547 Gratias
2291 492 2406 556 tibi,
2452 491 2676 555 Christe,
2706 491 2932 548 Domino
2989 511 3106 549 meo
3154 507 3202 548 et
3254 495 3363 549 Deo
3418 513 3529 552 meo

249 601 369 652 μου
391 583 487 635 καὶ
516 579 772 633 Βασιλεῖ
800 597 938 649 μου,
992 580 1083 634 ὅτι
1128 597 1206 650 με
1233 580 1385 649 πρὸς
1432 580 1561 646 τοῖς
1598 580 1819 646 ἄλλοις.

1938 601 2000 638 ac
2024 582 2151 653 Regi
2179 600 2316 647 meo,
2347 584 2485 653 quod
2527 592 2721 654 prwter
2771 585 2884 639 alia
2910 627 2925 648 ,
2971 587 3134 641 etiam
3175 598 3280 642 tua:
3304 605 3388 643 me
3441 605 3530 646 so—

209 720 216 742 ,
253 678 349 731 ml
381 674 453 744 τῇ
479 673 761 740 κοινωνίᾳ
792 675 1114 742 τετίμηκας
1140 673 1247 728 τοῦ
1273 673 1390 728 σοῦ
1423 673 1656 738 πάθους
1679 689 1694 703 ⁶
1744 673 1819 727 ὅτη

1937 687 2073 739 cium
2101 678 2360 747 passionis
2387 679 2725 732 honoraveris
2747 679 2793 710 ³⁸
2817 695 2834 733 :
2857 679 2996 748 quod
3028 692 3084 734 ut
3125 698 3344 736 cursum
3374 683 3532 752 probe

204 759 215 793 ³
235 785 312 837 με
341 767 452 820 τὸν
468 767 691 836 δρόμον
714 764 957 818 τελέσαι
979 762 1200 828 καλῶς,
1227 764 1335 817 τὸν
1355 763 1556 834 ἀγῶνα
1573 764 1819 834 νομίμως

1935 779 2378 829 consummarem,
2396 773 2661 819 certamen
2687 764 2916 836 legitime
2943 777 3201 821 certarem
3238 768 3338 834 θίν’,
3359 786 3421 823 ac
3434 769 3534 837 ﬁr-

238 859 682 926 ἀγωνίσασθαι,
715 855 814 911 καὶ
842 855 952 924 τὴν
979 857 1190 909 πίστιν
1219 855 1559 923 ἑνίσχυσας
1578 855 1819 918 ,βεϐαίαν

1937 874 2080 910 mam
2098 873 2362 910 servarem
2382 856 2712 927 fidem,|vires
2736 859 2994 930 roburque
3008 861 3290 929 praebueris
3301 861 3534 916 9".Nunc

233 950 521 1018 τηρῆσαι.
550 951 662 1004 Καὶ
698 951 818 1005 νῦν
835 949 928 1003 διὰ
954 948 1060 1002 τοῦ
1087 948 1354 1016 σταυροῦ
1388 949 1606 1002 τούτου
1637 949 1819 1017 ὐψού-

1939 949 2123 1020 itaque
2147 966 2240 1021 per
2293 951 2429 1004 hanc
2450 949 2710 1004 eleuatum
2736 968 2966 1014 crucem,
3003 954 3073 1006 ad
3104 962 3152 1006 te
3189 953 3383 1024 gaudio
3411 971 3530 1008 διιε-

228 1060 442 1112 μενον,
475 1044 628 1111 πρὸς
649 1042 728 1096 σὲ
753 1043 1149 1112 χαρμοσύνως
1191 1042 1481 1109 ὑπόλαϐε,
1534 1041 1819 1111 φιλοφρό-

1925 1046 2057 1115 cipe,
2093 1053 2337 1098 amanter
2357 1045 2675 1115 benigneque
2701 1044 2876 1114 accipe
2893 1083 2907 1110 ,
2931 1054 3148 1115 paterne
3171 1045 3486 1113 amplectere
3511 1063 3532 1108 ς

229 1154 350 1201 νως
367 1136 679 1201 δεξίωσαι,
701 1136 994 1205 πατρικῶς
1013 1135 1433 1206 ἐναγκάλισαιδ
1458 1136 1560 1189 καί
1578 1152 1646 1204 γε
1666 1135 1819 1202 παρὰ

1925 1153 1989 1190 ac
2016 1151 2138 1190 vero
2159 1136 2302 1206 apud
2318 1145 2365 1189 te
2392 1151 2626 1198 manere,
2646 1137 2701 1188 in
2729 1143 2779 1188 te
2803 1137 3066 1196 vivere,in
3100 1145 3361 1190 wternum
3397 1138 3453 1190 in
3475 1147 3528 1191 te

234 1228 334 1284 σοὶ
363 1229 598 1299 μένειν,
629 1230 700 1283 ἐν
731 1229 834 1282 σοὶ
879 1228 1005 1298 ζῇν,
1041 1229 1450 1299 ἀγαλλιᾶσθαι
1479 1228 1555 1282 δι’
1606 1227 1819 1293 αἰῶνος

1928 1229 2198 1282 exsultare
2212 1268 2228 1292 ,
2247 1229 2304 1282 in
2329 1237 2375 1281 te
2392 1227 2644 1282 delectari
2667 1229 2919 1294 concede;
2938 1238 3129 1300 tuoque
3163 1229 3346 1283 decore
3362 1247 3424 1284 ac
3445 1246 3530 1283 re-

235 1320 305 1374 ἐν
347 1320 469 1381 σοὶ,
510 1321 982 1387 κατατέρπεσθαι
1042 1321 1425 1385 καταξίωσον
1458 1321 1530 1374 ἐν
1557 1320 1681 1384 σοὶ,
1722 1319 1819 1372 καὶ

1921 1335 2022 1389 gno
2046 1318 2224 1388 potiri,
2238 1320 2321 1372 cui
2343 1318 2473 1372 nihil
2491 1328 2815 1372 terrenarum
2840 1335 3065 1388 usquam
3109 1319 3264 1374 uelim
3299 1321 3522 1374 anteire.

233 1415 346 1485 τῆς
370 1415 493 1484 σῆς
530 1417 911 1484 ὡραιότητος,
961 1416 1075 1485 τῆς
1117 1417 1241 1486 σῆς
1306 1418 1636 1484 βασιλείας
1683 1413 2092 1485 κατατρυφᾷν,
2139 1409 2208 1484 ἧς
2273 1414 2456 1469 οὐδέν
2509 1432 2612 1484 μοι
2669 1413 2790 1469 τῶν
2824 1413 2925 1468 ἐπὶ
2963 1415 3078 1484 γῆς
3115 1415 3244 1469 κατ’
3301 1415 3525 1471 οὐδένα

234 1511 710 1582 προτετιμῆσθαι
737 1515 967 1582 καιρόν.

313 1606 502 1660 Ἀλλὰ
533 1607 631 1661 καὶ
680 1607 790 1675 τὰς
832 1607 954 1662 τῶν
977 1607 1323 1676 ἐκκλησιῶν
1357 1607 1664 1676 ἀπαρχὰς,
1709 1607 1818 1671 τὰς

1988 1603 2092 1660 Sed
2112 1615 2160 1658 et
2187 1603 2548 1658 Ecclesiarum
2566 1605 2828 1674 primitias
2850 1643 2866 1670 ,
2908 1602 3146 1672 ﬁdelium
3179 1613 3338 1658 caatus
3383 1620 3528 1658 meo-

227 1699 593 1771 συναγωγὰς
623 1699 741 1754 τῶν
770 1699 1022 1766 πιστῶν,
1050 1700 1124 1755 τὰ
1151 1699 1272 1754 τῶν
1303 1699 1462 1770 ἐμῶν
1489 1697 1819 1766 ἀκροθήνια

1921 1714 2040 1750 rum
2059 1695 2301 1750 laborum
2327 1697 2627 1759 manubias,
2655 1694 2881 1749 cultura:
2907 1711 3038 1749 metu
3050 1695 3371 1767 manipulos,
3395 1711 3527 1766 quos

223 1796 455 1858 πόνων,
480 1794 553 1848 τὰ
575 1792 883 1863 δράγματα
905 1792 1018 1862 τῆς
1038 1793 1320 1864 γεωργίας
1351 1790 1462 1858 τῆς
1485 1789 1656 1860 ἐμῆς,
1684 1789 1723 1845 ἆ
1740 1785 1819 1853 τῷ

1923 1799 2014 1843 tuo
2052 1789 2309 1860 acquisiui
2346 1787 2574 1860 Spiritu,
2597 1789 2746 1854 mihi,
2768 1785 2996 1852 Christe,
3015 1790 3526 1859 custodi,servaque,

216 1886 318 1953 σῷ
348 1886 818 1954 περιπεποίημαι
847 1886 1168 1953 Πνεύματι,
1203 1882 1488 1952 φύλασσέ
1525 1898 1648 1950 μοι,
1687 1883 1819 1950 Χρι-

1926 1899 1990 1936 ac
2014 1900 2046 1936 a
2071 1882 2380 1952 nequissimi
2395 1880 2594 1934 invidia
2624 1889 2854 1951 protege.
2873 1881 3091 1951 Adauge
3119 1897 3326 1951 gregem
3352 1889 3525 1945 tuum,

219 1979 363 2042 στὲ,
391 1978 491 2031 καὶ
514 1977 700 2046 τήρει,
731 1977 831 2030 καὶ
854 1977 1047 2032 σκέπε
1070 1977 1181 2046 τῆς
1198 1977 1547 2042 βασκανίας
1572 1976 1680 2030 τοῦ
1706 1993 1817 2029 πο-

1921 1977 2010 2046 qui
2047 1974 2211 2028 bonus
2264 1990 2354 2039 es;
2404 1973 2663 2043 conﬁrma
2687 1991 2751 2028 ac
2810 1974 3005 2027 robora
3034 2014 3048 2038 ,
3084 1974 3172 2043 qui
3227 1973 3377 2042 fortis
3421 1987 3526 2056 es;

222 2069 446 2138 νηροῦ.
478 2069 840 2138 Μεγαλυνόν
865 2084 982 2123 σου
1006 2067 1070 2122 τὸ
1097 2070 1400 2138 ποίμνιον,
1426 2067 1633 2138 ἀγαθὲ,
1673 2085 1815 2136 κρα-

1921 2069 2199 2138 conforta,
2260 2066 2576 2138 multiplica,
2644 2084 2747 2137 quo
2804 2067 2975 2120 omnis
3034 2067 3260 2120 hominis
3309 2067 3519 2128 anima,

226 2165 518 2226 ταίωσον,
552 2160 795 2231 ισχυρέ·
856 2162 1194 2226 σθένωσον,
1238 2159 1817 2225 πολλαπλασίασον,

1921 2159 2116 2213 inimici
2173 2175 2353 2214 errore
2409 2159 2632 2213 liberata
2663 2201 2678 2221 ,
2736 2167 2852 2212 tuto
2896 2174 2956 2212 se
3002 2167 3159 2228 portu
3213 2158 3284 2212 ad
3329 2157 3519 2211 Evan-

232 2254 397 2309 ὥστε
436 2253 639 2310 πᾶσαν
665 2253 877 2323 ψυχὴν
900 2253 1222 2324 ἀνθρώπου
1255 2250 1367 2323 τῆς
1393 2250 1629 2319 ἀπάτης
1660 2252 1825 2305 ἐλευ-

236 2349 606 2419 θερουμένην
643 2348 745 2402 τοῦ
801 2349 1168 2419 δυσμενοῦς,
1204 2347 1356 2416 πρὸς
1380 2344 1494 2412 τὴν
1533 2343 1826 2413 ἀλήθειαν

1921 2251 2044 2322 gelii
2074 2253 2348 2306 veritatem
2375 2254 2642 2323 recipiat;
2682 2260 2741 2304 ut
2793 2269 2958 2322 quam
2988 2254 3090 2306 cito
3122 2253 3201 2305 tui
3247 2251 3522 2322 agnitione

1927 2353 1980 2398 et
2004 2343 2178 2414 gloria
2204 2347 2476 2416 repleatur
2513 2345 2760 2398 universa
2785 2354 2950 2397 terra.

233 2443 348 2496 τοῦ
397 2443 762 2511 Euan-clior)
815 2440 1326 2512 καθορμισθῆναιο
1367 2439 1526 2493 ὥστε
1588 2438 1699 2507 τῆς
1727 2437 1850 2506 σῆς
1884 2437 2262 2509 ἐπιγνώσεως
2305 2439 2405 2492 καὶ
2455 2438 2642 2506 δόξης
2697 2439 3052 2508 σύμπασαν,
3094 2440 3176 2504 ὡς
3240 2441 3520 2510 τάχιστα,

224 2538 583 2608 πλησθῆναι
605 2539 722 2607 τὴν
751 2538 891 2609 γῆν.

298 2633 585 2696 Τοιούτοις
621 2635 853 2703 ῥήμασι,
881 2632 976 2686 καὶ
999 2630 1080 2684 ἔτι
1103 2628 1285 2702 πολλῷ
1309 2629 1518 2683 πλείοσι
1532 2630 1627 2682 καὶ
1647 2628 1800 2699 κρείτ
1815 2657 1833 2668 -

214 2743 399 2791 τοσιν,
445 2718 492 2778 ὦ
518 2722 1035 2796 τρισμακαριώτατε
1077 2724 1314 2795 μαθητὰ,
1369 2722 1449 2794 τῷ
1497 2719 1806 2790 διδασκάλῳ

218 2818 570 2888 καθομιλῶν,
617 2817 715 2870 καὶ
745 2817 866 2879 ὅλος
919 2817 976 2868 ἐν
991 2814 1072 2885 τῷ
1115 2814 1236 2885 Θεῷ
1266 2815 1523 2882 ἐξεστὼς,
1554 2809 1696 2874 εἶδες
1725 2811 1824 2882 μὲν

222 2910 536 2977 ὰνεῳγότας
572 2925 656 2962 σοι
681 2908 929 2978 κρυφίως
956 2907 1086 2970 τοὺς
1118 2905 1382 2977 οὐρανούς
1405 2920 1418 2933 ·
1455 2900 1595 2966 εἶδες
1633 2901 1690 2955 δὲ
1724 2901 1820 2955 καὶ

222 3003 314 3056 τὸν
370 3000 613 3062 Βασιλέα
657 3001 767 3053 τῶν
795 2999 1065 3070 οὐρανῶν,
1099 2998 1176 3060 ὡς
1211 2998 1501 3067 ὑπέσχετο,
1541 2994 1820 3066 μυστικῶς

221 3094 639 3166 ἐμφανισθέντα
671 3111 775 3155 σοι,
812 3094 908 3146 καὶ
927 3090 1286 3162 νοερωτάτοις
1315 3089 1548 3160 καρδίας
1579 3086 1822 3156 ὄμμασιν

2012 2628 2328 2684 Istiusmodi
2354 2629 2560 2694 verbis,
2586 2629 2858 2699 longeque
2885 2627 2953 2684 iis
2983 2629 3236 2700 pluribus
3254 2645 3317 2685 ac
3342 2630 3524 2700 potio-

1936 2720 2117 2782 ribus.
2152 2729 2238 2775 ter
2266 2720 2586 2776 beatissime
2634 2720 2925 2791 discipule,
2962 2721 3226 2791 magistro
3271 2723 3524 2779 collocu-

1932 2821 2045 2877 tus,
2095 2819 2356 2880 totusque
2405 2811 2520 2865 Deo
2542 2811 2837 2876 excedens,
2873 2812 3064 2866 vidisti
3099 2797 3270 2868 caelos
3301 2814 3401 2868 tibi
3422 2829 3524 2869 oc-

1929 2901 2077 2955 culte
2110 2909 2358 2970 apertos,
2399 2899 2584 2955 vidisti
2617 2909 2673 2954 et
2709 2901 2974 2956 cwlorum
3010 2903 3212 2973 Regem
3237 2945 3252 2969 ,
3312 2913 3373 2958 ut
3400 2917 3524 2960 erat

1925 2991 2222 3060 pollicitus,
2250 2991 2478 3062 mystice
2512 2999 2890 3062 apparentem,
2916 2994 3522 3066 perspicacissimisque

1928 3083 2097 3138 animi
2123 3083 2302 3138 oculis
2350 3084 2667 3139 sublimiter
2701 3101 2764 3140 ac
2794 3086 2981 3142 divine
3032 3088 3115 3142 illi
3163 3089 3516 3153 incumbens,

221 3185 450 3255 ὑψηλῶς
470 3185 567 3238 καὶ
583 3184 906 3255 θεοπρεπῶς
928 3180 1076 3252 αὐτῷ
1095 3178 1441 3251 προσϐαλὼν,
1470 3176 1566 3231 καὶ
1598 3176 1819 3246 ἀρρήτῳ

1930 3188 2241 3243 arcanaque
2297 3175 2538 3244 quadam
2586 3190 2650 3230 ac
2701 3176 2932 3246 mystica
2967 3177 3138 3232 animi
3170 3179 3520 3249 iucunditate

218 3279 330 3334 τινὶ
358 3279 462 3333 καὶ
494 3281 732 3350 μυστικῇ
761 3277 1001 3348 θυμηδίᾳ⁸
1035 3275 1131 3329 καὶ
1156 3273 1490 3346 τερπνότητι
1526 3269 1819 3340 συνδεόμε-

1921 3275 1980 3318 et
2003 3265 2369 3320 oblectatione
2399 3266 2504 3337 ipsi
2528 3267 2820 3322 devinctus
2851 3284 2914 3323 ac
2944 3284 3150 3334 comes,
3172 3286 3298 3324 cum
3325 3271 3520 3326 favore

213 3391 310 3436 νος
344 3355 444 3426 καὶ
471 3372 832 3442 ἐφεπόμενος,
877 3368 1290 3441 συνανελήφθης
1324 3367 1464 3437 μετὰ
1506 3363 1825 3435 παρρησίας

1927 3365 1984 3412 et
2018 3359 2389 3416 exsultatione
2412 3362 2533 3430 pari
2563 3361 2846 3431 triumpho
2874 3363 2930 3416 in
2947 3364 3117 3418 caelos
3136 3374 3396 3434 receptus
3422 3381 3516 3420 es:

219 3465 322 3520 καὶ
353 3464 735 3534 ἀγαλλιάσεως
773 3464 854 3527 εἰς
881 3464 1008 3526 τοὺς
1043 3462 1341 3531 οὐρανούςο
1388 3457 1485 3511 καὶ
1506 3452 1594 3510 οἷα
1620 3456 1819 3527 χιτῶνα

1925 3447 2474 3518 sacratissimumque
2534 3450 2958 3506 tabernaculum
3013 3455 3216 3509 tunica:
3269 3455 3445 3510 instar
3483 3472 3517 3512 e

216 3557 284 3610 τὸ
316 3555 619 3626 ἱερώτατον
644 3557 843 3625 σκῆνος
878 3553 957 3624 τῷ
995 3552 1139 3621 ξύλῳ
1168 3548 1596 3617 καταδεδεμένον
1638 3547 1821 3615 ἀφεὶς,

217 3646 392 3710 αὐτὸς
419 3644 670 3715 ἐπήρθης
699 3643 777 3714 τῷ
813 3641 1108 3712 πνεύματι,
1157 3639 1252 3692 καὶ
1303 3637 1629 3706 σύμμορφος
1654 3633 1822 3695 ὅντως

213 3738 415 3808 ὤφθης
444 3739 502 3790 ἐν
538 3737 808 3806 ὑψίστοις,
855 3733 936 3804 τῷ
972 3732 1183 3803 σώματι
1227 3731 1326 3801 τῆς
1375 3726 1532 3796 δόξης
1558 3725 1820 3796 Χριστοῦ.

287 3831 474 3902 Χαῖρέ
506 3845 602 3900 μοι
643 3827 967 3900 τοιγαροῦν,
1004 3819 1050 3879 ὦ
1097 3822 1451 3896 πρωτόκλητε
1479 3822 1574 3873 καὶ
1615 3817 1824 3889 προϐά-

215 3924 348 3995 θμιε
402 3922 522 3993 (15)
571 3919 680 3976 τῶν
718 3919 1034 3973 ἀποστόλων
1060 3919 1156 3971 καὶ
1180 3914 1424 3986 ἁρχηγέ·
1477 3915 1507 3966 ὁ
1555 3910 1697 3983 μετὰ
1728 3911 1822 3963 τὸν

220 4020 497 4088 σύγγονον
542 4017 643 4087 μὲν
690 4015 788 4087 τὴν
834 4015 988 4080 τάξιν
1018 4013 1199 4078 εὐθὺς,
1232 4011 1330 4082 τὴν
1362 4008 1556 4079 κλῆσιν
1605 4007 1663 4059 δὲ
1714 4007 1822 4078 πρὸ

215 4114 388 4167 αὐτοῦ
407 4130 424 4144 ο
448 4112 554 4182 τῆς
582 4112 664 4174 εἰς
679 4111 770 4164 τὸν
792 4109 1019 4180 Σωτῆρα
1039 4107 1096 4161 δὲ
1117 4107 1351 4167 πίστεως
1372 4103 1468 4156 καὶ
1498 4099 1817 4171 μαθητεὶας,

207 4206 276 4258 οὐ
304 4203 388 4275 τῷ
423 4204 618 4272 Πέτρῳ
670 4201 853 4273 μόνον,
905 4200 1043 4253 ἀλλά
1075 4199 1170 4253 καὶ
1204 4199 1316 4260 τοῖς
1337 4195 1479 4258 ὅλοις
1530 4193 1820 4262 γενόμενος

207 4296 450 4367 ἀπαρχὴ
477 4296 770 4366 μαθηταῖς.

291 4389 498 4458 Χαῖρε,
521 4390 604 4441 ὅτι
638 4387 716 4459 τῷ
737 4384 1033 4458 προδρόμῳ
1064 4384 1245 4454 λύχνῳ
1278 4383 1816 4456 προκαταυγασθεὶς,

218 4480 295 4533 δι’
330 4479 501 4532 αὐτοῦ
532 4481 663 4550 πρὸς
684 4479 775 4533 τὸν
801 4480 989 4532 Ἥλιον
1022 4479 1122 4547 τῆς
1151 4477 1496 4548 δικαιοσύνης
1518 4481 1818 4550 ἐχειραγω-

1921 3537 2073 3607 ligno
2107 3538 2358 3593 vinctum
2399 3539 2740 3610 relinquens,
2771 3542 2890 3611 ipse
2939 3543 3143 3613 spiritu
3178 3545 3380 3606 elatus,
3410 3559 3517 3599 ve-

1922 3645 2094 3698 reque
2121 3630 2177 3683 in
2204 3632 2438 3686 excelsis
2465 3632 2772 3689 conformis
2793 3635 2976 3690 factus
3033 3637 3254 3706 corpori
3287 3636 3483 3692 clarita
3509 3665 3521 3682 ι

1923 3723 1994 3776 tis
2014 3720 2220 3778 Christi
2242 3739 2302 3779 es
2322 3723 2421 3780 9"“.

1993 3830 2155 3885 Salve
2215 3831 2384 3901 igitur
2436 3835 2571 3887 mihi
2613 3833 2709 3899 sis,
2735 3834 2919 3903 primo
2943 3835 2999 3890 in
3040 3837 3302 3905 apostolis
3320 3848 3515 3894 vocate

1921 3923 2208 3992 graduque
2264 3939 2460 3978 eorum
2515 3928 2690 3994 prime
2741 3937 2799 3981 et
2850 3927 3206 3996 antesignane
3251 3944 3266 3981 :
3315 3929 3514 3984 ordine

1923 4014 2148 4083 quidem
2176 4015 2462 4085 dignitatis
2496 4018 2737 4071 secunde
2764 4019 2948 4072 statim
2977 4035 3005 4072 a
3028 4019 3197 4072 fratre
3219 4060 3234 4084 ,
3266 4029 3321 4074 at
3356 4023 3512 4090 prior

1925 4104 2019 4158 illo
2052 4106 2344 4161 vocatione
2384 4125 2398 4159 :
2449 4106 2554 4161 fide
2584 4117 2770 4161 autem
2806 4109 2862 4162 in
2901 4108 3238 4164 Salvatorem
3268 4111 3508 4180 disciplin

1921 4198 2214 4268 lorumque
2244 4200 2553 4264 matricula,
2585 4201 2788 4256 nedum
2814 4203 3000 4266 Petro,
3016 4203 3112 4258 sed
3144 4215 3200 4258 et
3221 4203 3510 4276 discipulis

1921 4291 2181 4346 omnibus
2204 4291 2348 4348 facte
2369 4292 2646 4362 primitiae.

1993 4395 2153 4450 Salve
2178 4436 2192 4460 ,
2247 4396 2395 4466 quod
2437 4405 2812 4467 praecurrente
2861 4398 3085 4454 lucerna
3115 4401 3354 4469 primum
3379 4402 3506 4456 illu-

1925 4495 2152 4552 stratus,
2189 4503 2288 4556 pcr
2321 4487 2470 4542 illam
2506 4488 2573 4542 ad
2611 4489 2793 4543 Solem
2824 4490 3053 4560 iustitiae
3085 4491 3358 4548 adductus
3387 4509 3449 4548 es
3485 4511 3502 4548 :

218 4572 411 4642 γήθης
431 4587 445 4602 ⁶
477 4572 555 4625 ὅτι
587 4571 808 4642 πρῶτος
839 4571 932 4624 τὸν
982 4569 1182 4640 ’Δμνὸν
1205 4569 1300 4622 τοῦ
1331 4569 1467 4622 Θεοῦ
1509 4571 1605 4623 καὶ
1649 4569 1812 4622 καλὸν

1921 4581 2067 4650 quod
2124 4595 2249 4633 cum
2289 4581 2502 4649 Agnum
2558 4581 2655 4635 Dei
2713 4582 3033 4652 bonumque
3089 4583 3246 4638 illum
3315 4587 3505 4642 ovium

213 4665 470 4736 Ποιμένα
502 4665 612 4718 τῶν
645 4664 935 4736 προϐάτων
961 4662 1310 4731 ἐπεγνωκὼς,
1349 4665 1424 4727 ὼς
1453 4664 1638 4735 ἀρνίον
1673 4662 1813 4717 ἄκα-

205 4777 336 4824 κον,
372 4759 507 4828 ἄχρι
533 4756 788 4819 θανάτου,
819 4756 1053 4810 θανάτου
1070 4755 1126 4808 δὲ
1147 4753 1403 4826 σταυροῦ,
1430 4754 1604 4826 τούτῳ
1628 4753 1816 4824 σαφῶς

202 4847 677 4919 ἐπηκολούθησας
700 4865 713 4878 ·
739 4847 820 4900 διὸ
841 4846 1094 4917 καὶπρὸς
1125 4847 1217 4900 τὸν
1240 4847 1488 4917 οὐράνιον
1517 4849 1817 4916 γεννήτορα

204 4941 656 5011 συνυψσύμενος,
706 4942 800 4993 καὶ
854 4942 935 5003 εἰς
961 4940 1022 4992 τὸ
1051 4939 1319 5009 ἐσώτερον
1363 4938 1456 4992 τοῦ
1500 4939 1814 4993 καταπετά-

204 5053 433 5105 σματος
462 5033 776 5101 συνεισιὼν,
802 5033 897 5086 τοῦ
933 5033 1238 5105 ὑπερτάτου
1289 5032 1506 5086 πάντων
1548 5032 1813 5102 ὀνόματος

198 5127 592 5199 κατηξιώθης.

282 5220 490 5289 Χαῖρε,
523 5219 607 5271 ὅτι
633 5218 724 5272 τὸν
757 5217 932 5288 ἀληθῆ
971 5217 1081 5271 τῶν
1131 5215 1319 5286 ψυχῶν
1351 5215 1624 5287 Νυμφίον,
1656 5217 1808 5286 πρῶ-

279 5385 335 5416 ’⁸
360 5382 522 5437 Joan.
557 5399 647 5447 xx,
681 5383 773 5438 28.
841 5381 923 5416 ³⁸*
945 5382 991 5437 Il
1019 5383 1163 5438 Tim.
1203 5399 1277 5448 tv,
1304 5385 1356 5436 7.
1423 5382 1468 5416 ⁸⁷
1501 5379 1542 5436 Il
1569 5381 1711 5436 Tim.
1736 5399 1800 5450 ιι,
1831 5382 1886 5437 4.

282 5546 409 5617 (15)
442 5547 580 5620 Καὶ,
603 5547 950 5620 προδάθμιε.
979 5548 1127 5620 Novi
1170 5549 1274 5603 hoc
1300 5549 1452 5620 tituli
1501 5550 1615 5604 sola
1644 5566 1811 5606 voca-

204 5619 400 5690 tione,
454 5617 696 5690 fideique
747 5617 1140 5674 in'Christum
1188 5619 1474 5690 explicatae
1524 5621 1806 5690 primitiis,

201 5688 647 5762 intelligendum
683 5698 798 5755 est;
828 5705 955 5746 cum
978 5690 1183 5758 alioqui
1205 5688 1426 5762 Petrus,
1456 5688 1571 5760 ipse
1596 5691 1804 5762 junior,

202 5758 490 5830 omnibus
525 5759 759 5814 Andreae
788 5769 1011 5829 praeat,
1039 5776 1184 5814 unus
1229 5761 1346 5830 ipse
1390 5758 1712 5830 coryphieus
1742 5777 1806 5817 ac

204 5828 409 5900 gregis
457 5828 601 5895 dux,
651 5828 1020 5903 princepsque
1065 5828 1442 5901 apostolorum
1487 5828 1551 5888 ac
1599 5830 1804 5890 Christi

1915 4674 2200 4728 Pastorem
2237 4673 2455 4728 cunctis
2485 4674 2642 4743 prior
2667 4675 2786 4744 ipse
2815 4677 3153 4746 agnovisses,
3185 4677 3337 4734 velut
3381 4682 3502 4737 ovis

1915 4765 2202 4830 innocens,
2238 4763 2308 4818 ad
2340 4771 2576 4820 mortem
2601 4780 2799 4835 usque,
2831 4766 2997 4836 idque
3025 4779 3260 4823 mortem
3292 4772 3499 4838 crucis,

1914 4870 2042 4909 eum
2070 4855 2247 4925 palam
2276 4864 2503 4912 secutus
2534 4871 2597 4912 es
2631 4872 2646 4908 :
2678 4859 3037 4926 quamobrem
3069 4859 3236 4915 etiam
3272 4861 3340 4915 ad
3388 4879 3502 4919 ca:-

1914 4945 2108 5000 lestem
2169 4946 2389 5000 Patrem
2443 4962 2552 5000 una
2601 4947 2964 5014 sublimatus,
3016 4950 3184 5020 inque
3232 4953 3499 5009 interiora

1917 5035 2206 5090 velaminis
2254 5037 2465 5106 pariter
2492 5038 2807 5109 ingressus,
2869 5053 3192 5110 supremum
3247 5049 3498 5101 omnium

1917 5142 2120 5181 nomen
2153 5136 2488 5183 consecutus
2506 5143 2567 5182 es
2591 5128 2658 5181 ⁸⁸.

1987 5215 2170 5282 Salve,
2219 5217 2366 5287 quod
2411 5233 2607 5273 verum
2659 5221 2970 5276 animorum
3029 5220 3328 5293 Sponsum,
3368 5240 3494 5280 cum

1959 5384 2041 5417 ⁸⁷*
2081 5383 2318 5456 Philipp.
2352 5401 2434 5452 Ill,
2472 5386 2560 5443 10.
2636 5389 2682 5421 ⁸⁸
2706 5389 2875 5447 Hebr.
2890 5409 2966 5459 vn,
2998 5393 3085 5448 i9.

1916 5553 2495 5628 singularisvicarius,
2526 5556 2583 5611 in
2608 5573 2720 5628 quo
2745 5559 2973 5615 fundata
3004 5560 3262 5618 Ecclesia:
3285 5568 3491 5625 unitas,

1914 5638 2031 5704 non
2081 5624 2139 5704 i‘n
2197 5625 2448 5704 hndrea,
2502 5624 2685 5704 ullave
2740 5630 2848 5684 alio
2903 5630 3355 5704 discipulorum:
3396 5638 3489 5704 qui

1912 5693 2146 5776 proinde
2169 5694 2420 5776 absolute
2446 5696 2805 5776 npojaeptog,
2830 5693 3202 5768 apostolorum
3230 5693 3492 5775 primitiae

1911 5778 1976 5821 ac
2009 5765 2216 5836 primas
2239 5765 2448 5824 electus
2473 5765 2504 5824 ιι
2535 5765 2769 5825 Domino
2789 5765 2895 5826 est.
