4108 6420
621 369 690 432 79
1821 368 2114 431 NICETES
2148 368 2680 432 PAPHLAGONl-S
3815 375 3889 441 80

621 478 832 553 primus
888 478 1130 550 pronuni
1190 477 1509 534 testimonio
1565 477 1884 543 didicisses,
1939 488 2199 550 totusque

2300 496 2393 542 τος
2416 478 2511 533 τοῦ
2562 476 2937 549 νυμφαγωγοῦ
2997 480 3118 543 ταῖς
3174 478 3506 549 μαρτυρίαις
3537 479 3889 549 ἐπεγνωκὼς,

618 572 802 627 statim
831 569 1121 625 charitatis
1169 570 1350 626 modis
1398 572 1720 627 vulneratus
1761 586 1931 635 esses,
1970 587 2034 627 ac
2079 574 2203 643 ejus

616 682 847 739 prorsus
881 676 1080 739 captus
1104 667 1419 735 dulcedine,
1450 667 1713 738 cervique
1737 666 1794 721 in
1840 665 2066 720 modum
2107 665 2200 721 siti

617 757 856 811 maxima
890 765 945 812 te
970 756 1053 812 illi
1100 756 1466 829 adjunxisses,
1494 771 1561 812 ac
1604 756 1758 811 vitali
1781 756 1945 811 latice
1989 754 2200 811 affatim

618 858 840 921 potatus
867 859 1032 922 atque
1075 850 1386 906 inebriatus
1437 865 1608 916 esses,
1634 864 1701 906 ex
1721 850 1842 922 ejus
1867 848 1925 904 in
1983 857 2038 905 te
2072 849 2202 920 pin-

618 941 876 1015 guedinis
900 941 1246 998 abundantia
1277 943 1468 1013 plures
1500 941 1810 1008 inebriasti,
1868 950 2201 1013 torrensque

618 1034 920 1107 voluptatis
954 1035 1212 1108 gentibus
1240 1034 1431 1090 multis
1451 1033 1711 1091 exstitisti
1729 1034 1797 1100 ”,
1818 1032 2021 1104 quibus
2047 1034 2203 1091 velut

621 1143 819 1199 aquam
841 1128 1072 1184 multam
1092 1127 1433 1199 operientem
1481 1126 1656 1182 maria
1693 1124 1902 1183 Christi
1944 1126 2200 1183 notitiam

620 1223 862 1279 ubertim
895 1222 1159 1279 eructasli
1175 1220 1278 1276 ενι.

690 1314 873 1383 Salve,
902 1314 1052 1386 quod
1080 1314 1254 1385 ipsam
1286 1313 1417 1370 Jesu
1451 1312 1649 1369 faciem
1699 1313 1894 1369 videre
1923 1311 2197 1379 meruisti,

619 1409 850 1480 ipsoque
867 1408 1236 1480 gubernatore
1260 1416 1377 1463 tum
1406 1406 1666 1478 spiritali,
1700 1416 1817 1462 tum
1850 1405 2001 1478 quod
2024 1421 2195 1462 sensu

615 1500 943 1572 percipitur,
997 1499 1292 1571 enavigato
1351 1500 1514 1564 mari,
1563 1508 1730 1571 atque
1769 1498 1838 1555 ad
1874 1497 2200 1554 crudivoras

616 1600 807 1665 gentes
830 1591 1133 1663 profectus,
1168 1606 1283 1648 non
1305 1592 1376 1648 ab
1402 1593 1485 1648 eis
1516 1591 1815 1650 devoratus
1861 1606 1943 1657 es,
1966 1589 2065 1647 sed
2103 1604 2202 1646 eos

613 1684 836 1741 Christo
861 1695 1069 1742 venatu
1099 1685 1296 1757 cepisti
1329 1702 1345 1751 ;
1379 1700 1480 1740 nec
1501 1684 1571 1740 ab
1600 1683 1683 1740 eis
1714 1689 2081 1754 consumptus
2114 1696 2197 1749 es,

613 1777 711 1834 sed
745 1786 803 1832 et
854 1776 1163 1832 latitantem
1192 1776 1250 1831 in
1281 1774 1365 1831 eis
1413 1775 1711 1831 draconem
1740 1773 2024 1846 peremisti
2049 1790 2064 1828 :
2093 1773 2200 1828 mi-

617 1864 918 1936 randisque
941 1864 1208 1935 operibus
1250 1862 1307 1917 in
1341 1871 1625 1933 stuporem
1670 1876 1859 1934 agens,
1885 1874 2200 1933 cogensque

616 1955 685 2011 ad
713 1955 933 2011 Domini
970 1954 1154 2021 fidem,
1184 1953 1458 2010 Ecclesias
1485 1952 1710 2010 Christo
1733 1953 1983 2010 crexisti.

687 2130 849 2186 Salve
870 2130 966 2193 sis,
1017 2127 1265 2185 cruciﬁxi
1325 2129 1608 2196 cruciﬁxe,
1633 2130 1915 2188 benedicti
1966 2130 2198 2189 benedi-

615 2234 725 2293 cte,
743 2225 1087 2282 dilectissimi
1108 2223 1488 2290 dilectissime,
1514 2223 1790 2296 discipule
1825 2236 1884 2281 et
1914 2240 2118 2297 praeco,
2139 2234 2199 2282 et

617 2318 863 2390 apostole
895 2319 1258 2387 ministerque
1305 2317 1693 2384 divinissime;
1737 2318 2061 2390 angelorum
2102 2318 2198 2375 de.

615 2425 738 2475 cus,
768 2409 1146 2481 apostolorum
1171 2407 1326 2463 ﬁrma
1358 2407 1526 2474 basis,
1549 2415 1870 2467 sanctorum
1906 2407 2199 2465 fulcimen-

617 2512 757 2569 tum,
787 2502 1048 2557 Ecclesia:
1097 2500 1517 2556 fundamentum
1541 2510 1599 2556 et
1624 2501 1818 2572 gloria.

687 2593 869 2657 Salve,
901 2601 959 2647 et
987 2592 1201 2648 exsulta
1221 2590 1383 2647 valde
1409 2590 1466 2646 in
1487 2590 1715 2647 Christo
1735 2592 1888 2659 Jesu,
1916 2591 2012 2663 qui
2044 2591 2198 2649 velut

616 2686 673 2742 in
726 2700 896 2742 curru
921 2682 1236 2741 Cherubico
1266 2684 1404 2739 inte
1450 2683 1786 2762 requiescit;
1815 2699 1881 2740 ac
1936 2692 2199 2756 tanquam

613 2788 819 2835 nostras
879 2777 1060 2849 gentis
1121 2776 1403 2846 apostolus
1435 2816 1450 2841 ,
1509 2776 1813 2848 patriaeque
1848 2776 2103 2833 tutelaris
2132 2793 2199 2834 ac

615 2880 841 2927 curator
873 2910 888 2936 ,
929 2870 1234 2925 clementer
1300 2883 1433 2939 rogo
1492 2878 1549 2923 et
1612 2868 1944 2923 miseranter
1994 2876 2199 2924 nostra:

613 2977 835 3034 quoque
885 2959 1217 3016 humilitatis
1267 2959 1583 3027 miserere;
1627 2960 2196 3032 benignissimumque

612 3051 832 3108 Patrem
902 3058 1061 3107 tuum
1137 3066 1203 3107 ac
1271 3050 1448 3107 Deum
1520 3064 1760 3105 exorans
1802 3091 1818 3116 ,
1875 3051 1946 3106 ad
2011 3050 2194 3121 ipsum

610 3145 772 3201 nobis
825 3145 972 3199 viam
1039 3143 1242 3215 dirige,
1302 3154 1365 3199 ut
1449 3158 1518 3198 ex
1574 3144 1703 3214 eius
1782 3143 2041 3200 doctrina
2093 3160 2195 3200 ex-
2221 3184 2268 3247 Ο

613 3250 721 3306 que
741 3235 1084 3306 iudiciorum
1111 3235 1340 3307 iustitiae
1367 3234 1678 3291 rationibus
1708 3236 1986 3305 inculpate
2031 3251 2199 3307 super

614 3336 822 3383 terram
873 3328 1206 3390 conversati,
1232 3327 1479 3384 omnium
1512 3326 1649 3401 Regi
1677 3327 1921 3396 Christo,
1944 3338 1998 3386 te
2027 3331 2204 3387 inter-

614 3436 862 3488 cessore,
894 3434 1023 3478 cum
1060 3422 1236 3493 gloria
1280 3422 1601 3493 praesentari
1645 3438 2001 3489 mereamur;
2036 3439 2207 3494 quem

612 3511 775 3569 decet
794 3513 976 3569 omnis
994 3513 1190 3586 gloria,
1214 3514 1415 3579 honor.
1434 3516 1705 3582 adoratio,
1739 3532 1848 3573 una
1893 3532 2019 3573 cum
2041 3518 2206 3573 Patre

609 3614 669 3662 et
717 3605 929 3676 Spiritu
961 3616 1174 3677 sancto,
1222 3624 1373 3664 nunc
1416 3619 1474 3664 et
1517 3623 1769 3680 semper,
1795 3618 1855 3666 et
1880 3610 1939 3664 in
2004 3610 2204 3667 saecula

609 3699 938 3756 saeculorum
976 3700 1171 3756 Amen.

1225 3984 1488 4043 ORATIO
1512 3938 1593 4041 IV.

678 4093 942 4155 Laudatio
966 4100 1141 4155 sancti
1178 4108 1231 4155 et
1256 4099 1659 4229 célebbmuimi
1687 4105 1914 4174 apostoli
1939 4104 2125 4161 Jacobi

1319 4188 1347 4226 e
1379 4189 1407 4227 ε
1518 4213 1531 4228 .

1319 4188 1531 4228 eaeam.

691 4272 848 4340 Haud
875 4285 952 4341 ita
979 4286 1200 4357 pridem
1230 4289 1393 4347 vivus
1416 4305 1522 4347 nos
1548 4306 1694 4349 vera:
1712 4293 2026 4367 Theatogia‘.
2049 4296 2196 4361 fons,

613 4378 911 4448 mysticum
942 4380 1213 4438 Paracleti
1244 4382 1578 4451 tonitruum,
1606 4385 1879 4443 concinna
1923 4402 1989 4444 ac
2026 4403 2199 4446 suave

678 4541 723 4575 ³⁸
757 4540 898 4599 Psal.
927 4540 1140 4610 xxxv,9
1183 4540 1263 4576 θ’*
1295 4541 1398 4597 lsa.
1418 4556 1495 4603 xt,
1519 4542 1573 4599 9.

2304 570 2533 632 καὶτοῖς
2555 570 2654 638 τῆς
2672 568 2898 639 ἀγάπης
2920 567 3141 640 μέτροις
3166 568 3329 632 εὐθὺς
3349 568 3469 631 ὅλος
3491 570 3887 639 κατατρωθεὶς,

2303 666 2400 716 καὶ
2426 662 2770 733 κατακράτος
2792 659 2895 731 τῆς
2918 658 3086 714 αὐτοῦ
3111 658 3451 731 γλυκύτητος
3481 660 3760 732 ἡττηθεὶς,
3794 667 3893 721 καὶ

2302 753 2453 824 αὐτῷ
2478 753 2683 826 τρόπον
2704 753 2909 823 ἐλάφου
2934 750 3361 823 διψητικώταταν
3384 753 3773 825 προσδραμὼν,
3796 758 3896 811 καὶ

2302 846 2413 901 τῶν
2441 844 2673 919 ζωηρῶν
2692 846 2954 918 ναμάτων
2972 844 3337 917 ἀναπλησθεὴ
3360 863 3423 899 τε
3452 847 3549 901 καὶ
3574 846 3894 918 μεθυσθεὶς,

2302 937 2369 991 ὲκ
2395 936 2491 992 τοῦ
2520 936 2962 1009 περισσεύματος
2989 937 3088 1008 τῆς
3120 938 3180 990 ὲν
3219 935 3305 990 σοὶ
3329 937 3597 1009 πιότητος
3624 936 3897 1007 meum:

2303 1030 2576 1096 πολλούς·
2630 1031 2727 1087 καὶ
2780 1030 3120 1102 χειμάρρους
3155 1029 3374 1102 τρυφῆς
3430 1029 3611 1084 ἔθνεσι
3665 1030 3895 1100 γέγονας

2302 1124 2521 1188 πολλοῖς
2539 1164 2556 1192 ,
2582 1117 2666 1188 οἷς
2694 1122 2884 1196 ὥσπερ
2907 1122 3055 1196 ὕδωρ
3084 1124 3222 1179 πολὺ
3243 1121 3666 1177 κατακαλύπτον
3695 1122 3896 1177 θαλάσ-

2304 1232 2425 1281 σας,
2447 1214 2547 1287 τὴν
2578 1214 2781 1285 γνῶσιν
2803 1214 3130 1286 κατακόρως
3156 1212 3519 1285 ἐναπηρεύξω
3553 1213 3818 1283 Χριστοῦ.

2372 1311 2583 1381 Χαῖρε,
2638 1311 2725 1364 ὄτι
2775 1310 2876 1381 τῆς
2927 1306 3361 1379 αὐτοπροσώπου
3404 1307 3535 1371 θέας
3563 1306 3659 1360 τοῦ
3718 1306 3892 1377 Ἰησοῦ

2302 1402 2667 1470 καταξιωθεὶς
2688 1445 2704 1469 ,
2741 1401 2845 1474 τήν
2881 1419 2943 1455 τε
2976 1399 3178 1472 νοητὴν
3209 1399 3508 1464 θάλασσαν,
3552 1398 3651 1453 καὶ
3681 1398 3784 1469 τὴν
3814 1401 3894 1452 αῖ-

2304 1494 2511 1567 σθητὴν
2543 1492 2635 1547 ὑπ’
2664 1492 2815 1564 αὐτῷ
2839 1492 3153 1563 κυϐερνήτῃ
3177 1490 3444 1555 διαπλεῖς,
3480 1490 3585 1545 καῖ’
3604 1491 3717 1554 τοῖς
3748 1490 3893 1560 ὠμο-

2305 1587 2503 1657 φάγοις
2529 1585 2642 1641 τῶν
2658 1585 2966 1659 ἀνθρώπων
2996 1585 3304 1657 ἐπιδημῶν,
3326 1585 3390 1639 οὐ
3417 1582 3777 1656 κατεϐρώθης
3804 1583 3890 1638 ὑπ’

2304 1676 2509 1744 αὐτῶν,
2542 1675 2656 1731 ἀλλ’
2691 1674 3016 1748 ἐζώγρησας
3061 1675 3138 1745 τῷ
3190 1674 3442 1746 Χριστῷο
3472 1673 3534 1727 οὐ
3574 1672 3890 1744 κατηναλῶ-

2305 1774 2426 1842 θης,
2458 1772 2550 1827 τὸν
2579 1769 2975 1843 ὲμφωλεύοντα
3016 1768 3077 1824 δὲ
3124 1767 3337 1831 τούτοις
3360 1765 3632 1839 δράκοντα
3664 1765 3885 1830 ἀνεῖλεςο

2237 1828 2506 1945 Βαύτοὺς
2538 1828 2629 1929 δὲ..
2656 1828 2985 1936 θαυμασίοις
3010 1863 3195 1934 ἔργοις
3220 1828 3517 1933 ἐκστήσας,
3550 1858 3647 1914 καὶ
3669 1859 3753 1931 τῷ
3782 1828 3885 1913 Ku-

2305 1960 2409 2030 ρίῳ
2442 1958 2722 2013 πιστεύειν
2749 1958 3092 2027 ἀναγκάσας,
3118 1953 3417 2026 ἐκκλησίας
3445 1954 3735 2026 ἀναστήσω
3755 1954 3888 2026 Χρι-

2306 2068 2439 2122 στῳ.

2373 2142 2548 2215 Χαῖρέ
2579 2159 2693 2215 μοι,
2728 2140 3114 2212 ἑσταυρωμένε
3139 2138 3235 2195 τοῦ
3255 2137 3676 2211 ὲσταυρωμὲνου
3694 2154 3713 2173 ο
3743 2138 3895 2193 εὐλο-

2301 2234 2510 2305 γημένε
2534 2232 2628 2287 τοῦ
2655 2232 2855 2304 εὐλογη
2866 2232 3027 2303 μένου
3048 2248 3062 2264 ·
3101 2231 3431 2302 ἠγαπημινε
3478 2229 3574 2284 τοῦ
3599 2230 3894 2302 ἠγαπημέ-

2301 2344 2416 2391 νου,
2451 2324 2670 2397 μαθητὰ
2703 2324 2799 2378 καὶ
2826 2323 3006 2397 κήρυξ
3051 2322 3147 2378 καὶ
3184 2321 3454 2378 ἀπόστολε
3477 2361 3493 2388 ,
3524 2321 3621 2375 καὶ
3650 2320 3893 2376 θειότατε

2300 2418 2620 2490 λειτουργέ·
2661 2417 2722 2473 τὸ
2752 2416 2863 2471 τῶν
2909 2410 3161 2489 ἀγγέλων
3209 2415 3492 2487 ὡράἶσμα,
3536 2412 3599 2467 τὺ
3617 2411 3726 2467 τῶν
3755 2415 3895 2468 ἀπο-

2303 2508 2506 2562 στόλων
2540 2508 2744 2579 ἵδρυμα
2761 2547 2778 2572 ,
2808 2504 2917 2560 τῶν
2942 2503 3116 2574 ἁγίων
3167 2504 3473 2577 στήριγμα,
3500 2501 3596 2556 καὶ
3624 2500 3728 2572 τῆς
3765 2499 3891 2556 Ἑκ-

2301 2599 2532 2672 κλησίας
2564 2598 2846 2671 ἑδραίωμα
2877 2597 2974 2653 καὶ
3008 2592 3398 2667 καλλὼπισμα.

2371 2693 2546 2762 Χαῖρε
2585 2692 2683 2746 καὶ
2719 2690 2952 2761 ἀγαλλία
2989 2687 3197 2760 σφόδρα
3233 2689 3293 2742 ὲν
3319 2685 3542 2760 Χριστῷ
3585 2685 3785 2760 Ἰησοῦ,
3815 2684 3894 2758 τῷ

2301 2782 2493 2854 ὥσπερ
2524 2782 2583 2837 ὲν
2612 2781 2822 2852 ἅρματι
2855 2778 3169 2851 Χερουϐεὶμ
3196 2776 3669 2849 ἑπαναπαυομένῳ
3694 2778 3754 2830 ὲν
3784 2775 3892 2831 σοι’

2300 2876 2397 2932 καὶ
2429 2876 2507 2939 ὡς
2530 2872 2624 2929 τοῦ
2651 2874 2774 2929 καθ’
2802 2875 2948 2943 ἡμᾶς
2971 2872 3159 2935 ἔθνους
3187 2870 3508 2938 ἀπόστολος,
3538 2870 3634 2923 καὶ
3686 2884 3893 2939 προγο-

2300 2966 2450 3030 νικὺς
2474 2963 2915 3038 ὑπερασπιστὴς,
2956 2962 3051 3016 καὶ
3083 2961 3161 3024 ὡς
3213 2959 3486 3031 πατρικὸς
3540 2957 3892 3030 ἀντιλήπτωρ

2299 3059 2393 3115 καὶ
2407 3057 2744 3130 κηδεμὼν,εύ
2753 3056 3075 3125 σπλάγχνως
3095 3053 3288 3125 δέομαί
3307 3071 3400 3107 σου
3420 3053 3514 3108 καὶ
3533 3052 3893 3124 οἰκτιρμόνως

2300 3152 2397 3206 καὶ
2450 3151 2550 3221 τῆς
2594 3148 2872 3221 ἡμετέρας
2926 3145 3319 3214 ταπεινότητος
3363 3144 3636 3217 μέμνησο,
3680 3144 3778 3198 καὶ
3804 3142 3890 3198 τὸν

2305 3242 2509 3312 ἀγαθόν
2537 3257 2632 3296 σου
2663 3238 2889 3310 Πατέρα
2916 3239 3014 3292 καὶ
3060 3237 3195 3293 Θεὸν
3244 3236 3535 3302 δυσωπῶν,
3566 3233 3887 3291 κατεύθυνον

2308 3335 2440 3407 ἡμῖν
2466 3332 2566 3404 τὴν
2592 3331 2710 3387 ὁδὸν
2734 3332 2871 3403 πρὸς
2890 3330 3075 3396 αὐτὸν,
3100 3329 3187 3385 ἵνα
3218 3329 3363 3384 κατά
3388 3327 3482 3383 τὸν
3507 3327 3669 3396 λόγον
3704 3325 3874 3393 αὐτοῦ,

2306 3426 2404 3480 καὶ
2426 3423 2497 3479 τὰ
2540 3424 2786 3496 κρίματα
2840 3423 2941 3495 τῆς
2983 3422 3334 3494 δικαιοσύνης
3384 3419 3634 3493 ἀμώμως
3663 3419 3757 3475 ἐπὶ
3789 3417 3878 3489 τῆς

2306 3515 2410 3587 γῆς
2438 3513 2914 3585 πολιτευσάμενοι,
2964 3510 3397 3583 καταξιωθῶμεν
3423 3510 3503 3582 τῷ
3557 3506 3884 3581 παμϐασιλεῖ

2305 3607 2393 3663 διὰ
2418 3605 2515 3661 σοῦ
2543 3604 2975 3678 προσενεχθῆναι
3004 3601 3144 3675 μετὰ
3171 3601 3353 3673 δόξης,
3379 3599 3603 3673 Χριστῷ
3622 3617 3636 3632 ο
3680 3591 3726 3669 ᾧ
3755 3597 3887 3671 πρέ-

2303 3715 2398 3753 πει
2423 3699 2575 3753 πᾶσα
2602 3694 2754 3764 δόξα,
2778 3694 2913 3769 τιμὴ
2940 3696 3038 3750 καὶ
3058 3694 3453 3768 προσκύνησις,
3481 3692 3598 3765 ἄμα
3612 3691 3693 3763 τῷ
3714 3687 3891 3761 Πατρὶ

2301 3793 2399 3846 καὶ
2426 3790 2506 3862 τῲ
2532 3790 2674 3862 ἁγιῳ
2692 3789 2997 3863 Πνεύματι,
3012 3789 3109 3845 νῦν
3136 3788 3233 3844 καὶ
3253 3787 3369 3856 ἀεὶ,
3389 3786 3487 3843 καὶ
3505 3787 3586 3854 εις
3611 3786 3740 3851 τοὺς
3758 3782 3892 3840 αἰῶ-

2297 3899 2396 3947 νας
2424 3881 2535 3938 τῶν
2566 3880 2801 3937 αἰώνων.
2844 3881 3039 3952 Ἀμήν.

2903 3991 3127 4048 ΛΟΓΟΣ
3163 3991 3244 4046 E'.

2296 4111 2404 4176 Εἰς
2429 4107 2537 4165 τὸν
2571 4108 2746 4180 ἅγιον
2770 4106 2872 4161 καὶ
2899 4101 3666 4180 παζειξφημρνρπόᾳςρλον
3694 4098 3897 4157 Ἰάκω-

2648 4181 2759 4235 ϐον
2786 4181 2893 4234 τὸν
2916 4176 3026 4232 τοῦ
3054 4172 3384 4231 Ζεϐεδαίου
3411 4174 3553 4246 (id).

2366 4296 2567 4370 Πρὼην
2599 4296 2701 4370 μὲν
2723 4297 2872 4369 ἡμᾶς
2899 4298 2935 4369 ἡ
2987 4294 3141 4361 ζῶσα
3190 4292 3290 4364 τῆς
3314 4289 3578 4363 ἀληθινῆς
3607 4282 3893 4358 θεολογίας

2297 4389 2474 4463 πηγὴ,
2501 4392 2538 4462 ἡ
2574 4388 2814 4462 μυστικὴ
2862 4387 2960 4443 τοῦ
2992 4385 3363 4460 Παρακλήτου
3396 4382 3619 4458 βροντὴ,
3650 4383 3688 4453 ἡ
3724 4383 3891 4457 ἐναρ-

679 4702 793 4770 (14)
837 4700 980 4756 Sunt
1027 4700 1276 4775 quaedam
1329 4718 1397 4775 ex
1450 4703 1771 4775 Evangelio,
1822 4721 2000 4775 exque
2049 4705 2194 4761 libro
2225 4709 2271 4765 D
2298 4714 2504 4770 essent,
2559 4720 2625 4761 ac
2669 4719 2769 4775 per
2812 4719 2934 4760 eam
2970 4704 3137 4760 etiam
3181 4705 3531 4775 occasionem
3579 4700 3703 4775 aliis
3750 4699 3884 4775 locis

607 4773 843 4845 Acutum
875 4772 1301 4845 apostolicorum
1347 4774 1417 4829 de
1454 4772 1659 4829 Jacobo
1689 4772 1971 4845 explora—ta
1996 4817 2012 4840 ,
2045 4790 2196 4845 quae-

607 4843 735 4916 dam
762 4858 896 4916 vero
911 4841 991 4897 ’de
1009 4843 1168 4916 illius
1200 4846 1364 4916 rebus
1386 4845 1557 4914 gestis
1584 4853 1713 4900 ante
1741 4841 2196 4916 passionem-am-

606 4912 809 4987 bigua:
846 4915 913 4987 die
960 4912 1199 4968 adventu
1248 4912 1462 4987 scilicet
1509 4912 1929 4987 inﬂispaniam
1955 4954 1971 4977 ,
2013 4916 2195 4987 deque

606 4983 1020 5057 praedicatione,
1068 5000 1197 5057 nunt
1246 4986 1381 5041 solis
1425 4986 1631 5042 Judaais
1674 4983 2195 5057 praedicaveritfan

605 5054 775 5126 etiam
813 5054 1091 5124 gentibus.
1126 5056 1209 5109 ill.
1247 5057 1431 5111 annal.
1463 5066 1622 5126 pater
1654 5054 1713 5110 in
1755 5056 1923 5121 notis,
1949 5056 2041 5110 vix
2069 5066 2193 5111 tan-

604 5124 730 5179 dem
757 5126 1118 5197 acquiescens
1146 5124 1713 5182 dicentibus—venisse
1751 5126 1810 5180 in
1849 5126 2191 5197 Hispaniam,

602 5210 709 5267 nec
740 5212 857 5250 rem
886 5196 1026 5251 adeo
1046 5198 1343 5253 absurdam
1368 5197 1567 5261 'videri,
1591 5206 1653 5253 ut
1673 5210 1787 5252 non
1805 5196 2039 5267 decoqui
2069 5213 2196 5267 pos-

503 5272 507 5277 ’
603 5266 698 5330 sit,
736 5267 901 5321 modo
936 5282 1004 5321 ne
1037 5268 1205 5324 etiam
1234 5268 1493 5335 gentibus
1517 5268 1800 5324 Christum
1836 5266 2193 5323 annuntiasse

602 5336 977 5403 existimetur,
1020 5339 1127 5394 sed.
1172 5338 1519 5394 solummodo
1571 5338 1816 5405 Judaeis;
1862 5347 2020 5408 putat
2060 5347 2193 5394 tunc

602 5411 852 5530 potuisse
884 5409 1099 5474 venire,
1129 5408 1429 5463 cum'l‘acta
1458 5416 1545 5465 est
1576 5412 1777 5480 magna
1812 5408 1904 5463 illa
1932 5409 2192 5464 Hieroso-

628 5479 765 5530 vmis
798 5481 1111 5530 persecutio
1142 5479 1405 5530 Stephani
1434 5480 1603 5530 caede.
1624 5480 1846 5530 quando
1875 5490 1931 5530 et
1953 5480 2190 5530 disnersi

626 5479 765 5547 ymis
798 5481 1112 5550 persecutio
1142 5479 1405 5550 Stephani
1434 5480 1603 5543 caede,
1624 5480 1846 5550 quando
1875 5490 1931 5533 et
1953 5480 2191 5550 dispersi

606 5561 800 5619 omnes
831 5548 1089 5619 discipuli
1133 5548 1571 5619 per’Samariam
1611 5559 1667 5603 et
1698 5548 1999 5616 Galilaeam,
2035 5548 2198 5607 exce-

607 5617 718 5685 ptis
741 5617 1026 5690 apostolis,
1042 5617 1225 5690 quiut
1241 5620 1421 5690 gregis
1442 5621 1645 5676 arietes
1663 5635 1727 5674 ac
1749 5622 1977 5690 reliquis
2006 5622 2197 5677 fortio-

610 5701 702 5760 res
737 5689 851 5743 illic
894 5689 1294 5752 remanserant,
1340 5689 1402 5745 ut
1434 5693 1514 5747 sic
1553 5689 2195 5760 dispersam’Ecclesiam

612 5754 799 5809 denuo
820 5773 921 5813 con
964 5770 1235 5833 regarent.
1260 5761 1408 5817 Nihil
1428 5762 1578 5817 enim
1605 5754 1759 5816 vetat
1780 5762 1948 5817 etiam
1981 5763 2196 5832 aliquos

613 5828 894 5886 apostolos
925 5776 1265 5886 siscessisse.
1295 5833 1391 5886 aui
1431 5833 1537 5886 insi
1574 5832 1655 5886 sic
1691 5831 1959 5886 disnersis
1998 5834 2196 5886 solatio

613 5828 894 5890 apostolos
925 5828 1265 5900 discessisse,
1295 5833 1391 5904 qui
1431 5833 1537 5903 ipsi
1574 5832 1655 5888 sic
1691 5831 1959 5903 dispersis
1998 5828 2196 5890 solatio

2297 4775 2579 4846 Christum
2608 4772 3091 4846 evangelizarent;
3124 4777 3278 4832 velut
3305 4775 3472 4846 etiam
3505 4772 3750 4829 Ananias
3781 4773 3887 4827 Da-

2299 4845 2494 4909 masci,
2525 4845 2731 4916 aliique
2761 4845 2898 4899 aliis
2940 4845 3100 4901 locis.
3131 4847 3336 4903 Verum
3383 4845 3500 4900 sive
3536 4853 3669 4916 tunc
3713 4855 3892 4916 eaque

2299 4916 2612 4977 occasione.
2640 4912 2769 4972 sive
2810 4923 3000 4986 postea
3043 4923 3210 4986 atque
3245 4917 3349 4970 alia
3380 4930 3492 4973 non
3548 4914 3683 4971 satis
3728 4912 3896 4986 nobis

2300 4995 2450 5051 nota,
2501 4986 2640 5042 nihil
2683 4983 2835 5042 vetat
2870 4983 3285 5043 sanctissimum
3330 4986 3641 5056 apostolum
3687 4983 3893 5038 adiisse

2301 5056 2645 5125 Hispaniam,
2677 5068 2741 5113 ut
2763 5060 2883 5123 ejus
2917 5057 3181 5113 Ecclesiae
3211 5057 3447 5113 suadent
3488 5061 3846 5110 monumenta
3874 5069 3891 5116 ;

2297 5127 2493 5201 eodem
2521 5128 2637 5184 fere
2670 5129 2936 5201 instinctu
2960 5143 3074 5197 quo
3099 5129 3301 5201 Paulus
3337 5136 3529 5201 postea
3550 5132 3668 5201 ;_‘ut
3692 5137 3893 5201 nempe

2299 5197 2521 5269 Judteis,
2553 5214 2794 5269 quorum
2823 5194 3016 5269 ingens
3046 5199 3208 5254 turba
3241 5212 3310 5254 ex
3338 5194 3508 5269 priori
3541 5194 3892 5269 dispersione

2302 5284 2402 5339 per
2451 5264 2744 5339 Hispanias
2794 5264 3152 5324 disseminata
3201 5264 3354 5333 erat,
3379 5266 3664 5339 Evangelii
3706 5264 3893 5318 lucem

2256 5406 2257 5413 γ
2284 5337 2567 5394 inferretf
2583 5339 2642 5394 Id
2673 5348 2827 5395 certe
2840 5339 3036 5464 ‘primo
3080 5340 3401 5411 satagebant
3430 5337 3686 5407 apostoli.
3729 5342 3895 5412 ante.

2297 5423 2462 5464 quam
2512 5410 2567 5464 in
2618 5419 2809 5464 centes
2880 5408 3243 5464 ividerentur.
3277 5412 3471 5464 eisaue
3517 5423 3583 5462 ex
3615 5407 3893 5462 instituto

2880 5428 2895 5462 ι

2297 5423 2462 5484 quam
2489 5410 2567 5484 _in
2592 5419 2809 5484 _gent_cs
2840 5405 3482 5484 dividerentur,_eisque_
3517 5423 3583 5462 ex
3615 5405 3893 5484 instituto

2305 5475 2535 5549 (relictis
2585 5475 2790 5537 Judzeis
2848 5490 2908 5534 ut
2966 5480 3349 5549 pervicacibus
3380 5475 3573 5548 'atque
3644 5475 3893 5549 indignis

2302 5548 2507 5622 Christi
2545 5552 2795 5606 munere)
2820 5546 3102 5622 Christum
3135 5546 3539 5622 praedicarent;
3571 5556 3634 5602 ut
3674 5546 3892 5603 scilicet

2303 5631 2463 5692 antea
2493 5620 2550 5675 in
2588 5621 2903 5692 illis.~quasi
2932 5620 3153 5692 Christi
3184 5623 3463 5684 mandato,
3496 5634 3717 5692 operam
3743 5630 3892 5692 prq-

2304 5690 2538 5764 barent;
2568 5707 2749 5764 neque
2764 5684 2833 5746 'id
2856 5693 3032 5764 solum
3056 5690 3210 5764 intra,
3227 5701 3488 5764 angustos
3521 5684 3895 5745 Iudase‘limi-

2304 5771 2408 5824 tes,
2439 5762 2533 5817 sed
2558 5771 2616 5816 et
2640 5761 2844 5833 ubique
2862 5761 3132 5833 gentium,
3161 5762 3254 5817 ubi
3277 5761 3617 5833 celebriores
3644 5766 3799 5833 erant
3821 5767 3893 5833 ac

2303 5833 2717 5890 numerosiores
2735 5825 3056 5891 Iudaeorum
3086 5842 3285 5902 etsuis,
3312 5833 3429 5890 sive
3452 5832 3588 5889 alias
3604 5830 3741 5902 legis
3764 5825 3892 5883 cul-
