4108 6420
24 4893 42 4903 ,.

33 4949 52 4968 δ

28 5005 52 5039 '5

24 5153 60 5178 ξ·-

39 5217 62 5251 Α

24 5435 69 5470 3’

29 5499 68 5538 2

30 5643 72 5684 ιὶἶ

32 5719 72 5753 ἑ-

332 375 416 444 85
1123 375 1405 437 ORATIO
1439 376 1504 438 V.
1527 402 1593 413 --
1617 376 1700 436 IN
1740 375 2051 436 LAUDEM
2087 377 2146 437 S.
2172 376 2426 437 JACOBI
2467 379 2827 440 ZEBEDEI.
3529 381 3596 444 88

335 488 478 559 τειλῆ
509 484 609 556 μὲν
637 483 773 554 ἡμῖν
802 483 1085 556 τράπεζαν
1117 485 1333 540 σεπτῶν
1369 486 1590 541 ἐννοιῶν
1614 500 1629 516 ·
1658 485 1843 556 ἡδεῖαν
1863 485 1920 537 δὲ
1951 534 1952 541 η

2049 486 2184 542 nobis
2242 487 2642 543 venerabilium
2714 490 3112 544 sententiarum
3197 504 3597 560 sensorumque

339 581 430 634 ὅτι
487 577 724 648 μάλιστα
777 578 1232 650 παρεσκευάσατο
1287 578 1606 648 φιλοτησίαν
1633 596 1648 610 ·
1701 573 1764 632 οὗ
1822 579 1921 647 τῆς

339 671 579 741 ἀφθόνου
604 671 701 724 καὶ
719 669 936 742 ζωηρᾶς
959 671 1414 742 κατατρυφῶντες
1435 671 1798 743 ἑστιατορίας,
1829 673 1925 726 καὶ

337 767 412 836 τῇ
444 762 698 834 δαψιλείᾳ
721 763 821 832 τῆς
861 762 1084 833 χάριτος
1115 763 1484 834 πληρούμενοι
1515 764 1612 817 καὶ
1640 764 1926 834 θερμαινό-

336 874 521 927 μενοι,
553 849 644 909 οἷά
666 872 788 908 τινα
841 855 1045 925 μικρὰν
1073 856 1138 907 ὲκ
1167 853 1393 924 καρδίας
1417 853 1526 910 τῶν
1553 854 1726 924 λόγων
1779 856 1926 926 αὐτῷ

332 946 867 1020 προσενηνεγκαμεν
896 947 1098 1017 ὲρυγήν
1121 963 1136 977 ο
1162 948 1263 1016 τῆς
1300 944 1399 1014 μὲν
1427 945 1751 1015 εὐεργεσίας
1777 946 1926 1012 ἄξιον

330 1043 739 1112 προσενεγκεῖν
773 1039 989 1109 ἔχοντες
1012 1038 1162 1092 οὐδέν
1179 1054 1194 1069 ο
1226 1037 1302 1100 ὡς
1326 1037 1392 1091 ἂν
1420 1037 1476 1090 δὲ
1507 1037 1581 1108 μὴ
1606 1038 1927 1108 ἀχαριστίας

333 1131 526 1204 δεινὴν
553 1129 917 1200 ἀποισώμεθα
942 1129 1181 1201 γραφὴν,
1217 1127 1363 1183 κατὰ
1399 1128 1628 1198 δύναμιν
1653 1130 1744 1183 τὸν
1776 1128 1930 1182 ἐπαι-

339 1241 442 1278 νον
471 1223 894 1290 εἰσενεγκόντες.

426 1397 563 1450 Νυνὶ
609 1396 665 1449 δὲ
724 1395 844 1465 μετ’
897 1394 1082 1462 αὐτὸν,
1133 1395 1270 1465 άλλη
1304 1395 1541 1466 μυστικὴ
1592 1396 1932 1450 διαδέδεκται

342 1485 634 1559 πράπεζα,
685 1486 784 1538 καὶ
837 1484 995 1549 ἄλλος
1029 1486 1162 1556 ἡμῖν
1217 1484 1502 1558 ζωηρύτου
1534 1486 1781 1556 πόματος
1836 1504 1933 1556 με-

348 1578 708 1649 μεστωμένος
755 1575 1036 1647 προεὸήθη
1065 1578 1317 1648 κρατήρο
1356 1577 1450 1632 καὶ
1481 1577 1511 1630 ό
1552 1577 1820 1649 ἑστιάτωρ
1858 1578 1935 1642 ώς

353 1667 648 1737 φιλότιμός
673 1683 729 1718 τε
762 1664 858 1720 καὶ
904 1664 1154 1735 δαψιλὴς,
1187 1665 1340 1718 οὐδὲν
1368 1663 1577 1718 ἐκείνου
1608 1663 1710 1734 τῆς
1764 1680 1936 1733 μεγα-

351 1759 694 1831 λοπρεπείας
721 1755 1044 1828 λειπόμενος
1063 1772 1077 1786 ’
1126 1756 1306 1810 πάντα
1329 1756 1388 1810 δὲ
1414 1757 1614 1827 τρόπον
1645 1753 1934 1823 ἐξισούμε-

341 1869 471 1915 νος,
497 1848 725 1916 ἁδελφὸς
775 1846 873 1918 τὴν
905 1846 1087 1917 φύσιν,
1142 1846 1369 1916 ἁδελφὸς
1409 1847 1507 1917 τὴν
1538 1847 1742 1900 πίστιν.
1788 1843 1937 1908 Ἐνδς
1965 1843 2012 1902 Β

338 1943 470 2015 γὰρ
515 1941 770 2013 ἑκάτεροι
800 1938 1027 2008 πατρὸς,
1068 1937 1260 2010 ὥσπερ
1307 1939 1402 1992 τοῦ
1445 1938 1734 1993 Ζεϐεδαίου
1762 1937 1936 2002 κάτω,

339 2033 534 2095 οὕτως
579 2031 690 2086 ἄνω
717 2030 812 2084 τοῦ
847 2031 1013 2084 θεοῦο
1046 2030 1276 2102 ὀνόμασι
1329 2031 1512 2102 μόνοις
1559 2031 1814 2101 Ἰωάννης
1845 2029 1940 2083 καὶ

357 2124 635 2188 Ἰάκωϐος
661 2124 1026 2195 διενηνόχασι,
1076 2123 1274 2196 μικροῦ
1305 2126 1419 2187 τοῖς
1463 2123 1753 2193 πράγμασι
1812 2139 1942 2176 συν-

352 2214 701 2284 απτόμενοιο
743 2212 849 2267 ἴσοι
879 2213 977 2283 τὴν
1011 2213 1262 2284 γνώμην,
1318 2215 1425 2268 ἴσοι
1466 2213 1566 2284 τὴν
1596 2213 1779 2284 χάριν,
1839 2213 1942 2266 ίσοι

358 2306 473 2374 τὴν
497 2302 693 2376 ἀρετὴν
724 2305 814 2358 καὶ
837 2303 935 2374 τὴν
961 2304 1097 2374 πρὸς
1116 2305 1249 2358 Θεὸν
1275 2304 1574 2359 οἰκείωσιν.
1598 2299 1700 2359 Ὧν
1728 2303 1945 2374 άληθῶς

362 2397 587 2468 Κύριος
615 2392 716 2460 εἷς,
750 2397 945 2467 ὁμοίως
975 2397 1254 2469 ὁρώμενός
1297 2415 1358 2451 τε
1409 2397 1505 2451 καὶ
1533 2397 1944 2467 πιστευόμενος,

352 2489 575 2558 ὁμοίως
611 2487 1081 2560 προσκυνούμενός
1111 2506 1171 2541 τε
1206 2489 1299 2542 καὶ
1352 2490 1749 2559 λατρευόμενος
1773 2507 1786 2520 ·
1847 2491 1946 2560 μία

349 2579 581 2651 κλῆσις,
642 2581 740 2649 μία
786 2579 1067 2652 πρόθεσις,
1123 2579 1279 2644 ἐλπὶς
1317 2580 1438 2651 μία,
1477 2579 1670 2652 ὥσπερ
1727 2582 1819 2634 καὶ
1849 2582 1948 2652 βά-

347 2688 584 2741 πτισμα
609 2671 690 2724 ἓν.

444 2763 738 2834 Ὀμότιμοι
789 2763 890 2834 τὴν
935 2763 995 2818 ὲν
1039 2762 1330 2836 γράμματι
1364 2764 1642 2834 λατρείαν,
1697 2765 1950 2835 ὁμότιμοι

349 2856 466 2929 τὴν
509 2857 650 2928 πρὸς
705 2856 766 2910 τὸ
813 2856 1036 2929 πνεῦμα
1089 2857 1402 2930 μετάθεσιν.
1469 2858 1801 2930 Ὀμόφρονες
1854 2857 1952 2929 τὴν

358 2947 666 3016 ἐπίγνωσιν
691 2947 787 2999 τοῦ
814 2947 1049 3018 Πατρὺς,
1095 2947 1397 3020 ὁμόφρονες
1427 2947 1524 3020 τὴν
1555 2949 1636 3012 εἰς
1662 2947 1755 3001 τὸν
1784 2949 1954 3002 Μονο-

364 3039 512 3108 γενῆ
537 3041 626 3091 καὶ
654 3039 938 3108 ἀγάπησιν
963 3054 977 3068 ο
1005 3039 1066 3092 οὐ
1102 3040 1263 3109 μόνον
1291 3039 1369 3104 δὲ,
1407 3038 1544 3093 ἀλλὰ
1571 3039 1667 3093 καὶ
1690 3039 1827 3110 πρὸς
1854 3039 1955 3108 τὴν

367 3128 476 3182 τοῦ
525 3129 842 3200 Πνεύματος
877 3129 1274 3200 συγκατάθεσιν
1307 3129 1403 3183 καὶ
1439 3131 1716 3201 ὑποταγὴν
1769 3131 1819 3181 oi
1857 3131 1956 3182 αὐ-

369 3221 482 3276 τοί.
515 3223 604 3275 Διὺ
631 3227 728 3275 καὶ
757 3222 1085 3294 Βοανεργὲς,
1121 3223 1150 3276 ὅ
1192 3224 1340 3275 ἐστιν
1374 3222 1483 3276 υἱοὶ
1510 3221 1758 3292 βροντῆς,
1789 3220 1958 3290 ἄμφω

361 3315 516 3384 πρὸς
542 3315 719 3383 αὐτῆς
751 3314 1048 3383 κέκληνται
1093 3317 1193 3384 τῆς
1220 3313 1501 3384 ἀληθείας,
1549 3313 1626 3376 ὡς
1653 3313 1734 3366 ἑνὶ
1760 3313 1856 3366 καὶ
1884 3310 1961 3382 τῷ

360 3402 529 3473 αὐτῷ
559 3402 843 3474 Πνεῦματι
897 3404 1033 3472 πρὸς
1060 3403 1159 3472 τὴν
1193 3401 1286 3455 τοῦ
1338 3401 1672 3471 Εὑαγγελίου
1724 3402 1960 3472 μεγαλο-

361 3497 594 3566 φωνίαν
620 3494 1070 3564 καταρτιζόμενοι
1124 3494 1218 3548 καὶ
1265 3493 1655 3565 κροτούμενοι·
1691 3493 1964 3564 ὀφθαλμοὶ

357 3587 474 3641 δύο
529 3587 628 3657 τῆς
683 3587 1079 3658 άγιοπρεπείας
1148 3586 1345 3658 Ἰησοῦ,
1402 3586 1501 3658 τὴν
1559 3586 1819 3640 ἀνωτάτω
1865 3583 1961 3638 τοῦ

358 3681 718 3734 Δεσποτικοῦ
746 3681 999 3751 σώματος
1028 3679 1351 3750 κατέχοντες
1381 3681 1614 3734 σκοπιάν
1639 3695 1651 3708 ·
1688 3681 1784 3733 καὶ
1812 3680 1965 3751 πρῶ-

359 3793 460 3828 τοι
497 3774 610 3827 τῶν
645 3772 951 3845 θεαρχικῶν
994 3772 1231 3826 ἀκτίνων
1276 3771 1498 3841 ὁμοίως,
1547 3770 1624 3836 ὡς
1655 3771 1816 3826 ἁπλοί
1868 3771 1964 3824 καὶ

360 3865 600 3927 διειδεῖς
629 3863 725 3918 καὶ
755 3865 1094 3933 φωτοφανεῖς
1133 3861 1618 3933 άποπληρούμενοι
1641 3877 1656 3892 ν
1686 3862 1781 3915 καὶ
1827 3861 1966 3930 ἀγα-

365 3957 679 4027 θοπρεπῶς
709 3956 830 4011 ὅλον
871 3955 938 4008 δι’
967 3954 1180 4010 ἑαυτῶν
1209 3953 1661 4025 καταλάμποντες
1688 3954 1748 4007 τὸ
1778 3953 1962 4025 σῶμα.

366 4052 691 4123 Κορυφαῖοι
716 4048 814 4119 τὴν
843 4047 995 4112 τάξιν
1022 4045 1304 4113 ὡσαύτως,
1356 4044 1433 4110 ὡς
1453 4049 1521 4118 τῇ
1552 4045 1829 4118 κορυφαίᾳ
1855 4045 1966 4099 τῶν

365 4141 598 4211 ἀρετῶν
655 4140 846 4211 ἀγάπῃ
891 4138 1109 4192 πάντων
1141 4137 1341 4208 μᾶλλον
1372 4136 1452 4209 τῷ
1480 4137 1573 4191 τοῦ
1605 4137 1738 4192 Θεοῦ
1789 4154 1960 4208 προσο

365 4234 729 4306 ῳκειωμένοι
759 4229 1052 4303 ἀγαπητῷ.
1081 4229 1172 4283 Διὸ
1192 4230 1287 4283 καὶ
1316 4229 1705 4300 πρωτόθρονοι,
1729 4230 1824 4284 καὶ
1857 4229 1967 4283 i66-

370 4343 539 4395 τιμοι
583 4324 679 4377 καὶ
708 4323 928 4376 πάντων
979 4319 1180 4390 μικροῦ
1211 4319 1380 4390 φάναι
1423 4319 1732 4391 πρόκριτοι,
1761 4318 1839 4381 ὡς
1865 4317 1964 4387 τῆς

377 4420 520 4487 ἴσης
563 4419 650 4471 καὶ
691 4416 918 4488 πρώτης
979 4414 1131 4484 παρὰ
1163 4413 1240 4484 τῷ
1297 4411 1642 4484 Παμὸασιλεῖ
1692 4411 1965 4483 κατηξιω·

391 4513 558 4585 μένοι
581 4511 763 4584 τιμῆς.

453 4689 666 4744 Τοῦτον
693 4690 744 4744 οἱ
775 4689 876 4758 τῆς
905 4689 1136 4761 βροντῆς
1165 4688 1270 4742 υἱοὶ
1314 4687 1406 4742 τὸν
1431 4687 1636 4759 τρόπον
1691 4686 1970 4756 ἐνούμενοι

377 4787 485 4843 καὶ
509 4785 916 4857 ταυτιζόμενοι,
960 4784 1078 4847 πῶς
1107 4782 1168 4836 οὐ
1221 4782 1313 4836 τδν
1341 4781 1504 4836 αὐτὸν
1543 4781 1640 4853 τῆς
1697 4777 1973 4850 εὐφημίας

2026 595 2296 643 mensam,
2329 595 2392 635 ac
2416 595 2578 650 quam
2617 581 2853 636 maxime
2886 597 3054 638 suave
3083 583 3395 639 convivium
3438 598 3600 654 para-

2025 670 2107 726 vit
2144 687 2160 725 :
2195 672 2352 742 cujus
2391 672 2632 742 copiosis
2677 673 3048 744 vitalibusque
3097 675 3355 730 delectati
3398 675 3598 745 epulis,

2025 779 2130 819 nec
2183 779 2294 818 non
2358 764 2694 820 abundantia
2749 765 2939 836 gratiae
2996 767 3195 836 repleti
3249 767 3600 837 accensique,

2027 855 2184 926 quasi
2221 855 2474 926 exiguam
2509 857 2802 926 quamdam
2831 874 2901 914 ex
2932 858 3101 914 corde
3127 873 3445 914 sermonum
3472 873 3604 913 eru-

2031 946 2332 1003 ctationem
2363 949 2414 1003 ei
2445 949 2808 1019 dependimus
2835 968 2848 1005 :
2887 951 3092 1020 quibus
3137 957 3458 1021 suppeteret
3482 935 3617 1019 qui-l

2031 1040 2157 1097 dem
2205 1041 2364 1108 nihil,
2401 1042 2548 1112 quod
2589 1058 2691 1114 pro
2732 1059 2961 1099 munere
2991 1044 3216 1114 dignum
3269 1043 3604 1107 oﬂerretur;

2032 1135 2128 1190 sed
2153 1136 2247 1205 qui
2281 1144 2486 1200 tamen,
2518 1147 2722 1206 quanta
2765 1137 3000 1192 facultas
3034 1145 3174 1201 erat,
3210 1136 3278 1191 ad
3323 1134 3610 1206 depellen-

2033 1229 2158 1282 dam
2187 1228 2384 1298 ingrati
2415 1229 2583 1283 animi
2611 1237 2804 1284 tetram
2844 1229 3025 1284 labem
3065 1244 3130 1284 ac
3159 1229 3390 1294 crimen,
3418 1227 3610 1282 lauda-

2036 1320 2183 1376 tione
2215 1321 2268 1375 in
2297 1335 2423 1376 eum
2453 1319 2696 1376 defuncti
2732 1321 2923 1375 simus.

2105 1413 2263 1468 Nunc
2290 1428 2425 1467 vero
2452 1422 2578 1482 post
2604 1413 2759 1468 illum
2800 1413 2906 1468 alia
2945 1412 3107 1468 nobis
3134 1413 3362 1485 mystica
3391 1427 3612 1469 succes-

2037 1507 2108 1560 sit
2135 1521 2320 1562 mensa
2343 1525 2356 1561 :
2378 1507 2518 1563 alius
2545 1507 2708 1562 nobis
2724 1508 2932 1562 mellito
2951 1509 3146 1578 plenus
3173 1519 3397 1564 nectare
3425 1516 3609 1564 crater

2037 1599 2353 1667 propositus
2382 1607 2496 1665 est;
2542 1614 2854 1669 mensaeque
2885 1609 3128 1655 structor
3155 1615 3219 1655 ac
3261 1600 3607 1662 conv-irator,

2038 1690 2193 1759 quasi
2238 1691 2557 1760 splendidus
2605 1691 2903 1762 largusque
2942 1709 3112 1762 opum
3153 1709 3217 1750 ac
3269 1693 3611 1763 magnificus.

2042 1785 2178 1840 nihil
2213 1785 2294 1840 illi
2342 1787 2520 1858 impar
2556 1788 2850 1842 ambitioso
2890 1788 3041 1843 cultu
3084 1797 3139 1843 et
3184 1786 3612 1859 magnificentia,

2041 1881 2135 1933 sed
2165 1879 2480 1935 omnimode
2501 1881 2728 1951 aequalis
2762 1899 2775 1934 :
2814 1889 3011 1936 natura
3045 1895 3358 1951 germanus,
3401 1896 3464 1936 ac
3508 1878 3616 1934 fide

2039 1984 2334 2040 germanus
2371 1988 2386 2025 :
2417 1986 2531 2026 uno
2572 1971 2720 2026 enim
2765 1972 2964 2041 prolati
3008 1980 3189 2042 patre,
3233 1971 3314 2026 uti
3357 1971 3414 2024 in
3452 1969 3618 2026 terris

2039 2059 2324 2126 Zebedaeo,
2362 2061 2438 2117 ita
2481 2063 2538 2116 in
2569 2059 2730 2117 caelis"
2761 2063 2898 2118 Deo.
2934 2062 3081 2118 Solis
3109 2062 3334 2118 discreti
3373 2061 3618 2116 nomini-

2041 2152 2148 2208 bus
2195 2152 2435 2208 Joannes
2487 2163 2651 2225 atque
2703 2155 2963 2223 Iacobus,
2997 2155 3396 2227 propemodum
3451 2154 3624 2210 rebus

2043 2246 2290 2301 concreti
2331 2261 2394 2301 ac
2433 2247 2716 2316 copulati:
2754 2262 2917 2317 pares
2961 2247 3164 2313 animo,
3222 2262 3382 2318 pares
3427 2246 3621 2318 gratia,

2044 2355 2206 2411 pares
2236 2341 2440 2396 virtute
2469 2357 2533 2396 ac
2577 2355 2704 2396 cum
2742 2341 2857 2397 Deo
2889 2341 3300 2396 necessitudine
3333 2359 3346 2395 :
3385 2355 3624 2412 quorum

2044 2446 2238 2485 revera
2267 2447 2412 2486 unus
2439 2431 2726 2497 Dominus,
2749 2446 2912 2502 quem
2960 2431 3218 2486 similiter
3261 2431 3534 2496 viderent,
3568 2437 3627 2485 et

2047 2538 2154 2577 una
2182 2523 2424 2587 vacatio,
2458 2539 2629 2578 unum
2662 2524 2864 2580 mentis
2891 2523 3234 2594 propositum
3257 2567 3272 2589 ,
3306 2540 3412 2579 una
3445 2539 3575 2595 spes
3607 2563 3624 2588 ,

2049 2616 2130 2670 uti
2164 2624 2222 2670 et
2243 2616 2514 2686 baptisma
2538 2631 2712 2672 unum
2740 2617 2780 2669 ¹.

2121 2787 2245 2843 Pari
2282 2789 2516 2852 honore,
2564 2789 2712 2860 quod
2754 2792 2952 2846 attinet
2991 2791 3059 2846 ad
3099 2792 3308 2847 cultum
3355 2791 3630 2862 legalem;

2051 2878 2194 2949 pari,
2249 2879 2396 2947 quod
2448 2879 2516 2932 ad
2576 2879 2991 2934 translationem
3048 2881 3116 2935 ad
3171 2880 3445 2950 spiritum.
3506 2871 3630 2936 Pari

2053 2969 2224 3024 animi
2255 2984 2420 3048 sensu
2456 2984 2520 3024 ac
2550 2971 2846 3026 concordia
2887 2972 2941 3026 in
2971 2973 3152 3026 Patris
3182 2972 3481 3042 agnitione,
3512 2973 3631 3042 pari

2055 3073 2324 3129 propensa
2373 3059 2430 3113 in
2476 3058 2829 3131 Unigenitum
2881 3061 3164 3116 voluntate
3215 3072 3270 3116 et
3314 3062 3629 3116 dilectione.

2057 3153 2246 3222 Neque
2275 3151 2330 3205 id
2361 3151 2548 3217 modo,
2580 3152 2678 3207 sed
2707 3159 2764 3207 et
2793 3167 3062 3207 consensu
3103 3154 3157 3206 in
3187 3151 3454 3222 Spiritum
3481 3153 3632 3223 ejus-

2061 3257 2169 3312 que
2201 3241 2563 3312 subjeetione,
2589 3241 2780 3296 iidem.
2812 3241 3176 3306 Quamobrem
3195 3243 3360 3297 etiam
3392 3241 3634 3298 Boaner-

2063 3348 2157 3404 ges
2193 3332 2364 3403 (quod
2391 3341 2496 3397 est,
2527 3331 2653 3387 Filii
2687 3331 2942 3400 tonitrui)
2977 3331 3047 3385 ab
3078 3333 3196 3400 ipsa
3225 3331 3386 3386 ambo
3417 3346 3638 3386 nuncu-

2063 3423 2175 3494 pati
2201 3431 2330 3478 sunt
2350 3423 2604 3488 veritate,
2628 3422 2782 3478 velut
2810 3438 2949 3493 quos
2985 3438 3130 3478 unus
3163 3422 3420 3493 idemque
3459 3421 3639 3493 Spiri-

2064 3523 2154 3570 tus
2180 3514 2250 3569 ad
2278 3514 2625 3586 magniﬁcam
2673 3513 2962 3584 Evangelii
3013 3513 3458 3583 praedicationem
3505 3528 3640 3568 con-

2064 3605 2342 3660 cinnasset
2363 3614 2527 3675 atque
2555 3604 2850 3660 conflasset
2870 3606 2911 3656 ¹.
2955 3602 3169 3659 Gemini
3214 3603 3360 3658 oculi
3407 3605 3642 3658 sanctis-

2065 3695 2190 3751 simi
2235 3695 2460 3751 decoris
2497 3695 2649 3761 Jesu,
2697 3694 2972 3750 Dominici
3021 3696 3272 3765 corporis
3325 3709 3640 3764 supremam

2063 3796 2318 3844 tenentes
2343 3789 2660 3858 speculam;
2686 3788 2852 3858 primi
2897 3787 3108 3842 scilicet
3142 3786 3340 3841 divina?
3376 3786 3518 3842 lucis
3545 3802 3639 3841 ra—

2065 3878 2192 3941 diis,
2227 3894 2327 3934 ceu
2363 3878 2643 3948 simplices
2670 3887 2836 3948 atque
2867 3876 3082 3947 limpidi
3123 3876 3402 3946 lucidique
3434 3877 3642 3947 pariter

2064 3968 2284 4038 repleti,
2325 3967 2831 4038 benignissimeque
2865 3973 3042 4020 totum
3084 3980 3286 4034 corpus
3333 3964 3641 4035 fulgoribus

2064 4061 2180 4116 suis
2208 4059 2623 4116 collustrantes.
2657 4057 2894 4113 Perinde
2945 4056 3140 4112 ordine
3181 4057 3483 4126 principes,
3517 4063 3641 4109 tan-

2065 4167 2228 4222 quam
2259 4151 2530 4206 charitate
2555 4165 2678 4220 quae
2702 4149 2962 4219 princeps
2982 4148 3257 4202 virtutum
3283 4156 3368 4202 est
3389 4147 3638 4201 omnium

2065 4240 2302 4296 maxime
2339 4239 2438 4295 Dei
2464 4239 2670 4296 dilecto
2696 4239 2940 4295 devincti
2973 4252 3038 4293 ac
3065 4237 3390 4293 familiares.
3434 4236 3640 4304 Quam-

2067 4331 2257 4386 obrem
2281 4331 2448 4387 etiam
2479 4331 2674 4401 primis
2717 4330 2983 4386 sublimes
3013 4329 3260 4395 sedibus,
3286 4330 3518 4401 parique
3543 4330 3647 4387 ho-

2067 4436 2202 4476 nore
2245 4436 2310 4476 ac
2337 4420 2554 4476 cunctis
2578 4419 2978 4491 propemodum
3009 4419 3242 4490 praelati,
3274 4427 3538 4490 tanquam
3565 4420 3648 4476 vi-

1999 4531 2043 4586 υ
2071 4512 2273 4568 delicet
2294 4527 2485 4583 parem
2515 4513 2867 4582 primumque
2894 4509 3039 4580 apud
3061 4525 3338 4566 summum
3358 4511 3644 4568 universo-

2069 4619 2190 4660 rum
2217 4603 2421 4674 Regem
2446 4602 2730 4659 consecuti
2755 4602 3046 4657 honorem.

2141 4695 2201 4750 ln
2223 4695 2373 4750 hunc
2401 4693 2626 4748 modum
2667 4690 2947 4764 conjuncti
2985 4689 3216 4746 tonitrui
3257 4689 3382 4746 Filii
3424 4703 3647 4761 unaque

2070 4787 2221 4842 velut
2239 4786 2454 4841 ratione
2481 4784 2690 4850 coaliti,
2719 4782 2998 4854 quomodo
3028 4797 3142 4836 non
3171 4781 3431 4838 eumdem
3460 4781 3653 4837 lauda-

377 4880 776 4950 προσοίσονται
797 4877 990 4947 λόγον;
1017 4870 1120 4930 Ὦν
1149 4874 1258 4947 γὰρ
1281 4874 1331 4927 οἱ
1381 4873 1592 4943 ἀγῶνες
1627 4873 1752 4939 ῐσοι,
1786 4872 1883 4927 καὶ
1914 4890 1949 4926 α

2070 4875 2237 4930 tionis
2263 4888 2328 4929 ac
2364 4872 2626 4944 praeconii
2659 4887 2973 4928 sermonem
2997 4871 3362 4928 admiserint?
3403 4870 3653 4939 Quorum

379 4968 731 5041 ἀναρρήσεις
747 4969 802 5021 αἱ
833 4966 995 5021 αὐταί
1013 4983 1026 4996 ⁸
1063 4959 1140 5020 ὧν
1169 4964 1226 5018 δὲ
1256 4963 1411 5035 κοινὴ
1442 4966 1542 5035 τῆς
1559 4963 1760 5034 ἀρετῆς
1787 4963 1822 5033 ἡ
1850 4961 1974 5033 κτῆ-

383 5079 497 5126 σις,
548 5063 722 5116 κοινοὶ
745 5061 904 5131 δῆλον
945 5061 1028 5114 ὅτι
1052 5059 1102 5112 οἱ
1131 5058 1407 5127 στέφανοι.
1444 5056 1540 5120 Τίς
1569 5051 1662 5110 οὖν
1697 5055 1769 5110 τὰ
1792 5055 1971 5110 ἀδιαί-

387 5170 529 5226 ρετα
569 5153 792 5217 διελεῖν,
839 5153 937 5206 καὶ
964 5152 1035 5207 τὰ
1065 5149 1208 5206 κατὰ
1235 5149 1399 5219 φύσιν
1445 5149 1540 5203 καὶ
1581 5147 1810 5221 γνώμην
1834 5149 1976 5220 ἡνω-

462 5313 482 5343 ⁸
523 5309 730 5380 Ephes.
758 5327 832 5378 tv,
859 5310 912 5367 5.
986 5310 1008 5340 ²
1047 5307 1243 5364 Matth.
1283 5324 1364 5372 Ill,
1401 5305 1490 5361 l7.

2077 4967 2227 5023 enim
2261 4965 2563 5022 certamina
2587 4965 2764 5034 paria,
2787 4965 2980 5020 eadem
3022 4964 3191 5018 etiam
3219 4962 3484 5018 exsistant
3507 4979 3656 5034 prae-

2080 5059 2264 5114 conia.
2280 5056 2524 5124 Quorum
2556 5070 2847 5110 commune
2869 5055 3092 5110 virtutis
3117 5054 3310 5118 decus,
3334 5067 3657 5118 communes

2083 5149 2346 5205 nimirum
2378 5148 2547 5204 etiam
2573 5163 2812 5204 coronae.
2839 5146 2972 5214 Quis
3009 5147 3173 5218 igitur
3195 5160 3316 5215 quae
3345 5153 3475 5200 sunt
3507 5144 3650 5200 indi-

387 5467 587 5524 Jacobi
616 5467 673 5521 in
703 5464 1020 5536 Hispaniam
1049 5462 1234 5518 fidem.
1269 5458 1830 5536 Porro_interpolator
1859 5459 1977 5529 ipse
2082 5456 2268 5536 munia
2300 5465 2360 5536 et
2385 5455 2717 5536 episcopaiia
2754 5464 3097 5536 praestantes,
3126 5455 3254 5536 dum
3278 5450 3513 5536 apostoli
3547 5463 3658 5536 tua:

392 5522 667 5601 insulsus,
694 5522 1016 5615 qui-praeter
1058 5536 1398 5615 Stephanum
1428 5522 1980 5615 Jacobi—‘Hierosolv-
2079 5522 2505 5615 jiorainagisq'ue
2532 5522 2846 5615 propriae}:
2871 5526 3052 5608 ofﬁcio
3079 5522 3657 5615 tentarenti

390 5589 1086 5663 EéEJxﬁ'hﬁtig-{iu’s'teré
1116 5589 1451 5673 diaconum,
1483 5610 1539 5655 et
1566 5601 1620 5654 in
1645 5599 1752 5654 hoc
1782 5589 1978 5668 ιιι-ποῖ·
2079 5589 2274 5673 ἓξοχῂν
2314 5589 2587 5673 ῥοτῇρὴιίιί
2619 5589 2677 5651 et
2707 5596 3007 5673 principes,
3029 5589 3657 5673 eminerttiusque.quid-

391 5661 507 5749 pne
534 5661 614 5733 ab
643 5677 910 5749 apostolis
943 5685 1212 5749 creatum,
1244 5675 1388 5729 inter
1405 5661 1671 5749 diaconos
1701 5661 1976 5749 numeret,
2084 5661 2219 5749 qnid
2231 5661 2626 5749 episcoporum
2650 5661 2760 5749 est,
2803 5681 2867 5749 a_c
2891 5661 3047 5749 velut
3086 5663 3276 5734 prima.
3301 5661 3402 5717 sub
3432 5661 3664 5718 Christo

393 5735 492 5818 qui
519 5735 717 5803 omnes
745 5747 993 5818 episcopi
1014 5735 1261 5810 fuerunt,
1283 5752 1338 5800 et
1360 5742 1583 5813 quidem
1601 5741 1976 5818 apostolorum
2086 5735 2448 5795 fundamenta
2469 5745 2632 5809 atque
2657 5735 2796 5792 ostia
2834 5735 3123 5793 habentes.

391 5811 554 5890 quasi
610 5811 962 5889 suﬂ‘ra'ganei',
996 5832 1135 5889 quos
1163 5811 1398 5882 vocant;
1456 5821 1638 5883 partes
1670 5811 1880 5868 scilicet
1925 5823 1981 5865 et
