4094 6410
567 347 640 410 δῚ
1772 351 2070 414 NICETIE
2107 355 2630 420 PAPHLAGONIS
3735 373 3810 434 88

563 462 684 516 visa
725 469 899 517 tentet
929 461 1211 532 dividere;
1257 481 1321 520 ac
1362 482 1485 537 qua:
1524 476 1720 523 natura
1747 485 1813 524 ac
1860 471 2124 526 voluntau

2244 473 2380 544 μένα
2407 476 2728 546 πειράσαιτο
2762 476 3002 550 διιστᾷνς
3034 478 3158 544 Πῶς
3203 479 3261 535 δέ
3286 479 3397 534 τῶν
3428 483 3806 553 προκειμένων

563 552 838 622 copulata,
875 553 1232 624 dispescere?
1259 557 1505 624 Quonam
1532 575 1665 616 vero
1713 562 1878 618 modo
1907 578 1976 618 ex
2005 579 2132 633 pro-

563 645 756 713 positis
785 645 942 700 alteri
977 649 1206 704 seorsim
1239 651 1459 705 contexi
1494 651 1737 707 laudatio
1783 663 1949 723 queat
1969 653 1992 708 ’ί
2013 668 2136 723 quae

560 737 707 792 enim
737 739 864 808 quis
897 739 964 794 de
988 741 1164 796 altero
1188 743 1389 798 dixerit
1417 743 1532 798 haec
1565 744 1749 798 forsan
1778 746 1943 800 etiam
1975 745 2134 801 alteri

561 832 912 887 conveniant.
956 833 1100 888 Num
1135 851 1289 901 vero,
1327 851 1451 890 cum
1491 836 1617 891 aliis
1648 837 1894 906 quidem,
1939 838 2020 892 uti
2052 839 2136 893 di-

560 933 710 978 ctum
761 933 866 988 est,
911 935 1141 992 coeant;
1179 928 1340 982 modo
1375 938 1554 984 tamen
1600 945 1711 1000 quo
1754 929 1822 983 ad
1852 928 2134 985 Christum

559 1018 924 1088 emigrarunt,
950 1020 1169 1074 abunde
1196 1021 1639 1093 distinguantur;
1669 1023 1890 1077 illorum
1910 1023 2135 1093 quidem

561 1111 1119 1174 ratione,communis
1152 1113 1440 1167 amborum
1466 1114 1710 1169 laudatio
1735 1131 1748 1179 ;
1777 1115 1974 1169 horum
2002 1131 2135 1172 vero

557 1202 758 1257 merito
780 1205 978 1272 cuique
1013 1205 1231 1274 propria
1256 1220 1318 1259 ac
1349 1205 1604 1260 distincta
1635 1209 1747 1263 sit?

631 1294 845 1348 Etenim
884 1312 1007 1349 cum
1043 1297 1281 1366 primum
1308 1297 1556 1352 eamdem
1579 1298 1823 1354 humano
1851 1311 1972 1356 satu
1990 1302 2135 1356 nati-

555 1387 782 1441 vitatem
831 1403 895 1443 ac
935 1388 1320 1442 educationem
1356 1390 1501 1445 nacti
1555 1400 1776 1457 essent;
1827 1391 2134 1463 iisdemque

555 1478 802 1533 moribus
832 1486 888 1532 et
917 1477 1222 1547 disciplinis
1251 1479 1491 1534 instituti
1521 1479 1778 1545 fuissent,
1809 1496 1873 1535 ac
1893 1490 2136 1551 paternae

553 1571 861 1642 piscatoria:
904 1572 1006 1625 arti
1059 1588 1279 1642 operam
1323 1573 1673 1642 posuissent;
1716 1589 1967 1643 magnam
2010 1574 2136 1630 vitae

554 1671 763 1733 partem
804 1663 857 1717 in
882 1663 1019 1717 mari
1047 1664 1273 1728 versati,
1317 1664 1414 1733 qui
1440 1665 1665 1718 hamum
1706 1664 2012 1730 mitterent,
2043 1680 2133 1719 sa-

551 1769 745 1824 genam
770 1754 1040 1818 laxarent,
1074 1770 1137 1809 ac
1164 1770 1356 1810 rursus
1386 1755 1524 1810 retia
1553 1755 1942 1822 emundarent,
1973 1771 2126 1810 eam-

2235 567 2366 636 ήμϊν
2389 566 2633 638 ἐκατέρῳ
2659 567 2750 621 τὺν
2777 564 2926 623 αῐνον
2956 569 3061 643 ίδίᾳ
3091 571 3514 644 διαπλέκοιμεν;
3539 573 3576 628 ἃ
3607 575 3714 646 γὰρ
3738 575 3808 630 ἄν

2234 671 2317 718 τις
2341 657 2484 710 εἴποι
2512 660 2642 728 περὶ
2660 658 2752 712 τοῦ
2774 659 2914 724 ἐνὸς,
2939 662 3112 716 ταῦτά
3133 679 3197 730 γε
3217 663 3380 734 τυχδν
3411 664 3605 736 καὶτῷ
3635 667 3810 738 ἐτέρῳ

2235 745 2616 816 ἐφαρμόσειεν.
2670 747 2763 813 Ἦ,
2809 749 2880 804 τὰ
2930 750 3031 821 μὲν
3079 752 3236 820 ἀλλα,
3276 754 3528 826 καθάπερ
3575 757 3812 828 εἴρηται,

2235 837 2680 908 ταυτιζομένους,
2719 841 2798 914 τῷ
2846 845 3031 914 τρόπῳ
3077 845 3136 899 δὲ
3165 848 3264 917 τῆς
3289 847 3427 918 πρὸς
3453 847 3547 903 τὸν
3578 849 3817 921 Χριστὸν

2233 930 2691 1002 διαφορουμένους
2742 934 3086 1000 ἀναλύσεωςο
3119 941 3520 1011 κοινοποιητέον
3555 940 3654 1010 μὲν
3687 943 3814 995 κατ’

2233 1023 2418 1077 ἐκεῖνα
2439 1040 2452 1053 ⁸
2491 1025 2793 1099 διαιρετέον
2819 1027 2878 1082 δέ
2901 1027 2992 1083 τὸν
3019 1029 3174 1100 λόγον
3201 1032 3344 1086 κατὰ
3371 1033 3567 1088 ταῦτα.

2306 1289 2419 1346 Kal.
2455 1292 2561 1363 γὰρ
2605 1292 2704 1364 τὴν
2751 1293 2811 1359 ἐξ
2841 1294 3142 1366 ἀνθρὼταον
3169 1296 3422 1368 γέννησιν
3455 1297 3673 1368 πρῶτον
3719 1302 3814 1354 καὶ

2232 1384 2542 1453 ἀνατροφὴν
2568 1383 2822 1453 λαχόντες
2847 1386 2947 1456 τὴν
2973 1385 3163 1456 αὐτὴν,
3202 1387 3298 1440 καὶ
3324 1388 3430 1442 ὑπὸ
3461 1391 3577 1452 τοῖς
3623 1390 3810 1456 αὐτοῖς

2233 1475 2392 1547 ῆθεσι
2443 1476 2537 1528 καὶ
2573 1476 2862 1546 μαθήμασι
2899 1477 3426 1550 παιδοτριϐούμενοι,
3465 1483 3562 1534 καὶ
3597 1484 3665 1552 τῇ
3701 1500 3804 1536 πα-

2231 1569 2395 1637 τρικῇ
2427 1565 2590 1638 τέχνῃ
2629 1569 2729 1637 τῆς
2778 1567 2963 1632 ἀλείας
3009 1570 3566 1641 προσασχολούμενοι,
3616 1575 3715 1626 καὶ
3742 1575 3810 1628 τὰ

2235 1660 2406 1713 πολλὰ
2467 1663 2532 1731 τῇ
2595 1660 2838 1732 Θαλάσσῃ
2897 1662 3291 1732 προσέχοντες,
3361 1664 3457 1717 καὶ
3513 1663 3813 1737 ἄγκιστρον

2236 1752 2538 1816 καθιέντες,
2574 1753 2668 1806 καὶ
2697 1752 2910 1806 δίκτυον
2940 1753 3233 1823 χαλῶντες,
3261 1755 3357 1808 καὶ
3401 1752 3558 1819 αὖθις
3603 1756 3815 1810 ἀνακα-

551 1845 676 1899 dem
712 1855 901 1914 postea
924 1844 1253 1899 divinissimi
1286 1844 1416 1900 Jesu
1441 1845 1783 1901 vocationem
1820 1844 2124 1910 consecuti;

2231 1842 2545 1912 θαίροντες·
2581 1842 2719 1913 μετά
2767 1842 2942 1897 ταῦτα
2970 1843 3028 1896 δέ
3071 1843 3176 1913 τῆς
3213 1844 3384 1915 αὐτῆς
3420 1846 3624 1916 ὁμοίως
3674 1847 3811 1918 πρὸς

549 1953 615 1994 ac
641 1946 900 2008 tanquam
929 1937 1123 1992 eodem
1167 1937 1351 1991 animo
1381 1937 1701 2007 duplicique
1739 1951 1970 2007 corpore
2002 1944 2127 1992 ute-

549 2038 766 2095 rentur,
799 2030 994 2085 eodem
1025 2029 1190 2085 ambo
1230 2029 1434 2084 divinae
1463 2029 1712 2084 scientiae
1732 2044 1762 2083 e
1790 2029 1931 2084 caelo
1960 2043 2126 2082 eoru-

551 2131 764 2188 scante,
805 2122 988 2177 cuncti
1019 2122 1113 2192 qui
1159 2122 1388 2176 attentis
1435 2120 1634 2174 animis
1677 2121 1808 2184 sint,
1858 2135 1968 2174 uno
2007 2119 2128 2188 ejus

550 2213 762 2284 fulgore
815 2221 979 2283 atque
1029 2214 1234 2268 micatu
1277 2213 1484 2283 pariter
1519 2212 1899 2266 irradiantur:
1945 2211 2026 2266 sic
2072 2219 2128 2265 et

551 2301 629 2363 illi
661 2309 944 2363 Dominica
969 2309 1258 2364 vocatione
1277 2308 1486 2374 donati,
1508 2322 1630 2377 quae
1651 2306 1806 2376 sequi
1838 2305 1960 2359 illos
1985 2321 2126 2374 pra:-

550 2399 782 2468 ciperet,
798 2409 960 2468 atque
984 2399 1268 2454 hominum
1288 2399 1591 2468 piscatores
1608 2397 1881 2452 facturum
1897 2396 2125 2466 pollice-

549 2499 725 2557 retur,
769 2492 904 2546 nihil
946 2492 1102 2548 verbi
1155 2491 1399 2546 novitate
1453 2488 1751 2545 diflidentia
1799 2488 1908 2544 acti
1949 2497 2121 2544 sunt:

549 2583 700 2636 nulla
744 2582 1090 2638 vocationem
1121 2582 1403 2636 dubietate
1444 2581 1805 2650 repulerunt;
1838 2593 1942 2632 nec
1984 2578 2128 2634 sicut

550 2673 783 2729 Paulum
833 2675 1198 2729 Athenienses
1245 2674 1302 2728 in
1349 2674 1650 2728 crastinum
1691 2671 2031 2727 distulerunt
2064 2671 2120 2722 ἰ

552 2765 652 2820 sed
670 2765 833 2820 simul
865 2774 1028 2835 atque
1050 2781 1302 2820 sermone
1326 2765 1583 2820 illabente
1613 2762 1919 2820 collustrati
1938 2761 2124 2816 animo

552 2866 703 2920 sunt,
741 2873 805 2912 ac
845 2858 1000 2912 velut
1048 2857 1306 2912 incendio
1336 2859 1614 2928 paratiore
1644 2857 1894 2921 materia,
1922 2853 2124 2909 mentis

549 2949 882 3004 rectitudine
913 2950 1193 3005 caelestem
1224 2949 1404 3019 ignem
1445 2957 1828 3018 susceperunt,
1859 2949 1944 3003 sui
1979 2947 2125 3016 ipso-

548 3055 674 3095 rum
705 3039 994 3095 confestim
1025 3040 1184 3096 obliti
1207 3048 1357 3104 sunt,
1386 3055 1450 3095 ac
1489 3049 1646 3110 patre
1685 3055 1811 3096 cum
1857 3038 1983 3093 navi
2026 3054 2118 3093 re-

2227 1934 2323 1986 τοῦ
2357 1933 2797 2004 θεαρχικωτάτου
2829 1935 3072 2004 κλήσεως
3102 1936 3447 2002 ἀξιωθέντες·
3475 1935 3625 1990 ὥσπε
3636 1955 3666 2007 ρ
3705 1941 3810 2010 μιᾷ

2233 2023 2335 2093 μὶν
2352 2024 2521 2093 ψυχῇ,
2543 2023 2666 2077 δυσὶ
2692 2023 2750 2078 δέ
2778 2025 2994 2095 σώμασι
3023 2025 3316 2097 χρώμενοι,
3347 2029 3475 2098 μίαν
3507 2030 3816 2100 ἀμφότεροι

2227 2116 2328 2184 τὴν
2353 2118 2453 2184 τῆς
2504 2115 2835 2183 θεογνωσίας
2888 2118 3376 2189 περιελάμφθησαν
3424 2120 3639 2174 ἀκτῖνα.
3695 2121 3816 2176 Καὶ

2227 2205 2478 2276 καθάπερ
2513 2207 2799 2276 ἀστραπῆς
2843 2205 3058 2260 ἄνωθεν
3087 2207 3490 2282 διαλαμψάσης,
3541 2211 3674 2282 μίαν
3708 2212 3814 2282 τὴν

2227 2299 2319 2352 ἀπ’
2354 2299 2525 2367 αὐτῆς
2553 2298 2730 2369 αὐγὴν
2759 2299 2962 2363 πάντες
2992 2300 3193 2369 ὁμοίως
3231 2303 3281 2354 oi
3320 2302 3678 2373 προσέχοντες
3727 2307 3816 2358 ἐν-

2227 2389 2895 2458 απαστράπτονται,οῦτω
2931 2389 2994 2460 δὴ
3027 2389 3122 2442 καὶ
3157 2381 3300 2444 οὗτοι
3339 2391 3440 2462 τῆς
3473 2394 3814 2465 Δεσποτικῆς

2226 2481 2469 2552 κλήσεως
2491 2480 2804 2550 ἠξιωμένοι,
2837 2481 3066 2535 ἕπεσθαι
3090 2482 3188 2552 μέν
3216 2482 3366 2552 αὑτῷ
3384 2485 3810 2557 παρεγγυὼσηςο

2226 2572 2530 2642 ἀνθρώπων
2560 2573 2616 2626 δέ
2650 2573 2823 2637 ἁλιεῖς
2883 2577 3058 2626 ποιεῖν
3089 2575 3549 2646 ύπισχνουμένης,
3583 2579 3686 2632 οὐκ
3719 2582 3811 2632 ἐνς

2234 2665 2486 2718 εδοίασαν
2513 2664 2592 2736 τῷ
2630 2664 2888 2730 ξενίζοντι
2928 2665 3022 2718 τοῦ
3054 2667 3319 2737 ῥήματος,
3349 2669 3450 2722 οὐκ
3475 2670 3682 2742 ἀπορίᾳ
3707 2671 3812 2744 τὴν

2226 2758 2412 2828 κλῆσιν
2445 2757 2852 2830 διεκρούσαντο,
2875 2758 2986 2810 οὐδ’
3017 2758 3207 2830 ὥσπερ
3244 2759 3516 2832 Ἀθηναῖοι
3547 2761 3639 2814 τὸν
3660 2762 3810 2816 Παῦ-

2224 2849 2314 2904 λον
2343 2853 2424 2915 είς
2471 2853 2571 2920 τὴν
2618 2851 2743 2922 ἑξῆς
2793 2851 3214 2922 ύπερετίθεντο-ο
3249 2853 3385 2921 ὁμοῦ
3438 2854 3495 2907 δέ
3534 2854 3613 2926 τῷ
3664 2853 3810 2926 λόγῳ

2224 2942 2763 3013 περιαστραφθέντες
2796 2942 2887 2997 τὸν
2918 2943 3061 3004 νοῦν,
3092 2944 3184 2996 καὶ
3215 2942 3406 3016 ὥσπερ
3441 2945 3570 3017 ὕλης
3604 2948 3805 3017 ἐπιτη-

2222 3034 2478 3105 δειότητι,
2509 3036 2574 3104 τῇ
2601 3035 2699 3103 τῆς
2721 3034 2959 3096 διανοίας
2991 3033 3247 3105 εὐθύτητι
3281 3033 3341 3087 τὸ
3396 3035 3649 3107 οὐράνιον
3705 3054 3806 3090 κα-

545 3131 714 3197 licto,
770 3140 1060 3202 spretaque
1107 3132 1545 3203 propinquorum
1595 3116 2004 3186 necessitudine
2056 3144 2122 3184 ac

2226 3126 2574 3196 ταδεξάμενοι
2627 3127 2770 3196 πῦρ,
2834 3127 3158 3180 ἐπελάθοντο
3192 3127 3290 3197 μὲν
3340 3127 3503 3192 εὐθὺς
3555 3130 3803 3184 ἐαυτων·

548 3233 810 3280 consueta
851 3225 1198 3280 institutione
1233 3224 1571 3294 posthabita,
1616 3225 1942 3293 cunctisque
1981 3223 2122 3278 deli-

550 3317 654 3372 ciis
676 3333 740 3372 ac
773 3319 957 3372 carnis
985 3318 1364 3388 voluptatibus
1395 3319 1746 3389 contemptis,
1773 3318 1865 3372 uni
1901 3332 1960 3372 se
1992 3316 2124 3372 Jesu

549 3406 724 3460 amori
753 3406 1102 3463 addixerunt.

2227 3218 2554 3273 ἐπελάθοντο
2580 3217 2637 3271 δέ
2668 3220 3000 3288 οἰκειότητος
3031 3221 3266 3287 φυσικῆς
3287 3237 3300 3250 ·
3333 3221 3426 3274 καὶ
3455 3221 3547 3274 τὸν
3588 3221 3800 3292 πατέρα

2235 3309 2374 3380 μετά
2400 3306 2496 3361 τοῦ
2523 3307 2710 3360 πλοίου
2742 3308 3154 3376 καταλιπόντες,
3175 3311 3270 3362 καὶ
3297 3313 3617 3380 συγγενείας
3639 3313 3791 3382 ὑπερο

2233 3402 2471 3466 ιδόντες,
2522 3401 2619 3454 καὶ
2654 3400 2755 3470 τῆς
2826 3401 3085 3472 συνήθους
3143 3403 3420 3473 διαγωγῆς
3486 3405 3790 3470 ἐκστάντες,

547 3501 645 3555 καὶ
698 3501 878 3572 πάσης
921 3501 1168 3572 τέρψεως
1225 3502 1315 3555 καὶ
1387 3503 1567 3573 πάσης
1626 3501 1886 3572 σαρκίνης
1941 3495 2429 3569 παραμελήσαντες
2473 3493 2703 3566 ἡδονῆς,
2752 3494 2913 3566 μόνου
2971 3494 3267 3565 γεγένηντο
3321 3496 3417 3550 τοῦ
3451 3496 3655 3567 ἔρωτος
3707 3493 3796 3550 τοῦ

561 3594 752 3663 Ἰησοῦ.

617 3683 993 3741 Terrenorum
1042 3699 1263 3740 omnem
1303 3684 1726 3756 iucunditatem,
1763 3700 1872 3740 una
1897 3683 2002 3740 hac
2029 3699 2122 3740 su—

545 3775 704 3835 blimi
766 3778 1067 3848 cupiditate
1118 3786 1531 3834 commutarunt
1575 3793 1802 3848 :neque
1855 3778 2124 3833 duntaxat

546 3869 855 3932 naturalem
899 3869 1150 3939 corporis
1199 3869 1490 3925 libidinem
1538 3869 1706 3924 ani-mi
1743 3868 2121 3940 magnitudine

547 3960 908 4032 supergressi,
941 3959 1103 4030 Legis
1135 3969 1318 4016 tamen
1343 3960 1540 4016 litterte
1578 3975 1642 4015 ac
1666 3960 1916 4015 Musaicis
1945 3959 2118 4016 tradi-

547 4050 793 4111 tionibus
813 4052 963 4122 justo
991 4051 1226 4122 amplius
1254 4051 1484 4116 addicti,
1531 4052 1813 4122 segniores
1843 4052 1912 4107 ad
1943 4050 2121 4121 Spiri-

546 4152 664 4199 tum
685 4145 1058 4211 accedebant;
1093 4159 1272 4214 neque
1300 4143 1517 4199 fervere
1545 4144 1766 4213 quidem
1793 4159 1858 4199 ac
1893 4143 1999 4198 fide
2026 4157 2121 4197 ac~

549 4235 828 4301 cedentes,
875 4251 1080 4290 novum
1123 4245 1309 4291 tamen
1342 4233 1712 4304 legislatorem
1746 4234 2114 4305 spernebant;

549 4339 645 4385 aut
673 4330 726 4384 ei
754 4329 978 4399 quidem
1002 4330 1270 4385 honorem
1304 4328 1603 4395 habebant,
1628 4336 1685 4383 at
1712 4328 1930 4398 qualem
1957 4327 2114 4392 Mosi,

548 4435 648 4476 seu
712 4421 927 4475 cuidam
966 4420 1058 4474 alii
1091 4421 1524 4492 prophetarum:
1559 4419 1810 4489 quinimo
1866 4419 2115 4474 omnium

2298 3687 2446 3749 Μιᾶς
2480 3683 2686 3756 ταύτης
2708 3685 2871 3753 ἁγίας
2897 3686 2990 3738 καὶ
3016 3683 3230 3754 ὑψηλῆς
3268 3684 3585 3755 ἐπιθυμίας,
3623 3686 3802 3737 πᾶσαν

2223 3776 2520 3848 ἠλλάξαντο
2546 3776 2647 3846 τὴν
2674 3777 2975 3830 ἀπόλαυσιν
3013 3776 3122 3829 τῶν
3160 3775 3381 3846 γεηρῶν
3405 3791 3421 3807 ⁸
3478 3778 3575 3831 καὶ
3604 3777 3666 3830 οὐ
3704 3777 3804 3846 τῆς

2220 3869 2364 3925 κατά
2394 3870 2455 3923 τὸ
2492 3870 2652 3940 σῶμα
2701 3869 2938 3938 φυσικῆς
2968 3869 3208 3941 σχέσεως
3261 3871 3422 3939 μόνον
3460 3870 3806 3940 μεγαλοφυῇῃ

2221 3961 2572 4032 φρονήματος
2624 3960 3042 4031 ὑπερανέϐησαν
3069 4000 3084 4024 ,
3149 3958 3228 4030 τῷ
3262 3960 3555 4032 γράμματι
3593 3960 3651 4014 δὲ
3704 3959 3802 4013 τοῦ

2223 4053 2392 4122 νόμου
2417 4053 2512 4105 καὶ
2539 4052 2660 4115 ταῖς
2695 4052 3017 4115 Μωσαῖκαϊς
3058 4052 3390 4122 παραδόσεσι
3420 4051 3582 4104 πλέον
3620 4050 3652 4122 ἦ
3694 4050 3806 4105 ἔδει

2226 4143 2608 4217 κρατούμενοι,
2651 4144 2788 4215 πρὸς
2819 4143 2880 4197 τδ
2909 4143 3126 4212 πνεῦμα
3157 4143 3490 4214 νωθέστερον
3516 4143 3761 4214 ἐχώρουν
3788 4153 3806 4175 ο·

2222 4236 2345 4290 οὐδὲ
2385 4237 2650 4300 συντόνως
2685 4235 2784 4306 μέν
2822 4235 2916 4289 καὶ
2954 4233 3160 4296 πιστῶς
3188 4233 3484 4305 προσίεσαν
3513 4233 3592 4305 τῷ
3635 4229 3808 4287 πνεύ-

2226 4345 2376 4396 ματι,
2429 4327 2524 4380 τοῦ
2579 4324 2769 4381 καινοῦ
2813 4327 2871 4380 δὲ
2924 4326 3333 4396 ὑπερεφρόνουν
3385 4326 3676 4396 νομοθέτου
3706 4344 3720 4358 ·
3767 4327 3803 4398 ἢ

2222 4419 2424 4489 ἐτίμων
2444 4420 2564 4489 μὲν,
2601 4418 2692 4472 ῐσα
2729 4419 2786 4472 δὲ
2816 4418 3084 4480 Μωσέως,
3117 4418 3152 4489 ἦ
3181 4434 3326 4482 τινος
3351 4418 3511 4473 ἀλλου
3541 4419 3650 4472 τῶν
3675 4436 3809 4490 προ-

549 4527 582 4568 a
609 4514 811 4569 saeculo
846 4523 1159 4590 sanctorum
1215 4514 1388 4566 Deum
1437 4526 1502 4566 ac
1553 4512 1866 4576 Dominum,
1912 4511 2116 4580 Deique

2226 4510 2442 4582 ιριητίιῦν⁸
2479 4510 2698 4563 πάντων
2726 4511 2783 4563 δέ
2812 4510 2920 4562 τῶν
2957 4509 3014 4575 ἐξ
3059 4511 3258 4574 αἰῶνος
3310 4511 3484 4578 ἁγίων
3515 4509 3649 4564 Θεὸν
3705 4512 3806 4564 καὶ

549 4603 786 4660 viventis
798 4603 995 4657 Filium
1015 4603 1056 4667 ⁵,
1077 4618 1139 4658 ac
1166 4602 1489 4673 prophetam
1511 4601 1642 4656 olim
1659 4601 1957 4671 Scripturis
1982 4616 2126 4670 pra:-

549 4693 862 4748 nuntiatum
895 4693 1287 4763 Christumque
1313 4703 1607 4749 venturum
1647 4693 1836 4748 .lesum
1884 4693 2117 4748 creden-

549 4795 654 4850 tes,
675 4786 755 4842 sic
781 4785 979 4840 ardore
1009 4785 1135 4840 ﬁdei
1154 4787 1332 4854 ipsum
1351 4785 1730 4855 sequebantur
1747 4784 1823 4850 δή
1841 4800 1954 4840 non
1983 4785 2118 4840 sub-

545 4879 687 4948 jecta
705 4880 880 4938 oculis
909 4879 1094 4950 specie
1123 4877 1488 4943 offendentes,
1537 4877 1632 4933 sed
1663 4877 1758 4948 qui
1790 4877 1858 4932 ad
1903 4893 1968 4934 ea
1995 4893 2118 4948 quae

490 4986 505 5007 ο
550 4979 736 5026 mente
788 4971 1240 5040 intelligebantur
1277 4969 1508 5040 spiritus
1552 4970 1766 5025 ratione
1809 4969 2120 5042 dirigeren-

552 5072 662 5118 tur.
692 5063 813 5118 Non
867 5063 1016 5118 enim
1067 5063 1209 5133 lapis
1230 5063 1310 5118 eis
1347 5062 1692 5125 offensionis,
1723 5063 1877 5118 velut
1905 5063 1993 5118 his
2023 5063 2120 5134 qui

549 5163 737 5210 essent
755 5169 918 5224 prava
936 5167 1138 5216 mente,
1157 5169 1260 5210 nec
1277 5162 1428 5225 petra
1451 5155 1692 5210 scandali
1714 5156 1923 5224 positus
1939 5162 2056 5211 erat
2074 5156 2119 5218 ⁸,

495 5299 511 5317 ι
551 5245 648 5302 sed
678 5246 817 5316 lapis
841 5246 1068 5312 electus,
1094 5244 1393 5317 angularis,
1412 5246 1684 5316 pretiosus
1706 5245 1762 5300 in
1793 5246 2120 5303 fundamen-

553 5339 624 5393 tis
652 5337 836 5394 Sionis
868 5339 1166 5393 collocatus
1189 5337 1264 5392 5*.

623 5516 781 5572 llunc
830 5517 1070 5573 Jacohus
1098 5526 1263 5588 atque
1299 5518 1539 5576 Joannes
1587 5497 1826 5591 lapidem
1875 5535 2031 5576 suam
2061 5519 2117 5575 in

552 5610 748 5680 spiritu
780 5609 1107 5666 eﬂ‘odientes
1148 5617 1388 5667 mentem
1419 5626 1483 5668 ac
1521 5627 1618 5668 cor
1651 5612 1761 5670 alte
1807 5611 2118 5669 scindentes

2227 4604 2431 4676 Κύριον
2483 4606 2577 4658 καὶ
2615 4605 2744 4658 Υἰδν
2783 4605 2917 4658 Θεοῦ
2945 4605 3166 4670 ζῶντος,
3207 4607 3302 4660 καὶ
3337 4607 3430 4660 τὸν
3484 4624 3808 4678 προκατηγ-

2224 4697 2488 4768 γελμένον
2527 4699 2816 4769 προφήτην
2852 4701 2970 4761 ταῖς
3005 4698 3271 4768 Γραφαῖς,
3311 4700 3407 4754 καὶ
3444 4699 3679 4771 Χριστὸν
3718 4695 3806 4752 εἶ-

2222 4806 2312 4843 ναι
2339 4787 2429 4841 τὸν
2458 4789 2751 4860 ἐρχόμενον
2791 4789 3216 4853 πεπιστευκότες
3247 4789 3339 4842 τὸν
3375 4789 3602 4862 Ἰησοῦν,
3626 4789 3806 4854 οὕτως

2221 4879 2370 4951 αὐτῷ
2397 4879 2690 4951 θερμότητι
2733 4883 2968 4946 πίστεως
2997 4883 3430 4956 ἐπηκολούθουν,
3467 4885 3528 4936 οὐ
3561 4883 3639 4954 τῷ
3667 4884 3805 4953 ὁρω-

2217 4973 2363 5043 μένῳ
2393 4972 2849 5042 προσκόπτοντες,
2885 4974 3020 5028 άλλὰ
3053 4975 3130 5047 τῷ
3165 4974 3442 5044 νοουμένῳ
3476 4973 3802 5028 κατευθυνό-

2218 5081 2368 5137 μενοι
2402 5065 2494 5119 τοῦ
2531 5066 2860 5137 Πνεύματος.
2890 5068 2965 5121 Οὐ
2995 5067 3105 5139 γὰρ
3133 5069 3278 5132 λίθος
3303 5068 3487 5130 αὐτοῖς
3515 5065 3800 5138 προσκόμ-

2217 5174 2408 5229 ματος,
2443 5158 2632 5230 ὥσπερ
2659 5162 2770 5224 τοῖς
2799 5160 2891 5213 τδν
2919 5159 3042 5214 νοῦν
3075 5159 3461 5222 σκολιοῖς,ούδὲ
3506 5159 3682 5229 πέτρα
3711 5158 3798 5211 τέο

2216 5248 2393 5305 θειται
2453 5251 2778 5317 σκανδάλου,
2819 5251 2957 5305 ἀλλὰ
3010 5251 3156 5316 λίθος
3207 5251 3483 5315 ἐκλεκτὸς,
3552 5251 3800 5321 ἀκρογω-

2225 5345 2437 5407 νιαῖος,
2503 5342 2757 5414 ἔντιμος,
2829 5345 2944 5406 τοῖς
3010 5341 3280 5413 θεμελίοις
3345 5340 3792 5411 ὑποϐεϐλημένος

2224 5433 2383 5487 Σιών.

2296 5522 2496 5577 Τοῦτον
2531 5522 2622 5576 τδν
2651 5523 2796 5578 λίθον
2840 5522 3093 5586 Ἰάκωϐος
3123 5524 3216 5577 καὶ
3259 5523 3533 5594 Ἰωάννης,
3561 5521 3663 5594 τὴν
3686 5521 3790 5573 τῶν

2224 5616 2284 5668 ἐν
2310 5615 2386 5689 τῷ
2415 5617 2687 5686 πνεύματι
2719 5615 3024 5686 σκάψαντες
3052 5616 3292 5670 διάνοιαν
3311 5616 3406 5670 καὶ¹
3428 5613 3526 5687 τὴν
3564 5613 3790 5687 καρδίαν

626 5792 646 5822 ³
680 5790 798 5845 Act.
844 5807 973 5856 xvn,
1000 5793 1087 5850 22.
1161 5793 1182 5825 ⁸
1218 5793 1412 5850 Matth.
1435 5810 1545 5858 xw,
1581 5794 1667 5851 16.
1738 5795 1793 5827 ⁸³⁸
1826 5796 1986 5852 Deut.
2016 5813 2122 5852 xm

2226 5797 2267 5852 ὃ.
2343 5798 2361 5830 ⁸
2398 5795 2414 5850 l
2457 5796 2600 5852 Pctr.
2627 5795 2762 5862 11,8.
2841 5798 2894 5832 ”‘
2923 5771 3024 5853 lsa.
3055 5814 3243 5863 xxvm,
3279 5799 3364 5855 l6.
