4094 6444
405 403 487 468 89
1186 400 1470 464 ORATIO
1503 404 1571 468 V.
1603 425 1674 443 -
1699 403 1788 467 ΙΝ
1825 403 2141 469 LAUDEM
2177 407 2238 469 S.
2271 407 2534 472 JACOBI
2569 415 2933 478 ZEBED/EI.
3595 420 3684 482 '90

412 513 766 586 βαθύναντες,
802 512 901 567 καὶ
924 511 1017 602 rev
1041 509 1172 602 νοῦν
1201 513 1667 584 μεταλλεύσαντες
1696 519 1791 571 καὶ
1823 518 1990 588 εὕρη-

2094 520 2472 595 animumque,
2498 526 2779 585 curiosius
2813 531 3223 602 investigantes,
3257 548 3386 588 cum
3417 534 3681 591 oﬂenlis-

409 607 588 668 κότες,
621 607 714 658 καὶ
743 604 802 658 ὲν
829 601 978 672 αὑτῷ
1001 601 1105 672 τῆς
1141 602 1322 656 αὐτῶν
1375 604 1614 668 πίστεως
1653 608 1722 658 τὰ
1759 605 1992 675 θεμέλια

405 696 880 767 καταπηξάμενοι,
931 694 1184 766 κραταιοί
1238 712 1383 759 τινες
1419 698 1514 750 καὶ
1556 697 1826 750 άνένδοτοι
1854 699 1992 768 πρός

398 807 466 844 τε
521 791 650 852 τοὺς
684 787 1010 858 νοουμένους
1045 788 1373 865 όμοίωςοκαὶ
1408 790 1534 852 τοὺς
1553 790 1864 860 ὁρωμένους
1895 807 1992 859 γε-

395 883 637 952 γένηντο
690 879 1059 952 πειρασμούς’
1099 881 1221 934 ὅθεν
1268 881 1370 949 τῆς
1413 882 1722 951 κορυφαίας
1755 882 1875 952 ἅμα
1913 882 1991 954 τῷ

399 975 630 1048 μεγάλῳ
649 974 840 1044 Πέτρῳ
867 973 962 1027 καὶ
999 972 1312 1043 ἀκροτάτης
1340 973 1470 1044 παρ’
1493 973 1643 1043 αὐτῷ
1672 973 1994 1038 καταξιοῦνο

393 1087 490 1122 ται
516 1069 710 1139 τιμῆς,
741 1066 840 1120 καὶ
866 1065 966 1136 τὴν
1004 1065 1114 1120 ἀπὸ
1156 1065 1251 1118 τοῦ
1287 1064 1582 1135 θεαρχικοῦ
1613 1065 1865 1136 σώματος
1897 1066 1991 1120 ἐπὶ

392 1162 497 1216 τοῦ
535 1159 696 1232 ὅρους
723 1157 1104 1228 ὰστράψασαν,
1137 1156 1212 1220 ὡς
1231 1157 1576 1220 πιστοτάτοις
1600 1157 1992 1228 παραδεικνύει

405 1251 648 1322 μορφήν.
686 1248 914 1311 Τούτοις
945 1249 1038 1302 καὶ
1068 1248 1166 1319 τὴν
1187 1249 1333 1303 κατὰ
1368 1248 1430 1302 τὸ
1459 1247 1631 1310 πάθος
1652 1250 1752 1318 τῆς
1782 1247 1996 1319 ἀνθρω-

403 1340 573 1410 πίνης
615 1340 674 1392 ἐν
710 1336 864 1408 αὐτῷ
904 1336 1121 1407 φύσεως
1142 1338 1385 1407 ἀγωνίαν
1423 1339 1518 1392 καὶ
1553 1338 1875 1408 ἀδημονίαν,
1916 1338 1992 1400 ὼς

395 1431 759 1494 οἰκειοτάτοις
797 1429 1156 1498 ἀνατίθησιν·
1205 1431 1300 1484 καὶ
1335 1430 1474 1500 μετὰ
1528 1430 1590 1482 τὸ
1651 1430 1868 1482 δεῖπνον
1905 1431 1996 1482 εὐ-

395 1525 524 1589 θὺς,
565 1524 941 1594 συλλήπτορας
978 1522 1178 1586 αὐτοὺς
1231 1523 1564 1592 παρειλήφει
1610 1522 1712 1592 τῆς
1752 1539 1992 1593 προσευ-

395 1617 509 1686 χῆς
533 1632 548 1646 ⁸
589 1617 636 1668 εί
662 1615 757 1668 καὶ
789 1615 852 1668 τὸ
883 1614 1018 1667 πολὺ
1047 1615 1150 1684 τῆς
1177 1613 1357 1683 λύπης
1376 1614 1662 1678 άπὲκναιε,
1706 1614 1802 1667 καὶ
1835 1612 1990 1684 ὕπνῳ

399 1709 622 1773 τούτοις
643 1709 960 1779 κατενάρκα
989 1709 1080 1762 τὸν
1109 1707 1392 1778 λογισμόν.

471 1802 586 1855 Καὶ
605 1799 748 1855 κατὰ
785 1803 969 1855 πᾶσαν
1000 1800 1059 1854 δὲ
1095 1800 1203 1853 τῶν
1221 1799 1316 1854 δύο
1341 1797 1549 1854 τούτων
1569 1796 1664 1852 τοῦ
1702 1797 1838 1851 Θεοῦ
1868 1797 1993 1851 παί-

2092 624 2236 680 sent,
2266 627 2432 687 atque
2463 620 2520 674 in
2547 635 2616 676 eo
2655 634 2768 678 suae
2819 623 2945 678 fidei
2989 625 3346 681 fundamenta
3391 626 3677 695 ﬁxissent,

2091 707 2237 763 ﬁrmi
2264 726 2328 765 ac
2356 721 2676 769 constantes
2730 715 2997 770 adversus
3043 717 3325 786 spiritales
3374 719 3582 788 pariter
3620 727 3678 774 et

2090 815 2214 870 quae
2275 803 2453 859 oculis
2505 805 2870 876 subjiciantur
2905 849 2919 870 ,
2983 809 3318 864 tentationes
3376 810 3676 878 exstitere;

2077 893 2241 948 unde
2272 895 2451 964 primo
2474 904 2638 966 atque
2691 899 2940 968 principe
2985 916 3354 970 supremoque
3402 918 3510 957 una
3553 917 3679 958 cum

2073 998 2291 1053 magno
2333 985 2496 1040 Petro
2520 987 2664 1055 apud
2706 1003 2832 1041 eum
2883 989 3093 1042 honore
3138 988 3454 1053 donantur;
3501 990 3681 1059 iisque

2092 1088 2188 1128 seu
2223 1074 2558 1130 ﬁdelissimis
2577 1075 2931 1147 eﬂ‘ulgentem
2966 1079 3138 1132 divini
3161 1080 3415 1146 corporis
3444 1079 3678 1135 formam

2093 1163 2149 1218 in
2181 1174 2366 1220 monte
2395 1165 2656 1220 ostendit.
2686 1165 2766 1220 Ad
2797 1181 2898 1220 eos
2919 1181 3148 1236 quoque
3172 1175 3434 1236 tanquam
3465 1183 3679 1222 summe

2092 1259 2456 1323 necessarios,
2488 1259 2742 1315 humana:
2769 1261 2823 1315 in
2862 1260 2983 1330 ipso
3023 1269 3235 1316 natum
3267 1263 3490 1316 anxium
3537 1279 3681 1316 mor-

2093 1349 2165 1402 tis
2193 1351 2447 1403 timorem
2486 1364 2551 1406 ac
2583 1351 2923 1416 maestitiam,
2950 1353 3053 1406 sub
3098 1353 3278 1421 ipsum
3316 1361 3535 1423 tempus
3559 1349 3680 1423 pas-

2074 1439 2266 1495 .sionis
2320 1440 2520 1504 refert;
2579 1457 2814 1511 moxque
2868 1457 2896 1496 a
2955 1458 3135 1506 omna,
3190 1444 3460 1498 orationis
3497 1445 3679 1500 socios

2094 1529 2348 1584 adhibuit
2389 1547 2404 1596 ;
2445 1546 2762 1601 quanquam
2809 1531 2980 1588 nimia
3029 1533 3266 1590 tristitia:
3324 1534 3410 1591 vis
3454 1535 3678 1594 exulce-

2093 1621 2271 1681 rabat.
2307 1636 2374 1676 ac
2400 1630 2710 1692 torpentem
2745 1639 2937 1680 eorum
2982 1627 3228 1681 animum
3257 1643 3451 1683 somno
3477 1627 3677 1698 degra-

2093 1709 2276 1764 vabat.

2163 1801 2440 1869 Quantum
2475 1803 2715 1873 denique
2757 1805 2825 1859 ad
2871 1821 3092 1860 omnem
3133 1807 3424 1862 amborum
3476 1807 3678 1861 horum

363 1895 509 1963 ,δῶν
541 1893 641 1966 τήν
682 1893 826 1965 μετὰ
855 1893 952 1948 τοῦ
1002 1893 1210 1965 Κυρίου
1241 1894 1342 1964 τὴν
1379 1890 1853 1963 συναναστροφὴν,
1897 1891 1991 1944 καὶ

2097 1894 2191 1948 Dei
2217 1910 2516 1964 puerorum
2541 1911 2666 1950 cum
2708 1897 2942 1955 Domino
2971 1899 3473 1961 conversationem,
3511 1908 3678 1968 atque

389 1985 497 2040 τοῦ
540 1985 706 2056 ζήλου
731 1986 833 2057 τὴν
859 1985 1194 2057 θερμότητα,
1226 1983 1323 2038 καὶ
1345 1983 1449 2054 τῆς
1482 1983 1722 2046 πίστεως
1765 1985 1866 2053 τὴν
1902 1982 1991 2035 δο-

391 2078 704 2148 κιμότητα,
736 2077 831 2129 καὶ
881 2077 982 2146 τῆς
1013 2075 1236 2147 ἀγάπης
1277 2074 1379 2146 τὴν
1415 2074 1735 2142 τελειότητα
1757 2090 1772 2106 ·
1803 2077 1894 2127 ναὶ
1925 2073 1990 2145 δὴ

392 2170 502 2223 καὶ
539 2167 683 2222 κατὰ
714 2167 816 2238 τὴν
847 2167 941 2220 τοῦ
982 2166 1300 2238 Πνεύματος
1332 2164 1541 2220 άνωθεν
1579 2165 1868 2220 ὲπὲλευσιν
1895 2165 1992 2218 καὶ

397 2261 503 2314 τὸν
543 2260 652 2314 τῶν
686 2259 945 2328 γλωσσῶν
975 2259 1246 2330 μερισμὸν
1294 2259 1390 2312 καὶ
1432 2259 1532 2329 τὴν
1569 2257 1834 2328 διανομὴν
1880 2257 1992 2310 τῶν

404 2353 660 2425 δωρεῶν,
693 2353 837 2407 οὐδὲν
863 2351 1052 2424 ἓτερον
1081 2351 1220 2423 ήγοῦ
1229 2368 1327 2422 μαι
1348 2350 1445 2405 τοῦ
1464 2350 1654 2423 ἑτέρου
1673 2350 1990 2418 διενεγκεῖν.

406 2444 580 2500 Ὅθεν
620 2440 702 2507 εἷς
727 2443 1054 2515 ἀμφοτέρων
1100 2443 1199 2497 καὶ
1220 2445 1400 2508 κοινὸς
1451 2442 1582 2514 ἄχρι
1622 2441 1832 2496 τούτων
1887 2442 1989 2494 αὐ-

389 2537 519 2601 τοῖς
554 2538 583 2590 ό
628 2531 798 2600 αἶνος,
838 2537 939 2608 μιᾷ
989 2535 1230 2607 Χριστοῦ
1283 2535 1742 2607 μεμορφωμένους
1785 2538 1991 2605 μορφῇ,

385 2628 496 2682 καὶ
531 2629 614 2682 ἐνὶ
635 2627 715 2698 τῷ
747 2629 898 2699 αὐτῷ
927 2627 1234 2698 Πνεύματι,
1271 2627 1360 2680 τὸν
1407 2627 1520 2680 ἴσον
1559 2628 1760 2697 τρόπον
1785 2644 1992 2697 κατηρο

378 2722 679 2792 τισμένοις
733 2723 832 2776 καὶ
889 2722 1474 2793 χαρακτηριζομένοις.
1547 2721 1702 2775 Ἐπεὶ
1755 2719 1813 2773 δὲ
1862 2720 1993 2782 ἴδιος

380 2814 646 2886 ἑκατέρῳ
673 2815 774 2885 τῆς
807 2815 1191 2884 μεταστάσεως
1239 2815 1268 2868 ὃ
1312 2830 1373 2867 τε
1405 2812 1594 2884 χρόνος
1628 2813 1864 2883 ὑπάρχει
1895 2810 1993 2864 καὶ

383 2908 422 2962 ὁ
448 2908 675 2979 τρόπος,
713 2906 824 2979 ἰδίᾳ
864 2905 1054 2961 λοιπὸν
1085 2906 1178 2959 καὶ
1225 2904 1318 2958 τὸν
1363 2904 1523 2973 λόγον
1559 2903 1670 2957 τῶν
1699 2904 1993 2974 ἐγκωμίων

393 2998 718 3069 ἀποδῶμεν.

476 3089 567 3158 Τῷ
582 3088 681 3160 μὲν
696 3083 792 3142 οῦν
810 3085 1187 3156 Εὐαγγελιστῇ
1211 3085 1478 3156 πρότερον
1506 3084 1826 3150 άφωσίωται
1852 3082 1994 3135 κατὰ

394 3180 632 3251 δΰναμιν
665 3183 702 3252 ή
732 3180 940 3242 αἴνεσις
961 3194 976 3210 ⁶
1016 3178 1110 3232 καὶ
1139 3175 1533 3247 πνευματικῶς
1563 3174 1733 3229 αὑτοῦ
1769 3177 1868 3244 τῆς
1897 3190 1992 3244 με·

390 3272 576 3342 γὰλης
613 3269 1072 3342 κατατρυφῶντες
1103 3268 1328 3340 ἀρετῆς,
1377 3265 1562 3328 καθὼς
1595 3259 1698 3318 οἷοί
1728 3281 1787 3316 τε
1823 3259 1988 3335 ἦμεν,

383 3362 744 3431 ἀπετίσαμεν
789 3361 1025 3432 μετρίως
1083 3358 1182 3430 τὴν
1237 3357 1484 3428 ὀφειλήν.
1542 3355 1658 3410 Νῦν
1689 3356 1746 3407 δέ
1787 3372 1900 3426 μοι,
1944 3348 1989 3408 ὦ

384 3458 592 3525 ἄριστε
622 3456 718 3511 καὶ
747 3451 1091 3524 δοκιμώτατε
1141 3448 1380 3522 Χριστοῦ
1428 3447 1669 3520 μαθητὰ,
1700 3447 1861 3518 δεῦρο
1893 3448 1990 3500 καὶ

388 3549 465 3602 σὺ
498 3549 764 3619 σήμερον,
797 3544 1044 3607 Ἰάκωϐε,
1080 3546 1109 3596 ό
1137 3544 1246 3596 τῶν
1271 3541 1495 3612 ὑψηλῶν
1519 3539 1613 3594 τοῦ
1645 3539 1784 3592 Θεοῦ
1812 3539 1989 3607 Λόγου

387 3639 602 3710 θεατὴς
625 3638 724 3691 καὶ
753 3637 988 3708 ποιητὴς
1019 3635 1198 3705 ἔργων
1221 3649 1238 3666 ⁸
1270 3635 1366 3686 καὶ
1388 3633 1498 3686 τῶν
1529 3632 1857 3702 ἀπορρήτων
1884 3628 1989 3700 μύ-

387 3749 539 3803 στης
568 3732 665 3785 καὶ
722 3728 1088 3801 μυσταγωγὸς
1115 3727 1311 3794 λόγων.
1363 3725 1432 3778 Ἥ
1461 3723 1661 3794 κινύρα
1690 3723 1784 3776 τοῦ
1823 3720 1990 3775 Πνεύ-

388 3838 596 3893 ματος,
626 3822 660 3890 ἡ
701 3819 984 3891 ήδύφωνος
1019 3817 1116 3870 καὶ
1170 3815 1538 3884 καλλίφωνος·
1584 3815 1618 3884 ή
1659 3813 1866 3882 εὐμελῆ
1893 3812 1990 3866 καὶ

384 3914 744 3984 εὐάρμοστον
795 3913 908 3973 τοῖς
936 3909 1119 3963 εὐθέσι
1155 3909 1247 3962 τὸν
1269 3907 1414 3972 νοῦν,
1445 3907 1545 3979 τὴν
1578 3909 1677 3978 τῆς
1712 3905 1990 3974 θεολογίας

386 4004 830 4076 ἀνακρουομένη
878 4004 1097 4073 φωνήν·
1149 4004 1182 4073 ὴ
1259 3999 1474 4071 μεγάλη
1505 3998 1602 4052 τοῦ
1645 3999 1782 4052 Θεοῦ
1813 3999 1990 4066 Λόγου

388 4097 624 4171 βροντὴ,
653 4098 688 4168 ή
715 4095 1026 4165 ὑψηγόρως,
1058 4095 1092 4164 ἡ
1137 4091 1534 4164 μεγαληγόρως
1565 4090 1666 4162 τὴν
1696 4091 1992 4144 ἀνάστασιν

383 4191 493 4246 τοῦ
537 4188 738 4260 Ἰησοῦ,
787 4190 910 4251 ταῖς
973 4187 1300 4250 Ἰουδαῖκαῖς
1349 4184 1612 4248 διανοίαις
1640 4185 1988 4253 ὲνηχήσασα,

386 4280 492 4334 καὶ
527 4277 626 4349 τὴν
653 4275 998 4346 σκληρότητα
1023 4275 1123 4344 τῆς
1173 4273 1356 4327 αὐτῶν
1411 4271 1639 4343 καρδίας
1669 4269 1992 4340 καταθραύ-

392 4381 587 4420 σασαο
624 4364 724 4435 τὴν
773 4363 981 4434 ἔρημον
1022 4361 1079 4414 δὲ
1128 4360 1266 4423 τέως
1308 4358 1608 4430 ἐκκλησίαν
1659 4359 1992 4410 συσσείσασα

395 4455 515 4510 τῶν
543 4454 727 4520 ὲθνῶν,
764 4455 860 4508 καὶ
893 4451 1074 4523 ἠρέμα
1102 4452 1238 4521 πρὸς
1285 4450 1539 4520 αἴσθησιν
1585 4448 1679 4502 τοῦ
1723 4465 1992 4519 κηρυττο-

2074 1985 2467 2040 aemulationis
2493 1986 2787 2052 fervorem,
2816 1988 3214 2058 probatamque
3242 1989 3406 2044 fidem
3439 2005 3504 2044 ac
3534 1989 3676 2043 dile-

2093 2077 2294 2132 ctionis
2335 2077 2774 2148 perfectionem;
2821 2078 2919 2133 sed
2949 2086 3006 2133 et
3039 2089 3305 2149 quantum
3337 2079 3405 2134 ad
3441 2079 3680 2149 Spiritus

2093 2186 2124 2226 e
2152 2169 2298 2226 coelo
2341 2170 2620 2240 illapsum,
2662 2170 3087 2241 linguarumque
3130 2170 3580 2240 dispertitionem:
3616 2184 3682 2225 ac

2095 2265 2367 2320 donorum
2403 2263 2754 2326 divisionem,
2789 2262 2929 2317 nihil
2978 2263 3278 2332 quidquam
3321 2263 3556 2317 alterum
3610 2262 3685 2320 ab

2093 2358 2268 2412 altero
2295 2356 2553 2410 existimo
2596 2355 2845 2410 differre.
2878 2354 3252 2420 Quamobrem
3279 2368 3386 2407 una
3413 2353 3689 2407 hactenus.

2093 2465 2159 2504 ac
2189 2449 2500 2502 communis
2529 2447 2636 2502 erit
2667 2462 2858 2501 eorum
2895 2445 3162 2509 laudatio,
3203 2445 3298 2515 qui
3328 2460 3435 2498 una
3471 2443 3686 2498 Christi

2093 2543 2268 2598 forma
2320 2541 2540 2605 imbuti,
2589 2555 2813 2608 unoque
2863 2553 2926 2594 ac
2973 2538 3168 2593 eodem
3217 2538 3426 2607 pariter
3468 2535 3686 2606 Spiritu:

2095 2631 2321 2704 perfecti
2355 2630 2563 2685 fuerint
2595 2645 2659 2684 ac
2684 2628 3034 2698 configurati.
3073 2627 3234 2694 Quod
3273 2641 3410 2680 vero
3456 2626 3684 2695 propria

2095 2726 2296 2794 cuique
2330 2722 2674 2794 migrationis
2702 2729 2818 2774 tum
2852 2728 3090 2789 tempus.
3122 2727 3239 2772 tum
3282 2717 3482 2773 modus
3513 2717 3683 2772 exsti-

2097 2818 2284 2880 terint,
2318 2815 2550 2871 seorsim
2582 2815 2772 2880 etiam,
2803 2829 2912 2883 qua
2961 2812 3044 2868 eis
3078 2811 3453 2883 defungimur,
3483 2810 3681 2865 lauda-

2094 2910 2304 2964 tionem
2330 2907 2651 2963 reddemus.

2164 3082 2325 3144 Prius
2379 3080 2563 3149 itaque
2607 3092 2710 3148 pro
2773 3075 2923 3129 virili
2979 3081 3170 3129 nostra
3236 3071 3569 3128 laudationis
3625 3071 3682 3126 in

2094 3173 2484 3243 evangelistam
2505 3169 2753 3239 partibus
2774 3167 2948 3221 functi
2976 3180 3189 3228 sumus,
3215 3165 3445 3235 ejusque
3464 3178 3681 3218 summa

2093 3267 2298 3322 virtute
2349 3262 2675 3334 spiritaliter
2713 3260 2993 3320 delectati,
3032 3258 3180 3329 quod
3217 3273 3318 3327 per
3367 3256 3684 3311 facultatem

2091 3358 2270 3423 licuit,
2318 3357 2400 3410 vel
2432 3355 2647 3409 modice
2677 3353 2926 3408 debitum
2959 3351 3325 3421 dependimus
3384 3350 3543 3403 Nunc
3587 3364 3687 3401 au-

2092 3459 2224 3514 tem,
2265 3448 2472 3518 optime
2500 3446 2819 3515 Christique
2848 3444 3252 3514 discipulorum
3297 3441 3685 3513 probatissime

2088 3542 2315 3605 Jacobe,
2358 3548 2416 3594 tu
2455 3553 2677 3609 quoque
2724 3536 2860 3590 mihi
2887 3535 3077 3591 adesto
3107 3534 3313 3599 hodie;
3345 3546 3552 3602 nempe
3588 3547 3686 3586 su-

2090 3635 2346 3694 blimium
2393 3632 2490 3686 Dei
2547 3629 2715 3685 Verbi
2766 3635 3047 3699 spectator
3091 3625 3375 3694 factorque
3424 3639 3681 3693 operum,

2089 3739 2531 3794 arcanorumque
2575 3721 2850 3792 discipule
2899 3735 2965 3775 ac
3010 3719 3275 3790 magister
3319 3731 3681 3772 sermonum:

2090 3819 2378 3874 dulcisona
2413 3829 2478 3869 ac
2503 3813 2860 3884 pulchrisona
2892 3811 3133 3882 Spiritus
3177 3811 3386 3880 cinyra,
3431 3806 3684 3862 modula-

2094 3923 2204 3968 tam
2239 3909 2681 3976 concinnamque
2714 3905 2802 3958 his
2846 3904 2942 3972 qui
2986 3910 3141 3957 recto
3190 3901 3377 3956 animo
3420 3899 3534 3954 sint
3561 3898 3685 3968 pul-

2091 4019 2222 4058 sans
2268 3999 2558 4072 theologia:
2603 4011 2796 4052 vocem
2829 4011 2843 4048 :
2874 4008 3134 4064 magnum
3183 3991 3276 4047 Dei
3321 3989 3491 4045 Verbi
3532 3987 3682 4044 toni—-

2093 4103 2302 4157 truum,
2333 4089 2555 4146 sublimi
2585 4100 2896 4158 magnoque
2913 4085 3130 4154 fragore
3157 4083 3291 4138 Jesu
3319 4079 3682 4136 resurrectio-

2091 4199 2218 4239 nem
2251 4181 2570 4238 Judzeorum
2610 4177 2895 4232 mentibus
2933 4175 3220 4239 insonans,
3275 4183 3442 4242 atque
3485 4187 3681 4227 eorum

2092 4274 2278 4331 cordis
2320 4272 2580 4342 frangens
2622 4269 2932 4324 duritiam:
2984 4268 3361 4336 hactenusque
3401 4264 3681 4320 desertam

2093 4363 2418 4422 concutiens
2443 4362 2692 4434 gentium
2721 4358 3056 4423 Ecclesiam,
3077 4359 3240 4428 eique
3274 4355 3479 4412 sensim
3512 4354 3681 4410 Verbi

2094 4454 2398 4528 evangelici
2428 4468 2652 4509 sensum
2693 4452 2973 4522 ingerens,
3005 4457 3171 4518 atque
3203 4447 3469 4518 improbae
3502 4447 3680 4519 Syna-

398 4548 570 4620 μένου
596 4547 772 4615 Λόγου
794 4545 1146 4616 προσάγουσα
1164 4584 1179 4609 ,
1207 4545 1302 4596 καὶ
1328 4545 1391 4614 τῇ
1421 4542 1659 4612 ἀποϐολῇ
1682 4541 1783 4611 τῆς
1813 4539 1991 4609 ἀγνώ-

2092 4568 2244 4625 gogae
2275 4549 2508 4621 repudio
2537 4548 2772 4621 probam
2803 4555 3129 4618 gratamque
3173 4559 3431 4616 sponsam
3458 4544 3682 4600 Christo

393 4655 566 4710 μονος
617 4639 955 4708 Συναγωγῆς
1022 4635 1121 4705 τὴν
1195 4633 1516 4705 εὐγνώμονα.
1575 4631 1987 4704 μνηστευομένη

385 4732 649 4803 Χριστῷ.

466 4821 645 4893 Δεῦρό
683 4837 797 4891 μοι,
829 4816 1218 4889 μακαριώτατε
1261 4815 1508 4878 Ἰάκωϐε,
1541 4816 1570 4868 ό
1614 4814 1692 4885 τῷ
1727 4813 1991 4882 ἀπλάστῳ

376 4913 489 4969 ⁸τοῦ
519 4915 687 4986 ήθους
719 4913 815 4965 καὶ
842 4910 1151 4980 άγαθοειδεῖ
1178 4909 1274 4962 καὶ
1305 4908 1644 4979 μονοτρόπῳ,
1675 4905 1751 4979 τῷ
1787 4907 1868 4959 ἐνὶ
1897 4905 1990 4958 καὶ

378 5005 592 5076 ἀγαθῷ
646 5004 795 5076 μόνῳ
845 5003 946 5073 τὴν
977 5002 1140 5070 φύσιν
1171 4999 1500 5071 ἀγαπηθεὶς,
1532 4998 1762 5053 καὶτῶν
1791 5013 1990 5068 πατρι-

381 5099 510 5153 κῶν
543 5098 807 5165 εὑλογιῶν
849 5094 1190 5166 κληρονόμος
1245 5092 1615 5162 ἀποδειχθεὶς,
1667 5090 1762 5144 καὶ
1817 5088 1992 5163 ταύτῃ

379 5193 486 5244 ’τὸν
512 5190 623 5260 πρὸ
661 5191 968 5261 γεννήσεως
1010 5185 1382 5258 μεμισημένον
1450 5183 1620 5237 Ἠσαῦ
1655 5180 1992 5254 ὲπτερνικὼς

383 5284 493 5340 καὶ
527 5279 1045 5352 παρευδοκιμηκὼς,
1079 5278 1156 5342 ὡς
1181 5277 1290 5331 τῶν
1316 5277 1701 5347 πρωτοτοκίων
1724 5276 1825 5345 τῆς
1849 5273 1993 5330 κατὰ

386 5370 622 5442 πνεῦμα
646 5372 957 5441 γεννήσεως
978 5367 1303 5439 ἠξιωμένος.
1328 5366 1390 5419 '0
1402 5365 1478 5436 τῷ
1499 5363 1737 5437 ἀληθινῷ
1778 5363 1987 5431 Ἰσαὰκ,

387 5466 500 5536 τὴν
531 5464 752 5535 άληθῶς
779 5463 941 5534 φίλην
984 5454 1134 5532 αὐτῷ
1168 5459 1268 5531 τῆς
1295 5447 1535 5522 πίστεως
1564 5456 1989 5529 προεισενεγκά-

391 5573 569 5628 μενος
604 5556 838 5627 τροφὴν,
874 5555 970 5607 καὶ
1000 5554 1090 5608 διὰ
1133 5550 1297 5606 τοῦτο
1329 5551 1619 5606 κατέναντι
1649 5548 1745 5602 τοῦ
1777 5547 1989 5620 πατρὸς

389 5647 815 5720 εὑηρεστηκὼς,
841 5645 936 5700 καὶ
961 5644 1050 5698 διὰ
1096 5641 1256 5697 τοῦτο
1284 5640 1489 5706 τελέως
1517 5638 1861 5710 εὐλογηθείςο
1895 5637 1991 5692 καὶ

2089 4641 2366 4699 adhibens
2400 4641 2443 4695 ⁸.

2167 4813 2314 4868 Ades
2345 4810 2500 4876 dum,
2532 4807 2852 4865 beatissime
2889 4805 3117 4872 Jacobe,
3150 4821 3366 4861 morum
3415 4804 3684 4875 simplici-

2091 4914 2204 4962 tate
2231 4913 2288 4960 et
2318 4904 2567 4959 bonitate
2597 4910 2654 4957 et
2685 4899 3083 4977 uniformitate,
3111 4897 3162 4953 ei
3189 4897 3286 4967 qui
3319 4911 3463 4950 unus
3503 4895 3684 4951 solus-

2100 5011 2209 5066 que
2264 5002 2463 5049 natura
2509 4992 2693 5047 bonus
2740 4999 2847 5056 est,
2906 4988 3164 5054 dilectus,
3212 4995 3686 5058 paternarumque

2100 5085 2553 5142 benedictionum
2610 5084 2786 5138 haeres
2830 5080 3168 5146 effecte',ac
3226 5080 3320 5151 qui
3369 5094 3432 5134 ea
3473 5080 3687 5134 ratione

2097 5178 2242 5234 Esau
2275 5184 2402 5230 ante
2436 5183 2618 5230 ortum
2642 5173 2950 5229 nativitatis
2981 5171 3110 5228 odio
3141 5172 3391 5228 habitum
3421 5171 3684 5240 supplanc

2103 5264 2329 5326 taveris,
2366 5279 2432 5318 ac
2465 5261 2640 5334 gloria
2681 5261 3056 5331 superaveris,
3102 5259 3253 5315 velut
3284 5259 3546 5314 nimirum
3586 5258 3682 5328 qui

2097 5357 2365 5430 spiritalis
2394 5355 2698 5412 nativitatis
2719 5354 3000 5425 primitiva
3020 5365 3214 5409 nactus
3245 5351 3412 5408 sis".
3428 5351 3530 5418 Qui
3552 5366 3684 5406 vero

2096 5449 2273 5516 lsaac,
2307 5461 2439 5504 vere
2467 5446 2546 5502 illi
2575 5455 2833 5516 acceptos
2864 5445 2994 5500 fidei
3034 5444 3191 5500 cibos
3224 5443 3499 5506 intuleris,
3532 5457 3682 5496 eam-

2098 5555 2208 5612 que
2240 5540 2312 5595 ob
2359 5555 2477 5595 rem
2509 5553 2692 5595 coram
2724 5539 2886 5594 Patre
2926 5536 3226 5608 placueris,
3271 5551 3336 5591 ac
3389 5545 3680 5606 propterea
3721 5537 3730 5578 \

2095 5633 2400 5706 perfectam
2429 5631 2874 5688 benedictionem
2897 5638 3232 5687 consecutus
3251 5629 3362 5698 sis;
3393 5628 3684 5686 frumenti-

475 5831 496 5861 ¹
541 5828 685 5888 Psa..
713 5839 898 5890 xxvm,
930 5826 981 5895 ὃ,
1010 5826 1064 5880 8.
1141 5824 1160 5858 ⁷
1197 5822 1336 5879 Gen.
1367 5840 1491 5891 xxv,
1523 5821 1614 5888 23,
1643 5820 1731 5891 ‘27;
1805 5822 1859 5855 ⁷*
1884 5821 2043 5876 Rom.
2077 5835 2151 5885 ix,
2193 5818 2245 5873 ll
2275 5836 2288 5884 ;
2333 5815 2562 5872 Malach.
2591 5831 2630 5881 ι,
2664 5813 2718 5866 2.
