4094 6534
459 395 527 462 91
1675 406 1973 468 ΝῙΟΕΤΕ
2008 407 2062 469 Ρ.

2165 405 2538 469 HLAGONIS
3664 407 3730 468 9'1

455 534 567 589 que
596 533 662 575 ac
699 519 814 574 vini
859 519 1022 586 loco,
1072 519 1356 594 Uuigeniti
1396 535 1634 594 corpore
1675 531 1735 579 et
1781 523 2048 595 sanguine

2165 525 2292 579 ὶντϊ
2333 524 2483 578 σίτου
2540 523 2637 578 καὶ
2686 523 2853 586 οῐνου,
2898 520 2992 588 τῷ.
3012 521 3228 592 σώματι
3282 521 3377 575 καὶ
3421 521 3622 592 αἵματι
3647 525 3743 576 τοῦ

455 609 864 676 constabilitus,
912 611 1296 684 Dominusque
1335 622 1393 669 et
1428 613 1599 685 judex
1642 614 2043 671 contribulium

2165 614 2487 684 δίονογενοῦς
2534 612 2847 686 στηριχθείς
2867 627 2882 643 ·
2915 612 3011 666 καὶ
3049 611 3243 684 κύριος
3271 611 3369 665 καὶ
3407 613 3606 684 κριτὴς
3634 611 3745 665 τῶν

455 702 524 756 ab
549 717 616 756 eo
646 703 983 760 constitutus
1012 705 1054 761 ".

518 793 838 862 Adesdum;
868 812 928 851 os
959 796 1304 868 deiloquium
1335 798 1591 866 admove,
1631 801 1904 858 excelsam
1944 815 2045 857 vo-

456 901 576 941 cem
613 903 677 942 ac
703 889 994 944 deisonum
1031 890 1334 945 immittens
1375 892 1681 962 eloquium,
1709 893 1892 960 aspira
1917 908 2045 947 ver-

459 980 592 1034 bum
629 980 792 1036 ﬁdele
820 998 884 1042 ac
913 999 1146 1050 verum;
1186 1000 1383 1054 nempe
1418 985 1651 1040 verbum
1689 995 1877 1040 vestra
1916 1001 2051 1056 apo-

461 1074 644 1128 stolici
670 1076 921 1130 muneris
949 1076 1258 1142 functione,
1289 1077 1405 1132 sive
1435 1079 1740 1134 certamine
1795 1078 2046 1148 dignum.

465 1166 630 1222 Nefas
658 1168 807 1222 enim
836 1185 898 1224 ea
931 1171 1174 1240 aggredi,
1200 1186 1321 1240 quae
1349 1171 1553 1241 majora
1575 1187 1740 1240 quam
1765 1187 1867 1242 pro
1897 1172 2052 1226 tenui

462 1275 586 1314 mea
613 1259 875 1316 facultate
895 1269 1046 1316 sunt.
1074 1262 1318 1317 Mortalis
1344 1264 1493 1316 enim
1525 1271 1719 1316 temere
1757 1273 1912 1318 natat
1937 1281 2054 1318 ser-

464 1351 744 1416 monibus,
800 1360 860 1405 ut
911 1352 1098 1408 divina
1162 1352 1448 1423 Scriptura
1502 1355 1752 1425 loquitur
1805 1373 1819 1410 :
1881 1364 2053 1411 status

465 1451 642 1500 autem
658 1446 892 1499 omnium
917 1448 1316 1512 comervatoris,
1333 1447 1533 1518 inquit,
1551 1450 1662 1518 ipse
1681 1450 1829 1503 docet
1851 1467 1945 1505 nos
1974 1451 2053 1507 εἴ

455 1536 584 1595 Jam
615 1538 763 1592 enim
808 1538 1155 1594 divinissimo
1199 1539 1406 1601 Verbo,
1450 1540 1530 1595 uti
1562 1557 1787 1611 semper
1823 1542 2053 1610 deitate,

464 1631 561 1684 sed
591 1640 648 1684 et
677 1631 860 1685 anima
910 1647 1008 1686 sua
1051 1631 1395 1702 intelligente
1430 1644 1488 1690 et
1534 1650 1657 1705 quas
1705 1636 1870 1691 simul
1908 1637 2058 1692 Deus

461 1721 713 1787 exsistat,
740 1723 925 1777 omnia
960 1724 1189 1794 implere
1219 1735 1502 1796 satagente
1533 1743 1546 1780 :
1579 1742 1646 1780 ac
1687 1743 1811 1782 cum
1840 1728 2056 1784 inferna

474 1811 724 1880 quidem,
751 1827 853 1866 suo
885 1812 1016 1868 illuc
1046 1829 1142 1882 per
1163 1829 1383 1869 crucem
1411 1815 1680 1871 descensu
1711 1818 1961 1887 impleret
1987 1820 2055 1876 ad

462 1914 634 1970 seque
695 1917 911 1955 summa
993 1902 1317 1972 colligeret;
1379 1919 1444 1958 ac
1499 1921 1691 1960 rursus
1761 1907 2040 1973 caelestia,

462 2009 562 2048 sua
621 1994 675 2048 in
743 1997 913 2050 caelos
985 1996 1362 2060 exaltatione,
1431 1999 1716 2069 majestate
1781 2016 1877 2054 sua
1957 2003 2058 2056 im-

462 2088 646 2157 pleret
691 2107 704 2141 :
765 2105 1003 2160 cumque
1056 2091 1194 2145 adeo
1245 2107 1526 2162 congeneo
1591 2093 1838 2163 Spiritu,
1893 2094 2061 2150 vehe-

463 2180 667 2235 mentis
729 2179 893 2236 ﬁatus
956 2182 1130 2237 instar
1179 2198 1211 2237 e
1270 2185 1410 2239 coelo
1476 2185 1529 2238 in
1584 2185 1886 2256 discipulos
1960 2203 2059 2242 ve-

462 2273 670 2339 niente,
683 2288 1014 2344 omnemque
1035 2275 1116 2331 eis
1138 2292 1360 2332 sensum
1380 2293 1445 2332 ac
1459 2279 1706 2348 corporis
1726 2281 2057 2350 membrum,

462 2376 797 2434 omnemque
859 2374 1070 2420 motum
1116 2383 1182 2423 ac
1238 2370 1619 2438 operationem
1675 2371 1741 2425 ad
1796 2374 2059 2442 pietatem

462 2456 777 2524 complente
815 2475 828 2510 :
878 2459 1102 2528 quando
1145 2460 1300 2515 visus
1348 2462 1572 2531 quidem
1627 2463 1829 2534 linguis
1879 2465 2059 2536 igneis

464 2547 752 2602 collucens
799 2548 1372 2621 circumfulgebatur;
1421 2553 1649 2608 auditus
1689 2570 1843 2620 vero,
1881 2556 2058 2612 divini

464 2638 682 2694 sonitus
711 2639 930 2710 fragore
955 2641 1407 2698 sanctiﬁcahatnr
1431 2661 1445 2698 :
1475 2654 1641 2714 atque
1670 2647 1907 2702 olfactus
1934 2649 2059 2718 qui-

463 2729 590 2784 dem
624 2732 870 2802 mysticis
896 2734 1087 2803 gratiae
1116 2735 1307 2802 radiis,
1335 2744 1595 2806 tanquam
1627 2747 1905 2809 unguenta
1933 2756 2058 2810 per-

461 2820 812 2890 apirantibus
871 2825 1331 2896 suavissimaeque
1389 2827 1708 2898 fragrantia:
1756 2830 2056 2898 odoribus,

463 2912 791 2981 eﬁlorebat;
828 2915 1029 2987 linguae
1052 2931 1185 2972 vero
1217 2918 1305 2973 his
1334 2919 1536 2974 eximie
1579 2921 1790 2986 amatae,
1823 2923 2058 2992 potiori-

465 3016 576 3072 que
602 3003 877 3076 theologia
911 3006 1129 3068 excitae.
1157 3007 1239 3063 sic
1269 3008 1510 3078 Spiritus
1532 3010 1586 3064 vi
1625 3010 1692 3064 ad
1715 3027 1932 3066 omnem
1961 3028 2059 3067 na-

463 3095 677 3152 tionum
711 3100 984 3155 sermonis
1005 3101 1120 3154 vim
1145 3116 1211 3156 ac
1231 3101 1628 3172 proprietatem
1650 3105 2057 3175 componeban-

463 3199 580 3256 tur,
612 3198 674 3246 ut
706 3199 760 3247 et
790 3194 1130 3249 temulentis:
1152 3194 1370 3264 profani
1403 3211 1520 3252 rem
1546 3197 1889 3253 ascriberent
1915 3215 1929 3252 :
1957 3215 2058 3269 per
2087 3230 2130 3288 ο

465 3297 690 3338 omnem
739 3293 926 3340 autem
966 3293 1200 3352 tactum,
1234 3302 1568 3357 omnemque
1601 3289 1832 3344 rationis
1875 3305 1940 3344 ac
1970 3291 2060 3344 in-

469 3375 791 3445 telligentiae
811 3377 948 3442 vim,
979 3377 1170 3432 divina
1208 3379 1520 3447 pervadens
1554 3379 1727 3450 gratia
1752 3421 1766 3446 ,
1806 3388 2063 3450 totosque

469 3465 598 3520 illos
621 3480 755 3521 vere
785 3467 1158 3538 undequaque
1175 3469 1522 3538 adimplens;
1550 3481 1817 3540 extraque
1851 3473 2064 3542 seipsos

470 3569 539 3610 ac
600 3557 871 3612 mundum
925 3574 1147 3614 omnem
1208 3561 1554 3617 constituens
1602 3564 1656 3636 (ο
1709 3564 1932 3618 beatum
2008 3574 2065 3620 et

469 3649 845 3716 exoptandum
879 3665 1166 3721 excessum
1193 3653 1206 3705 l
1238 3668 1272 3707 0
1302 3653 1634 3709 laudabilem
1674 3655 1821 3710 illam
1866 3657 2066 3710 immu-

472 3740 738 3795 tationem
764 3741 829 3812 l),
862 3743 1007 3798 intra
1038 3744 1210 3798 Deum
1232 3758 1354 3800 esse
1380 3744 1621 3802 fecerat:
1646 3747 1868 3817 quando
1896 3747 2065 3802 nimi-

474 3845 620 3892 rum,
656 3845 874 3896 eorum,
909 3847 1032 3902 quae
1063 3832 1132 3888 ad
1168 3848 1268 3888 eos
1295 3835 1537 3904 primum
1573 3835 1715 3891 dicta
1758 3853 1788 3891 a
1819 3838 2063 3904 Christo,

474 3922 712 3979 obscure
735 3933 1082 3995 acceperant,
1119 3941 1243 3996 quae
1288 3936 1419 3984 tunc
1453 3930 1790 4000 gerebantur
1816 3945 1880 3985 ac
1919 3946 2066 4001 prae-

477 4017 679 4078 sentia,
725 4019 877 4073 clara
924 4019 1129 4074 evictio
1173 4029 1378 4076 erant:
1425 4037 1491 4078 ac
1540 4038 1778 4092 quorum
1811 4023 2067 4080 obscuris

473 4111 724 4182 vestigiis
757 4111 884 4169 ﬁdei
912 4115 1139 4170 umbras
1163 4115 1352 4170 animo
1375 4114 1732 4186 eﬁingebant,
1765 4132 1958 4173 eorum
1985 4115 2065 4172 ibi

476 4209 610 4258 tunc
638 4204 881 4260 dilucida
908 4222 972 4261 ac
998 4207 1291 4278 perspicua
1327 4207 1724 4280 adimpletione
1763 4210 1942 4266 oculis
1961 4209 2069 4266 ob-

475 4303 756 4358 versante,
791 4298 1184 4369 rationumque
1215 4314 1280 4355 ac
1308 4300 1706 4371 cogitationum
1744 4302 1911 4358 missa
1959 4303 2069 4359 du-

474 4382 680 4440 bietate
735 4395 997 4458 metuque
1019 4390 1273 4460 deposito
1310 4411 1326 4447 :
1375 4391 1526 4446 omni
1553 4393 1792 4463 denique
1826 4394 2067 4465 ignavia,

474 4473 736 4543 omnique
765 4475 932 4530 animi
977 4477 1101 4533 labe
1133 4477 1372 4544 detersa,
1410 4479 1650 4535 caelestis
1678 4479 1792 4549 jam
1819 4479 1949 4535 vitae
1964 4496 2064 4552 gu-

2146 706 2422 776 ὁμογενῶν
2453 705 2546 760 ὐπ’
2578 706 2743 759 αὐτοῦ
2767 705 3064 770 καταστάς.

2221 797 2389 869 Δεῦρό
2422 815 2536 868 μοι,
2567 798 2813 869 πρόσαγε
2841 797 2904 851 τὺ
2928 795 3194 868 θεηγόρον
3220 796 3419 867 στόμα,
3459 795 3737 867 ὐψηγόρον

2151 892 2398 962 φθέγμα,
2452 892 2548 945 καὶ
2600 891 2934 960 θεόφθογγον
2980 892 3145 953 ἐνιεὶς
3175 889 3389 954 λαλιὰν,
3424 888 3739 959 ἐμπνευσον

2153 988 2307 1060 ῥῆμα
2337 986 2528 1040 πιστὸν
2555 987 2650 1040 καὶ
2679 985 2956 1055 ἀληθινὸν,
2991 985 3141 1056 ῥῆμα
3169 983 3272 1050 τῆς
3298 981 3576 1052 ὑμετέρας
3603 983 3745 1035 ἀπο-

2155 1080 2372 1150 στολῆς,
2410 1079 2509 1133 εἴτ’
2552 1076 2647 1132 οὖν
2681 1078 2963 1148 ἀθλήσεως
3009 1077 3190 1141 ἀξιον⁸
3219 1076 3281 1128 οὐ
3321 1076 3432 1148 γάρ
3468 1093 3560 1144 μοι
3587 1073 3754 1144 θέμις

2154 1173 2422 1244 ἐγχειρεῖν
2442 1176 2551 1236 τοῖς
2586 1174 2728 1244 ὑπὲρ
2762 1174 2894 1242 ἐμέο
2932 1172 3152 1240 Βροτὸς
3185 1170 3354 1243 [Sixt.
3397 1161 3746 1241 Ἀνθρωποςι

2154 1265 2264 1335 γὰρ
2316 1264 2522 1331 ἄλλως
2571 1263 2822 1334 νήχεται
2874 1265 3114 1332 λόγοις,
3164 1261 3308 1315 κατά
3337 1260 3438 1329 τήν
3484 1260 3744 1330 Γραφήν·

2156 1354 2317 1423 πνοὴ
2343 1353 2430 1419 δὲ,
2451 1354 2638 1425 φησὶν,
2663 1353 3146 1423 παντοκράτορος
3165 1353 3206 1422 ἠ
3244 1350 3628 1406 διδάσκουσά
3644 1368 3740 1419 με.

2162 1450 2322 1516 ’Ἄρτι
2375 1448 2486 1519 γὰρ
2513 1447 2607 1502 τοῦ
2638 1449 3080 1520 θεαρχικωτάτου
3109 1447 3312 1516 Λόγου,
3345 1446 3537 1516 ὥσπερ
3565 1445 3651 1498 ἀεὶ
3674 1447 3744 1516 τῇ

2159 1542 2397 1613 θεότητι,
2426 1541 2570 1596 οὕτω
2602 1542 2695 1596 καὶ
2724 1542 2868 1595 κατὰ
2894 1543 2994 1612 τὴν
3024 1539 3218 1609 νοεράν
3245 1538 3413 1593 αὐτοῦ
3440 1537 3622 1608 ψυχὴν
3653 1537 3753 1590 καὶ

2159 1635 2409 1706 δμόθεον,
2466 1633 2530 1687 τὸ
2590 1635 2769 1688 πάντα
2804 1632 3046 1703 πληροῦν
3105 1631 3496 1702 ἐπειγομένουο
3547 1629 3646 1682 καὶ
3681 1627 3746 1681 τε.

2163 1727 2462 1798 ὐποχθόνια
2511 1727 2612 1799 μέν
2659 1726 2803 1782 κατὰ
2832 1727 2931 1797 τὴν
2980 1727 3159 1780 ἐκεῖσε
3213 1725 3303 1779 διά
3355 1723 3452 1777 τοῦ
3515 1722 3752 1791 σταυροῦ

2163 1820 2389 1874 κάθοδον
2419 1819 2583 1872 αὐτοῦ
2611 1836 2673 1872 τε
2707 1817 3064 1889 πληροῦντος,
3098 1817 3193 1872 καὶ
3223 1815 3362 1888 πρὸς
3392 1815 3585 1868 ἐαυτὸν
3611 1817 3750 1890 ἀναέ

2166 1911 2622 1979 κεφαλαιοῦντος’
2650 1911 2719 1964 τά
2763 1911 3062 1981 ἐπουράνια
3098 1909 3156 1963 δέ
3186 1908 3364 1970 αὖθις,
3396 1907 3486 1960 διὰ
3519 1906 3620 1975 τῆς
3655 1904 3755 1957 ἐπὶ

2163 2005 2293 2067 τοὺς
2343 2005 2606 2076 οὐρανοὺς
2635 2002 2917 2073 ύψώσεως,
2961 2005 3056 2073 τῆς
3103 2002 3310 2065 οἰκείας
3367 1999 3752 2071 ἐμπιπλῶντος

2163 2093 2343 2163 δόξης,
2399 2094 2491 2148 τοῦ
2526 2093 2809 2163 συμφυοῦς
2847 2094 2908 2147 δέ
2937 2092 3256 2162 Πνεύματος
3290 2091 3519 2153 ἀνωθεν,
3559 2089 3754 2159 ὥσπερ

2167 2185 2348 2256 βιαίας
2396 2185 2566 2256 πνοῆς
2596 2185 2689 2238 ἐπὶ
2731 2187 2856 2248 τοὺς
2894 2185 3144 2256 μαθητὰς
3178 2185 3382 2249 ἰόντος,
3438 2183 3533 2236 καὶ
3566 2183 3757 2236 πᾶσαν

2164 2280 2350 2343 αὐτοῖς
2385 2279 2663 2350 αἴσθησιν,
2695 2279 2802 2331 πᾶν
2827 2295 2889 2330 τε
2922 2277 3082 2348 μέλος
3113 2275 3207 2329 τοῦ
3241 2275 3494 2346 σώματος
3524 2273 3618 2327 καὶ
3642 2274 3756 2326 πᾶ-

2166 2387 2266 2424 σαν
2326 2371 2562 2442 κίνησιν,
2623 2371 2718 2424 καὶ
2773 2370 2955 2422 πᾶσαν
3011 2367 3298 2438 ἐνέργειαν
3352 2363 3742 2433 κατορθοῦντος

2166 2460 2305 2532 πρὸς
2337 2460 2620 2514 εὐσέϐειαν
2643 2477 2658 2491 ο
2708 2459 2874 2531 ἡνίκα
2901 2457 3114 2518 τούτοις
3148 2458 3337 2529 ὅρασις
3371 2455 3471 2526 μὲν
3505 2457 3627 2519 ταῖς
3651 2472 3734 2507 πυ-

2171 2553 2346 2625 ρίναις
2422 2549 2698 2619 γλώσσαις
2760 2547 3191 2619 λαμπρυνομένη
3256 2547 3742 2618 κατηστράπτετο·

2165 2643 2304 2714 ἀκοὴ
2331 2643 2387 2696 δέ
2421 2642 2496 2712 τῷ
2521 2642 2812 2712 ῥοιζήματι
2853 2641 2953 2709 τῆς
2982 2639 3132 2703 θείας
3158 2639 3300 2709 ηχῆς
3340 2634 3707 2708 καθηγιάζετο
3727 2651 3746 2666 ’

2165 2738 2261 2791 καὶ
2298 2738 2566 2806 ὄσφρησις
2605 2734 2723 2806 μέν,
2769 2735 2891 2796 ταῖς
2928 2733 3218 2800 μυστικαῖς
3256 2731 3438 2784 ἀκτῖσι
3460 2731 3564 2799 τῆς
3594 2729 3742 2798 χάριο

2163 2845 2276 2891 τος,
2309 2823 2396 2880 οἷα
2437 2828 2754 2896 μυριπνόοις
2791 2824 3049 2879 ἀνέθαλλε
3084 2823 3473 2885 εὐωδεστάτοις
3517 2822 3743 2894 ὀσμαῖς·

2164 2921 2406 2988 γλῶσσαι
2454 2921 2511 2972 δὲ
2558 2919 2770 2982 τούτοις
2823 2916 3119 2989 ὑπερφυῶς
3177 2915 3607 2986 θεοφορούμεναι
3657 2912 3745 2966 καὶ

2165 3013 2473 3082 κρείττονος
2497 3008 2906 3080 ἐμφορούμεναι
2938 3007 3254 3075 θεολογίας,
3298 3007 3443 3060 οὓτω
3475 3005 3616 3076 πρὸς
3642 3005 3749 3072 πᾷ-

2167 3119 2265 3155 σαν
2295 3102 2464 3155 ἐθνῶν
2511 3101 2792 3154 διάλεκτον
2853 3098 3264 3170 μεθηρμόζοντο
3319 3095 3400 3168 τῷ
3456 3095 3750 3166 πνεύματι,

2164 3191 2307 3244 ὥστε
2342 3191 2435 3245 καὶ
2466 3191 2635 3261 μέθην
2663 3192 2778 3254 τοῖς
2809 3187 3078 3260 ἀμύστοις
3110 3187 3292 3243 αὐτῶν
3335 3187 3720 3257 καταγινώσκε

2165 3282 2291 3337 σθαι
2315 3299 2330 3316 ο
2361 3284 2428 3336 δι’
2460 3284 2602 3353 ἁφῆς
2651 3283 2710 3336 δέ
2761 3282 2965 3353 πάσης,
3021 3282 3116 3336 καὶ
3153 3280 3334 3352 πάσης
3365 3281 3591 3351 λογικῆς
3657 3281 3738 3334 δυ-

2177 3375 2400 3446 νάμεως
2429 3374 2524 3429 καὶ
2556 3377 2751 3446 νοερᾶς
2776 3377 2810 3446 ἡ
2839 3375 2959 3428 θεία
2989 3373 3402 3428 καταδεδωκυῖα
3448 3373 3631 3444 χάρις,
3657 3370 3734 3424 κα’

2167 3469 2323 3530 ὅλους
2375 3469 2443 3521 δι’
2499 3468 2623 3522 ὅλου
2679 3467 2904 3532 τούτους
2933 3467 3256 3540 ἀκραιφνῶς
3304 3465 3592 3537 πληροῦσα
3620 3483 3633 3498 ·
3661 3466 3740 3518 κα¹

2168 3559 2274 3626 ἔξω
2301 3561 2398 3630 μέν
2431 3559 2658 3620 ἑαυτῶν,
2687 3557 2793 3625 ἔξω
2825 3560 2883 3613 δέ
2907 3558 3002 3613 τοῦ
3033 3559 3244 3628 κόσμου
3275 3558 3595 3613 καθιστῶσα
3619 3573 3744 3610 πανι

2165 3655 2294 3716 τός·
2335 3653 2421 3724 (Ὢ
2457 3653 2737 3724 μακαρίας
2757 3653 3068 3715 ἐκστάσεως
3100 3652 3195 3704 καὶ
3238 3651 3524 3722 ζηλωτῆςῐ
3567 3649 3612 3704 ὣ
3658 3650 3752 3718 τῆς

2168 3745 2457 3816 ἐπαινετῆς
2484 3744 2698 3815 ἐκείνης
2733 3743 3092 3809 ἀλλοιώσεως,
3116 3743 3268 3808 ἐντὸς
3297 3743 3529 3814 καθίστη
3556 3741 3693 3796 Θεοῦ
3712 3742 3753 3810 ί)

2168 3837 2332 3909 ἡνίκα
2373 3836 2480 3891 τῶν
2525 3837 2631 3890 ὑπὸ
2667 3835 2907 3908 Χριστοῦ
2938 3836 3156 3908 πρῶτον
3201 3835 3340 3906 πρὸς
3372 3836 3574 3900 αὐτοὺς
3599 3837 3751 3906 είρη·

2173 3930 2348 4002 μένων
2371 3930 2465 3984 καλ⁸
2485 3927 2743 4000 ἀμυδρῶς
2769 3928 3136 3999 ἀκουομένων,
3164 3927 3386 3998 ἔλεγχος
3412 3923 3483 4000 ἦν
3506 3927 3577 3980 τά
3606 3943 3753 3996 παρ-

2170 4021 2300 4075 όντα
2366 4020 2547 4091 σαφής
2573 4034 2589 4051 ·
2625 4017 2720 4092 καὶ
2773 4012 2849 4073 ὧν
2897 4021 3170 4090 ἀμαυροῖς
3207 4017 3382 4088 ἴχνεσι
3428 4017 3665 4078 πίστεως
3696 4016 3754 4068 ἐν

2168 4113 2454 4183 λογισμοῖς
2481 4109 2776 4164 ἐνετύπουν
2828 4110 2930 4184 τὴν
2962 4110 3361 4181 σκιαγραφίαν,
3395 4108 3604 4163 τούτων
3636 4107 3754 4161 ἐκεῖ

2169 4206 2292 4260 τότε
2322 4205 2498 4276 φανήν
2530 4221 2590 4258 τε
2617 4204 2713 4258 καὶ
2738 4201 2961 4273 εὔδηλον
2989 4201 3464 4272 καταθεασάμενοι
3491 4199 3591 4270 τὴν
3620 4197 3758 4268 πλή-

2175 4314 2364 4371 ρωσιν,
2391 4296 2485 4350 καὶ⁵
2515 4295 2624 4348 τῶν
2653 4292 2930 4364 λογισμῶν
2961 4292 3062 4362 τὴν
3087 4290 3363 4363 διάκρισιν
3392 4288 3758 4352 ἀποϐαλόντες

2174 4391 2271 4446 καὶ
2301 4389 2401 4461 τὴν
2433 4387 2685 4459 διψυχίαν
2713 4387 2977 4456 ἀφέντες,
3013 4385 3108 4439 καὶ
3139 4383 3231 4437 τδν
3257 4381 3421 4469 φόϐον
3445 4382 3758 4434 ἀποσκευα-

2176 4482 2421 4553 σάμενοι,
2457 4481 2554 4534 καὶ
2582 4481 2762 4534 πᾶσαν
2791 4478 2992 4533 δειλίαν
3017 4476 3115 4531 καὶ
3143 4478 3252 4531 πᾶν
3279 4476 3452 4538 πάθος
3478 4472 3759 4542 ἀποκαθη-

474 4574 620 4619 stum
675 4565 986 4623 faciebant:
1012 4569 1232 4639 quando
1277 4571 1438 4641 plane
1473 4569 1936 4641 praemagniﬁcum
1989 4587 2062 4627 re-

2185 4573 2408 4646 ράμενοι
2455 4573 2557 4641 τῆς
2591 4569 2792 4640 ψυχῆς,
2848 4569 2948 4639 τῆς
2978 4567 3234 4640 οὐρανίας
3277 4566 3464 4620 λοιπὸν
3508 4560 3652 4636 ¹ἦσαν
3700 4563 3759 4616 ἐν

474 4671 605 4712 vera
622 4659 872 4714 maximae
899 4661 1255 4732 perfectionis
1281 4663 1646 4719 arrhabonem
1668 4663 1838 4729 nacti,
1865 4663 2059 4720 certis-

483 4751 680 4809 simam
726 4754 854 4811 inde
888 4773 1042 4828 spem
1088 4758 1599 4829 divinissimamque
1624 4759 1996 4830 arripuerant.

544 4964 702 5020 Tunc
728 4981 881 5033 sane,
911 4976 1045 5024 tunc
1071 4985 1264 5026 rursus
1291 4969 1570 5026 aemulatio
1591 4969 1732 5025 nihil
1755 4969 1944 5041 priore
1965 4969 2068 5025 mi-

480 5073 605 5121 nor,
649 5057 978 5114 insolentem
1010 5062 1279 5131 populum
1328 5062 1561 5129 invasit;
1595 5061 1846 5134 ignisque
1873 5062 2069 5117 adver-

479 5149 659 5204 sarios
677 5166 899 5218 vorans,
931 5152 1308 5209 adversariam
1337 5155 1550 5224 Deique
1575 5153 1856 5210 inimicam
1874 5154 2068 5210 factio-

479 5257 629 5309 nem,
657 5242 922 5299 adversus
950 5246 1312 5315 apostolicam
1341 5246 1610 5318 (divinam
1629 5245 1868 5317 scilicet)
1899 5246 2062 5300 ﬁdem

479 5349 545 5389 ac
584 5335 878 5390 consilium
916 5337 1322 5392 accendebat‘.
1362 5337 1838 5404 Quemadmodum
1877 5347 2062 5392 autem

482 5425 645 5481 initio
693 5429 1121 5484 scelestissimus
1171 5429 1284 5496 ille,
1333 5445 1492 5485 suam
1536 5429 1666 5485 Jesu
1717 5429 2062 5501 apparitione

483 5517 899 5573 convellendam
937 5519 1282 5590 tyrannidem
1311 5520 1581 5585 sentiens,
1610 5519 1804 5576 ludam
1835 5518 2062 5591 quidem

485 5617 547 5662 ut
574 5609 826 5678 proditor
856 5620 1027 5680 esset,
1061 5613 1456 5679 suscitaverat;
1490 5629 1822 5686 omnemque
1851 5614 2064 5670 incom-

486 5701 720 5771 positam
747 5703 962 5770 plebem
992 5720 1212 5775 cogens,
1263 5707 1329 5762 ad
1381 5706 1718 5762 deditionem
1761 5707 2066 5777 turbasque

556 5860 734 5916 'Gen.
770 5866 1048 5934 xxvn,27.
1120 5868 1174 5901 ⁸⁸
1213 5867 1315 5926 Job
1343 5885 1506 5936 xm),
1542 5867 1593 5925 8.
1672 5872 1692 5903 ”
1731 5871 1833 5928 lsa.
1864 5886 2008 5934 τινι,
2039 5868 2125 5926 li.

2167 4660 2520 4731 συναισθήσει
2577 4661 2722 4730 ζωῆς
2752 4673 2768 4690 °
2818 4661 2908 4713 ὅτε
2961 4659 3027 4731 δὴ
3061 4657 3315 4730 λαμπρὸν
3361 4657 3476 4711 δντι
3521 4655 3756 4726 μάλιστα

2159 4757 2252 4812 τὸν
2279 4755 2576 4829 ἀρραϐῶνα
2601 4754 2884 4823 δεξάμενοι
2911 4755 3010 4824 τῆς
3029 4754 3384 4824 τελειότητος,
3399 4751 3759 4819 ἀξιολογωτά-

2165 4865 2265 4920 της
2283 4846 2533 4901 ἐντεῦθεν
2559 4845 2772 4910 ἐλπίδος
2791 4845 2885 4899 καὶ
2902 4844 3318 4914 θεοτελεστάτης
3335 4841 3750 4915 κατεδράξαντο.

2244 4969 2381 5024 Τότε
2409 4968 2496 5040 δὴ,
2525 4967 2646 5022 τότε
2672 4965 2833 5038 ζῆλος
2859 4965 2961 5037 μέν
2981 4965 3144 5020 πάλιν
3173 4965 3272 5037 οὐχ
3297 4959 3458 5038 ἦττον
3485 4963 3581 5018 τοῦ
3607 4961 3754 5034 πρώ-

2165 5079 2280 5126 του,
2318 5061 2411 5114 τὸν
2440 5061 2764 5114 ἀπαίδευτον
2793 5059 3006 5128 εἰλήφει
3032 5056 3160 5111 λαόν
3181 5073 3195 5087 ·
3230 5056 3342 5128 πῦρ
3393 5055 3453 5109 δέ
3487 5056 3616 5120 τοὺς
3647 5056 3751 5108 ὑπ-

2165 5151 2442 5214 εναντίους
2492 5149 2808 5217 κατεσθίον,
2836 5150 2917 5213 είς
2970 5147 3265 5203 ἀντίπαλον
3321 5148 3418 5202 καὶ
3485 5147 3753 5218 θεομάχον

2169 5247 2386 5318 μοῖραν,
2413 5245 2555 5299 κατὰ
2580 5245 2677 5316 τῆς
2701 5241 3062 5314 ἀποπολικῆς
3089 5242 3208 5313 ἦτοι
3235 5240 3530 5312 θεαρχικῆς
3550 5239 3753 5318 ἐξῆπτε

2165 5311 2401 5400 πίστεως
2435 5337 2529 5390 καὶ
2557 5311 2772 5408 βουλῆς.
2815 5311 3030 5406 Ὥσπερ
3054 5311 3237 5406 δέῖτὴν
3261 5311 3435 5404 ἀρχὴν
3477 5333 3505 5384 ὁ
3549 5311 3751 5412 δῦσμε-

2169 5431 2266 5502 νὴς
2296 5428 2738 5499 καθαιρουμένην
2753 5424 2921 5482 αὐτοῦ
2947 5424 3047 5497 τὴν
3077 5423 3368 5496 τυραννίδα
3399 5423 3488 5478 διὰ
3507 5423 3605 5494 τῆς
3633 5425 3752 5477 ἐπι-

2171 5522 2397 5592 φανείας
2441 5521 2762 5590 αἰσθόμενος
2785 5517 2880 5573 τοῦ
2922 5517 3124 5590 Ἰησοῦ,
3168 5516 3368 5571 Ἰούδαν
3401 5516 3500 5584 μὲν
3529 5517 3752 5586 ἤγειρεν

2171 5618 2252 5679 εἰς
2278 5613 2567 5684 προδοσίαν
2591 5628 2604 5642 ·
2639 5612 2818 5666 πάντα
2863 5611 2921 5665 δέ
2969 5610 3060 5665 τὸν
3098 5607 3396 5664 ἀσύνθετον
3425 5607 3750 5679 ὀχλαγωγῆ-

2177 5724 2272 5771 σας
2308 5705 2502 5775 δῆμον,
2536 5705 2616 5769 εἰς
2651 5705 3004 5758 ἐπισύστασιν
3036 5699 3338 5774 ἐξέμηνενο
3387 5700 3665 5772 ἀρχιερεῖς
3690 5713 3752 5753 τε
