4094 6468
421 406 499 470 93
1205 406 1490 468 ORATIO
1526 409 1594 470 V.
1620 432 1691 444 —
1715 407 1800 470 IN
1844 408 2157 471 LAUDEM
2196 409 2259 469 S.
2299 407 2559 470 IACOBI
2596 408 2956 472 ZEBEDEI.
3279 444 3290 455 -
3614 405 3687 470 οι

420 521 527 574 καὶ
554 515 901 589 γραμματεῖς
952 514 1162 581 πάντας
1213 516 1416 588 ἐξῆπτε
1469 519 1607 590 πρὸς
1657 518 1997 573 θεοκτονίανο

2104 519 2490 586 consciverat;
2515 518 2917 588 pontiﬁcesque
2938 532 3004 572 ac
3030 516 3240 572 scribas
3271 530 3466 572 omnes
3490 531 3556 572 ac
3569 516 3690 573 dei-

419 613 522 666 καὶ
546 612 576 663 6
601 609 831 670 Πιλάτος
855 607 950 661 τὸν
981 608 1158 662 άθῶον
1185 608 1437 676 ἐξεδίδου,
1469 611 1564 664 καὶ
1587 610 1638 663 οἱ
1671 611 2004 682 στρατιῶται

411 699 758 764 κατέπαιζον
777 716 792 730 ·
826 700 926 754 καὶ
950 701 978 754 6
997 701 1226 772 σταυρὸς
1252 702 1453 773 ῦψωτο,
1481 704 1576 757 καὶ
1604 705 1633 757 6
1661 703 1869 768 δίκαιος
1890 707 2004 768 τοῖς

405 797 647 866 ἀνόμοις
701 794 1112 866 συνεσταύρωτο
1137 811 1150 824 ·
1217 795 1510 851 κάντεῦθεν
1553 797 1727 851 ἐδόκει
1789 797 1889 868 μὲν
1940 798 2004 851 τὸ

400 891 612 958 χρῆμα
635 886 778 940 κατὰ
807 886 932 940 νοῦν
960 889 1070 950 τοῖς
1093 888 1316 941 ἀσεϐέσι
1349 891 1546 960 χωρεῖν
1568 931 1583 955 ,
1621 891 1716 943 καὶ
1745 888 2000 944 τεθνάναι

399 981 507 1033 τδν
551 981 789 1050 Ἰησοῦν,
830 981 924 1034 καὶ
956 980 1053 1048 τὴν
1074 980 1238 1034 αὑτοῦ
1267 981 1724 1036 καταπαύει-ασθαι
1754 982 1998 1052 διδαχὴν,

404 1073 511 1128 καὶ
537 1072 954 1142 διεσκορπίσθαι
981 1075 1108 1135 τοὺς
1166 1071 1412 1143 μαθητάς
1433 1090 1446 1104 ·
1485 1073 1778 1127 ἐλάνθανον
1807 1074 1866 1127 δὲ
1908 1075 1998 1128 διὰ

410 1165 518 1234 τῆς
553 1163 733 1218 αὐτῶν
759 1163 1116 1236 κακουργίας,
1146 1163 1303 1228 δόξαν
1334 1163 1434 1233 μὲν
1463 1164 1840 1228 ὁδοποιοῦντες
1859 1166 2000 1235 Χρι-

420 1257 568 1328 στῷο
611 1257 871 1325 αἰσχύνην
898 1257 956 1310 δὲ
994 1257 1087 1309 καὶ
1112 1256 1334 1328 ὄλεθρον
1360 1255 1578 1311 αἰώνιον
1599 1259 1815 1322 ἑαυτοῖς
1837 1275 1999 1329 περι-

421 1349 755 1418 ποιούμενοι.

495 1441 708 1510 Ὠσπερ
733 1434 828 1492 οῦν
862 1438 970 1510 πρὸ
996 1437 1092 1492 τοῦ
1139 1437 1458 1508 Πνεύματος
1499 1440 1695 1498 ταῦτα,
1729 1439 1872 1494 οὕτω
1902 1441 1998 1494 καὶ

418 1535 567 1604 μετὰ
617 1533 678 1586 τὸ
724 1515 977 1602 Πνεῦμα,
1003 1533 1196 1602 ἐπειδὴ
1226 1532 1288 1585 τὸ
1326 1532 1487 1603 ἔργον
1526 1532 1705 1602 Ἰησοῦ
1743 1533 1906 1588 πάλιν
1936 1534 1995 1586 ὲν

415 1628 538 1688 τοῖς
563 1623 882 1687 ἀποστόλοις
931 1623 1018 1676 διά
1056 1623 1151 1678 τοῦ
1197 1623 1519 1695 Πνεύματος
1553 1625 1863 1691 ἀνενεοῦτο,
1903 1625 1998 1678 καὶ

418 1719 450 1771 6
501 1720 601 1787 τῆς
630 1717 854 1787 χάριτος
915 1715 1072 1784 λόγος
1113 1716 1577 1788 ἐπαρρησιάζετο,
1609 1717 1704 1770 καὶ
1741 1715 1804 1769 τὸ
1851 1717 1997 1787 μέγα

413 1808 605 1880 θαῦμα
627 1809 724 1878 τῆς
736 1808 1086 1871 ἀναστάσεως
1123 1807 1557 1878 μεγαλοπρεπῶς
1571 1808 1992 1878 ἀνεκηρύττετο.

407 1901 479 1954 Οί
516 1900 626 1969 πρὸ
659 1897 858 1970 μικροῦ
881 1900 939 1952 δὲ
965 1898 1203 1968 φυγάδες
1233 1899 1329 1951 καὶ
1369 1897 1602 1962 δεδιότες
1641 1897 1739 1951 καὶ
1764 1897 1998 1967 τρέμον-

406 2007 534 2054 τες,
563 1991 658 2043 σὺν
691 1990 904 2060 μεγάλῃ
954 1988 1460 2062 παρρησιαζόμενοι
1495 1987 1725 2058 δυνάμει
1750 1987 1810 2042 τὸ
1847 2004 1994 2060 μαρ-

2107 612 2238 666 cidii
2274 613 2455 666 scelus
2485 612 2830 666 animaverat
2858 629 2872 664 :
2907 609 3270 678 tradebatque
3298 609 3510 664 Pilatus
3538 608 3691 665 inno-

2103 704 2277 770 xium,
2303 719 2367 758 ac
2390 703 2596 759 milites
2617 703 2857 758 illudeba
2869 710 2931 756 nt
2957 719 2972 752 :
2995 701 3229 757 exaltata
3246 701 3485 772 denique
3497 716 3689 768 cruce,

2099 796 2283 867 justus
2307 811 2433 850 cum
2477 797 2761 852 sceleratis
2794 796 2873 849 illi
2904 793 3157 849 conﬁxus
3188 792 3372 848 fuerat
3401 812 3416 847 :
3448 793 3691 863 hincque

2103 885 2242 939 adeo
2273 901 2365 940 res
2414 900 2482 939 ex
2513 884 2701 938 animo
2749 883 2934 953 impiis
2982 882 3183 938 cedere
3230 882 3540 946 videbatur,
3595 898 3693 937 ex-

2103 975 2306 1030 stincto
2324 975 2478 1039 Jesu,
2513 975 2635 1045 ejus
2668 973 2933 1044 abrogata
2967 973 3240 1038 doctrina,
3289 973 3556 1043 dispersis
3600 972 3689 1026 di-

2102 1067 2352 1138 scipulis.
2410 1070 2480 1122 At
2527 1067 2908 1138 imprudentes
2949 1066 3197 1137 nequitia
3247 1081 3346 1120 sua
3392 1066 3691 1136 pravisque

2101 1159 2350 1214 consiliis
2399 1159 2604 1215 Christi
2650 1159 2838 1230 gloria:
2888 1157 3032 1212 viam
3078 1158 3506 1227 perstruebant,
3561 1155 3697 1212 sibi-

2100 1266 2209 1322 que
2257 1252 2392 1321 ipsis
2445 1252 2710 1322 probrum
2778 1266 2843 1308 ac
2892 1252 3125 1307 exitium
3182 1261 3452 1306 aeternum
3509 1265 3697 1306 arces-

2099 1343 2316 1400 sebant.

2169 1434 2642 1502 Quemadmodum
2681 1435 2848 1506 igitur
2875 1435 2995 1490 haec
3036 1446 3164 1491 ante
3193 1435 3490 1505 Spiritum,
3530 1435 3612 1491 sic
3638 1443 3698 1492 et

2097 1535 2222 1596 post
2265 1524 2553 1594 Spiritum.
2597 1525 2751 1592 Quod
2803 1540 3041 1595 namque
3088 1525 3218 1580 Jesu
3271 1541 3412 1595 opus
3456 1525 3696 1595 Spiritus

2097 1633 2330 1673 munere
2375 1619 2430 1674 in
2478 1619 2740 1687 apostolis
2791 1634 3011 1673 rursum
3062 1618 3511 1683 instaurabatur,
3568 1634 3688 1672 ma-

2097 1726 2372 1781 gnumque
2470 1711 2890 1768 resurrectionis
2970 1712 3302 1767 miraculum
3397 1711 3690 1782 magniﬁce

2097 1802 2518 1871 praedicabatur.
2533 1803 2636 1870 Qui
2655 1803 2816 1872 paulo
2833 1813 2958 1858 ante
2971 1803 3204 1874 profugi,
3223 1803 3424 1874 pavidi,
3442 1811 3658 1858 tremen
3673 1831 3689 1842 -

2101 1904 2182 1951 tes
2202 1906 2380 1961 erant,
2405 1912 2530 1951 cum
2552 1911 2746 1966 magna
2767 1895 2969 1949 virtute
2998 1896 3175 1964 palam
3205 1896 3498 1964 loquentes
3541 1894 3698 1949 testi-

2093 1988 2342 2042 monium
2380 1989 2493 2043 Deo
2527 1988 2834 2042 reddebant
2855 1988 2918 2041 ὀ.
2942 1988 3044 2054 Qui
3068 1986 3137 2040 ad
3155 1995 3367 2056 portam
3383 1985 3702 2056 Speciosam

405 2081 608 2153 τύριον
635 2082 921 2136 ἀπεδίδουν
955 2080 1034 2152 τῷ
1075 2079 1194 2151 Θεῷ
1212 2097 1226 2110 ·
1250 2079 1347 2133 καὶ
1374 2082 1404 2134 6
1436 2081 1529 2132 ἐπὶ
1556 2082 1625 2150 τῇ
1667 2078 1862 2150 Ὡραίᾳ
1900 2077 1995 2131 τοῦ

2101 2081 2280 2149 templi
2315 2079 2544 2134 claudus
2573 2080 2821 2146 sedebat,
2851 2088 3102 2144 erectus;
3123 2078 3358 2133 Tabitha
3387 2095 3419 2133 a
3462 2078 3698 2136 mortuis

412 2173 575 2244 ἱεροῦ
595 2173 742 2245 πύλῃ
773 2172 1088 2242 καθήμενος
1122 2172 1413 2244 ἁνώρθωτο
1439 2171 1634 2242 χωλὸς,
1676 2171 1773 2225 καὶ
1813 2172 1878 2224 ὲκ
1915 2187 1998 2224 νε·

2091 2171 2355 2236 suscitata
2381 2171 2480 2226 “’"z
2513 2172 2743 2228 morbus
2774 2173 2954 2228 omnis
2979 2181 3038 2228 et
3072 2170 3548 2242 languordnedum
3569 2185 3704 2240 pre-

417 2266 581 2339 κρῶν
602 2267 846 2320 ἀνίστατο
896 2265 1156 2332 Ταὸυθὰ,
1190 2265 1288 2320 καὶ
1331 2267 1482 2319 πᾶσα
1522 2266 1677 2330 νόσος
1719 2267 1816 2320 καὶ⁸
1845 2266 1997 2318 πᾶσα

2101 2265 2251 2321 cibus
2277 2281 2343 2321 ac
2375 2275 2579 2321 sancta;
2611 2280 2806 2320 manus
2838 2274 3119 2330 contactu,
3155 2264 3252 2320 sed
3281 2271 3339 2318 et
3371 2264 3487 2319 sola
3515 2263 3685 2319 disci-

427 2356 679 2426 μαλακία
720 2356 776 2410 οὑ
809 2359 1083 2428 προσευχῇ
1137 2356 1318 2426 μόνον,
1348 2357 1443 2410 καὶ
1466 2357 1650 2428 χειρὸς
1679 2357 1833 2421 ὁσίας
1861 2357 1999 2428 ἁφῇ,

417 2446 569 2498 ἀλλὰ
599 2447 687 2499 καὶ
728 2449 791 2517 τῇ
820 2447 950 2517 σκιᾷ
985 2446 1121 2518 μόνῃ
1144 2446 1253 2500 τῶν
1291 2447 1550 2519 μαθητῶν
1591 2448 1958 2519 ἐθεραπεύετο
1981 2465 1996 2480 ο

409 2540 516 2592 καὶ
541 2540 716 2592 πάντα
743 2539 976 2602 συνόλως
1011 2539 1182 2608 φάναι
1215 2539 1286 2594 τὰ
1325 2539 1463 2612 ἔργα
1486 2540 1579 2594 τοῦ
1607 2541 1870 2612 Χριστοῦ,
1904 2542 1997 2595 καὶ

407 2629 650 2698 μείζονα
683 2623 758 2682 ὧν
788 2633 997 2693 ἐκεῖνος
1031 2632 1358 2702 πεποίηκεν,
1388 2633 1466 2696 ὡς
1496 2633 1530 2704 ἡ
1557 2633 1886 2702 ἐπαγγελία,
1916 2632 1996 2704 τῷ

401 2723 650 2792 ὀνόματι
670 2724 765 2778 τοῦ
793 2725 1122 2779 διδασκάλου
1157 2727 1604 2797 κατειργὰςοντο.
1652 2727 1874 2798 Ἐπειδὴ
1906 2724 2000 2781 οὖν

397 2814 593 2870 ταῦτα
624 2815 814 2870 τοῦτον
839 2817 1021 2888 ώρᾶτο
1060 2818 1324 2888 γινόμενα
1357 2817 1448 2872 τὸν
1483 2819 1706 2885 τρόπον,
1737 2821 1999 2890 ἐκμαίνεο

402 2925 509 2964 ται
551 2908 651 2978 μὲν
693 2905 850 2972 αὖθις
905 2911 934 2962 6
970 2909 1078 2962 τῶν
1125 2909 1302 2979 φόνων
1322 2911 1510 2982 πατήρ
1537 2927 1551 2940 ·
1591 2911 1918 2980 ὲκμαίνεται
1941 2911 2000 2965 δὲ

408 3000 517 3052 καὶ
541 3002 688 3053 πᾶσα
722 3002 754 3070 ἡ
786 3001 882 3053 ὑπ’
930 3000 1126 3072 ἐκείνῳ
1166 3002 1620 3072 στρατηγουμένη
1652 3003 1956 3073 Συναγωγή
1978 3019 1993 3034 ο

2099 2359 2356 2430 pulcrum
2380 2359 2579 2414 umbra
2607 2359 2929 2414 curabatur.
2953 2359 3134 2427 Atque
3157 2365 3219 2412 ut
3248 2371 3462 2412 summa
3486 2356 3688 2420 dicam,

2101 2459 2302 2507 cuncta
2325 2449 2532 2506 Christi
2555 2465 2745 2520 opera,
2779 2450 2916 2518 quin
2945 2457 3002 2503 et
3035 2450 3241 2518 majora
3264 2464 3428 2518 quam
3453 2447 3544 2502 ille
3566 2462 3700 2518 ope-

2099 2549 2253 2598 ratus
2271 2551 2391 2597 erat
2425 2545 2547 2612 (pro
2571 2557 2638 2596 eo
2655 2557 2718 2596 ac
2742 2541 2923 2596 fuerat
2941 2539 3240 2610 pollicitus)
3261 2539 3319 2594 in
3343 2538 3587 2609 magistri
3610 2552 3706 2592 no-

2099 2636 2246 2691 mine
2273 2635 2478 2690 ﬁebant
2497 2633 2630 2688 ‘°"".
2668 2633 2825 2700 Quod
2868 2633 3057 2702 itaque
3082 2632 3200 2687 haec
3230 2647 3357 2686 eum
3391 2631 3449 2686 in
3475 2629 3704 2684 modum

2102 2728 2226 2784 ﬁeri
2249 2728 2642 2792 cernebantur,
2677 2727 2866 2782 furore
2899 2740 3090 2780 rursus
3117 2723 3434 2780 incenditur
3463 2722 3695 2778 caedium

2098 2829 2330 2886 auctor;
2375 2818 2700 2874 accenditur
2729 2826 2786 2872 et
2812 2817 2890 2871 illi
2933 2815 3345 2872 succenturiata
3377 2814 3557 2869 omnis
3597 2815 3699 2883 Sy-

2096 2927 2329 2983 nagoga.
2351 2913 2614 2968 Vibratur
2635 2912 2872 2982 gladius,
2900 2917 3062 2965 arcus
3086 2908 3370 2975 tenditur;
3414 2908 3694 2979 romphaea

2099 3005 2400 3059 suscitatur
2417 3019 2486 3059 ac
2517 3004 2724 3059 bellum
2758 3003 3023 3058 adversus
3050 3001 3356 3056 Ecclesiam
3396 2999 3692 3056 conﬂatur.

411 3096 518 3147 καὶ
542 3097 576 3163 ἡ
606 3096 854 3166 μάχαιρα
896 3094 1229 3163 στιλϐοῦται,
1269 3096 1365 3151 καὶ
1412 3097 1650 3151 τείνεται
1688 3097 1749 3150 τὸ
1804 3096 1982 3164 τόξον,
2020 3100 2115 3152 καὶ
2142 3099 2389 3170 ῥομφαία
2415 3102 2509 3153 καὶ
2547 3099 2784 3170 πόλεμος
2843 3097 3161 3170 ἐρριπίζετο
3227 3096 3374 3150 κατά
3437 3095 3704 3166 τῆςνἙκ-

413 3189 523 3258 κλη
532 3188 670 3250 σίας.

490 3281 716 3352 Πρῶτον
765 3279 865 3348 μὲν
888 3274 1002 3342 οῦν,
1049 3280 1472 3350 παραγγελίαις,
1506 3282 1781 3348 ἀπειλαῖς,
1814 3281 1989 3352 φυλα-

2167 3283 2415 3338 Primum
2441 3283 2632 3354 igitur,
2655 3282 2965 3354 praeceptis,
2995 3279 3185 3359 minis,
3208 3279 3554 3344 carceribus,
3579 3280 3703 3350 pla-

403 3373 566 3435 καῖς,
632 3371 872 3441 πληγαῖς
898 3411 915 3436 ,
962 3372 1089 3434 τοὺς
1128 3372 1306 3441 ἱεροὺς
1349 3371 1443 3425 τοῦ
1487 3373 1662 3441 Λόγου
1718 3373 2000 3441 θεολόγους

384 3463 644 3534 ὀἰομένη
667 3463 880 3531 φοϐεῖν,
899 3463 1247 3518 ἀναστέλλειν
1278 3465 1460 3517 αὐτῶν
1480 3463 1546 3536 (ῶ
1575 3465 1674 3534 τῆς
1707 3465 1996 3529 άσεϐείαςί

405 3555 462 3609 ὣ
497 3556 598 3623 τῆς
629 3555 954 3626 σκαιότητος
979 3557 1018 3622 l)
1049 3557 1311 3626 ἐπειρᾶτο
1352 3555 1449 3627 τὴν
1487 3556 1787 3625 θεολογίαν.
1843 3557 2001 3610 Ἐπεὶ

404 3648 475 3702 δὲ
526 3646 734 3711 τούτοις
784 3649 863 3710 εἰς
911 3647 1090 3717 μάτην
1135 3647 1402 3719 ᾐσθάνετο
1455 3649 1695 3703 πονοῦσα
1723 3666 1738 3680 ο
1779 3650 1841 3703 οὐ
1889 3652 1999 3720 γὰρ

409 3742 651 3811 μανίαις
692 3743 944 3813 ἀφρόνων
984 3741 1239 3794 τὺοΘεῖον
1290 3741 1690 3813 περιτρέπεται
1715 3757 1730 3772 ⁸
1787 3743 1913 3796 οὐδὲ
1949 3745 2000 3797 ot

405 3832 643 3900 ἀληθεῖς
674 3833 864 3886 τούτου
912 3835 1044 3906 ῥᾷον
1097 3833 1385 3887 ὑπείκουσι
1444 3835 1776 3905 συνήγοροι·
1824 3829 1914 3888 οἷα
1940 3834 1999 3888 δὲ

401 3925 664 3994 ἄργυρος
723 3928 791 3996 τῇ
851 3925 1098 3996 πυρώσει
1149 3925 1564 3996 καθαιρόμενοι,
1616 3926 1997 3996 εύφωνοτέραν

405 4017 520 4085 τῆς
560 4017 799 4080 πίστεως
842 4018 1046 4072 οἴδασιν
1094 4018 1403 4084 ἀποδιδόναι
1446 4019 1546 4090 τὴν
1584 4017 1869 4089 φθογγήνο
1913 4017 2004 4072 διὰ

406 4107 584 4162 τοῦτο
616 4109 712 4178 τὴν
739 4109 941 4180 συνήθη
964 4108 1151 4163 λοιπὸν
1176 4111 1258 4173 εἰς
1285 4109 1594 4181 ὑπόμνησιν
1623 4108 1818 4180 εἴληφε
1848 4126 2002 4180 μιαι-

407 4200 616 4276 φονίαν
642 4217 658 4232 ο
690 4202 786 4254 καὶ
808 4201 871 4272 δὴ
895 4201 1043 4272 ζήλῳ
1067 4201 1492 4272 προφητοκτόνῳ
1515 4200 1998 4273 διαθερμανθεῖσα,

408 4294 641 4362 πρῶτον
673 4292 771 4362 μὲν
819 4293 987 4357 λίθοις
1013 4293 1311 4347 κατάλευσε
1348 4293 1439 4346 τὸν
1475 4279 1774 4362 Στέφανον,
1799 4288 1886 4346 οἷα
1910 4292 2002 4346 δε-

425 4386 564 4438 κτὸν
618 4385 968 4456 καλλιέρημα
1016 4386 1205 4440 τοῦτον
1259 4386 1566 4457 μιαιφόνοις
1638 4385 2002 4458 ίερουργοῦσα

417 4481 631 4550 χερσὶν,
657 4481 759 4552 τὴν
790 4482 930 4553 ὑπὲρ
955 4482 1065 4536 τῶν
1107 4481 1388 4553 θυομένων
1415 4463 1840 4554 χριστοπρεπῶς
1865 4485 2002 4540 άνα-

417 4572 656 4641 φέροντα
678 4575 1012 4644 προσευχήν.

2101 3374 2207 3446 gis,
2243 3390 2430 3430 sacros
2458 3374 2626 3430 Verbi
2659 3375 2942 3444 theologos
2972 3388 3032 3428 se
3058 3372 3151 3427 illa
3198 3372 3516 3427 territuram
3586 3373 3711 3426 exi—

2105 3467 2380 3535 stimans;
2407 3466 2650 3537 ipsorum
2680 3477 2736 3535 (ο
2763 3465 3101 3536 impietatem
3127 3465 3140 3518 l
3173 3463 3438 3519 oconsilii
3459 3463 3714 3534 maligni-

2105 3568 2273 3615 tatem
2311 3560 2324 3613 ι
2355 3563 2370 3628 )
2396 3559 2640 3614 divinam
2664 3559 2918 3614 inhibere
2939 3557 3247 3613 doctrinam
3274 3557 3577 3614 nitebatur.
3604 3556 3710 3613 Ubi

2103 3660 2286 3706 autem
2315 3650 2521 3706 frustra
2541 3667 2598 3706 se
2620 3651 2808 3706 conari
2832 3651 3100 3706 sensisset
3121 3650 3253 3719 (non
3272 3649 3420 3704 enim
3441 3647 3540 3702 Dei
3567 3661 3706 3702 con-

2105 3744 2292 3799 silium
2323 3744 2710 3814 insipientium
2741 3743 2929 3798 furore
2961 3743 3258 3806 evertitur,
3286 3757 3390 3796 nec
3422 3740 3584 3796 facile
3616 3756 3710 3797 ce-

2105 3834 2260 3898 dant,
2279 3836 2376 3905 qui
2405 3835 2552 3890 illius
2576 3835 2692 3890 veri
2721 3835 2940 3904 patroni
2965 3849 3031 3890 ac
3049 3834 3370 3890 defensores
3397 3835 3705 3890 exsistunt:

2104 3927 2203 3983 sed
2223 3927 2368 3982 sicut
2392 3934 2680 3998 argentum
2699 3927 2824 3998 igne
2841 3927 3229 3996 depurgatum,
3250 3941 3508 3981 sonoram
3532 3927 3710 3998 magis

2104 4017 2234 4074 ﬁdei
2254 4033 2446 4073 vocem
2470 4019 2702 4074 reddere
2725 4028 3026 4074 sueverunt
3048 4018 3089 4090 ).
3147 4019 3362 4075 Idcirco
3384 4029 3708 4075 consuetam

2105 4112 2292 4168 animo
2323 4113 2527 4183 repetit
2549 4112 2780 4168 caedium
2803 4113 2916 4168 vim
2953 4129 3018 4169 ac
3043 4113 3306 4169 saavitiam
3335 4132 3349 4168 :
3380 4123 3545 4185 atque
3568 4117 3707 4172 adeo

2103 4204 2492 4270 aemulatione,
2555 4220 2662 4275 qua
2703 4205 3014 4276 prophetas
3067 4205 3360 4261 occiderat
3417 4221 3706 4277 succensa,

2103 4297 2349 4370 primum
2382 4297 2608 4367 quidem
2639 4297 2918 4368 lapidibus
2946 4299 3140 4355 obruit
3183 4297 3549 4370 Stephanum,
3575 4309 3705 4356 tan-

2107 4405 2275 4462 quam
2301 4389 2518 4446 scilicet
2547 4389 2876 4460 placabilem
2899 4389 3140 4446 hostiam
3163 4390 3416 4446 cruentis
3447 4391 3708 4448 manibus

2105 4481 2264 4538 illum
2295 4481 2606 4544 immolans,
2633 4481 2730 4551 qui
2756 4480 2966 4537 Christi
2995 4482 3248 4552 exemplo
3283 4497 3386 4553 pro
3409 4483 3705 4539 immolan-

2106 4575 2260 4631 tibus
2287 4588 2484 4644 preces
2500 4572 2773 4628 oﬁ'erebat
2791 4573 2856 4626 “.

490 4665 818 4737 Γευσαμένη
846 4667 903 4720 δὲ
937 4666 1034 4720 τοῦ
1061 4667 1420 4722 ἀποστολικοῦ
1449 4669 1682 4740 αἵματος
1708 4671 1742 4740 ἡ
1771 4669 1994 4740 ἐναγὴς,

2169 4664 2347 4720 Gustu
2396 4671 2660 4734 percepto
2709 4664 3002 4734 apostolici
3051 4664 3338 4736 sanguinis
3360 4706 3376 4732 ,
3425 4664 3706 4722 scelestis-

406 4758 516 4814 καὶ
549 4757 782 4828 ἡσθεῖσα
838 4760 1058 4830 κομιδῇ,
1089 4754 1176 4814 οἷα
1223 4761 1408 4830 ἐκείνη
1453 4762 1543 4815 ἀεὶ
1587 4765 1700 4826 τοῖς
1730 4763 1998 4827 τοιούτοις

405 4849 851 4920 ἑπιτερπομένη,
889 4850 1120 4919 ἐμελέτα
1146 4851 1245 4921 μὲν
1288 4851 1518 4915 πάντας,
1560 4853 1613 4906 εί
1639 4870 1703 4922 γε
1746 4853 1998 4921 δυνατὸν,

407 4941 516 4994 ἐπὶ
567 4939 646 4994 τῶ
708 4938 1018 5011 ὁμοιώματι
1055 4942 1491 5013 διαχειρίσασθαι
1541 4943 1840 5012 Στεφάνου,
1899 4944 2002 4998 οὐκ

406 5027 571 5102 εἶχεν
598 5033 656 5085 δὲ
683 5039 834 5096 ὅπως
855 5034 954 5102 τὴν
977 5033 1149 5104 αὐτῆς
1175 5033 1411 5105 μελέτην
1449 5034 1790 5098 συντελέσαι,
1814 5033 2000 5104 ὁρῶσα

414 5123 497 5194 μὴ
534 5123 657 5182 καθ’
683 5124 778 5179 ἕνα
829 5125 909 5196 τῷ
952 5125 1097 5196 λόγῳ
1134 5126 1263 5189 τοὺς
1308 5125 1666 5190 πιστεύοντας
1711 5125 2005 5196 προστιθε-

414 5215 644 5285 μένους,
669 5217 805 5274 ἀλλά
829 5219 972 5271 κατὰ
1001 5219 1206 5289 χιλίους
1233 5236 1294 5272 τε
1323 5219 1420 5273 καὶ
1468 5220 1698 5290 μυρίους
1737 5219 1837 5289 τὴν
1877 5220 2002 5273 Ἐκ-

409 5307 655 5378 κλησίαν
690 5310 778 5364 διὰ
807 5310 916 5364 τῶν
959 5311 1286 5380 προστατῶν
1332 5310 1428 5366 τοῦ
1470 5311 1633 5377 λόγου
1662 5329 2001 5384 συγκροτου-

414 5399 594 5470 μένην
625 5402 718 5454 καὶ
746 5403 1185 5475 πληθύνομένην.

488 5491 559 5546 Τί
582 5488 675 5547 οὖν
709 5497 894 5562 ποιεῖς
921 5491 1032 5566 ἆρα
1065 5496 1175 5568 γὰρ
1205 5497 1415 5569 ἡττήθη
1469 5499 1570 5569 τῆς
1607 5497 1718 5553 τῶν
1753 5498 1998 5569 σημείων

404 5583 896 5658 θεοπρεπότητος;
955 5585 1045 5659 ἆρ’
1079 5589 1254 5643 ἔδεισε
1287 5592 1382 5645 τὸν
1437 5591 1813 5662 ὑπερηφάνοις
1839 5593 1994 5646 ἀντι-

407 5679 782 5750 τασσόμενον,
809 5685 1095 5748 ταπεινοῖς
1127 5683 1186 5738 δὲ
1209 5683 1368 5756 χάριν
1419 5684 1827 5756 ὲπιμετροῦντα
1855 5703 1872 5753 ;
1904 5686 1996 5740 τὸν

487 5860 536 5900 ³⁸
557 5860 678 5921 Act.
711 5881 784 5933 tv,
813 5861 904 5933 35;
933 5878 1008 5934 lx,
1031 5863 1119 5921 56.
1213 5865 1293 5900 ⁸⁸*
1321 5867 1442 5924 Act.
1473 5883 1552 5934 ιιι,
1585 5869 1720 5935 7;,ν,
1755 5868 1843 5924 15.

2105 4755 2267 4822 sima,
2306 4769 2484 4826 eoque
2525 4754 2828 4826 plurimum
2865 4755 3137 4812 delectata
3159 4797 3177 4822 ,
3211 4765 3274 4812 ut
3307 4772 3432 4827 quae
3459 4755 3706 4812 caedibus

2109 4862 2328 4918 semper
2353 4847 2538 4918 gavisa
2557 4847 2802 4912 esset,.id
2829 4848 2976 4903 serio
3004 4849 3302 4918 cogitabat,
3329 4857 3390 4903 ut
3409 4849 3456 4904 si
3487 4849 3702 4917 liceret,

2098 4940 2217 5010 pari
2243 4953 2368 4994 cum
2404 4937 2684 5008 Stephano
2712 4954 2849 4994 nece
2871 4950 3104 4995 cunctos
3128 4941 3370 4996 tolleret.
3393 4940 3534 4997 Cum
3558 4959 3696 4999 vero

2099 5031 2395 5088 consilium
2429 5032 2658 5102 implere
2686 5048 2797 5090 non
2826 5042 3050 5102 posset:
3082 5033 3289 5104 quippe
3318 5050 3430 5089 non
3455 5035 3703 5106 singulos

2101 5125 2172 5180 ad
2217 5123 2382 5180 ﬁdem
2443 5139 2510 5179 ac
2562 5124 2870 5180 doctrinam
2913 5125 3360 5195 amplectendum
3397 5127 3700 5193 accedere;

2101 5216 2198 5272 sed
2239 5216 2478 5272 millenis
2512 5217 2781 5286 denisque
2825 5217 3072 5274 millibus
3106 5234 3206 5288 per
3231 5217 3388 5273 verbi
3428 5219 3698 5288 praesules

2102 5309 2312 5380 pariter
2327 5309 2623 5381 adiunctis,
2645 5309 2949 5367 Ecclesiam
2981 5310 3210 5368 conflari
3248 5325 3314 5367 ac
3341 5311 3697 5381 multiplicari

2106 5401 2355 5459 videbat.

2169 5497 2313 5563 Quid
2347 5513 2482 5569 ergo
2517 5497 2697 5554 facit?
2733 5497 2877 5554 Num
2914 5498 3118 5556 divinis
3143 5497 3317 5570 signis
3358 5497 3506 5553 victa
3554 5509 3694 5552 con-

2099 5591 2299 5646 cessit?
2316 5606 2545 5661 operum
2564 5591 2808 5647 novitate
2824 5592 2847 5644 ’ί
2868 5591 3163 5662 splendore
3175 5604 3495 5647 sermonum
3509 5590 3534 5643 ?
3547 5589 3694 5646 Num

2096 5698 2223 5740 eum
2256 5683 2460 5752 timuit,
2489 5686 2585 5756 qui
2612 5685 2869 5757 superbis
2897 5683 3108 5741 resistit
3134 5692 3192 5742 et
3221 5681 3530 5742 humilibus
3560 5697 3690 5756 gra-

1939 5865 2049 5899 ¹⁶⁸⁴
2071 5865 2230 5926 Joan.
2256 5883 2366 5933 xw,
2411 5867 2496 5924 10.
2579 5868 2618 5902 ¹¹
2648 5867 2768 5924 Act.
2800 5883 2874 5935 vr,
2895 5867 2945 5922 7.
