4094 6478
473 415 546 479 95
1687 401 1983 472 NICETIE
2016 411 2071 471 Pi

2175 408 2549 472 HLAGONIS
3729 398 3802 458 96

471 531 604 588 tiam
628 525 864 584 tribuit?
892 525 1114 582 Fortem
1143 526 1297 582 illum
1325 525 1381 581 in
1405 525 1585 590 bellis,
1612 524 1970 579 clariﬁcatum
1997 522 2052 577 in

2175 521 2418 594 ιραταιδν
2443 522 2501 574 ὲν
2533 517 2819 587 πολέμοιςς
2873 518 2966 571 τὸν
2999 516 3418 586 δεδοξασμένον
3474 517 3544 569 ἑν
3585 515 3800 584 ἁγίοις,

469 621 711 687 sanctis,
762 618 1075 674 mirabilem
1121 620 1178 673 in
1224 620 1540 689 majestate;
1593 617 1753 688 cujus
1801 614 2060 686 potentia:

469 714 802 769 documenta
852 711 1027 766 multa
1065 718 1386 781 acceperat;
1433 719 1598 780 atque
1636 724 1668 764 a
1719 724 1897 779 pugna
1931 722 2056 763 cum

467 804 580 860 Deo
613 802 867 859 destitit?
901 803 1126 859 Minime
1172 802 1461 873 gentium:
1513 800 1609 858 sed
1656 801 1798 857 sicut
1842 800 2058 871 pridem

468 896 706 951 Pilatum
752 896 966 960 adiens,
1015 909 1236 950 crucem
1278 908 1342 948 ac
1383 899 1650 954 mortem,
1687 890 2058 945 Sodomorum

469 987 900 1056 Gomorrhaeque
925 985 1263 1041 clamoribus
1291 985 1557 1040 adversus
1580 984 1674 1039 Dei
1698 983 1939 1038 Verbum
1961 996 2061 1052 po-

473 1086 752 1146 poscerat,
800 1077 882 1132 sic
924 1085 1113 1146 postea
1156 1076 1224 1133 ab
1263 1075 1480 1131 Herode
1521 1076 1641 1146 ejus
1681 1073 2058 1143 apostolorum

473 1185 688 1233 necem,
709 1171 939 1239 supplex
970 1169 1248 1239 ﬂagitabat
1272 1169 1337 1222 ι’.

542 1261 731 1316 Νιιίία.
767 1263 969 1324 aiebat,
1007 1260 1181 1323 nulla,
1213 1275 1305 1313 rex
1329 1261 1544 1330 optime,
1570 1259 1715 1329 genti
1743 1266 1849 1312 tuae
1869 1257 2060 1312 salutis

467 1366 606 1421 spes.
654 1349 1033 1416 Concidimus;
1077 1351 1373 1421 periimus:
1427 1349 1660 1420 periculo
1713 1350 1936 1404 uertitur
1995 1363 2062 1401 ne

472 1456 686 1510 prorsus
722 1457 754 1492 a
782 1440 918 1509 facie
957 1438 1340 1509 discipulorum
1377 1437 1504 1492 Iesu
1543 1436 1850 1506 deﬁciamus
1885 1455 1948 1492 ac
1979 1438 2061 1492 in-

472 1539 755 1585 tereamus.
787 1531 904 1586 Non
934 1533 1066 1586 satis
1093 1533 1214 1601 fuit,
1243 1531 1384 1602 quod
1419 1530 1513 1584 ille
1542 1533 1714 1585 adhuc
1742 1532 1916 1586 vivens
1945 1537 2064 1601 post

470 1640 527 1676 se
565 1623 763 1693 plebem
791 1625 1036 1678 seduxit:
1069 1625 1160 1677 sed
1187 1625 1275 1694 qui
1313 1640 1372 1678 eo
1405 1623 1727 1694 familiarius
1767 1624 1870 1688 usi,
1911 1623 2062 1677 illius

471 1715 719 1768 doctrinis
749 1725 1131 1780 successerunt,
1165 1724 1405 1770 nostram
1425 1715 1794 1770 dementarunt
1817 1725 2062 1786 gentem:

469 1803 741 1858 duodecim
787 1806 953 1860 tribus
1009 1816 1220 1860 nostras
1265 1807 1607 1876 perdiderunt
1643 1823 1660 1860 :
1699 1822 1891 1876 parum
1921 1806 2062 1861 abest

2161 615 2252 668 τὸν
2280 612 2594 682 θαυμαστὸν
2641 613 2699 664 ὲν
2751 611 2952 676 δόξαις,
2983 605 3044 664 οὗ
3087 609 3254 662 πολλὰ
3302 610 3427 679 τῆς
3487 607 3804 677 δυνάμεως

2161 705 2386 776 εἴληφεν
2412 703 2811 774 ὑποδείγματα,
2847 704 2945 756 καὶ
2983 703 3078 756 τοῦ
3131 703 3442 772 θεομαχεῖν
3479 701 3796 770 ὑπανεχὼο

2162 813 2331 869 ρησεν
2353 813 2368 862 ;
2393 795 2659 866 Οὐδαμῶς
2684 812 2698 825 ’
2731 796 2920 866 ὥσπερ
2957 797 3015 850 δὲ
3065 796 3144 866 τῷ
3194 796 3425 864 Πιλάτῳ
3458 793 3795 866 προσιοῦσα

2162 888 2376 961 πρώην,
2415 889 2650 957 σταυρόν
2671 905 2730 941 τε
2761 889 2855 940 καὶ
2897 887 3128 940 θάνατον
3156 890 3212 939 ἐν
3257 888 3564 955 κραυγαῖς
3613 886 3788 940 Σοδό-

2164 997 2283 1054 μων
2311 983 2408 1036 καὶ
2438 982 2479 1034 Γ
2480 982 2724 1053 ομόρῤας
2751 980 2894 1034 κατὰ
2918 979 3012 1033 τοῦ
3039 979 3178 1033 Θεοῦ
3205 979 3390 1047 Λόγου
3434 982 3787 1050 παρῃτεῖτο,

2159 1074 2305 1128 οὕτω
2346 1073 2486 1145 μετὰ
2526 1073 2702 1128 ταῦτα
2733 1088 2810 1144 τῳ
2872 1071 3089 1144 Ἡρώδῃ
3138 1072 3622 1144 προσπίπτουσα,
3683 1072 3788 1142 τὴν

2160 1165 2305 1220 κατὰ
2341 1165 2448 1218 τῶν
2487 1163 2801 1220 ἀποστόλων
2827 1163 2996 1218 αὐτοῦ
3036 1165 3406 1235 κατελιπάρει
3431 1164 3700 1232 σφαγήν.
3787 1200 3792 1207 ς

2239 1256 2520 1325 Οὐδεμία,
2554 1253 2808 1322 λέγουσα,
2836 1252 2916 1320 τῷ
2959 1255 3117 1310 ἔθνει
3157 1269 3296 1318 σου,
3325 1253 3649 1321 κράτιστε
3672 1253 3785 1316 βα-

2161 1347 2360 1412 σιλεῦ,
2387 1347 2634 1418 οὐδεμία
2655 1348 2955 1414 σωτηρίας
2981 1346 3178 1410 ἐλπίς.
3218 1343 3779 1411 Διαπεπτώκιιμεν,

2161 1437 2585 1508 ἀπολώλαμεν.
2620 1437 3066 1505 Κινδυνεύομεν
3113 1435 3490 1504 οἰχήσεσθαι
3559 1437 3784 1488 τέλεον

2164 1531 2262 1586 καί
2303 1531 2845 1600 διαφθαρήσεσθαι,
2887 1530 3008 1584 ἀπὸ
3037 1527 3368 1598 προσώπου
3409 1526 3548 1580 τῶν
3582 1532 3786 1596 μαθη-

2162 1623 2281 1678 τῶν
2307 1624 2414 1678 τοῦ
2459 1624 2686 1691 Ἰησοῦ.
2713 1625 2836 1677 Οὐκ
2861 1620 3216 1690 ἀπέχρησεν
3244 1618 3498 1685 ἐκεῖνος
3545 1619 3639 1672 ἔτι
3675 1617 3786 1679 ζῶν

2164 1717 2358 1769 ὀπίσω
2388 1716 2574 1769 αὐτοῦ
2605 1715 2711 1768 τὸν
2742 1715 2900 1769 λαὸν
2946 1711 3319 1779 ὐποπλανᾷν
3349 1728 3364 1741 ·
3401 1711 3537 1764 νῦν
3562 1710 3638 1763 δὲ
3671 1711 3786 1776 τὴν

2163 1809 2398 1862 ἐκείνου
2419 1807 2682 1876 διδαχὴν
2699 1810 2754 1861 οὶ
2776 1807 3147 1876 ὡμιληκότες
3191 1802 3354 1870 αὐτῷ
3403 1803 3782 1873 διαδεξάμε-

470 1893 599 1962 quin
630 1893 884 1964 populum
911 1911 1122 1949 omnem
1155 1895 1456 1949 allexerint.
1491 1895 1846 1964 Defectionem
1885 1914 1916 1950 a
1941 1896 2061 1950 Ca?-

2175 1918 2276 1963 mt,
2319 1899 2667 1967 ἐξέστησαν
2702 1900 2768 1952 τὸ
2818 1900 2994 1965 ἔθνος
3054 1895 3262 1967 ήμῶν·
3320 1895 3687 1950 ἀπώλεσαν
3720 1895 3785 1948 τὸ

466 2003 591 2044 sare
614 1989 840 2052 docent;
869 1990 925 2042 in
955 1989 1295 2057 majestatem
1334 1994 1482 2040 tuam
1511 1987 1876 2042 contumeliosi
1902 1997 2062 2053 sunt;

470 2082 704 2150 patriam
733 2078 899 2149 legem
927 2089 1186 2133 evertunt.
1214 2079 1388 2149 Neque
1414 2079 1469 2132 id
1497 2079 1678 2142 modo,
1700 2095 1882 2133 verum
1901 2081 2062 2133 etiam

469 2175 529 2228 in
564 2174 740 2244 ipsum
777 2173 945 2227 Deum
980 2171 1204 2227 Patrum
1241 2174 1392 2243 impii
1433 2172 1718 2246 exsistunt,
1757 2174 1846 2243 qui
1878 2172 2062 2226 Iesum

471 2264 647 2329 illum,
691 2267 781 2335 qui
809 2264 1091 2334 cruciﬁxus
1132 2272 1228 2328 est,
1275 2265 1474 2334 faciant
1517 2264 1708 2319 Deum.
1739 2264 1856 2319 Nisi
1890 2266 2058 2334 igitur

473 2359 636 2422 ocius,
666 2375 848 2429 regum
876 2361 1126 2423 maxime,
1153 2359 1360 2429 justam
1390 2357 1496 2412 illis
1523 2375 1734 2430 poenam
1758 2359 2043 2431 inﬂixeris,

473 2449 749 2520 conspicua
774 2451 853 2504 rei
887 2449 1061 2504 malus
1094 2452 1263 2503 exitus
1290 2451 1410 2504 erit.

2168 1992 2601 2060 δωδεκάφυλον
2658 1989 2848 2060 ἡμῶν.
2893 1989 3126 2057 Ὀλίτου
3163 1987 3294 2040 δεῖν
3345 1987 3605 2052 πάντας
3641 1987 3780 2040 ἐπε-

2168 2084 2487 2138 σπάσαντο
2517 2081 2660 2150 τούς
2688 2082 2899 2148 λαούς.
2947 2080 3368 2135 Ἀποστασίαν
3387 2080 3519 2133 ἀπὸ
3549 2079 3782 2132 Καίσα-

2160 2193 2271 2244 ρος
2329 2175 2823 2229 ἐκδιδάσκουσιν.
2875 2173 3031 2242 Πρὸς
3078 2171 3196 2239 τὴν
3253 2171 3385 2236 σὴν
3434 2169 3782 2234 ,ϐασιλείαν

2167 2265 2603 2334 ἐξυϐρίζουσιν,
2667 2263 2778 2319 τὸν
2831 2264 3112 2333 πατρῷον
3181 2261 3483 2317 ἀθετοῦσι
3558 2260 3775 2329 νόμον.

2161 2360 2270 2414 Kal
2289 2361 2579 2428 οὑμόνον,
2603 2357 2766 2414 ἀλλὰ
2789 2357 2885 2412 καὶ
2899 2359 2988 2421 είς
3011 2354 3200 2410 αὑτὸν
3216 2354 3324 2407 τὸν
3342 2352 3476 2407 τῶν
3496 2351 3773 2421 πατέρων

2165 2452 2457 2507 ἀσεϐοῦσι
2491 2453 2661 2516 Θεὸν,
2705 2453 2814 2506 τὸν
2853 2445 3312 2517 ἐσταυρωμένον
3342 2445 3604 2500 ἐκεῖνον
3641 2449 3771 2499 θεο-

474 2539 787 2605 ποιοῦντες
829 2538 1095 2606 Ἰησοῦν.
1122 2539 1304 2608 Εῑπερ
1327 2535 1442 2594 οὖν
1468 2539 1555 2610 μὴ
1589 2539 1806 2595 θᾶττον
1833 2539 2038 2607 αὐτοῖς
2079 2542 2192 2610 τὴν
2228 2543 2410 2607 ἀξίαν
2446 2543 2646 2611 δίκην,
2707 2538 2754 2597 ὦ
2811 2541 3056 2611 μέγιστε
3079 2536 3379 2604 βασιλεῦ,
3432 2535 3767 2602 ἐπιϐαλεῖς,

473 2633 564 2699 είς
593 2633 927 2700 περίοπτον
951 2631 1018 2686 τὸ
1047 2631 1247 2702 χρῆμα
1279 2633 1456 2689 τοῦτο
1482 2634 1810 2700 καταλήξει
1831 2637 2043 2692 κακόν.

546 2722 688 2790 Quid
709 2725 874 2794 igitur
889 2739 1022 2778 vero
1048 2726 1214 2780 simili
1232 2727 1551 2797 conjectura
1573 2726 1776 2781 dixisse
1795 2724 2066 2782 Herodem

479 2816 831 2887 putabimus?
863 2814 1002 2880 Quid
1034 2833 1156 2870 vero
1174 2833 1348 2887 opera:
1375 2819 1616 2888 pretium'
1634 2819 1890 2887 faciamus
1909 2820 1935 2872 Ρ
1963 2819 2068 2884 Qui

477 2916 657 2962 autem
673 2906 924 2960 adversus
942 2915 1149 2961 tantam
1175 2909 1447 2962 hominum
1464 2909 1674 2962 turbam
1696 2911 1812 2962 neci
1830 2910 2067 2963 dandam

477 2997 829 3068 procedentes,
856 3015 960 3052 non
987 2999 1246 3070 majorem
1272 3015 1466 3053 noxam
1484 2999 1788 3070 malumque
1804 3001 2066 3072 difficilius

476 3090 858 3144 reddiderimus
873 3091 898 3143 ?
920 3092 987 3144 At
1021 3107 1126 3145 non
1156 3092 1406 3146 adversus
1427 3109 1606 3146 omnes
1629 3093 1857 3162 penitus,
1881 3093 2061 3158 aiunt,

478 3184 770 3254 potentiam
788 3191 1018 3236 vestram
1033 3185 1348 3238 exsuscitari
1365 3185 1662 3238 hortamur.
1684 3182 1829 3238 Nam
1845 3193 2070 3255 prester-

477 3292 640 3346 quam
665 3275 804 3346 quod
836 3293 919 3330 res
947 3276 1279 3345 difficillima,
1318 3292 1491 3346 neque
1520 3276 1655 3346 forte
1683 3275 1883 3332 Ctesari
1915 3285 2073 3346 grata

2245 2732 2314 2786 Τί
2341 2727 2435 2785 οὖν
2483 2729 2856 2801 διανοηθῶμεν
2903 2728 3173 2800 Ἡρώδην,
3229 2727 3305 2791 ὡς
3355 2726 3540 2795 είκδς,
3575 2727 3761 2798 φάναις

2179 2825 2240 2878 Τί
2269 2823 2336 2876 δὲ
2347 2820 2634 2891 ποιητέον
2662 2821 2846 2892 ἡμῖν;
2870 2821 2996 2888 πῶς
3019 2820 3087 2875 δὲ
3102 2820 3257 2876 κατὰ
3280 2821 3601 2874 τοσούτου
3627 2819 3768 2889 πρὸς

2172 2915 2416 2985 σφαγὰς
2451 2914 2642 2982 ὄχλου
2664 2913 3022 2984 χωροῦντες,
3073 2915 3144 2968 οὐ
3166 2911 3345 2982 μείζω
3373 2913 3498 2982 τὴν
3527 2912 3765 2978 βλάϐην

2173 3007 2274 3060 καὶ
2345 3005 2794 3076 ἀργαλεώτερον
2847 3004 3342 3075 ἀπεργασαίμεθα
3405 3005 3475 3059 τὸ
3547 3006 3763 3069 κακόν,

2188 3099 2354 3155 Ἀλλ’
2384 3101 2458 3153 οὐ
2489 3097 2642 3152 κατὰ
2678 3097 2924 3151 πάντων
2943 3096 3159 3166 ἄρδην,
3191 3095 3356 3167 φασὶ,
3389 3096 3458 3150 τὸ
3487 3095 3765 3166 ὑμέτερον

2177 3189 2396 3259 κρότος
2423 3189 2827 3256 διαναστῆναι
2854 3186 3269 3257 παραινοῦμεν
3299 3201 3312 3217 ·
3343 3186 3466 3241 καί
3501 3187 3613 3257 γὰρ
3635 3185 3764 3255 πρὸς

2178 3283 2260 3349 τῷ
2287 3279 2577 3352 δυο-χερεῖ
2602 3279 2713 3335 τοῦ
2745 3279 3114 3349 πράγματος,
3159 3278 3288 3334 οὐδ’
3318 3279 3503 3345 αὐτῷ
3539 3277 3620 3334 ἂν
3647 3275 3754 3345 ἀρέ-

479 3367 591 3437 fore
623 3367 896 3430 videatur;
941 3367 1102 3420 tantis
1126 3367 1323 3420 scilicet
1349 3369 1574 3422 aedibus
1605 3369 1870 3422 civi-tatem
1907 3367 2071 3439 pollui

2177 3390 2282 3430 σαι
2355 3374 2438 3440 τῷ
2501 3377 2757 3440 Καίσαρι
2791 3373 3108 3436 τοσούτοις
3150 3370 3372 3438 αἵμασι
3422 3371 3546 3439 τὴν
3595 3369 3744 3422 πόλιν

481 3475 547 3512 ac
567 3458 859 3528 deformari
875 3474 894 3512 :
922 3458 1014 3512 sed
1036 3459 1266 3529 insignes
1287 3460 1402 3529 ejus
1427 3459 1710 3530 discipulos
1733 3459 1876 3530 (sunt
1897 3468 2080 3515 autem

481 3549 566 3606 illi
591 3550 864 3605 duodecim
885 3567 1126 3617 numero,
1145 3568 1276 3622 quos
1303 3561 1352 3605 et
1373 3551 1517 3622 plebs
1539 3555 1709 3606 omnis
1736 3555 1932 3607 erroris
1957 3570 2078 3608 ma-

483 3642 676 3713 gistros
716 3641 890 3712 habet)
935 3644 1057 3705 hos,
1106 3644 1153 3696 si
1191 3644 1311 3697 duci
1343 3644 1593 3712 iusseris,
1634 3660 1728 3698 rex
1761 3645 2074 3712 clarissime,

485 3743 598 3789 tum
622 3735 788 3788 Deum
809 3736 1096 3804 propitiant
1117 3736 1348 3798 habebis,
1370 3746 1480 3789 tum
1503 3739 1645 3790 omni
1665 3739 1809 3808 genti
1829 3747 2078 3808 pacatam

485 3829 649 3882 vitam
683 3825 930 3897 largieris
950 3844 969 3892 ;
994 3828 1212 3898 ejusque
1238 3844 1330 3880 nos
1363 3829 1596 3897 beneﬁcii
1632 3845 1909 3895 memores,
1943 3847 2075 3900 gra-

487 3920 593 3974 tias
643 3935 808 3990 quam
859 3921 1125 3974 maximas
1170 3919 1453 3985 habentes,
1500 3921 1731 3975 debitam
1779 3922 1944 3976 uicem
1989 3937 2079 3975 re-

484 4011 792 4083 pendemus.

556 4203 680 4260 Mox
700 4203 867 4274 igitur
888 4202 1134 4258 Herodes
1167 4202 1410 4273 pessimo
1434 4202 1528 4258 illo
1567 4202 1864 4259 instinctus
1891 4202 2080 4260 consi-

488 4295 588 4361 lio,
617 4295 944 4366 injustitiam
971 4294 1336 4364 parturiebat.
1367 4296 1542 4350 Porro
1567 4297 1790 4365 concipit
1815 4295 2075 4362 dolorem,

491 4395 544 4443 et
579 4389 720 4458 parit
753 4387 1089 4457 iniquitatem
1111 4386 1176 4441 ¹³.
1211 4386 1528 4441 Mandatum
1555 4386 1834 4457 accipiunt
1852 4388 2078 4452 milites,

492 4479 798 4550 positisque
823 4477 1097 4532 cuniculis
1116 4477 1331 4533 insidiae
1353 4486 1666 4532 struuntur.
1686 4477 1916 4547 Jamque
1941 4478 2082 4533 adeo

494 4571 897 4640 discipulorum
932 4569 1116 4635 turba,
1152 4570 1271 4641 ejus
1301 4569 1606 4624 vexationis
1635 4585 1798 4624 causa
1827 4584 1948 4638 quae
1977 4569 2084 4624 sub

499 4662 779 4732 Stephano
815 4662 958 4716 facta
988 4670 1128 4727 erat,
1160 4661 1555 4732 Hierosolymis
1592 4661 1828 4726 relictis,
1872 4675 2082 4730 perque

497 4755 632 4810 alias
671 4764 827 4810 extra
872 4753 1041 4810 urbes
1077 4762 1246 4824 atque
1291 4754 1494 4823 oppida
1537 4753 1631 4808 alii
1671 4754 1778 4808 alio
1821 4752 2080 4823 dispersi,

495 4849 748 4904 veritatis
771 4847 1079 4902 doctrinam
1115 4847 1360 4902 secundo
1383 4858 1584 4902 conatu
1621 4847 1993 4918 praedicabant
2018 4844 2082 4899 ¹⁶.

496 4940 726 5010 Magnus
746 4949 933 4994 autem
954 4939 1214 5005 Jacobus,
1239 4955 1365 4995 cum
1387 4955 1490 5011 per
1511 4940 1823 4995 universam
1843 4941 2085 4995 Judaaam

499 5042 557 5090 et
587 5033 887 5096 Galilaam,
933 5033 1017 5087 uti
1040 5047 1172 5088 vere
1215 5033 1442 5088 touitrui
1478 5031 1654 5100 ﬁlius],
1694 5031 1792 5086 Dei
1836 5031 2088 5100 Evange-

499 5122 638 5178 lium
680 5123 884 5178 clarius
917 5122 1280 5189 intonuisset,
1317 5123 1868 5194 Hierosolymitanam
1895 5124 2088 5178 Eccle-

501 5217 642 5273 siam
671 5215 956 5270 invisurus
997 5217 1199 5272 iterum
1237 5231 1492 5272 reversus
1525 5227 1628 5271 est.
1677 5217 1924 5286 Repente
1951 5219 2084 5285 ergo

501 5307 731 5362 militari
771 5322 939 5361 manu
971 5307 1308 5377 corripitur,
1348 5316 1514 5377 atque
1547 5307 1780 5363 Herodis
1817 5307 2082 5362 tribunali

505 5403 740 5458 sistitur.
791 5400 1041 5472 Cumque
1075 5401 1320 5456 atrocius
1351 5401 1570 5472 injuriis
1602 5400 1830 5471 petitus,
1859 5401 2086 5470 probris

506 5496 840 5566 complutus,
893 5494 1222 5551 verberibus
1271 5495 1652 5560 exanimatus,
1707 5493 1875 5548 etiam
1915 5501 2082 5563 atque

506 5586 674 5642 etiam
696 5588 990 5658 iuberetur
1019 5587 1249 5643 omnino
1287 5601 1490 5658 negare
1527 5585 1841 5651 Christum;
1881 5585 1966 5639 sin
2002 5582 2084 5638 illi

507 5693 640 5749 esse
667 5688 844 5738 morte
869 5681 1132 5738 luendum
1164 5697 1180 5736 :
1218 5679 1574 5752 Impossibile,
1614 5678 1963 5744 exclamavit,
2004 5677 2085 5732 ui-

587 5857 628 5887 “
655 5856 794 5912 Gen.
816 5872 968 5924 mn,
989 5857 1082 5914 ‘20.
1156 5860 1200 5894 ³³
1230 5856 1373 5916 Psal.
1410 5874 1509 5926 vn,
1545 5857 1630 5914 15.
1713 5855 1896 5912 "Act.
1917 5871 2036 5922 vm,
2065 5854 2124 5911 l.‘

2175 3468 2439 3538 μιαίνειν
2467 3465 2564 3519 και
2597 3464 2884 3534 ἀχρειοῦν
2911 3480 2923 3494 ·
2958 3463 3106 3528 τοὺς
3158 3462 3513 3532 ἐπισήμους
3543 3461 3614 3515 δὲ
3644 3457 3738 3513 τῶν

2180 3558 2369 3612 αὐτοῦ
2399 3557 2704 3626 μαθητῶν.
2744 3555 2979 3609 Δώδεκα
3029 3553 3100 3608 δὲ
3134 3555 3242 3608 τὸν
3281 3554 3546 3624 ἀριθμὸν
3583 3548 3747 3613 οὗτοι,

2181 3646 2274 3716 οἷς
2329 3652 2476 3704 καίό
2512 3648 2633 3715 πᾶς
2688 3649 2873 3718 ὄχλος
2923 3647 3222 3715 ἑπόμενος
3283 3646 3748 3702 ἀποπλανᾶται·

2181 3745 2457 3808 τούτους,
2496 3737 2544 3797 ὦ
2587 3741 2970 3810 λαμπρότατε
2993 3738 3287 3805 βασιλεῦ,
3330 3741 3386 3792 εί
3416 3737 3750 3808 ἀπαγάγοις,

2181 3833 2340 3901 ἔξεις
2358 3834 2476 3904 μὲν
2505 3834 2614 3889 τὸν
2669 3834 2818 3888 Θεὸν
2853 3831 3077 3902 εὐμενῆ
3103 3848 3119 3864 ο
3165 3831 3288 3896 ὅλῳ
3348 3831 3422 3885 δὲ
3474 3832 3558 3896 τῷ
3606 3829 3751 3882 ἔθνει

2181 3926 2492 3994 είρηναίαν
2538 3923 2692 3993 ζωὴν
2719 3923 2918 3994 χαριῇ·
2968 3923 3068 3977 καί
3118 3938 3218 3976 σοι
3268 3921 3382 3990 τῆς
3415 3918 3753 3991 εὐεργεσίας

2179 4019 2402 4084 ταύτης
2426 4018 2723 4087 μεγίστην
2754 4016 2976 4082 ειδότες
3011 4013 3219 4085 χάριν,
3269 4014 3611 4085 ἀξιόχρεων
3645 4011 3753 4064 είσο

2178 4110 2432 4177 οίσομεν
2464 4108 2739 4178 ἀμοιϐήν.

2253 4201 2410 4274 Ἅμα
2456 4201 2638 4256 τοίνυν
2697 4202 2762 4271 τῇ
2811 4199 3029 4271 πονηρᾷ
3085 4197 3272 4269 βουλῇ,
3349 4197 3450 4251 καλ⁵
3523 4191 3756 4265 Ἡρώδης

2180 4295 2337 4350 nam
2385 4295 2484 4366 τὴν
2515 4294 2749 4349 ἀδικίαν.
2810 4289 3230 4361 Συλλαμϐἀνει
3269 4289 3342 4343 δὲ
3381 4292 3597 4351 πόνον,
3628 4286 3756 4340 ἀνο-

2177 4389 2326 4458 μίαν
2356 4387 2426 4440 es
2454 4389 2643 4441 τίκτει
2669 4402 2684 4416 ⁶
2717 4388 2812 4440 καὶ
2837 4387 2888 4439 οί
2925 4383 3259 4455 στρατιῶται
3292 4379 3751 4454 παρηγγέλλοντο,

2182 4481 2279 4536 καὶ
2307 4483 2336 4534 ὁ
2359 4480 2514 4551 λόχος
2545 4479 2895 4551 ἡτοιμάζετο,
2923 4477 3018 4531 καὶ
3068 4475 3131 4529 τὸ
3163 4475 3379 4546 Ενεδρον
3419 4467 3752 4528 κατεσκευά-

2184 4574 2328 4639 ζετο.
2365 4573 2439 4626 Τὸ
2459 4572 2665 4642 πλῆθος
2692 4573 2791 4639 μὲν
2829 4565 2923 4624 οὖν
2965 4569 3076 4622 τῶν
3109 4568 3393 4639 μαθητῶν,
3423 4567 3513 4621 διὰ
3538 4564 3635 4635 τὴν
3664 4559 3754 4612 ἐπὶ

2185 4666 2262 4737 τῷ
2290 4665 2546 4736 Στεφάνῳ
2575 4663 2777 4733 θλίψιν,
2819 4662 2920 4733 τὴν
2951 4661 3312 4734 Ἰερουσαλὴμ
3340 4656 3750 4713 καταλιπόντεςν

2187 4758 2283 4811 καὶ
2312 4758 2448 4827 πρὸς
2478 4756 2578 4818 τὰς
2627 4753 2735 4820 ἔξω
2765 4755 2950 4817 πόλεις
2972 4755 3069 4807 καὶ
3105 4752 3301 4822 κώμας
3331 4751 3485 4806 ἄλλοι
3527 4751 3750 4803 διασπα-

2185 4851 2374 4923 ρέντες
2398 4846 2656 4918 ἀλλαχοῦ,
2688 4847 2778 4900 τὸν
2830 4845 2989 4914 λόγον
3025 4848 3128 4918 τῆς
3167 4844 3427 4915 ἀληθείας
3483 4844 3749 4908 ἐπεκηρυ-

2185 4942 2414 4997 κεύοντο
2443 4956 2459 4974 ο
2496 4938 2752 5000 Ἰάκωϐος
2777 4937 2834 4991 δὲ
2855 4939 2884 4990 ὁ
2911 4936 3107 5006 μέγας,
3145 4938 3333 5006 ἐπειδὴ
3366 4936 3492 4990 καθ’
3511 4933 3637 5000 ὅλην
3659 4925 3750 4995 τὴν

2199 5033 2462 5088 Ἰουδαίαν
2487 5047 2546 5083 τε
2580 5039 2676 5083 και
2708 5028 3020 5094 Γαλιλαίαν,
3052 5027 3127 5091 ὡς
3150 5028 3381 5099 βροντῆς
3411 5025 3526 5087 υίὸς
3547 5014 3750 5090 ἀληθῶς

2187 5125 2286 5189 ὣν,
2317 5123 2488 5178 τὸτοῦ
2516 5121 2652 5176 Θεοῦ
2676 5120 3010 5189 Εὐαγγὲλιον
3038 5118 3419 5190 ὲμϐροντήσας
3452 5108 3743 5182 γεγωνότε-

2185 5232 2298 5286 ρον,
2367 5215 2467 5285 τὴν
2526 5216 2584 5268 ὲν
2645 5211 3054 5284 Ἰεροσυλύμοις
3110 5209 3269 5272 αὖθις
3323 5203 3744 5272 ἐπισκεψόμενος

2186 5307 2486 5377 ἐκκλησίαν
2524 5307 2799 5376 ἐπανῆγεν
2835 5321 2849 5337 ν
2894 5303 3306 5373 συναρπάζεται
3364 5299 3464 5370 μὲν
3495 5291 3744 5362 ἐξαπίνης

2181 5399 2326 5473 χειρὶ
2340 5394 2807 5469 στρατιωτικῇ,τῷ
2833 5394 3076 5467 Ἡρώδου
3095 5393 3150 5447 δὲ
3173 5393 3380 5465 βήματι
3401 5387 3737 5473 προσάγεταιῖ

2180 5466 2239 5558 δς
2256 5466 2351 5546 καὶ
2367 5466 2558 5563 ὖθρεσι
2579 5466 2925 5562 βαλλόμενος,
2941 5488 3037 5542 καὶ
3048 5486 3275 5540 ὀνείδεσι
3295 5482 3637 5551 πλυνόμενοςι
3654 5466 3742 5524 καὶ

2188 5583 2445 5658 μάστιξιν
2469 5581 2815 5653 ὲταζόμενος,
2856 5581 2954 5634 καί¹
2981 5576 3496 5650 παραγγελλόμενος
3533 5577 3735 5658 παραγ⁶

2186 5654 2346 5750 γελίᾳ
2372 5675 2720 5732 παντάπασιν
2761 5671 3089 5744 ἐξόμνυσθαι
3119 5670 3213 5724 τὸν
3237 5665 3496 5742 Χριστὸν,
3537 5659 3568 5728 ἢ
3591 5654 3738 5710 θεῖνα-
