4094 6436
406 383 485 448 (ἆῖ
532 468 539 473 .
1197 386 1478 448 ORATIO
1513 387 1580 447 V.
1612 412 1682 423 --
1711 385 1793 447 ΙΝ
1833 385 2148 446 LAUDEM
2189 387 2246 446 S.
2285 385 2543 448 JACOBI
2581 389 2948 451 ZEBED/EI.
3612 392 3693 455 '98

414 515 513 552 τον
561 494 907 564 ἐπηρτῆσθαι
972 497 1072 566 τὴν
1114 497 1341 566 ζημίαν,
1381 496 1745 565 Ἀμήχανσν,
1775 495 1952 560 ὲξεϐὁτ

2056 521 2076 574 ι
2104 513 2223 550 rum
2250 498 2341 568 qui
2369 495 2551 552 sobria
2582 499 2898 569 impartitus
2925 508 3134 557 ratione
3158 501 3247 563 sit.
3278 503 3488 574 optione
3523 503 3690 573 facta,

413 603 526 651 σεν,
561 585 754 655 ἄνδρα
776 590 1095 655 σώφρονος
1134 588 1467 658 μετέχοντα
1493 587 1814 657 λογισμοῦ,
1853 589 1952 641 ea:

2097 593 2338 646 tenebras
2369 591 2475 646 luci
2501 593 2801 662 anteferre;
2832 604 3157 667 mortemque
3181 597 3290 651 vita
3316 599 3571 667 potiorem
3593 596 3692 649 du-

407 682 553 732 σθαι
573 677 693 747 μὲν
721 678 791 732 ἐν
821 679 1143 747 συγκρίσει
1171 681 1282 734 τὸν
1309 680 1538 734 σκότον
1570 679 1723 747 ὑπὲρ
1753 678 1820 733 τὸ
1849 679 1952 749 φῶς

2097 700 2214 736 cere
2239 699 2258 736 :
2291 682 2445 754 longe
2487 699 2610 737 vero
2652 684 2884 755 amplius
2927 686 3171 740 abhorret
3210 695 3268 740 ut
3312 688 3378 739 sit
3424 686 3687 756 possibile,

404 769 675 825 θάνατον
699 769 769 823 δὲ
793 771 1001 826 θέσθαι
1035 772 1461 841 προτιμότερον
1489 770 1598 838 τῆς
1619 769 1790 839 ζωῆς.
1832 771 1952 825 Ἀδι

2095 787 2236 834 eum,
2267 773 2356 842 qui
2386 772 2517 826 Iesu
2541 771 2736 828 Christi
2766 773 2991 828 Deitatis
3014 791 3077 828 ac
3107 775 3446 829 beatitudinis
3475 791 3690 830 sensum

398 861 747 928 νατώτερον
799 861 869 915 δὲ
923 862 1156 929 πολλῷ,
1209 863 1317 917 τὸν
1344 863 1414 916 ἐν
1449 862 1859 929 συναισθήσει
1891 861 1952 929 tr]

2100 867 2298 933 fecerit,
2321 865 2691 920 universorum
2718 867 2867 920 aliud
2887 867 3161 938 quidpiam
3185 867 3280 921 illo
3307 869 3562 933 sanctius,
3593 883 3688 925 seu

410 955 627 1020 Ἰησοῦ
659 954 768 1008 τοῦ
799 955 1059 1022 Χριστοῦ
1092 957 1398 1024 θειότητος
1435 955 1535 1009 καὶ
1561 955 1952 1025 μακαριότητι

2099 955 2377 1010 dilectione
2401 957 2610 1027 ﬁdeque
2633 959 2690 1012 in
2720 960 2916 1029 ipsum,
2951 959 3164 1029 dignius
3197 959 3472 1013 arbitrari.

388 1052 758 1120 γενόμενον,
800 1051 959 1105 ἄλλο
1009 1068 1066 1105 τι
1095 1050 1220 1106 τῶν
1266 1051 1512 1106 πάντων
1540 1050 1780 1106 ἐκείνου
1813 1050 2318 1119 σεϐασμιώτερον,
2351 1053 2390 1122 ἡ
2419 1052 2530 1123 τῆς
2580 1056 2672 1121 εἰς
2726 1054 2910 1108 αὐτόν
2981 1043 3222 1124 ἀγάπης
3288 1053 3388 1108 καὶ
3425 1053 3685 1121 πίστεως

394 1148 839 1215 ἁξιοθεὼτερον
864 1148 1236 1215 ἡγήσασθαι.

475 1245 712 1298 Οὔκουν
736 1243 804 1310 ὅς
820 1261 889 1313 τε
904 1245 1318 1298 πεπίστευκεν
1345 1243 1414 1298 ἐκ
1444 1243 1594 1299 Θεοῦ
1618 1261 1683 1298 τε
1710 1241 1952 1314 γενέσθι

2165 1243 2309 1297 Absit
2364 1246 2556 1314 igitur,
2591 1255 2649 1298 ut
2690 1247 2778 1315 qui
2822 1263 3003 1299 rerum
3041 1248 3177 1300 hanc
3220 1246 3619 1300 universitatem
3649 1265 3684 1301 a

401 1339 547 1392 τόδε
569 1339 633 1390 τὸ
654 1337 798 1399 πᾶν,
827 1337 930 1390 καὶ
959 1337 1097 1406 παρ’
1127 1337 1315 1392 αὐτοῦ
1345 1337 1630 1392 δεδόσθαι
1672 1336 1952 1405 προφῆτα

2091 1335 2200 1389 Deo
2239 1337 2506 1389 conditam
2536 1337 2721 1399 credit,
2757 1346 2915 1407 atque
2944 1340 3008 1391 ab
3032 1354 3091 1390 eo
3124 1339 3276 1391 datos
3307 1339 3588 1407 prophetas
3619 1355 3684 1391 ac

395 1429 501 1483 καὶ
557 1431 748 1497 νόμον
785 1430 857 1482 ἐν
900 1428 1174 1498 Ἰσραὴλ,
1228 1421 1336 1482 τὸν
1395 1431 1706 1498 ἀγαπητόν
1759 1429 1952 1482 δύναιτ

2092 1425 2257 1496 legem
2298 1428 2353 1479 in
2398 1426 2618 1490 lsraele,
2655 1426 2904 1480 dilectum
2926 1467 2940 1492 ,
2980 1428 3213 1497 ejusdem
3250 1445 3313 1482 ac
3347 1427 3440 1480 ille
3472 1436 3681 1482 natura:

404 1523 490 1576 ἂν
515 1521 830 1590 ἀρνεῖσθαι
861 1521 962 1574 καὶ
994 1520 1250 1595 συμφρῆ
1285 1523 1387 1575 καὶ
1425 1518 1872 1591 μονογενῆ,“δι’
1907 1538 1952 1575 οι

2089 1525 2140 1568 et
2172 1516 2530 1587 Unigenitum,
2567 1534 2661 1588 per
2685 1535 2839 1588 quem
2870 1521 3081 1572 condita
3119 1520 3327 1584 omnia,
3366 1535 3482 1589 qua:
3518 1519 3680 1574 Pater

405 1615 617 1668 πάντα
648 1614 916 1683 γέγονεν,
935 1613 973 1670 ἁ
990 1613 1100 1682 τῆς
1115 1614 1304 1682 δόξης
1319 1616 1610 1683 πεποίηκε
1631 1615 1854 1683 Πατὴρ,
1887 1633 1952 1668 κο

2089 1605 2273 1677 gloria:
2310 1607 2574 1672 condidit,
2612 1617 2661 1660 et
2690 1609 2744 1661 in
2781 1625 2884 1679 quo
2917 1617 3160 1662 constant
3202 1611 3403 1672 omnia,
3436 1626 3676 1681 unquam

391 1703 471 1755 ἐν
491 1697 544 1769 ᾧ
563 1703 908 1772 συνέστηκε
933 1705 1006 1758 τὰ
1021 1705 1238 1759 πάντα.
1265 1703 1449 1759 Τοῦτο
1474 1707 1667 1775 μόνον
1681 1706 1952 1773 λυπηρὸν

2056 1706 2060 1741 ι
2088 1711 2283 1766 negare
2310 1697 2492 1765 possit.
2522 1695 2696 1750 Unum
2722 1697 2888 1762 nobis,
2913 1714 3027 1762 rex,
3062 1699 3157 1751 hoc
3181 1698 3488 1766 molestum;
3510 1717 3677 1755 unum

394 1789 450 1848 ὦ
469 1794 765 1859 βασιλεῦ,
794 1795 968 1850 τοῦτο
1012 1795 1274 1864 θλίψεως
1302 1795 1447 1865 ἡμῖν
1465 1797 1676 1860 αἴτιον,
1707 1797 1796 1851 ὅτι
1825 1797 1949 1852 ἄπα

2094 1790 2243 1860 angit
2276 1799 2325 1843 et
2355 1790 2642 1854 excruciat,
2679 1792 2816 1860 quod
2845 1789 3006 1844 semel
3038 1791 3320 1856 duntaxat,
3352 1809 3457 1845 non
3483 1791 3674 1852 millies

373 1886 610 1953 μόνον,
635 1887 777 1940 ἀλλ’
803 1887 874 1940 οὐ
917 1887 1203 1955 μυριάκις
1255 1887 1412 1956 ὑπὲρ
1447 1886 1559 1954 τῆς
1595 1887 1805 1956 ἰησοῦ
1851 1890 1952 1943 θεό

2093 1897 2189 1952 pro
2210 1881 2340 1935 Iesu
2369 1881 2576 1936 Deitate
2601 1890 2759 1952 atque
2790 1881 2962 1953 gloria
2998 1884 3133 1936 mori
3154 1899 3450 1937 concessum
3477 1885 3566 1938 sit.

375 1993 580 2044 τητος
615 1977 713 2031 καὶ
736 1978 925 2046 δόξης
951 1978 1284 2034 ἀποθανεῖν
1311 1979 1599 2036 δυνατόν.

462 2070 695 2134 Τούτοις
738 2071 830 2123 τὸν
883 2069 1232 2143 μιαρώτατον
1270 2072 1716 2144 ὲμϐροντηθέντα
1753 2075 1848 2129 καὶ
1880 2093 1952 2146 μα

2153 2059 2318 2118 Hisce
2347 2061 2773 2118 scelestissimus
2793 2063 2883 2118 ille
2913 2064 3184 2119 attonitus
3213 2080 3279 2118 ac
3302 2063 3512 2130 furens,
3540 2080 3674 2120 con-

379 2161 585 2222 νέντα,
613 2159 860 2232 παρευθὺ
887 2160 1145 2215 κελεῦσαι
1173 2160 1364 2215 τοῦτον
1403 2163 1732 2232 ἀπαγαγεῖν,
1765 2164 1860 2218 καὶ
1882 2166 1949 2236 τὴ

2081 2149 2265 2206 festim
2290 2151 2416 2207 duci
2453 2153 2717 2208 Jacobum
2753 2154 2947 2224 jussit,
2986 2169 3050 2208 ac
3078 2153 3459 2208 beatissimum
3523 2155 3672 2210 illius

390 2253 707 2307 πανολϐἰαν
764 2254 940 2323 κάραν
991 2255 1244 2326 μαχαίρᾳ
1279 2257 1492 2324 τεμεῖν.
1540 2257 1614 2309 Οὐ
1666 2256 1950 2328 θαυμαστὸ

2081 2253 2247 2315 caput
2275 2245 2458 2315 gladio
2493 2245 2767 2300 abscindi.
2799 2245 2988 2315 Neque
3023 2245 3077 2300 id
3112 2247 3344 2310 mirum,
3387 2247 3533 2316 quod
3561 2247 3672 2301 ini-

389 2345 459 2399 δὲ
489 2346 544 2397 εἰ
567 2348 593 2398 ὁ
629 2345 727 2416 τῆς
773 2346 980 2410 ἀδικίας
1023 2347 1266 2418 πυθμὴν,
1318 2350 1346 2402 ὁ
1381 2348 1627 2413 όδοποιὺς
1663 2350 1758 2403 τοῦ
1805 2352 1949 2405 Ἀντι

2080 2335 2311 2404 quitatis
2349 2336 2565 2390 sentina
2609 2336 2863 2405 imusque
2901 2350 3132 2406 gurges,
3174 2336 3494 2391 Antichristi
3525 2351 3671 2406 prae-

384 2439 653 2507 χρίστου,
691 2440 718 2492 ὁ
757 2439 853 2509 τῆς
889 2439 1148 2503 ἀσεϐείας
1187 2439 1505 2513 πληρωτὴς,
1559 2443 1620 2495 οὐ
1661 2444 1952 2514 θαυμαστὰ

2081 2443 2296 2504 cursor,
2339 2428 2640 2498 impietatis
2675 2428 2906 2494 artifex;
2939 2443 3064 2482 cum
3095 2428 3152 2482 in
3178 2429 3456 2498 apostolos
3484 2429 3670 2484 misis-

374 2529 436 2579 εί
465 2529 573 2592 τὰς
616 2531 803 2600 χεῖρας
855 2530 951 2582 ἐπὶ
999 2531 1130 2593 τοὺς
1173 2531 1510 2596 ἀποστόλους
1544 2533 1846 2598 ἐπιϐαλὼν,
1884 2535 1952 2588 τι

2079 2528 2165 2574 set
2199 2535 2426 2582 manus,
2469 2520 2724 2575 dextrum
2770 2519 3033 2574 Ecclesia:
3073 2520 3363 2574 sustulerit
3405 2520 3665 2574 oculum:

367 2618 568 2683 δεξιὸν
599 2620 774 2674 ἀνεῖλε
799 2621 903 2692 τῆς
941 2621 1278 2694 Ἐκκλησίας
1307 2624 1587 2695 ὀφθαλμόν
1608 2642 1622 2656 ·
1651 2626 1768 2680 ἀλλ’
1798 2628 1952 2680 ὲκείνι

2078 2610 2174 2666 sed
2212 2611 2350 2666 illud
2387 2611 2615 2682 dignum
2645 2610 3043 2681 admiratione,
3085 2611 3192 2668 nisi
3222 2612 3279 2666 in
3315 2615 3577 2684 majorem
3612 2614 3668 2669 id

368 2711 869 2784 θαυμασιώτερον,
923 2713 1076 2786 είμὴ
1116 2715 1198 2779 είς
1249 2715 1538 2786 οἰκοδομὴν
1590 2716 1746 2770 τοῦτο
1778 2718 1951 2788 μείζω

2076 2702 2497 2758 aediﬁcationem
2523 2703 2753 2775 ejusque
2774 2703 2949 2772 ipsius
2971 2701 3329 2759 illustriorem
3352 2703 3666 2768 victoriam,

364 2805 480 2860 καὶ
513 2805 680 2876 νίκην
710 2805 882 2876 αὐτῆς
931 2806 1409 2877 περιφανεστέραν
1447 2807 1766 2879 ᾠκονόμητο
1787 2823 1800 2836 '
1870 2808 1952 2861 ml

2077 2797 2452 2867 dispensatum
2477 2805 2642 2852 esset.
2674 2795 2816 2862 Quin
2847 2811 2918 2850 ne
2951 2796 3057 2851 hoc
3084 2796 3309 2866 quidem
3342 2797 3421 2852 sic
3440 2798 3667 2854 mirum.

372 2897 509 2950 οὐδὲ
567 2897 732 2950 τοῦτο
782 2899 1026 2966 τοσούτῳ
1079 2895 1419 2967 θαυμαστὸν,
1489 2899 1614 2952 ὅσον
1654 2901 1703 2951 εί
1753 2897 1828 2968 μὴ
1860 2901 1952 2950 coit

2075 2902 2241 2955 quam
2277 2887 2323 2941 si
2345 2887 2477 2941 hinc
2505 2902 2727 2956 quoque
2745 2885 2952 2940 Christi
2975 2887 3432 2958 persecutoribus
3457 2885 3665 2942 conﬂa-

377 2988 628 3060 Χριστοῦ
669 2989 934 3053 διώκταις
965 2987 1220 3043 ἐντεῦθεν
1249 2991 1284 3062 ὴ
1325 2990 1676 3064 πανωλεθρία
1702 2992 1974 3064 ὲπισέσει-
2075 2985 2193 3030 tum
2213 2993 2326 3031 ηοη
2350 2985 2497 3033 esset
2524 2976 2776 3032 θιίιίυωο

383 3096 538 3133 σται.

381 3175 383 3177 ’
473 3171 724 3235 Ἰάκωϐος
789 3173 890 3243 μὲν
935 3167 1029 3228 οὖν
1062 3174 1570 3245 ὁμακαριώτατος,
1637 3173 1712 3236 ὡς
1778 3173 1952 3244 ἀρνίοη

2153 3171 2512 3227 BeatiSsimus
2536 3171 2720 3242 itaque
2747 3172 2988 3229 Iacobus
3010 3179 3272 3245 tanquam
3305 3189 3482 3245 agnus
3501 3173 3664 3229 inno—

372 3262 608 3329 ἄκακον,
639 3265 715 3328 ὼς
745 3265 1023 3336 πρόϐατον
1054 3266 1307 3338 ἄμωμον,
1333 3267 1509 3319 ὀπίσω
1537 3266 1630 3319 τοῦ
1667 3267 1842 3336 ἀμνοῦ
1872 3265 1952 3320 τοῐ

2073 3279 2204 3321 cens
2224 3305 2238 3329 ,
2275 3272 2534 3334 tanquam
2562 3267 2682 3320 ovis
2721 3267 3126 3333 immaculatus,
3158 3276 3283 3338 post
3320 3268 3530 3339 Agnum
3559 3269 3663 3325 Dei

363 3357 515 3410 Θεοῦ
549 3358 932 3427 σφαγιασθεὶς,
977 3361 1070 3414 καὶ
1099 3361 1186 3414 διά
1213 3359 1307 3413 τοῦ
1341 3360 1643 3433 ἀρχιερέως
1664 3360 1758 3412 τοῦ
1794 3360 1952 3430 μεγά·

2073 3355 2412 3421 immolatus,
2431 3363 2489 3410 et
2509 3372 2608 3427 per
2626 3356 2942 3426 pontiﬁcem
2967 3372 3222 3427 magnum
3245 3357 3426 3414 hostia
3440 3358 3658 3426 vivens,

364 3449 472 3503 λου
519 3450 682 3504 θυσία
738 3451 916 3515 ζῶσα,
966 3451 1162 3523 λογική
1208 3470 1268 3506 τε
1305 3454 1401 3506 καὶ
1448 3452 1650 3524 θελητὴ
1699 3451 1778 3524 τῷ
1803 3453 1945 3516 ζῶντ

2071 3448 2468 3518 rationalisque
2498 3457 2556 3503 et
2605 3447 2949 3512 voluntaria,
2986 3449 3096 3503 Deo
3150 3447 3359 3504 viventi
3410 3450 3655 3517 oblatus,

365 3541 502 3615 Θεῷ
552 3544 1018 3615 προσενεχθεῖσα,
1083 3545 1422 3616 ἐπρέσϐευσε
1475 3545 1577 3616 μὲν
1635 3545 1774 3615 ὑπὲρ
1857 3545 1952 3600 τῶι

2068 3539 2334 3613 precibus
2362 3540 2431 3594 ad
2457 3540 2629 3595 Deum
2665 3555 2765 3610 pro
2802 3539 3066 3609 apostolis
3097 3539 3444 3608 intercessit;
3479 3541 3660 3597 inter-

363 3637 726 3702 ἀποστόλων,
772 3636 1110 3708 ἐπρέσϐευσε
1150 3637 1210 3691 δὲ
1269 3638 1410 3709 ὑπὲρ
1449 3639 1548 3708 τῆς
1612 3637 1952 3709 Ἐκκλησίας

2069 3633 2236 3689 cessit
2257 3641 2314 3688 et
2340 3647 2443 3704 pro
2468 3632 2737 3689 Ecclesia.
2767 3632 2874 3688 Pro
2898 3632 3007 3687 illis
3036 3633 3286 3702 quidem,
3316 3643 3378 3688 ut
3425 3633 3508 3689 eis
3530 3650 3661 3704 pro-

359 3732 493 3792 τοὶς
539 3729 663 3798 μὲν,
710 3727 772 3781 τὸ
801 3730 964 3800 ἔργον
1021 3729 1333 3783 εὐοδοῦσθαι
1352 3730 1453 3800 τῆς
1481 3731 1786 3800 ἀποστολῆς
1809 3745 1826 3761 ο
1865 3731 1952 3803 τὴν

2069 3741 2234 3796 spere
2257 3726 2482 3788 cederet
2505 3725 2804 3796 apostolica
2835 3724 3047 3781 functio
3063 3742 3077 3792 ;
3095 3741 3198 3796 pro
3224 3726 3327 3781 hac
3351 3741 3508 3794 vero,
3532 3735 3593 3780 ut
3623 3744 3657 3784 a

358 3821 450 3886 es,
497 3821 602 3890 τῆς
654 3808 953 3891 Ἰουδαϊκῆς
995 3821 1439 3876 ἀπαλλάττεσθαι
1479 3823 1795 3893 μιαιφονίας
1820 3838 1834 3853 ·
1871 3821 1952 3875 ml

2065 3817 2295 3873 Judaica
2335 3818 2670 3873 liberaretur
2705 3817 2915 3872 saevitia
2948 3835 2961 3870 :
3000 3832 3065 3872 ac
3103 3827 3491 3888 rumperentur
3533 3819 3658 3888 qui-

361 3914 687 3984 ῥήγνυσθαι
731 3913 834 3984 μὲν
889 3913 1017 3976 τοὺς
1069 3913 1148 3984 τῷ
1199 3912 1524 3985 Εὐαγγελίῳ
1577 3914 1952 3986 μαχομένους·

2066 3909 2190 3966 dem
2235 3908 2522 3980 Evangelii
2575 3909 2796 3976 hostes;
2842 3909 3003 3965 malis
3050 3919 3234 3964 autem
3281 3911 3652 3980 solverentur,

357 4004 708 4077 λυτροῦσθαι
735 4005 793 4057 δὲ
832 4007 957 4068 τοὺς
998 4004 1353 4068 εὐδοκοῦντας
1379 4005 1551 4076 αὐτῷ.

2067 4000 2163 4071 qui
2191 3999 2447 4054 lubentes
2469 3998 2604 4053 illud
2629 3999 2922 4055 haberent.

440 4097 673 4168 Ταύτης
720 4097 1076 4168 ἀποτέλεσμα
1126 4097 1226 4169 τῆς
1266 4099 1498 4164 ἱκεσίας,
1543 4099 1579 4170 ἡ
1609 4097 1733 4169 παρ’
1768 4098 1952 4152 ἐλπίδα

2129 4091 2305 4163 Hujus
2336 4089 2569 4146 eﬂectus
2594 4089 3039 4161 supplicationis,
3070 4089 3221 4148 Petri
3267 4092 3362 4148 illa
3389 4093 3650 4166 inexspe-

346 4190 465 4260 ,τοῦ
498 4191 712 4260 Πέτρου
745 4190 988 4261 σωτηρία
1007 4207 1021 4220 ·
1045 4190 1156 4242 τῶν
1175 4207 1236 4242 τε
1260 4191 1476 4260 δεσμῶν
1496 4193 1590 4245 καὶ
1618 4191 1719 4260 τῆς
1736 4191 1960 4262 εἱρκτῆς

347 4270 469 4334 ’καὶ
503 4280 602 4349 τῆς
624 4281 954 4350 ἀπαγωγῆς,
998 4281 1064 4352 ἣν
1093 4280 1258 4334 αὑτὸν
1296 4280 1521 4350 ἔμελλεν
1559 4280 1806 4351 Ἡρώδης
1849 4282 1954 4333 ἀπ-

364 4371 608 4436 αγαγεῖν
663 4370 829 4432 εὐθὺς
867 4372 1004 4442 μετά
1031 4371 1092 4423 τὸ
1148 4371 1362 4440 Πάσχα,
1404 4370 1471 4422 δι’
1512 4369 1746 4438 ἀγγέλου
1774 4369 1958 4441 χειρὸς

372 4462 693 4535 ἀπαλλαγή.
733 4464 811 4518 Οὐ
846 4465 1007 4535 μόνον
1042 4465 1118 4530 δὲ,
1152 4466 1291 4519 ἀλλά
1323 4468 1417 4521 καὶ
1450 4467 1483 4536 ἡ
1513 4465 1679 4518 αὑτοῦ
1715 4464 1956 4536 Ἡρώδου

371 4554 637 4624 Θεήλατος
665 4557 872 4626 πληγὴ,
897 4557 963 4610 δι’
1005 4560 1071 4627 ἣν
1099 4558 1298 4611 αὐτίκα
1329 4559 1423 4612 τοῦ
1461 4558 1663 4628 μιαροῦ
1700 4557 1952 4628 σώματος

361 4645 674 4716 σκώληκας
701 4648 1054 4719 ἐξέρψαντος,
1083 4650 1271 4718 βιαίως
1321 4651 1602 4722 ἀπέρρηξε
1627 4651 1725 4722 τὴν
1750 4651 1950 4723 ψυχήν.

368 4737 671 4801 Ἐντεῦθεν
708 4740 768 4793 δὲ
807 4742 903 4794 καὶ
951 4743 985 4812 ὴ
1020 4742 1180 4813 χάρις
1214 4744 1282 4796 τὰ
1343 4742 1472 4813 ἔθνη
1529 4745 1810 4814 μετιοῦσα,
1844 4749 1955 4808 τοῖς

366 4833 668 4896 Ἰουδαίοις
710 4833 802 4886 τὸν
832 4830 978 4886 οἷκον
1013 4836 1091 4897 είς
1113 4837 1394 4905 ἐρήμωσιν
1422 4837 1594 4903 ἠφίει.

449 4923 616 4985 ⁹Δλλ’,
651 4918 696 4976 ὦ
755 4925 930 4996 κήρυξ
987 4924 1292 4995 θερμότατε
1376 4924 1479 4992 τῆς
1530 4925 1792 4995 ἀληθείας
1856 4926 1950 4979 τοῦ

357 5018 740 5086 Εὑαγγελίουί
774 5017 802 5067 ὁ
850 5017 988 5087 μετά
1031 5017 1240 5088 Πέτρου
1269 5017 1364 5070 καὶ
1401 5017 1645 5071 Ἰωάννου
1687 5019 1786 5088 τὴν
1809 5019 1952 5070 ἀνω-

364 5111 516 5164 τάτω
558 5110 716 5174 τάξιν
745 5112 839 5162 καὶ
885 5111 986 5178 τὴν
1035 5109 1282 5179 κορυφὴν
1315 5109 1414 5180 τῆς
1450 5095 1815 5179 ἀποστόλικῆς
1848 5127 1948 5161 κα-

357 5204 569 5274 θέδρας
601 5204 891 5272 διειληχὼς
914 5219 927 5234 ο
965 5205 1145 5273 χαῖρε,
1195 5201 1269 5266 ὡς
1323 5203 1384 5256 τὸ
1422 5203 1680 5272 ποτήριον
1713 5199 1950 5270 Χριστοῦ

357 5299 480 5358 τοῖς
528 5297 917 5367 συμμαθηταίς
966 5295 1236 5365 προπιὼν,
1292 5296 1387 5348 καὶ
1414 5295 1477 5350 τὸ
1521 5295 1789 5365 σωτήριον
1849 5292 1949 5363 βά-

360 5401 611 5455 πτισμα,
636 5387 780 5441 κατὰ
808 5387 907 5459 τὴν
929 5387 1225 5458 ὑπόσχεσιν
1279 5385 1626 5456 βαπτισθείς·
1663 5385 1758 5440 καὶ
1779 5383 1950 5456 διπλῷ

361 5478 648 5547 στεφάνῳ,
680 5477 783 5548 τῆς
830 5478 1138 5550 ἀποστολῆς
1166 5477 1383 5550 καὶτῆς
1413 5477 1741 5550 μαρτυρίας,
1779 5493 1949 5532 κατα-

359 5584 468 5622 nec
475 5568 694 5636 μηθείς.

435 5663 638 5732 Χαῖρε,
678 5662 762 5716 ὅτι
809 5663 1003 5735 νήπιος
1029 5660 1106 5720 ὣν
1142 5661 1224 5724 ἔτι
1273 5661 1374 5735 τὴν
1405 5659 1784 5735 πνευματικὴν
1821 5660 1946 5734 ἡλι-

432 5841 480 5874 ⁸⁵
501 5839 678 5897 Marc.
706 5855 759 5906 ι,
780 5840 870 5896 59.

2061 4195 2206 4243 ctata
2244 4187 2393 4241 salus
2411 4189 2443 4256 ςξ
2465 4187 2696 4257 ejusque
2739 4201 2770 4242 a
2803 4186 3043 4243 vinculis
3073 4197 3130 4243 et
3183 4202 3404 4243 carcere
3441 4199 3499 4245 et
3546 4190 3652 4245 du-

2060 4277 2241 4332 ctione
2265 4291 2365 4347 per
2391 4277 2646 4346 angelum
2673 4276 2946 4341 liberatio,
2965 4293 3073 4348 qua
3100 4278 3282 4332 statim
3307 4279 3648 4348 postPascha

2058 4385 2186 4425 cum
2212 4368 2456 4424 Herodes
2481 4377 2602 4424 erat
2625 4369 2916 4425 ducturus.
2947 4370 3139 4440 Neque
3169 4369 3224 4424 id
3253 4370 3437 4435 modo,
3471 4371 3568 4426 sed
3591 4380 3651 4427 et

2061 4459 2293 4516 Herodis
2322 4459 2498 4530 ipsius
2531 4459 2720 4514 divino
2759 4460 2986 4516 numine
3023 4462 3201 4533 plaga,
3237 4476 3344 4531 qua
3384 4478 3509 4516 mox
3541 4462 3648 4517 im-

2058 4567 2201 4621 puro
2252 4567 2486 4621 corpore
2541 4551 2937 4607 ebullientibus
2993 4551 3312 4617 vermibus,
3373 4553 3649 4608 violenter

2056 4643 2292 4697 animam
2323 4643 2566 4712 abrupit.
2605 4641 2750 4709 Quin
2777 4651 2834 4696 et
2863 4641 2991 4696 inde
3023 4641 3198 4712 gratia
3227 4651 3421 4713 gentes
3450 4659 3646 4712 prose-

2052 4747 2201 4801 cuta,
2229 4735 2434 4791 Iudaeis
2463 4736 2688 4790 domum
2718 4736 2775 4790 in
2804 4734 3202 4790 desolationem
3237 4735 3482 4805 reliquit.

2126 4915 2264 4984 Sed,
2303 4931 2336 4971 ο
2377 4915 2629 4972 veritatis
2663 4915 2946 4986 Evangelii
2995 4914 3322 4986 praedicator
3355 4913 3646 4972 ferventis-

2051 5007 2221 5063 simel
2257 5009 2350 5078 qui
2381 5025 2506 5063 cum
2535 5009 2702 5063 Petro
2729 5015 2784 5063 et
2807 5007 3019 5063 Joanne
3053 5022 3368 5076 supremam
3405 5007 3642 5062 classem

2051 5110 2217 5172 atque
2260 5103 2522 5156 verticem
2565 5101 2882 5171 apostolicae
2918 5099 3204 5171 dignitatis
3251 5109 3442 5154 tenes:
3479 5096 3641 5154 Salve

2056 5195 2153 5259 sis,
2185 5203 2246 5248 ut
2272 5194 2366 5264 qui
2396 5192 2601 5249 Christi
2632 5193 2860 5248 calicem
2886 5205 3016 5249 ante
3049 5192 3454 5262 condiscipulos
3481 5190 3636 5244 bibe-

2057 5291 2137 5346 ris
2185 5307 2249 5347 ac
2301 5292 2456 5362 juxta
2513 5285 2662 5357 quod
2713 5285 2791 5340 illi
2851 5286 3131 5356 pollicitus
3186 5300 3348 5347 eras,
3404 5281 3636 5336 salutari

2057 5385 2334 5455 baptismo
2379 5381 2690 5452 baptizatus
2734 5377 2838 5442 sis,
2880 5375 3195 5445 duplicique
3237 5372 3493 5443 praeclare
3535 5385 3636 5424 co-

2055 5492 2191 5530 rona
2222 5475 2652 5538 condecoratus,
2685 5467 2973 5540 apostolici
3011 5464 3258 5520 muneris
3289 5478 3356 5518 ac
3387 5461 3632 5532 suscepti

2054 5564 2300 5636 martyrii
2336 5565 2399 5618 ‘5.

2118 5657 2310 5726 Salve,
2341 5655 2491 5727 quod
2520 5670 2645 5713 cum
2687 5653 2951 5728 parvulus
2986 5647 3168 5706 adhuc
3203 5661 3355 5706 esses
3392 5643 3629 5716 spiritali
