4094 6420
542 375 614 437 99
1750 362 2048 424 NICETIE
2084 362 2613 424 PAPHLAGONIS

3710 369 3799 437 100

540 496 756 542 statura
788 492 847 540 et
884 489 1067 549 atate,
1115 479 1323 537 terreni
1369 478 1524 550 regni
1561 477 1859 549 primatum
1906 474 2134 547 petieris

2235 478 2383 543 κίαν,
2461 477 2738 548 βασιλείας
2814 479 3061 548 ἐπιγείου
3131 479 3475 553 προτίμησιν
3555 481 3792 554 ᾔτησας·

539 582 666 652 (nec
692 576 842 632 enim
876 574 972 629 ﬁat
1014 589 1258 644 unquam
1300 581 1360 626 ut
1403 571 1725 642 magniﬁcus
1761 569 2006 631 animus,
2048 567 2130 622 rei

543 672 779 741 alicujus
828 668 1013 723 tenuis
1064 681 1129 720 ac
1169 665 1382 719 vilioris
1421 663 1700 718 desiderio
1737 659 2026 727 aiiiciatur)
2072 659 2132 712 in

537 765 716 817 virum
757 769 942 815 autem
989 758 1232 820 adultus,
1281 755 1416 826 Regi
1448 753 1637 825 gloriae
1673 751 1981 823 proximam
2015 749 2133 820 pri-

537 868 794 922 mamque
822 851 1013 906 sedem
1045 849 1283 917 adeptus
1311 847 1407 901 sis.

609 945 804 1006 Salve,
845 944 1002 998 beate
1035 940 1200 995 Verbi
1241 939 1447 1006 Deique
1487 935 1604 1006 ipse
1628 934 1803 990 oculis
1829 933 2130 1004 inspector,

539 1037 686 1108 quod
715 1034 1087 1105 piscationem
1115 1031 1438 1100 piscatione,
1463 1025 1802 1080 desiderium
1831 1023 2130 1088 desiderio,

541 1127 924 1184 hazreditatem
941 1122 1268 1177 haereditate
1294 1129 1658 1180 commutans,
1697 1116 1787 1179 iis,
1812 1130 1933 1183 quae
1961 1114 2133 1167 insta-

546 1224 680 1279 bilia
726 1229 878 1281 sunt,
921 1233 986 1272 ea
1018 1232 1139 1286 qua:
1167 1223 1418 1278 manent;
1470 1211 1558 1274 iis,
1604 1226 1726 1279 quae
1769 1209 1824 1261 in
1874 1207 2038 1261 terris
2077 1213 2134 1259 et

543 1315 690 1369 fluxa
724 1322 876 1376 sunt,
915 1310 1161 1366 cmlestia
1191 1323 1295 1361 nec
1322 1321 1561 1375 unquam
1588 1303 1834 1372 peritura
1867 1315 2134 1356 consecu-

543 1416 636 1462 tus
666 1407 764 1461 sis.

613 1500 827 1564 Gaude,
864 1496 1011 1568 quod
1045 1496 1189 1550 sicut
1224 1492 1376 1546 nullo
1411 1490 1616 1553 medio,
1649 1504 1775 1543 cum
1809 1487 1864 1542 in
1899 1500 2132 1555 corpore

539 1595 862 1658 versareris,
895 1593 992 1646 Dei
1028 1589 1270 1644 hominis
1295 1585 1702 1642 consuetudine
1726 1585 1780 1637 in
1811 1593 1954 1638 terra
1977 1581 2134 1651 prius

543 1688 809 1751 utebaris,
867 1687 948 1741 sic
997 1699 1146 1739 nunc
1198 1681 1381 1736 eidem
1429 1678 1747 1733 immediate
1795 1677 1993 1746 spiritu
2033 1675 2133 1729 de--

537 1778 915 1836 vinctissimus
950 1775 1089 1830 facie
1122 1773 1190 1828 ad
1222 1771 1420 1827 faciem
1450 1770 1508 1824 in
1542 1770 1698 1824 coalis
1732 1767 2024 1823 insueseis.

615 1955 806 2013 Gaude
835 1964 893 2010 et
925 1955 1114 2010 laetare.
1150 1953 1203 2006 in
1230 1951 1465 2006 Domino
1487 1950 1600 2004 Deo
1628 1957 1721 2001 tuo
1747 1962 1811 2000 ac
1843 1947 1989 2015 Rege
2015 1954 2128 2008 tuo,

541 2063 756 2117 nosque
784 2046 1063 2117 propitius
1089 2043 1157 2097 de
1182 2042 1324 2097 coelo
1354 2042 1609 2094 intuere:
1650 2053 1714 2091 ac
1747 2052 1881 2090 vero
1932 2050 2130 2104 purum

541 2141 703 2195 nobis
727 2154 791 2192 ac
816 2136 1253 2198 immaculatum,
1285 2131 1660 2202 apostolorum
1688 2142 1770 2184 ter
1795 2129 2130 2191 beatissime,

541 2242 600 2287 et
617 2248 647 2284 a
665 2229 849 2284 saeculi
880 2227 1102 2280 malitia:
1125 2224 1342 2279 insidiis
1359 2223 1594 2276 liberum
1619 2236 1842 2274 servans
1865 2220 2130 2282 animum,

549 2321 786 2376 Domino
807 2317 1033 2371 Christo
1062 2313 1556 2368 incontaminatum
1589 2312 1797 2363 utinam
1830 2324 2135 2379 repraesen-

547 2422 652 2477 tes,
685 2414 740 2466 in
770 2411 1001 2481 gloriam
1031 2406 1208 2462 Patris
1241 2415 1298 2459 et
1328 2404 1450 2459 Filii
1476 2412 1533 2458 et
1567 2402 1808 2473 Spiritus
1841 2401 2043 2467 sancti,
2077 2400 2134 2476 in

543 2505 742 2560 saecula
773 2502 1123 2556 saeculorum.
1161 2498 1355 2553 Amen.

1172 2699 1432 2755 ORATIO
1465 2698 1556 2753 Vl.

540 2799 811 2856 Laudatio
841 2796 1012 2850 sancti
1049 2811 1110 2847 ac
1136 2792 1534 2846 celebratissimi
1561 2789 1790 2860 apostoli
1815 2797 1864 2840 et
1896 2787 2142 2857 Evange-

1007 2864 1144 2918 listw
1166 2863 1391 2916 Joannis
1415 2861 1676 2930 Theologi.

2231 570 2353 624 οὑδέ
2405 571 2514 642 γὰρ
2553 570 2804 640 ἀνέχεται
2836 588 2966 622 ποτε
2993 570 3139 641 ψυχὴ
3187 573 3560 644 μεγαλοφυής,
3616 593 3796 648 μικρο-

2231 661 2445 732 πρεπές
2493 679 2546 714 τι
2577 661 2762 715 ποθεῖν
2786 677 2802 692 ·
2842 663 2923 724 είς
2951 661 3120 732 ἄνδρα
3152 663 3210 716 δέ
3258 664 3662 734 τελειούμενος,
3704 669 3794 738 τῆς

2233 754 2461 821 ἔγγιστα
2511 753 2664 822 παρὰ
2699 751 2780 823 τῷ
2828 753 3049 806 Βασιλεῖ
3082 753 3185 824 τῆς
3238 754 3396 826 δόξης
3454 759 3794 825 πρωτοκαθε-

2233 845 2390 916 δρίας
2419 844 2679 914 ἠξιώθης.

2304 939 2496 1009 Χαῖρε,
2555 939 2744 1010 μάκαρ
2783 939 3029 994 αὐτόπτα
3071 939 3165 994 τοῦ
3215 941 3393 1009 Λόγου
3417 941 3516 994 καὶ
3579 942 3790 1010 θεόπτα,

2231 1030 2315 1084 ὃτι
2349 1033 2448 1101 τῆς
2497 1031 2684 1094 ἁλείας
2734 1031 2942 1099 ἀλείαν,
2979 1032 3082 1101 τῆς
3126 1032 3428 1101 ἐπιθυμίας
3485 1034 3792 1103 ἐπιθυμίαν,

2232 1121 2329 1172 καὶ
2387 1121 2489 1190 τῆς
2545 1120 2912 1192 κληρονομίας
2972 1122 3335 1192 κληρονομίαν
3408 1124 3796 1194 ἀμειψάμενος,

2229 1215 2344 1276 τοῖς
2365 1212 2641 1276 ἀϐεϐαίοις
2670 1214 2739 1267 τὰ
2771 1217 3025 1284 μένοντα,
3052 1217 3148 1268 καὶ
3172 1219 3286 1279 τοῖς
3310 1217 3467 1270 κάτω
3499 1220 3594 1269 καὶ
3624 1219 3788 1288 ῥέουσι

2230 1304 2300 1357 τὰ
2326 1306 2555 1376 οὐράνια
2583 1309 2924 1376 κατεκτησω,
2947 1307 3133 1378 καὶμὴ
3173 1308 3615 1377 μεταπίπτοντα.

2302 1487 2497 1557 Χαῖρε,
2539 1487 2728 1558 ὥσπερ
2785 1488 2927 1557 μετὰ
2958 1488 3211 1560 σώματος
3269 1489 3496 1560 ἀμέσως
3522 1491 3603 1562 τῷ
3641 1491 3791 1546 Θεαν-

2233 1577 2438 1648 θρώπῳ
2480 1578 2848 1650 προσωμίλεις
2905 1581 3034 1648 πρὶν
3086 1580 3179 1633 ἐπὶ
3212 1577 3338 1648 γῆς,
3388 1579 3539 1632 οὕτω
3604 1579 3695 1634 νῦν
3726 1581 3791 1650 τῷ

2234 1670 2385 1740 αὑτῷ
2443 1669 2728 1741 προσεχῶς
2795 1670 2853 1722 ἐν
2926 1669 3004 1740 τῷ
3066 1670 3344 1740 πνεύματι
3393 1671 3788 1742 συμφυόμενος,

2235 1763 2532 1834 πρόσωπον
2565 1763 2701 1834 πρὸς
2733 1764 3027 1836 πρόσωπον
3049 1765 3406 1834 ἐντυγχάνεις
3434 1765 3496 1817 ἐν
3513 1769 3628 1829 τοῖς
3646 1766 3792 1836 οὐρα-

2161 1836 2204 1891 B
2232 1858 2364 1918 voi;.
2437 1863 2444 1868 '

2304 1946 2476 2016 Χαῖρε
2524 1947 2623 2000 καὶ
2674 1947 3069 2018 κατευφραίνου
3107 1949 3166 2000 ἐν
3217 1949 3414 2019 Κυρίῳ
3452 1947 3532 2017 τῷ
3564 1947 3679 2018 Θεῷ
3710 1965 3790 2002 σου

2231 2041 2327 2094 καὶ
2352 2040 2562 2110 βασιλεί
2587 2058 2682 2093 σου
2703 2057 2716 2070 ο
2742 2041 2838 2094 καὶ
2866 2042 3014 2111 ἡμᾶς
3033 2041 3360 2104 ἐποπτεύοις
3384 2041 3592 2094 ἄνωθεν
3624 2041 3789 2105 ἵλεως·

2231 2133 2461 2186 ἄσπιλον
2499 2133 2556 2186 δὲ
2589 2134 2684 2184 καὶ
2743 2135 2972 2204 ἄμωμον
3027 2135 3179 2204 ἡμῖν,
3207 2127 3252 2186 ὦ
3294 2132 3789 2204 τρισμακαριώτατε

2231 2223 2342 2276 τῶν
2404 2225 2748 2291 ἀποστόλων,
2803 2226 2896 2279 καὶ
2939 2226 3036 2296 τῆς
3081 2225 3177 2278 τοῦ
3225 2226 3317 2278 νῦν
3369 2226 3569 2287 αἰῶνος
3617 2227 3790 2287 κακίας

2234 2316 2588 2370 ἀνεπίϐουλον
2678 2315 3179 2388 [ἀνεπιϐούλευτον]
3239 2317 3658 2388 διατετηρηκὼς
3702 2317 3784 2385 τὴν

2232 2409 2434 2479 ψυχὴν,
2479 2409 2744 2478 ἀμίαντον
2772 2412 3156 2480 παραστήσαις
3191 2408 3269 2479 τῷ
3293 2410 3539 2479 δεσπότῃ
3572 2407 3784 2478 Χριστῷ,

2235 2503 2316 2565 είς
2345 2501 2502 2565 δόξαν
2533 2501 2746 2572 Πατρδς
2771 2504 2864 2554 καὶ
2886 2502 3014 2554 Υίοῦ
3039 2504 3133 2555 καὶ
3171 2502 3327 2570 ἁγίου
3368 2503 3702 2573 Πνεῦματος,
3723 2502 3785 2563 εἰς

2235 2593 2362 2656 τοὺς
2395 2595 2598 2655 αἰῶνας
2624 2594 2732 2647 τῶν
2751 2593 2984 2648 αἰώνων.
3022 2596 3078 2646 ’Δ
3090 2596 3218 2664 μήν.

2837 2710 3060 2762 ΛΟΓΟΣ
3100 2710 3192 2776 ς’.

2233 2803 2339 2870 Εἰς
2368 2804 2467 2855 τὸν
2524 2801 2697 2867 ἅγιον
2754 2801 2851 2853 καὶ
2900 2804 3296 2871 πανεύφημον
3341 2802 3688 2858 ἀπόστολον
3707 2799 3786 2855 καί

2379 2874 2825 2942 εὐαγγελιστήν
2890 2873 3180 2940 Ἰωάννην
3218 2874 3316 2926 τὸν
3357 2876 3669 2944 Θεολόγον.

610 2982 713 3049 Qui
777 2993 1034 3049 magnum
1101 2973 1331 3028 tonitrui
1411 2973 1609 3027 Filium
1671 2971 1898 3026 laudare
1945 2970 2134 3041 jubet,

2319 2988 2382 3040 '0
2407 2987 2498 3040 τὸν
2545 2987 2718 3056 μέγαν
2743 2985 2842 3056 τῆς
2880 2986 3110 3057 βροντῆς
3155 2987 3313 3053 γόνον
3381 2987 3787 3058 προτρεπόμενος

552 3073 732 3143 ipsum
775 3071 910 3124 mihi
947 3083 1204 3139 magnum
1242 3066 1340 3120 Dei
1380 3065 1645 3135 Spiritum
1683 3063 1940 3117 laudibus
1981 3078 2138 3117 coro-

2239 3081 2507 3144 ἐπαινεῖν,
2539 3078 2670 3130 αὑτό
2699 3095 2790 3147 μοι
2826 3078 2974 3130 δοκεῖ
3012 3078 3074 3130 τὸ
3101 3078 3249 3148 μέγα
3277 3078 3378 3132 τοῦ
3430 3079 3565 3132 Θεοῦ
3596 3077 3782 3148 Πνεῦμα

553 3181 684 3218 nare
720 3164 914 3234 jubere
942 3162 1195 3224 videtur;
1234 3174 1346 3229 quo
1388 3159 1478 3211 ille
1519 3159 1862 3225 compositus
1899 3172 1964 3210 ac
2003 3173 2138 3211 con-

2243 3172 2532 3240 παραινεῖν
2578 3172 2823 3222 ἐπαινεῖν
2853 3186 2866 3199 ·
2900 3165 2944 3237 ᾧ
2999 3170 3402 3240 ρυθμιζόμενος
3459 3173 3661 3233 ἐκεῖνος
3708 3171 3776 3222 καὶ

553 3259 716 3312 cinne
747 3257 1001 3320 collisus,
1035 3253 1228 3308 orbem
1257 3261 1534 3306 terrarum
1581 3250 1650 3304 ad
1677 3267 1836 3304 suum
1872 3250 2138 3304 convertil

2249 3262 2588 3333 ἐναρμονίως
2620 3262 3007 3331 κροτούμενος,
3066 3263 3202 3334 πρὸς
3251 3264 3348 3316 τὸν
3380 3266 3583 3318 οίκεῖον
3609 3263 3696 3334 τὴν
3719 3263 3768 3312 οἱ-

553 3363 750 3402 sonum
775 3348 839 3398 ¹⁶.
856 3346 915 3398 ld
931 3359 1058 3398 vero
1081 3353 1294 3398 tantum
1319 3344 1588 3396 sermonis
1625 3342 1799 3396 nostri
1831 3341 2138 3395 facultatem

2247 3356 2520 3425 κουμένην
2575 3355 2878 3425 ἐπέστρεψε
2935 3356 3190 3423 φθόγγον.
3243 3357 3318 3409 Τὸ
3353 3358 3410 3411 δὲ
3457 3357 3684 3425 τοσούτῳ
3702 3350 3760 3405 τοῦ

556 3448 783 3509 superat
803 3479 816 3502 ,
854 3445 1120 3507 quantum
1139 3449 1196 3490 et
1215 3436 1468 3489 humanae
1495 3436 1601 3487 vim
1637 3431 2138 3502 comprehensionis

2245 3447 2522 3516 ἡμετέρου
2559 3445 2718 3512 λόγου
2751 3445 2850 3516 τὴν
2907 3445 3138 3515 δύναμιν
3182 3447 3540 3516 ὑπερϐάλλει,
3585 3451 3684 3517 ὅσῳ
3706 3440 3769 3496 καὶ

547 3531 785 3586 excedit.
821 3529 958 3584 Cum
991 3529 1137 3581 enim
1167 3527 1409 3582 sonitum
1445 3526 1610 3588 hunc,
1628 3523 1724 3594 qui
1759 3538 1920 3578 sensu
1939 3520 2138 3591 percipi

2247 3537 2349 3605 τὴν
2380 3536 2730 3606 ἀνθρωπίνην
2775 3537 3066 3607 ὑπεραίρει
3110 3540 3440 3610 κατάληψιν.
3485 3541 3550 3595 Et
3587 3541 3684 3608 γὰρ
3709 3534 3775 3586 τὸν

548 3633 663 3689 tur,
687 3624 830 3677 haud
858 3621 1016 3675 facile
1037 3621 1222 3674 animo
1239 3621 1632 3688 intelligamus;
1657 3631 1891 3685 quanam
1917 3617 2044 3684 quis
2062 3629 2138 3667 ra-

2249 3628 2500 3699 αἰσθήσει
2543 3630 2749 3697 ληπτὸν
2791 3629 2976 3682 τοῦτον
3015 3626 3169 3700 ἦχον,
3214 3632 3274 3683 οὑ
3313 3634 3606 3704 πρόχειρον
3647 3642 3776 3682 κατα-

553 3718 700 3772 tione
726 3715 1027 3785 spiritalem
1045 3720 1391 3781 assequatur,
1408 3725 1470 3764 ac
1497 3710 1588 3779 qui
1606 3710 1752 3762 omni
1773 3710 2019 3778 corporis
2032 3722 2138 3761 sen-

2247 3725 2409 3782 νοεῖν,
2448 3721 2566 3785 πῶς
2586 3723 2652 3775 ἄν
2676 3739 2758 3785 τις
2780 3723 3019 3789 ἐφίκοιτο
3056 3723 3149 3774 τοῦ
3188 3725 3483 3793 νοουμένου
3517 3725 3610 3778 καὶ
3633 3723 3779 3774 πᾶσαν

550 3809 635 3863 sui
678 3806 979 3877 praecellit?
1001 3805 1248 3873 Cumque
1276 3803 1328 3858 id
1349 3803 1672 3865 tonitruum,
1694 3799 1840 3866 quod
1864 3815 1962 3867 per
1983 3807 2149 3852 natu-

563 3916 675 3955 ram
707 3901 761 3953 in
796 3899 1037 3953 nubibus
1063 3898 1210 3951 venti
1247 3896 1544 3967 agitatione
1573 3893 1870 3956 conflatur,
1890 3899 2146 3946 accurate

563 3991 750 4046 verbis
799 3991 1092 4060 explanare
1162 4004 1273 4041 non
1333 3987 1652 4058 possimus:
1697 3999 1937 4054 quonam
1981 3983 2146 4037 modo

561 4083 745 4138 eximii
785 4083 953 4147 illius,
998 4083 1158 4153 cujus
1191 4082 1340 4136 solus
1380 4081 1496 4149 ipse
1541 4077 1804 4132 Dominus
1852 4076 2143 4140 couﬂator,

554 4191 620 4230 ac
651 4190 876 4244 parens,
905 4174 1097 4228 laudes
1121 4172 1560 4243 praesumamus?
1587 4170 1718 4236 Quis
1748 4171 1824 4225 ita
1854 4171 1911 4224 in
1941 4169 2144 4224 divinis

555 4268 828 4331 eruditus,
865 4267 1059 4335 sicque
1093 4268 1202 4319 alto
1239 4267 1422 4318 animo
1441 4264 1738 4333 praeditus?
1767 4265 1901 4329 Quis
1930 4264 2003 4317 ita
2031 4273 2143 4317 ter-

561 4359 712 4413 renis
739 4359 994 4427 superior
1023 4373 1143 4411 sese
1171 4358 1386 4422 extulit,
1419 4357 1644 4425 parique
1677 4356 1996 4410 caelestibus
2029 4355 2143 4408 cel-

558 4450 802 4504 situdine
843 4449 1049 4503 evasit?
1089 4448 1224 4513 Quis
1268 4447 1406 4501 adeo
1447 4447 1628 4517 seipso
1665 4447 1959 4511 excedens,
1999 4446 2143 4498 intra

2251 3809 2502 3880 σὼματος
2537 3811 2792 3880 αἴσθησιν
2831 3811 3252 3880 ὑπερϐαίνοντος
3278 3831 3292 3878 ;
3327 3815 3436 3866 Καὶ
3465 3817 3512 3867 εί
3540 3814 3632 3884 τὴν
3657 3814 3778 3876 ἐγγι-

2246 3902 2486 3970 νομένην
2536 3903 2649 3964 τοῖς
2695 3902 2905 3970 νέφεσι,
2941 3905 3005 3972 τῇ
3052 3903 3196 3956 κατὰ
3251 3906 3416 3972 φύσιν
3474 3906 3675 3974 κινήσει
3707 3896 3780 3951 τοῦ

2247 3994 2555 4062 πνεύματος
2591 3993 2838 4064 βροντὴν,
2875 3995 2972 4063 οὑχ
3016 3989 3117 4048 οἷοί
3155 3995 3216 4047 τέ
3257 3997 3427 4067 ἐσμεν
3465 3996 3671 4068 ἀκριϐεῖ
3689 3993 3780 4045 δια-

2247 4087 2490 4156 σαφῆσαι
2530 4087 2695 4155 λόγῳ,
2749 4087 2865 4149 πῶς
2914 4089 2980 4140 ἂν
3020 4088 3122 4158 τῆς
3168 4089 3508 4159 ὑπερφυοῦς,
3545 4090 3630 4141 καὶ
3663 4085 3780 4156 μόνῳ

2242 4179 2320 4248 τῷ
2366 4180 2552 4249 Κυρίῳ
2602 4180 3107 4250 προσκροτηθείσης
3161 4181 3194 4251 ἢ
3248 4182 3624 4252 γεννηθείσης,
3684 4173 3772 4228 τῶν

2246 4271 2534 4339 ὑμνήσεων
2574 4271 3098 4339 κατατολμήσαιμεν
3123 4287 3138 4336 ;
3169 4271 3262 4332 Τίς
3302 4272 3446 4324 οὕτω
3475 4273 3539 4324 τὰ
3569 4269 3679 4321 θεῖα
3704 4279 3783 4315 πο-

2244 4361 2360 4424 λὺς,
2392 4361 2535 4414 οὕτω
2555 4362 2653 4430 τὴν
2685 4361 2915 4431 καρδίαν
2946 4360 3146 4430 βαθύς;
3175 4362 3272 4424 Τίς
3305 4363 3450 4415 οὕτω
3474 4363 3579 4414 τῶν
3613 4355 3784 4424 γηΐνων

2245 4449 2709 4520 ὑπερανῲκισται,
2737 4449 2879 4502 οὕτω
2900 4453 3010 4512 τοῖς
3037 4452 3096 4502 οὑ
3109 4451 3312 4520 ρανίοις
3352 4449 3651 4517 συνύψωται
3671 4459 3684 4508 ;
3707 4437 3783 4498 Τίς

559 4541 729 4595 Deum
761 4541 1198 4610 comprehensus
1240 4548 1495 4608 totusque
1534 4549 1789 4606 receptus
1823 4547 1927 4600 est,
1961 4545 2023 4591 ut
2060 4539 2138 4591 vel

2252 4542 2346 4593 ἐπὶ
2372 4542 2626 4594 τοσοῦτον
2653 4542 2846 4594 ἑαυτοῦ
2872 4541 2975 4605 ἔξω
2999 4542 3308 4610 γενόμενος,
3339 4541 3486 4595 ἔνδον
3512 4537 3640 4591 Θεοῦ
3671 4545 3783 4587 κατ·

555 4650 616 4687 os
641 4634 876 4702 aperire,
905 4648 968 4686 ac
996 4633 1235 4701 linguam
1265 4646 1486 4684 movere
1531 4631 1586 4684 in
1618 4630 1713 4684 Dei
1747 4628 2138 4698 discipulorum

2247 4634 2523 4703 είληπται,
2563 4633 2704 4686 ὥστε
2739 4636 2912 4704 στόμα
2951 4636 3134 4704 διᾶραι
3163 4636 3390 4706 τολμᾷν,
3442 4635 3536 4686 καὶ
3564 4629 3785 4698 γλῶσσαν

569 4726 787 4778 laudem
811 4724 1047 4779 audeat?
1075 4724 1210 4789 Quis
1238 4722 1534 4787 sufﬁciens,
1569 4732 1630 4776 ut
1662 4723 1864 4777 nedum
1899 4723 2146 4776 omnium

564 4818 863 4886 sigillatim.
903 4815 999 4870 sed
1038 4815 1123 4868 vel
1163 4817 1327 4869 unius
1373 4815 1591 4869 illorum
1628 4816 1851 4869 virtutis
1893 4813 2146 4885 magnifi-

556 4910 794 4964 centiam
822 4925 922 4977 pro
951 4923 1032 4960 rei
1058 4907 1278 4972 merito,
1307 4908 1491 4961 animo
1519 4907 1843 4972 informare,
1875 4917 1934 4960 ut
1961 4905 2145 4961 verbis

556 5001 738 5068 eloqui
773 4999 993 5069 possit?

626 5092 882 5157 Quaenam
916 5107 1070 5146 mens
1097 5095 1180 5159 (ut
1206 5108 1418 5146 summa
1435 5091 1654 5158 dicam),
1685 5107 1874 5162 quasve
1913 5091 2054 5145 ratio
2079 5106 2144 5146 ac

556 5182 756 5239 oratio.
803 5181 1104 5253 magnificae
1147 5185 1374 5238 Joannis
1415 5183 1618 5238 indolis
1655 5184 1934 5253 (quinimo
1971 5182 2141 5237 animi

561 5275 673 5329 Deo
719 5275 983 5328 simillimi
1018 5275 1326 5343 mentisque
1364 5274 1750 5344 divinissimae)
1785 5274 1978 5328 laudes
2010 5275 2141 5328 atti-

557 5366 715 5433 gerit,
745 5365 849 5419 nisi
879 5366 927 5418 is
951 5365 1065 5435 ipse
1091 5380 1122 5419 e
1157 5365 1478 5419 caelestibus
1507 5366 1774 5434 tantisper
1831 5366 2010 5436 adytis
2042 5365 2141 5420 de-

558 5455 1159 5526 scendens,divinzeque
1181 5459 1375 5512 aemula
1397 5457 1641 5512 bonitate
1666 5458 1968 5514 humilibus
1987 5475 2146 5514 acce-

564 5548 735 5612 dens,
788 5559 963 5619 oSque
1018 5564 1120 5619 pro
1164 5549 1403 5621 theologi
1454 5565 1680 5604 munere
1738 5550 2140 5606 divinissimum

505 5653 510 5658 ·
561 5639 1022 5696 ιιιιτὶὺιιιιιοειιοὶε
1060 5642 1500 5707 accommodans,
1537 5656 1692 5698 suam
1729 5641 1919 5710 nobis,
1959 5644 2141 5714 quoad

635 5798 674 5825 "
693 5795 860 5850 Marc.
887 5813 966 5863 ιιι,
992 5797 1077 5851 l7.

2249 4725 2329 4785 είς
2361 4723 2581 4777 ἔπαινον
2612 4727 2782 4777 κινεῖν
2806 4724 2913 4776 τῶν
2944 4727 3035 4778 τοῦ
3059 4725 3194 4778 Θεοῦ
3229 4725 3487 4795 μαθητῶν
3513 4741 3528 4790 ;
3567 4722 3656 4781 Ti;
3684 4720 3784 4768 ἱκα-

2249 4816 2359 4881 νὸς,
2406 4816 2480 4885 μὴ
2520 4816 2602 4869 ὅτι
2636 4833 2700 4884 γε
2761 4817 2984 4869 πάντων
3007 4818 3096 4886 ὑφ’
3148 4817 3226 4882 ἓν,
3281 4818 3398 4879 ἐνὸς
3427 4815 3554 4883 γοῦν
3609 4806 3781 4864 αὐτῶν,

2253 4908 2351 4976 τὴν
2371 4906 2472 4977 τῆς
2501 4908 2705 4977 ἀρετῆς
2729 4907 3226 4979 μεγαλοπρέπειαν,
3256 4903 3569 4976 τυπωθῆναί
3596 4917 3648 4952 τε
3682 4889 3783 4946 κατ’

2249 5001 2408 5064 ἀξίαν
2434 4999 2511 5071 τῷ
2546 4998 2642 5077 νῷ,
2675 4999 2769 5052 καὶ⁵
2798 5001 3133 5070 ἑρμηνεῦσαι
3167 4999 3243 5069 τῷ
3272 5000 3416 5068 λόγῳ
3451 4993 3757 5077 δυνηθῆναι

2322 5093 2500 5154 Ποίος,
2528 5073 2612 5143 ἵνα
2637 5089 2872 5144 συνελὼν
2899 5091 3059 5155 εἴπω,
3096 5091 3240 5156 νοῦς,
3277 5094 3428 5153 ποῖος
3452 5089 3508 5142 δέ
3536 5085 3679 5146 λόγος
3699 5073 3783 5139 τῆς

2261 5183 2509 5237 Ἰωάννου
2573 5184 2982 5255 μεγαλοφυῒας,
3040 5184 3238 5254 μᾶλλον
3294 5184 3352 5236 δὲ
3409 5177 3781 5255 θεοειδεστατης

2244 5274 2424 5346 ψυχῆς
2450 5276 2546 5330 καὶ
2574 5251 2843 5338 *διανοίας
2873 5279 2984 5339 τοῖς
3009 5251 3310 5345 ἐγκωμίοις
3345 5266 3702 5343 προσεγγίσαι,
3738 5251 3779 5305 εί

2249 5368 2324 5440 μὴ
2378 5368 2541 5432 αὐτὸς
2569 5370 2780 5432 ἐκεῖνος
2809 5367 2918 5421 τῶν
2956 5369 3224 5439 οὐρανίων
3275 5368 3482 5421 ἀδύτων
3528 5362 3778 5414 ὑποκαταθ

2246 5439 2371 5526 ϐὰς,
2432 5461 2528 5514 καὶ
2587 5459 2911 5532 θεομιμήτῳ
2977 5462 3306 5532 χρηστότητι
3364 5460 3478 5518 τοῖς
3533 5439 3778 5532 ταπεινοῖς

2244 5552 2516 5622 ὴγγικὼς,
2560 5553 2656 5608 καὶ
2687 5528 3248 5623 τὸνθεολογικ-ώτατονν
3269 5550 3442 5622 στόμα
3470 5547 3576 5606 τοῖς
3601 5528 3773 5623 ἡμετέ-

2249 5619 2364 5715 ῥδῑξ
2383 5642 2497 5700 ὠσὶ
2515 5619 2966 5718 παρασκευάσας,
2986 5644 3078 5701 τὸν
3096 5646 3295 5700 οἰκεῖον
3329 5619 3562 5701 ἔπαινον,
3595 5629 3668 5690 εις
3690 5619 3772 5685 τὴν

3699 5893 3781 5905 ...ο-ο
