4094 6408
316 342 428 407 101

1095 336 1385 410 ORATIO
1413 337 1511 401 VI.
1543 362 1613 376 -
1639 337 1724 400 IN
1770 337 2086 401 LAUDEM
2123 339 2186 401 S-
2224 340 2547 404 IOANNIS
2581 342 2852 405 EVANG.

3488 341 3590 408 1M

313 457 423 510 τοῦ
456 450 663 522 [ἰατρὸς
691 449 874 517 δόξαν,
901 451 979 514 ὡς
1010 451 1234 521 ἐφικτὸν
1272 453 1427 524 ἡμῖν,
1471 453 1898 526 ἑμὸροντήσειεν

2015 455 2220 526 assequi
2249 456 2402 524 licet,
2434 457 2490 512 in
2516 457 2697 514 Patris
2719 457 2972 530 gloriam,
3002 455 3224 513 laudem
3249 458 3591 515 intonuerit?

316 550 460 618 ἡμῖν
493 562 510 612 ;
549 543 703 597 Ἐλθὲ
747 542 1060 613 τοιγαροῦν,
1107 539 1155 598 ὧ
1207 545 1463 599 θεσπέσιε
1537 546 1754 615 θεολόγε
1803 548 1900 600 καὶ

312 635 706 706 εὐαγγελιστά,
738 637 772 705 ἡ
809 635 1037 704 οὐρανία
1067 636 1164 689 τοῦ
1215 637 1390 706 Λόγου
1412 630 1682 707 σάλπιγξ,
1707 640 1740 708 ὴ
1773 637 1902 709 εὔη-

309 748 437 800 χος.
475 732 508 789 ἡ
542 727 886 798 ἐναρμόνιος,
926 729 961 798 ἡ
1010 729 1122 790 τοῖς
1157 728 1452 797 μελιειδέσι
1509 730 1608 800 τῆς
1633 730 1902 800 ’ἀληθείας

303 822 612 891 φθόγγοις,
677 821 858 873 πᾶσαν
905 819 1293 890 εἰκαιομυθίαν
1337 820 1627 890 ἑλληνικὴν
1676 838 1904 875 κατασι-

300 914 545 982 γάσασα
564 928 579 943 ⁸
614 911 795 967 πάντα
845 910 904 962 δὲ
935 911 1182 981 ρητόρων
1207 913 1300 964 καὶ
1331 910 1639 979 φιλοσόφων
1694 911 1904 981 ὄργανα

297 1004 706 1076 πολυαρμόνια
757 1001 837 1073 τῷ
877 1000 1234 1072 βροντοφώνῳ
1309 1003 1409 1071 τῆς
1465 1002 1748 1070 θεολογίας
1809 1020 1901 1056 σου

298 1093 776 1163 κατακοιμίσασα
796 1107 812 1124 ⁶
863 1094 1043 1146 πᾶσαν
1073 1091 1130 1144 δὲ
1162 1091 1352 1162 ψυχὴν,
1381 1093 1537 1157 ἀξίαν
1567 1093 1662 1147 τοῦ
1726 1094 1903 1162 Λόγου

305 1188 464 1258 πρὸς
497 1187 699 1256 ὲαυτὴν
720 1184 1064 1255 ἐφελκομένη
1088 1200 1103 1216 ’
1127 1185 1222 1237 καὶ
1245 1185 1348 1238 οὐκ
1372 1183 1679 1256 ἀνθρώπων
1705 1186 1903 1257 μόνων,

318 1279 470 1333 ἀλλά
499 1279 591 1331 καὶ
611 1277 817 1344 αὐτῶν,
861 1275 1046 1346 τολμῶ
1078 1276 1268 1345 φάναι,
1303 1276 1414 1330 τῶν
1434 1278 1702 1348 οὐρανίων
1734 1279 1906 1332 Δυνά-

325 1389 510 1439 μεων,
533 1371 633 1439 τὴν
688 1367 1146 1440 ὑπερφυεστάτην
1180 1368 1542 1440 ἐπισπωμένη
1591 1368 1732 1440 πρὸς
1777 1371 1908 1422 έαυ-

308 1461 420 1532 τὴν
472 1463 670 1531 ἀκοήν.

401 1552 470 1606 Ὃ
501 1551 596 1604 τοῦ
623 1551 842 1620 Πατρδς
873 1551 984 1606 τῶν
1043 1551 1238 1623 φώτων
1283 1549 1582 1617 ἀξιώτατος
1622 1551 1909 1621 ὑποφήτης

315 1641 422 1691 καὶ
451 1637 814 1708 γραμματεύς
836 1656 852 1672 ο
883 1641 942 1694 τὸ
973 1643 1148 1712 στόμα
1174 1640 1268 1696 τοῦ
1327 1640 1590 1712 Χριστοῦ,
1617 1642 1650 1711 ἡ
1687 1639 1911 1706 γλῶσσα

315 1731 421 1785 τοῦ
446 1731 786 1801 Πνεύματος,
815 1731 936 1786 ἐλθέ
983 1751 1076 1802 μοι
1106 1733 1183 1804 τῷ
1214 1732 1510 1803 πνεύματι,
1564 1729 1792 1801 Πνεῦμα
1815 1730 1911 1783 καὶ

1999 546 2139 602 Veni
2167 547 2358 619 igitur,
2378 548 2564 603 divine
2588 548 2864 620 Theologe
2884 557 2940 605 et
2953 549 3320 622 Evangelista,
3347 553 3590 609 caelestis

2000 643 2166 700 Verbi
2189 644 2342 708 tuba,
2363 659 2584 708 sonora,
2609 643 2880 698 concinna
2906 642 3130 696 mellitis
3147 642 3588 706 veritatissonis,

2001 750 2222 790 omnem
2262 735 2878 790 Graecorum'sermonis
2913 735 3210 789 vanitatem
3251 735 3470 789 silentio
3495 735 3594 788 da-

2002 841 2227 881 mnans:
2253 827 2543 896 omniaque
2567 835 2845 880 oratorum
2880 842 2944 880 ac
2973 826 3422 896 philosophorum
3446 829 3590 881 mul-

1980 918 2181 987 -tiplici
2231 919 2593 974 consonantia
2622 919 2902 972 modulata
2925 933 3127 988 organa
3160 919 3446 988 theologia
3485 928 3591 974 tua:

2005 1008 2117 1063 alto
2153 1009 2398 1063 tonitruo
2425 1009 2679 1078 scpiens,
2717 1019 2882 1077 atque
2905 1023 3124 1062 omnem
3155 1007 3336 1062 Verbo
3364 1008 3590 1077 dignum

2006 1103 2250 1157 animum
2283 1103 2352 1157 ad
2379 1119 2438 1158 se
2468 1103 2724 1168 trahens;
2755 1118 2860 1156 nec
2889 1102 3177 1156 hominum
3201 1101 3386 1165 modo,
3413 1101 3509 1156 sed
3535 1108 3593 1155 et

2007 1195 2250 1265 ipsarum
2283 1195 2482 1264 (ausim
2512 1195 2720 1258 dicere)
2747 1194 3060 1249 ccelestium
3093 1195 3434 1248 Potestatum
3459 1209 3590 1264 per-

2006 1288 2270 1344 eximium
2291 1289 2543 1343 auditum
2573 1288 2660 1345 sui
2687 1287 2965 1343 desiderio
2994 1287 3253 1342 illiciens.

2079 1551 2258 1606 Patris
2299 1550 2573 1606 luminum
2600 1549 2921 1621 dignissime
2947 1549 3224 1618 interpres
3269 1563 3334 1602 ac
3389 1549 3591 1614 scriba,

2009 1640 2213 1698 Christi
2243 1657 2326 1707 os,
2357 1642 2543 1712 lingua
2582 1641 2843 1711 Spiritus,
2878 1641 3000 1696 veni
3031 1639 3098 1694 ad
3130 1655 3216 1694 me
3250 1640 3472 1708 spiritu,
3495 1640 3594 1709 qui

2011 1744 2069 1790 et
2107 1735 2223 1804 ipse
2247 1735 2467 1790 divinus
2496 1734 2734 1805 Spiritus
2779 1734 2876 1797 sis,
2927 1743 3184 1801 tanquam
3216 1746 3284 1786 ex
3315 1732 3428 1786 Deo
3467 1731 3594 1801 Spi-

310 1821 485 1884 αὐτὸς
520 1820 664 1874 θεῖον
689 1819 788 1886 ὢν,
817 1821 894 1886 ὡς
921 1824 986 1876 ὲκ
1021 1823 1155 1877 Θεοῦ
1205 1823 1522 1894 Πνεύματος
1577 1824 1912 1892 γεγεννημέ-

2016 1829 2124 1882 ritu
2152 1837 2315 1883 natus
2337 1829 2400 1881 ν’.
2423 1827 2565 1881 Ecce
2605 1841 2702 1881 cor
2731 1826 2831 1880 tibi
2863 1827 2983 1880 lene
3006 1835 3062 1880 et
3085 1825 3440 1893 tranquillum
3474 1841 3596 1878 mu-

309 1933 435 1978 νος.
478 1913 614 1966 Ἰδοὺ
648 1913 880 1984 κίχρημι
903 1931 986 1966 σοι
1034 1914 1263 1984 καρδίαν
1298 1919 1529 1985 πραεῖαν
1553 1916 1648 1968 καὶ
1671 1914 1913 1984 ἡσύχιον,

312 2007 420 2060 καὶ
449 2003 538 2062 οἷα
553 2006 618 2078 δὴ
639 2006 825 2077 νοερὸν
856 2005 1031 2074 κῆπον
1057 2005 1151 2059 καὶ
1180 2007 1461 2076 μυστικὸν.
1479 2006 1715 2060 διάνοιαν
1731 2005 1916 2076 ὑπέχω

313 2101 592 2168 ταπεινήν
621 2115 682 2151 τε
709 2099 805 2150 καὶ
834 2096 1034 2167 ὁμαλῆ.
1067 2096 1428 2166 Ἐξεγεὶρου,
1449 2095 1665 2166 βορῤᾶ,
1689 2095 1788 2150 καὶ
1815 2095 1914 2164 ἕρ-

323 2189 632 2258 χου,νότε
661 2203 675 2216 '
730 2185 1105 2240 διάπνευσον
1139 2186 1339 2256 κῆπόν
1366 2205 1506 2258 μου,
1545 2187 1645 2241 καὶ
1685 2185 1914 2254 period-

329 2296 545 2334 τωσαν
595 2277 864 2346 ἀρώματά
907 2296 1052 2348 μου.
1115 2277 1495 2347 Προσλαλείτω
1545 2277 1654 2348 γάρ
1699 2293 1783 2329 σοι
1818 2278 1915 2330 καὶ

333 2370 626 2442 Σολομὼν·
658 2373 720 2424 σὺ
750 2371 853 2440 γάρ
879 2370 1084 2442 βορρᾶς
1123 2372 1242 2442 μὲν,
1262 2372 1337 2433 ὡς
1361 2372 1474 2433 τοῖς
1505 2370 1915 2440 καθαρωτάτοις

326 2462 438 2530 τῆς
479 2460 748 2528 θεολογίας
776 2460 1111 2530 φθέγμασιν,
1143 2453 1230 2512 οἷα
1261 2459 1546 2528 λαμπραῖς
1579 2460 1673 2511 καὶ
1707 2455 1912 2524 ξωογό-

320 2573 441 2618 νοις
465 2553 760 2623 ἀναψύχων
791 2555 981 2614 πνοαῖς
1013 2567 1026 2580 °
1062 2551 1155 2605 καὶ
1200 2551 1262 2604 τὸ
1305 2553 1403 2621 τῆς
1467 2550 1758 2612 πολυθεῖας
1797 2551 1916 2602 πνῖ-

310 2665 440 2717 γος,
486 2647 584 2700 καὶ
630 2646 722 2698 τὸν
759 2644 869 2698 τῶν
928 2645 1193 2715 αἱρέσεων
1237 2643 1468 2714 διαχέων
1521 2643 1791 2712 φλογμόν·
1820 2641 1915 2693 καὶ

306 2735 418 2798 τὰς
445 2731 782 2804 πιεζομένας
806 2734 864 2785 ἐν
895 2732 1107 2795 τούτοις
1165 2731 1393 2800 καρδίας
1429 2730 1777 2800 ψυχαγωγῶν
1820 2731 1916 2784 καὶ

306 2826 736 2897 ἀνακτώμενος.
773 2826 946 2889 Νότος
971 2825 1049 2890 δὲ,
1084 2823 1160 2888 ὡς
1215 2828 1324 2888 τοῖς
1363 2827 1462 2894 τῆς
1525 2827 1745 2894 ἀγάπης
1795 2823 1913 2877 δια-

311 2919 638 2989 Θερμαίνων
697 2917 900 2986 λόγοις,
962 2917 1055 2970 καὶ
1105 2916 1232 2979 τοὺς
1284 2915 1611 2986 ἀναισθησίᾳ
1667 2919 1759 2968 νοῦ
1821 2916 1914 2968 καὶ

2019 1927 2133 1984 tuo,
2162 1919 2422 1987 velutque
2477 1916 2872 1986 intelligentem
2902 1915 3122 1968 hortum
3160 1929 3225 1968 ac
3279 1915 3593 1984 mysticum,

2015 2012 2280 2068 humilem
2343 2010 2783 2079 aequabilemque
2838 2009 3081 2062 animum
3120 2006 3355 2077 praebeo.
3391 2005 3588 2075 Surge,

2016 2103 2217 2176 aquilo,
2243 2110 2290 2155 et
2315 2105 2452 2169 veni,
2481 2110 2660 2155 auster
2686 2119 2705 2166 ;
2727 2103 2894 2171 perﬂa
2915 2101 3132 2152 hortum
3149 2115 3344 2158 meum,
3366 2106 3414 2149 et
3429 2101 3596 2167 ﬂuent

2016 2203 2267 2248 aromata
2320 2209 2439 2248 mea
2466 2194 2532 2246 ³⁸.
2562 2192 2639 2246 Te
2662 2185 2810 2245 enim
2838 2191 3005 2245 etiam
3065 2189 3322 2244 Salomon
3356 2189 3600 2257 alloqua-

2016 2292 2127 2338 tur.
2163 2283 2244 2337 Tu
2268 2296 2506 2351 namque
2564 2280 2774 2350 aquilo,
2833 2288 2894 2334 ut
2941 2277 3342 2347 limpidissimis
3388 2277 3600 2332 scilicet

2016 2373 2301 2442 theologia:
2335 2372 2584 2435 vocibus,
2614 2369 3054 2440 tanquam-puris
3070 2384 3134 2424 ac
3161 2367 3422 2423 vitalibus
3449 2368 3596 2422 ﬂati-

2013 2465 2119 2520 bus
2156 2464 2508 2535 refrigerans,
2547 2461 3024 2531 superstitiosique
3081 2460 3373 2514 numinum
3418 2460 3600 2516 cultus

2014 2556 2254 2625 algorem
2289 2565 2453 2623 atque
2485 2553 2765 2606 haereseon
2789 2550 3064 2616 incendia,
3107 2548 3411 2620 dissipans;
3482 2550 3600 2604 his-

2015 2661 2124 2715 que
2155 2659 2418 2714 oppressa
2473 2651 2693 2713 pectora
2729 2655 2988 2696 recreans
3029 2655 3093 2695 ac
3131 2640 3342 2694 levans.
3399 2641 3602 2696 Auster

2012 2751 2166 2801 vero,
2188 2735 2640 2790 velutcharitatis
2687 2732 3038 2788 sermonibus
3061 2729 3408 2794 calefaciens,
3439 2745 3602 2784 men-

2021 2827 2232 2895 stisque
2263 2826 2531 2880 exstincto
2562 2840 2723 2879 sensu
2749 2839 2812 2878 ac
2840 2823 3066 2887 duritie,
3101 2822 3290 2877 di’vino
3325 2822 3473 2876 omni
3499 2820 3600 2876 de-

2015 2919 2208 2973 titutos
2233 2917 2463 2981 inﬂuxu,
2491 2931 2667 2985 eaque
2697 2916 2908 2971 ratione
2943 2913 3270 2971 infecundos
3321 2922 3486 2982 atque
3531 2912 3603 2966 ri-

315 3010 662 3080 σκληρὸτητι
691 3009 841 3072 θείας
886 3008 1290 3078 ἐστερημένους
1334 3007 1622 3078 ἐπιρροῆς,
1681 3008 1910 3075 ἀγόνους

2016 3015 2206 3077 gentes
2244 3006 2498 3061 refovens
2534 3021 2599 3059 ac
2630 3004 2996 3070 exsuscitans,
3047 3003 3312 3072 vitalique
3362 3001 3596 3055 humore

316 3122 394 3158 τε
428 3104 516 3156 διὰ
543 3103 722 3157 ταῦτα
755 3101 850 3154 καὶ
892 3100 1340 3170 κατεψυγμένους
1363 3099 1729 3161 καθεστῶτας,
1783 3102 1914 3152 ἀναο

307 3197 550 3250 θάλπων
607 3196 706 3249 καὶ
769 3190 1170 3264 ἀναζωπυρῶν,
1244 3194 1340 3246 καὶ
1391 3191 1627 3262 ζωτικῆς
1690 3190 1913 3260 ἰκμάδος

295 3288 548 3357 πληρῶν
571 3287 670 3339 καὶ
704 3285 1088 3356 καρποφόρους
1121 3283 1426 3338 ἀποτελῶν.

389 3378 700 3440 Τοιαύταις
759 3378 985 3441 πνοαῖς,
1020 3375 1286 3437 τοιούτοις
1321 3374 1648 3446 ῥοιζήμασιν
1681 3372 1766 3425 ἀεὶ
1799 3373 1916 3426 δια-

287 3473 509 3527 πνέων
537 3471 707 3540 ἡμᾶς,
742 3461 786 3521 ὦ
822 3468 1084 3539 μακάριε,
1139 3465 1330 3536 ὥσπερ
1382 3467 1503 3518 τινά
1561 3462 1812 3533 ποικίλην
1851 3463 1916 3515 ἐκ

288 3564 593 3621 ποικίλων
615 3561 925 3632 ἀρωμάτων
956 3559 1186 3622 εὐωδίας
1213 3559 1410 3628 ὀσμὴν,
1438 3557 1536 3627 τὴν
1584 3559 1648 3609 ὲκ
1695 3555 1802 3609 τῶν
1830 3553 1918 3608 λό-

285 3675 441 3730 γων
460 3673 548 3710 σοι
581 3659 790 3708 αῖνεσιν
821 3651 1244 3723 παρασκεύασον
1273 3653 1539 3719 ἐνεγκεῖν.
1574 3649 1805 3711 Πάντως
1834 3647 1913 3712 δὲ,

288 3751 588 3820 οὐδεμιᾶς
619 3749 750 3818 ἡμῖν
785 3745 1165 3818 μακρηγορίας
1211 3741 1410 3814 χρεὼν,
1444 3743 1540 3795 τὸν
1584 3740 1800 3811 πρῶτον
1859 3741 1916 3794 ὲν

291 3843 607 3909 θεολόγοις
640 3838 1004 3909 προθεμένοις
1036 3836 1246 3905 ὑμνεῖν.
1287 3835 1372 3896 Ὠς
1402 3834 1510 3904 γὰρ
1538 3833 1626 3886 ἀεὶ
1675 3835 1738 3886 τὸ
1761 3832 1916 3902 Θεῖρν

293 3941 366 3994 ἐν
392 3956 464 3992 τε
493 3941 610 4000 τοῖς
639 3936 818 3998 ἄλλοις
851 3937 1009 3995 πᾶσι,
1029 3935 1120 3987 καὶ
1142 3932 1275 3985 πολὺ
1301 3931 1461 3984 πλέον
1491 3933 1601 3994 τοῖς
1633 3929 1834 3998 λόγοις,
1855 3928 1917 3981 τὸ

296 4030 531 4102 γοργὸν
559 4030 658 4081 καὶ
711 4026 1170 4096 συντετριμμένον
1216 4020 1698 4095 [συντετμημένον]
1733 4019 1914 4088 φιλεῖ’

301 4125 485 4195 φίλον
519 4120 580 4173 δὲ
613 4119 790 4184 τοῦτο,
816 4120 911 4172 καὶ
941 4119 1053 4180 τοῖς
1090 4118 1147 4169 ὲν
1189 4115 1337 4186 αὑτῷ
1370 4113 1640 4182 θεολογεῖν
1699 4110 1914 4173 εἰδόσιν,

302 4216 473 4269 οὕτω
498 4210 805 4281 προσήκειν
831 4207 1072 4278 ἠγοῦμαι
1121 4205 1218 4259 καὶ
1265 4203 1342 4274 τῷ
1393 4201 1488 4256 νῦν
1516 4199 1914 4270 ἐπαινουμένῳ,

311 4303 624 4372 ὰπὲριττόν
645 4319 706 4353 τε
734 4300 826 4352 καὶ
851 4298 1185 4370 σύμμετρον,
1214 4296 1289 4359 ὡς
1326 4292 1436 4348 οἶόν
1486 4311 1568 4360 τε,
1618 4292 1709 4345 τὸν
1758 4291 1917 4359 λόγον

2015 3100 2236 3170 replens
2265 3113 2329 3153 ac
2358 3097 2676 3154 fructiferas
2717 3104 3006 3167 praestans.

2085 3380 2438 3452 Ejuscemodi
2474 3377 2720 3440 ﬂatibus,
2772 3374 3085 3432 istiusmodi
3134 3372 3469 3429 stridoribus
3497 3387 3603 3429 nos

2017 3488 2235 3542 semper
2259 3471 2516 3541 perﬂans,
2547 3471 2629 3524 vir
2661 3469 2841 3535 beate,
2875 3477 3091 3538 praesta,
3127 3476 3187 3520 ut
3225 3466 3603 3535 velutquam-

2015 3565 2142 3621 dam
2161 3581 2229 3620 ex
2250 3564 2418 3619 variis
2449 3561 2786 3617 aromatibus
2809 3560 2994 3615 odoris
3021 3558 3328 3614 suavissimi
3355 3559 3604 3627 fragran-

2017 3660 2169 3726 tiam,
2197 3675 2321 3730 quae
2343 3658 2691 3714 sermonibus
2717 3657 2942 3720 texitur,
2970 3654 3187 3709 laudem
3243 3653 3342 3707 tibi
3396 3652 3600 3708 offera-

2015 3768 2159 3806 mus.
2179 3750 2413 3806 Omnino
2435 3749 2578 3802 enim
2601 3748 2735 3801 nihil
2757 3747 2914 3801 nobis
2938 3745 3148 3815 prolixa
3166 3758 3304 3814 opus
3330 3743 3600 3809 oratione,

2017 3842 2220 3912 quibus
2269 3840 2549 3893 incumbat
2577 3839 2893 3906 utprimum
2927 3835 3072 3889 inter
3105 3834 3387 3902 theologos
3411 3833 3604 3887 laude-

2019 3950 2159 3988 mus.
2199 3929 2671 3997 Quemadmodum
2711 3928 2858 3981 enim
2889 3927 3054 3990 Deus,
3087 3941 3213 3980 cum
3262 3925 3316 3978 in
3375 3925 3603 3993 reliquis

2017 4023 2296 4086 omnibus,
2326 4031 2442 4074 tum
2472 4017 2671 4089 potiori
2699 4018 2859 4087 longe
2899 4015 3107 4069 ratione
3139 4015 3194 4068 in
3229 4014 3599 4083 sermonibus,

2019 4115 2076 4170 id
2127 4121 2274 4168 amat
2305 4108 2451 4180 quod
2490 4123 2613 4161 acre
2645 4121 2708 4159 ac
2741 4105 2907 4159 breve
2956 4114 3039 4158 est
3071 4121 3086 4169 ;
3146 4111 3332 4157 amant
3384 4119 3516 4158 vero
3543 4111 3603 4158 ot

2021 4205 2115 4276 qui
2146 4201 2334 4256 divina
2369 4203 2605 4253 tractare
2650 4203 2858 4249 norunt
2888 4210 2906 4247 :
2934 4194 3014 4248 sic
3037 4202 3092 4247 et
3113 4193 3189 4246 illi
3225 4208 3388 4263 quem
3417 4193 3606 4247 lauda-

2022 4312 2144 4351 mus
2175 4291 2472 4349 convenire
2506 4287 2783 4350 existimo,
2820 4293 2881 4339 ut
2905 4283 3210 4339 orationem
3238 4282 3464 4336 minime
3514 4296 3606 4336 su-

319 4370 728 4466 καρποφορεῖν.
761 4393 927 4447 Ὅθεν
969 4394 1070 4447 οὐκ
1106 4390 1214 4445 ἀπὸ
1241 4390 1349 4444 τῶν
1379 4388 1482 4454 ἔξω
1507 4388 1601 4441 καὶ
1622 4387 1788 4457 γῆθεν
1824 4387 1916 4439 αὐ-

2024 4386 2316 4460 perﬂuam,
2364 4397 2428 4438 ac
2479 4381 2658 4434 modis
2689 4377 2805 4432 suis
2835 4375 3153 4439 coercitam,
3202 4373 3381 4443 quoad
3431 4373 3603 4440 licet,

326 4488 418 4556 τῷ
438 4487 845 4555 παρεπομένων,
865 4486 1074 4552 γένους,
1093 4501 1165 4554 φη
1176 4485 1256 4551 μὶ,
1289 4482 1383 4534 καὶ
1417 4479 1694 4550 πατρίδος,
1712 4478 1745 4550 ἦ
1777 4494 1920 4540 τινος

351 4579 649 4649 εὖκληρίας
666 4578 899 4647 βίου,τὸν
917 4579 1163 4648 οὐράνιον
1181 4575 1346 4645 ἄνδρα
1363 4571 1594 4642 γνωριοῦ
1604 4587 1725 4642 μεῖν’
1743 4588 1923 4642 περιτ-
1959 4583 1980 4594 "

317 4674 394 4742 τὴ
418 4670 554 4739 γὰρ,
570 4671 662 4723 καὶ
684 4670 783 4738 οὐχ
801 4669 951 4731 ὅπως
980 4668 1057 4736 τῷ
1094 4665 1413 4736 ὑψηλοτάτῳ
1433 4665 1532 4734 τῆς
1549 4661 1803 4732 ἀληθείας
1832 4662 1922 4713 εὐ-

313 4763 634 4832 αγγελιστῇ
656 4760 792 4813 ’ἀλλ’
809 4760 928 4812 οὐδὲ
967 4761 1079 4820 τοῖς
1098 4757 1279 4827 πολλῷ
1300 4755 1644 4824 λειπομένοις
1663 4755 1763 4827 τῆς
1788 4755 1922 4822 ἀρε-

311 4857 426 4927 τῆς
462 4853 662 4920 ἁγίοις,
685 4851 903 4921 οἰκείαῆ
926 4849 1140 4919 θελητὴ,
1165 4850 1198 4918 ὴ
1221 4849 1328 4901 ἀπὸ
1349 4847 1459 4900 τῶν
1479 4845 1733 4899 τοιούτων
1755 4844 1922 4913 εὐφη-

319 4947 455 5018 μία.
501 4943 664 4996 Ἀλλά
682 4943 751 4994 τά
773 4943 879 4996 ἀπὸ
900 4942 1000 5012 γῆς
1027 4942 1121 5012 μὲν
1134 4940 1294 5010 τίμια
1307 4941 1420 5001 τοῖς
1441 4937 1548 4991 ἀπὸ
1563 4935 1666 5006 γῆς
1689 4935 1921 5006 ἐναϐρύ-

311 5037 528 5092 νεσθαι
551 5035 821 5106 παρῶμεν
848 5051 863 5065 ο
891 5029 971 5097 οἷς
993 5035 1049 5086 δὲ
1081 5035 1114 5105 ἡ
1147 5034 1401 5104 γέννησις
1435 5032 1536 5084 οὐκ
1559 5030 1616 5096 ἐξ
1644 5029 1918 5100 αἱμάτων,

313 5131 456 5186 οὐδὲ
511 5133 578 5182 ἐκ
640 5127 948 5198 θελήματος
987 5127 1212 5196 γέγονεν
1253 5123 1445 5196 ἀνδρός
1474 5139 1488 5154 ο
1531 5121 1658 5176 ἀλλ’
1684 5119 1921 5191 ὁΠατὴρ

318 5224 436 5296 μὲν
464 5222 715 5291 οὐράνιος
742 5220 949 5275 ἀνωθεν
973 5216 1358 5288 προεγνωκὼς,
1393 5214 1753 5285 συμμόρφους
1782 5211 1924 5266 κατά

314 5313 531 5384 καιρὸν
556 5312 835 5378 ἐξελέξατο
887 5313 966 5381 τῷ
1015 5312 1341 5379 Μονογενεῖο
1389 5309 1450 5361 τὺ
1499 5307 1723 5376 Πνεῦμα
1771 5305 1829 5358 δὲ
1862 5304 1924 5356 τὸ

318 5408 499 5474 ἅγιον
532 5404 606 5468 ὡς
655 5405 833 5472 ἁγίοις
880 5400 1430 5469 ἐπαναπαυσάμενον,
1481 5395 1579 5451 καὶ
1627 5395 1814 5450 καινὸν
1867 5395 1924 5446 ὲν

319 5498 526 5560 αὐτοῖς
553 5497 838 5566 ἄνθρωπον
868 5495 963 5549 καὶ
992 5491 1300 5563 θεοειδῆτῷ
1335 5491 1434 5561 τῆς
1465 5487 1720 5558 ἀληθείας
1771 5485 1916 5554 λόγῳ

322 5591 710 5660 γεγεννηκὼς,
747 5589 1098 5659 υίοθετήσατο
1123 5568 1200 5656 et?)
1229 5584 1348 5654 Θεῷ
1372 5625 1388 5649 ,
1418 5581 1639 5644 τούτους
1669 5577 1918 5633 ἐντεῦθεν

409 5775 455 5805 ¹⁷
482 5771 526 5825 ll
556 5770 682 5827 Cor.
718 5787 799 5835 ιιι,
830 5770 913 5824 l7.
991 5766 1034 5802 ⁸⁸
1055 5765 1213 5823 Cant.
1244 5781 1319 5830 iv,
1373 5762 1457 5818 16.
1539 5759 1580 5792 ¹⁹
1609 5758 1764 5816 Joan.
1807 5773 1845 5824 ι,
1883 5756 1964 5811 l3.

2025 4479 2344 4535 offeramus.
2369 4472 2735 4541 Quamobrem
2763 4485 2793 4523 a
2825 4469 2977 4522 nullo
2994 4481 3185 4521 eorum
3233 4481 3352 4535 qua;
3396 4466 3608 4519 extrin-

2025 4585 2185 4626 secus
2214 4574 2363 4630 sunt,
2396 4574 2452 4618 et
2483 4572 2697 4617 terrena
2737 4558 2892 4628 quasi
2944 4555 3248 4626 appendicc
3299 4563 3608 4623 sequuntur

2025 4657 2304 4731 (prosapia
2316 4655 2525 4711 scilicet
2539 4661 2703 4721 atque
2717 4649 2894 4718 patria
2928 4647 3104 4700 ullave
3123 4643 3306 4698 saeculi
3332 4643 3605 4714 claritate)

2021 4752 2203 4806 virum
2229 4749 2506 4804 caalestem
2557 4741 2959 4799 celebrabimus
3016 4735 3311 4808 (superﬂua
3340 4737 3512 4800 enim,
3543 4751 3609 4791 ac

2022 4842 2227 4897 nedum
2263 4838 2572 4894 celsissimo
2590 4832 2839 4888 veritatis
2861 4829 3230 4900 evangelista,
3289 4828 3384 4881 sed
3425 4842 3610 4896 neque

2024 4933 2228 4989 sanctis
2275 4931 2344 4984 ab
2389 4931 2510 4999 ejus
2535 4929 2692 4996 longe
2726 4924 2933 4977 virtute
2990 4920 3216 4974 remotis
3269 4919 3607 4974 conveniens

2024 5035 2119 5081 aut
2153 5023 2372 5095 placita,
2404 5036 2527 5092 quae
2561 5034 2628 5074 ex
2661 5017 2864 5072 talibus
2918 5014 3162 5069 laudatio
3216 5016 3345 5080 est).
3403 5012 3610 5068 Verum

2023 5116 2260 5173 terrenis
2292 5111 2630 5171 ornamentis
2659 5108 2949 5181 superbire
2975 5123 3072 5162 eos
3105 5107 3355 5162 sinamus
3408 5115 3463 5160 et
3494 5107 3612 5176 glo-

2025 5211 2178 5273 riari,
2211 5207 2306 5279 qui
2337 5217 2466 5263 sunt
2493 5220 2525 5259 e
2567 5212 2712 5258 terra
2745 5219 2759 5256 :
2793 5202 2997 5272 quibus
3025 5209 3208 5254 autem
3232 5199 3492 5253 nativitas
3528 5206 3608 5251 at-

2026 5319 2134 5375 que
2165 5301 2319 5370 origo
2358 5313 2469 5353 non
2492 5312 2560 5351 ex
2585 5293 2966 5365 sanguinihus,
2992 5307 3094 5346 nec
3114 5306 3182 5345 ex
3203 5290 3484 5342 voluntate
3507 5286 3607 5340 viri

2027 5393 2226 5464 obtigit
2255 5393 2296 5426 “
2330 5409 2346 5455 ;
2373 5389 2470 5446 sed
2503 5389 2666 5444 Pater
2689 5385 2914 5457 quidem
2942 5382 3184 5440 caelestis
3213 5382 3343 5437 olim
3398 5394 3607 5448 praeco-

2024 5487 2228 5559 gnitos,
2260 5498 2362 5555 pro
2405 5489 2652 5551 tempore
2693 5477 3004 5535 conformes
3045 5475 3232 5545 elegit.
3269 5471 3608 5543 Unigenito;

2027 5575 2267 5648 Spiritus
2295 5581 2519 5630 sanctus
2549 5580 2754 5634 autem,
2791 5575 2853 5624 ut
2877 5567 2971 5638 qui
3004 5566 3060 5622 in
3091 5564 3297 5620 sanctis
3339 5562 3606 5632 conquie-
