4094 6432
525 335 630 408 103

1751 342 2051 405 NICET/E
2090 338 2625 402 PAPHLAGONIS

3723 337 3824 404 104

522 465 613 512 cat
634 457 684 489 “
706 495 721 522 ,
757 454 1003 526 atquein
1024 454 1109 511 eis
1129 471 1337 512 novum
1397 455 1678 510 hominem
1718 470 1785 510 ac
1806 455 2106 510 Deilormer

2213 506 2214 511 η
2242 451 2536 522 ὑμνεῖσθαι
2565 452 2662 506 καὶ
2693 451 3097 524 θαυμάζεσθαι,
3125 454 3188 508 ἑν
3208 452 3288 524 τῷ
3321 453 3535 526 κυρίῳ,
3568 453 3714 509 κατά
3738 456 3826 511 λό-

521 562 780 604 sermone
805 546 1064 604 veritatis
1093 549 1300 618 gignat,
1321 549 1378 603 in
1401 547 1544 602 ﬁlios
1573 547 1687 603 Deo
1714 545 1996 616 adoptavit
2021 545 2120 611 ³⁰⁴;

520 639 557 694 ii
592 638 720 693 inde
749 637 1048 692 laudentur
1078 655 1145 696 ac
1198 639 1553 695 admirationi
1608 638 1940 700 habeantur,
1979 651 2125 707 quo-

2234 560 2351 612 για,
2382 543 2563 614 ψυχὴν
2613 545 3060 616 ἐπαινουμένους,
3098 547 3194 601 καὶ
3218 547 3295 611 ὼς
3331 547 3525 618 ἥδιστα
3552 548 3632 619 τῷ
3660 549 3826 622 οὖρα-

2233 636 2334 708 νίῳ
2361 635 2853 708 συνδοξαζομένους
2881 638 3079 706 Πατρί.

519 745 664 792 rum,
700 732 857 802 juxta
885 746 1040 787 sacra
1069 732 1310 802 eloquia,
1341 732 1396 786 in
1441 731 1676 787 Domino
1708 727 1968 784 laudetur
1991 727 2263 794 animus;
2314 726 2523 798 quique
2571 725 2710 783 adeo
2765 743 2891 782 cum
2949 728 3159 784 caelesti
3212 730 3375 786 Patre
3425 729 3821 802 iucundissime

518 822 873 877 celebrentur
894 824 964 879 “.

592 912 724 968 lnde
774 915 992 970 cunctis
1019 916 1242 986 quidem
1268 915 1473 972 sanctis
1504 927 1629 986 apta
1651 915 1920 977 laudatio,
1967 915 2126 970 velut

2319 911 2604 967 Ἐντεῦθεν
2625 913 2762 967 πᾶσι
2813 914 2915 984 μὲν
2947 915 3125 983 ἁγίοις
3169 917 3464 987 προσήκων
3507 919 3536 970 ὁ
3585 916 3824 982 ἔπαινος,

519 1019 588 1057 ex
624 1019 734 1058 uno
763 1003 926 1059 Patre
965 1005 1240 1060 luminum
1267 1007 1584 1076 prognatis;
1607 1021 1733 1061 cum
1771 1007 1966 1076 primis
1987 1020 2106 1062 vert

2232 1003 2310 1068 ὡς
2338 1003 2400 1070 ἐξ
2421 1004 2542 1068 ἑνὸς
2565 1003 2661 1057 τοῦ
2682 1005 2792 1058 τῶν
2824 1006 3021 1074 φώτων
3046 1008 3414 1078 γεννωμένοις
3463 1010 3674 1080 Πατρός
3692 1026 3707 1042 ο
3726 1011 3824 1081 οὐχ

530 1093 853 1163 coryphaeis
913 1095 1428 1164 antiquissimisque
1480 1095 1647 1150 Verbi
1705 1095 2022 1166 theologis;
2055 1112 2106 1152 ο]

2229 1097 2434 1166 ἥκιστα
2477 1095 2536 1150 δὲ
2594 1099 2709 1162 τοῖς
2765 1099 3087 1169 κορυφαίοις
3135 1100 3228 1152 καὶ
3274 1101 3670 1171 πρεσϐυτάτοις
3729 1101 3822 1155 τοῦ

518 1186 723 1254 quibus
767 1186 965 1241 Petrus
1005 1188 1230 1257 quidem
1266 1195 1526 1256 tanquam
1572 1188 1699 1243 ﬁdei
1736 1196 1893 1260 petra
1918 1189 2122 1245 ﬁrmis-

519 1278 832 1346 simumque
887 1278 1308 1332 fundamentum
1357 1279 1578 1338 honore
1651 1281 1908 1349 praelatus
1965 1289 2051 1336 est
2102 1298 2117 1336 :

516 1368 756 1424 Jacobus
793 1386 943 1433 vero,
979 1370 1154 1440 utqui
1223 1372 1436 1440 primus
1488 1373 1886 1442 apostolorum,
1933 1374 2122 1429 calicis

519 1476 583 1514 ac
614 1461 956 1530 baptismatis
979 1461 1259 1530 passionis
1294 1461 1516 1517 Christo
1562 1463 1767 1528 socius,
1800 1477 2116 1534 sancteque

517 1547 644 1603 ﬁdei
686 1550 832 1605 basis
865 1550 1073 1604 sanctis
1122 1559 1273 1606 esset
1308 1551 1556 1608 futurus.
1599 1553 1681 1607 Tu
1709 1569 1863 1620 vero,
1921 1570 1956 1609 o
1985 1555 2118 1609 bea—

517 1648 571 1694 te
605 1641 617 1694 l
657 1655 872 1695 summa
940 1642 1256 1711 apostolicae
1305 1645 1610 1716 majestatis
1675 1660 1804 1701 arce
1851 1654 2072 1715 arrepta
2105 1687 2120 1712 ,

2225 1189 2402 1258 Λόγου
2422 1189 2726 1259 θεολόγοιςο
2759 1187 2835 1246 ὧν
2869 1193 3076 1261 Πέτρος
3129 1193 3246 1262 μὲν,
3275 1193 3350 1257 ὼς
3395 1194 3496 1264 τῆς
3546 1197 3696 1266 ἱερᾶς
3728 1196 3821 1247 πί-

2227 1299 2400 1344 στεως
2458 1283 2630 1354 πέτρα
2694 1286 2788 1337 καὶ
2852 1285 3106 1356 ἀρραγὴς
3161 1286 3508 1358 προετιμήθη
3579 1287 3819 1358 κρηπίς*

2237 1373 2494 1438 Ἰάκωὸος
2527 1375 2608 1440 δὲ,
2645 1375 2722 1440 ὼς
2774 1377 2992 1447 πρῶτος
3019 1378 3126 1433 τῶν
3157 1379 3472 1432 ἀποστόλων
3527 1381 3606 1449 τῷ
3657 1398 3825 1452 ποτη-

2229 1465 2329 1536 ρίῳ
2360 1467 2454 1519 καὶ
2486 1467 2563 1537 τῷ
2586 1466 2680 1520 τοῦ
2705 1468 2911 1531 πάθους
2931 1467 3268 1540 βαπτίσματι
3297 1473 3576 1524 κοινωνεῖν
3609 1471 3823 1540 μέλλων

2225 1555 2475 1627 Χριστῷ,
2509 1558 2606 1610 καὶ
2631 1558 2792 1628 βάσις
2814 1560 2976 1626 ἀγίας
3025 1560 3240 1624 ἐλπίδος
3272 1563 3384 1619 τοῖς
3417 1561 3598 1630 ἁγίοις
3627 1563 3824 1633 ἐσόμε-

2226 1666 2338 1713 νος.
2371 1650 2442 1703 Σὺ
2463 1649 2541 1714 δὲ,
2574 1645 2620 1704 ὧ
2676 1652 2884 1722 μάκαρ,
2935 1652 3034 1722 τὴν
3082 1654 3257 1724 ἄκραν
3315 1653 3418 1724 τῆς
3454 1655 3823 1724 ἀποστολικῆς

515 1740 577 1785 ut
633 1731 726 1802 qui
750 1747 1066 1802 supremam
1125 1733 1394 1789 virtutum
1427 1736 1776 1808 (charitatem
1806 1737 1955 1806 dico)
2013 1754 2106 1810 pra

2231 1742 2714 1814 μεγαλοπρεπείας
2743 1747 3044 1811 κατέλαϐες
3083 1748 3350 1818 κορυφὴν,
3379 1749 3453 1812 ὡς
3511 1749 3613 1821 τὴν
3647 1749 3822 1820 ἀκρο-

521 1826 740 1879 cunctis
772 1825 921 1880 illius
945 1826 1301 1881 consortibus
1334 1827 1616 1892 dilexeris,
1667 1830 1981 1901 eximieque
2014 1831 2114 1887 tibi

519 1915 612 1969 illa
643 1917 938 1985 placueris,
977 1933 1040 1972 ac
1072 1933 1287 1974 summe
1310 1935 1432 1974 eam
1467 1921 1746 1988 colueris;
1780 1922 1951 1993 inque
2005 1937 2073 1978 ea
2097 1963 2114 1990 ,

515 2023 651 2063 vere
685 2009 890 2064 dilecto
920 2026 985 2065 ac
1009 2011 1338 2068 charissimo
1365 2015 1478 2069 Deo
1513 2015 1692 2071 Verbo
1750 2017 1960 2088 Deique
1978 2019 2115 2075 Uni-

515 2099 724 2168 genito,
762 2103 1176 2158 necessitudine
1197 2105 1490 2161 devinctus
1515 2108 1612 2162 sis.
1640 2109 1847 2180 Nempe
1875 2110 1981 2166 hoc
2011 2111 2114 2166 tibi

513 2193 686 2246 animi
719 2193 1067 2252 incitationis
1089 2200 1407 2271 summique
1435 2202 1488 2256 in
1520 2203 1689 2257 Deum
1723 2221 1984 2262 ascensus
2007 2207 2115 2263 ini—

513 2284 676 2338 tium.
694 2285 812 2341 Hoc
843 2301 900 2341 et
919 2298 1117 2344 vestrae
1140 2300 1268 2345 nota
1288 2294 1512 2362 propria
1537 2302 1703 2364 atque
1737 2296 1952 2368 insigne
1978 2299 2114 2354 bea-

513 2373 687 2430 titatis
709 2415 724 2440 ,
745 2375 1181 2445 pulcherrimum
1202 2383 1833 2456 peculiarissimumque,
1861 2403 1927 2444 ac
1945 2406 2112 2460 quam

512 2467 751 2522 maxime
783 2468 1078 2540 singularis
1102 2472 1379 2542 gloriatio,
1405 2475 1556 2530 velut
1589 2491 1701 2545 prae
1755 2480 1962 2536 sanctis
1979 2481 2112 2536 reli-

521 2559 642 2628 quis
664 2560 838 2631 magis
866 2559 1110 2632 propria,
1127 2563 1258 2619 Jesu
1280 2582 1479 2637 nempe
1495 2569 1722 2626 dilectio
1746 2589 1761 2637 ;
1789 2589 1896 2643 qua
1919 2574 2112 2644 utique

513 2652 824 2705 suavissimi
852 2655 1052 2708 mentis
1083 2665 1280 2710 vestrae
1311 2657 1560 2726 decoris,
1585 2660 1900 2733 divinaeque
1919 2663 2112 2720 forma:

508 2742 825 2810 praestantia
849 2743 1133 2799 clucescit.
1161 2746 1636 2812 Quemadmodum
1667 2753 1814 2807 enim
1853 2753 1992 2810 nihil
2038 2754 2107 2810 ad

509 2832 750 2901 speciem
775 2835 972 2905 majus,
1003 2852 1073 2891 ne
1116 2838 1307 2892 subtili
1337 2840 1564 2910 quidem
1623 2846 1862 2915 cogitatu
1901 2847 2110 2902 assumi

508 2932 692 2992 queat,
709 2926 962 2995 specioso
985 2928 1156 2982 forma
1173 2946 1285 2999 prae
1302 2932 1427 2987 ﬁliis
1441 2934 1829 2992 hominum'”:
1849 2938 1928 2993 sic
1945 2955 2109 3009 quem

506 3012 599 3069 ille
646 3016 999 3086 singulariter
1027 3023 1250 3088 amavit,
1292 3026 1500 3094 primas
1526 3027 1715 3097 utique
1778 3029 1948 3085 animi
1981 3032 2110 3102 pul-

2224 1835 2397 1904 τάτην
2427 1835 2537 1888 τῶν
2559 1835 2794 1906 ἀρετῶν,
2824 1840 2924 1908 τὴν
2950 1839 3175 1908 ἀγάπην
3211 1839 3276 1910 δὴ
3315 1839 3482 1904 λέγω,
3515 1841 3668 1912 παρά
3692 1842 3826 1908 τοὺς

2226 1925 2493 1996 μετόχους
2519 1927 2690 1998 αὐτῆς
2715 1930 2922 1992 πάντας
2954 1929 3284 2000 ἠγαπηκὼς,
3318 1934 3415 1985 καὶ
3449 1931 3826 2003 ὑπερϐαλλόν-

2222 2036 2332 2082 τως
2360 2018 2654 2090 ᾑρετικὼς,
2684 2022 2780 2075 καὶ
2808 2023 2995 2094 ἄκρως
3024 2023 3429 2095 κατωρθωκὼς,
3463 2026 3560 2079 καὶ
3593 2027 3650 2079 ὲν
3678 2027 3820 2099 αὐτῇ

2221 2109 2299 2180 τῷ
2323 2110 2495 2175 ὅντως
2533 2113 2807 2185 ἀγαπητῷ
2841 2114 2961 2185 Θεῷ
2995 2115 3154 2184 Λόγῳ
3183 2116 3280 2170 καὶ
3331 2116 3426 2169 τοῦ
3457 2116 3595 2171 Θεοῦ
3646 2135 3824 2189 προσ-

2223 2204 2579 2274 ῳκειωμένος
2607 2207 2928 2275 Μονογενεῖ.
2951 2208 3122 2261 Τοῦτό
3147 2226 3229 2262 σοι
3259 2210 3354 2263 καὶ
3377 2211 3521 2281 ἀρχὴ
3549 2212 3648 2280 τῆς
3681 2211 3821 2283 πρὸς

2220 2295 2316 2349 τὸν
2363 2296 2497 2351 Θεὸν
2523 2297 2734 2371 ὑπῆρξε
2776 2301 3042 2371 κινήσεως
3068 2300 3163 2354 καὶ
3193 2303 3505 2371 ἀναγωγῆς.
3531 2303 3701 2356 Τοῦτο
3721 2304 3821 2357 καὶ

2220 2387 2515 2460 γνώρισμα
2548 2390 2650 2461 τῆς
2681 2391 3086 2464 μακαριότητος
3117 2393 3272 2463 ὑμῶν
3301 2394 3594 2448 κάλλιστόν
3623 2412 3684 2448 τε
3717 2397 3815 2451 καὶ

2225 2481 2542 2548 ίδιαίτατον,
2567 2483 2661 2536 καὶ
2695 2484 2960 2556 καύχημα
2980 2485 3276 2555 ἐξαίρετον,
3311 2482 3424 2539 οἷον
3453 2487 3563 2540 τῶν
3595 2489 3818 2543 πάντων

2225 2572 2428 2642 μᾶλλον
2456 2573 2629 2642 ἁγίων
2653 2575 3161 2647 ἀποκληρούμενον,
3196 2579 3229 2646 ἠ
3247 2577 3438 2648 ἀγάπη
3473 2577 3567 2631 τοῦ
3597 2579 3812 2649 Ἰησοῦ,

2222 2663 2296 2716 δι’
2322 2659 2391 2735 ἧς
2416 2665 2450 2735 ἡ
2484 2665 2760 2737 ὑπερδολὴ
2787 2667 2886 2738 τῆς
2933 2669 3128 2740 νοερᾶς
3185 2669 3341 2739 ὑμῶν
3400 2670 3738 2740 εὐπρεπείας
3777 2671 3808 2744 ἢ

2221 2756 2520 2822 θεοειδείας
2550 2761 3008 2830 παραδείκνυται.
3044 2761 3259 2832 Ὥσπερ
3282 2763 3393 2832 γὰρ
3414 2760 3579 2814 οὐδὲν
3607 2760 3812 2830 ὡραιό-

2219 2864 2379 2919 τερον
2405 2850 2500 2903 τοῦ
2531 2850 2739 2920 ὡραίου
2776 2852 2959 2906 κάλλει
2987 2853 3140 2923 παρά
3176 2853 3303 2916 τοὺς
3344 2853 3499 2916 υἱοὺς
3550 2853 3660 2906 τῶν
3715 2857 3810 2910 ἀνα

2219 2939 2475 3012 θρώπων,
2507 2942 2628 2997 οὐδὲ
2654 2946 2720 3015 τῇ
2753 2945 2972 3016 ἐπινοίᾳ
3009 2946 3233 2999 δυνατὸν
3253 2945 3439 2998 λαϐεῖν
3459 2963 3475 2978 ο
3530 2944 3675 3000 οὕτω
3715 2946 3808 3000 καὶ

2216 3033 2276 3088 ὃν
2307 3034 2603 3107 ἐξαιρέτως
2624 3037 2882 3109 ἐφίλησεν
2933 3041 3162 3104 ἐκεῖνος,
3195 3039 3262 3092 τὰ
3303 3039 3570 3110 πρεσϐεῖα
3608 3039 3805 3110 δηλαδὴ

506 3105 840 3164 chritudinis
887 3111 1050 3166 laude
1105 3130 1216 3184 prae
1239 3117 1468 3187 reliquis
1507 3121 1774 3176 retulerit.
1811 3123 1925 3178 Nec
1960 3125 2106 3179 enim

2221 3127 2360 3199 πρὸς
2397 3105 2524 3193 τοὺς
2544 3105 2743 3196 ἄλλους
2770 3105 2869 3201 τῆς
2920 3135 3114 3203 νοερᾶς
3166 3105 3454 3187 ἀποίσεται
3517 3105 3800 3204 καλλονῆςλ

508 3198 648 3252 adeo
677 3199 917 3256 dilectus
951 3214 1120 3270 esset,
1164 3215 1226 3260 ut
1247 3216 1303 3261 et
1336 3225 1445 3265 una
1475 3211 1589 3267 fere
1626 3214 1776 3268 illius
1804 3225 1934 3270 nota
1971 3231 2106 3286 pro-

2215 3219 2355 3274 Οὐδὲ
2384 3220 2494 3296 γὰρ
2526 3220 2592 3275 ἂν
2614 3222 2708 3275 ὲπὶ
2735 3198 2993 3277 τοσοῦτον
3013 3198 3294 3297 ηγάπητο,
3345 3227 3422 3288 ὡς
3467 3226 3565 3279 καὶ
3595 3229 3691 3280 ἀπ’
3709 3198 3800 3279 aii-

505 3287 740 3358 priaque
791 3290 1078 3349 distinctio
1115 3297 1355 3353 charitas
1404 3299 1547 3355 foret
1607 3318 1671 3356 ac
1709 3303 1951 3369 dilectio,
2000 3305 2106 3361 nisi

2213 3313 2314 3383 τῆς
2537 3315 2724 3386 σχεδὸν
2766 3319 2862 3387 τῆς
2909 3287 3132 3389 ἀγάπης
3191 3287 3710 3390 γαρακτηρίζεσθαι,
3743 3319 3790 3369 εί

505 3378 800 3446 probitatis
821 3396 1149 3454 morumque
1182 3389 1447 3456 lenitatis,
1477 3402 1641 3462 atque
1676 3394 1771 3448 Dei
1803 3395 2100 3452 simulacro

2215 3378 2294 3477 μη
2326 3378 2616 3478 περιουσία
2646 3378 3023 3479 χρηστότητος
3036 3378 3131 3462 κὲιὶ
3155 3378 3547 3480 θεομιμησίαςϋ,
3578 3378 3789 3472 οἰκείως

506 3468 775 3524 bonitatis
798 3472 1160 3541 abundantia,
1183 3482 1419 3538 maxima
1451 3500 1576 3538 cum
1605 3486 1870 3558 diligente
1901 3505 2100 3547 neces-

2213 3468 2327 3569 εἴγε
2359 3468 2496 3569 πρὸς
2519 3468 2612 3552 τὸν
2648 3468 2988 3569 ἀγαπῶντα,
3040 3504 3133 3556 καὶ
3177 3502 3276 3574 τὴν
3327 3503 3460 3577 παρ’
3478 3501 3672 3556 ἑαυτοῦ
3705 3519 3794 3570 φι-

507 3559 774 3629 situdine,
809 3579 840 3618 a
871 3579 931 3619 se
962 3583 1183 3639 quoque
1211 3583 1362 3628 certa
1390 3577 1627 3644 quadam
1660 3581 1874 3636 ratione
1907 3598 1972 3636 ac
2004 3599 2106 3653 pro

2213 3559 2329 3644 λίαν
2384 3559 2664 3659 ἀναλόγως
2713 3559 3105 3662 εἰσηνέγκατο.
3164 3559 3306 3658 Τοὺς
3359 3559 3467 3666 γάρ
3512 3559 3797 3663 φιλοῦντας

505 3654 756 3719 modulo,
783 3656 1142 3715 dilectionem
1172 3664 1286 3733 ipse
1316 3668 1664 3724 contulisset.
1696 3671 1930 3742 Diligere
1951 3676 2102 3729 enim

2213 3681 2376 3752 αὐτὴν
2416 3654 2660 3755 ἀγαπᾷν,
2712 3654 2869 3756 ἡτοῦ
2923 3654 3070 3738 ’Θεοῦ
3101 3654 3404 3758 διαρῤηδην
3429 3654 3794 3758 ἀποφαίνεται

506 3761 604 3800 eos
663 3749 758 3816 qui
791 3749 972 3819 ipsum
1024 3763 1229 3821 ament,
1267 3757 1474 3814 diserte
1500 3763 1824 3830 pronuntiat
1876 3765 1974 3821 Dei
2011 3783 2104 3822 sa-
2207 3749 2394 3844 σοφία.

504 3838 716 3908 pientia
748 3843 816 3896 “.

575 3949 806 4007 Omnem
848 3954 1018 4024 igitur
1063 3955 1306 4015 divinam
1338 3961 1614 4019 actionem
1641 3981 1969 4039 omnemque
1986 3968 2103 4024 exi-

2273 3968 2465 4022 Πᾶσαν
2496 3969 2680 4024 τοίνυν
2697 3969 2900 4042 πρᾶξιν
2927 3972 3146 4044 θεοτελῆ
3192 3974 3288 4026 καὶ
3345 3973 3580 4046 θεωρίαν
3624 3976 3799 4049 ὑπερ-

503 4041 669 4096 miam
698 4047 1250 4117 contemplationem,
1274 4053 1423 4108 velut
1449 4069 1517 4108 ex
1583 4058 1820 4126 quadam
1879 4059 2096 4130 radice,

2213 4060 2313 4128 ρυᾶ
2339 4061 2541 4126 πᾶσαν,
2577 4041 2832 4133 καθάπερ
2866 4064 2934 4115 ἐκ
2972 4041 3335 4136 τινος-ῥίζης,
3387 4041 3485 4136 τῆς
3540 4069 3598 4121 ἐν
3644 4041 3798 4139 αὐτῷ

502 4148 572 4187 ex
609 4133 815 4191 Christi
868 4137 924 4191 in
983 4154 1051 4194 eo
1083 4139 1384 4198 dilectione
1431 4160 1698 4217 surgere:
1740 4165 1804 4203 ac
1827 4151 2097 4221 quidquid

2213 4151 2524 4205 Ξλαστάνειν
2551 4153 2774 4225 ἀγάπης
2820 4155 3062 4225 Χριστοῦ
3089 4172 3103 4185 ⁸
3143 4133 3240 4209 καὶ
3273 4133 3390 4211 πᾶν
3417 4133 3478 4210 τὸ
3532 4159 3597 4212 δι’
3624 4133 3794 4213 αὑτοῦ

505 4231 696 4291 ageret
727 4232 823 4278 aut
848 4226 1190 4297 loqueretur,
1211 4232 1527 4289 dilectionis
1554 4237 1794 4293 fructum
1813 4256 1963 4308 esse;
1987 4259 2097 4313 qua

2213 4245 2480 4316 γινόμενον
2506 4245 2538 4318 ἢ
2562 4247 2880 4318 λεγόμενον,
2914 4249 3138 4322 ἀγάπης
3170 4245 3315 4304 εἶναι
3376 4251 3610 4322 καρπὸν,
3662 4254 3794 4308 καθ’

507 4310 599 4368 ille
627 4324 775 4370 totus
798 4320 1072 4374 excedens
1103 4337 1164 4376 ac
1176 4326 1440 4381 continue
1455 4329 1610 4398 quasi
1637 4332 1931 4402 emigrans,
1951 4351 2097 4390 sem-

2195 4337 2264 4408 ἢν
2291 4339 2499 4402 ἐκεῖνος
2529 4339 2763 4406 ὲξεστὼς
2794 4341 2917 4405 ὅλος
2947 4345 3042 4395 καὶ
3072 4342 3365 4408 διαπαντὸς
3399 4345 3677 4415 ἐκδημῶν,
3703 4348 3795 4400 ἀεὶ

502 4418 603 4472 per
624 4406 846 4474 quidem
881 4407 933 4461 in
969 4426 1033 4464 ea
1074 4411 1246 4467 Deum
1298 4419 1666 4473 contuebatur
1691 4422 1777 4488 ";
1838 4423 2091 4495 hancque

2213 4406 2300 4498 μέν
2333 4427 2485 4499 ἐώρα
2501 4430 2594 4482 τὸν
2618 4431 2750 4484 Θεὸν
2771 4434 2830 4485 ὲν
2847 4433 2983 4503 αὐτῇ
3006 4447 3020 4461 ·
3051 4434 3258 4504 ταύτην
3284 4406 3480 4504 δὲῇδει
3512 4406 3796 4506 πλήρωμα

505 4495 644 4550 adeo
683 4496 883 4553 divina:
905 4500 1042 4571 legis
1070 4503 1498 4573 plenitudinem,
1540 4510 1824 4582 Deumque
1874 4531 1995 4570 esse
2032 4533 2096 4573 ac

2213 4518 2367 4587 νόμου
2404 4519 2564 4582 Θεοῦ,
2598 4522 2694 4574 καὶ
2725 4523 2860 4576 Θεὸν
2912 4517 3079 4576 οὖσαν
3146 4525 3241 4577 καὶ
3295 4524 3670 4589 θεοποιοῦσαν,
3730 4527 3795 4581 τὰ

505 4588 756 4642 dciticam
791 4602 1018 4647 noverat
1044 4611 1059 4659 ;
1091 4596 1250 4666 cujus
1278 4598 1491 4655 scilicet
1515 4612 1782 4670 extrema,
1811 4606 2086 4675 perfectis-

503 4680 640 4735 sima
673 4681 1166 4752 imperturbationc
1191 4705 1255 4744 ac
1295 4700 1478 4747 mente
1535 4695 1850 4764 purissima,
1898 4710 2095 4756 nactus

503 4785 650 4828 esset
671 4775 770 4830 "".

576 4885 850 4942 Caeterum
883 4891 1192 4956 videamus,
1244 4894 1390 4950 unde
1424 4912 1455 4951 a
1491 4897 1763 4968 principio
1800 4910 2002 4968 motus,
2035 4914 2093 4961 et

504 4994 609 5047 qua
642 4991 936 5048 provectus
969 4999 1032 5038 ac
1064 4985 1363 5055 proﬁciens
1419 4989 1528 5049 via,
1601 4990 1668 5044 ad
1731 4993 2086 5062 perfectionis

504 5067 646 5122 hanc
679 5074 958 5138 speculam
1001 5076 1301 5132 subvectus
1329 5078 1420 5133 sit.
1447 5081 1565 5134 Jam
1601 5083 1747 5137 enim
1777 5099 1972 5156 magna
1992 5103 2088 5142 ve-

505 5174 672 5226 raque
702 5161 822 5215 luce
851 5163 918 5217 iis
952 5175 1165 5230 exorta,
1193 5167 1289 5236 qui
1315 5170 1584 5225 sedebant
1617 5174 1673 5226 in
1712 5176 1987 5241 tenebris;
2024 5193 2089 5233 ac

501 5249 724 5316 quidem
745 5252 1143 5340 Patre.gloriaa,
1164 5258 1360 5311 Filium
1374 5275 1495 5316 esse
1527 5263 1934 5329 charissimum,
1961 5283 2086 5322 eum

501 5340 594 5410 qui
627 5339 1067 5413 intingebatur,e
1095 5349 1249 5403 caelis
1274 5349 1617 5408 intonante"
1653 5372 1667 5421 ;
1694 5371 1724 5410 e
1755 5365 1901 5412 terra
1930 5373 2084 5422 vero,

499 5430 619 5499 ipso
670 5435 761 5502 qui
796 5436 1120 5506 intingebat,
1143 5440 1356 5511 Agnum
1401 5445 1498 5502 Dei
1531 5462 1651 5501 esse
1713 5457 1950 5503 testante
1982 5449 2083 5516 ³³⁸,

500 5523 631 5591 quin
667 5534 723 5579 et
758 5527 964 5600 Spiritu
1025 5531 1083 5586 in
1135 5534 1402 5591 columba:
1452 5539 1637 5608 specie
1661 5538 2034 5596 descendente
2063 5579 2081 5606 ,

2196 4609 2404 4681 ἔσχατα
2423 4611 2631 4682 ταύτης
2664 4612 2906 4685 ἀπαθείᾳ
2949 4614 3260 4688 τελειοτάτη
3301 4616 3395 4671 καὶ
3426 4617 3503 4688 νῷ
3531 4618 3795 4688 καθαρω-

2192 4703 2342 4775 τάτῳ
2363 4702 2730 4775 κατειληφώς.

2275 4903 2419 4956 Ἀλλ’
2442 4903 2666 4972 ἴδωμεν,
2699 4903 2822 4956 ὅθεν
2855 4904 2952 4975 τὴν
2980 4905 3157 4977 ἀρχὴν
3199 4907 3462 4977 κινηθεὶς,
3491 4908 3584 4962 καὶ
3623 4909 3692 4962 δι’
3714 4907 3787 4983 ἧς

2185 4995 2525 5064 ἀναγόμενος
2579 4995 2677 5049 καὶ
2722 4996 3051 5066 προκόπτων
3105 4997 3249 5063 ὀδοῦ,
3299 4999 3504 5070 ταύτην
3558 5003 3782 5073 ἐπήρθη

2183 5086 2286 5156 τῆς
2319 5087 2660 5156 τελειότητος
2691 5089 2794 5158 τὴν
2823 5090 3137 5161 περιωπήν.
3173 5091 3333 5162 Ἀρτι
3384 5093 3490 5163 γὰρ
3541 5092 3636 5146 τοῦ
3682 5112 3784 5163 με-

2185 5179 2353 5248 γάλου
2386 5178 2482 5231 καὶ
2512 5179 2768 5249 ἀληθινοῦ
2804 5179 3006 5247 φωτὸς,
3048 5183 3160 5242 τοῖς
3188 5182 3246 5234 ὲν
3295 5181 3476 5238 σκότει
3523 5182 3780 5252 καθημέ-

2185 5287 2294 5332 νοις
2328 5270 2677 5339 ἀνίσχοντος*
2727 5271 2822 5324 καὶ⁷
2863 5269 3070 5325 ἄνωθεν
3128 5270 3227 5339 μὲν
3280 5272 3339 5336 ἐξ
3386 5273 3632 5342 οὐρανῶν
3679 5274 3778 5326 τοῦ

2194 5361 2409 5432 Πατρδς
2435 5361 2535 5431 τῆς
2566 5361 2726 5432 δόξης
2761 5363 3044 5433 ἀγαπητὸν
3088 5363 3216 5416 Υίὸν
3250 5359 3387 5417 εἶναι
3438 5367 3530 5417 τὸν
3581 5365 3778 5435 βαπτι-

2193 5449 2421 5520 ζόμενον
2455 5451 2930 5522 ὲμόροντήσαντος
2949 5467 2964 5482 ο
2997 5453 3241 5507 κάτωθεν
3268 5454 3325 5506 δὲ
3343 5454 3436 5508 τοῦ
3477 5456 3778 5526 βαπτίζον-

2190 5559 2306 5612 τος,
2345 5544 2541 5616 Ἀμνὺν
2565 5541 2707 5600 εἶναι
2735 5544 2832 5599 τοῦ
2863 5546 3000 5601 Θεοῦ
3044 5546 3240 5602 τοῦτον
3274 5550 3732 5622 μαρτυρήσαντος
3757 5565 3773 5579 ·

583 5707 1072 5806 ’ἒῇὲῐῐΞ-..Ῐιῑιὶἓβὶ
1111 5717 1212 5806 "°"
1231 5717 1347 5775 Jac.
1377 5721 1566 5806 t‘,_l8.“
1586 5723 1629 5806 ξι
1660 5723 1800 5777 Ρεειι.
1833 5739 2018 5806 iam}:
2039 5727 2106 5806 5.‘

2213 5727 2256 5760 ι*
2274 5728 2415 5806 Rga].
2438 5745 2596 5806 _xi.1v,
2615 5731 2668 5784 3.
2709 5731 2767 5806 Ῐξ
2801 5732 3105 5806 Prov._vtu,
3143 5734 3245 5806 l7:
3271 5805 3278 5806 ί
3307 5735 3352 5766 ’³
3373 5735 3419 5791 ll
3440 5733 3569 5792 Cor.
3596 5751 3652 5806 ν,
3679 5733 3776 5793 14.

501 5775 581 5810 ³³*
606 5778 892 5851 Bonum,
925 5785 1024 5854 10;
1057 5787 1073 5843 l
1103 5788 1261 5846 Joan.
1285 5807 1358 5858 iv,
1395 5775 1448 5847 8.
1527 5791 1570 5824 "‘
1595 5775 1805 5861 155.1},
1834 5775 2106 5862 filii—illati!

2213 5775 2415 5868 ιεξίῖζ
2435 5775 2680 5868 ίῦὲῗιῖί,
2703 5802 2774 5858 22
2802 5775 2826 5789 ⁸
2850 5775 3116 5859 ἰῖέζιὸέἱιῖ
3142 5775 3200 5870 ἕξ
3216 5775 3311 5860 '29.
