4094 6412
384 365 488 429 105

1158 361 1438 423 ORATIO
1475 361 1572 419 VI.
1603 384 1671 394 -
1703 357 1780 418 ΙΝ
1813 360 2120 420 LAUDEM
2162 361 2220 419 S.
2261 360 2580 422 JOANNIS
2617 361 2890 422 EVANG.

3531 363 3630 428 106

391 475 612 535 καὶτοῦ
649 475 969 547 Πνεὺματος
1019 475 1077 528 δὲ
1116 463 1444 547 περιστερᾶς
1499 476 1630 529 είδει
1659 475 1959 542 κατιόντος,

2063 487 2227 546 atque
2257 479 2542 533 amborum
2599 480 2974 535 testimonium
3031 481 3371 552 obsignante,
3435 495 3632 552 praater

389 570 486 624 καὶ
518 567 614 638 τὴν
649 567 962 637 μαρτυρίαν
991 566 1198 635 ἀμφοῖν
1224 565 1745 636 ὲπισφραγίζοντος,
1769 559 1859 619 οἶά
1875 583 1958 629 τις

385 659 581 730 ἡλιακὴ
613 659 750 728 πρὸς
773 659 888 719 τοῖς
937 656 1116 720 ἀλλοις
1173 657 1268 710 τοῦ
1328 657 1503 726 Λόγου
1557 657 1811 727 μύσταις,
1865 659 1958 711 καὶ

380 755 495 815 τοῖς
550 753 687 814 υἱοῖς
749 749 1036 804 Ζεϐεδαίου
1085 749 1394 821 προσέπεσε
1463 751 1837 821 μαρμαρυγή·
1866 753 1960 802 καὶ

380 845 635 913 καθάπερ
664 843 789 896 τινὰ
831 842 1104 912 σπινθῆρα
1130 841 1386 910 γνώσεως
1438 841 1838 912 έλλαμφθέντες
1862 841 1958 895 τοῦ

382 935 857 1006 μαρτυρουμένου,
882 932 1069 1001 ἐπειδὴ
1106 933 1223 1002 μετ’
1243 931 1427 1000 ὀλίγον
1448 933 1646 996 αὑτοὺς
1681 935 1710 987 ὁ
1745 931 1959 1004 θεαρχι-

379 1024 626 1089 κὼτατος
668 1026 897 1078 ἐκάλεσε
935 1024 1238 1096 παραστὰς,
1261 1025 1380 1077 οὑδὲ
1416 1023 1589 1096 βραχὺ
1634 1023 1764 1092 γοῦν
1823 1025 1961 1098 πρὸς

375 1125 480 1193 τὴν
497 1120 696 1190 κλῆσιν
714 1118 1039 1173 ἀνεϐάλοντο
1056 1135 1069 1147 ·
1113 1118 1176 1171 οὑ
1201 1117 1492 1189 συνηθείας
1510 1117 1750 1184 οἰκείων,
1782 1118 1844 1173 οὑ
1872 1119 1961 1188 φί-

395 1209 531 1275 λων,
558 1210 658 1279 οὑχ
699 1208 1001 1280 ὁμηλίκων,
1037 1207 1152 1260 οὗθ’
1197 1207 1333 1272 ὅλως
1380 1209 1708 1278 συγγενικῆς
1753 1208 1958 1276 φιλίας,

381 1302 483 1356 καὶ
509 1303 758 1372 ἑταιρίας
779 1300 1161 1370 ἐπεσχέθησαν
1182 1302 1294 1363 τοῖς
1322 1300 1542 1370 δεσμοῖς
1559 1313 1576 1330 ·
1605 1285 1865 1356 ἀλλὰκαὶ
1892 1304 1960 1355 τά

380 1395 661 1466 προσόντα
683 1394 886 1460 πάντα,
911 1395 1004 1448 καὶ
1035 1394 1136 1463 τὴν
1157 1394 1340 1447 ἑστίαν
1375 1393 1476 1464 τὴν
1522 1395 1800 1465 πατρικήν
1820 1412 1835 1426 ·
1873 1397 1960 1449 ναὶ

375 1488 447 1558 δὴ
474 1488 570 1541 καὶ
593 1487 756 1540 αὑτὸν
785 1485 882 1539 τὸν
929 1485 1144 1557 πατέρα
1177 1487 1316 1554 μετὰ
1365 1486 1462 1539 τοῦ
1496 1487 1682 1540 πλοίου
1720 1487 1814 1542 καὶ
1861 1487 1960 1556 τῆς

374 1577 698 1647 ἁλιευτικῆς
734 1577 968 1647 ἀφέντες
1006 1575 1072 1647 (ὣ
1119 1578 1218 1646 τῆς
1266 1577 1504 1641 πίστεως
1526 1577 1567 1642 ί)
1604 1577 1961 1632 ἀκολουθοῦσι

374 1670 464 1741 τῷ
499 1670 678 1740 Ἰησοῦ
710 1684 725 1698 ο
770 1671 828 1722 ὲν
856 1667 1084 1739 ἀληθινῇ
1113 1671 1210 1722 καὶ
1240 1668 1440 1741 γνησίᾳ
1457 1668 1687 1741 καρδίας
1715 1670 1960 1740 συμφυο-

379 1781 549 1834 μενοι
583 1764 809 1834 στοργῇ.

2058 573 2300 642 reliquos
2315 573 2815 644 Verbidiscipulos,
2855 579 2910 628 in
2940 575 3436 646 Zebedaei-quoque
3466 577 3631 641 ﬁlios,

2056 665 2208 719 velut
2228 665 2361 720 solis
2393 665 2616 734 quidam
2651 667 2884 722 micatus
2908 675 2966 722 et
3007 667 3267 736 splendor
3289 670 3528 737 cecidit;
3569 685 3636 726 ac

2057 757 2212 826 quasi
2239 755 2477 813 scintilla
2497 759 2753 828 quadam,
2773 761 2915 830 eius,
2954 760 3046 814 cui
3071 761 3446 816 testimonium
3509 778 3635 832 per-

2058 847 2371 913 liibcbatur,
2409 850 2517 904 illis
2543 858 2890 915 coruscante,
2925 865 3056 905 cum
3118 851 3273 906 brevi
3313 861 3437 922 post
3486 853 3633 909 divi-

2059 939 2322 996 nissimus
2340 942 2431 996 ille
2479 941 2712 1011 fonsque
2733 942 2958 998 deitatis
2986 943 3110 998 illos
3140 952 3341 1013 praesto
3361 957 3632 1009 vocasset,

2058 1053 2128 1091 ne
2151 1047 2430 1092 momento
2453 1037 2674 1106 quidem
2699 1037 2928 1108 obsequi
2953 1038 3306 1094 distulerunt.
3333 1040 3453 1095 Non
3504 1055 3636 1096 con-

2059 1129 2366 1184 suetudinis
2394 1144 2640 1195 suorum,
2667 1144 2779 1184 non
2805 1130 3129 1195 amicorum,
3164 1146 3274 1185 non
3320 1131 3635 1201 mqualium,

2059 1235 2238 1289 neque
2268 1236 2490 1289 prorsus
2519 1230 2873 1292 cognatorum
2912 1222 3295 1293 sodaliumque
3330 1225 3637 1280 necessitu-

2059 1313 2208 1369 dinis
2237 1313 2473 1369 vinculis
2502 1314 2723 1369 inhibiti
2767 1323 2897 1370 sunt
2928 1333 2942 1380 ;
2977 1315 3072 1369 sed
3099 1324 3156 1370 et
3181 1316 3330 1370 omni
3381 1316 3636 1372 substan-

2062 1405 2137 1460 tia
2167 1415 2499 1477 paternaque
2524 1406 2710 1472 domo,
2744 1407 2878 1478 quin
2925 1415 2982 1461 et
3010 1406 3130 1476 ipso
3159 1415 3315 1477 patre
3369 1421 3478 1462 una
3508 1423 3635 1462 cum

2059 1514 2198 1553 nave
2226 1515 2292 1554 ac
2340 1500 2674 1555 navicularia
2695 1507 2810 1554 arte
2843 1499 3051 1554 relictis
3109 1500 3165 1569 (ο
3195 1497 3356 1552 ﬁdem
3382 1500 3423 1567 l)
3447 1498 3634 1554 .lesum

2059 1598 2390 1660 sequuntur,
2417 1590 2620 1646 nedum
2650 1605 2905 1660 corpore,
2923 1589 3020 1646 sed
3040 1590 3214 1660 magis
3233 1589 3432 1659 spiritu
3457 1607 3473 1656 ;
3501 1605 3636 1645 vero

2062 1683 2140 1737 illi
2173 1684 2499 1752 sinceraque
2521 1682 2702 1737 cordis
2729 1697 2915 1736 amore
2934 1681 3196 1736 devincti.

452 1856 562 1909 Καὶ
595 1857 716 1918 ταῖς
757 1855 857 1924 μὲν
885 1854 1069 1908 ἀκτῖσι
1123 1852 1233 1907 τῶν
1261 1853 1436 1922 λόγων
1471 1854 1571 1924 τῆς
1599 1855 1822 1926 χάριτος
1848 1856 1958 1910 τῶν

2129 1863 2208 1917 Ac
2227 1862 2448 1933 quidem
2474 1877 2789 1918 sermonum
2823 1863 3030 1934 gratiae,
3080 1864 3269 1919 divino
3328 1879 3395 1917 ex
3421 1876 3519 1918 ore
3543 1878 3636 1918 sa-

374 1951 448 2003 ἑκ
468 1947 559 2001 τοῦ
580 1947 874 2018 θεαρχικοῦ
932 1949 1200 2016 στόματος
1249 1946 1640 2018 ἐξαλλομένων,
1687 1949 1961 2020 περιλαμ-

376 2040 607 2111 πόμενοι
631 2057 690 2094 τε
718 2039 810 2093 τὸν
840 2039 986 2102 νοῦν,
1022 2040 1118 2094 καὶ
1146 2041 1228 2102 είς
1284 2039 1471 2094 καινὸν
1527 2042 1814 2113 ἄνθρωπον
1865 2043 1961 2094 καὶ

380 2134 594 2204 θεοειδῆ
648 2131 1165 2204 μεταμορφούμενοι
1186 2148 1200 2163 ο
1230 2134 1346 2196 τοῖς
1377 2133 1488 2186 τῶν
1528 2133 1708 2205 ἔργων
1748 2133 1805 2187 δὲ
1827 2133 1958 2187 θαυ-

391 2226 610 2294 μασίοις
638 2227 736 2296 τὴν
795 2225 984 2278 πίστιν
1043 2225 1486 2297 κραταιοὺμενοι,
1529 2226 1624 2279 καὶ
1655 2225 1868 2297 ἡμέραν
1901 2227 1962 2294 ἐξ

389 2319 606 2387 ἡμέρας
633 2318 722 2370 τὸν
745 2317 841 2386 τῆς
890 2316 1116 2388 ἀγάπης
1175 2317 1666 2388 ἀναζωπυροῦντες
1716 2319 1957 2390 πυρσόψ

390 2413 492 2465 καὶ
515 2411 754 2482 καθάπερ
776 2410 844 2464 τά
868 2409 980 2464 τῶν
1012 2410 1202 2478 φυτῶν
1243 2409 1607 2483 εὐγενέστερα
1658 2411 1694 2482 ἢ
1741 2412 1966 2466 εὐθαλέ-

382 2520 573 2574 στερα,
597 2503 696 2574 γῆς
743 2520 802 2556 τε
837 2502 1024 2566 πίονος
1061 2502 1157 2554 καὶ
1188 2501 1362 2572 καλῆς
1407 2503 1642 2574 λαχόντα
1689 2504 1789 2575 τῆς
1833 2505 1964 2558 ὑπο-

377 2595 641 2664 κειμένης
667 2611 682 2625 ·
723 2593 925 2657 ἱκανῶς
959 2593 1017 2646 δὲ
1044 2593 1140 2648 καὶ
1177 2595 1274 2664 τῆς
1302 2595 1456 2666 παρὰ
1482 2595 1591 2648 τῶν
1639 2595 1962 2666 φυτοκόμων

375 2685 674 2756 ἀξιούμενα
701 2685 935 2756 κομιδῆς
954 2702 968 2716 ’
990 2684 1186 2740 θᾶττόν
1202 2701 1263 2738 τε
1297 2686 1431 2757 πρὸς
1462 2684 1598 2755 ’ὑψος
1629 2686 1960 2756 ἀναδίδοται,

374 2780 475 2832 καὶ
503 2778 720 2848 βαθείας
736 2777 998 2831 καθιέντα
1034 2777 1213 2848 ῥίζας,
1238 2775 1528 2848 ἁδρύνεταί
1581 2794 1641 2831 τε
1691 2777 1835 2832 κατὰ
1866 2777 1962 2831 τά-

375 2887 495 2940 χος,
525 2870 620 2924 καὶ
647 2869 841 2935 πολὺν,
873 2869 950 2933 ὼς
1013 2869 1181 2935 είκὸς,
1239 2867 1532 2923 ἀποδίδωσι
1579 2867 1673 2922 τὸν
1713 2869 1959 2941 καρπόν

372 2962 554 3024 οὑτως
594 2963 642 3015 οἱ
698 2961 794 3014 τοῦ
849 2961 1030 3030 Λόγου
1073 2958 1435 3031 δοκιμώτατοι
1471 2959 1734 3030 μαθηταὶ,
1792 2960 1964 3031 καλῆς

374 3055 466 3108 ὅτι
498 3053 738 3124 μάλιστα
765 3053 861 3106 καὶ
885 3051 1101 3123 ἀγαθῆς
1132 3051 1287 3115 ὅντες
1323 3050 1581 3115 διανοίας,
1607 3046 1689 3116 οἷς
1729 3051 1829 3122 μὲν
1855 3051 1965 3105 τῶν

373 3146 548 3218 ἱερῶν
569 3145 673 3216 τῆς
700 3143 896 3246 σοφίας
928 3143 1131 3215 ὀργίων
1172 3142 1536 3232 κατηξίωντο,
1569 3143 1673 3214 τὴν
1722 3142 1955 3213 καρδίαν
1978 3183 2024 3246 C

374 3237 742 3308 βαθυνόμενοι
765 3253 782 3267 ε
810 3228 893 3298 οἷς
919 3234 978 3287 δὲ
1001 3233 1110 3287 τῶν
1130 3229 1312 3305 ἔργων
1354 3232 1595 3302 Χριστοῦ
1645 3232 1747 3303 τὴν
1789 3249 1957 3303 μεγα-

372 3328 720 3397 λοπρέπειαν
748 3323 1112 3390 κατεθεῶντο,
1139 3323 1275 3395 πρὸς
1290 3323 1544 3393 οὐράνιον
1571 3321 1705 3393 ὕψος
1729 3322 1966 3387 πίστεως

376 3420 481 3471 τὸν
506 3417 630 3470 νοῦν
659 3415 1092 3486 ἀνατεινόμενοι,
1119 3415 1319 3485 εὐγενῆ
1349 3416 1445 3468 καὶ
1491 3412 1700 3485 ὣριμον
1746 3414 1839 3469 τὸν
1865 3417 1965 3484 τῆς

382 3510 608 3580 ἀγάπης
631 3509 918 3564 ἀπεδίδουν
955 3507 1191 3580 καρπόν.

463 3599 621 3654 Ὅθεν
653 3601 840 3663 αὐτοῖς
878 3598 1007 3670 περὶ
1034 3597 1104 3652 τὰ
1155 3598 1303 3668 ἥττω
1332 3597 1550 3666 φανεῖσι
1581 3598 1816 3663 πιστοῖς,
1870 3599 1970 3652 καὶ

375 3693 516 3764 περὶ
541 3691 610 3746 τά
641 3692 814 3762 μείζω
842 3689 1158 3760 λογισθῆναι
1207 3694 1421 3754 πιστοῖς
1459 3707 1474 3722 σ
1510 3693 1606 3745 καὶ
1647 3691 1756 3744 τῶν
1783 3689 1963 3761 ἔργων

393 3782 576 3854 Ἰησοῦ
628 3782 727 3853 τὴν
782 3781 1148 3853 λαμπρότητα
1167 3785 1404 3847 πίστεως
1425 3783 1752 3855 ὑποσχόντες
1767 3781 1972 3836 τελειό-

377 3876 650 3946 τητι,καὶ
685 3875 786 3944 τῆς
812 3873 1144 3946 ὑπερουσίου
1172 3874 1446 3945 θεότητος,
1487 3874 1564 3940 ὡς
1614 3873 1836 3944 ἐφικτὸν
1875 3874 1971 3927 ἀν-

376 3967 638 4038 θρωπίνῃ
690 3966 1044 4037 κατηξιοῦντο
1097 3965 1281 4036 φύσει.
1313 3967 1427 4022 Καὶ
1468 3967 1578 4037 γάρ
1606 3967 1668 4020 οὐ
1697 3968 1810 4030 τοῖς
1834 3965 1968 4018 πολ-

376 4060 502 4122 λοῖς
544 4057 736 4111 ἑαυτὸν
784 4058 1128 4111 ὲνεπίστευεν
1152 4057 1182 4110 ό
1210 4057 1560 4130 ὑπερούσιος,
1603 4056 1792 4127 σαφῶς
1839 4057 1971 4110 ἑκά-

381 4169 519 4206 στου
545 4151 617 4204 τὰ
644 4149 851 4221 κρύφια
877 4149 977 4220 τῆς
1035 4149 1265 4220 καρδίας
1289 4150 1655 4221 καταθεωρῶν
1674 4166 1689 4181 ο
1713 4149 1835 4204 οὑδὲ
1863 4149 1969 4201 πᾶ-

381 4259 475 4296 σιν
499 4241 760 4312 ἐξαπίνης
807 4243 920 4303 τοῖς
983 4239 1291 4310 μαθηταῖς·
1337 4237 1455 4292 ἀλλ’
1485 4239 1604 4302 οὓς
1642 4236 1972 4308 ἀξιωτέρους

377 4333 528 4404 ᾔδει,
558 4330 882 4402 καὶμᾶλλον
942 4330 1052 4384 τῶν
1109 4330 1286 4385 ἄλλων
1319 4330 1670 4400 πιστοτέρους
1727 4329 1974 4400 παραλα-

382 4423 533 4478 6ών’
557 4425 652 4477 καὶ
716 4422 797 4494 τῷ
836 4421 1106 4494 Θαϐωρίῳ
1156 4422 1620 4494 προσαναγαγὼν,
1656 4421 1756 4493 τὴν
1801 4420 1972 4476 αὑτοῦ

379 4517 545 4583 δόξαν
563 4517 750 4590 ἠρέμα
771 4514 1290 4588 μεταμορφούμενος
1313 4515 1617 4581 ὑπέδειξεν.

457 4697 631 4751 Τοῦτο
665 4696 765 4768 μὲν
810 4693 926 4764 οὖν,
964 4696 1027 4751 οὑ
1046 4696 1144 4752 τοῦ
1180 4695 1432 4752 Ἰωάννου
1488 4695 1672 4766 μόνον,
1703 4695 1840 4750 ἀλλὰ
1871 4696 1970 4752 καὶ

395 4789 660 4844 Ἰακώϐου
691 4789 788 4843 καὶ
830 4788 1041 4860 Πέτρου
1090 4787 1192 4860 τῆς
1233 4787 1473 4851 πίστεως
1503 4788 1776 4856 ἀπόδειξις
1805 4791 1970 4860 εναρ-

382 4884 498 4952 γής
522 4897 536 4911 ·
568 4882 872 4953 τεκμήριον
899 4880 957 4934 δὲ
993 4880 1094 4950 τῆς
1113 4949 1116 4952 γ
1138 4881 1281 4934 κατὰ
1323 4879 1422 4951 τὴν
1447 4880 1669 4950 ἀγάπην
1691 4881 1970 4955 τελειότΨ

384 4989 507 5036 τος,
540 4974 575 5043 ἠ
605 4972 749 5026 κατά
779 4971 840 5027 τὸ
863 4973 1128 5043 μυστικὸν
1148 4971 1364 5026 δεῖπνον
1393 4971 1488 5024 ἐπὶ
1531 4972 1593 5025 τὸ
1644 4972 1965 5044 ζωαρχικὼ-

385 5080 556 5117 τατον
589 5063 787 5132 στῆθος
817 5064 1101 5127 ἀνάκλισις
1120 5062 1215 5117 τοῦ
1239 5063 1521 5133 Θεολόγου.
1556 5064 1708 5117 Ἐπεὶ
1735 5064 1842 5135 γὰρ
1870 5064 1966 5118 ἕνα

387 5155 504 5209 τῶν
524 5155 974 5227 συνεστιωμένων
1028 5154 1376 5225 παραδώσειν
1431 5155 1594 5208 αὑτὸν
1640 5155 1968 5226 προειρηκέ-

389 5265 512 5312 ναι,
545 5246 779 5318 θορύσου
815 5248 937 5319 μὲν,
975 5247 1051 5312 ὡς
1083 5247 1252 5314 εἰκὸς,
1292 5247 1389 5310 τάς
1406 5246 1638 5316 καρδίας
1656 5245 1764 5298 τῶν
1793 5246 1964 5317 μαθη-

389 5336 509 5390 τῶν
535 5337 631 5389 καὶ
654 5336 830 5407 λύπης
873 5334 1196 5405 ἀγωνιώσας
1257 5335 1737 5405 ὑποπίμπλασθαι·
1779 5335 1967 5388 οὐδένα

389 5431 454 5484 δὲ
499 5430 781 5502 παρρησίᾳ
827 5430 1034 5501 τολμᾷν
1060 5430 1292 5500 ἐρωτᾷν,
1321 5430 1370 5481 εί
1427 5427 1502 5499 μὴ
1552 5426 1643 5480 τὸν
1689 5429 1832 5481 κατά
1874 5431 1973 5498 τὴν

394 5523 555 5594 ίεράν
577 5525 796 5594 ἀγάπην
818 5522 1265 5594 ὑπερϐαλλόντως
1301 5519 1746 5589 τετελειωμένον,
1770 5521 1828 5586 ὃς
1855 5522 1971 5591 ἐχό-

395 5633 542 5687 μενα
566 5615 959 5686 κατακείμενος
1003 5616 1082 5687 τῷ
1135 5613 1442 5686 διδασκάλῳ
1467 5631 1482 5647 ο
1519 5614 1872 5685 προσαναὸἀς
1889 5615 1967 5683 δὲ,

2059 1953 2332 2020 lientium,
2373 1953 2545 2009 radiis
2589 1954 2774 2010 animo
2829 1955 3157 2018 collustrati,
3198 1957 3366 2026 inque
3429 1970 3632 2009 novum

2058 2044 2341 2100 hominem
2385 2059 2449 2098 ac
2470 2043 2792 2099 deil‘ormem
2827 2044 3203 2100 transformati
3229 2061 3244 2110 ;
3271 2044 3638 2099 admirandis-

2059 2150 2168 2204 que
2192 2134 2458 2204 operibus
2487 2133 2543 2188 in
2580 2133 2688 2189 ﬁde
2721 2131 2989 2197 roborati,
3023 2147 3087 2186 ac
3121 2131 3432 2187 dilectionis
3488 2129 3642 2184 ﬁam-

2060 2241 2204 2280 mam
2233 2226 2302 2280 de
2348 2225 2438 2280 die
2467 2225 2524 2280 in
2548 2224 2698 2280 diem
2753 2225 3108 2288 suscitantes,
3157 2223 3420 2292 velutque
3479 2221 3642 2276 nobi-

2061 2317 2200 2373 liora
2235 2317 2627 2389 vegetioraque
2658 2332 2723 2374 ac
2743 2317 2919 2388 magis
2940 2317 3173 2372 virentia
3218 2315 3485 2386 germina,
3511 2315 3639 2385 pin-

2061 2409 2266 2481 guique
2296 2425 2361 2465 ac
2383 2410 2565 2480 opima
2622 2410 2871 2481 subjecta
2929 2409 3100 2464 humo
3157 2409 3391 2474 consita,
3423 2421 3642 2464 necnon

2063 2502 2252 2557 sedula
2279 2503 2583 2572 plantantis
2615 2502 2902 2573 diligentia
2926 2501 3164 2566 exculta,
3215 2500 3379 2557 citius
3394 2499 3646 2570 proceri-

2063 2603 2175 2649 tate
2227 2603 2551 2664 augescunt,
2604 2593 2839 2664 altisque
2891 2592 3107 2648 ﬁrmata
3158 2593 3458 2660 radicibus,
3524 2602 3641 2648 tum

2063 2685 2176 2739 cito
2205 2694 2573 2751 crassescunt,
2617 2695 2736 2740 tum
2765 2685 3029 2749 fructum,
3086 2692 3147 2740 ut
3174 2700 3274 2756 par
3333 2694 3441 2748 est,
3477 2685 3638 2756 longe

2063 2777 2292 2834 uberem
2314 2777 2603 2849 proferunt
2628 2794 2644 2845 ;
2671 2777 3141 2848 sic'probatissimi
3161 2778 3326 2834 Verbi
3357 2777 3642 2848 discipuli,

2063 2883 2192 2923 cum
2252 2869 2492 2924 honesta
2542 2869 2780 2924 maxime
2844 2877 3010 2940 atque
3063 2868 3272 2938 optima
3323 2878 3646 2940 praestarent

2064 2960 2266 3016 mentis
2291 2961 2499 3027 indole,
2554 2976 2664 3032 qua
2687 2962 2860 3016 sacris
2909 2961 3194 3031 sapientiae
3245 2961 3417 3032 orgiis
3457 2961 3644 3017 initia-

2065 3051 2285 3118 bantur,
2303 3053 2411 3108 alte
2426 3052 2612 3106 animo
2646 3051 2812 3106 deﬁxi
2844 3068 2994 3124 ;qua
3027 3067 3160 3109 vero
3175 3067 3406 3124 operum
3435 3052 3645 3109 Christi

2066 3145 2523 3217 magniﬁcentiam
2551 3144 2975 3210 contuebantur,
3009 3144 3066 3199 in
3091 3145 3369 3201 caelestem
3394 3143 3522 3199 ﬁdei
3547 3160 3644 3200 su-

2065 3235 2391 3291 blimitatem
2442 3242 2628 3290 mente
2660 3234 2918 3301 surrecti,
2964 3233 3207 3290 nobilem
3269 3249 3334 3289 ac
3368 3242 3643 3291 maturum

2066 3328 2382 3385 dilectionis
2404 3327 2646 3383 fructum
2671 3326 2997 3383 reddebant.

2139 3603 2281 3660 Hinc
2298 3618 2495 3675 nempe
2531 3603 2737 3674 adepti,
2777 3611 2838 3658 ut
2871 3617 2998 3658 cum
3029 3605 3086 3656 in
3117 3600 3426 3658 minoribus
3457 3600 3644 3658 ﬁdeles

2068 3697 2417 3752 exstitissent
2443 3736 2458 3759 ,
2485 3696 2653 3752 etiam
2685 3695 2742 3750 in
2771 3694 3075 3766 majoribus
3124 3693 3316 3750 ﬁdeles
3368 3693 3644 3750 haberen-

2071 3790 2218 3843 tur"
2243 3802 2619 3858 :Operumque
2642 3788 2774 3844 Iesu
2795 3788 3145 3858 splendorem
3172 3787 3497 3858 perfectioni
3516 3787 3642 3842 ﬁdei

2072 3882 2480 3953 permittentes,
2536 3882 3090 3952 supersubstantialis
3142 3896 3363 3951 quoque
3397 3880 3642 3944 deitatis,

2070 3973 2252 4044 quoad
2298 3972 2553 4027 humana:
2583 3981 2796 4026 natura:
2853 3986 3177 4028 concessum
3205 3980 3311 4036 est,
3361 3982 3644 4042 compotes

2071 4063 2440 4120 eﬁicerentur.
2469 4062 2590 4117 Non
2617 4061 2766 4117 enim
2789 4061 2954 4132 vulgo
2984 4061 3224 4131 seipsum
3242 4061 3525 4128 credebat,
3547 4063 3641 4133 qui

2071 4149 2434 4207 substantiam
2484 4163 2704 4204 omnem
2761 4150 2999 4212 excedit,
3033 4149 3184 4220 quod
3241 4151 3508 4222 cujusque
3555 4169 3621 4226 oc

2071 4243 2218 4298 culta
2231 4241 2414 4297 cordis
2423 4242 2601 4312 palam
2623 4241 2934 4298 intueretur
2947 4243 3016 4274 "‘
3038 4264 3053 4295 :
3074 4256 3177 4298 nec
3191 4242 3405 4297 cunctis
3419 4252 3648 4312 repente

2072 4331 2396 4401 discipulis;
2445 4331 2541 4387 sed
2565 4332 2674 4387 illis
2694 4332 2990 4402 assumptis
3049 4347 3188 4402 quos
3233 4332 3513 4404 digniores
3549 4351 3648 4391 no-

2072 4431 2246 4486 verat,
2265 4435 2330 4475 ac
2361 4421 2552 4491 majori
2572 4421 2786 4477 ceteris
2816 4421 2925 4477 ﬁde
2945 4431 3300 4491 praestantes;
3333 4423 3650 4480 subductis-

2002 4522 2048 4578 ι)
2075 4526 2183 4583 que
2241 4511 2352 4567 illis
2372 4511 2440 4566 ad
2475 4511 2735 4566 Thaborii
2755 4513 2992 4575 excelsa,
3020 4526 3176 4566 suam
3204 4511 3287 4567 eis
3339 4512 3648 4568 claritatem

2070 4600 2269 4656 leniter
2309 4599 2727 4657 transformatus
2747 4601 2989 4658 ostendit
3012 4603 3080 4656 “.

2139 4695 2199 4750 ld
2228 4694 2474 4766 quidem,
2503 4710 2616 4750 non
2640 4692 2867 4754 Joannis
2890 4695 3178 4760 duntaxat,
3235 4693 3331 4750 sed
3369 4703 3427 4750 et
3455 4695 3645 4751 Jacobi

2070 4796 2127 4842 et
2156 4787 2304 4842 Petri
2356 4786 2486 4841 ﬁdei
2515 4793 2707 4856 aperta
2757 4783 3014 4855 probatio
3055 4791 3142 4839 est
3180 4781 3479 4854 :perfectaa
3516 4801 3646 4841 vero

2069 4879 2382 4935 dilectionis
2409 4885 2621 4936 certum
2678 4876 2964 4941 indicium,
3013 4875 3251 4947 theologi
3300 4875 3358 4930 in
3417 4878 3646 4950 mystica

2071 4986 2226 5027 coena
2255 4985 2412 5041 super
2453 4968 2838 5026 vitalissimum
2861 4975 3055 5040 pectus
3087 4967 3371 5024 recubitus
3398 4970 3464 5023 ".
3487 4969 3644 5036 Quod

2071 5062 2218 5120 enim
2237 5062 2634 5132 discipulorum
2663 5059 2849 5126 corda,
2875 5058 3082 5116 idcirco
3131 5060 3280 5132 quod
3319 5061 3643 5132 praedictum

2071 5162 2192 5208 erat
2221 5193 2237 5217 ,
2272 5151 2388 5208 fore
2443 5160 2503 5207 ut
2555 5152 2834 5207 communi
2874 5167 3063 5209 mensa
3118 5155 3452 5210 cenantium
3502 5171 3647 5210 unus

2073 5245 2391 5316 Magistrum
2446 5245 2708 5311 traderet,
2738 5245 3073 5302 turbationis
3094 5257 3258 5316 atque
3281 5250 3554 5311 maeroris.
3585 5261 3645 5304 ut

2073 5351 2172 5405 par
2204 5347 2306 5401 est,
2350 5337 2605 5407 anxiique
2639 5337 2855 5392 timoris
2871 5339 3031 5408 plena
3053 5341 3298 5394 erant'°'
3333 5358 3347 5394 :
3373 5356 3473 5395 nec
3500 5342 3645 5396 ullus

2073 5431 2251 5501 palam
2282 5432 2618 5502 interrogare
2646 5432 2906 5496 audebat,
2955 5443 3184 5502 excepto
3224 5434 3490 5488 duntaxat
3546 5437 3642 5502 qui

2067 5533 2238 5577 sacrae
2272 5522 2581 5577 dilectionis
2606 5523 2940 5594 perfectione
2961 5525 3292 5580 excellenter
3325 5525 3640 5594 praestabat,

2067 5627 2192 5666 cum
2223 5611 2481 5682 Magistro
2525 5612 2808 5682 proximus
2829 5612 3226 5678 discumberet,
3269 5613 3538 5684 tantiSpcr
3568 5618 3638 5670 ad

465 5816 514 5848 ”
549 5813 681 5896 Luc.
746 5831 853 5883 xvr,
897 5814 980 5871 10.
1075 5816 1140 5850 ’δ’
1171 5816 1326 5870 Joan.
1348 5831 1405 5882 ιι,
1437 5815 1524 5871 24.
1607 5818 1652 5848 ’⁸
1681 5817 1867 5875 Matth.
1898 5833 1962 5872 xv

2065 5814 2087 5868 l
2122 5830 2135 5881 ;
2175 5813 2336 5868 Marc.
2378 5829 2452 5879 ix,
2485 5813 2510 5868 ί
2547 5831 2562 5881 ;
2609 5813 2740 5870 Luc.
2774 5830 2844 5879 ix,
2898 5815 2982 5871 l7.
3060 5818 3123 5848 "‘
3162 5819 3317 5873 Jonn.
3357 5835 3472 5888 xm,
3501 5818 3590 5876 23.

714 5909 983 5970 PATROL.
1028 5911 1120 5969 Gn
1167 5909 1316 5972 ‘CV.

3193 5913 3228 5972 4
