4094 6408
603 356 702 420 107

1794 350 2088 410 ΝΙΟΕἯΕ
2129 350 2214 408 PA
2227 349 2653 408 PllLAGONlS

3739 355 3835 418 108

592 492 722 534 eum
775 471 1096 537 ascendens,
1129 468 1388 540 omnique
1409 468 1721 523 reverentia
1762 479 1952 536 pectus
2011 481 2160 522 suum

2274 483 2366 518 και
2394 467 2456 518 τὸ
2505 467 2710 521 οίκεῖον
2770 467 2964 539 στῆθος
3011 467 3372 532 πανευλαὸῶς
3428 469 3720 542 ἐπερείσας
3765 474 3839 543 τῷ

593 567 880 626 Dominico
912 562 1240 627 admonens,
1263 575 1436 630 osque
1453 559 1603 614 illius
1643 557 1872 613 auribus
1899 556 2160 612 adhibens

2274 559 2614 629 Δεσποτικῷ,
2649 559 2744 614 καὶ
2783 561 2846 613 τὸ
2898 561 3076 631 στόμα
3105 562 3374 633 παραθεὶς
3413 565 3529 626 τοῖς
3565 563 3717 628 ὠσὶν,
3765 566 3841 634 (ὣ

593 663 648 728 (o
679 661 892 714 beatam
943 654 1524 726 religiosissimamque
1584 651 1925 718 audaciam!)
1954 665 2023 705 ex
2075 649 2160 703 illo

2276 651 2555 722 μακαρίας
2578 653 2676 705 καὶ
2715 653 3142 723 θεοφιλεστάτης
3191 653 3398 725 τόλμης
3423 655 3466 724 ί)
3521 655 3841 710 πυνθάνεται

591 759 942 824 percontatur
1002 747 1367 819 proditorem,
1425 759 1662 814 eumque
1741 743 1898 813 signo
1952 740 2160 800 intincti

2273 744 2374 812 μὲν
2397 743 2527 815 παρ’
2557 744 2724 799 αὐτοῦ
2759 745 2852 797 τὸν
2878 745 3146 816 προδότην
3168 762 3182 776 ο
3217 747 3521 817 συνθήματι
3555 747 3612 800 δὲ
3633 749 3838 809 τοῦτον,

589 847 751 915 panis
776 844 1029 898 docetur.

657 937 870 992 Clarius
897 949 1030 990 vero
1053 931 1478 1002 expressiusque
1502 930 1557 984 in
1591 926 1912 990 crastinum,
1959 925 2170 980 deifica:

2267 837 2348 907 τῷ
2373 837 2519 891 κατά
2541 837 2634 890 τὸν
2656 836 2843 907 ἄρτον,
2873 836 3276 892 ἐκδιδάσκεται.

2350 928 2861 999 Ἐμφαντικὼτερον
2885 929 2942 984 δὲ
2970 932 3036 1000 τῇ
3063 929 3214 999 ἑξῆς,
3253 929 3352 1000 τὴν
3397 929 3487 984 διὰ
3528 929 3628 1000 τῆς
3653 929 3839 984 θεωτι·

591 1027 899 1084 dilectionis
925 1023 1387 1080 necessitudinem
1411 1037 1510 1077 seu
1564 1018 1980 1089 perfectionem,
2017 1017 2160 1074 solus

2270 1020 2372 1090 κῆς
2438 1019 2660 1088 ἀγάπης
2697 1020 3030 1091 οίκείωσινῆ
3065 1020 3366 1085 τελείωσιν,
3401 1021 3430 1074 δ
3484 1021 3646 1089 μόνον
3700 1022 3844 1074 τελε-

594 1117 978 1188 mysteriorum
1001 1122 1192 1167 auctor
1222 1111 1381 1167 Jesus
1410 1109 1464 1163 in
1489 1123 1652 1162 cruce
1688 1107 1846 1176 quasi
1875 1107 2162 1176 aenigmate

589 1208 831 1264 ostendit
857 1225 872 1273 ;
899 1206 1030 1260 dum
1054 1203 1212 1260 Matri
1263 1201 1642 1273 praedilectum
1674 1198 2009 1268 discipulum
2043 1207 2166 1253 tan-

589 1315 751 1370 quam
777 1296 949 1352 ﬁlium
983 1293 1405 1356 commendavit,
1463 1291 1758 1360 Matrisque
1807 1307 1994 1346 curam
2039 1307 2166 1346 cor-

594 1390 832 1460 poralem
859 1389 914 1443 in
943 1401 1070 1442 eum
1105 1385 1279 1439 ﬁlium
1316 1384 1541 1449 retulit;
1565 1399 1628 1438 ac
1653 1384 1806 1438 velut
1826 1382 1910 1437 sui
1941 1397 2164 1452 permu-

594 1479 853 1532 tationem
890 1476 1243 1546 pretiumque
1277 1472 1374 1527 Dei
1424 1473 1689 1528 Genitrici
1736 1472 2020 1539 traditum,
2064 1486 2160 1526 ve-

591 1573 722 1627 riori
753 1571 922 1642 gradu
952 1570 1179 1624 fratrem
1209 1569 1312 1622 sibi
1331 1583 1456 1623 eum
1484 1567 1738 1622 adhibuit
1767 1568 1834 1622 '7.

691 1662 829 1729 Quia
859 1661 1006 1717 enim
1043 1658 1242 1729 reliqui
1275 1672 1466 1712 omnes
1524 1657 1782 1726 discipuli
1836 1647 2044 1727 (absit‘,
2101 1663 2166 1710 ut

589 1755 736 1825 quod
790 1753 1081 1808 molestum
1109 1758 1215 1817 est,
1266 1759 1440 1804 totum
1465 1748 1668 1816 dicam)
1699 1749 2002 1803 irruentem
2061 1762 2163 1816 po-

592 1854 844 1902 testatem
879 1843 1255 1904 tenebrarum,
1319 1841 1580 1909 Judaeque
1607 1849 1892 1895 cruentam
1948 1853 2165 1910 grassa-

529 1998 532 2002 ,
593 1937 820 2001 tionem,
859 1948 1077 1988 necnon
1109 1931 1425 1988 Judaaorum
1483 1930 1694 1985 rabiem
1739 1945 1803 1985 ac
1852 1931 2160 1994 s:evitiam,

589 2030 965 2097 adversusque
997 2025 1336 2080 Salvatorem
1384 2024 1662 2079 vesaniam
1715 2039 1825 2078 non
1880 2025 2120 2079 ferentes
2145 2061 2161 2086 ,

591 2121 774 2192 fugam
804 2118 1154 2188 arripuerant
1210 2132 1224 2167 :
1257 2125 1313 2170 tu
1340 2130 1472 2170 vero
1511 2131 1578 2169 ex
1595 2115 1850 2170 omnibus
1906 2125 2162 2185 tanquam

592 2212 737 2265 firmi
762 2225 829 2265 ac
857 2208 1266 2264 tolerantissimi
1289 2207 1456 2261 animi
1497 2215 1558 2262 ut
1586 2207 1682 2276 qui
1728 2207 1924 2277 majori
1973 2207 2162 2262 fortio-

594 2306 750 2374 riqne
801 2302 1005 2356 amoris
1033 2300 1087 2355 vi
1117 2300 1374 2370 Magistro
1421 2298 1898 2364 devinctusesses,
1946 2300 2162 2354 cunctis

591 2397 670 2450 illi
693 2393 1026 2451 salutaribus
1097 2390 1490 2446 cruciamentis
1522 2405 1728 2455 comes,
1759 2407 1873 2460 prae
1915 2391 2010 2446 illo
2047 2391 2164 2446 fere

592 2488 769 2542 dirius
802 2483 1048 2540 molestis
1091 2481 1414 2538 aﬂiciebaris
1444 2499 1461 2548 ;
1504 2483 1600 2552 qui
1649 2498 1864 2553 nempe
1896 2492 2154 2554 tanquam

592 2577 922 2634 acutissimis
953 2577 1150 2648 jaculis
1194 2575 1405 2630 viscera
1437 2576 1987 2640 transverberareris,
2039 2577 2160 2631 val-

593 2673 772 2740 deque
797 2668 1012 2724 acerbis
1045 2668 1193 2722 illius
1225 2682 1388 2722 causa
1439 2665 1724 2722 doloribus
1767 2668 1951 2723 animo
1970 2683 2166 2722 exure-

565 2763 740 2818 .reris
772 2779 786 2816 :
818 2759 1152 2816 condolebas
1213 2759 1361 2829 quod
1398 2759 1724 2815 verberibus
1768 2761 2146 2830 excipiebatur

593 2855 855 2923 varieque
883 2853 1135 2922 colaphis
1170 2851 1536 2907 dehonestato
1581 2852 1934 2908 miseratione
1967 2853 2166 2908 aflicie-

592 2947 740 3001 baris
783 2965 797 3000 :
830 2945 927 3001 sed
958 2953 1016 3000 et
1044 2946 1196 3000 cruci
1232 2945 1390 3001 affixo
1418 2947 1564 3002 solus
1597 2962 1724 3002 cum
1767 2947 1933 3002 Maria
1956 2957 2160 3011 astans,

589 3055 700 3094 una
725 3043 785 3092 "et
804 3039 922 3108 ipse
957 3037 1199 3107 quodam
1236 3039 1401 3093 modo
1441 3039 1591 3094 cruci
1619 3039 1845 3095 sufﬁxus
1887 3055 2034 3102 eras,
2063 3039 2159 3108 qui

2264 1114 2472 1184 τάρχης
2506 1113 2600 1166 ἐπὶ
2622 1112 2714 1166 τοῦ
2756 1113 2994 1184 σταυροῦ
3053 1114 3437 1186 παρενέφηνεν
3498 1112 3707 1183 Ἰησοῦς
3737 1131 3750 1144 ·
3779 1115 3842 1184 τῇ

2265 1206 2450 1276 Μητρὶ
2479 1207 2575 1275 μὲν
2609 1208 2689 1268 εἰς
2717 1206 2830 1258 υίὸν
2857 1206 2951 1259 τὸν
2977 1207 3334 1277 ἠγαπημένον
3387 1207 3843 1276 παρακατατιθεὶς

2269 1297 2559 1368 μαθητήν·
2612 1297 2690 1368 τῷ
2737 1298 2794 1351 δὲ
2835 1299 2936 1368 τῆς
2968 1299 3192 1368 Μητρὸς
3241 1298 3341 1368 τὴν
3390 1297 3534 1351 κατὰ
3581 1296 3644 1350 τὸ
3692 1297 3842 1366 σῶμα

2267 1390 2610 1460 προμήθειαν
2641 1391 2718 1454 ὡς
2769 1389 2874 1459 ιοίῷ
2906 1391 3223 1453 ἀνατιθείς’
3278 1390 3373 1443 καὶ
3415 1384 3529 1444 οἷον
3574 1389 3840 1444 ἀντάλλα-

2264 1496 2383 1548 γμα
2407 1483 2473 1551 τῇ
2505 1482 2751 1551 Θεοτόκῳ
2775 1481 2950 1544 διδοὺς
2989 1481 3206 1545 ἑαυτοῦ,
3237 1481 3333 1534 καὶ
3385 1483 3468 1544 είς
3492 1479 3646 1545 τάξιν
3685 1481 3842 1534 αὐτὸν

2263 1573 2622 1643 ἀδελφότητος
2645 1575 3018 1645 γνησιωτέρας
3047 1575 3238 1637 τιθείς.

2346 1665 2564 1736 Ἐπειδὴ
2585 1666 2692 1736 γὰρ
2722 1667 2771 1718 οἱ
2817 1667 2915 1735 μὲν
2949 1666 3097 1720 ἄλλοι
3127 1667 3370 1738 μαθηταὶ
3396 1669 3601 1731 πάντες
3647 1684 3664 1700 ο
3683 1667 3842 1740 ἀπείη

2282 1754 2339 1808 δέ
2365 1772 2456 1824 μοι
2495 1756 2753 1826 φορτικὸν
2807 1757 2951 1810 ἅπαν
3015 1759 3210 1823 εἰπεῖν,
3261 1759 3359 1828 τὴν
3416 1757 3844 1814 ὲπεισπεσοῦσαν

2263 1849 2357 1902 τοῦ
2411 1851 2640 1915 σκότους
2695 1851 2968 1916 ἐξουσίαν,
3018 1852 3118 1905 καὶ
3183 1851 3284 1923 τὴν
3331 1851 3500 1906 Ἰούδα
3565 1852 3844 1923 μιαιφόνον

2262 1941 2533 2009 ἐπίθεσιν,
2557 1943 2793 1997 καὶτῶν
2833 1943 3106 1998 Ἰουδαίων
3130 1945 3230 2016 τὴν
3285 1944 3486 1998 λύτταν
3530 1946 3627 1999 καὶ
3669 1945 3844 2014 ὕϐριν,

2265 2035 2360 2087 καὶ
2384 2035 2485 2106 τὴν
2516 2035 2661 2089 κατὰ
2712 2035 2808 2088 τοῦ
2857 2037 3116 2104 Σωτῆρος
3173 2036 3435 2090 ἀπόνοιαν
3484 2035 3690 2106 ἔφυγον
3754 2037 3846 2090 οὐκ

2263 2127 2598 2194 ἐνεγκόντες,
2655 2129 2721 2182 σὺ
2767 2128 2824 2181 δὲ
2866 2129 3026 2200 μόνος
3075 2131 3142 2183 ὲκ
3193 2129 3434 2194 πάντων,
3466 2128 3542 2192 ὡς
3581 2128 3846 2198 σταθεράς

2264 2216 2360 2270 καὶ
2385 2219 2873 2290 καρτερικωτάτης
2898 2219 3160 2284 διανοίας,
3187 2221 3284 2274 ἅτε
3320 2219 3532 2290 μείζονι
3572 2219 3666 2273 καὶ
3706 2221 3847 2288 ἰσχύι-

2277 2308 2479 2379 ροτάτῃ
2509 2311 2854 2380 συνημμένος
2914 2310 2994 2380 τῷ
3045 2311 3357 2382 διδασκάλῳ
3413 2315 3638 2382 στοργῇ,
3680 2313 3845 2364 πᾶσιν

2271 2399 2418 2468 αὐτῷ
2437 2402 2549 2462 τοῖς
2577 2401 2868 2471 σωτηρίοις
2888 2385 3176 2471 παθήμασί
3205 2403 3420 2472 παρὼν,
3449 2403 3612 2456 πλέον
3641 2403 3674 2473 ἢ
3711 2404 3844 2459 ἐκεῖ.

2264 2506 2353 2552 νος
2410 2493 2657 2561 μετεῖχες
2694 2493 2804 2545 τῶν
2843 2495 3114 2562 ἀνιαρῶν·
3139 2488 3229 2549 οἷα
3277 2495 3376 2565 μὲν
3409 2494 3618 2565 βολίσιν
3647 2495 3842 2560 ὀξείαις

2262 2581 2331 2634 τά
2369 2581 2656 2652 σπλάγχνα
2683 2585 3124 2655 τιτρωσκόμενος
3153 2603 3168 2618 °
3209 2585 3425 2648 ὀδύναις
3449 2585 3508 2640 δὲ
3537 2587 3679 2658 ἀγαν
3739 2589 3840 2657 δρι-

2267 2672 2452 2742 μείαις
2479 2673 2620 2743 ὑπὲρ
2649 2674 2861 2728 ἐκείνου
2888 2676 3356 2747 πυρπολούμενος,
3398 2677 3495 2732 xai.
3550 2695 3694 2748 μαστ
3706 2695 3841 2746 ιγου-

2267 2762 2415 2833 μένῳ
2450 2764 2758 2835 συνήλγεις,
2784 2767 2880 2819 καὶ
2903 2767 3246 2838 συνέπασχες
3273 2768 3634 2839 πολυτρόπως
3679 2769 3830 2822 κολα-

2263 2850 2543 2923 φιξομένῳ
2569 2853 2664 2907 καὶ
2690 2856 3082 2927 σταυρουμὲνῳ
3097 2856 3154 2909 δὲ
3182 2856 3345 2926 μόνος
3387 2858 3506 2928 ἃμα
3546 2859 3614 2928 τῇ
3662 2858 3832 2928 Μητρὶ

2263 2941 2572 3010 παρεστὼς,
2598 2944 2797 3014 τρόπον
2827 2946 2951 3000 τινὰ
2974 2946 3453 3019 συνεσταυρώθης·
3504 2947 3605 3009 τάς
3627 2964 3690 3000 τε
3733 2947 3827 2999 τῶν

2261 3032 2409 3101 ἥλων
2435 3035 2680 3105 τρήσεις,
2701 3036 2799 3088 καὶ
2819 3036 2917 3106 τὴν
2937 3037 3036 3107 τῆς
3071 3036 3274 3108 λόγχης
3327 3037 3674 3106 ὲκκέντησιν,
3725 3052 3828 3087 και-

589 3131 846 3186 videliCet
869 3131 1154 3186 clavorum
1181 3131 1388 3200 pariter
1415 3130 1820 3200 perfora-tiones
1849 3131 2159 3200 lanceaque

2269 3126 2390 3196 ρίας
2413 3127 2554 3181 κατά
2577 3128 2682 3198 τῆς
2703 3128 2930 3200 καρδίας
2957 3129 3282 3200 δεδεγμένος
3310 3129 3494 3201 βολάς.
3528 3128 3631 3182 Διά
3659 3129 3817 3184 ταῦτα

591 3223 967 3293 punctionem,
997 3221 1240 3276 lethales
1297 3223 1484 3277 animo
1545 3223 1687 3278 ictus
1723 3237 2041 3292 exceperas.
2075 3221 2162 3276 ld-

591 3314 739 3367 circo
782 3313 950 3382 igitur
986 3327 1098 3366 non
1145 3311 1247 3366 bos
1289 3312 1490 3366 frustra
1537 3311 1846 3366 sustinuisti
1907 3311 2159 3366 laborum

592 3404 833 3467 aculeos,
865 3402 960 3458 sed
997 3417 1124 3457 cum
1161 3404 1422 3472 operibus
1459 3418 1592 3458 vero
1615 3404 1853 3457 amicum
1884 3404 2159 3472 praetulis-

592 3510 702 3560 scs,
741 3495 879 3549 alter
905 3493 997 3548 ille
1024 3493 1174 3548 visus
1203 3508 1280 3548 es.
1331 3493 1448 3547 Hoc
1478 3509 1619 3548 verae
1659 3494 1914 3550 amicitia:
1933 3509 2153 3560 munus;

594 3586 699 3639 hoc
723 3599 1006 3640 sacrorum
1070 3583 1324 3638 laborum
1381 3585 1588 3655 aequale
1642 3585 1976 3656 dignumque
2026 3601 2162 3655 pra:-

593 3677 762 3730 mium
796 3691 810 3741 ;
849 3675 946 3745 qui
974 3689 1172 3745 nempe
1219 3690 1385 3744 supra
1421 3691 1586 3744 quam
1642 3691 1853 3730 summe
1905 3676 2157 3730 eximiam

592 3767 756 3821 Verbi
785 3766 1083 3821 amicitiam
1118 3766 1236 3837 (seu
1289 3766 1472 3836 potius
1525 3767 1710 3822 fratris
1745 3767 2074 3838 .dignitatem
2104 3775 2162 3822 et

589 3858 811 3927 nomen)
836 3857 1053 3914 cunctis
1107 3857 1325 3928 dignius
1376 3857 1921 3928 magnificentiusque
1968 3873 2161 3913 conse-

588 3957 752 4004 cutus
777 3948 874 4004 sis.
897 3949 1116 4006 Etenim
1139 3965 1251 4004 non
1293 3948 1542 4018 corporis
1568 3949 1973 4020 indulgentiore
2005 3950 2157 4004 cultu

2263 3219 2465 3284 τοίνυν,
2497 3219 2561 3273 ού
2593 3223 2796 3291 προῖκα
2846 3221 3051 3285 ταύτας
3087 3221 3312 3292 ἀνέτλης
3360 3220 3470 3274 τῶν
3514 3221 3688 3274 πόνων
3734 3219 3819 3280 τάς

2265 3309 2486 3372 ἀκίδας’
2517 3309 2699 3380 ἔργοις
2720 3312 2779 3365 δὲ
2815 3310 2910 3366 τὸν
2946 3311 3121 3384 ἀληθῆ
3182 3311 3335 3382 φίλον
3411 3310 3806 3380 ἐπιδειξάμενος,

2265 3399 2426 3464 ἀλλος
2449 3402 2653 3465 ἐκεῖνος
2680 3401 2888 3472 ὤφθης.
2944 3403 3115 3457 Τοῦτο
3143 3405 3312 3475 γέρας
3348 3403 3530 3473 φιλίας
3555 3401 3801 3472 ἀληθινῆς,

2265 3488 2427 3542 τοῦτο
2449 3489 2557 3544 τῶν
2581 3491 2740 3559 ἱερῶν
2763 3491 2943 3546 πόνων
2968 3487 3131 3546 ἆθλον
3167 3491 3418 3558 ἀντάξιον
3437 3509 3453 3525 ο
3516 3493 3612 3564 τὴν
3663 3492 3810 3557 ὑπερ·

2267 3581 2576 3651 φυεστάτην
2594 3583 2770 3650 Λόγου
2799 3581 3086 3654 φιλότητα,
3115 3585 3318 3654 μᾶλλον
3372 3586 3432 3640 δὲ
3479 3586 3818 3655 ἀδελφότητα»

2267 3674 2494 3729 πάντων
2546 3675 3046 3750 ἀξιοπρεπέστερον
3090 3681 3555 3751 ἀπενεγκάμενος.
3591 3679 3704 3734 Καὶ
3727 3675 3822 3746 γὰρ

2265 3767 2365 3821 οὐκ
2390 3767 2656 3838 εὐπαθείᾳ
2678 3767 2928 3840 σώματος
2956 3770 3052 3824 καὶ
3075 3773 3259 3843 τρυφῇ
3287 3811 3304 3837 ,
3336 3771 3464 3842 ἀνίᾳ
3495 3769 3554 3824 δὲ
3607 3769 3705 3823 καὶ
3721 3781 3826 3819 πει-

2267 3859 2550 3930 ρασμοῖςή
2583 3859 2736 3926 φιλία
2771 3859 3200 3930 δοκιμαζομένη,
3251 3859 3502 3932 καθαρὰν
3554 3859 3657 3930 τὴν
3703 3855 3826 3928 πρὸς

2264 3949 2362 4002 τὸν
2398 3948 2554 4017 φίλον
2575 3944 2718 4003 οἶδεν
2741 3950 3108 4006 ἐπιδεικνύναι
3136 3953 3372 4023 στοργήν

586 4064 650 4101 ac
702 4046 940 4102 deliciis.
982 4047 1078 4102 sed
1129 4048 1379 4104 molestia
1437 4064 1503 4104 ac
1547 4046 1963 4114 tentationibus,
2015 4047 2244 4117 probata
2294 4045 2555 4112 amicitia,
2583 4046 2787 4102 claram
2841 4062 2970 4118 erga
3003 4045 3239 4102 amicum
3296 4061 3604 4119 puramque
3639 4042 3834 4101 amoris

589 4140 698 4192 vim
723 4147 1004 4194 ostentare
1025 4140 1198 4196 novit.

655 4229 824 4299 Igitur
858 4229 929 4283 ad
964 4230 1184 4285 vitalem
1213 4245 1386 4300 usque
1419 4230 1728 4298 passionem
1785 4245 1848 4284 ac
1907 4244 2159 4284 resurre-

2324 4227 2504 4299 Μέχρι
2553 4227 2654 4299 μὶν
2697 4222 2793 4283 οὖν
2847 4228 2956 4297 τοῦς
2985 4229 3297 4301 ζωαρχικοῦ
3348 4229 3579 4294 πάθους,
3598 4231 3700 4286 καὶ
3741 4230 3836 4301 τῆς

588 4326 824 4375 ctionem
867 4329 1074 4375 tentata
1123 4323 1495 4391 apostolorum
1541 4321 1696 4385 fides,
1722 4336 1784 4376 ac
1804 4336 1911 4390 qua
1947 4321 2001 4375 in
2032 4335 2160 4376 eum

2265 4320 2606 4384 ἀναστάσεως
2633 4323 2748 4384 τοῖς
2789 4321 3113 4386 ἀποστόλοις
3138 4326 3170 4392 ἡ
3201 4323 3386 4387 πίστις
3449 4324 3833 4394 πειρασθεῖσα,

586 4415 940 4480 ferebantur;
957 4414 1052 4483 qui
1088 4425 1282 4484 sponte
1340 4412 1513 4468 nostri
1565 4429 1732 4468 causa
1792 4422 1970 4468 morte
2037 4413 2160 4467 fun-

2257 4413 2354 4464 καὶ
2378 4414 2412 4478 ή
2451 4413 2586 4482 πρὸς
2613 4413 2705 4467 τὸν
2758 4413 3024 4476 ἑκουσίως
3048 4414 3190 4485 ὑπὲρ
3222 4415 3380 4485 ὴμῶν
3432 4415 3684 4470 παθόντα
3723 4416 3836 4468 διά-

586 4516 706 4558 ctus
731 4511 899 4567 esset,
933 4503 1164 4573 probata
1186 4502 1405 4557 affectio
1425 4519 1441 4563 ;
1465 4501 1614 4572 quod
1641 4501 1974 4557 offendiculo
2007 4502 2154 4556 omni

2265 4501 2408 4564 θεσις
2447 4502 2833 4573 βασανισθεϊσα
2862 4520 2877 4536 ·
2899 4505 3086 4576 ἐπειδὴ
3140 4506 3342 4569 παντὸς
3364 4506 3645 4578 ὑπερτέρα
3670 4523 3839 4579 προσ-

587 4595 860 4664 superior,
885 4609 950 4648 ac
973 4593 1188 4648 Domini
1219 4593 1614 4648 tentationibus
1659 4591 1991 4646 inviolabilis
2036 4607 2163 4662 per-

587 4687 836 4752 stitisset,
876 4685 1138 4757 indejam
1167 4700 1270 4740 ceu
1317 4685 1500 4740 divina
1525 4686 1800 4755 quaedam,
1864 4699 2008 4738 verae
2068 4683 2160 4738 illa

586 4779 840 4834 amicitiae
862 4778 1099 4848 fideique
1113 4778 1275 4848 digna
1304 4778 1549 4848 praemia,
1579 4775 1961 4846 consequitur.
1998 4777 2159 4842 Qua:-

586 4884 711 4922 nam
733 4884 862 4924 vero
892 4869 980 4923 illa
1003 4870 1026 4923 ?
1047 4867 1289 4924 Primum
1314 4867 1536 4938 quidem
1581 4868 1760 4937 ipsum
1787 4865 2104 4920 triduanum
2127 4879 2158 4919 a

586 4961 820 5016 mortuis
839 4961 1165 5016 suscitatum
1203 4960 1486 5015 Christum
1522 4959 1730 5020 vident,
1764 4957 2009 5025 illatique
2032 4971 2159 5010 cru-

585 5054 766 5108 ciatus
789 5052 1074 5124 symbolis,
1110 5051 1360 5122 mysterii
1391 5049 1814 5106 resurrectionis
1850 5047 1957 5102 ﬁde
1984 5047 2154 5103 robo-

587 5155 796 5200 rantur.
825 5144 905 5199 Ad
935 5145 1053 5199 haec
1094 5142 1380 5212 Spiritum,
1411 5143 1609 5212 partim
1667 5142 1886 5212 quidem
1920 5142 2158 5212 primum

587 5239 710 5308 ejus
729 5235 824 5304 qui
840 5233 1138 5290 suscitatus
1164 5243 1281 5289 erat
1295 5231 1569 5302 spiracula
1587 5233 1652 5263 "'
1674 5248 1689 5297 ;
1709 5230 2003 5301 perfectius
2028 5245 2159 5285 vero

585 5328 732 5380 illoe
761 5334 909 5380 terra
957 5323 1013 5377 in
1067 5322 1266 5377 caelum
1317 5331 1561 5389 recepto,
1616 5320 1672 5374 in
1693 5333 1826 5374 sono
1846 5319 2157 5375 vehementi

585 5417 900 5489 linguisque
925 5414 1098 5486 igneis
1135 5429 1166 5468 e
1195 5413 1336 5471 coelo
1358 5412 1415 5466 in
1447 5411 1595 5482 ipsos
1613 5409 1926 5464 venientem
1985 5409 2161 5464 susci-

585 5511 745 5578 piunt
764 5511 810 5541 ¹⁸
849 5527 863 5561 :
894 5509 1054 5578 cujus
1098 5516 1156 5561 et
1178 5519 1404 5560 munere
1431 5512 1652 5574 accepta
1686 5503 1739 5555 in
1761 5517 1950 5556 omnes
1974 5511 2163 5572 gentes

592 5608 888 5668 potestate,
918 5615 982 5653 ac
1012 5599 1290 5669 principes
1319 5595 1602 5650 constituti
1625 5609 1790 5662 super
1812 5609 2028 5648 omnem
2047 5604 2158 5648 ter-

656 5780 701 5815 ”
730 5777 886 5836 Joan.
915 5794 1023 5847 nx,
1044 5779 1133 5834 26.
1210 5783 1278 5816 ’τ’
1303 5779 1458 5835 Joan.
1483 5793 1574 5840 xx,
1621 5777 1710 5831 ‘22.
1775 5776 1819 5808 ²⁸
1843 5777 1963 5832 Act.
1993 5792 2051 5841 tt,
2084 5776 2138 5829 2.

2259 4591 2562 4660 κόμματος,
2595 4592 2870 4656 ἀνάλωτος
2916 4595 2974 4647 δὲ
3006 4596 3118 4658 τοῖς
3176 4593 3272 4648 τοῦ
3313 4596 3521 4666 Κυρίου
3571 4597 3839 4667 διαμεμε-

2263 4681 2422 4752 νήκει
2462 4686 2814 4754 πειρασμοῖς,
2885 4683 3135 4740 ἐντεῦθεν
3182 4685 3368 4740 λοιπὸν
3403 4683 3494 4742 οἷά
3537 4705 3661 4742 τινα
3722 4688 3840 4741 θεο-

2263 4771 2452 4842 πρεπῆ
2466 4773 2698 4842 γέρατα,
2737 4774 2839 4843 τῆς
2870 4775 3206 4846 ἀκραιφνοῦς
3257 4777 3441 4845 φιλίας
3473 4777 3566 4830 καὶ
3601 4777 3840 4839 πίστεως

2261 4862 2388 4927 ἀξια
2415 4863 2720 4935 κομίζεται.
2761 4865 2896 4920 Τίνα
2945 4866 3003 4920 δὲ
3044 4865 3250 4932 ταῦτα;
3281 4867 3505 4937 Πρῶτον
3540 4867 3839 4939 μὲν-αὐτὸν

2261 4959 2470 5010 ἐκεῖνον
2496 4959 2795 5030 τριήμερον
2821 4959 2888 5013 ὲκ
2911 4958 3024 5012 τῶν
3045 4958 3256 5031 νεκρῶν
3277 4960 3638 5031 ἀνιστάμενον
3668 4961 3841 5030 ὁρῶν-

2263 5063 2356 5110 τες
2379 5048 2655 5118 Χριστὸν,
2683 5048 2779 5102 καὶ
2823 5050 2940 5112 τοῖς
2969 5050 3260 5120 συμϐόλοις
3317 5048 3410 5104 τοῦ
3475 5051 3710 5115 πάθους,
3783 5050 3842 5102 τὸ

2268 5143 2564 5212 μυστήριον
2593 5142 2970 5216 βεϐαιούμενοι
3007 5145 3106 5216 τῆς
3133 5146 3484 5208 ἀναστάσεως
3507 5161 3522 5176 ·
3553 5145 3756 5200 ἔπειτα
3779 5145 3839 5198 τὸ

2267 5232 2512 5304 Πνεῦμα,
2559 5236 2801 5307 μερικῶς
2843 5237 2943 5308 μὲν
2990 5238 3208 5310 πρῶτον
3236 5238 3316 5308 τῷ
3365 5238 3460 5292 τοῦ
3507 5241 3842 5302 ἀναστάντος

2265 5326 2620 5396 ἑμφυσήματι
2647 5343 2662 5359 ο
2693 5327 3018 5398 τελεώτερον
3046 5329 3103 5381 δὲ
3132 5331 3274 5399 μετά
3315 5330 3414 5402 τὴν
3455 5331 3565 5384 ἀπὸ
3599 5331 3706 5398 τῆς
3735 5331 3841 5399 γῆς

2268 5414 2538 5486 ἀνάληψιν
2586 5418 2646 5470 ὲν
2677 5419 2798 5490 ῆχῳ
2830 5419 2989 5489 βιαίῳ
3016 5421 3112 5473 καὶ
3165 5421 3532 5491 πυριμόρφοις
3561 5419 3844 5490 γλώσσαις

2266 5505 2564 5576 οὐρανόθεν
2623 5509 2703 5563 ίδν
2748 5511 2835 5563 ἐπ’
2857 5512 3054 5575 αὐτοὺς
3087 5512 3510 5583 ὑποδεχόμενον
3568 5507 3612 5582 ᾧ
3639 5513 3710 5584 δὴ
3748 5511 3844 5564 καὶ

2267 5599 2366 5668 τὴν
2398 5600 2491 5652 ἐπὶ
2519 5599 2740 5654 πάντων
2767 5600 2937 5656 ἐθνῶν
2959 5602 3209 5667 ἐξουσίαν
3252 5604 3549 5676 εἰληχότες,
3592 5604 3695 5658 καὶ
3750 5601 3846 5657 ἐπὶ
