4094 6414
360 327 471 397 109

1150 323 1430 387 ORATIO
1464 324 1543 384 v1
1590 349 1660 361 —
1695 295 1782 383 1N"
1803 318 2116 383 LAUDEM
2155 320 2215 380 s.
2253 318 2572 381 JOANNIS
2605 316 2876 381 EVANG.

3489 311 3612 380 ‘llO

366 444 550 502 πᾶσαν
563 438 826 509 ἆρχιντες
856 434 1230 498 καταστάντες
1258 435 1356 504 τὴν
1378 435 1480 503 γῆν
1511 449 1525 464 ’
1557 431 1706 490 ἄλλοι
1732 433 1830 502 μὲν
1853 431 1939 484 ἄλ-

2044 445 2182 496 ram,
2211 429 2352 485 alius
2381 429 2545 485 aliam
2574 438 2786 500 partem
2825 428 2893 484 ad
2921 425 3206 498 apostolici
3229 425 3611 482 munerinlun-

365 534 463 586 λου
487 529 588 598 τῆς
641 526 970 596 οἰκουμένης
1028 523 1230 597 μέρους
1282 524 1380 594 τὴν
1431 520 1794 590 ἁποστολικὴν
1838 521 1940 590 ἀρ-

364 621 466 692 χὴν
539 613 1012 687 διακληρούμενοι,
1095 611 1196 682 τὴν
1283 611 1404 666 κατ’
1454 609 1618 666 αὐτὸν
1712 607 1942 669 ἕκαστος

361 709 522 779 ἐπείη

447 801 514 854 Ἦ
539 797 753 869 μεγάλη
773 795 830 850 δὲ
844 795 939 849 τοῦ
971 794 1106 849 Θεοῦ
1128 793 1304 864 Λόγου
1333 789 1552 862 βροντὴ,
1591 789 1620 842 6
1656 803 1942 858 μεμεστω-
1965 831 1976 859 ε

363 891 529 963 μένος
556 890 657 960 τῆς
693 887 806 943 ἅνω
839 885 1120 955 θεολογίας
1144 882 1383 956 κρατὴρ,
1411 882 1441 935 6
1475 880 1584 935 τῶν
1626 879 1942 938 ἀποστόλων

358 982 664 1054 ὀφθαλμὸς,
732 980 988 1050 Ἰωάννης
1043 981 1071 1033 6
1125 977 1268 1033 πάνυ
1295 1017 1310 1044 ,
1351 975 1794 1046 ητακληροῦται
1843 969 1942 1025 ττιν

369 1077 586 1146 Ἀσίαν,
617 1074 698 1137 ὡς
746 1071 972 1134 δυνατὸς
1011 1071 1075 1122 ὲν
1113 1067 1315 1139 λόγοις,
1363 1068 1585 1130 δυνατὸς
1625 1067 1684 1120 ὲν
1716 1064 1938 1135 ἔργοις·

358 1169 463 1240 τὴν
492 1165 680 1220 πόλεσι
724 1163 824 1235 μὲν
853 1162 995 1232 άγαν
1041 1163 1136 1216 καὶ
1167 1161 1444 1225 δυναταϊς,
1475 1159 1625 1222 λαοῖς
1658 1156 1714 1210 δὲ
1741 1155 1944 1227 θρασυ-

364 1259 547 1322 τάτοις
566 1256 826 1327 κομῶσαν
841 1253 937 1308 καὶ
957 1252 1367 1322 πονηροτάτοιςο
1393 1250 1544 1312 λαιῖς
1563 1245 1745 1316 πολλῷ
1770 1242 1942 1306 πλού-

365 1367 467 1421 τῳ,
497 1351 588 1402 καὶ
615 1345 795 1412 δόξαις
835 1345 1231 1416 γαυρουμένοις
1277 1343 1480 1404 κεναῖς⁹
1509 1340 1605 1396 καὶ
1649 1338 1810 1405 σοφία
1843 1336 1942 1408 μὲν

373 1440 647 1512 Ἑλλήνων
694 1435 1182 1508 ὐπεραιρομένοις·
1233 1435 1300 1504 τῇ
1345 1433 1473 1504 περὶ
1527 1431 1652 1494 τοὺς
1691 1429 1847 1492 θεοὺς
1883 1426 1941 1480 δὲ

361 1531 548 1603 πλάνη
579 1529 937 1601 σφοδρότερον
981 1526 1380 1598 ένισχημένοις.

441 1713 666 1774 Τούτοις
715 1711 744 1764 6
792 1709 967 1779 μέγας
1015 1706 1308 1770 ἀπόστολος
1359 1701 1806 1782 ἐπιδεδημηκὼς,
1845 1702 1942 1756 καὶ

2032 521 2285 582 ,ειίοηειη
2309 519 2515 584 sortiti,
2549 519 2624 590 ad
2641 535 2799 588 suam
2851 521 3086 592 quisque
3115 519 3453 591 provinciam
3485 531 3613 589 pro-

2041 612 2428 670 ﬁciscebantur
2457 612 2544 669 ⁸⁸⁵.

2112 784 2365 855 Magnum
2386 800 2520 840 vero
2557 785 2655 841 Dei
2706 785 2869 842 Verbi
2927 786 3252 852 tonitruum,
3273 786 3471 857 plenus
3522 787 3616 844 ille

2041 887 2297 944 superna:
2317 875 2604 947 theologiae
2622 885 2822 946 crater,
2847 878 3220 948 apostolorum
3243 879 3458 944 oculus,
3475 895 3619 950 pra:-

2043 967 2225 1024 clarus
2246 968 2507 1034 Joannes,
2550 969 2734 1025 Asiam
2754 970 2810 1024 in
2833 955 3041 1024 sortem
3069 969 3291 1040 accipit,
3349 977 3611 1042 tanquam

2043 1060 2302 1116 videlicet
2334 1060 2421 1116 vir
2449 1075 2704 1117 sermone
2733 1069 2931 1132 potens
2960 1077 3026 1117 ac
3055 1062 3318 1134 operibus
3342 1081 3357 1117 :
3389 1064 3615 1134 provin-

2042 1152 2183 1208 ciam
2220 1151 2483 1207 nimirum
2539 1151 2727 1210 multis
2780 1151 3016 1220 urbibus
3071 1153 3250 1224 iisque
3297 1155 3618 1225 potentibus

2042 1245 2365 1310 confertam,
2395 1244 2867 1314 ferocioribusque
2907 1259 2973 1300 ac
3007 1244 3361 1316 nequissimis
3399 1247 3618 1318 populis

2043 1337 2202 1409 longe
2230 1337 2445 1408 plenam
2475 1354 2490 1403 ;
2524 1336 2743 1407 populis
2765 1335 2979 1391 scilicet
3003 1336 3321 1392 divitiarum
3337 1335 3618 1392 allluentia

2044 1428 2398 1497 inaniumque
2423 1436 2589 1484 vento
2608 1425 2931 1496 opinionum
2954 1427 3403 1504 superbientibus
3424 1444 3442 1494 ;
3467 1428 3622 1484 Cra-

2042 1540 2234 1580 corum
2261 1524 2483 1596 quidem
2513 1524 2781 1594 sapientia
2816 1523 3200 1596 gloriantibus,
3238 1523 3336 1590 sed
3365 1525 3461 1596 qui
3491 1523 3622 1580 deo-
3681 1566 3685 1571 .

2043 1631 2167 1670 rum
2191 1615 2398 1670 arctius
2422 1629 2610 1672 errore
2654 1615 2839 1670 innexi
2863 1623 3204 1678 tenerentur.
3665 1610 3686 1642 τ’

2111 1707 2193 1762 Λᾶ
2215 1708 2316 1763 hos
2343 1700 2572 1778 magnus
2596 1707 2875 1776 apostolus
2892 1721 3016 1762 cum
3043 1723 3104 1762 se
3121 1707 3475 1773 contulisset,
3494 1723 3620 1764 om-

358 1805 547 1859 πᾶσαν
586 1801 685 1873 μὲν
712 1799 822 1854 τῶν
859 1798 1160 1870 ἀνθρώπων
1189 1797 1415 1868 καρδίαν
1459 1795 1537 1866 τῷ
1567 1794 1664 1865 τῆς
1693 1792 1944 1848 δεισιδαι-

2047 1809 2258 1864 nesque
2287 1809 2482 1849 eorum
2512 1793 2728 1848 animos
2753 1792 3163 1868 superstitionis
3191 1793 3422 1865 caligine
3449 1794 3621 1849 obru-

359 1897 563 1970 μονίας
605 1894 757 1965 ζόφῳ
807 1890 1198 1962 πεπαχυμένην
1260 1888 1416 1944 ἰδών·
1478 1887 1655 1963 πᾶσαν
1681 1886 1738 1939 δὲ
1765 1882 1942 1954 ψυχὴν

315 2028 321 2034 ς
361 1987 772 2061 ὲζωγρημένην
816 1984 894 2055 τῷ
924 1982 1178 2052 διαϐόλῳ,
1204 1982 1296 2038 καὶ
1333 1979 1468 2052 πρὸς
1500 1977 1561 2032 τὸ
1592 1975 1757 2033 αὐτοῦ
1789 1975 1945 2045 θέλη-

361 2098 448 2150 μα.
488 2076 886 2149 συντεταμένην
927 2074 1006 2144 τῷ
1047 2072 1316 2143 πνεύματι
1340 2066 1797 2140 κατανενοηκὼς,
1843 2063 1945 2130 οὐκ

358 2168 664 2222 ἀνεϐάλετο
709 2164 801 2219 τοῦ
835 2163 1152 2234 Πνεύματος
1193 2161 1293 2230 τὴν
1328 2159 1615 2229 ὲπιταγὴν⁶
1647 2158 1707 2212 ού
1737 2157 1814 2228 τῷ
1853 2158 1945 2227 ὲρ-

365 2258 545 2326 γώδει
592 2256 684 2310 τοῦ
716 2255 1108 2326 ἐγχειρήματος
1142 2249 1483 2320 άπεκναίσθη
1523 2247 1612 2303 τόν
1659 2247 1801 2313 νοῦν,
1833 2245 1946 2300 οὔτ’

369 2345 478 2403 οὖν
501 2348 743 2418 διψυχίας
772 2346 1158 2417 περιπέπτωκε
1183 2344 1481 2413 λογισμοῖς.
1516 2341 1657 2413 Πρὸς
1681 2342 1771 2394 τὸν
1805 2339 1861 2393 δὲ
1886 2341 1944 2392 ὲν

369 2439 530 2512 αὐτῷ
559 2441 778 2510 μένοντα
805 2436 1041 2509 Χριστὸν
1063 2436 1304 2506 ἀφορῶν,
1337 2437 1394 2488 οὖ
1421 2435 1568 2499 Δκατὰ
1595 2433 1703 2508 τῶν
1729 2432 1944 2504 ἀνθρώ-

363 2549 517 2595 πων,
550 2529 680 2585 ἀλλὰ
706 2528 849 2584 κατὰ
878 2528 988 2581 τῶν
1022 2527 1293 2597 δαιμόνων
1317 2542 1331 2556 ο
1379 2525 1500 2578 οὐδὲ
1545 2522 1687 2577 κατὰ
1722 2521 1831 2577 τῶν
1860 2524 1946 2578 αἱ-

360 2621 699 2695 χμαλώτων,
740 2620 879 2675 ἀλλά
907 2617 1050 2673 κατὰ
1079 2617 1173 2690 τοῦ
1215 2616 1481 2689 τυράννου
1511 2614 1726 2688 πρῶτον
1754 2613 1944 2681 αὐτοῦ,

354 2718 432 2788 τῇ
475 2715 642 2785 νοητῇ
675 2710 979 2782 παντευχίᾳ
1011 2709 1408 2780 ,παρατέτακητο
1454 2703 1550 2778 τοῦ
1604 2703 1923 2777 Πνεύματος

440 2807 557 2860 Καὶ
584 2804 777 2868 τοῦτον
823 2805 884 2874 ἐν
925 2799 1232 2874 ὁμοιώματι
1289 2798 1524 2871 Χριστοῦ
1573 2799 1668 2853 καὶ
1720 2799 1947 2870 δυνάμει

363 2899 586 2970 πρῶτον
619 2897 911 2966 διανοεῖται
955 2893 1135 2966 δῆσαι·
1168 2893 1264 2963 καὶ
1302 2891 1443 2945 οὕτω
1485 2891 1586 2962 τὴν
1615 2889 1780 2944 αὐτοῦ
1811 2905 1948 2944 παν-

364 2989 568 3044 οπλίαν
609 2983 772 3061 ἆραι·
809 2989 906 3042 καὶ
948 2985 1093 3040 οὓτω
1125 2984 1223 3055 τὴν
1253 2983 1634 3053 αἰχμαλωσίαν
1663 2981 1947 3051 αἰχμαλω-

361 3082 537 3136 τίσαι·
563 3082 656 3135 καὶ
680 3083 747 3152 τῇ
777 3079 1073 3151 ὡραιότητι
1088 3077 1180 3131 τοῦ
1205 3077 1353 3131 οῐκου
1372 3074 1598 3145 Κυρίου,
1617 3075 1686 3143 τῇ
1717 3071 1947 3143 Ἐκκλη-

362 3175 466 3246 σία
488 3173 654 3242 λέγω,
681 3171 951 3226 διελέσθαι
983 3169 1174 3223 σκῦλα.
1199 3164 1324 3239 Ἆρ’
1353 3161 1446 3220 οὖν
1483 3165 1821 3235 διανενόηται
1846 3163 1945 3234 μὲν

354 3263 806 3339 Χριστοπρεπῶς
852 3261 1044 3327 οὕτως,
1095 3259 1482 3329 ἀγεννέστερον
1530 3257 1588 3310 δὲ
1632 3255 1945 3326 συνερῤάγη

352 3357 450 3429 τῷ
489 3356 748 3426 δυσμενεῐ
771 3371 788 3420 ;
845 3353 880 3425 ἢ
919 3351 1291 3423 συμπλέκεται
1342 3350 1441 3420 μὲν
1501 3347 1802 3411 νεανικῶς,
1843 3345 1943 3398 εἴτ’

357 3448 470 3506 οὖν
513 3447 907 3518 εὖαγγελικῶς,
934 3446 1164 3522 ῂμιτελῆ
1191 3445 1249 3507 δὲ
1289 3444 1380 3504 τὸν
1413 3442 1601 3511 ἀγῶνα
1635 3440 1945 3496 καταλέλοι-

358 3559 510 3608 mu;
555 3541 819 3612 ἢτέλειον
849 3539 968 3610 μὲν,
1001 3540 1102 3609 οὐχ
1129 3537 1270 3593 ὥστε
1319 3537 1378 3590 δὲ
1419 3536 1763 3616 παντάπασιν
1808 3535 1946 3604 ἀφο-

363 3631 664 3705 μοιοῦσθαι
692 3630 771 3702 τῷ
816 3627 992 3700 Ἰησοῦ
1019 3644 1034 3694 ;
1067 3627 1364 3698 οὐμενουν⁹
1391 3623 1584 3694 ὥσπερ
1605 3623 1662 3676 δὲ
1688 3623 1780 3676 τὸν
1809 3623 1947 3693 Χρι-

363 3727 502 3780 στὸν
532 3724 632 3779 ούκ
668 3723 734 3777 ἐκ
778 3721 1002 3794 μέρους,
1028 3720 1145 3773 ἀλλ’
1193 3719 1315 3773 ὅλον
1368 3721 1428 3771 ὲν
1474 3715 1655 3786 ἐαυτῷ
1703 3731 1947 3786 προκατ-

360 3819 635 3891 ῳκίσατο,
665 3816 759 3870 καὶ
786 3814 879 3868 διὰ
904 3812 1062 3866 τοῦτο
1105 3811 1307 3874 πάσαις
1349 3809 1467 3880 ἅμα
1494 3809 1615 3871 ταῖς
1645 3805 1948 3877 ἐνεργείαις

360 3909 470 3964 τοῦ
495 3908 640 3962 θείου
669 3906 985 3978 Πνεύματος
1013 3903 1396 3974 ὲδορυφορεϊτο
1423 3899 1520 3954 καὶ
1551 3902 1946 3970 συνεκροτεῖτο,

363 4001 519 4056 οὕτω
549 3999 734 4053 καὶτὸ
779 3999 878 4068 τῆς
926 3993 1306 4065 σωτηριώδους
1353 3990 1627 4054 διακονίας
1656 3990 1838 4062 ἔργον,
1885 3990 1946 4042 ὲν

364 4093 560 4164 τελείᾳ
589 4093 654 4163 τῇ
685 4089 825 4161 πρὸς
854 4087 1017 4142 αὐτὸν
1058 4085 1359 4157 ὁμοιότητι,
1400 4083 1605 4138 τέλειον
1646 4081 1948 4152 ὲπληροφὸα

369 4202 511 4259 ρησε
540 4183 617 4253 τῷ
638 4182 778 4251 Θεῷ·
823 4180 920 4234 καὶ
955 4179 1206 4249 καθάπερ
1237 4176 1401 4240 αὐτὸς
1433 4175 1648 4246 πρῶτος
1670 4176 1698 4227 6
1715 4173 1826 4226 τῶν
1849 4172 1944 4226 ού-

372 4277 556 4351 ρανῶν
587 4266 861 4347 βασιλεὺς,
892 4271 1015 4326 οὔτε
1058 4270 1348 4342 περιουσίᾳ
1375 4268 1655 4338 δυνάμεως
1690 4265 1824 4337 μόνῃ
1853 4265 1948 4318 τὸν

367 4368 619 4442 ἀρχηγὸν
664 4368 763 4438 τῆς
809 4364 1004 4428 κακίας
1033 4361 1402 4434 χειρώσασθαι
1433 4360 1774 4431 βεϐούληται,
1810 4356 1946 4414 ἀλλὰ

371 4467 471 4517 καὶ
500 4464 559 4514 ὲν
589 4460 772 4530 σοφίᾳ,
815 4457 950 4512 ἀλλὰ
1005 4456 1102 4509 καὶ
1148 4456 1208 4509 ἐν
1241 4452 1579 4525 δικαιοσύνῃ,
1613 4453 1690 4516 ὡς
1716 4451 1834 4522 ἅμα
1875 4451 1946 4504 τὰ

2047 1896 2129 1944 tos
2157 1893 2441 1952 cerneret;
2474 1891 2772 1955 captosque
2807 1899 2999 1941 omnes
3023 1901 3054 1940 a
3078 1884 3302 1940 diabolo
3325 1927 3340 1948 ,
3369 1893 3533 1957 atque
3564 1885 3621 1940 in

2042 1979 2162 2051 ejus
2208 1978 2451 2034 intentos
2499 1977 2840 2033 voluntatem
2877 1977 3078 2048 spiritu
3117 1977 3618 2040 animadvertisset.

2043 2071 2182 2126 nihil
2234 2071 2554 2126 morandam
2611 2070 2853 2141 Spiritus
2884 2070 3192 2142 iussionem
3236 2072 3469 2142 putavit.
3493 2071 3621 2128 Non

2043 2159 2409 2230 aggressionis
2441 2160 2616 2214 arduo
2645 2159 2892 2216 oll‘ensus
2917 2160 3102 2215 animo
3125 2168 3229 2226 est,
3267 2176 3448 2233 neque
3487 2176 3621 2216 vero

2044 2247 2101 2303 in
2129 2248 2431 2304 dubietatis
2462 2264 2526 2304 ac
2553 2247 2870 2305 dimdentiaa
2886 2248 3080 2304 incidit
3105 2247 3348 2306 rationes
3386 2269 3400 2304 :
3432 2250 3529 2308 sed
3565 2250 3622 2306 in

2042 2341 2321 2397 Christum
2366 2341 2423 2395 in
2465 2341 2586 2411 ipso
2627 2349 2972 2404 manentem,
3030 2341 3207 2395 versis
3257 2341 3466 2407 oculis,
3508 2357 3619 2396 non

2044 2433 2308 2490 adversus
2362 2432 2634 2497 homines,
2690 2431 2786 2488 sed
2836 2431 3147 2498 daemones;
3200 2447 3304 2488 nec
3350 2431 3618 2488 adversus

2044 2526 2309 2596 captivos,
2358 2525 2453 2581 sed
2498 2525 2554 2580 in
2603 2524 2782 2596 ipsum
2823 2523 3004 2594 primo
3045 2531 3362 2602 tyrannum,
3405 2540 3471 2579 ea
3499 2540 3622 2596 qua‘

2045 2628 2230 2676 mente
2247 2619 2475 2692 intelligi
2484 2627 2571 2675 tur
2583 2626 2860 2674 armatura
2875 2617 3114 2688 Spiritus
3131 2623 3435 2676 lnstructus
3455 2628 3562 2676 est.

2113 2813 2293 2886 Atque
2321 2811 2470 2882 hunc
2504 2809 2769 2880 primum,
2795 2807 3001 2880 Christi
3031 2817 3148 2878 tum
3177 2809 3428 2880 exemplo
3451 2849 3466 2873 ,
3506 2819 3623 2867 tum

2045 2887 2311 2973 potentia,
2345 2901 2565 2972 alligare
2594 2899 2816 2965 statuit;
2846 2899 3036 2968 sicque
3060 2898 3181 2969 eius
3204 2914 3354 2954 arma
3382 2900 3621 2967 auferre,

2038 2979 2211 3062 atque
2291 3007 2355 3047 ea
2410 2989 2662 3046 rationne
2711 2988 2958 3058 captivos
3008 2989 3348 3060 recipere”;
3406 3005 3624 3046 necnon

2047 3083 2236 3139 decori
2280 3083 2478 3137 domus
2514 3081 2612 3136 Dei
2645 3080 2666 3152 (
2701 3081 2960 3136 Ecclesiae
2987 3081 3199 3137 scilicet
3229 3081 3250 3153 )
3281 3082 3454 3152 spolia
3477 3083 3624 3150 divi-

2047 3175 2176 3229 dere
2196 3173 2287 3226 η’.
2318 3171 2459 3226 Num
2477 3186 2610 3226 vero
2641 3171 2721 3226 sic
2736 3169 2959 3240 quidem
2978 3169 3182 3226 Christi
3211 3172 3460 3242 exemplo
3475 3173 3594 3244 cogi
3613 3203 3627 3215 -

2046 3263 2182 3318 tavit
2203 3277 2267 3318 ac
2307 3261 2537 3328 statuit,
2571 3261 2790 3332 segnius
2830 3274 2962 3315 vero
2995 3275 3121 3316 cum
3151 3261 3308 3317 hoste
3338 3262 3626 3318 conflixit?

2045 3362 2140 3409 aut
2185 3367 2515 3426 congressus
2557 3351 2780 3422 quidem
2830 3360 3057 3408 strenue
3102 3361 3189 3408 est
3245 3353 3341 3422 (id
3387 3363 3504 3421 est,
3556 3372 3622 3411 ex

2040 3445 2327 3520 Evangelii
2363 3443 2598 3515 norma)
2650 3453 2930 3500 certamen
2966 3454 3150 3501 tamen
3194 3447 3515 3515 inchoatum
3559 3467 3626 3507 ac

2047 3535 2429 3606 imperfectum
2477 3535 2740 3606 reliquit?
2767 3545 2864 3592 aut
2896 3538 3150 3602 exhibuit
3175 3541 3399 3610 quidem
3441 3543 3630 3613 perfe-

2045 3636 2216 3702 ctum,
2236 3641 2347 3681 non
2377 3641 2460 3682 suc
2478 3636 2661 3682 tamen
2695 3637 2756 3682 ut
2783 3628 3117 3684 omnimodis
3141 3629 3271 3686 Jesu
3305 3631 3626 3687 similitudi-

2029 3733 2174 3786 nem
2223 3726 2508 3776 assecutus
2552 3717 2669 3773 slt?
2707 3718 3102 3790 Nequaquam;
3160 3721 3256 3776 sed
3284 3721 3429 3778 sicut
3464 3722 3629 3778 Chri-

2043 3821 2194 3867 stum
2227 3810 2403 3880 prius,
2443 3825 2556 3866 non
2595 3824 2664 3864 ex
2708 3819 2884 3880 parte,
2927 3811 3026 3867 sed
3064 3821 3239 3867 totum
3285 3813 3456 3868 animi
3501 3815 3626 3869 sinu

2045 3910 2358 3972 exceperat,
2395 3917 2627 3972 eamque
2671 3901 2744 3956 ob
2798 3917 2914 3957 rem
2964 3905 3181 3959 cunctis
3241 3905 3405 3959 simul
3455 3905 3627 3960 divini

2048 3993 2290 4064 Spiritus
2309 3993 2613 4049 virtutibus
2644 3994 2879 4064 stipatus
2912 3995 3326 4065 instructusque
3354 4005 3474 4051 erat
3495 4039 3510 4063 ,
3549 3999 3630 4052 sic

2044 4098 2267 4155 quoque
2309 4083 2566 4138 salutaris
2603 4083 2894 4138 ministerii
2925 4098 3101 4154 opus,
3132 4084 3372 4155 perlecta
3402 4101 3526 4140 cum
3560 4103 3630 4142 co

2047 4173 2433 4240 similitudine,
2499 4172 2801 4243 perfectum
2859 4173 2974 4229 Deo
3031 4176 3474 4244 repraesentavit.
3547 4179 3628 4232 Ac

2046 4266 2191 4322 sicut
2217 4265 2333 4348 ipse
2363 4265 2578 4337 primus
2605 4266 2868 4322 calorum
2906 4268 3020 4322 Rex
3045 4307 3059 4334 ,
3088 4281 3201 4323 non
3229 4269 3344 4324 sola
3371 4271 3632 4348 potentiae

2047 4357 2383 4432 abundantia
2429 4369 2724 4432 parentem
2779 4359 3003 4428 malitiae
3057 4361 3234 4429 voluit
3302 4347 3629 4435 subjugare.

1969 4477 2026 4541 Β
2047 4466 2242 4507 verum
2267 4450 2753 4521 etiamsapientia,
2775 4467 2968 4507 verum
2990 4453 3156 4507 etiam
3174 4453 3387 4524 justitia
3403 4493 3419 4516 .
3449 4463 3510 4509 ut
3537 4458 3631 4525 qui

371 4557 578 4616 πάντα,
609 4553 704 4606 καὶ
732 4548 1087 4614 δυνατὸς,καἰ
1116 4547 1341 4611 δίκαιος,
1371 4546 1466 4598 καὶ
1517 4543 1678 4614 σοφός
1696 4560 1711 4575 ο
1750 4543 1944 4614 μᾶλλον

2050 4543 2216 4599 simul
2246 4542 2451 4608 omnia,
2479 4550 2775 4614 etpotens,
2801 4551 2858 4598 et
2886 4545 3088 4616 justus,
3121 4555 3176 4600 et
3199 4545 3419 4616 sapiens
3437 4556 3626 4608 esset,

364 4647 433 4700 δὲ
469 4643 770 4712 αὐτοσοφία
821 4641 916 4694 καὶ
942 4639 1260 4708 δικαιοσύνη
1309 4637 1406 4690 καὶ
1442 4635 1670 4706 δύναμις
1715 4634 1791 4687 ὢν
1813 4649 1828 4663 ο
1860 4635 1944 4688 καὶ

2053 4634 2303 4714 quinimo
2336 4634 2454 4704 ipsa
2485 4649 2617 4690 vere
2675 4635 2946 4704 sapientia
2975 4644 3032 4691 et
3066 4621 3283 4714 justitia
3343 4645 3398 4692 et
3425 4629 3631 4710 poten-

366 4737 468 4790 ἵνα
502 4735 781 4805 περιφανῆ
818 4730 922 4802 μὲν
940 4727 1120 4799 ἐαυτῷ
1144 4728 1242 4797 τὴν
1259 4725 1434 4798 νίκην⁸
1477 4726 1748 4796 περιφανῆ
1777 4723 1835 4778 δὲ
1863 4725 1944 4778 καλ

2056 4712 2460 4796 tia:.atque.ut
2491 4726 2600 4783 sibi
2627 4726 2854 4796 quidem
2897 4712 3167 4784 illustrem
3198 4729 3505 4791 victoriam,
3537 4729 3635 4784 ad-

369 4825 736 4897 βεϐαιοτέραν
769 4822 870 4893 τὴν
915 4820 1125 4874 πτῶσιν
1164 4817 1242 4890 τῷ
1297 4816 1577 4887 ἀντιπάλῳ
1615 4816 1944 4885 κατεργάση-

2055 4820 2304 4876 versario
2362 4828 2546 4875 autem
2605 4821 2876 4875 illustrem
2932 4819 3345 4891 ﬁrmioremque
3419 4823 3632 4876 ruinam

363 4937 495 4984 ται,
522 4916 622 4989 τὴν
640 4914 812 4986 αὐτὴν
832 4914 946 4978 τοῖς
969 4912 1320 4983 ἠδικημένοις
1345 4907 1558 4981 μορφὴν
1577 4908 1832 4979 εἰληφὼς,
1864 4907 1944 4960 καπ

2053 4911 2322 4976 ediceret,
2353 4911 2548 4968 eadem
2579 4922 2859 4983 assumpta
2883 4912 3057 4989 fonna
3096 4914 3362 4970 cum’illis
3395 4915 3634 4989 quiilaasi

367 5013 438 5065 ὲν
471 4987 638 5079 σοφίᾳ
674 5007 787 5070 τοῖς
814 5003 1125 5076 ἀνθρώποις
1156 5003 1248 5057 καὶ
1278 5003 1336 5056 ὲν
1369 4999 1688 5072 δικαιοσύνῃ
1721 5016 1944 5052 συνανα·

2063 5001 2266 5075 injuria
2290 5001 2509 5058 fuerant
2531 5043 2546 5068 ,
2574 5004 2740 5074 inque
2763 4987 3033 5074 sapientia
3061 5015 3114 5060 et
3127 5006 3342 5075 justitta
3373 4987 3499 5062 cum
3539 5007 3638 5074 lio-

371 5098 780 5172 στραφεὶς,ύπὺ
791 5097 889 5168 τῆς
902 5097 996 5150 τοῦ
1016 5113 1154 5166 πονη
1161 5093 1476 5166 ροῦξκακίας
1492 5091 1944 5165 μάτηνδιὼκεται,

2065 5091 2310 5147 minibus
2367 5104 2748 5161 conversatus,
2789 5095 2992 5150 frustra
3044 5096 3367 5167 nequissimi
3429 5097 3637 5152 malitia

365 5195 479 5248 καὶ
532 5193 613 5254 είς
656 5190 886 5243 θάνατον
911 5186 1356 5260 ¹ἐπιϐουλεύεται.
1399 5183 1492 5237 Διὸ
1522 5185 1619 5238 καὶ
1651 5179 1732 5246 οἷς
1756 5182 1944 5245 ἀδίκως

2061 5184 2502 5254 persecutionem
2521 5187 2781 5252 sustinet,
2800 5185 3124 5260 insidiisque
3140 5188 3207 5242 ad
3225 5198 3454 5243 mortem
3473 5205 3638 5262 appe-

369 5283 593 5343 ἐκεῖνος
649 5278 908 5342 ἐπέθετο,
961 5276 1183 5348 δικαίως
1233 5274 1595 5352 περιπαρεὶς,
1626 5273 1720 5325 καὶ
1746 5273 1804 5326 ὲν
1847 5273 1944 5335 τοῖς

2059 5275 2216 5331 titur.
2249 5275 2618 5342 Quamobrem
2647 5279 2814 5336 etiam
2842 5280 3047 5350 quibus
3069 5281 3160 5336 ille
3193 5282 3382 5356 inique
3413 5282 3637 5352 ingrue-

367 5375 569 5444 ἔργοις
610 5370 718 5426 τῶν
747 5369 922 5432 ⁴αὑτοῦ
945 5367 1162 5438 ,χειρῶν
1183 5366 1508 5436 συλληφθεὶς
1529 5365 1701 5425 Mler
1730 5367 1828 5422 ,καὶ
1867 5381 1944 5420 και

2060 5367 2174 5432 bat,
2213 5370 2414 5424 merito
2481 5371 2815 5437 transﬁxus,
2863 5380 2922 5427 et
2964 5372 3021 5427 in
3078 5373 3340 5443 operibus
3374 5387 3636 5426 manuum

368 5463 702 5534 τακριθεὶς,
749 5458 921 5536 οὕτως
974 5460 1035 5511 ὲν
1077 5458 1220 5528 χειρὶ
1266 5457 1403 5510 Θεοῦ
1460 5456 1558 5526 τῆς
1587 5453 1944 5527 τυραννώδοω

2063 5474 2288 5514 suarum
2332 5464 2834 5533 comprenhensus,
2882 5463 3133 5532 devictus
3180 5474 3287 5528 est,
3315 5463 3638 5536 iudicioque

368 5552 927 5626 ἑκϐέϐληταιάρχῆς.
963 5551 1150 5620 Οὕτως
1182 5550 1272 5614 καὶ
1295 5549 1324 5602 6
1357 5549 1639 5620 ἀγαπητὸς
1662 5547 1755 5602 τοῦ
1790 5547 1944 5616 Λόγοι

2065 5551 2378 5619 damnatus,
2415 5553 2496 5608 sic
2536 5570 2700 5610 manu
2722 5555 2838 5626 ‘Dei
2877 5556 3163 5629 tyrannico
3199 5556 3508 5627 principatu
3541 5557 3641 5614 dc-

478 5755 552 5787 ³⁸⁶
575 5755 716 5810 Psal.
748 5771 891 5819 xuv,
923 5755 1010 5808 l7.
1090 5754 1134 5787 ¹⁹
1162 5751 1350 5806 Matth.
1386 5768 1482 5816 xu,
1509 5751 1605 5818 ειη
1634 5750 1797 5806 Marc.
1825 5748 1944 5814 "1,9

2053 5747 2188 5803 Luc.
2213 5748 2371 5813 xl,2l
2443 5751 2511 5784 ’ν
2538 5751 2680 5806 Psal.
2718 5767 2841 5820 xxv,
2880 5753 2932 5810 8.
