4094 6402
311 434 399 501 H3

943 477 948 484 .
1043 433 1325 495 ORATIO
1364 437 1464 500 VI.
1493 464 1559 475 -
1590 439 1674 500 IN
1702 439 2013 500 LAUDEM
2054 441 2113 502 S.
2155 440 2475 504 JOANNIS
2513 442 2784 504 EVANG.

3431 438 3531 508 lli

313 543 641 619 νομιζόμενον·
673 541 867 599 ἔπειτα
906 545 1001 598 καὶ
1029 545 1138 600 τῶν
1167 549 1232 601 ὲκ
1265 548 1359 602 τοῦ
1399 549 1573 620 δήμου
1610 551 1704 608 καὶ
1734 551 1843 605 τῶν

1946 553 2248 623 plebeculae
2302 564 2418 609 tum
2465 562 2522 610 et
2564 567 2858 624 procerum
2901 551 3270 623 Ephesiorum
3309 558 3532 623 ncquis—

311 637 610 711 προεχόντων
647 636 876 706 Ἐφέσου
915 637 1042 700 τοὺς
1069 641 1492 710 πονηροτάτους.
1528 643 1640 697 Καὶ
1666 641 1846 710 γλώσ-

306 748 409 793 σαις
443 729 532 798 μὲν
571 725 647 790 ὡς
692 725 853 798 ξυρὸν
890 728 1258 798 ἠκονημέναις
1287 768 1302 794 ,
1338 731 1614 798 γλώσσαις
1646 731 1849 795 δολίαις

299 821 534 892 θορυὸὦν,
564 818 639 882 ὡς
668 817 829 888 ῷετο.
863 819 962 874 καὶ
997 821 1199 888 φοϐῶν·
1231 823 1507 893 τραύμασι
1534 823 1591 876 δὲ
1615 824 1712 878 καὶ
1737 825 1849 895 εἰρ-

298 916 431 976 κταίς
452 911 537 965 καὶ
569 911 808 981 πληγαῖς
837 911 1104 966 ὲκθλίΰων
1129 916 1224 968 καὶ
1255 916 1440 970 άνιῶνο
1469 917 1544 979 ὡς
1571 917 1659 983 ἄν,
1691 919 1746 970 εἴ
1779 935 1846 981 γε

293 1006 499 1068 δύναιτο,
527 1003 789 1074 στερῆσαι
822 1004 918 1058 καὶ
961 1005 1060 1077 τῆς
1088 1007 1253 1078 ζωῆς·
1279 1010 1329 1062 εί
1350 1009 1396 1064 δ’
1427 1009 1542 1076 οὖν,
1572 1010 1710 1065 ἀλλὰ
1737 1010 1847 1064 τῶν

297 1099 423 1152 ἰδίων
455 1097 811 1167 μετακινῆσαι
841 1097 1044 1152 τόπων.

367 1186 566 1258 Ἐπειδὴ
605 1187 702 1241 οὖν
732 1189 946 1254 τούτοις
987 1191 1084 1245 τὸν
1126 1193 1336 1247 δίκαιον
1360 1194 1565 1250 ἀδικεῖν
1600 1196 1629 1249 ό
1661 1196 1846 1262 ἄδικος

301 1282 512 1342 ἐπέθετο,
543 1281 669 1334 καθ’
695 1281 894 1335 ἑαυτοῦ
929 1282 1114 1338 λοιπὸν
1154 1285 1343 1339 τοῦτον
1383 1287 1668 1360 ὲξεγείρει·
1706 1290 1846 1360 μᾶλ-

298 1376 376 1428 λον
403 1374 471 1436 δὲ,
499 1373 598 1444 τὴν
633 1375 692 1426 ὲν
721 1374 871 1445 αύτῷ
909 1376 1185 1447 πανσθενῆ
1214 1379 1391 1448 χεῖρα,
1423 1379 1675 1445 δείλαιος,
1704 1381 1846 1436 κατὰ

296 1467 379 1536 τῆς
407 1465 530 1529 ιδίας
560 1465 941 1537 ἐξαναστήσας
967 1468 1229 1540 κεφαλῆςο
1263 1471 1425 1534 αὐτὸς
1474 1471 1572 1542 μὲν
1599 1471 1844 1525 ἐκτίλλε..

295 1577 372 1614 ται
395 1560 513 1632 (16),
545 1561 642 1614 καὶ
679 1561 783 1631 τῆς
823 1563 1155 1633 τυραννικῆς
1189 1562 1441 1628 ἐξουσίας
1480 1565 1703 1630 ἐνδίκως
1743 1583 1845 1620 κα-

299 1651 550 1720 θαιρεῖται·
584 1653 796 1720 σειραῖς
825 1649 880 1704 δὲ
901 1650 1346 1724 ταρταρούμενος
1378 1655 1564 1724 ζόφου,
1588 1656 1726 1726 πρὸς
1754 1657 1844 1711 τὸν

297 1742 440 1797 αὐτοῦ
476 1743 920 1814 καταρρήγνυται
958 1743 1193 1817 πατέρα.
1247 1747 1530 1801 Ἐντεῦθεν
1576 1749 1843 1804 κατευθύ-

298 1853 423 1890 νεται
452 1836 542 1907 μὲν
572 1839 602 1889 ὁ
629 1835 860 1900 δίκαιος
899 1839 929 1891 ό
961 1838 1019 1892 δὲ
1049 1839 1158 1892 τῶν
1185 1838 1409 1894 δικαίων
1434 1841 1663 1912 ὑψοῦται
1684 1843 1840 1907 Θεός⁸

250 1984 261 1997 ,
293 1931 375 1984 καὶ
414 1931 720 2001 ἀφαιρεῖται
786 1930 886 1998 μὲν
934 1932 1044 1986 τῶν
1110 1931 1469 2002 ἀνθρωπίνων
1507 1935 1759 1990 διανοιῶν
1806 1937 1839 2007 ἡ
1874 1913 1916 1969 Β

294 2021 463 2092 ἀχλύς·
483 2022 538 2074 τὸ
567 2023 715 2094 μέγα
755 2021 812 2074 δὲ
863 2022 980 2092 φῶς
1006 2025 1356 2090 ὲξανατεῑλαν
1383 2028 1443 2081 ὲν
1477 2026 1557 2099 τῷ
1599 2028 1844 2102 Ἰωάννῃ,

295 2116 457 2169 πᾶσαν
485 2115 695 2168 εὐθεῖαν
722 2115 1025 2170 ἐπισπᾶται
1059 2116 1263 2188 ψυχήν.

361 2209 528 2270 Οὕτως
578 2211 606 2262 ὁ
657 2209 759 2278 τῆς
818 2209 1101 2274 ἀπωλείας
1148 2210 1244 2265 τοῦ
1289 2211 1476 2277 ἔθνους
1518 2213 1846 2280 ἐπιστατῶν,

305 2301 393 2355 οὒκ
419 2303 471 2354 ὲν
501 2300 714 2371 δυνάμει
743 2301 882 2354 Θεοῦ
921 2303 1103 2372 μόνον,
1140 2303 1280 2357 ἀλλὰ
1322 2305 1414 2358 καὶ
1442 2307 1604 2377 σοφίᾳ
1643 2307 1737 2362 καὶ
1765 2308 1846 2362 δι-

307 2393 534 2461 καιοσύνῃ
564 2391 655 2445 τοῦ
701 2392 1029 2446 Ἀποστόλου
1071 2394 1498 2463 κατακινηθεὶς,
1524 2397 1747 2468 ὲρρίφη⁴
1795 2399 1846 2452 οἱ

301 2484 380 2535 ὑπ’
416 2483 566 2537 αύτοῦ
648 2483 706 2537 δὲ
757 2484 952 2556 πρώην
982 2487 1276 2554 ἀγόμενοι,
1336 2486 1496 2550 ἄλλος
1548 2490 1636 2542 ἐπ’
1686 2489 1846 2544 ἄλλον

296 2573 517 2644 καθάπερ
550 2575 815 2646 κυμάτων
863 2577 1234 2639 ἐπανάστασις
1274 2578 1708 2651 ἐπεγειρόμενον
1752 2581 1847 2634 καὶ

288 2663 356 2733 τῷ
378 2665 461 2718 τοῦ
490 2667 728 2737 μεγάλου
761 2667 942 2736 φωτὸς
975 2667 1088 2739 Υίῷ
1122 2669 1578 2742 προσερχόμενοι,
1611 2673 1708 2726 καὶ
1734 2677 1847 2739 τοῖς

286 2751 372 2819 τῆς
395 2751 648 2822 ἀληθείας
677 2753 976 2824 διδάγμασι
1010 2755 1400 2828 καθαιρόμενοι
1433 2762 1527 2812 καὶ
1549 2762 1846 2830 προτελού-

290 2858 440 2910 μενοι,
469 2845 556 2898 τὸν
585 2845 758 2914 ζόφον
790 2847 890 2917 μὲν
933 2847 1033 2918 τῆς
1063 2849 1286 2920 ἀπάτης
1320 2852 1418 2906 καὶ
1469 2853 1679 2923 πλάνης
1712 2857 1847 2908 ἀπε-

288 2932 463 2987 δύοντοσ
485 2937 544 2988 τὸ
583 2937 734 3007 μέγα
767 2937 825 2990 δὲ
868 2938 986 3008 φῶς
1025 2940 1124 3010 τῆς
1149 2940 1555 3012 ἁληθογνωσίας
1593 2945 1680 2998 διὰ
1720 2945 1845 2998 λου-

290 3021 396 3090 τροῦ
430 3025 851 3095 παλιγγενεσίας
907 3028 1203 3084 ἐνεδύοντο.
1253 3030 1508 3102 Ἑστήκει
1563 3033 1619 3086 δὲ
1667 3035 1845 3105 κήρυξ

284 3115 581 3186 διαπρύσιον
601 3121 718 3182 τοῖς
746 3118 923 3172 ἔθνεσι
947 3121 1042 3172 καὶ
1066 3121 1330 3192 σωτήριον
1355 3121 1584 3193 βροντὴν
1611 3125 1842 3195 ἐνηχῶν.

282 3209 512 3278 Ἄνδρες,
563 3211 762 3280 λέγων,
802 3213 966 3266 ὅσων
994 3213 1061 3267 τό
1107 3215 1348 3284 Πνεῦμα
1395 3216 1463 3270 τό
1517 3217 1690 3286 ἅγιον
1729 3217 1840 3286 τῆς

1949 646 2087 699 sima
2140 645 2338 716 capita.
2390 649 2468 700 Ac
2519 644 2743 716 quidem
2789 643 2993 714 linguis
3048 645 3198 698 velut
3243 645 3530 699 novaculis

1949 738 2148 803 acutis,
2206 738 2520 808 linguisque
2543 737 2769 801 dolosis,
2799 746 2862 792 ut
2908 736 3221 801 videbatur,
3274 738 3531 792 turbabat

1948 835 2116 896 atque
2179 828 2449 894 terrebat;
2513 828 2949 898 vulneribusque
3002 838 3058 883 et
3103 829 3424 883 carceribus
3476 837 3533 882 et

1947 921 2122 991 plagis
2147 922 2452 988 exterebat,
2469 921 2841 992 molestusque
2861 922 3151 994 ingruebat
3165 931 3219 976 et
3237 922 3532 992 aﬂligehat,

1950 1020 2010 1067 ut
2039 1013 2085 1067 si
2112 1013 2326 1077 liceret,
2356 1013 2529 1083 ipsam
2553 1014 2719 1069 etiam
2750 1015 2914 1068 vitam
2938 1015 3244 1070 adimeret:
3265 1015 3349 1070 sin
3380 1030 3533 1079 vero,

1948 1104 2035 1159 vel
2072 1104 2188 1159 suis
2216 1120 2342 1159 eum
2375 1105 2602 1161 sedibus
2633 1105 2978 1161 deturbaret.

2016 1199 2470 1269 Quandoquidem
2523 1199 2691 1271 igitur
2723 1201 2950 1270 iniquus
2994 1201 3084 1256 ille
3121 1201 3300 1254 virum
3325 1202 3533 1271 justum

1947 1291 2102 1348 hisee
2133 1292 2334 1346 laadere
2375 1292 2680 1362 satagebat,
2710 1307 2837 1346 eum
2859 1293 3121 1362 deinceps
3153 1292 3446 1346 adversum
3477 1306 3535 1345 se

1947 1385 2198 1440 suscitat.
2212 1383 2490 1452 Quinimo,
2505 1385 2940 1454 potentissimam
2956 1386 3009 1438 in
3021 1401 3088 1439 eo
3107 1385 3159 1438 in
3172 1392 3337 1453 caput
3348 1399 3530 1445 suum,

1945 1477 2116 1538 miser
2145 1475 2235 1530 ille
2260 1475 2605 1530 exsuscitans
2630 1475 2910 1531 dexteram
2932 1515 2946 1540 ,
2981 1475 3096 1544 ipse
3125 1475 3350 1544 quidem
3388 1475 3535 1530 evel-

1945 1570 2081 1625 litur
2105 1611 2120 1635 ,
2148 1585 2213 1625 ac
2239 1571 2522 1641 tyrannica
2556 1571 2704 1643 juste
2743 1579 3015 1641 potestate
3056 1569 3343 1640 dejicitur;
3369 1569 3535 1624 infer-

1946 1659 2114 1730 nique
2150 1660 2429 1730 profundo
2458 1663 2668 1717 catenis
2691 1662 2952 1717 detrusus
2987 1661 3236 1732 caliginis
3273 1660 3340 1715 ad
3372 1677 3534 1716 suum

1948 1765 2233 1822 parentem
2264 1770 2508 1824 praeceps
2521 1755 2754 1825 agitur“
2779 1773 2794 1810 :
2825 1753 3145 1825 indejustus
3171 1753 3450 1824 dirigitur,
3473 1771 3537 1809 ac

1944 1847 2223 1916 justorum
2273 1847 2420 1902 Deus
2461 1847 2765 1902 exaltatur:
2815 1855 2980 1918 atque
3015 1848 3262 1902 aulertur
3309 1847 3532 1916 quidem

1950 1940 2129 2010 caligo
2182 1940 2252 1995 ab
2317 1940 2578 1996 humanis
2625 1940 2937 2002 mentibus;
2983 1941 3077 1995 lux
3146 1956 3279 1995 vero
3339 1955 3533 2011 magna

1948 2031 2005 2086 in
2057 2031 2266 2087 Joanne
2319 2041 2548 2097 exorta,
2604 2040 2820 2088 rectum
2877 2047 3098 2088 omnem
3148 2032 3375 2086 attrahit
3412 2032 3534 2086 ani-

1950 2139 2124 2178 mum.

2019 2213 2111 2270 Sic
2141 2216 2236 2285 qui
2285 2216 2464 2287 gentis
2509 2215 2816 2285 perniciem
2875 2217 3156 2288 satagebat
3186 2224 3353 2286 atque
3389 2216 3536 2270 illius

1946 2305 2284 2361 architectus
2315 2315 2455 2372 erat,
2482 2322 2592 2361 non
2633 2305 2691 2361 in
2718 2308 2814 2362 Dei
2865 2309 3071 2364 virtute
3104 2309 3304 2372 solum,
3340 2324 3534 2363 verum

1944 2397 2109 2453 etiam
2157 2397 2403 2468 Apostoli
2435 2399 2708 2469 sapientia
2744 2399 3039 2470 etjustitia
3083 2415 3372 2463 excussus,
3408 2415 3538 2467 pro-

1941 2489 2123 2560 jectus
2163 2499 2268 2546 est.
2301 2489 2549 2556 Quorum
2583 2500 2770 2546 autem
2812 2489 2906 2546 ille
2939 2506 3118 2559 nuper
3151 2489 3349 2545 ductor
3389 2501 3532 2550 erat,

1946 2581 2089 2636 alius
2110 2589 2234 2650 post
2259 2581 2427 2635 alium
2453 2579 2603 2635 velut
2628 2579 2684 2633 in
2715 2588 2999 2650 turgentes
3022 2578 3222 2634 ﬂuctus
3246 2577 3532 2640 concitati,

1947 2689 2156 2744 magna:
2197 2673 2339 2728 lucis
2392 2673 2532 2727 Filio
2573 2670 2802 2735 admoti,
2859 2686 2924 2726 ac
2969 2671 3219 2726 veritatis
3266 2669 3536 2724 doctrinis

1945 2765 2230 2821 emundati
2265 2765 2526 2834 velutque
2566 2763 2883 2818 rudimento
2904 2761 3123 2826 imbuti,
3153 2761 3362 2816 erroris
3400 2760 3534 2814 cali-

1943 2857 2127 2926 ginem
2163 2854 2472 2919 exuebant,
2509 2867 2872 2923 magnamque
2900 2866 3045 2906 verae
3075 2851 3321 2907 scientiis
3353 2851 3532 2905 lucem

1946 2963 2046 3017 per
2109 2947 2390 3000 lavacrum
2455 2942 2890 3014 regenerationis
2963 2941 3283 2996 induebant.
3343 2941 3536 2996 Stabat

1944 3053 2078 3094 vero
2109 3053 2304 3108 praeco.
2343 3038 2557 3092 clarum
2577 3035 2836 3108 gentibus
2863 3050 2929 3089 ac
2961 3035 3200 3089 salutare
3228 3033 3532 3088 tonitruum

1945 3130 2225 3185 insonans.
2251 3129 2376 3194 Viri,
2392 3127 2596 3192 aiebat,
2623 3135 2875 3199 quotquot
2891 3127 3120 3199 Spiritus
3139 3134 3352 3179 sanctus
3372 3130 3533 3177 corda

1947 3217 2338 3288 tetigit;oenite
2361 3216 2430 3270 ad
2455 3232 2557 3280 me,
2594 3225 2642 3268 et
2671 3216 2836 3270 videte
2858 3231 3020 3286 opera
3059 3213 3156 3267 Dei
3179 3229 3241 3266 ac
3273 3213 3533 3266 veritatis.

267 3301 487 3369 καρδίας
522 3302 890 3369 ἐπελάϐετο,
945 3303 1120 3359 δεῦτε
1179 3307 1329 3374 πρός
1378 3325 1476 3376 με,
1533 3307 1632 3363 καὶ
1687 3308 1840 3364 ῖδετε

1950 3312 2240 3380 mentisque
2265 3308 2476 3363 oculum
2504 3308 2908 3362 illuminamini.
2943 3307 3132 3362 Audite
3155 3321 3290 3360 vera:
3318 3306 3534 3375 sapien-

263 3394 390 3462 ἔργα
418 3396 584 3452 Θεοῦ
616 3397 716 3450 καὶ
745 3397 1070 3465 ἀληθείας,
1113 3399 1211 3452 καὶ
1242 3399 1359 3468 τὴν
1394 3399 1539 3470 ὄψιν
1573 3401 1686 3470 τῆς
1718 3401 1845 3456 δια-

261 3487 414 3549 νοίας
452 3487 948 3557 καταυτάσθητεο
981 3490 1284 3545 ἀκούσατε
1311 3492 1602 3563 ῥημάτων
1623 3495 1847 3564 σοφίας

1953 3405 2038 3459 τίω
2066 3403 2244 3466 verba,
2271 3400 2926 3471 audituqueillustramini
2953 3417 2966 3454 :
2990 3397 3269 3468 intelligite
3286 3405 3334 3451 et
3355 3398 3535 3450 scitote

1953 3511 2096 3561 eum,
2124 3495 2214 3564 qui
2241 3509 2360 3548 vere
2391 3492 2527 3546 Deus
2551 3501 2648 3546 est.

260 3579 575 3651 ἀληθινῆς,
605 3583 704 3636 καὶ
729 3582 845 3652 τὴν
867 3583 1062 3653 ἀκοὴν
1090 3585 1491 3657 φωτιζόμενοι,
1511 3589 1729 3643 σύνετε
1749 3590 1848 3645 και
1877 3589 2066 3662 γνῶτε
2095 3588 2203 3643 τὸν
2234 3587 2422 3654 ὄντως
2449 3585 2595 3640 ὄντα
2626 3585 2797 3641 Θεόν.

320 3723 364 3755 ³¹
392 3723 413 3779 Ι
441 3723 606 3780 Petr.
628 3739 688 3789 ιι,
708 3724 762 3779 4.

254 3843 446 3898 versati
493 3849 660 3915 sunt,
712 3841 1134 3915 subintelligunt
1190 3843 1330 3898 nihil
1397 3844 1598 3912 (multo
1647 3845 1833 3902 minus

257 3928 408 3985 ausu,
459 3914 541 3968 sic
580 3913 780 3985 plagio,
804 3913 1018 3976 simili,'
1045 3914 1252 3983 aliquid
1299 3931 1462 3985 quam
1491 3915 1679 3971 Graaea
1716 3917 1833 3985 ipsa

258 3982 515 4045 habeant,
553 3984 737 4037 textui
771 3984 1072 4054 ingerunt),
1116 3982 1213 4039 sed
1251 3982 1333 4040 sic
1359 3996 1609 4040 vocatam
1659 3982 1836 4041 Patri-

258 4055 352 4108 bus
379 4055 562 4125 ipsam
601 4055 865 4124 majorem
912 4055 1278 4124 Ephesiorum
1328 4055 1624 4111 ecclesiam
1655 4072 1686 4110 a
1717 4057 1835 4111 suis

257 4126 500 4193 patronis
551 4131 617 4196 et
654 4125 1017 4196 itutelarifbus,
1078 4125 1414 4196 intelligunt,
1466 4142 1631 4196 quam
1661 4127 1836 4196 ipsam

254 4197 479 4266 ejusque
533 4195 769 4250 titulum
803 4195 908 4249 sibi
965 4194 1223 4266 praesidio
1265 4194 1544 4251 adversus
1596 4194 1837 4250 Nestorii

256 4265 689 4336 blasphemiam,
747 4266 897 4320 hunc
935 4266 1116 4336 ipsum
1153 4266 1374 4319 titulum
1409 4276 1614 4320 sanctm
1656 4266 1840 4320 Marize

259 4335 676 4408 detrahentem,
704 4337 904 4391 merito
925 4335 1278 4408 putaverunt.
1307 4337 1386 4408 l_ta
1411 4345 1559 4408 certe
1594 4338 1708 4408 ipse
1733 4336 1842 4408 Cy-

257 4407 408 4462 rillus
477 4415 691 4462 auctor
763 4415 872 4462 esti
910 4407 1196 4476 Apologet.
1271 4406 1339 4460 ad
1421 4406 1841 4470 Theodosium,

263 4479 564 4560 genvenissf
599 4478 922 4560 latinia-rbus
974 4479 1275 4560 episcoPos,
1311 4476 1674 4560 innecclesiam
1721 4493 1840 4548 quae

259 4543 452 4602 Sancta
485 4547 676 4602 Maria
717 4549 929 4611 dicitur,
956 4543 1015 4600 ut
1067 4543 1308 4618 Deiparaz
1340 4547 1562 4618 Virginis
1594 4543 1848 4618 honorem

255 4618 306 4670 in
332 4618 563 4673 ecclesia
596 4620 712 4689 ejus
742 4619 943 4689 nomini
963 4617 1230 4681 dedicata,
1251 4617 1500 4672 adversus
1516 4617 1853 4689 calumniam

1881 4587 1930 4645 ι)

1931 3846 2028 3916 qui
2053 3845 2274 3901 Domini
2293 3843 2450 3914 jussu
2473 3846 2541 3902 ad
2573 3861 2634 3902 se
2657 3861 2780 3902 eam
2819 3845 3126 3914 accepisset
3148 3883 3183 3916 ,Α
3213 3841 3420 3916 factum
3471 3843 3528 3897 id

1934 3913 2068 3972 tunc
2105 3918 2228 3971 κατ’
2261 3917 2578 3985 οἰκονομίαν
2607 3917 2793 3980 docet,
2853 3913 2998 3971 certa
3041 3914 3274 3985 quadam
3307 3913 3530 3983 dispen—

1932 3990 2164 4050 satione,
2207 3987 2398 4056 sicque
2445 3996 2579 4056 tunc
2634 3987 2860 4040 Mariam
2895 3987 2962 4040 ad
3023 4001 3085 4041 se
3117 3985 3421 4056 accepisse,
3472 3992 3534 4056 ut

1935 4072 2047 4111 non
2084 4053 2330 4126 amplius
2357 4055 2502 4125 apud
2541 4071 2670 4126 eum
2699 4066 2911 4111 morata
2936 4057 3027 4126 sit.
3075 4055 3269 4126 Καίτοι
3333 4069 3400 4122 γε
3427 4053 3531 4126 Δτοῦ

1937 4123 2194 4204 Ἰωάννου
2215 4123 2472 4204 περὶ-τὴν
2488 4125 2677 4204 ’Δῌσίαν
2701 4125 3124 4204 ὲνστειλαμένου
3152 4125 3251 4204 τὴν
3276 4123 3527 4204 πορείαν

1948 4199 2044 4250 καὶ
2077 4193 2317 4267 οὐδαμοῦ
2341 4193 2512 4264 λέγει,
2537 4198 2621 4251 δτι
2647 4193 2971 4267 ἐπηγάγετο
3004 4195 3124 4262 μεθ’
3173 4193 3377 4267 ἑαυτοῦ
3431 4193 3531 4267 τὴν

1952 4267 2116 4334 ἁγίαν
2142 4265 2438 4338 Παρθένον.
2471 4267 2546 4322 Ac
2579 4285 2700 4322 cum
2728 4265 2965 4322 Joannes
3002 4266 3217 4338 interim
3263 4265 3318 4318 in
3345 4265 3532 4338 Asiam

1928 4338 2214 4420 'profectus
2233 4336 2324 4403 sit,
2357 4354 2622 4420 nusquam
2645 4348 2824 4420 tamen
2847 4339 3056 4420 (teat-unm
3080 4336 3342 4420 Virginem
3373 4337 3533 4420 itine-

1952 4405 2026 4462 ris
2052 4405 2299 4463 comitem
2343 4405 2519 4463 secum
2565 4409 2808 4478 habuisse
2835 4407 3126 4478 signiﬁcat.
3161 4405 3240 4478 Ad
3271 4419 3393 4474 qua:
3433 4405 3535 4459 Ba-

1953 4495 2076 4534 ron.
2095 4497 2108 4532 :
2127 4478 2388 4533 Craterum
2401 4477 2682 4548 complura
2695 4476 2896 4532 tradita
2913 4478 3174 4532 habentur
3185 4476 3300 4548 sine
3308 4478 3528 4548 scripto.

1957 4549 2034 4605 lta
2065 4565 2233 4615 sane;
2263 4550 2358 4605 sed
2382 4549 2485 4603 hoc
2507 4545 2812 4619 nusquam;
2845 4549 2954 4602 nisi
2979 4556 3258 4619 quantum
3286 4546 3363 4599 illi
3386 4545 3530 4619 facta

1959 4616 2652 4701 gausperinterpretem,
2689 4635 2854 4690 quem
2909 4616 3050 4688 pene
3098 4616 3261 4701 plagii
3303 4617 3528 4701 ‘notavi.

257 4689 381 4760 tium
408 4687 793 4744 haereticorum
819 4688 1049 4759 furorem
1075 4698 1383 4760 luerentur;
1418 4689 1548 4743 item
1590 4689 1754 4759 epist.
1784 4688 1855 4744 ad
1958 4687 2218 4760 Graeci‘in
2243 4687 2487 4755 Menaeis,
2516 4705 2658 4760 quos
2698 4687 2808 4745 non
2855 4687 3081 4760 necesse
3118 4687 3222 4741 fuit
3247 4702 3278 4739 a
3303 4687 3532 4760 Peltano

256 4759 474 4830 clerum
517 4761 905 4830 populumque
945 4759 1420 4830 Alexandrinum:
1457 4761 1598 4811 Ἴστε
1649 4761 1852 4823 τοίνυν,

252 4829 509 4901 ἆτιμκατὰ
535 4829 642 4901 τὴν
675 4831 869 4901 ὀγδόην
892 4829 986 4884 καὶ
1007 4829 1201 4883 εἰκάδα
1239 4829 1333 4901 τοῦ
1373 4830 1548 4883 Παυνὶ
1582 4831 1790 4901 μηνὸς,
1819 4831 1852 4900 ἡ

254 4899 386 4972 ᾲγία
426 4899 665 4964 σύνοδος
717 4899 944 4970 γέγονεν
990 4902 1048 4972 ἐν
1096 4903 1164 4970 τῇ
1195 4900 1407 4972 Ἐᾂφέσῳ
1438 4902 1496 4952 ὲν
1530 4902 1598 4972 τῇ
1635 4899 1848 4972 μεγάλῃ

255 4970 542 5042 ἐκκλησίᾳ
589 4973 691 5041 τῆς
731 4969 962 5035 πόλεως,
1019 4969 1424 5042 animum;
1488 4969 1678 5038 Μαρία
1719 4969 1852 5024 Θεοέ

255 4988 492 5042 exuas:
589 4989 691 5041 της
731 4988 962 5035 πολεως,
1019 4988 1142 5040 ητις
1177 4988 1424 5026 καλειται
1488 4988 1678 5038 Μαρια
1719 4988 1852 5024 σεο-

255 5041 432 5112 ῄκος.
492 4988 694 5112 ﬁlaque
741 5043 923 5096 scitote
996 5057 1208 5096 sacram
1254 5041 1511 5112 synodum
1553 5043 1608 5093 in
1655 5059 1852 5112 magna

253 5109 623 5180 Ephesiorum
682 5113 923 5172 ecclesia,
975 5127 1094 5181 qua;
1137 5109 1332 5166 dicitur
1365 5111 1599 5181 Deipara
1653 5109 1848 5176 Maria,

250 5182 511 5262 tricesima
529 5192 721 5264 octava
748 5183 940 5264 mensis
976 5181 1156 5237 Pauni
1181 5183 1339 5264 fuisse
1362 5181 1701 5264 celebratam.
1745 5182 1848 5237 Ubi

249 5252 423 5322 etiam
449 5268 574 5306 non
588 5253 728 5307 bene
756 5254 1015 5307 Peltanus
1041 5268 1154 5307 sua:
1179 5252 1467 5322 indulgens
1496 5253 1848 5320 conjectum,

249 5319 580 5377 inchoatam
601 5322 1031 5390 rcddidit.Quod
1049 5337 1153 5378 nec
1177 5319 1362 5380 Graeca
1387 5319 1612 5381 volunt,"
1634 5337 1734 5376 nec
1762 5339 1848 5378 res

251 5390 373 5462 ipsa
407 5394 673 5462 subjecta
705 5394 844 5455 fert;
876 5409 1001 5448 cum
1027 5393 1096 5448 de
1136 5409 1203 5448 eo
1227 5401 1501 5449 conventu
1530 5393 1602 5446 sit
1643 5409 1845 5456 sermo,

249 5460 308 5533 in
340 5479 459 5531 quo
495 5460 676 5533 gradu
700 5473 881 5519 motus
905 5463 1192 5518 Nestorius
1213 5472 1326 5528 est;
1370 5479 1478 5517 non
1503 5463 1559 5516 in
1593 5478 1703 5530 quo
1728 5464 1847 5532 ejus

251 5530 528 5588 inchoata
575 5549 774 5597 causa,
834 5535 1050 5590 tametsi
1098 5534 1576 5590 schismaticorum
1609 5530 1845 5589 factione

254 5615 318 5656 ac
343 5603 607 5675 Nestorii
644 5606 919 5660 fautorum
945 5645 960 5667 ,
1009 5604 1260 5660 nundum
1283 5605 1470 5660 omnia
1503 5603 1571 5657 ad
1597 5619 1718 5659 eam
1757 5620 1846 5675 sy-

256 5673 491 5745 nodum
525 5677 835 5745 spectantia
877 5675 1098 5730 fuerant
1133 5686 1378 5745 peracta.
1409 5675 1610 5745 Epiph.
1644 5673 1840 5729 haeres.

257 5741 346 5814 78,
379 5759 443 5797 n.
471 5741 769 5814 {Lgserio
792 5741 1150 5814 impugnans;
1188 5747 1284 5814 qui
1319 5741 1720 5814 συνεῐσάκτους
1749 5746 1844 5796 καὶ

258 5811 582 5892 ἀγαπητὰς
594 5812 857 5892 haberent
873 5811 1121 5892 (sorores
1143 5811 1356 5892 scilicet
1383 5814 1658 5892 spiritales
1690 5812 1840 5892 domi

261 5883 632 5954 retinerent),
645 5900 812 5956 seque
825 5883 893 5943 ea
913 5902 971 5942 re
989 5885 1216 5944 Joannis
1249 5885 1504 5956 exemplo
1525 5891 1834 5952 tuerentur,

1956 4759 2172 4816 discere
2233 4775 2456 4816 sensum
2526 4757 2822 4815 verborum
2885 4759 3132 4829 epistola
3183 4757 3414 4829 synodi,
3460 4757 3533 4812 26

1955 4830 2136 4900 Sept.,
2166 4831 2442 4901 accepisse
2468 4830 2735 4885 Joannem
2757 4831 2810 4885 in
2841 4828 3005 4885 cruce
3024 4828 3310 4901 Dciparam
3332 4828 3384 4901 in
3408 4844 3528 4893 sua,

1954 4899 2152 4966 aiunt,
2187 4899 2377 4972 illique
2422 4901 2769 4972 ministrasse
2831 4901 2994 4971 μέχρι
3043 4899 3142 4966 τῆς
3193 4899 3526 4972 κοιμήσεως,

1954 4987 2118 5041 usque
2152 4971 2222 5024 ad
2256 4969 2370 5042 ejus
2396 4971 2804 5035 dormitionem;
2834 4969 2966 5042 post
2997 4985 3159 5042 quam
3187 4969 3384 5024 dicunt
3411 4985 3530 5042 sor-

1954 5039 2118 5112 titum
2143 5039 2323 5096 Asiani
2354 5041 2696 5112 provinciam
2733 5060 2745 5095 :
2778 5039 2899 5110 qua:
2925 5040 2998 5095 sit
3020 5039 3168 5093 ratio
3194 5056 3294 5094 cur
3319 5039 3530 5112 tardius

1952 5111 2103 5166 illam
2133 5110 2681 5176 adierit,_curaturus
2707 5112 3031 5174 Ecclesiam,
3055 5127 3218 5179 quam
3240 5112 3352 5181 jam
3392 5110 3531 5164 Pau-

1953 5183 2040 5237 lus
2071 5182 2399 5238 fundaverat
2428 5223 2442 5243 ,
2475 5192 2536 5236 ut
2563 5192 2649 5237 est
2682 5191 2875 5236 auctor
2907 5183 3168 5242 lrcnaius,
3197 5181 3345 5250 quod
3383 5181 3530 5250 forte

1953 5268 2098 5307 unus
2131 5255 2248 5322 ipse
2272 5269 2371 5322 par
2395 5254 2450 5307 in
2479 5253 2748 5322 apostolis
2787 5261 2950 5307 tanta:
2984 5249 3283 5320 provinciae
3308 5249 3529 5322 videre-

1949 5332 2063 5385 tur,
2086 5319 2248 5394 cujus
2274 5319 2543 5394 deinceps
2582 5325 2844 5394 princeps
2873 5319 3015 5376 foret
3041 5361 3056 5383 ,
3101 5331 3438 5394 cunctasque
3472 5319 3527 5374 in

1949 5408 2013 5448 ea
2049 5391 2324 5449 Ecclesias
2377 5391 2797 5456 vel'l‘undaret,
2862 5393 2946 5447 vel
3001 5400 3246 5461 regeret;
3298 5391 3528 5461 jamque

1947 5464 2206 5536 Asianum
2247 5464 2534 5519 dimcesim
2569 5465 2724 5536 quasi
2755 5462 2979 5518 cxarchi
3007 5460 3134 5532 jurc
3186 5460 3526 5530 peculiarius

1949 5535 2228 5589 subditam
2271 5541 2512 5589 teneret.

2017 5605 2130 5674 (16)
2162 5606 2354 5668 Αὐτὸς
2375 5605 2493 5672 μὲν
2516 5605 2881 5658 extulerat.
2919 5602 3195 5656 Videntur
3241 5599 3358 5674 haec
3385 5615 3530 5670 quo-

1946 5670 2052 5742 que
2090 5670 2237 5728 tanta
2271 5670 2673 5743 illairespieere
2709 5674 2991 5743 Proehoro
3021 5679 3284 5743 narrata,_
3301 5670 3368 5724 de
3401 5685 3532 5739 pro-

1946 5741 2148 5814 ﬂigatis
2201 5741 2544 5798 (lanlionibus
2593 5744 2838 5814 locisque
2875 5741 3096 5814 infestis
3135 5757 3232 5814 per
3259 5741 3529 5814 Joannem

1946 5810 2226 5895 mundatis
2250 5832 2264 5879 ;
2297 5829 2420 5885 qua:
2451 5814 2507 5869 in
2534 5830 2602 5871 eo
2631 5830 2696 5870 ac
2725 5810 2947 5869 Menaeis
2966 5811 3157 5869 videre
3186 5810 3340 5879 licet,
3363 5811 3410 5866 si
3434 5811 3526 5868 cui

1944 5901 2161 5943 mutnus
2187 5895 2294 5941 οδι.
