4094 6400
553 455 658 524 115

1754 458 2044 521 ΝΙΟΕΤᾸΞ
2084 456 2608 518 PAPHLAGONIS

3692 447 3798 518 116

617 569 919 646 Cogtwscite
959 568 1128 628 Deum
1160 571 1378 628 Patrem
1414 569 1846 644 omnipotentem,
1888 573 2117 627 invisibi-

2293 565 2494 625 Γνῶτε
2549 568 2696 623 Θεὸν
2748 565 2978 636 Πατέρα
3017 565 3491 636 παντοκράτορα,
3553 565 3799 621 πάντων

547 664 678 720 lium'
723 665 961 718 omnium
1006 675 1072 719 ac
1109 664 1390 720 visibilium
1437 679 1618 719 rerum
1660 673 1968 719 creatorem.
2021 662 2125 720 Co-

543 749 773 824 gnoscile
818 752 989 809 Deum
1039 755 1260 810 Verbum
1305 762 1430 810 ante
1485 754 1680 810 sucula
1721 771 1883 824 supra
1917 769 2124 808 omnem

545 841 808 900 rationem
837 860 903 900 ea:
935 843 1031 900 illo
1053 845 1260 912 na'tum,
1285 861 1378 918 per
1403 844 1557 916 quem
1577 847 1754 900 omnia
1781 845 1902 915 fecit
1932 841 1996 899 ¹¹.
2025 845 2124 900 Ca-

543 925 776 1010 gnoscite
797 933 1059 1010 Spiritum
1087 947 1333 994 sanctum
1372 953 1435 992 ea:
1466 937 1631 993 Patre
1657 937 1772 991 sine
1803 944 2035 1008 tempore
2061 953 2124 992 ac

543 1027 764 1081 indibiie
808 1027 1189 1098 procedentem,
1225 1025 1562 1096 omniumque
1602 1041 1721 1079 cum
1768 1023 1902 1078 Filio
1947 1023 2126 1078 condi-

547 1125 736 1183 torem,
763 1133 826 1171 ac
853 1118 944 1187 qui
971 1134 1063 1188 per
1081 1117 1360 1171 essentiam
1376 1125 1564 1169 cuncta
1591 1114 1812 1185 repleat.
1836 1113 2125 1186 Intelli'gite

545 1205 670 1261 Tria
716 1202 880 1262 Deum
905 1216 1090 1275 unum,
1111 1217 1376 1278 imamque
1406 1214 1655 1260 naturam
1684 1212 1734 1258 et
1763 1207 2052 1276 potentiam
2073 1213 2122 1258 et

543 1309 804 1368 regnum;
831 1311 1099 1369 unumque
1128 1289 1412 1352 Dominum
1435 1297 1492 1350 in
1518 1296 1684 1350 tribus
1725 1298 1844 1367 pari
1868 1297 2126 1366 dignitate

543 1391 779 1458 personis
807 1391 1048 1444 adorate.
1079 1385 1386 1460 Intelligite,
1417 1390 1678 1460 missoque
1699 1401 1850 1459 quem
1877 1405 1910 1443 a
1930 1397 2125 1458 paren-

542 1480 678 1534 tibus
719 1482 1010 1551 accepistis,
1053 1495 1252 1542 errore.
1300 1480 1370 1534 ad
1416 1495 1598 1534 ueram
1648 1479 1814 1534 lucem
1870 1479 2119 1534 accedite.

540 1570 800 1626 Accedite
829 1579 888 1626 et
913 1569 1324 1638 illuminamlni,
1349 1578 1405 1626 et
1430 1570 1602 1626 facies
1634 1579 1829 1626 vestrm
1850 1584 1961 1625 non
1991 1584 2123 1625 con-

540 1659 924 1715 l'undentur”.
963 1659 1141 1715 Videte
1170 1663 1296 1732 quia
1324 1659 1568 1716 Verbum
1601 1675 1731 1716 caro
1773 1659 1976 1716 factum
2014 1670 2118 1726 est,

535 1761 593 1806 et
621 1751 891 1807 habitavit
932 1751 989 1806 in
1031 1751 1275 1808 nobis”.
1323 1751 1632 1822 Unigenitus
1679 1751 1865 1816 Filius,
1917 1753 2009 1821 qui
2045 1759 2122 1806 est

533 1847 741 1914 semper
765 1845 820 1898 in
849 1845 972 1899 sinu
1008 1843 1205 1910 Patris,
1235 1859 1356 1898 uere
1382 1845 1534 1898 homo
1562 1833 1832 1898 hominum
1851 1858 2014 1897 causa
2056 1856 2120 1896 ea:

533 1947 722 1990 sancta
771 1937 1100 2007 innuptaque
1141 1935 1316 1992 Maria
1361 1935 1570 2006 Virgine
1613 1936 1868 2000 nascitur,
1913 1949 1977 1988 ac
2026 1949 2119 2004 per

537 2031 743 2096 omnia,
774 2041 881 2084 uno
923 2037 1134 2101 peccato
1176 2037 1410 2100 excepto,
1451 2027 1642 2084 similis
1688 2029 1834 2084 nobis
1870 2029 2122 2098 eﬁicitur;

537 2136 886 2192 concessaque
918 2137 1012 2192 per
1057 2121 1375 2191 baptismum
1412 2120 1718 2174 remissione
1765 2127 2118 2190 peccatorum,

538 2231 604 2268 ac
627 2231 722 2286 per
759 2226 1057 2276 crucemac
1094 2212 1528 2268 resurrectionem
1576 2228 1609 2266 a
1646 2222 1813 2267 morte
1852 2227 1915 2266 ac
1939 2223 2122 2265 corru-

538 2309 716 2377 ptione
741 2305 995 2372 liberans,
1023 2305 1178 2361 Patri
1196 2303 1575 2359 reconciliavit.
1603 2302 1701 2358 Hic
1720 2312 1770 2358 et
1790 2303 1943 2357 modo
1963 2303 2122 2374 (quod

536 2399 686 2454 illius
711 2415 846 2470 opus
866 2397 1163 2470 proprium)
1207 2397 1382 2468 posuit
1403 2397 1460 2451 in
1491 2394 1641 2450 nobis
1677 2394 2121 2450 reconciliationis

534 2503 852 2561 sermonem,
886 2491 1024 2548 hanc
1046 2491 1185 2548 vobis
1203 2491 1436 2547 salutem
1466 2490 1848 2546 annuntiatum
1869 2503 1963 2544 nos
1997 2489 2121 2543 mit-

536 2587 676 2641 tam;

608 2847 850 2930 Recedite
874 2855 1040 2926 igitur
1068 2855 1134 2908 ab
1153 2855 1298 2908 omni
1323 2854 1622 2909 daemonum
1649 2857 1903 2911 uanitate.
1937 2855 2120 2912 Omnis

532 2941 800 3000 idolorum
827 2939 1018 3010 cultus,
1049 2945 1220 3000 omnis
1268 2939 1385 2999 uitii
1422 2960 1485 2999 ac
1524 2945 1878 3016 improbitatis
1907 2948 2121 3002 noxiam

533 3031 963 3090 consuetudinem
993 3033 1178 3105 procul
1205 3051 1238 3089 a
1264 3033 1403 3089 vobis
1427 3033 1656 3104 abjicite.
1686 3034 1834 3090 Fidei
1858 3036 1988 3108 lege,
2003 3050 2120 3107 qua

533 3137 612 3183 est
631 3128 687 3181 in
737 3125 947 3182 Christo
975 3125 1137 3193 J‘esu;
1181 3125 1291 3197 lege
1317 3123 1548 3197 Spiritus
1580 3127 1882 3182 sanctitatis
1915 3128 2049 3197 ejus,
2070 3126 2119 3182 si

2219 663 2486 731 ἀοράτων
2514 659 2849 731 κτισμάτων
2883 651 2983 714 καί
3013 659 3244 729 ὁρατῶν
3265 658 3546 728 ποιητήν.
3592 659 3800 714 Γνῶτε

2221 754 2371 808 Θεὸν
2390 755 2583 821 Λόγον
2613 751 2727 819 πρὸ
2754 751 2874 804 τῶν
2891 749 3122 805 αἰώνων
3161 749 3314 820 ὑπὲρ
3345 753 3535 819 λόγον
3578 749 3784 820 raw-ds

2214 861 2402 914 μενον
2427 844 2497 908 ἐξ
2522 843 2727 907 αὑτοῦ,
2749 839 2822 896 δι’
2842 838 2912 898 οὗ
2947 845 3235 910 πεποίηκε
3263 843 3334 896 τὰ
3373 833 3590 896 πάντα.
3631 838 3802 895 Γνῶο

2219 952 2282 990 τε
2313 935 2551 1004 Πνεῦμα
2577 934 2646 988 τό
2672 931 2862 1002 ἅγιον,
2895 934 3001 988 τοῦ
3023 934 3254 1004 Πατρός
3297 933 3570 1003 ἀχρόνως
3614 933 3803 986 ἀνεκ-

2219 1027 2507 1098 φοιτήτως
2533 1040 2597 1082 τε
2619 1027 2849 1096 προϊὸν,
2883 1027 2981 1081 καὶ
3025 1026 3105 1092 τῷ
3137 1025 3244 1092 Υίῷ
3268 1024 3804 1093 συνδημιουργοῦν

2217 1120 2292 1173 τὰ
2307 1119 2522 1182 πάντα,
2557 1118 2656 1172 και
2694 1119 2889 1173 πάντα
2921 1118 3046 1172 κατ’
3068 1120 3292 1173 οὐσίαν
3313 1117 3606 1186 πληροῦν.
3637 1116 3800 1170 Σύνο

2217 1227 2313 1264 ετε
2344 1212 2490 1264 Θεὸν
2509 1211 2617 1265 ἕνα
2639 1211 2712 1266 τὰ
2747 1211 2898 1279 τρία,
2930 1210 3030 1265 καί
3063 1211 3252 1280 φύσιν
3274 1211 3422 1280 μίαν
3453 1210 3550 1263 καί
3591 1209 3784 1264 δύνα-

2213 1319 2322 1370 μιν
2353 1303 2450 1356 καὶ
2473 1303 2837 1368 βασιλείανο
2868 1304 2963 1356 καί
3001 1304 3108 1357 τόν
3144 1299 3254 1356 ἕνα
3286 1303 3524 1370 Κύριον,
3548 1302 3618 1355 ἐν
3651 1303 3799 1368 όμο-

2216 1393 2408 1461 τίμοις
2465 1393 2804 1462 προσώποις
2841 1392 3237 1460 προσκυνεῖτε
3286 1393 3505 1459 τρισίν.
3550 1391 3796 1451 Σύνετε.

2219 1485 2321 1538 καί
2371 1482 2488 1549 τὴν
2540 1484 3072 1553 πατροπαράδοτον
3140 1482 3453 1550 πλάνησιν
3508 1481 3794 1551 ἀφέντες,

2219 1575 2582 1643 προσέλθετε
2636 1575 2717 1640 τῷ
2777 1574 3045 1642 ἀληθινῷ
3077 1573 3246 1644 φωτί.
3299 1573 3632 1645 Προσέλθετε
3701 1575 3800 1626 καὶ

2219 1665 2548 1737 φωτίσθητε,
2582 1667 2677 1720 καὶ
2700 1666 2768 1722 τὰ
2806 1669 3071 1738 πρόσωπα
3094 1666 3247 1738 ὑμῶν
3271 1666 3331 1720 οὔ
3354 1665 3429 1738 μὴ
3463 1681 3798 1734 καταισχυν-

2219 1755 2308 1826 θῇ.
2339 1755 2546 1822 Ἴδετε,
2581 1754 2718 1809 ότιό
2748 1756 2921 1824 Λόγος
2962 1754 3098 1828 σὰρξ
3127 1755 3362 1823 ἐγένετο,
3405 1755 3500 1807 καὶ
3553 1751 3799 1824 ἐσκήνω-

2226 1864 2317 1901 σεν
2346 1848 2405 1900 ὲν
2436 1849 2569 1918 ἡμῖν
2598 1863 2614 1879 ο
2649 1849 2683 1902 ό
2713 1847 3054 1916 μονογενὴς
3108 1847 3261 1912 mc,
3307 1848 3340 1900 ό
3377 1845 3448 1898 ἐν
3476 1843 3602 1911 τοῖς
3648 1846 3797 1898 κόλ-

2224 1933 2468 2005 ποιςλῶν
2491 1939 2581 1994 ἀεὶ
2606 1938 2713 1993 τοῦ
2737 1939 2986 2008 Πατρός,
3013 1939 3322 2006 ἄνθρωπος
3367 1935 3607 2004 ἀληθῶς
3641 1933 3800 2002 ὑπὲρ

2218 2029 2550 2100 ἀνθρώπων
2578 2031 2647 2096 ἐξ
2696 2033 2872 2102 ἀτίας
2913 2031 3222 2099 Παρθένου
3261 2028 3360 2083 καὶ
3393 2027 3798 2097 ἀπειρογάμου

2218 2123 2440 2194 γίνεται
2465 2123 2713 2192 Μαρίας,
2734 2123 2832 2177 καὶ
2863 2121 3012 2176 κατὰ
3034 2121 3251 2187 πάντα,
3281 2118 3455 2190 χωρίς
3479 2120 3794 2190 ἁμαρτίας,

2216 2213 2362 2284 ἡμῖν
2381 2214 2754 2284 ἐξομοιοῦται
2783 2231 2797 2245 ·
2832 2213 2933 2268 καὶ
2965 2214 3186 2284 ἄφεσιν
3211 2211 3514 2283 ἁμαρτιῶν
3539 2211 3638 2265 διὰ
3669 2211 3787 2275 ,ϐας

2217 2306 2549 2374 πτίσματος
2565 2304 2988 2374 χαρισάμενος,
3005 2303 3102 2358 διὰ
3117 2303 3385 2372 σταυροῦ
3412 2318 3480 2356 τε
3509 2301 3609 2356 καὶ
3634 2301 3780 2356 ἀνα-

2215 2398 2520 2463 στάσεως.
2561 2393 2820 2453 θανάτου
2861 2395 2962 2450 και
3030 2393 3256 2464 φθορᾶς
3306 2391 3783 2462 λυτρωσάμενος,

2219 2485 2567 2555 κατήλλαξε
2600 2485 2680 2553 τῷ
2711 2488 2916 2555 Πατρί.
2951 2482 3143 2552 Οὗτος
3173 2485 3273 2539 καὶ
3296 2484 3414 2538 νῦν
3436 2483 3510 2538 έν
3531 2483 3694 2553 ἡμῖν,
3724 2483 3782 2536 τὸ

2218 2576 2378 2632 ιδιον
2404 2578 2602 2646 ἔργον,
2621 2577 2729 2632 τὸν
2751 2577 2860 2646 τῆς
2901 2575 3291 2646 καταλλαγῆς
3309 2577 3499 2644 λόγιον
3523 2573 3779 2642 θέμενος,

2219 2667 2601 2734 ἀπέστειλεν,
2627 2665 2742 2737 τὴν
2771 2667 3074 2736 σωτηρίαν
3123 2667 3350 2734 ταύτην
3409 2666 3780 2734 εὐαγγελιου-

2211 2759 2438 2830 μένους
2465 2758 2626 2829 ὑμῖν.

2302 2850 2625 2916 Ἀπόστητε
2671 2850 2880 2904 τοίνυν
2908 2847 3112 2914 πάσης
3159 2844 3458 2916 δαιμόνων
3475 2844 3783 2914 ματαιότη-

2215 2959 2340 3010 τος,
2371 2941 2574 3009 πάσης
2594 2940 3101 3009 ειδωλολατρείας,
3155 2939 3359 3006 πάσης
3417 2938 3640 3003 κακίας
3691 2935 3783 2991 καί

2216 3035 2469 3103 ἀνομίας
2524 3033 2640 3100 τὴν
2686 3032 2962 3100 ὀλέθριον
2990 3023 3363 3100 ἀπορρίψατε
3407 3029 3739 3098 συνήθειαν
3765 3045 3778 3060 ·

2217 3127 2297 3192 τῷ
2322 3128 2483 3196 νόμῳ
2511 3119 2579 3179 δὲ
2611 3124 2720 3194 τῆς
2738 3126 3017 3192 πίστεως,
3049 3125 3160 3193 τῆς
3181 3124 3250 3178 ἐν
3277 3121 3512 3192 Χριστῷ
3547 3121 3748 3190 Ἰησοῦ
3765 3137 3779 3150 ·

525 3211 791 3285 ~viateritt‘s',
824 3217 891 3271 “ab
917 3213 1108 3288 iraque
1137 3217 1202 3271 de
1236 3217 1365 3272 caelo
1405 3220 1735 3284 superueniet
1755 3219 1941 3289 {impiis
1992 3218 2117 3273 libe-

2220 3216 2300 3284 τῷ
2339 3222 2500 3288 νόμῳ
2549 3218 2655 3273 τοῦ
2696 3219 3043 3286 Πνεύματος
3083 3215 3193 3285 τῆς
3244 3216 3561 3286 ἁγιότητος
3602 3215 3780 3268 αὐτοῦ

534 3304 804 3371 rabimini,
837 3305 1256 3379 immortalisque
1285 3309 1468 3380 gloria
1499 3325 1561 3364 ac
1589 3311 1711 3365 vita
1739 3319 1953 3366 (eterna:
1971 3324 2114 3365 com-

537 3405 682 3470 potes
705 3399 1017 3469 eﬁiciemini.
1049 3393 1127 3454 Ne
1148 3416 1272 3454 vero
1302 3401 1550 3454 inanibus
1578 3401 1746 3456 verbis
1781 3418 1814 3456 a
1851 3401 1996 3456 nobis
2026 3402 2117 3455 de-

537 3500 716 3561 ceptos
742 3507 831 3544 vos
859 3491 1184 3556 eaistimetis,
1216 3491 1461 3545 adducite
1489 3493 1616 3546 mihi
1639 3493 1730 3563 qui
1751 3495 1809 3548 in
1836 3491 1974 3547 nobis
2001 3490 2116 3546 labe

535 3583 720 3654 aliqua
747 3583 970 3654 vitioque
1009 3583 1254 3639 laborant
1307 3601 1372 3639 ac
1411 3585 1679 3640 curatione
1720 3593 1894 3656 egent,
1931 3592 1990 3638 ut
2033 3600 2116 3638 me

538 3693 645 3731 non
673 3678 727 3730 in
757 3693 996 3732 sermone
1023 3687 1228 3732 tantum
1257 3679 1328 3733 ad
1346 3694 1436 3732 vos
1451 3679 1672 3744 uenisse,
1702 3678 1794 3733 sed
1819 3677 1971 3750 longe
2000 3694 2117 3732 am-

537 3769 677 3841 plius
710 3771 766 3824 in
793 3771 984 3826 virtute
1026 3771 1457 3843 appropinquare
1498 3771 1569 3826 ad
1611 3787 1700 3826 vos
1739 3787 1960 3844 regnum
1991 3771 2112 3838 Dei,

535 3857 773 3918 videatis.

605 4125 802 4183 Statim
830 4125 963 4196 ergo
989 4124 1108 4180 illic
1126 4123 1232 4179 loci
1274 4123 1460 4179 videre
1506 4132 1647 4189 erat,
1680 4123 1800 4179 solo
1848 4121 2111 4192 Theologi

535 4215 706 4274 uerbo
755 4209 1027 4288 dminonia
1079 4215 1148 4272 ab
1201 4215 1442 4272 obsessis
1495 4216 1830 4285 corporibus,
1877 4214 2108 4286 fugere;

536 4299 962 4382 erigi'cla'udos,
997 4301 1157 4362 caecis
1193 4306 1403 4370 lumen,
1456 4305 1639 4360 surdis
1661 4305 1913 4360 auditum
1949 4306 2114 4361 resti-

539 4400 640 4461 tui;
676 4397 863 4454 doceri
901 4396 1096 4450 balbos
1126 4394 1332 4450 diserte
1360 4393 1533 4464 loqui.
1564 4393 1764 4449 Videre
1783 4403 1905 4448 erat
1935 4396 2113 4464 preci-

537 4497 643 4551 bus
689 4493 936 4549 m'o'r'tuo's
975 4491 1319 4554 e'xsuscitari,
1363 4490 1616 4545 mundari
1658 4491 1950 4560 leprosos;
1993 4507 2113 4545 om-

2215 3309 2686 3379 πολιτευόμενοι,
2723 3307 3108 3376 ρυσθήσεσθε
3146 3307 3265 3377 μὲν
3296 3306 3416 3361 ἀπὸ
3473 3305 3581 3376 τῆς
3609 3303 3769 3368 ἐπερ-

2213 3396 2476 3468 χομένης
2529 3397 2600 3462 ἐξ
2686 3397 2944 3466 οὐρανοῦ
3012 3397 3138 3463 τοῖς
3211 3397 3502 3452 ἀσεϐέσιν
3566 3392 3728 3463 ὀργῆς
3747 3407 3762 3423 ⁸

2211 3488 2514 3559 ἀφθάρτου
2544 3485 2613 3542 δὲ
2642 3485 2827 3558 δόξης
2854 3483 2952 3543 καί
2985 3478 3225 3544 αἰωνίου
3270 3486 3770 3553 καταξιωθήσεσθε

2215 3579 2380 3649 ζωῆς.
2413 3583 2541 3636 Ἵνα
2582 3581 2652 3634 δὲ
2681 3580 2769 3650 μὴ
2829 3581 3025 3647 κενοῖς
3053 3581 3324 3651 ῥήμασιν
3368 3579 3777 3650 ἐξηπατῆσθαι

2211 3671 2482 3742 νομίζητε
2530 3675 2668 3742 παρ’
2724 3671 2912 3743 ἡμῶν,
2979 3673 3312 3743 προσάγετε
3365 3690 3468 3743 μοι
3523 3671 3666 3738 τοὺς
3718 3671 3782 3724 ἐν

2213 3763 2356 3832 ὑμῖν
2381 3764 2838 3835 λελωϐημένους
2867 3764 2965 3818 καὶ
2994 3765 3310 3834 θεραπείας
3339 3759 3781 3831 ὲπιδεομένους,

2212 3854 2291 3910 ἵν’
2315 3853 2496 3924 ιδῆτε,
2529 3856 2609 3924 ὡς
2636 3859 2746 3912 οὐκ
2773 3856 2845 3911 ἐν
2863 3856 3022 3927 λόγῳ
3052 3856 3204 3926 πρὸς
3221 3856 3378 3926 ὑμᾶς
3388 3857 3605 3926 μόνον,
3626 3852 3785 3910 ἀλλὰ

2212 3947 2313 4002 καὶ
2344 3949 2414 4004 ἐν
2441 3947 2690 4020 δυνάμει
2723 3949 2881 4004 πολὺ
2904 3949 3146 4020 μᾶλλον
3183 3950 3222 4019 ἠ
3259 3949 3555 4014 ,βασιλεία
3580 3945 3787 4018 ἐγγίζει

2211 4042 2322 4098 τοῦ
2347 4041 2518 4097 Θεοῦ.

2279 4135 2488 4190 Αὐτίκα
2538 4135 2717 4190 τοίνυν
2770 4129 2839 4206 ἦν
2878 4133 3012 4206 όρᾷν
3061 4135 3200 4202 ἐκεῖ,
3229 4133 3483 4204 δαιμόνια
3523 4130 3670 4202 λόγῳ
3694 4131 3786 4184 τοῦ

2210 4225 2474 4296 Θεολόγου
2506 4226 2652 4298 μόνῳ
2676 4226 2785 4281 τῶν
2812 4225 3193 4298 δαιμονῶντων
3232 4223 3655 4296 δραπετεύοντα,
3682 4241 3789 4294 χω·

2209 4322 2335 4384 λοὺς
2361 4320 2821 4390 ἀνορθουμένους,
2847 4317 3084 4389 τυφλοὺς
3111 4317 3537 4388 φωτιζομένους,
3567 4315 3789 4384 κωφοὺς

2212 4409 2528 4474 ἀκούοντας,
2559 4411 2654 4464 καὶ
2685 4408 3005 4478 μογιλάλους
3033 4408 3248 4478 τρανῶς
3289 4407 3470 4462 λαλεῖν
3534 4407 3790 4460 παιδευο-

2218 4501 2430 4570 μένους.
2461 4495 2573 4552 Ἶιν
2613 4499 2746 4570 όρᾷν
2791 4498 2879 4552 διὰ
2929 4497 3240 4568 προσευχῆς
3284 4496 3676 4566 ἀνισταμένους
3704 4511 3791 4547 νε-

539 4578 775 4658 ηθίηιιυε
815 4577 1068 4640 morbum
1105 4598 1170 4638 ac
1217 4598 1435 4638 omnem
1470 4579 1716 4652 corporis
1761 4583 1963 4646 labem,
1993 4583 2111 4640 solo

2217 4595 2403 4665 κροὺς,
2432 4593 2860 4663 καθαιρομένους
2887 4590 3139 4662 λεπροὺς,
3175 4589 3271 4644 καὶ⁷
3291 4591 3471 4643 πᾶσαν
3491 4588 3644 4641 νόσον
3695 4587 3795 4641 καὶ

539 4693 737 4732 manus
769 4683 972 4731 sancta:
1000 4682 1257 4730 contactu
1291 4671 1472 4727 sanari
1505 4689 1520 4724 :
1553 4686 1618 4727 ac
1639 4671 1864 4742 quidem
1894 4683 2113 4727 omnem

537 4769 940 4841 praestigiarum
996 4759 1374 4838 magicamque
1431 4773 1628 4829 artem,
1679 4770 1895 4820 necnon
1945 4765 2113 4840 etiam

537 4855 847 4920 daemonum
873 4865 1035 4917 Omne
1059 4857 1385 4916 maleﬁcium
1418 4859 1808 4929 astutiamque,
1834 4873 1933 4928 per
1946 4857 2111 4913 Chri-

539 4953 609 5009 sti
639 4954 691 5008 in
721 4968 789 5008 eo
821 4952 1119 5022 potentiam
1145 4951 1355 5007 destrui
1395 4967 1407 5003 :
1440 4963 1657 5004 omnem
1692 4949 1930 5018 denique
1979 4949 2107 5004 illu-

539 5045 840 5101 mina‘ntetn
881 5037 1045 5113 atque
1071 5047 1398 5114 purgantem
1444 5041 1834 5108 initiationem,
1862 5055 2111 5096 omnem-

537 5133 647 5208 Que
700 5135 929 5206 gratiam
964 5145 1026 5190 a'c
1066 5133 1352 5191 'sci'entiam
1393 5141 1813 5191 consecrantem
1852 5147 1917 5188 ac
1949 5132 2109 5187 deiti-

539 5217 755 5282 cantem
804 5224 862 5279 in
907 5212 1151 5296 ﬁdelium
1195 5223 1393 5280 animis
1433 5217 1707 5296 praestari.
1735 5223 1932 5280 Totum
1964 5223 2111 5278 enim

538 5318 821 5375 Christum
846 5330 945 5389 per
973 5317 1266 5374 Dominum
1319 5315 1583 5386 Spiritum
1631 5315 2116 5384 pmstantissimus

541 5403 780 5480 Spiritus
809 5401 1158 5479 dispensator
1200 5405 1597 5477 indutus-qua:
1638 5405 1784 5461 hosti
1831 5406 2116 5476 undequa-

543 5488 649 5568 έιιιο
675 5499 954 5554 inaccessa
987 5506 1172 5554 essent
1196 5513 1261 5553 ac
1283 5496 1552 5567 impervia
1578 5496 1803 5568 gerebat
1829 5513 1844 5564 ;
1869 5507 2117 5553 rectum-

544 5603 653 5656 que
683 5604 902 5644 omnem
939 5591 1187 5646 animum
1223 5603 1290 5644 ac
1320 5587 1454 5644 boni
1497 5587 1677 5644 {arma
1712 5587 1984 5644 imbutum
2017 5603 2117 5658 per

545 5679 811 5750 Spiritum
845 5684 1166 5747 obsecrans,
1209 5682 1277 5738 ad
1304 5698 1425 5738 eam
1455 5684 1615 5753 cujus
1649 5681 1848 5738 doctor
1874 5693 1995 5738 erat
2027 5691 2111 5737 at-

547 5787 655 5843 que
681 5775 937 5837 assertor,
966 5772 1271 5831 doctrinam
1296 5773 1679 5844 componebat.

614 5893 659 5926 ³¹¹
689 5892 859 5948 Hebr.
899 5911 936 5958 ι,
967 5895 1020 5948 2.
1100 5897 1144 5928 ³³
1169 5898 1310 5952 Psal.
1347 5912 1532 5964 χχχιιι,
1557 5896 1610 5952 6.
1688 5896 1734 5928 "‘
1765 5896 1921 5951 Joan.
1951 5912 1992 5962 ι,
2025 5897 2110 5951 ii.

2209 4688 2388 4738 πᾶσαν
2429 4683 2677 4754 σώματος
2713 4682 2914 4752 λώϐην,
2964 4684 3076 4753 ἁφῇ
3113 4681 3249 4754 μόνῃ
3277 4681 3456 4752 χειρὸς
3483 4679 3635 4742 ὁσίας
3696 4681 3793 4732 ἰω-

2212 4777 2400 4848 μένην.
2430 4777 2540 4830 Καὶ
2569 4777 2752 4829 πᾶσαν
2781 4775 2880 4847 μὲν
2917 4777 3181 4845 γοητικὴν
3225 4775 3420 4844 τέχνην
3468 4774 3562 4828 καὶ
3625 4789 3796 4842 μαγις

2205 4868 2329 4939 κὴν,
2347 4871 2524 4924 πᾶσαν
2554 4869 2611 4924 δὲ
2645 4870 3002 4940 κακοτεχνίαν
3026 4869 3122 4924 καὶ
3143 4868 3434 4938 δαιμονίων
3467 4882 3794 4936 κακομηχαο

2205 4961 2342 5024 νίαν,
2362 4961 2451 5014 διὰ
2470 4961 2565 5032 τῆς
2582 4962 2640 5014 ὲν
2652 4961 2798 5031 αὐτῷ
2813 4960 2906 5014 τοῦ
2929 4961 3165 5031 Χριστοῦ
3187 4959 3467 5030 δυνάμεως
3486 4973 3795 5028 καταργου-

2209 5052 2375 5123 μένην
2399 5068 2412 5081 ·
2428 5053 2605 5104 πᾶσαν
2629 5051 2686 5105 δὲ
2708 5051 3096 5120 μυσταγωγίαν
3121 5050 3452 5120 φωτιστικὴν
3472 5049 3568 5103 καὶ
3587 5050 3795 5119 καθαρ-

2205 5143 2388 5211 τικήν·
2417 5143 2596 5196 πᾶσαν
2617 5141 2674 5194 δὲ
2699 5141 2858 5212 χάριν
2878 5141 2970 5194 καὶ
2994 5139 3195 5210 γνῶσιν
3222 5137 3660 5210 τελετουργικὴν,
3689 5137 3790 5190 καὶ

2210 5232 2554 5303 θεουργικὴν,
2571 5235 2692 5295 ταῖς
2714 5230 2962 5300 καρδίαις
2999 5229 3399 5301 ἐνεργουμένην
3420 5228 3529 5284 τῶν
3553 5227 3784 5280 πιστῶν.

2214 5323 2374 5377 ’Ὀλον
2394 5325 2500 5394 γὰρ
2531 5323 2623 5377 τὸν
2646 5321 2879 5394 Χριστὸν
2909 5323 2996 5376 διὰ
3026 5322 3117 5377 τοῦ
3167 5321 3376 5392 Κυρίου
3409 5320 3725 5390 Πνεύματος
3756 5320 3790 5371 ὁ

2212 5411 2305 5468 τοῦ
2341 5413 2478 5467 Πνεύ
2487 5431 2654 5484 ματος
2671 5414 2960 5483 κράτιστος
2991 5412 3455 5485 περιϐεϐλημένος
3482 5411 3783 5482 οἰκονόμος.

2210 5505 2479 5575 ἀπρόσιτα
2497 5507 2593 5576 μὲν
2616 5505 2949 5576 πανταχόθεν
2979 5505 3074 5558 καὶ
3104 5503 3406 5558 ἀνεπίϐατα
3447 5503 3788 5559 κατεσκεύα-

2211 5596 2270 5661 ζε
2317 5596 2398 5668 τῷ
2451 5595 2629 5668 ἐχθρῷ
2659 5614 2673 5629 ·
2733 5598 2914 5652 πᾶσαν
2973 5597 3033 5650 δὲ
3057 5596 3236 5666 ψυχὴν
3258 5596 3482 5649 εὐθεῖαν
3507 5596 3604 5649 καὶ
3643 5595 3786 5662 ἀγα-

2213 5687 2393 5759 θοειδῆ
2442 5689 2528 5742 διὰ
2553 5689 2645 5743 τοῦ
2699 5689 3015 5759 Πνεύματος
3061 5688 3418 5760 παρακαλῶν,
3479 5690 3560 5752 είς
3601 5687 3697 5758 τὴν
3714 5683 3787 5740 δι’

2214 5779 2374 5836 αὑτὸν
2399 5781 2836 5853 πρεσϐευομένην
2862 5782 3120 5852 ἀλήθειαν
3150 5777 3573 5853 προσῳκειοῦτο.
