4094 6440
387 418 492 488 εει

1175 422 1459 498 ORATIO
1494 423 1594 486 VI.
1621 449 1692 460 --
1719 424 1804 486 IN
1838 425 2152 489 LAUDEM
2189 428 2250 488 S.
2290 428 2610 492 JOANNIS
2645 426 2918 491 EVANG.

3557 421 3667 491 122

383 531 598 603 Κύριον
625 530 834 586 ιῐσοδον
850 530 1178 601 ἐγγίζουσαν
1203 549 1220 567 ο
1239 531 1468 588 συνιδὼν
1493 532 1550 586 δὲ
1586 534 1684 587 καὶ
1718 534 1812 588 τὸν
1838 535 1972 605 χρό-

2081 535 2251 601 deret,
2285 553 2350 592 ac
2379 537 2436 592 in
2461 537 2718 608 proximo
2737 551 2864 593 esse
2895 545 2958 591 ut
2981 535 3052 591 ad
3084 534 3376 594 Dominum
3405 537 3661 609 ingrede-

390 641 480 678 νον
508 623 582 686 ὡς
610 622 916 678 δεινότατον
937 622 1065 677 ὄντα
1112 623 1283 694 λήθης
1335 624 1515 696 βυθοϊς
1567 627 1850 697 ἀμαυροῦν
1905 627 1976 682 τὰ

383 715 550 781 καλὰ,
584 717 818 768 κινεῖται
837 715 937 786 μὲν
970 717 1324 786 ἀγαθοειδῶς,
1369 719 1431 772 τὸ
1474 719 1577 789 τῆς
1635 718 1976 787 αὐτοαγαθόο

379 825 550 879 τητος
582 807 869 880 ἔσοπτρον,
886 809 1028 881 ὑπὲρ
1048 810 1148 880 τῆς
1187 810 1338 880 ἱερᾶς
1366 809 1458 863 τοῦ
1478 809 1816 879 Εὐαγγελίου
1838 827 1978 881 γρα-

377 903 494 972 φῆς
527 916 543 931 ⁶
570 903 805 955 κινεῖται
830 900 886 956 δὲ
923 901 1062 972 πρὸς
1110 901 1290 971 έρωτα
1329 900 1609 970 θεολογίας
1639 900 1974 972 ὑπερφυοῦς,

384 994 502 1047 ὑπό
531 1011 596 1047 τε
621 991 720 1046 τοῦ
751 992 1083 1056 ἐνοικοῦντος
1109 992 1243 1047 Θεοῦ
1271 993 1470 1062 Λόγου,
1506 993 1603 1048 καὶ
1644 993 1752 1047 τῶν
1794 1011 1982 1048 πιστο-

374 1086 564 1139 τάτων
594 1085 697 1154 τῆς
725 1084 1055 1155 Ἐκκλησίας
1083 1084 1508 1157 λιπαρούμενος.

2081 635 2274 694 retur;
2301 627 2730 700 intelligensque
2759 627 2874 683 vim
2900 628 3194 682 maximam
3227 628 3494 698 temporis
3517 644 3660 693 esse,

2070 721 2138 777 ad
2180 735 2248 777 ea
2287 736 2410 792 quae
2454 721 2600 777 bona
2633 737 2698 778 ac
2741 720 2976 778 honesta
3019 730 3168 786 sunt,
3215 722 3512 779 oblivionis
3551 725 3664 780 alto

2071 813 2287 884 gurgite
2316 813 2614 885 mergenda
2657 829 2723 870 ac
2767 813 3062 880 abolenda,
3091 813 3377 879 incitatur,
3405 831 3511 886 qua
3555 817 3663 870 im-

2073 904 2244 960 butus
2281 913 2422 969 erat,
2471 905 2604 960 boni
2637 905 2847 970 indole,
2883 905 2980 975 qui
3029 904 3206 976 ipsius
3233 921 3365 961 vere
3395 905 3665 962 bonitatis

2075 996 2363 1066 speculum
2391 1007 2560 1060 esset,
2601 997 2668 1052 ad
2698 997 3169 1053 conscribendum
3203 1005 3455 1053 sanctum
3484 997 3666 1051 Evan-
3691 1043 3698 1064 ,

2076 1087 2302 1158 gelium,
2347 1088 2757 1159 iuardescitque
2803 1089 2859 1143 in
2908 1089 3125 1145 eximiae
3171 1089 3461 1159 theologia:
3509 1102 3666 1142 amo-

381 1193 531 1241 rem,
565 1187 681 1233 tum
706 1177 804 1232 Dei
834 1177 1000 1234 Verbi
1035 1176 1400 1234 inhabitantis
1456 1175 1746 1244 instinctu,
1794 1187 1912 1232 tum
1942 1191 2135 1234 eorum
2169 1180 2264 1250 qui
2297 1179 2601 1236 ﬁdelissimi
2669 1180 2725 1236 in
2790 1181 3038 1237 Ecclesia
3066 1189 3245 1247 erant,
3290 1182 3550 1253 precibus
3582 1191 3666 1237 at-

387 1286 504 1344 que
529 1277 739 1343 rogatu.

478 1359 748 1431 Ἐντυχὼν
798 1358 857 1413 δὲ
895 1359 1008 1423 τοῖς
1037 1357 1144 1431 πρὸ
1188 1357 1356 1413 αὐτοῦ
1386 1357 1568 1430 τρισὶν
1602 1358 1981 1427 Εὑαγγελίοις,

389 1451 492 1506 καὶ
545 1451 676 1522 περὶ
729 1449 810 1520 τῷ
858 1449 1156 1521 σωματικῷ
1204 1448 1299 1504 τοῦ
1324 1448 1562 1521 Χριστοῦ
1585 1450 1786 1521 μᾶλλον
1813 1467 1980 1518 προσ-

385 1544 774 1615 ησχολημένην
806 1542 987 1597 αὐτῶν
1031 1543 1132 1616 τὴν
1174 1542 1426 1613 διήγησιν
1473 1541 1618 1610 ἰδὼν,
1648 1543 1811 1606 αὐτὸς
1864 1545 1981 1606 τοῖς

389 1635 742 1707 ὑψηλοτέροις
765 1635 877 1689 τῶν
908 1634 1082 1704 λόγων
1116 1637 1210 1688 καὶ
1240 1634 1537 1705 θειοτέροις
1576 1633 1976 1691 ἐπεκτείνεται.

2154 1357 2336 1416 Lectis
2365 1376 2522 1424 vero,
2542 1376 2667 1430 quae
2702 1360 2797 1416 illo
2819 1360 3004 1432 priora
3032 1361 3348 1432 conscripta
3372 1371 3534 1418 erant
3565 1363 3666 1418 tri-

2083 1449 2188 1506 bus
2213 1451 2550 1521 Evangeliis,
2577 1449 3080 1520 animadversoque
3103 1451 3277 1521 magis
3305 1451 3362 1506 in
3390 1466 3458 1508 eo
3484 1468 3672 1508 versa-

2084 1552 2173 1597 tos
2199 1557 2346 1605 esse,
2377 1550 2439 1596 ut
2464 1556 2530 1596 ea
2559 1556 2679 1611 quae
2713 1549 3030 1611 spectarent
3053 1541 3122 1595 ad
3152 1542 3502 1598 Dominicum
3549 1560 3674 1600 cor-

2081 1647 2206 1701 pus,
2225 1639 2572 1695 enarrarent,
2596 1631 3016 1687 sublimioribus
3043 1631 3161 1701 ipse
3191 1631 3672 1705 divinioribusque

388 1728 507 1783 Καὶ
537 1729 716 1783 πᾶσαν
759 1727 861 1798 μὲν
889 1727 989 1798 τὴν
1017 1726 1304 1798 ὁρωμένην
1352 1725 1530 1780 κτίσιν
1565 1726 1726 1795 ἀφείς
1749 1741 1762 1756 ο
1792 1727 1978 1782 πᾶσαν

2087 1723 2442 1779 sermonibus
2479 1723 2724 1778 animum
2768 1723 3048 1778 intendit:
3085 1725 3351 1794 omnique
3399 1740 3581 1780 rerum
3612 1727 3672 1781 in

381 1825 443 1879 δὲ
463 1824 569 1896 τὴν
602 1824 804 1895 νοητὴν
835 1823 928 1879 καὶ
960 1823 1333 1896 ὑπερκόσμιον
1365 1823 1586 1894 ὀξύτητι
1611 1822 1703 1878 νοῦ
1728 1823 1982 1895 καθαρω-

376 1911 554 1968 τάτου
576 1912 668 1967 διὰ
694 1913 790 1966 τοῦ
823 1911 1142 1984 Πνεῦματος
1172 1913 1521 1984 ὑπερανασάς
1549 1929 1562 1944 ο
1615 1913 1711 1968 καὶ
1771 1912 1840 1968 τὰ
1884 1915 1984 1967 Χε-

381 1999 626 2072 ρουϐεὶμ
645 2001 842 2064 λιπὼν,
877 2003 973 2056 καὶ
1001 2001 1072 2056 τὰ
1099 2003 1383 2074 Σεραφεὶμ
1409 2002 1718 2073 παρελθὼν,
1777 2004 1978 2076 ἀκραι-

379 2093 539 2164 φνῶς
567 2092 720 2164 αὐτῷ
752 2095 851 2147 καὶ
881 2093 1102 2165 ἀμέσως
1125 2091 1332 2164 ἐγγίζει
1355 2094 1434 2166 τῷ
1457 2096 1726 2166 ἀγαπητῷ
1757 2110 1772 2126 ⁸
1820 2099 1982 2152 κάκεῖ

383 2185 458 2257 δὴ
480 2186 710 2257 νοερῶς,
746 2189 840 2240 καὶ
863 2187 1190 2258 κρειττόνως
1237 2187 1271 2259 ἢ
1307 2185 1501 2258 πρώην
1550 2188 1612 2240 τὺ
1649 2187 1982 2258 νοερώτατον

392 2277 622 2348 στῆθος,
648 2277 726 2347 τῷ
753 2277 1172 2349 θεαρχικωτάτῳ
1201 2279 1587 2351 προσερείσας,
1619 2280 1716 2334 καὶ
1737 2276 1833 2344 οῦς
1885 2283 1980 2336 εὖ·

393 2370 628 2423 σύνετον
655 2369 732 2441 τῷ
763 2370 855 2440 τῆς
884 2369 1088 2440 Σοφίας
1129 2371 1302 2440 αὐτῆς
1341 2372 1574 2440 στόματι
1625 2373 1978 2443 παραϐαλὼν,

385 2455 486 2515 οἷά
511 2479 631 2515 τινα
653 2461 829 2532 πηγὴν
864 2463 1048 2528 ζῶσαν
1109 2463 1318 2520 ἐκεῖθεν
1379 2464 1590 2537 ὑψηλῆς
1633 2466 1983 2540 ἀνεστόμωσε

375 2554 486 2606 καὶ
513 2551 777 2626 θεωτικῆς
802 2552 1108 2624 θεολογίας.

449 2811 569 2881 Ἦς
593 2819 654 2870 ὲν
682 2819 1019 2889 προοιμίοις,
1047 2821 1290 2892 θεολογεϊ
1317 2824 1415 2894 μὲν
1436 2823 1529 2878 τοῦ
1557 2824 1737 2895 Λόγου
1764 2825 1867 2898 τὴν
1919 2825 1980 2880 ὲν

371 2905 531 2978 ἄρχῃ
557 2909 693 2979 πρὸς
715 2909 810 2963 τὸν
845 2911 1066 2982 Πατέρα
1113 2914 1208 2968 καὶ
1256 2915 1602 2985 προάναρχον
1658 2915 1984 2987 ὑπερούσιον

381 2997 744 3068 συνύπαρξιν.
771 2999 1029 3070 Θεολογετ
1049 3001 1106 3055 δὲ
1133 3002 1298 3056 αὐτοῦ
1324 3005 1420 3057 καὶ
1467 3003 1565 3074 τὴν
1595 3004 1891 3075 σάρκωσιν,
1923 3006 1982 3059 έν

2083 1823 2366 1886 aspectum
2400 1815 2716 1870 cadentium
2745 1823 2944 1870 natura
2966 1815 3190 1880 omissa,
3225 1831 3526 1887 earumque
3549 1819 3706 1889 quae.

2081 1914 2268 1962 mente
2312 1905 2740 1976 intelliguuntur
2769 1921 2834 1961 ac
2872 1906 3336 1976 supermundanaa
3381 1916 3530 1972 sunt,
3566 1923 3673 1978 pu-

2084 1998 2322 2054 rissima:
2344 1997 2550 2054 mentis
2574 1997 2827 2053 acumine
2860 2013 2960 2068 per
2985 1997 3243 2070 spiritum
3265 2009 3521 2069 superata
3545 2000 3674 2056 sub-

2081 2089 2330 2158 stantia;
2373 2089 2694 2160 relictisque
2716 2088 3000 2146 Cherubiu
3043 2099 3103 2146 et
3127 2090 3398 2163 Seraphin
3446 2102 3677 2161 praeter-

2081 2198 2324 2254 gressus,
2355 2182 2462 2252 ipsi
2495 2182 2713 2239 sincere
2745 2197 2811 2238 ac
2854 2183 3174 2239 immediate
3201 2184 3524 2255 praedilecto
3548 2185 3676 2255 jun-

2082 2274 2232 2346 gitur
2262 2292 2277 2328 :
2306 2275 2528 2345 illicque
2553 2274 2756 2331 mentis
2775 2274 3138 2345 intelligentia
3179 2275 3677 2346 prastantioreque

2082 2382 2148 2423 ac
2179 2367 2395 2438 pridem
2437 2367 2676 2432 ratione,
2713 2366 3082 2436 intelligentia
3114 2367 3535 2423 solertissimum
3567 2382 3670 2436 pe-

2081 2457 2559 2515 ctusdivinissimo
2580 2457 2790 2530 pectori
2815 2457 3244 2528 illidens,osque
3264 2458 3678 2528 sagacissimum

2082 2550 2257 2620 ipsius
2300 2550 2384 2605 ori
2439 2548 2734 2620 Sapientia:
2789 2548 3112 2614 admovens,
3174 2549 3326 2604 velut
3380 2548 3675 2619 quemdam

2084 2641 2243 2697 illinc
2270 2641 2461 2697 vivum
2492 2640 2752 2696 sublimis
2788 2655 2854 2696 ac
2893 2639 3104 2696 deiﬁcae
3145 2638 3433 2710 tbeologiae
3465 2637 3676 2694 fontem

2082 2735 2326 2790 reseravi
2337 2743 2374 2789 t.

2147 2827 2287 2898 Ejus
2327 2825 2577 2891 exordio,
2636 2824 2805 2882 Verbi
2841 2825 2898 2880 in
2945 2823 3224 2895 principio
3266 2821 3412 2893 apud
3457 2821 3677 2876 Patrem

2080 2926 2570 2994 praetetemamque
2603 2916 3189 2987 supersubstantialem
3233 2913 3679 2970 coexsistentiam

2081 3025 2184 3082 pro
2231 3009 2497 3079 Theologi
2553 3007 2809 3078 partibus
2849 3007 3068 3062 tradit:
3104 3005 3274 3060 tradit
3321 3020 3456 3060 vero
3508 3005 3676 3060 etiam

379 3085 589 3155 ὀλίγοις
617 3088 714 3141 καὶ
743 3088 1096 3160 θεοφθόγγοις
1124 3093 1368 3162 ῥήμασιν
1395 3093 1577 3146 πᾶσαν
1601 3092 1821 3164 ὑψηλῶς
1880 3096 1976 3148 καὶ

2081 3105 2199 3176 ejus
2246 3101 2724 3166 incarnationem,
2779 3099 2973 3169 paucis
3029 3098 3346 3168 divinisque
3405 3097 3670 3162 vocibus,

387 3179 756 3250 μεγαλοφυῶς
793 3179 983 3253 ὣσπερ
1011 3182 1071 3248 ἐξ
1099 3182 1331 3253 οὐρανοῦ
1365 3183 1633 3248 σαλπίσας
1685 3183 1784 3256 τὴν
1843 3185 1974 3256 περὶ

375 3271 553 3324 αὑτοῦ
585 3271 900 3343 θεηγορίαν.
935 3271 1088 3339 Εἶτα,
1125 3276 1608 3347 ὑπομιμνήσκεται
1647 3276 1746 3347 μὲν
1793 3278 1851 3331 ὲν
1896 3278 1977 3349 τῷ

366 3364 693 3436 Πνεῦματι,
716 3365 828 3420 τῶν
863 3383 925 3419 τε
953 3366 1129 3435 λόγων
1157 3368 1398 3439 Χριστοῦ
1427 3369 1524 3422 καὶ
1550 3368 1661 3423 τῶν
1691 3369 1872 3441 ἔργων
1907 3372 1977 3426 τὰ

369 3456 704 3528 ὑψηλότατά
721 3476 780 3512 τε
805 3461 901 3514 καὶ
926 3459 1360 3532 παραδοξότατα,
1391 3461 1490 3515 ὅσα
1511 3461 1641 3526 τοὺς
1670 3464 1779 3533 πρὸ
1810 3463 1976 3518 αὐτοῦ

370 3550 727 3622 παραλιπεῖν
789 3553 1207 3622 εὐαγγελιστάς.
1268 3555 1380 3608 Καὶ
1432 3555 1613 3610 πάντα
1659 3556 1976 3625 θεσπεσίαις

370 3642 714 3714 ίερολογίαις
736 3644 1104 3715 ἀνατετακὼς,
1128 3645 1223 3700 καὶ
1248 3645 1430 3701 πάντα
1448 3647 1584 3701 Θεοῦ
1613 3650 1818 3716 φωναῖς
1847 3666 1976 3704 συν-

369 3734 710 3803 τετελεκὼς,
745 3735 842 3790 καὶ
861 3737 933 3791 ἐν
957 3737 1316 3807 δικαιοσύνῃ
1347 3739 1510 3811 (κατὰ
1549 3741 1800 3809 Ἡσαΐαν)
1822 3756 1978 3796 συν-

369 3827 713 3895 τετμηκὼς,
750 3830 833 3894 είς
866 3830 936 3885 τὰ
997 3831 1213 3902 πέρατα
1241 3833 1400 3887 τοῦτο
1451 3835 1514 3905 δὴ
1547 3835 1608 3887 τὸ
1641 3834 1761 3887 κατ’
1813 3834 1976 3890 αὐτὸν

371 3920 723 3989 Εὑαγγέλιον
749 3922 1048 3996 ἐϐρόντησε
1080 3924 1182 3994 τῆς
1199 3925 1303 3996 γῆς
1333 3943 1348 3957 ·
1393 3926 1578 3997 πάσης
1635 3928 1735 4000 ἤδη
1788 3928 1974 3997 φανεί-

376 4029 490 4082 σης
544 4012 578 4083 ἢ
644 4016 1027 4086 φανησομένης
1097 4016 1370 4090 αἱρέσεως
1432 4017 1834 4091 έξαναλωτικὴν
1885 4019 1978 4074 καὶ

372 4104 733 4176 πρηστήρων
787 4105 1075 4179 ἀστραπήν
1104 4125 1118 4139 °
1169 4111 1352 4182 πάσης
1387 4112 1446 4166 δὲ
1494 4113 1826 4182 θεογνωσίας
1882 4113 1979 4167 καὶ

373 4195 668 4262 θεολογίας
693 4197 819 4267 ὅρον
845 4199 1128 4269 ἀληθείας,
1160 4203 1257 4256 καὶ
1293 4204 1773 4277 ἀπαρεγχείρητον
1832 4204 1974 4274 γνὼσ

376 4303 529 4362 μονα
548 4286 864 4359 διαθέμενος
895 4307 910 4322 ⁸
937 4293 1030 4346 καὶ
1063 4292 1221 4347 τοῦτο
1257 4297 1326 4364 τῇ
1381 4295 1610 4348 καθόλου
1680 4296 1978 4370 Ἐκκλησία

373 4377 631 4448 Χριστοῦ
683 4381 878 4453 καινὴν
935 4383 1200 4457 διαθήκην
1260 4386 1327 4440 ἐκ
1379 4388 1648 4458 στόματος
1673 4391 1978 4459 γραφεῖσαν

2081 3208 2301 3250 omnem
2330 3207 2452 3262 quae
2481 3191 2550 3247 de
2576 3191 2668 3246 illo
2697 3200 2804 3253 est,
2843 3189 3069 3245 sublimi
3111 3204 3175 3244 ac
3217 3187 3509 3259 magniﬁco
3539 3203 3682 3259 prae-

2081 3283 2242 3339 conio
2268 3283 2422 3338 velut
2454 3282 2600 3337 tubae
2623 3281 2881 3352 clangore
2904 3287 3203 3336 exsecutus
3253 3278 3496 3334 divinam
3532 3294 3678 3348 pra:-

2082 3375 2438 3430 dicationem.
2478 3374 2731 3444 Tumque
2761 3381 3173 3428 commentatur
3205 3370 3262 3426 in
3303 3370 3513 3442 Spiritu
3542 3386 3678 3426 con-

2083 3468 2406 3538 scribitque,
2433 3465 2643 3523 Christi
2686 3475 2804 3520 tum
2855 3464 3238 3520 doctrinarum
3286 3471 3402 3518 tum
3446 3477 3678 3532 operum

2083 3558 2497 3629 praecelsissima
2521 3571 2846 3627 summeque
2883 3555 3210 3611 admiranda
3259 3564 3316 3611 et
3359 3570 3522 3618 nova,
3551 3554 3680 3610 aliis

2080 3649 2198 3706 fere
2249 3649 2604 3721 evangelistis
2661 3649 2886 3702 omissa.
2934 3646 3186 3717 Cumque
3235 3645 3440 3701 divinis
3478 3653 3679 3701 cuncta

2083 3740 2436 3796 sermonibus
2477 3739 2923 3810 conscripsisset,
2959 3739 3170 3809 Deique
3220 3737 3454 3794 vocibus
3490 3737 3678 3791 omnia

2083 3833 2434 3894 absolvisset,
2489 3840 2655 3901 atque
2695 3832 2752 3885 in
2805 3831 3023 3901 justitia
3069 3830 3152 3896 (ut
3192 3829 3361 3886 Isaias
3409 3829 3680 3900 loquitur)

2079 3925 2522 3992 abbreviasset",
2555 3924 2664 3979 hoc
2702 3940 2733 3980 a
2775 3938 2836 3979 se
2879 3924 3256 3994 conscriptum
3314 3922 3676 3992 Evangelium

2085 4020 2142 4075 in
2173 4019 2325 4074 orbis
2346 4017 2486 4072 ﬁnes
2519 4016 2774 4072 detonuit
2799 4034 2814 4071 :
2835 4015 3022 4085 fulgur
3044 4014 3308 4069 nimirum
3333 4013 3678 4084 ignitumque

2084 4111 2355 4184 ejusmodi
2391 4110 2698 4174 turbinem,
2746 4116 2808 4163 ut
2846 4105 3229 4167 consumendo
3275 4104 3346 4160 sit
3401 4120 3466 4160 ac
3491 4105 3680 4159 incen-

2085 4202 2290 4269 dendo,
2316 4200 2589 4273 quidquid
2616 4200 2836 4255 demum
2855 4198 3140 4253 haereseon
3167 4195 3381 4252 exstitit
3410 4210 3674 4264 unquam,

2085 4305 2249 4350 autve
2307 4293 2565 4360 exsistet;
2599 4291 2893 4361 omnisque
2933 4288 3062 4344 ﬁdei
3100 4302 3165 4342 ac
3193 4286 3502 4357 theologiae,
3527 4285 3675 4340 veri-

2088 4387 2217 4442 tatis
2241 4384 2542 4441 terminum
2575 4397 2944 4452 normamque
2985 4373 3361 4435 inviolabilem
3390 4386 3672 4444 statuens;

376 4470 669 4539 παραδοὺς
701 4471 796 4527 τοῦ
825 4475 1064 4546 Χριστοῦ
1103 4493 1120 4511 ο
1143 4478 1386 4550 τοσούτῳ
1415 4480 1514 4551 τῆς
1534 4481 1590 4534 ὲν
1616 4480 1780 4548 πλαξὶ
1804 4481 1974 4536 πάλαι

2081 4487 2246 4549 atque
2277 4477 2386 4533 huc
2405 4476 2682 4531 universae
2709 4472 2916 4530 Christi
2953 4470 3220 4527 Ecclesiae
3249 4483 3457 4524 novum
3495 4467 3678 4524 foedus

374 4563 461 4634 τῷ
497 4565 692 4618 Μωσεῖ
719 4569 1112 4640 γεγραμμένης
1133 4569 1587 4643 σεϐασμιωτέραν
1621 4590 1681 4626 τε
1712 4573 1808 4628 καὶ
1856 4573 1978 4628 Oeo-

373 4661 801 4732 ¹πρετιεστέραν,
857 4663 967 4734 ὅσῳ
991 4665 1093 4735 τὴν
1146 4665 1385 4720 παλαιὰν
1433 4666 1533 4734 μὲν
1581 4669 1614 4738 ἠ
1670 4665 1854 4738 καινὴ,
1888 4667 1980 4722 τὸν

372 4749 558 4820 νόμον
585 4751 643 4805 δὲ
676 4753 772 4806 τοῦ
805 4754 1135 4826 γράμματος
1181 4758 1211 4810 ὁ
1240 4757 1337 4811 τοῦ
1371 4757 1686 4828 πνεύματος
1742 4759 1836 4813 καὶ
1877 4759 1979 4830 τῆς

373 4841 652 4914 ἀληθείας
687 4847 1102 4919 παρευδοκιμεῖ.
1140 4851 1249 4904 Καὶ
1280 4850 1348 4905 τὰ
1393 4853 1491 4922 μὲν
1508 4851 1606 4905 ἐπὶ
1628 4850 1902 4907 τοσοῦτον.

457 5016 622 5071 Ἐπεὶ
651 5019 706 5072 δὲ
728 5019 827 5092 τὴν
857 5021 951 5074 τοῦ
975 5021 1292 5093 Ιίνεύματος
1323 5023 1601 5080 διακονίαν
1639 5027 1734 5081 καὶ
1768 5026 1984 5098 ἱερουρ-

376 5110 520 5180 γίαν
553 5112 648 5164 τοῦ
675 5113 1032 5182 Εὐαγγελίου,
1064 5115 1126 5169 τὸ
1153 5115 1314 5188 ἔργον
1345 5119 1443 5187 τῆς
1485 5119 1696 5191 ὑψηλῆς
1749 5121 1983 5173 ἀποστο-

377 5204 514 5274 λῆς,
552 5205 628 5266 ὡς
665 5207 857 5271 πιστὸς
887 5207 965 5276 τῷ
1005 5208 1119 5261 ὄντι
1151 5212 1244 5262 καὶ
1266 5209 1527 5280 φρόνιμος
1552 5211 1834 5281 οἰκονόμος
1892 5227 1983 5264 τε-

378 5293 722 5359 τελειωκὼς,
750 5298 843 5350 καὶ
860 5299 940 5360 εἰς
970 5301 1091 5352 πῖον
1119 5300 1219 5371 ἤδη
1256 5301 1430 5371 γῆρας
1452 5301 1750 5372 ἐληλακὼς,
1796 5301 1980 5357 ἐπόθει

379 5386 495 5457 τὴν
526 5387 812 5454 ἀνάλυσιν,
874 5395 1124 5462 κρεῖττον
1153 5393 1210 5446 δὲ
1244 5395 1432 5461 φάναι,
1459 5394 1554 5448 τοῦ
1590 5395 1840 5465 σώματος
1894 5395 1990 5464 τὴν

384 5479 490 5531 ἐπὶ
520 5478 579 5533 τὸ
610 5479 886 5554 ἄφθαρτον
915 5487 1387 5556 μετασχημάτισιν
1417 5503 1432 5518 ’
1469 5489 1556 5542 ἀεὶ
1590 5489 1699 5558 γὰρ
1727 5489 1822 5543 καὶ
1864 5488 1989 5543 νοῦν

386 5571 493 5625 καὶ
505 5571 746 5628 διάνοιαν
765 5578 822 5629 ὲν
837 5577 1088 5647 οὐρανοῖς
1107 5581 1485 5650 συνηνωμένος
1500 5581 1740 5655 Χριστῷ,
1757 5582 1819 5637 τὸ
1830 5582 1992 5653 σῶμα

391 5664 566 5737 μόνον
588 5668 683 5720 καὶ
713 5668 772 5720 τὸ
802 5669 1079 5741 ὁρώμενον
1108 5667 1176 5742 ἦν
1208 5672 1302 5726 ἐπὶ
1331 5672 1457 5744 γῆς.
1937 5687 1942 5690 ’

451 5864 507 5905 ⁵⁸
552 5865 765 5934 lsa.xx,
791 5867 881 5922 9.5.
958 5869 1000 5901 "
1033 5867 1270 5939 Philipp.
1319 5883 1356 5934 ι,
1380 5867 1473 5923 25.

2077 4585 2147 4626 ex
2193 4568 2399 4626 Christi
2436 4575 2728 4639 exceptum
2775 4581 2896 4630 ore,
2943 4565 3170 4619 tradens
3220 4570 3424 4619 :tanto
3465 4560 3677 4616 scilicet

2079 4665 2289 4736 scripto
2318 4643 2449 4718 olim
2473 4661 2609 4716 Mosi
2651 4660 2706 4716 in
2734 4658 2940 4714 tabulis
2964 4657 3228 4728 majorem
3270 4654 3483 4709 habens
3504 4668 3673 4708 vene-

2077 4758 2373 4818 rationem,
2397 4753 2776 4822 diviniusque,
2793 4757 3003 4821 quanto
3025 4762 3233 4803 novum
3253 4746 3454 4810 veteri,
3477 4745 3675 4813 lexque

2079 4850 2312 4922 spiritus
2337 4856 2394 4902 et
2441 4845 2715 4910 veritatis,
2768 4840 2878 4914 legi
2918 4840 3118 4897 littera:
3164 4836 3454 4910 praecellit.
3495 4837 3678 4907 Atque

2081 4943 2198 4998 haec
2220 4941 2509 4997 hactenus.

2150 5036 2290 5103 Quia
2333 5049 2467 5089 vero
2492 5031 2731 5103 Spiritus
2765 5026 3082 5084 ministerio
3124 5021 3520 5095 Evangeliique
3553 5020 3678 5075 fun-

2079 5127 2264 5182 ctione
2296 5123 2541 5195 (sublimi
2565 5121 2776 5178 scilicet
2803 5117 3091 5190 apostolici
3116 5114 3288 5170 munii
3326 5111 3517 5184 opere)
3541 5127 3676 5166 con-

2076 5227 2370 5283 summato,
2415 5226 2680 5287 tanquam
2719 5229 2911 5270 revera
2948 5210 3126 5267 ﬁdelis
3169 5223 3234 5264 ac
3280 5207 3526 5278 prudens
3559 5203 3676 5259 dis-

2076 5321 2359 5383 pensator,
2393 5325 2456 5364 ac
2487 5310 2582 5380 qui
2639 5309 2694 5364 in
2730 5307 2991 5377 pinguem
3009 5305 3119 5376 jam
3157 5308 3499 5357 senectutem
3530 5311 3670 5352 eva-

2086 5410 2254 5464 serat,
2285 5399 2513 5456 dissolvi
2563 5397 2818 5468 cupiebat
2838 5396 2904 5458 ³⁶,
2932 5395 3069 5458 sive,
3098 5402 3158 5447 ut
3218 5390 3416 5446 melius
3447 5389 3670 5457 loquar,

2087 5492 2340 5561 corporis
2376 5491 2792 5560 corruptionem
2824 5485 3241 5556 incorruptione
3265 5490 3478 5536 mutare
3505 5479 3674 5548 (sem-

2087 5598 2188 5653 per
2217 5582 2366 5637 enim
2397 5582 2586 5638 animo
2627 5581 2941 5649 mentisque
2990 5574 3321 5646 cegitatione
3371 5571 3592 5629 Christo
3619 5570 3674 5626 in

2088 5674 2244 5729 cmlis
2276 5675 2624 5745 conjunctus,
2656 5674 2774 5729 solo
2812 5684 3042 5740 corpore
3086 5677 3350 5739 partoque
3375 5664 3462 5722 sui
3499 5663 3678 5721 oculis

2091 5762 2410 5832 conSpicua,
2447 5761 2500 5816 in
2530 5770 2677 5817 terra
2700 5754 3072 5826 versabatur).
3477 5759 3486 5770 '
