4094 6450
406 443 532 512 125

1201 443 1480 506 ORATIO
1513 443 1611 505 VI.
1639 469 1710 478 —
1745 443 1830 504 IN
1872 445 2186 510 LAUDEM
2226 449 2287 507 S.
2329 448 2650 512 JOANNIS
2687 451 2958 513 EVANG.

3600 448 3702 516 126

409 561 524 611 καὶ
539 555 679 628 οὕτω
709 554 893 626 μένειν
915 552 1080 610 αὐτὸν
1117 547 1274 624 οἶμαι
1313 556 1557 619 πιστέον,
1599 552 1744 607 κατὰ
1782 554 1882 620 τὴν
1915 555 2002 607 εὑ-

2122 565 2267 629 ιιιιυο
2293 558 2506 613 οωιθειὶ
2547 557 2802 628 paradiso
2834 559 2891 614 in
2921 557 3288 616 exsultatione
3323 559 3699 618 contuberna-

408 649 723 722 αγγελικὴν
753 649 936 719 ῥῆσιν,
963 646 1062 720 τὴν
1085 646 1179 702 τοῦ
1211 649 1420 720 Κυρίου
1444 647 1770 719 παρουσίαν.

486 918 762 977 Ἐνταῦθα
787 909 883 972 τοῦ
916 910 1077 986 λόγου
1102 914 1421 987 γενόμενοι,
1471 917 1569 972 καὶ
1600 915 1664 972 τὸ
1714 913 2007 987 ἀνέφικτον

405 1015 555 1085 ὕψος
614 1013 721 1082 τῆς
767 1003 1020 1066 Ἰωάννου
1073 1009 1329 1082 θεότητος
1374 1009 1472 1064 καὶ
1523 1007 2009 1081 μεγαλοπρεπείας

403 1103 964 1176 ὑπερεκπλαγέντες,
998 1101 1093 1155 καὶ
1120 1097 1219 1172 τὴν
1246 1099 1582 1172 ἀσύγκριτον
1635 1101 1736 1172 τῆς
1779 1099 2006 1170 ἁγιότη-

404 1216 509 1260 τος
562 1195 1014 1266 ὲκθαυμάσαντες
1055 1191 1384 1265 ὑπερϐολὴν,
1440 1192 1522 1264 τῷ
1574 1188 1856 1262 ἀπροσίτῳ
1900 1191 2011 1245 τῶν

415 1287 612 1357 ὓμνων
634 1282 1056 1355 ἀναγκαζόμεθα
1095 1284 1276 1354 σιγᾷν.
1311 1279 1507 1355 Μικρὰ
1553 1281 1685 1351 γοῦν
1721 1281 1873 1353 ὅμως
1905 1280 2006 1352 τὴν

418 1380 790 1453 ἠγαπημένην
824 1375 945 1448 Θεῷ
971 1378 1066 1432 καὶ
1087 1376 1278 1446 τιμίαν
1305 1375 1786 1449 προσηγορηκότες
1808 1375 2008 1447 ψυχὴν,

415 1471 860 1543 καταπαύσομεν
892 1471 985 1524 τὸν
1013 1459 1197 1538 λόγον.
1227 1531 1229 1536 ,

493 1567 691 1636 Χαῖρε,
724 1562 943 1634 ἀληθῶς
988 1564 1320 1635 ὴγαπημένε
1355 1562 1434 1634 τῷ
1461 1560 1734 1632 ἀγαπητῷ
1762 1577 1778 1592 ο
1824 1561 2008 1634 χαῖρε,

383 1644 391 1648 ’
416 1657 506 1729 τῷ
533 1658 674 1728 μόνῳ
699 1655 1012 1726 καλλοποιῷ
1033 1656 1128 1709 καὶ
1152 1655 1448 1727 ὑπερκὰλῳ
1493 1654 1714 1724 Χριστῷ
1744 1653 1864 1708 λίαν
1913 1671 2015 1708 πε-

419 1751 715 1822 φιλημένε,
742 1750 820 1813 ὡς
839 1747 1137 1819 ὡραιότητι
1167 1747 1372 1819 ψυχῆς,
1416 1747 1714 1819 ὼραιότητι
1765 1745 2013 1818 πνεύμα-

410 1861 537 1906 τος,
587 1839 683 1895 νοῦ
726 1857 786 1894 τε
837 1840 935 1894 καὶ
985 1839 1222 1904 διανοίας
1273 1839 1577 1911 εὐπρεπείᾳ
1623 1840 1719 1894 καὶ¹
1754 1839 2012 1912 εὐθύτητι

410 1935 638 1998 πάντας
668 1933 840 1988 αὑτοῦ
863 1932 1283 2004 παρευδοκιμῶν
1299 1933 1425 1996 τοὺς
1450 1932 1790 2002 ὰγαπητούς.

499 2029 702 2100 Χαῖρε,
733 2027 927 2092 κάλλος
945 2028 1220 2099 ἄψαυστον
1250 2030 1346 2082 καὶ
1379 2029 1586 2102 νοερὸν,
1617 2029 1873 2100 οὐράνιον
1919 2029 2013 2084 καὶ

419 2122 720 2194 μυστικὸν,
750 2122 1049 2192 ἀπρόσιτον
1075 2124 1174 2176 καὶ
1200 2123 1505 2194 ὑπερφυές.
1538 2125 1736 2195 Χαῖρε,
1767 2125 2014 2196 Παρθένε

422 2214 494 2266 τδ
530 2211 712 2284 σῶμα,
731 2212 810 2284 τῷ
839 2214 1109 2284 μηδεμίαν
1138 2232 1222 2268 σοι
1258 2216 1478 2269 πώποτε
1520 2216 1713 2288 κηλῖδα
1749 2217 2015 2289 σαρκίνης

432 2304 737 2376 ἐπιθυμίας
760 2305 1153 2377 προστριϐἦναι
1179 2323 1196 2338 ο
1240 2307 1487 2378 Παρθένε
1548 2309 1650 2377 τὴν
1693 2309 1893 2382 ψυχὴν,
1936 2310 2014 2382 τῷ

434 2394 520 2466 μὴ
551 2395 1091 2468 καταρρεμσευθῆναί
1132 2414 1264 2450 ποτε
1310 2398 1497 2452 κάλλει
1559 2397 1832 2470 σώματος,
1881 2402 2017 2473 μηδὲ

428 2485 581 2538 κατὰ
628 2485 785 2539 νοῦν*
829 2484 1071 2557 παρθένε
1122 2487 1184 2541 τὸ
1217 2487 1456 2560 πνεῦμα,
1518 2490 1596 2554 ὡς
1641 2491 1739 2562 τὴν
1789 2493 2021 2563 καρδίαν

421 2576 686 2648 καθαρὰν
735 2576 974 2647 καθαρός
1003 2595 1018 2610 ·
1060 2578 1138 2643 ὠς
1179 2579 1382 2652 τρόπον
1434 2580 1657 2652 νύμφης
1689 2582 1859 2654 ἁγνῆς
1892 2601 2026 2655 γνη-

421 2669 568 2733 σίως
608 2670 701 2724 τὸν
726 2671 978 2742 οὐράνιον
1027 2673 1284 2744 Νυμφίον
1325 2676 1675 2744 ἐπεγνωκὼς,
1733 2681 1827 2731 καὶ
1884 2697 2026 2732 παν-

415 2760 615 2828 ἀγνως
646 2761 953 2831 ἠγαπηκὼς
981 2764 1076 2816 καὶ
1136 2767 1487 2836 συγκραθεὶς,
1516 2767 1676 2840 εἴπερ
1719 2769 1771 2823 Ὁ
1795 2771 2024 2825 κολλώ-

416 2868 615 2923 μενος
653 2852 736 2919 τῷ
757 2854 972 2924 Κυρίῳ,
997 2855 1069 2910 ἐν
1085 2857 1326 2928 πνεῦμὰ
1343 2858 1534 2916 ἐστιν.

493 3126 588 3184 ³Ἰ
628 3127 760 3184 Cor.
796 3142 871 3193 v1,
930 3121 1020 3181 l7.

2107 647 2176 702 lis
2200 655 2366 704 esset.
2404 646 2606 717 Sicque
2631 648 2876 702 arbitror
2895 648 3349 714 existimandum,
3373 651 3520 721 quod
3543 652 3700 720 juxta

2107 738 2496 809 Evangelicam
2555 740 2888 796 sententiam
2916 780 2934 805 ,
2999 740 3220 796 Domini
3280 751 3560 812 exspectat
3603 743 3702 798 ad-

2109 840 2364 888 ventum.

2179 923 2300 981 Huc
2336 924 2440 980 loci
2492 923 2732 980 deducta
2781 924 3055 991 oratione,
3109 925 3446 997 Joannisque
3476 925 3700 982 deitatis

2107 1030 2174 1071 ac
2204 1015 2646 1088 magniﬁcentiae,
2678 1032 2844 1087 quam
2879 1018 3098 1088 assequi
3142 1033 3501 1088 nequeamus,
3533 1035 3700 1088 supra

2109 1108 2336 1164 modum
2380 1109 2656 1175 admirati,
2683 1110 2946 1179 omnique
2995 1112 3261 1181 majorem
3291 1111 3699 1180 comparatione

2109 1201 2421 1258 sanctitatis
2444 1203 2568 1272 ejus
2594 1202 2966 1272 pmstantiam
2994 1203 3386 1273 suspicientes,
3421 1203 3702 1257 inaccessa

2111 1294 2451 1349 canticorum
2478 1294 2556 1355 vi,
2588 1294 2749 1348 litare
2770 1293 2994 1348 silentio
3015 1295 3283 1364 cogimur.
3302 1294 3498 1350 Paucis
3521 1305 3703 1348 tamen

2110 1385 2489 1457 praedilectum
2523 1385 2636 1440 Deo
2660 1399 2725 1440 ac
2750 1385 3130 1440 venerandum
3181 1386 3426 1442 animum
3455 1383 3702 1449 allocuti,

2111 1477 2331 1534 dicendi
2366 1477 2530 1534 finem
2569 1477 2858 1533 faciemus.

2183 1569 2342 1625 Salve
2372 1571 2468 1635 sis,
2507 1585 2637 1624 vere
2670 1571 2870 1626 dilecte
2902 1571 2975 1635 ei,
3005 1571 3100 1641 qui
3131 1570 3368 1626 dilectus
3406 1577 3512 1626 est.
3545 1569 3705 1624 Salve

2111 1663 2209 1722 sis.
2251 1661 2354 1717 soli
2397 1661 2618 1717 decoris
2665 1662 2882 1717 auctori
2927 1677 2994 1717 ac
3048 1663 3443 1732 supramodum
3499 1661 3706 1717 decoro

2111 1752 2356 1818 Christo,
2393 1753 2554 1809 valde
2576 1754 2756 1809 amice
2796 1755 2987 1809 :velut
3017 1755 3112 1824 qui
3149 1754 3351 1811 decore
3385 1755 3576 1821 animi,
3607 1755 3708 1810 de-

2113 1858 2249 1900 core
2274 1843 2523 1913 spiritus,
2554 1844 2869 1914 mentisque
2897 1860 2964 1900 ac
3015 1845 3387 1915 intelligentia:
3416 1846 3708 1901 honestate

2113 1951 2178 1992 ac
2207 1936 2564 2002 rectitudine,
2597 1936 2748 1992 illius
2775 1945 3006 1992 cunctos
3034 1937 3268 1992 dilectos
3310 1951 3561 2007 superes.

2184 2027 2346 2086 Salve
2369 2029 2468 2096 sis,
2499 2029 2861 2100 pulchritudo
2891 2031 3097 2085 intacta
3117 2028 3430 2100 mentisque
3456 2030 3704 2096 illibatae,

2112 2122 2355 2179 caelestis
2406 2137 2473 2178 ac
2514 2122 2766 2195 mystica,
2805 2125 3108 2188 inaccessa,
3169 2123 3438 2195 longeque
3483 2122 3706 2178 eximia.

2113 2214 2274 2270 Salve
2322 2213 2434 2279 sis,
2481 2211 2652 2286 Virgo
2702 2229 2968 2284 corpore,
3017 2213 3166 2284 quod
3214 2214 3422 2268 nullam
3464 2227 3707 2283 unquam

2113 2303 2361 2360 carnalis
2385 2304 2640 2361 libidinis
2663 2304 2842 2360 labem
2893 2304 3266 2370 contraxeris;
3295 2304 3460 2374 Virgo
3498 2305 3706 2364 animo,

2120 2396 2268 2466 quod
2307 2411 2378 2451 ne
2410 2403 2595 2451 mente
2621 2397 2844 2467 quidem
2869 2411 3003 2466 vaga
3035 2395 3132 2450 ulli
3165 2411 3404 2464 unquam
3432 2395 3708 2464 corporali

2123 2485 2316 2542 formae
2350 2486 2652 2542 adhaeseris
2685 2503 2701 2541 :
2730 2486 2898 2557 Virgo
2926 2486 3148 2556 spiritu,
3177 2486 3331 2541 velut
3375 2501 3514 2556 puro
3539 2485 3709 2540 corde

2122 2594 2332 2650 purus;
2360 2587 2423 2634 ut
2445 2579 2541 2648 qui
2583 2579 2737 2634 velut
2785 2586 2936 2634 casta
2981 2592 3204 2648 sponsa.
3250 2575 3528 2630 caelestem
3575 2590 3709 2630 vere

2123 2671 2733 2741 Sponsumagnoveris,
2755 2684 2820 2725 ac
2847 2668 3156 2726 castissime
3185 2666 3484 2732 dilexeris;
3517 2665 3710 2736 digne—

2121 2778 2230 2832 que
2274 2759 2354 2816 illi
2394 2761 2649 2832 cognitus
2684 2771 2742 2816 et
2782 2770 2967 2816 mente
3016 2771 3309 2814 consertus
3342 2769 3509 2828 atque
3557 2773 3710 2812 com-

2121 2858 2327 2914 mixtus
2360 2858 2473 2926 sis;
2500 2859 2730 2924 etenim,
2761 2857 2866 2924 Qui
2901 2857 3135 2913 adhaeret
3161 2855 3288 2918 Deo,
3319 2872 3453 2910 unus
3481 2854 3710 2926 Spiritus

2123 2955 2197 3001 est
2222 2947 2290 3001 ³⁷.

419 3321 553 3359 suos
577 3285 869 3376 discipulos
907 3309 968 3376 _ct
990 3302 1286 3376 apostolos,
1327 3307 1608 3376 praphetas
1637 3315 1687 3359 et
1727 3313 2014 3376 martyres,
2045 3303 2087 3362 C
2121 3307 2344 3362 Petrum
2376 3283 2727 3376 Seguierium
2756 3305 3005 3362 Francia!
3047 3305 3442 3362 cancellarium
3500 3307 3711 3362 muniis

417 3385 747 3444 cunctosque
779 3373 871 3443 qui
899 3373 1002 3444 ipsi
1022 3373 1368 3447 placuerunt,
1393 3373 1642 3430 caelorum
1661 3391 1820 3447 regno
1852 3373 2024 3431 dona-

417 3449 506 3500 vit
539 3442 1030 3514 bonaque’a’terna’
1056 3442 1167 3499 illis
1190 3445 1452 3511 contulit;
1490 3462 1672 3500 verum
1705 3442 1867 3501 etiam
1906 3447 2022 3502 loca

419 3517 493 3570 in
521 3513 710 3595 quibus
736 3513 1050 3595 claruerunt
1103 3524 1153 3595 et
1185 3517 1382 3595 sepulti
1427 3526 1573 3595 sunt.
1611 3516 1770 3595 plena
1829 3519 2020 3595 gratia:

419 3582 712 3658 ostendens
741 3584 922 3639 multis
977 3582 1620 3658 illustrauitgmiraculisl
1647 3586 1789 3658 Nam
1830 3582 2024 3658 sepul-

417 3673 605 3728 erunt
609 3657 663 3709 in
698 3671 799 3728 quo
826 3672 1052 3727 magnus
1085 3657 1352 3725 apostolus
1381 3667 1431 3728 et
1489 3656 1814 3728 evangelista
1844 3656 2024 3712 Joan-

419 3673 586 3711 crum
609 3673 663 3709 in
698 3673 799 3778 quo
826 3673 1052 3727 magnus
1085 3673 1352 3725 apostatus
1381 3673 1431 3710 et
1489 3673 1814 3728 evangelista
1844 3673 2022 3712 Joan-

419 3743 528 3781 nes
564 3726 698 3796 Theo
724 3743 873 3796 ogus,
903 3743 1023 3780 cum
1053 3736 1181 3779 esset
1210 3727 1629 3796 transferendus,
1655 3729 1901 3782 humatus
1919 3735 2022 3792 est.

418 3797 608 3852 sancti
648 3793 878 3866 Spiritus
910 3807 1042 3850 nutu
1074 3805 1260 3852 octava
1300 3793 1430 3850 Maii
1476 3799 1761 3866 quotannis
1809 3816 2025 3855 sacrum

421 3875 650 3938 repente
664 3867 884 3921 scaturit
907 3869 1198 3938 euomitque
1214 3867 1496 3936 puluerem,
1523 3867 1804 3938 Oppidanis
1818 3883 2020 3925 manna

421 3946 826 4000 nuncupatum,
860 3939 1378 4008 quem_accipientes
1419 3939 1472 3992 hi
1522 3939 1613 4007 qui
1643 3939 1919 4006 accedunt,
1951 3941 2024 3995 ad

424 4010 611 4064 omnis
637 4009 849 4076 generis
874 4006 1212 4075 depellendus
1234 4009 1437 4063 morbos
1462 4019 1510 4063 et
1533 4006 2026 4078 aegritudinesmni-

426 4093 748 4150 morumque
776 4079 1123 4150 curationem,
1143 4085 1192 4130 et
1223 4079 1507 4150 sanitatem
1528 4081 1735 4150 corpori
1757 4089 2023 4150 praestan-

426 4149 566 4220 dam
593 4147 688 4220 illo
707 4147 1218 4220 utunturamuleto,
1252 4148 1533 4220 laudantes
1574 4147 1766 4214 Deum,
1806 4155 2022 4220 ejusque

427 4217 646 4290 famulo
689 4219 888 4290 Joanni
927 4219 1182 4290 honorem
1222 4219 1494 4276 habentes.
1553 4219 1768 4274 Tiliana
1827 4217 2024 4276 nostra

428 4290 645 4360 Menam
672 4289 945 4360 antiqua,
973 4289 1137 4360 paulo
1170 4290 1396 4360 brevius
1422 4307 1435 4342 :
1465 4291 1668 4360 Μνήμη
1710 4290 1806 4343 τοῦ
1864 4292 2022 4357 ἁγίου

430 4359 747 4416 ἀποστόλου
774 4361 869 4412 καὶ
897 4359 1288 4427 εὐαγγελιστοῦ
1325 4361 1572 4412 Ἰωάννου
1598 4360 1694 4413 τοῦ
1724 4359 2022 4427 Θεολόγοιν

431 4432 623 4502 ἦγουνί
645 4430 673 4482 ό
705 4429 978 4502 ροδισμδς,
1003 4432 1103 4502 καὶ.
1131 4431 1164 4500 ἠ
1196 4428 1286 4502 τοῦ
1318 4430 1498 4498 μάννα
1531 4431 1854 4502 συγκομιδὴ,
1900 4432 2022 4501 ἥτις

431 4499 504 4554 ἔκ
534 4499 629 4554 τοῦ
651 4502 825 4567 τάφου
864 4499 1030 4552 αὐτοῦ
1079 4499 1487 4569 ἀναπέμπεται.
1540 4499 1797 4555 Memoria
1820 4499 2022 4555 sancti

432 4569 671 4641 apostoli
703 4581 750 4624 et
784 4569 1118 4640 euangelista!
1132 4570 1357 4624 Joannis
1386 4569 1629 4640 Theologi
1659 4589 1676 4626 .'
1705 4573 1813 4625 sive
1867 4589 2022 4626 rosa-

434 4658 564 4696 rum
599 4642 862 4695 suauitate
901 4642 1153 4710 aspersio,
1199 4649 1246 4694 et
1273 4656 1486 4695 mannae
1541 4644 1888 4708 comportatio
1934 4659 2024 4696 seu

432 4710 704 4793 collectio,
729 4727 853 4792 quin
863 4727 930 4793 ea:
951 4711 1094 4793 illius
1113 4710 1354 4793 sepulcro
1382 4713 1629 4793 erumpit.
1645 4712 1833 4793 Μαρια
1854 4712 2025 4793 etiam

437 4783 653 4854 Menam
683 4796 818 4854 voce
841 4781 930 4854 illa
959 4782 1215 4854 ροδισμδς
1248 4791 1500 4854 utuntur,
1528 4781 1583 4836 in
1613 4781 1813 4837 iambis
1853 4783 2028 4854 Syna-

437 4853 605 4908 xario
625 4851 942 4921 praemissis,
962 4851 1068 4906 nec
1091 4851 1252 4906 video
1273 4867 1385 4920 quo
1414 4853 1522 4906 alio
1548 4868 1712 4906 sensu
1740 4851 2026 4908 commode

435 4921 693 4992 exprimi
721 4921 924 4990 possit;
961 4922 1067 4976 nisi
1104 4921 1269 4976 etiam
1296 4937 1494 4976 manna
1521 4922 1656 4976 illud
1686 4937 2026 4992 purpureum

435 4993 582 5064 quid
610 4991 870 5056 habebat,
899 5001 955 5045 et
985 4993 1130 5064 rosei
1153 4992 1378 5064 coloris,
1403 5008 1514 5062 quo
1532 4991 1836 5064 utrumque
1861 5009 2027 5048 sensu

437 5062 708 5119 auctores
746 5077 879 5118 voce
939 5062 1170 5131 ροδίζειν
1219 5062 1305 5117 usi
1357 5063 1740 5117 inveniuntur.
1808 5064 2026 5118 lllustre

441 5132 832 5203 testimonium
871 5143 957 5203 est
977 5132 1141 5203 hujus
1200 5148 1414 5203 manna:
1445 5133 1698 5203 sacrique
1753 5133 2023 5202 pulveris,

437 5202 700 5284 Gregorii
749 5201 981 5284 _Cyprii,
1023 5201 1366 5283 patriarcha:
1432 5201 2027 5284 Constantinopolitani

439 5272 640 5345 statim
679 5272 1310 5345 urhe_Latinis_erepta,
1351 5289 1463 5345 per
1488 5273 1648 5345 cujus
1682 5275 2027 5328 occasionem

442 5344 760 5399 acerrimus
820 5343 925 5397 fuit
976 5343 1290 5398 schismatis
1343 5342 1570 5407 fautor,'
1601 5353 1658 5398 et
1718 5345 2029 5400 decessoris

437 5415 681 5485 Joannis
705 5413 887 5485 Becci,
924 5420 985 5467 ut
1025 5413 1448 5485 Δατινόφρονος,
1488 5413 1817 5485 exagitator,
1859 5414 2025 5484 epist.

439 5487 501 5548 9,
531 5484 604 5555 ad
654 5483 1368 5555 Ephesinumantistitem,
1418 5484 1568 5538 Isaac
1602 5483 1835 5555 nomine
1888 5483 2032 5555 (ejus

438 5554 810 5679 epistolarum
840 5553 1167 5623 locupletem
1187 5553 1435 5608 codicem
1470 5554 1734 5609 utendum
1759 5555 1914 5610 dedit
1942 5553 2030 5609 vir

440 5641 475 5679 c
506 5666 521 5678 .
563 5624 679 5679 inse
696 5624 1422 5679 erudituseruditorumuue
1470 5625 1654 5678 fautor
1706 5634 1765 5679 et
1794 5625 2027 5679 amicus.

440 5624 521 5681 cl.
563 5624 679 5693 ipse
696 5624 1422 5694 erudituseruditorumque
1470 5625 1654 5678 fautor
1706 5634 1765 5680 et
1794 5625 2027 5687 amicus,

438 5695 704 5764 nihilque
746 5694 859 5749 fere
886 5694 1004 5764 ipso
1026 5693 1292 5764 Gregorio
1329 5693 1450 5758 Suo,
1501 5694 1772 5750 librorum
1829 5694 2032 5764 quibus

439 5762 789 5834 exquisitum
807 5763 1014 5833 aliquid
1040 5762 1108 5817 ad
1138 5762 1516 5818 illustrandum
1541 5781 1655 5820 rem
1678 5762 2028 5829 litterariam,

441 5850 665 5901 sacram
689 5835 896 5904 pari-ter
920 5849 984 5889 ac
1015 5834 1298 5903 profanam
1331 5838 1701 5899 contineatur,
1727 5835 2029 5898 studiosus,

443 5906 513 5961 D.
539 5904 609 5959 de
636 5904 972 5971 Ballesdcns,
1002 5904 1127 5960 aliis
1170 5903 1384 5976 pridem
1433 5905 1575 5976 apud
1623 5905 1796 5961 excel.
1848 5905 2030 5961 virum

2126 3376 2430 3447 clarissime
2450 3348 2733 3439 lunctum,
2779 3392 2928 3432 nunc
2961 3377 3128 3431 etiam
3164 3376 3496 3447 presbyteri,
3526 3385 3708 3434 aelate.

2125 3446 2397 3510 moribus,
2433 3462 2663 3502 munere
2698 3447 3036 3502 venerabilis
3068 3463 3134 3503 ac
3156 3446 3379 3503 Christo
3434 3462 3656 3501 merens
3691 3465 3706 3501 :

2127 3517 2241 3573 Hoc
2286 3532 2388 3586 pro
2420 3533 2541 3571 mea
2589 3517 2644 3571 in
2691 3518 2874 3572 virum
2923 3518 3321 3586 observantia).
3369 3518 3499 3573 Post
3543 3517 3713 3587 igitur

2125 3589 2519 3658 gratias,quod
2542 3587 2780 3658 eleganti
2812 3587 3004 3645 codice
3047 3588 3372 3652 donaverat,
3423 3587 3492 3642 de
3515 3598 3711 3643 sancto

2125 3657 2369 3729 pulvere
2381 3658 2460 3712 sic
2475 3657 2552 3729 ait
2573 3677 2585 3710 :
2605 3657 2692 3722 Ὠς
2713 3657 2776 3729 δὴ
2800 3660 2950 3728 καὶὴ
2977 3658 3072 3712 τοῦ
3101 3657 3402 3721 σεϐασμίου
3437 3659 3561 3728 χοὸς
3583 3659 3712 3711 ἀπο-

2127 3726 2312 3800 στολὴ,
2346 3726 2406 3800 ὃν
2429 3730 2457 3782 ὁ
2483 3727 2626 3800 θεῖος
2659 3726 3324 3800 τοῦπαρθένουπηγάζει
3346 3726 3536 3800 τάφος,
3567 3729 3711 3800 τίνος

2124 3799 2235 3854 τῶν
2262 3799 2538 3866 μεγίστων
2573 3797 2766 3869 οὐκ-ἂν
2794 3797 2878 3862 ein
2905 3799 3239 3869 τεκμήριον;
3280 3797 3440 3863 ποίας
3489 3798 3712 3869 ἀγάπης

2124 3870 2225 3940 0ρκ
2252 3869 2461 3940 ἂνίέχοι
2483 3867 2794 3940 ἀπόδειξιν;
2822 3867 3126 3940 flammei;
3159 3869 3284 3940 γὰρ
3325 3870 3407 3940 είς
3458 3868 3714 3936 εὐλογίαν

2125 3932 2282 4001 οὗτος
2307 3932 2462 4009 ἡμῖν,
2497 3940 2578 4010 είς
2605 3932 2879 4010 ἁγιασμδν
2908 3932 3182 4010 adﬁgit;
3203 3932 3300 3992 καὶ
3331 3932 3607 4010 σώματος,
3630 3941 3714 4000 είς

2123 4008 2445 4079 ἀποτροπὴν
2470 4009 2573 4077 τῆς
2609 4009 2673 4061 ὲκ
2699 4008 2794 4062 τοῦ
2827 4008 3206 4078 ἀντικειμένου
3259 4008 3578 4079 ἐπιϐουλῆς,
3628 4010 3713 4070 είς·

2125 4079 2153 4132 ὅ
2181 4097 2234 4132 τι
2254 4078 2545 4148 κάλλιστον
2571 4079 2666 4148 καὶ
2696 4079 2968 4148 σωτήριον
2991 4097 3005 4110 ·
3039 4081 3136 4132 καὶ
3175 4081 3338 4148 ἡμεῖς
3352 4078 3523 4148 αὐτὸν
3565 4079 3712 4148 μετὰ

2125 4150 2362 4220 πίστεως
2395 4147 2490 4201 τοῦ
2529 4147 2703 4220 ταῦτα
2732 4150 2814 4211 είς
2839 4150 2991 4218 ἡμᾶς
3006 4147 3268 4220 μὲνεργείν
3300 4147 3564 4220 δύνασθαι
3584 4147 3706 4220 εδει-

2125 4219 2355 4289 εάμεθα,
2387 4219 2481 4273 καὶ
2505 4218 2591 4289 ein
2613 4217 2787 4280 οὕτως
2815 4217 2946 4288 ἡμῖν
2967 4218 3064 4272 νῦν
3109 4217 3169 4272 τε
3199 4219 3294 4272 καὶ
3326 4219 3407 4289 είς
3436 4219 3530 4289 τὸν
3579 4218 3708 4289 ἐπίγ-

2123 4286 2312 4344 λοιπον
2349 4289 2483 4358 βίον.
2514 4286 2972 4353 Quemadmodum
2999 4290 3161 4343 etiam
3189 4287 3504 4342 uenerabilis
3539 4286 3712 4358 puluis

2126 4377 2161 4414 a
2200 4370 2250 4413 te
2280 4357 2491 4419 missus,
2523 4374 2677 4428 quem
2709 4359 2944 4413 divinum
2979 4361 3197 4430 uirginis
3235 4357 3545 4428 sepulcrum
3571 4357 3712 4411 velut

2126 4431 2267 4500 fonte
2279 4431 2524 4492 scaturit,
2549 4430 2699 4500 cujus
2722 4446 2829 4483 non
2851 4432 3208 4484 maximorum
3233 4430 3390 4499 fuerit
3421 4443 3713 4500 argumen-

2127 4499 2237 4554 tum
2260 4501 2284 4554 ?
2316 4500 2542 4565 Quanta:
2567 4499 2862 4553 dilectionis
2883 4501 3145 4570 specimen
3184 4516 3288 4553 non
3321 4500 3509 4554 habeat
3534 4499 3709 4570 ?Mis-

2124 4589 2214 4626 sus
2245 4572 2383 4624 enim
2419 4569 2512 4623 ille
2551 4569 2697 4624 nobis
2725 4579 2826 4632 est,
2852 4569 2990 4624 utin
3035 4571 3446 4624 benedictionem
3483 4569 3709 4630 cederet,

2050 4649 2104 4710 D
2129 4642 2183 4695 in
2215 4640 2690 4709 sanctiﬁcationem
2721 4642 2890 4694 animi
2917 4651 2968 4694 et
3005 4642 3262 4710 corporis,
3311 4649 3369 4694 ut
3401 4648 3536 4692 esset
3584 4655 3712 4706 pro-

2129 4711 2405 4783 pulsandis
2457 4711 2754 4783 aduersarii
2781 4711 3024 4783 insidiis;
3082 4713 3306 4783 denique
3330 4710 3417 4762 'ad
3453 4721 3715 4783 praestan-

2126 4779 2257 4836 dum
2286 4782 2481 4851 siquid
2516 4782 2940 4835 honestissimum
2977 4790 3052 4835 est
3079 4789 3128 4834 et
3181 4779 3461 4834 salutare.
3484 4779 3553 4833 Et
3591 4795 3714 4851 vero

2130 4869 2224 4906 nos
2250 4850 2453 4922 quoque
2474 4868 2536 4904 ea
2559 4851 2666 4919 ﬁde
2697 4851 3015 4922 accepimus,
3043 4861 3099 4904 ut
3136 4852 3492 4905 existimemus
3519 4851 3627 4922 hac
3657 4850 3714 4902 in

2129 4920 2276 4977 nobis
2303 4920 2510 4992 efﬁcere
2539 4938 2726 4992 posse;
2751 4923 2927 4991 sicque
2956 4921 3048 4975 ille
3080 4938 3218 4975 nunc
3272 4932 3323 4975 et
3353 4922 3408 4974 in
3449 4920 3713 4992 reliquam

2127 4991 2481 5055 uitam,isein
2511 4991 2658 5046 nobis
2683 4991 2945 5062 habuerit.
2990 4992 3081 5047 Sic
3117 4992 3326 5062 ubique
3355 4991 3530 5045 Graeci
3579 5005 3710 5062 erga

2129 5078 2286 5118 sacra
2321 5063 2550 5133 pignora
2568 5061 2811 5133 religiosi
2849 5080 2862 5116 :
2896 5078 3060 5133 quam
3105 5063 3316 5117 utinam
3355 5076 3549 5116 eorum
3585 5061 3716 5113 reli-

2168 5135 2350 5188 ionem
2372 5132 2480 5187 non
2513 5132 2776 5196 fuscaret,
2816 5148 2923 5200 qua
2952 5132 3068 5188 fere
3107 5133 3362 5188 laborant
3415 5133 3712 5202 (planeque

2151 5201 2403 5275 aboravit
2457 5202 2765 5275 _Gregorius
2813 5202 3108 5275 Cyprius)
3157 5201 3471 5275 schismatis
3521 5201 3709 5261 labes,

2132 5273 2512 5350 odiumque-in
2535 5273 2835 5350 Romanam
2860 5273 2916 5328 et
2936 5273 3093 5329 Petri
3114 5275 3323 5335 sedem,
3347 5274 3506 5342 cujus
3523 5285 3714 5350 amore

2129 5353 2187 5399 et
2212 5340 2528 5407 concordia,
2568 5345 2864 5414 nonnullis
2915 5354 3165 5398 nostrum
3219 5340 3441 5414 possent
3474 5355 3575 5396 sua
3619 5340 3710 5394 illa

2132 5414 2399 5484 religione
2420 5430 2492 5496 ,ξω
2525 5413 2728 5496 pietate
2757 5415 3038 5496 prodesse.
3065 5413 3546 5496 Deniquenutsua
3567 5425 3714 5496 sepl-

2132 5482 2260 5554 per,
2285 5482 2547 5554 omnique
2576 5494 2736 5539 aetate
2757 5482 3101 5554 intelligatur
3125 5482 3308 5538 divina
3342 5482 3586 5554 Spiritus
3627 5482 3712 5533 in-

2133 5551 2386 5608 staurare
2443 5551 2730 5622 miracula,
2771 5569 2872 5610 nec
2902 5551 2964 5608 in
3017 5565 3218 5609 nostrae
3249 5551 3407 5608 llos?
3469 5551 3710 5622 Limana:

2132 5624 2468 5680 miraculoso
2497 5620 2924 5680 tumulodeesse
2954 5625 3131 5678 voluit
3157 5640 3284 5677 eum
3311 5623 3552 5692 pulveris
3579 5620 3704 5672 fon.

2137 5704 2270 5756 tem,
2295 5710 2363 5748 ex
2392 5711 2502 5763 quo
2528 5702 2586 5749 et
2616 5693 3020 5763 exportandum
3045 5695 3102 5748 in
3128 5695 3404 5763 Europam
3435 5699 3706 5763 nostram,

2129 5780 2331 5834 meque.
2362 5761 2564 5833 ipsum,
2588 5761 2869 5833 exspecto,
2909 5778 3033 5817 cum
3055 5765 3165 5834 jam
3195 5761 3708 5834 sic‘novumorbem

2133 5831 2508 5908 inundavcrit,
2537 5834 2590 5908 ei
2638 5831 2811 5905 usque
2840 5831 3229 5891 miraculorum
3261 5835 3490 5908 gloriam
3535 5831 3707 5888 densa

2133 5905 2282 5961 nube
2311 5905 2622 5975 protulerit.
