4094 6464
453 456 560 523 127

1653 455 1947 518 NICET/E
1985 453 2514 517 PAPHLAGONIS

3602 451 3700 516 128

519 575 680 634 Salve
717 574 817 634 sis.
850 591 981 632 vere
1017 591 1080 632 ac
1117 575 1294 632 ﬁdelis
1330 575 1425 632 Dei
1459 573 1622 630 Verbi
1643 572 1940 642 discipule,
1977 579 2034 627 et

2204 577 2400 647 Χαῖρε,
2430 575 2624 646 γνήσιε
2673 573 2769 629 καὶ
2808 573 2966 627 πιστέ
3003 573 3099 627 τοῦ
3127 573 3264 630 Θεοῦ
3293 572 3468 643 Λόγου
3497 574 3702 642 Mosa,

453 678 684 735 amator,
703 669 1034 740 cultorque;
1078 683 1140 724 ac
1168 670 1365 741 gaude,
1392 668 1538 740 quod
1577 669 1668 724 ille
1705 681 1830 723 cum
1864 668 2031 722 Patre

454 760 705 828 veniens,
735 776 868 817 vere
895 761 1040 832 apud
1079 771 1131 817 te
1169 762 1508 817 mansionem
1547 761 1746 817 fecerit
1767 760 1812 792 ³⁸
1845 757 2034 829 :quod

452 851 574 921 ejus
603 867 833 908 servans
880 853 1156 918 mandata,
1200 851 1259 907 in
1286 853 1380 909 illo
1421 852 1710 915 manseris,
1747 852 2038 922 ipsumque

461 945 514 998 in
561 952 614 998 te
660 943 716 998 in
760 953 1090 1015 perpetuum
1143 956 1455 1002 manentem
1505 944 1750 1011 habeas,
1796 943 2037 1002 divinam

459 1041 648 1103 aperte
682 1033 782 1089 tibi
818 1033 1047 1104 gloriam
1079 1034 1546 1088 manifestantem.

533 1119 696 1176 Salve
733 1121 830 1185 sis,
879 1121 976 1177 Dei
1016 1121 1184 1177 frater
1228 1132 1284 1178 et
1333 1123 1550 1190 haeres;
1603 1122 1778 1179 frater
1817 1139 1950 1180 vero
1984 1131 2041 1180 et

462 1213 710 1269 cobaeres
733 1214 828 1268 Dei
856 1215 954 1284 qui
990 1223 1186 1270 cuncta
1225 1216 1376 1286 regni
1421 1216 1518 1271 Dei
1551 1218 1815 1288 mysteria
1844 1217 2042 1274 doetus

463 1323 544 1369 es,
573 1307 781 1376 quique
828 1307 1014 1363 divina
1060 1308 1392 1365 revelatione
1441 1325 1562 1380 quae
1588 1317 1857 1367 eventura
1906 1321 2038 1367 sunt

463 1396 613 1450 clare
659 1396 865 1451 videris
897 1397 1117 1464 omnia;
1165 1407 1332 1467 atque
1375 1413 1460 1462 ea,
1494 1399 1676 1468 quoad
1718 1415 2043 1456 concessum

463 1495 568 1551 est,
623 1489 934 1562 conscripta
974 1507 1039 1547 ac
1097 1492 1417 1564 consignata
1475 1492 1741 1549 Ecclesiis
1798 1494 2046 1551 tradide-

465 1577 543 1632 ris
560 1578 626 1633 ³⁸.

532 1668 692 1726 Salve
719 1671 816 1736 sis,
859 1672 1010 1728 solus
1045 1689 1196 1730 nunc
1231 1689 1465 1746 corpore
1511 1693 1621 1733 una
1653 1693 1777 1734 cum
1815 1679 2048 1750 Deipara

463 1769 638 1817 matre
678 1762 857 1822 incola
906 1766 1173 1835 paradisi,
1207 1783 1271 1823 ac
1321 1769 1418 1838 qui
1464 1769 1592 1826 inde
1635 1771 1832 1842 spiritu
1875 1780 2047 1827 totam

463 1853 664 1910 lustres
685 1862 889 1910 terram
912 1872 976 1912 ac
1001 1859 1323 1930 perspicias.
1354 1860 1466 1916 Nos
1497 1862 1772 1932 propitius
1805 1865 2044 1929 intuere,

464 1944 786 2002 beatissime
809 1947 1087 2021 Theologe
1126 1961 1184 2006 et
1227 1954 1563 2024 evangelista
1584 1956 1598 2009 i
1623 1955 1892 2026 crudique
1925 1957 2048 2026 epi-

464 2037 622 2093 stolis
647 2039 778 2102 tuis.
816 2055 881 2096 ac
905 2040 1111 2097 divinis
1147 2045 1632 2114 praedicationibus
1679 2047 1941 2103 confirma
1964 2057 2050 2102 at-

465 2143 578 2198 que
620 2131 913 2201 praeceptis
957 2147 1271 2204 compone:
1300 2152 1511 2208 nosque
1563 2154 1690 2210 rege
1727 2147 1783 2194 et
1823 2139 2048 2206 extolle,

466 2219 692 2290 Deoque
713 2221 771 2276 in
813 2229 1082 2279 aeternum
1113 2226 1269 2294 siste,
1299 2227 1354 2282 in
1389 2227 1616 2298 gloriam
1645 2229 1824 2287 Patris
1845 2239 1902 2286 et
1928 2229 2052 2286 Filii

466 2323 523 2369 et
555 2314 797 2385 Spiritus
824 2317 1021 2384 sancti,
1055 2317 1112 2373 in
1145 2320 1368 2377 saecula.
1387 2320 1586 2378 Amen.

1053 2600 1313 2659 ORATIO
1347 2603 1460 2659 Vll.

469 2687 731 2745 Laudatio
768 2693 939 2747 sancti
982 2692 1240 2764 laudeque
1263 2694 1545 2750 clarissimi
1567 2700 1792 2768 apostoli
1824 2701 2054 2758 Thamar.

544 2780 864 2837 Laudabilis
889 2797 992 2853 pro
1038 2783 1242 2838 sanctis
1271 2794 1586 2856 assumptus
1629 2803 1820 2856 amor;
1860 2790 2058 2846 merito

542 2946 587 2980 ⁸⁸
641 2947 800 3003 Joan.
857 2963 975 3014 xw,
1032 2946 1122 3001 25.
1224 2948 1268 2980 "
1300 2949 1459 3004 Rom.
1500 2964 1627 3016 vm,
1691 2950 1777 3005 ΓΙ.

543 3087 660 3155 (20)
687 3087 822 3154 Ταῖς
839 3087 1193 3154 ἐπιστολαῖς
1208 3103 1325 3145 σου
1345 3092 1694 3158 συῖέτισον.
1719 3090 1946 3148 Joannis
1964 3091 2045 3147 al-

473 3167 645 3214 teram
675 3167 730 3212 et
765 3159 983 3214 tertiam
1016 3160 1277 3225 epistolas
1305 3170 1556 3217 recenset
1590 3161 1794 3217 Euseb.
1827 3162 1925 3216 lib.
1956 3178 2043 3227 ιη,

474 3246 595 3298 cap.
631 3229 722 3292 25,
751 3244 873 3298 quas
902 3230 960 3283 in
993 3229 1228 3284 dubium
1257 3241 1612 3292 vocarentur,
1639 3233 1742 3286 etsi
1781 3247 1810 3286 a
1856 3233 2046 3288 multis

475 3282 941 3372 agnoscerentur:
975 3300 1098 3372 Εἴτε
1114 3299 1207 3372 τοῦ
1239 3282 1626 3372 εὐαγγελιστοῧ
1649 3302 2044 3372 τυγχάνουσαι,
2073 3282 2120 3346 C

479 3371 592 3423 εἴτε
618 3368 714 3440 καὶ
747 3369 940 3434 ἐτέρου
963 3371 1256 3440 ὁμωνύμου
1291 3371 1508 3440 ἐκεινῳ.
1546 3371 1664 3426 Sive
1690 3368 1799 3425 sint
1823 3368 2051 3426 Ioannis

478 3437 836 3511 evangelista,
887 3437 1010 3493 sive
1027 3439 1263 3511 alterius
1281 3437 1526 3511 ejusdem
1574 3459 1636 3494 ac
1656 3439 1745 3494 ille
1773 3443 2002 3496 nominis
2034 3458 2053 3495 :

478 3508 812 3581 quataltera
846 3509 1078 3581 quaestio
1132 3519 1240 3571 est,
1277 3508 1334 3564 in
1387 3527 1496 3581 qua
1546 3521 1783 3581 utraque
1825 3512 2055 3580 perinde

479 3579 848 3649 Hieronymus
887 3579 1066 3649 haesit.
1091 3581 1265 3635 Nobis
1286 3579 1557 3636 non’licet
1599 3581 1653 3634 in
1681 3579 1910 3636 dubium
1960 3598 2056 3635 vo-

483 3665 633 3714 care,
686 3648 824 3718 quas
872 3648 1088 3718 pridem
1142 3650 1410 3712 Ecclesia.
1462 3651 1651 3705 divino
1697 3652 1963 3706 instinctu
2000 3653 2056 3707 in

411 3753 417 3757 -
480 3719 760 3790 Canonem
779 3719 1069 3790 receperit,
1096 3725 1169 3775 ac‘
1188 3737 1363 3790 nuper
1385 3723 1440 3776 in
1455 3721 1692 3777 concilio
1717 3721 2054 3786 ,Tridentino

481 3789 885 3862 comprobavit.
906 3789 1059 3846 Fecit
1082 3789 1339 3847 Ecclesiae
1358 3792 1654 3862 judicium,
1701 3807 1813 3846 non
1840 3801 1902 3846 ut
1931 3793 2057 3848 libri

481 3861 580 3930 qui
611 3860 860 3932 canonici
891 3877 999 3915 non
1031 3873 1189 3917 erant
1214 3878 1279 3917 ac
1311 3860 1679 3925 θεόπνευστοι,
1709 3863 2056 3932 postmodum

482 3940 686 3994 essent,
717 3930 815 3986 sed
843 3940 903 3985 ut
925 3941 1374 4001 agnoscerentur.
1395 3932 1551 3999 Quod
1574 3930 1740 3988 etiam
1765 3932 1833 3988 de
1854 3933 2058 3990 veteris

483 4001 834 4073 instrumenti
868 4002 1027 4073 libris
1052 4003 1264 4073 aliquot
1301 4002 1506 4073 factum
1535 4012 1640 4068 est,
1689 4019 1830 4073 quos
1880 4003 2054 4059 Judzei

480 4082 540 4128 et
570 4071 848 4144 Synagoga
882 4071 975 4144 ad,
1010 4071 1427 4129 aediﬁcationem
1480 4071 1746 4129 duntaxat
1793 4073 2056 4144 legendos

485 4143 735 4214 retinuit,
753 4143 1014 4214 Ecclesia
1045 4145 1439 4214 (apostolorum
1479 4145 1784 4214 praesertim
1813 4143 2053 4211 judicio)

482 4213 652 4268 etiam
701 4212 768 4266 ad
800 4212 1182 4269 auctoritatem
1205 4212 1501 4270 canonicos
1545 4216 1743 4269 sanxit.
1791 4215 2056 4269 Praeclara

483 4294 652 4354 certe
683 4284 975 4351 Augustini
1008 4300 1132 4346 vox,
1167 4285 1288 4338 Non
1340 4284 1681 4339 crediturum
1735 4285 2054 4354 Evangelio,

485 4353 591 4409 nisi
618 4353 878 4408 Ecclesiae
919 4355 1219 4408 auctoritas
1240 4363 1634 4410 commoveret.
1668 4355 1737 4408 Et
1765 4353 1920 4418 vero,
1957 4371 2058 4409 cur

487 4434 725 4493 quatuor
756 4423 1068 4493 Evangeliis
1113 4423 1412 4487 credimus,
1455 4438 1567 4476 non
1606 4424 1776 4478 tantis
1802 4423 1911 4478 illis
1937 4440 2060 4493 quas

488 4491 559 4548 ab
590 4493 723 4563 ipsis
777 4491 974 4563 primis
1011 4494 1352 4563 temporibus
1403 4493 1512 4548 alio
1555 4494 1772 4562 alioque
1833 4491 2059 4548 nomine

489 4561 893 4635 obrepserunt?
917 4561 1077 4635 Nulla
1101 4561 1550 4635 velHieronymi,
1573 4564 1657 4617 vel
1676 4561 2058 4635 cujuscunque

2134 669 2230 722 καὶ
2259 669 2485 740 ἐραστὰ,
2530 667 2628 721 καὶ
2655 667 2966 739 θεραπευτὰ
2990 683 3005 700 ·
3037 668 3119 721 ὅτι
3148 666 3302 736 παρὰ
3338 666 3432 720 τοῦ
3489 666 3707 736 Πατρὺς

2135 760 2409 832 ἐληλυθὼς
2433 761 2656 825 ἐκεῖνος,
2719 759 2885 830 μονὴν
2936 757 3153 830 ἀληθῶς
3199 758 3498 828 πεποίηται
3552 755 3710 828 παρὰ

2136 856 2221 910 σοι
2247 855 2482 916 ’ὅτιτὰς
2509 853 2729 916 ἐντολὰς
2779 849 2946 907 αὐτοῦ
2993 850 3333 922 τετηρηκὼς,
3380 851 3600 919 ἔμεινας
3649 851 3712 902 ἐν

2137 946 2307 1018 αὐτῷ,
2331 947 2427 1000 καὶ
2453 945 2615 1000 αὑτὸν
2641 945 2786 1016 ἔχεις
2810 944 3039 1015 μένοντα
3064 944 3132 998 δι’
3153 943 3348 1006 αἰῶνος
3386 943 3443 996 ἐν
3476 942 3579 1004 σοὶ,
3608 942 3716 1013 τὴν

2137 1041 2434 1112 Θεαρχικήν
2459 1057 2540 1093 σοι
2565 1038 2720 1102 δόξαν
2749 1036 3289 1107 ἁνακεκαλυμμένως
3319 1032 3715 1106 ἐμφανίζοντα.

2208 1136 2404 1205 Χαῖρε,
2443 1133 2634 1185 τέκνον
2667 1129 2804 1184 Θεοῦ
2840 1128 2934 1182 καὶ
2990 1127 3297 1199 κληρονόμε
3336 1143 3352 1158 ο
3413 1126 3610 1194 ἀδελφὲ
3661 1125 3722 1179 δὲ

2139 1231 2236 1285 καὶ
2270 1225 2681 1298 συγκληρονόμε
2713 1220 2928 1276 Θεοῦοὸ
2957 1222 3137 1276 πάντα
3167 1220 3265 1290 τῆς
3297 1217 3392 1272 τοῦ
3437 1217 3573 1272 Θεοῦ
3621 1217 3721 1286 βα-

2143 1321 2348 1384 σιλείας
2377 1319 2446 1373 τὰ
2477 1318 2750 1390 μυστήρια
2778 1312 3374 1387 μεμυσταγωγημένος.
3404 1312 3498 1364 καὶ
3536 1309 3723 1365 πάντα

2149 1413 2339 1483 σαφῶς
2361 1412 2430 1466 τὰ
2469 1411 2701 1480 ἐσόμενα
2731 1407 2797 1462 δι’
2827 1404 3218 1474 ἀποκαλύψεως
3239 1403 3587 1474 τεθεαμένος,
3625 1401 3726 1455 καὶ

2143 1503 2665 1578 κατεσφραγισμένα
2694 1502 2813 1566 ταῖς
2847 1498 3198 1568 Ἐκκλησῑαις
3225 1493 3523 1568 παραδούς.

2213 1685 2407 1755 Χαῖρε,
2438 1682 2531 1735 τὸν
2579 1678 2901 1750 παράδεισον
2964 1677 3126 1747 μόνος
3171 1673 3267 1729 νῦν
3299 1675 3438 1746 μετὰ
3471 1673 3730 1742 σώματος

2145 1775 2264 1848 ἅμα
2303 1777 2371 1846 τῇ
2431 1772 2598 1844 μητρὶ
2645 1771 2938 1841 Θεομήτορι
2980 1767 3274 1831 κατοικῶν,
3334 1765 3593 1820 κάκεῖθεν
3648 1763 3731 1836 τῷ

2148 1868 2422 1939 πνεύματι
2459 1865 2560 1937 τὴν
2613 1863 2741 1934 ὅλην
2793 1863 2900 1932 γῆν
2949 1859 3333 1931 καταθεωρῶν,
3365 1858 3525 1923 ἵλεως
3567 1859 3722 1928 ἡμᾶς

2151 1955 2494 2022 ἐποπτεύοις,
2533 1953 2579 2008 ὣ
2621 1951 2988 2025 τρισμακάριε
3017 1949 3247 2019 Θεολόγε
3298 1949 3394 2004 καὶ
3431 1948 3726 2017 εὐαγγελι-

2156 2055 2288 2110 στάῑ
2332 2053 2427 2108 καὶ
2459 2053 2580 2114 ταῖς
2627 2048 2938 2109 ἐπιστολαῖς
2981 2063 3075 2099 σου
3128 2044 3405 2098 πνέτισον
3454 2041 3596 2112 (20),
3633 2040 3736 2094 καὶ

2155 2148 2273 2210 ταῖς
2313 2143 2614 2212 Θεολογὶαις
2649 2157 2742 2194 σου
2765 2136 3040 2210 στήριξον,
3075 2136 3170 2190 καὶ
3200 2138 3318 2199 ταῖς
3345 2135 3587 2197 ἐντολαῖς
3635 2149 3736 2185 σου

2158 2235 2502 2307 κατάρτισαι,
2544 2232 2640 2288 καὶ
2672 2228 3125 2300 ποίμανονήμᾶς,
3169 2229 3260 2280 καὶ
3304 2225 3506 2296 ἐπαρον
3557 2224 3731 2294 ἡμᾶς,

2160 2329 2257 2384 καὶ⁵
2283 2327 2391 2390 ἐως
2421 2324 2617 2388 αἰῶνος
2647 2321 2998 2393 παράστησον
3037 2319 3114 2390 τῷ
3141 2316 3280 2388 Θεῷ,
3313 2315 3582 2380 εἰςδόξαν
3615 2315 3730 2368 Πα-

2144 2419 2295 2489 τρδς,
2312 2416 2406 2470 καὶ
2434 2413 2588 2481 Υἱοῦ,
2609 2413 2702 2468 καὶ
2729 2413 2885 2481 ἁγίου
2904 2409 3241 2483 Ιινεύματος,
3264 2409 3343 2472 εἰς
3360 2408 3485 2474 τοὺς
3501 2405 3725 2470 αἰῶνας.

2149 2507 2347 2578 ’Δαήν.

2771 2594 2990 2650 ΛΟΓΟΣ
3023 2595 3097 2648 Z'.

2155 2701 2260 2765 Εις
2276 2697 2384 2752 τὸν
2405 2694 2577 2765 ἄτιον
2590 2689 2689 2746 καὶ
2714 2689 3108 2759 παν-εὔφημον
3123 2687 3475 2742 ἀπόστολον
3495 2682 3722 2753 Θωμᾶν.

2228 2785 2547 2850 Ἐπαινετδς
2575 2786 2604 2838 ὁ
2629 2782 2771 2854 ὑπὲρ
2795 2779 2906 2836 τῶν
2953 2780 3126 2850 ἁγίων
3155 2779 3321 2844 πόθος
3363 2796 3378 2812 ο
3415 2777 3726 2843 ἀξιεπαινε·

2150 3093 2482 3149 tribuerent.
2502 3089 2716 3160 Nomen
2745 3085 3124 3160 πρεσϐυτέρου
3175 3095 3233 3142 et
3272 3086 3536 3160 senioris,
3585 3087 3728 3158 quod

2151 3165 2309 3218 alteri
2334 3161 2531 3218 Joanni
2555 3159 2713 3231 quasi
2767 3157 3054 3231 proprium
3079 3166 3224 3231 erat,
3253 3165 3425 3227 prout
3478 3157 3562 3213 sic
3605 3157 3728 3214 eum

2149 3234 2346 3303 Papias
2367 3242 2548 3298 vocat,
2574 3228 2715 3286 cum
2742 3228 2924 3284 tamen
2966 3228 3226 3303 Aristioni
3260 3243 3386 3303 eum
3418 3239 3726 3303 postponat,

2151 3312 2209 3360 et
2230 3297 2508 3370 glorietur
2530 3297 2824 3370 utriusque
2854 3314 2914 3353 se
2953 3297 3482 3370 auditoremil'uisse,
3510 3297 3626 3354 cum
3645 3300 3720 3370 illi

2155 3320 2209 3360 ει
2279 3320 2508 3359 torretur
2530 3320 2824 3370 ulrlusque
2854 3320 2914 3353 se
2953 3320 3261 3353 auulwrem
3287 3320 3482 3364 luisse,
3510 3320 3626 3354 cum
3645 3320 3712 3352 "ll

2155 3320 2326 3428 muita
2365 3389 2430 3426 ex
2459 3372 2685 3426 Joannis
2712 3385 2810 3425 ore
2839 3368 3202 3438 accepissent,
3232 3369 3439 3438 diuque
3488 3384 3599 3422 cum
3625 3369 3712 3422 illo

2153 3443 2358 3498 versati
2384 3449 2594 3502 essent.
2629 3451 2686 3496 et
2716 3440 2891 3509 ipsius
2913 3437 3129 3494 Domini
3165 3437 3422 3509 discipuli
3464 3439 3706 3502 fuissent,

2157 3521 2218 3567 ut
2239 3521 2324 3569 est
2348 3512 2492 3582 apud
2524 3511 2728 3566 Euseb.
2749 3510 2926 3582 λιιι-ι,
2953 3524 3002 3564 c.
3034 3509 3130 3582 βξ),
3167 3509 3446 3582 peculiare
3464 3525 3723 3582 imomen-A

2157 3593 2272 3638 tum
2331 3578 2518 3645 habet,
2557 3582 2706 3652 quod
2731 3579 2951 3635 diliicile
2995 3578 3271 3652 videatur,
3326 3579 3574 3652 voluisse
3623 3579 3726 3652 sibi

2155 3654 2422 3710 Joannem
2455 3650 2793 3722 Theologum
2816 3665 3016 3722 nomen
3043 3651 3337 3722 asciscere,
3361 3650 3518 3722 quod
3572 3651 3730 3705 alteri

2157 3725 2324 3780 sciret
2349 3723 2504 3794 quasi
2533 3720 3021 3800 p_roprium_§_forte
3049 3720 3240 3800 etiam,
3265 3720 3336 3775 ob
3360 3720 3737 3800 longissimam

2156 3789 2397 3851 aetatem:
2419 3789 2780 3863 qua—Joannis
2817 3790 3082 3863 Theologi
3111 3804 3254 3863 pene
3281 3789 3530 3863 aequalis,
3562 3793 3738 3846 illiuso

2160 3880 2269 3934 que
2301 3859 2680 3934 distinctione,
2715 3859 3082 3934 nomenAillu’d
3121 3859 3380 3916 habuerit
3417 3877 3443 3934 :_
3461 3862 3580 3917 sive
3611 3876 3738 3915 eum

2155 3931 2399 3992 Joannes
2429 3932 2800 4004 Ephesiorum
2820 3931 3169 4004 Lepiscopum
3202 3931 3494 4004 creaverit,
3513 4002 3523 4004 _
3545 3941 3607 3986 ut
3631 3939 3741 4004 gest

2158 4006 2215 4060 in
2261 4000 2765 4061 Constitutionibus
2807 4001 3003 4066 Clem.,
3041 4017 3151 4063 vn,
3192 4000 3263 4055 45
3300 4018 3315 4053 :
3348 4001 3460 4070 Τῆς
3513 4002 3740 4070 Ἐφέσου

2158 4075 2422 4147 Τιμόθεος
2457 4075 2556 4147 μέν
2592 4074 2698 4147 ὑπο
2747 4072 3009 4147 Παύλου-ί
3038 4071 3291 4147 Ἰιοάννης
3350 4072 3429 4147 δέ,
3477 4073 3577 4147 im:
3606 4071 3742 4147 ἐμοῦ

2170 4140 2419 4201 Ἰὠάννου
2441 4140 2469 4175 ·’
2482 4144 2599 4200 sive
2622 4145 2798 4198 solum
2828 4143 2948 4213 ejus
2970 4140 3227 4197 Ecclesiae
3250 4141 3742 4211 presbyterl‘uerit.

2157 4217 2310 4274 lstud
2343 4222 2494 4271 certe
2539 4213 2859 4269 dillieultate
2891 4227 3003 4266 non
3037 4221 3356 4267 caretznon
3398 4221 3581 4266 tamen
3613 4228 3746 4266 con-

2157 4287 2330 4342 vincit
2353 4302 2463 4340 non
2497 4300 2620 4340 esse
2650 4284 2912 4355 epistolas
2945 4281 3408 4355 veregcauonicas,
3453 4282 3605 4352 quod
3649 4297 3746 4337 eas

2159 4357 2414 4439 ipsajam
2454 4350 2701 4439 Eusebii
2721 4361 2882 4439 astate
2915 4350 3096 4439 _multi
3142 4350 3485 4439 ‘habebant;'
3511 4368 3635 4439 cum
3666 4363 3746 4439 ‘et

2159 4423 2529 4496 aliidiseipuli
2578 4433 2733 4480 extra
2781 4423 3098 4485 duodecim,
3142 4423 3344 4496 libros_
3374 4432 3434 4496 et
3481 4423 3748 4496 epistolas

2160 4493 2475 4552 condidisse
2504 4504 2825 4559 noscantur,
2857 4509 2996 4564 quos
3047 4503 3120 4564 et
3145 4508 3281 4563 quas
3304 4493 3546 4564 Ecclesia
3577 4509 3748 4564 agno-

2165 4569 2274 4622 scit
2292 4583 2359 4621 ex
2378 4567 2599 4621 Canone
2626 4563 2894 4619 librorum
2922 4563 3058 4618 Novi
3080 4563 3563 4618 Testamenti.Nec
3587 4563 3749 4618 video

491 4626 809 4707 privatipar
831 4632 1154 4696 auctoritas,
1181 4626 1495 4707 istiusmodi
1518 4626 2061 4707 censura-librorum.
2098 4626 2140 4680 υ
2165 4637 2368 4707 quibus
2391 4652 2460 4691 ex
2493 4635 2870 4690 monumentis
2895 4643 2993 4688 aut
3035 4633 3195 4707 libris
3222 4635 3366 4707 idem
3392 4633 3614 4707 Grotius
3645 4633 3750 4688 ha—

491 4703 646 4770 Quod
675 4703 914 4758 Joannes
947 4712 1179 4772 utraque
1199 4703 1431 4771 epistola
1455 4703 1644 4758 Senior
1671 4713 1917 4766 vocatur,
1947 4719 2066 4759 ma-

492 4776 706 4844 luitque
748 4773 828 4844 sic
850 4776 1125 4842 interpres
1152 4773 1406 4838 reddere,
1443 4789 1608 4844 quam
1662 4773 1910 4844 Grmcam
1964 4789 2065 4830 vo-

490 4843 915 4914 cem’presbyteri
940 4845 1180 4900 retinere
1205 4846 1286 4915 (ut
1308 4843 1480 4915 magis
1499 4852 1714 4898 :etatem
1739 4843 2065 4911 insinuaret,

492 4930 657 4984 quam
689 4915 1058 4985 dignitatem),
1085 4915 1225 4970 ratio
1246 4914 1437 4970 Jacobi
1469 4915 1673 4984 Capelli
1704 4930 1814 4969 non
1880 4915 2068 4985 displi-

495 4983 618 5048 cet;
647 4983 794 5054 quod
828 4985 985 5038 valde
1010 4995 1265 5054 provecta
1297 4995 1457 5039 aetate
1488 4983 1584 5039 eas
1631 4985 1873 5040 Joannes
1925 4983 2067 5040 scri-

498 5057 692 5125 pserit,
725 5055 1080 5124 omniumque
1101 5055 1303 5110 Christi
1335 5055 1734 5124 discipulorum
1797 5057 2066 5112 vetustis-

495 5126 692 5188 simus.
719 5134 776 5180 et
800 5126 894 5194 qui
921 5125 1019 5196 psic
1047 5127 1205 5195 quasi
1236 5126 1671 5196 antonomﬁastiee
1715 5125 1952 5196 intelligi
2005 5144 2068 5184 ac

495 5196 604 5251 diei
641 5203 861 5267 posset.
884 5195 1020 5250 Nam
1047 5206 1102 5251 et
1131 5197 1333 5251 Paulus
1357 5196 1424 5250 ad
1489 5195 1866 5267 Philemonem
1896 5195 1950 5250 in
1979 5199 2068 5254 sui

496 5265 1054 5330 commendationem,
1109 5275 1166 5321 et
1217 5275 1278 5320 ut
1338 5268 1646 5321 Philemoni
1700 5266 1952 5327 suadeat,
1984 5285 2064 5333 se,

498 5339 650 5393 velut
707 5338 821 5402 ille,
857 5351 1044 5392 senem
1097 5337 1358 5392 insinuat.
1393 5337 1630 5393 Proinde
1673 5338 2070 5394 convenienter

497 5407 739 5464 Joannes
777 5407 1142 5462 familiaribus
1176 5409 1427 5478 epistolis
1468 5423 1719 5478 peneque
1754 5408 2069 5464 consolato-

501 5479 618 5549 riis,
649 5478 896 5534 Senioris
926 5494 1127 5534 nomen
1175 5477 1427 5549 praeﬁxit,
1465 5477 1803 5549 nimiumque
1856 5480 2071 5544 pondus

505 5547 560 5601 in
599 5564 732 5604 voce
758 5550 1014 5618 apostoli,
1062 5549 1136 5603 ita
1163 5547 1414 5605 scribens
1457 5548 1828 5615 existimavit;
1877 5558 1936 5603 ut
1969 5549 2072 5605 hac

502 5624 659 5686 parte
708 5620 915 5677 nullius
976 5619 1242 5676 momenti
1297 5619 1370 5674 sit
1422 5626 1808 5688 argumentum
1867 5619 2068 5684 Grotii,

505 5688 663 5759 quasi
703 5689 828 5744 inde
850 5689 1048 5746 Joanni
1093 5690 1372 5759 Theologo
1413 5687 1664 5759 abrogari
1697 5687 1780 5743 hae
1825 5689 2071 5759 epistolas

506 5757 742 5828 possint.
775 5759 1056 5815 Videndus
1080 5757 1324 5815 Tertull.
1346 5759 1422 5812 De
1447 5757 1769 5828 praiscriph,
1823 5757 1915 5814 ubi
1950 5759 2071 5815 fuse

507 5825 807 5898 admodum
849 5831 1089 5884 ostendit
1145 5844 1308 5898 quam
1364 5825 1556 5883 sedulo
1597 5825 1830 5898 apostoli
1883 5830 2072 5885 titulos

511 5897 896 5954 honoratiores
922 5897 1182 5966 vitarent,
1212 5899 1427 5967 sibique
1458 5913 1598 5968 wgre
1638 5897 1704 5954 ac
1734 5915 1873 5969 pene
1907 5899 2067 5956 inviti

2168 4704 2298 4762 Beat
2327 4707 2404 4776 (et
2434 4715 2496 4761 ut
2543 4716 2868 4776 argumento
2900 4713 3088 4776 utatur
3130 4705 3199 4759 ad
3247 4704 3590 4776 probandum
3636 4719 3750 4776 non

2169 4773 2387 4832 habitas
2417 4777 2518 4831 has
2547 4773 2809 4846 epistolas
2841 4784 2900 4829 ut
2942 4775 3010 4846 de
3041 4774 3285 4839 Canone)
3319 4773 3474 4846 quod?
3499 4789 3608 4828 non
3630 4774 3750 4827 fue-

2169 4848 2282 4902 rint
2299 4847 2524 4902 reddiue
2552 4846 2607 4900 in
2629 4862 2937 4901 sermonem
2959 4845 3304 4899 diversarum
3333 4845 3573 4914 gentium
3592 4861 3607 4908 ;
3623 4859 3750 4897 cum

2169 4917 2327 4987 Angli
2377 4927 2458 4972 tot
2514 4917 2721 4987 linguis
2776 4916 3333 4987 repraesentaverint,
3387 4925 3523 4987 quot
3573 4915 3749 4987 ipsam

2171 4985 2400 5044 Joannis
2429 4985 2661 5057 primam
2697 4987 2983 5057 epistolam
3016 5001 3080 5040 ac
3111 4986 3354 5057 reliquos
3390 4985 3562 5039 libros
3600 4985 3749 5057 _Novi

2173 5055 2531 5114 Testameht'r.
2563 5058 2674 5112 Nec
2731 5055 2880 5110 enim
2934 5056 3014 5110 illi
3063 5071 3157 5111 eas
3199 5056 3420 5109 cudisse
3469 5055 3752 5109 versiones

2169 5131 2396 5200 putandi
2414 5128 2688 5200 suint,ised
2707 5143 2853 5200 quas
2891 5127 3132 5196 antiquis
3160 5125 3446 5200 c_odicibus
3474 5125 3750 5200 ac__eccle—

2169 5195 2409 5254 siasticis
2455 5199 2612 5253 libris
2665 5195 2798 5252 olim
2851 5195 3102 5252 exaratas
3130 5195 3499 5258 oll'endcrant,
3539 5197 3662 5249 illas
3690 5197 3746 5249 in

2171 5269 2491 5340 Polyglottis
2518 5269 2632 5340 suis
2667 5268 2859 5322 Bibliis
2909 5282 3177 5340 generoso
3220 5275 3423 5340 conatu
3469 5267 3746 5340 vulgasse.

2171 5339 2248 5393 De
2269 5334 2423 5396 Juda:
2450 5339 2701 5407 epistola,
2729 5354 2894 5408 quam
2915 5334 3009 5391 _ad
3035 5336 3459 5408 Judamrtrahit,
3511 5334 3604 5408 qui
3629 5334 3751 5408 sub

2171 5409 2412 5464 Adriano
2434 5406 2589 5472 vixit,
2621 5424 2726 5464 nec
2747 5406 2840 5463 vel
2872 5407 3156 5478 apostolus
3177 5407 3271 5478 vel
3291 5406 3601 5476 discipulus
3619 5407 3748 5478 Jesu

2171 5479 2299 5538 fuit.
2327 5479 2454 5534 alibi
2479 5480 2620 5534 forte
2648 5477 2992 5534 exercendus
3023 5477 3224 5548 stylus.
3245 5477 3437 5548 Longe
3475 5486 3627 5531 certe
3646 5477 3750 5532 hoc

2171 5566 2204 5605 a
2226 5550 2317 5618 pio
2336 5549 2580 5604 ﬁdelium
2612 5565 2799 5614 sensu,
2846 5565 2947 5604 nec
2977 5547 3088 5602 tam
3141 5547 3374 5618 veritate
3419 5561 3593 5618 quam,
3618 5564 3744 5618 προ-

2172 5615 2335 5687 λῆψει
2363 5619 2431 5673 ab
2465 5635 2532 5674 eo
2556 5620 2805 5684 dictum;
2850 5627 2906 5674 et
2940 5618 3088 5688 quod
3138 5617 3309 5688 frater
3339 5615 3548 5688 Jacobi,
3585 5617 3752 5684 idque

2172 5705 2348 5760 genus
2375 5689 2500 5750 alia,
2522 5689 2810 5744 subdititia
2841 5687 3178 5760 contendit,_
3205 5687 3365 5757 plane
3391 5687 3542 5741 dictu
3578 5697 3753 5740 teme-

2173 5758 2380 5816 rarium
2411 5761 2512 5824 sit;
2556 5775 2682 5815 cum
2740 5761 2829 5830 pla
2871 5760 2930 5825 ii,
2966 5759 3116 5828 quod
3167 5758 3224 5811 in
3287 5773 3346 5813 re
3395 5765 3504 5810 tam
3556 5765 3750 5810 sancta

2173 5831 2524 5885 commissum
2549 5839 2715 5885 esset.
2749 5775 2885 5885 nuﬁi
2914 5828 3098 5885 idonei
3129 5835 3300 5884 testes
3358 5826 3590 5885 produci
3625 5840 3750 5885 uos-

2172 5831 2524 5910 eommissum
2549 5839 2715 5897 esset,
2742 5826 2885 5886 nulli
2914 5826 3098 5886 idenei
3129 5835 3300 5884 testes
3358 5826 3590 5900 produci
3625 5840 3752 5896 pos-

2174 5909 2304 5957 Sim.
