4094 6410
295 329 389 392 129

1006 319 1290 382 ORATIO
1321 319 1452 383 VII.
1479 343 1547 356 -
1572 318 1656 379 IN
1697 319 2006 381 LAUDEM
2046 321 2108 381 S.
2145 318 2430 382 ΤΗΟΜᾹΞ
2466 321 2852 385 APOSTOLI.

3431 313 3532 377 130

291 448 500 514 τώτερος
520 435 573 491 δὲ
607 435 828 490 πάντων
853 433 1056 505 μᾶλλον
1091 437 1120 489 ό
1171 435 1312 506 ὑπὲρ
1357 433 1467 488 τῶν
1519 433 1832 487 ἀποστόλων

1949 443 2119 492 tutem
2146 435 2308 506 longe
2339 435 2602 492 omnibus
2641 436 2990 503 laudabilior,
3019 435 3115 507 qui
3147 435 3525 507 apostolorum

293 538 394 598 1-03;
424 531 580 597 ἀξίοις
608 524 958 598 ἐγγινόμενος
982 544 996 558 ·
1055 527 1154 580 καὶ
1184 527 1428 596 τοσούτῳ
1490 525 1676 590 πλέον,
1729 526 1841 596 ὅτῳ

294 627 376 683 καὶ
408 621 550 679 αὐτοὶ
579 619 798 674 πάντων
836 618 947 672 τῶν
974 619 1168 687 ἁγίων,
1216 621 1502 688 ἁγιότητος
1569 617 1841 688 ὑπερϐολῇ

289 713 727 788 ἀκραιφνέστερον
753 710 833 781 τῷ
863 711 1150 781 ὑπεραγίῳ
1187 710 1652 781 προσῳκείωνται.
1683 709 1837 762 Ἐπι-

288 809 589 876 ποθήσωμεν
619 803 802 856 τοίνυν
824 801 952 865 τοὺς
989 801 1098 856 τῶν
1127 799 1297 869 ἀγίων
1316 799 1707 868 ἀξιοποθήτους
1736 815 1830 868 χο-

285 901 418 972 ροὺς,
458 897 548 950 καὶ
585 893 794 949 τούτων
843 892 1101 962 μάλιστα,
1155 892 1247 945 τὸν
1314 889 1838 964 ὑπεραναὸεϐηκότα

281 992 395 1052 τοὺς
426 987 574 1048 ὅλους
596 987 664 1055 τῇ
701 984 985 1054 θεοειδείᾳ,
1029 985 1120 1038 καί
1143 983 1384 1053 συνεχῶς
1415 984 1496 1054 τῷ
1529 983 1840 1051 ὑπερουσίῳ

283 1078 703 1152 συνῳκειωμένον
734 1094 749 1110 ο
793 1077 893 1148 τὴν
922 1079 1205 1148 ὑπερφερῆ
1246 1078 1392 1146 λέγω
1452 1075 1842 1146 ἀξιεραστοτά-

284 1193 373 1245 την
396 1171 498 1225 τῶν
524 1169 748 1241 ὑψηλῶν
769 1170 1086 1224 ἀποστόλων
1111 1168 1411 1223 δωδεκάδα.

1942 530 2140 598 gratia,
2165 543 2359 583 eorum
2386 529 2482 599 qui
2512 539 2642 584 sunt
2669 529 2820 601 digni
2854 529 3068 586 animos
3107 529 3370 596 incessit;
3399 538 3525 584 tan-

1942 627 2108 688 toque
2130 619 2386 690 amplius,
2413 629 2622 690 quanto
2652 629 2709 676 et
2743 621 2821 676 illi
2850 621 3178 676 excellentia
3193 621 3524 687 sanctitatis,

1940 709 2290 765 sanctitatem
2310 726 2532 766 omnem
2542 711 2810 776 vincenti,
2825 713 3030 768 sanctis
3051 712 3310 767 omnibus
3332 713 3528 782 purius

1939 801 2237 872 veriusque
2269 802 2675 859 necessitudine
2709 803 2990 876 conjuncti
3017 813 3166 860 sunt.
3190 803 3391 859 Amore
3419 803 3528 874 igi-

1943 901 2034 946 tur
2069 901 2126 948 et
2159 892 2459 962 desiderio,
2500 895 2696 968 dignos
2723 911 2854 952 vere
2877 897 2973 967 qui
3006 905 3262 952 amentur
3294 910 3359 950 ac
3383 893 3530 951 desi-

1943 982 2102 1038 derio
2132 985 2461 1056 habeantur,
2493 998 2808 1044 sanctorum
2835 988 3035 1044 choros
3074 1001 3476 1059 prosequamur
3504 1001 3524 1040 :

1944 1076 2190 1131 omnium
2245 1089 2430 1136 autem
2487 1081 2742 1146 maxime,
2793 1080 2889 1150 qui
2929 1079 3117 1135 divina
3163 1077 3528 1135 similitudine

1946 1181 2140 1223 omnes
2204 1171 2490 1240 praecellit,
2547 1174 2923 1243 continuoque
2963 1171 3252 1228 excedenti
3306 1184 3528 1224 omnem

290 1263 625 1320 substantiam
686 1261 928 1316 cohaeret
988 1275 1054 1317 ac
1111 1260 1523 1316 necessitudine
1555 1253 2040 1329 coniunctissimus
2102 1269 2226 1330 est;
2267 1263 2531 1320 eximium
2571 1264 2698 1320 dico
2743 1264 3020 1336 digneque
3071 1261 3528 1318 amabilissimum

291 1359 584 1415 sublimium
611 1355 1016 1413 duodenarium
1043 1356 1422 1426 apostolorum
1447 1363 1675 1411 emtum.

351 1455 545 1524 Ταύτην
564 1452 1015 1524 ὲπιποθήσωμεν,
1053 1451 1260 1523 ταύτην
1294 1451 1630 1522 ζηλώσωμεν
1663 1467 1680 1483 ο
1735 1447 1838 1503 καὶ

289 1549 368 1604 διὰ
392 1548 665 1617 μιμήσεως
702 1544 805 1614 τῆς
843 1547 976 1615 ἡμῖν
1025 1544 1276 1614 ἐφικτῆς,
1324 1543 1528 1614 ταύτης
1583 1541 1839 1611 γενέσθαι

2015 1450 2179 1508 Hunc
2215 1452 2620 1520 desideremus,
2669 1452 2821 1509 hunc
2851 1450 3225 1516 aemulemur;
3248 1464 3314 1505 ac
3343 1449 3528 1504 imita-

1945 1544 2104 1600 tione»
2129 1548 2354 1615 (quanta
2381 1561 2480 1615 per
2503 1546 2820 1602 facultatem
2849 1544 3000 1616 licet)
3038 1543 3187 1599 illius
3218 1543 3353 1598 socii
3385 1542 3526 1598 eflici

295 1640 658 1707 σπουδάσωμεν
710 1637 982 1692 κοινωνοί.
1043 1635 1202 1690 Οὕτω
1269 1635 1380 1707 γὰρ
1411 1636 1479 1689 δι’
1505 1634 1706 1698 αὐτῶν,
1754 1631 1834 1702 τῷ

1949 1641 2281 1696 studeamus.
2308 1638 2401 1693 Sic
2419 1639 2566 1694 enim
2597 1655 2698 1709 per
2725 1639 2867 1705 illos,
2893 1651 3153 1708 supremo
3193 1635 3528 1692 desiderabi-

294 1733 546 1804 ἀκροτάτῳ
579 1729 688 1783 τῶν
726 1728 959 1798 ἐφετῶν,
1005 1728 1084 1800 τῷ
1121 1729 1585 1798 ἐγκατῳκισμένῳ
1623 1725 1836 1788 τούτοις

291 1825 553 1895 ἐγγιοῦμεν
597 1821 820 1894 Χριστῷ
862 1837 878 1853 ο
921 1820 1182 1892 μακάριοί
1231 1837 1292 1873 τε
1329 1819 1408 1891 τῷ
1453 1818 1567 1872 ὄντι
1608 1817 1749 1872 κατά
1776 1815 1838 1869 τὸ

292 1918 421 1989 ἱερὸν
461 1911 698 1984 ἐσόμεθα
737 1912 940 1981 λόγιον,
986 1910 1322 1982 πληροῦντες
1380 1910 1480 1978 τὴν
1537 1907 1838 1978 ἐπιθυμίαν

292 2009 435 2080 ἡμῶν
456 2008 510 2074 ἐξ
539 2005 744 2069 αὐτῶν,
767 2005 864 2058 καὶ
894 2003 970 2075 μὴ
999 2003 1406 2074 αἰσχυνόμενοι,
1439 2000 1578 2072 ἡνίκ’
1613 1999 1680 2054 ἂν
1702 1999 1840 2071 πρὸς

295 2103 402 2163 ταῖς
426 2099 511 2152 τοῦ
539 2098 656 2168 βίου
687 2097 884 2160 πύλαις
912 2098 1197 2166 γενόμενοι
1216 2137 1230 2160 ,
1265 2098 1378 2158 τοῖς
1425 2095 1634 2148 ἑαυτῶν
1683 2097 1838 2149 ἀντι-

303 2192 519 2262 ϐολῶμεν
539 2191 648 2261 (21)
687 2190 926 2262 ἐχθροῖς.
967 2189 1128 2243 Ἀλλά
1161 2189 1237 2261 μὴ
1280 2189 1530 2260 ἄκαρπόν
1563 2203 1686 2242 τινα
1744 2185 1842 2240 καὶ

307 2283 452 2354 ψιλὴν
477 2283 650 2352 ἔφεσιν
667 2282 797 2352 πρὸς
824 2281 1024 2344 αὐτοὺς
1047 2278 1486 2349 ἐπαγγελώμεθα
1509 2295 1525 2311 ο
1549 2279 1746 2349 ἐνεργῆ
1784 2277 1841 2330 δέ

309 2378 392 2427 καὶ
415 2375 707 2444 ἔμπρακτον
741 2373 1125 2443 εἰσφέρωμεν·
1173 2372 1271 2425 καὶ
1325 2370 1426 2442 βίῳ
1483 2371 1581 2441 μέν
1628 2370 1840 2441 τελείῳ,

304 2464 392 2533 τὴν
415 2462 758 2532 τρανεστέραν
815 2463 1110 2532 ὁμοίωσιν,
1157 2463 1232 2526 ὡς
1280 2461 1528 2527 δυνατὸν,
1585 2462 1845 2533 ἀφοσιού-

300 2569 466 2623 μενοιο
519 2552 663 2624 λόγῳ
713 2553 810 2618 δὲ,
859 2551 960 2621 τὴν
1003 2552 1355 2624 καθήκουσαν
1399 2551 1610 2608 αῐνεσιν
1658 2555 1843 2617 αὐτοῖς

293 2646 678 2717 ἀφιερούμενοι,
709 2646 777 2700 δι’
809 2648 1013 2717 ἀμφοῖν
1063 2646 1156 2701 τὸν
1203 2647 1262 2701 ἐν
1289 2647 1474 2710 αὐτοῖς
1528 2647 1845 2718 ἀγιάζωμεν

292 2736 686 2806 ἐνδοξαζόμενον
723 2735 877 2790 Θεόν.

356 2828 494 2881 Ἐστι
523 2827 632 2897 μὲν
660 2821 755 2881 οὖν
780 2829 969 2897 ὥσπερ
996 2821 1076 2890 εἷς
1099 2827 1302 2898 ὁμοίως
1343 2828 1453 2883 τῶν
1484 2827 1693 2882 δώδεκα
1734 2827 1847 2880 Πα-

293 2922 380 2993 τὴρ
401 2925 426 2975 ό
455 2922 610 2989 Θεὸς,
645 2922 966 2986 διδάσκαλός
995 2939 1056 2975 τε
1095 2924 1190 2977 καὶ
1219 2922 1422 2994 Κύριος
1467 2923 1563 2976 καὶ
1600 2922 1846 2992 καθηγη-

293 3015 372 3085 τὴς
394 3018 418 3068 ό
444 3015 715 3086 Χριστός·
747 3015 847 3085 μία
879 3031 938 3068 τε
967 3017 1150 3078 πίστις
1174 3016 1268 3069 καὶ
1295 3016 1454 3086 χάρις
1489 3015 1582 3068 καὶ
1619 3014 1845 3084 δύναμις
1872 2997 1916 3060 C

287 3106 366 3159 τοῦ
395 3105 740 3176 [Ινεύματοςο
786 3106 821 3176 ἥ
865 3123 924 3159 τε
968 3107 1211 3160 διακονία
1250 3108 1350 3178 τῆς
1377 3106 1716 3177 ἀποστολῆς,
1751 3106 1848 3160 καὶ

285 3197 466 3268 ἀμοιϐὴ
491 3198 547 3250 δὲ
572 3198 689 3250 τῶν
716 3198 895 3268 γερῶν
919 3199 952 3268 ἡ
979 3198 1139 3268 αὑτὴ,
1160 3199 1303 3252 οὕτω
1329 3201 1424 3253 καί⁵
1457 3200 1677 3263 ἔπαινος
1703 3202 1732 3252 ό
1757 3198 1850 3252 αύ-

282 3289 363 3351 τὸς
387 3289 489 3343 τῶν
523 3289 794 3360 μαθητῶν
819 3289 1075 3344 ἁπάντων
1098 3290 1264 3344 ἐστίν.
1285 3291 1424 3344 Ἀλλ’
1451 3292 1526 3355 ὡς
1551 3292 1671 3344 κατ’
1692 3291 1850 3346 ἄλλον

278 3380 465 3449 τρόπον
493 3380 598 3452 τὴν
649 3381 757 3433 ἀπὸ
788 3380 883 3434 τοῦ
929 3379 1181 3453 σώματος
1235 3382 1336 3452 μὲν
1381 3382 1668 3452 ἐκδημίαν,
1714 3383 1852 3455 πρὸς

280 3470 473 3540 Κύριον
516 3470 578 3524 δέ
627 3471 1015 3542 πεποιημένων
1059 3473 1340 3543 ἐνδημίαν,
1372 3473 1685 3540 ἀναγκαίως
1716 3472 1851 3526 ἐκα-

281 3580 381 3632 στῳ
410 3564 502 3617 καὶ
534 3566 570 3636 ή
603 3563 1164 3634 αῐνεσιςίδιοτρόπως
1189 3565 1522 3618 ἀποδίδοται.
1803 3585 1809 3590 '

342 3657 434 3720 Τίς
457 3652 553 3710 οὖν
593 3655 693 3709 τὸν
722 3657 868 3727 ἱερὸν
902 3655 1158 3724 σύλλογον
1181 3656 1370 3710 τοῦτον
1397 3656 1431 3727 ἢ
1463 3655 1650 3711 θίασον
1684 3655 1854 3724 σήμε-

276 3764 364 3818 ρον
391 3749 666 3802 συνιστῶν
687 3787 702 3814 ,
733 3747 828 3801 καὶ
860 3748 1171 3818 προθυμίας
1195 3746 1558 3819 ἀναπιμπλῶν
1575 3786 1590 3812 ,
1616 3747 1709 3800 καὶ
1734 3746 1857 3816 ἠδο-

274 3843 366 3911 νῆς
419 3841 768 3911 θαυμασίας,
818 3841 912 3894 καὶ
971 3840 1325 3911 φαιδρότητπ
1381 3840 1480 3905 τὰς
1529 3839 1856 3909 Ἐκκλησίας

274 3933 625 4005 ἀναπληρῶν,
662 3931 757 3986 καὶ
805 3931 942 4004 πρὸς
984 3932 1290 4001 δοξολογίαν
1329 3933 1478 3987 θείαν
1519 3933 1856 4002 συναγείρων

274 4026 364 4078 καὶ
387 4024 712 4097 συγκροτῶν
729 4042 746 4092 ;
765 4025 838 4077 Ἢ
856 4025 992 4077 πᾶσι
1022 4025 1337 4096 καταφανὴς
1361 4028 1395 4096 ἡ
1426 4026 1578 4080 αίτία
1607 4025 1707 4096 τῆς
1733 4027 1857 4097 ἐορ-

277 4117 402 4186 τῆςς
432 4118 645 4188 Θωμᾶς
671 4117 780 4188 γὰρ
819 4117 850 4171 ὁ
880 4117 1054 4188 μέγας
1085 4116 1178 4171 τοῦ
1210 4117 1542 4187 Εύαγγελίου
1571 4117 1854 4188 λαμπτὴρ,

275 4209 330 4262 οὑ
355 4211 492 4282 πρὸς
519 4209 781 4278 αἴσθησιν
811 4209 1149 4282 σωματικὴν,
1175 4209 1311 4264 ἀλλά
1339 4211 1530 4283 νοεράν
1557 4210 1858 4281 ἐξανίσχων

1935 1729 2094 1797 lium,
2129 1731 2186 1786 in
2221 1732 2304 1786 eis
2331 1731 2603 1786 habitanti
2651 1730 2895 1797 Christo,
2939 1744 3111 1801 prope
3157 1729 3524 1794 accedemus;

1934 1829 2002 1871 ac
2052 1816 2202 1872 beati
2244 1817 2428 1888 reipsa
2483 1818 2587 1890 (uti
2647 1833 2865 1874 sacrum
2911 1816 3171 1886 perhibet
3217 1816 3526 1886 eloquium)

1939 1910 2174 1976 erimus,
2225 1912 2323 1981 qui
2373 1911 2700 1982 impleamus
2755 1909 3096 1966 desiderium
3154 1917 3403 1963 nostrum
3459 1922 3530 1961 ex

1939 1998 2094 2070 ipsis,
2124 2017 2229 2056 nec
2257 2002 2431 2057 simus
2473 2002 2870 2069 confundondi,
2903 2015 3028 2056 cum
3077 2001 3134 2054 in
3177 2001 3305 2055 vitae
3353 1999 3530 2069 portis

1939 2095 2269 2162 constituti,
2319 2096 2562 2153 inimicis
2610 2098 2818 2152 nostris
2857 2111 3217 2152 occurremus
3246 2095 3314 2150 ⁸⁸.
3371 2092 3527 2147 Haud

1939 2188 2224 2243 enimvero
2265 2188 2672 2245 infructuosum
2717 2189 2994 2260 quoddam
3027 2204 3092 2243 ac
3135 2187 3369 2258 simplex
3399 2201 3528 2256 erga

1941 2277 2065 2334 illos
2091 2279 2428 2335 desiderium
2455 2295 2811 2351 amoremque
2847 2280 3229 2351 profiteamur,
3252 2277 3348 2333 sed
3379 2276 3528 2347 quod

1941 2369 2132 2426 efﬁcax
2158 2387 2464 2442 verumque
2491 2372 2745 2436 exsistat,
2793 2371 2848 2426 in
2879 2385 2993 2424 rem
3024 2369 3374 2425 conferamus
3416 2386 3428 2420 :
3461 2382 3529 2421 ac

1941 2463 2069 2520 vita:
2088 2465 2312 2535 quidem
2337 2464 2700 2536 perfectione,
2738 2463 3108 2534 limpidiorem
3141 2460 3344 2532 (quoad
3378 2459 3528 2527 licet)

1945 2555 2363 2612 similitudinem
2387 2555 2744 2619 exhibentes;
2781 2554 3032 2609 doctrina
3057 2567 3191 2608 vero
3217 2559 3382 2621 atque
3414 2563 3533 2604 ser-

1943 2662 2109 2702 mone
2142 2647 2362 2703 laudem
2395 2647 2480 2703 eis
2523 2661 2826 2718 congruam
2863 2646 3259 2716 depangentes,
3295 2652 3532 2712 utroque

1943 2739 2040 2809 qui
2063 2739 2120 2794 in
2152 2739 2264 2794 illis
2288 2739 2686 2804 sanctificatur,
2719 2738 2890 2793 Deum
2924 2735 3356 2792 sanctificemus.

2015 2845 2110 2900 Est
2134 2844 2299 2915 igitur
2316 2843 2803 2915 ,quemadmodum
2826 2858 2969 2898 unus
3004 2843 3213 2913 pariter
3237 2840 3533 2897 duodecim

1945 2936 2106 2992 Pater
2135 2937 2301 3001 Deus,
2329 2936 2692 3006 magisterque
2719 2942 2777 2990 et
2827 2935 3085 2989 dominus
3114 2943 3278 3004 atque
3325 2947 3536 3002 praece-

1949 3039 2095 3100 ptor,
2113 3028 2367 3084 Christus
2398 3043 2539 3095 ;una
2557 3042 2776 3097 quoque
2811 3027 2946 3082 ﬁdes
2972 3036 3028 3082 et
3050 3027 3219 3097 gratia
3245 3025 3536 3093 virtusque

1934 3120 2187 3191 'Spiritus
2219 3163 2234 3188 ,
2267 3119 2662 3190 apostolicique
2695 3119 2940 3174 muneris
2965 3118 3195 3184 functio,
3232 3133 3296 3172 ac
3342 3116 3535 3172 eadem

1948 3209 2299 3280 prtemiorum
2317 3206 2626 3272 retributio,
2648 3207 2728 3262 sic
2746 3214 2802 3262 et
2826 3205 3017 3261 eadem
3041 3206 3160 3260 laus
3188 3203 3433 3260 omnium
3453 3202 3537 3258 tli-

1951 3303 2285 3372 scipulorum
2315 3299 2529 3355 exsistit
2559 3317 2572 3353 :
2605 3297 2752 3368 quod
2780 3292 2960 3352 tamen
2981 3297 3086 3352 alia
3115 3297 3332 3367 aliaque
3370 3295 3540 3349 ratio-

1950 3408 2022 3449 ne
2049 3392 2368 3464 emigrarint
2399 3407 2430 3446 e
2446 3405 2679 3462 corpore
2703 3397 2760 3444 et
2781 3389 2848 3444 ad
2887 3389 3178 3444 Dominum
3202 3388 3538 3458 commigra-

1952 3485 2096 3550 rint,
2119 3483 2430 3540 necessario
2451 3497 2672 3553 quoque
2690 3481 2915 3553 propria
2943 3481 3143 3552 cuique
3165 3481 3290 3536 laus
3327 3479 3541 3534 ratione

1954 3577 2316 3648 dependitur.

2062 3681 2325 3749 Quisnam
2353 3681 2522 3753 igitur
2550 3688 2634 3736 est
2654 3679 2749 3750 qui
2774 3693 2992 3734 sacrum
3023 3677 3173 3732 hunc
3202 3685 3540 3732 conventum

1955 3786 2055 3826 seu
2087 3771 2317 3827 chorum
2347 3770 2614 3826 hodierna
2643 3770 2732 3825 die
2752 3767 3070 3833 constituit,
3095 3767 3394 3836 impletque
3421 3767 3540 3820 ala-

1955 3865 2153 3920 critate
2182 3905 2198 3930 ,
2236 3879 2302 3919 ac
2335 3864 2475 3918 mira
2497 3863 2777 3932 voluptate
2798 3877 2862 3915 ac
2879 3859 3228 3930 iucunditate
3263 3858 3541 3914 Ecclesias

1961 3956 2168 4026 ubique
2196 3955 2362 4009 afﬁcit
2391 3993 2406 4019 ,
2428 3961 2591 4023 atque
2618 3952 2685 4007 ad
2714 3952 2810 4008 Dei
2850 3952 3040 4006 laudes
3068 3949 3544 4007 concelebrandas

1936 4054 2252 4119 congregat
2275 4054 2558 4115 ctetusque
2591 4045 2784 4116 cogit?
2810 4043 2951 4099 Num
2999 4043 3216 4099 cunctis
3251 4041 3543 4097 manifesta

1957 4143 2085 4200 festi
2102 4143 2241 4197 ratio
2259 4157 2324 4196 ac
2338 4156 2500 4196 causa
2521 4139 2764 4210 ?Nempe
2789 4139 3028 4194 Thomas
3047 4153 3240 4208 magna
3257 4137 3347 4193 illa
3364 4137 3545 4192 Evan-

1959 4235 2213 4311 geliifax,
2234 4249 2344 4289 non
2363 4234 2664 4304 corporalis
2687 4247 2880 4287 sensus
2910 4231 3145 4291 ratione.
3165 4231 3263 4287 sed
3309 4231 3544 4301 spirita-

276 4305 420 4373 ἡμῖν,
453 4307 552 4360 καὶ
579 4305 908 4376 φανωτάτας
934 4304 1032 4376 τῆς
1060 4304 1225 4360 αὐτοῦ
1258 4307 1476 4378 μνήμης
1503 4307 1602 4371 τάς
1639 4324 1851 4378 μαρμα-

1961 4329 2030 4384 lis
2058 4306 2366 4397 mentisque
2382 4326 2594 4398 fulgure
2624 4325 2786 4381 nobis
2818 4324 3071 4380 exoriens
3101 4365 3115 4388 ,
3137 4321 3545 4380 lucidissimos—

281 4398 440 4467 ρυγάς
469 4400 664 4464 ἐνιεὶς,
695 4397 833 4468 πρὸς
860 4398 963 4468 τὴν
998 4399 1208 4454 οίκείαν
1237 4399 1496 4468 συγκαλεί
1522 4398 1702 4464 δόξαν.
1736 4399 1858 4452 Θω-

282 4493 375 4559 μᾶς
409 4495 437 4546 ὁ
465 4492 656 4563 τίμυος
704 4491 872 4557 λίθος,
901 4491 997 4546 καὶ
1029 4491 1226 4554 σεπτὺς
1258 4491 1353 4546 καὶ
1395 4491 1648 4555 ἐκλεκτός
1665 4506 1686 4536 ’κ
1721 4493 1751 4544 ό
1781 4489 1861 4561 τῷ

278 4583 524 4653 στεφάνῳ
554 4583 658 4652 τῆς
682 4582 844 4653 δόξης
872 4583 950 4653 τῷ
976 4585 1044 4655 τῇ
1071 4584 1382 4654 ἐπουρανίῳ
1416 4584 1676 4638 πλακέντι
1698 4582 1858 4648 Σιὼν,

277 4675 403 4742 πρὸς
445 4678 565 4738 τοῖς
616 4674 812 4728 ἕνδεκα
855 4677 1264 4746 συνηρτημένος
1295 4691 1310 4706 ⁸
1366 4677 1395 4729 ό
1447 4677 1794 4748 μαργαρίτης
1833 4678 1862 4730 ὁ

275 4765 610 4837 ὸλολαμπής.
631 4765 688 4817 Ὀ
709 4765 935 4836 γνώμης
962 4767 1248 4837 ἁπλότητι,
1269 4769 1361 4822 καὶ
1385 4769 1502 4831 νοὸς
1528 4769 1860 4838 καθαρότητι

276 4858 360 4908 καὶ
383 4860 654 4928 φανότητι
681 4857 804 4912 ὅλον
835 4859 896 4912 τὸ
925 4859 1132 4913 ἀπλοῦν
1161 4861 1276 4930 φῶς
1307 4863 1402 4915 καί⁵
1431 4861 1722 4932 θεαρχικὸν
1749 4863 1864 4915 είσ-

274 4948 595 5020 δεδεγμένος
619 4991 635 5016 ,
672 4951 766 5004 καὶ
795 4952 1235 5022 μεγαλοπρεπεῖς
1265 4951 1358 5023 ἀφ’
1386 4953 1580 5007 ἑαυτοῦ
1609 4957 1720 5018 τοῖς
1747 4953 1865 5018 ἐξο-

276 5044 548 5110 φωμένοις
579 5043 759 5096 ἔθνεσι
783 5043 886 5106 τὰς
915 5045 1344 5110 ἀντανακλάσεις
1382 5046 1728 5116 ἀποπέμπων
1753 5045 1863 5102 τῶν

275 5136 599 5206 φωτισμῶν.
633 5135 857 5205 Θωμᾶς,
888 5137 918 5189 ό
960 5137 1056 5190 καὶ
1099 5136 1360 5208 Δίδυμος⁸
1394 5136 1556 5192 τοῦτο
1602 5137 1714 5208 γὰρ
1767 5135 1861 5192 τοῦ

343 5293 388 5325 ⁸⁸
438 5295 593 5351 Psal.
633 5311 813 5359 cxxvr,
845 5295 899 5350 5.

363 5409 456 5483 2i)
493 5410 951 5483 Ἀκτιϐολῶμεν.
995 5411 1176 5483 Malim
1222 5411 1623 5483 ἀντισαλῶμεν,
1657 5413 1860 5483 vixque
1891 5463 1898 5466 _

281 5476 530 5552 dubitem
557 5476 1012 5535 Nicetam'aliter
1039 5481 1349 5552 scripsisse,
1399 5476 1676 5551 qui'totus
1727 5476 1864 5539 al'lu-

281 5548 369 5625 dat
394 5551 462 5604 ad
491 5551 676 5604 locum
701 5552 894 5620 psalmi
915 5567 1074 5625 cxxvt
1105 5548 1174 5606 de
1219 5548 1458 5625 judicio
1481 5554 1537 5607 in
1564 5564 1721 5625 porta
1755 5555 1865 5609 He-

280 5618 555 5693 braeorum
590 5618 761 5685 more,
781 5622 928 5690 quod
963 5631 1156 5676 auctor
1182 5618 1251 5678 ad
1288 5618 1581 5693 judicium'
1611 5626 1777 5680 trahit
1811 5625 1864 5678 in

279 5689 425 5744 exitu
449 5691 584 5763 vita:
613 5701 777 5763 atque
800 5689 1058 5763 excessu,
1102 5709 1228 5746 cutn
1263 5689 1459 5748 beatus
1495 5710 1710 5759 revera,
1767 5695 1863 5763 qui

282 5772 386 5814 non
413 5761 814 5828 confundetur,
845 5777 970 5816 cum
1003 5762 1258 5832 loquetur
1292 5763 1569 5833 inimicis;
1595 5780 1722 5821 cum
1747 5761 1827 5820 sci

1957 4432 2064 4489 que
2092 4432 2205 4472 suae
2233 4415 2512 4472 memoriae
2533 4415 2766 4470 micatus
2794 4415 3020 4470 vibrans
3051 4454 3068 4479 ,
3098 4414 3168 4470 ad
3198 4415 3374 4485 ipsius
3399 4429 3542 4472 con-

1958 4517 2118 4564 vocat
2150 4506 2534 4564 celebrandam
2561 4507 2812 4578 gloriam.
2837 4507 3078 4562 Thomas
3109 4507 3372 4561 nimirum
3414 4522 3543 4578 pre-

1960 4599 2137 4655 tiosus
2166 4599 2306 4668 lapis
2332 4614 2398 4654 ac
2421 4597 2752 4654 venerabilis
2778 4599 3097 4668 electusque
3123 4639 3139 4665 ,
3178 4613 3396 4655 corona:
3426 4601 3547 4670 glo-

1960 4691 2057 4746 riae
2082 4691 2292 4746 ctelesti
2312 4691 2484 4760 plexze
2509 4690 2660 4746 Sioni
2693 4733 2709 4757 ,
2734 4690 2993 4746 undecim
3027 4691 3321 4762 adjunctus
3351 4692 3548 4761 imple-

1963 4796 2175 4851 xusque
2200 4789 2456 4837 catervae.
2477 4781 2765 4852 Margarita
2781 4781 2929 4836 omni
2958 4791 3114 4851 parte
3139 4781 3358 4836 lucidus
3389 4823 3404 4846 ,
3425 4784 3549 4836 ani-

1963 4873 2038 4926 mi
2066 4872 2413 4942 simplictiate
2444 4872 2756 4943 mentisque
2793 4873 3032 4943 puritate
3061 4888 3125 4928 ac
3151 4872 3548 4944 perspicuitate

1964 4971 2082 5016 toto
2119 4961 2240 5031 ipso
2259 4960 2494 5032 simplici
2523 4961 2824 5032 divinoque
2875 4961 3086 5017 lumine
3115 4962 3241 5016 sinu
3263 4974 3543 5032 suscepto,

1963 5051 2393 5123 magnificosque
2421 5067 2453 5106 a
2490 5066 2550 5108 se
2572 5054 2692 5121 ipso
2724 5051 2990 5108 obcaecati
3014 5053 3247 5124 caligine
3287 5054 3547 5124 gentibus

1965 5141 2394 5196 illustrationum
2421 5141 2661 5214 fulgores
2697 5142 2940 5199 refractu
2979 5143 3236 5200 emittens
3279 5143 3542 5212 Thomas,

1960 5413 2095 5469 licet
2117 5412 2498 5483 respondebit,
2533 5429 2598 5468 ac
2631 5415 2797 5469 verba
2825 5414 2999 5476 dabit,
3034 5411 3102 5469 lis
3153 5411 3544 5468 accusantibus

1964 5500 2030 5538 ac
2072 5485 2439 5555 daemonibus,
2473 5500 2574 5554 pro
2609 5485 2695 5539 his
2727 5501 2851 5555 qua:
2895 5485 3113 5555 illorum
3155 5483 3390 5538 maxime
3420 5498 3548 5553 sug-

1961 5554 2207 5634 gestione
2230 5553 2514 5623 peccavit;
2561 5555 2710 5634 quod
2746 5553 3195 5634 'estﬁvnﬁalezv
3222 5569 3235 5582 ο
3265 5569 3373 5634 non
3418 5567 3547 5608 cum

1962 5624 2073 5679 illis
2132 5636 2409 5688 occurret,
2458 5624 2605 5694 quod
2663 5624 2992 5687 ἀντιϐαλείν,
3027 5633 3083 5676 ιιι
3129 5625 3394 5680 remotius
3437 5635 3544 5689 est,

1962 5710 2058 5753 seu
2093 5695 2463 5762 contmunius,
2488 5711 2589 5751 nec
2618 5710 2942 5765 expressum
2978 5710 3006 5749 a
3037 5694 3263 5750 Davidc.
