4094 6430
508 330 608 397 131

1715 325 2008 386 NICETIE
2035 323 2560 386 PAPHLAGONIS

3645 317 3751 383 132

503 451 600 522 qul
621 455 681 504 et
706 445 989 520 Didymus.
1014 442 1139 502 llaec
1150 441 1296 500 enim
1334 441 1576 502 nominis
1595 441 1974 512 interpretatio
1995 449 2069 495 at-
2095 475 2105 503 Α

2202 441 2432 510 νόματος
2460 441 2492 510 ἡ
2521 438 2782 510 δήλωσις
2831 437 3063 509 Δίδυμος
3083 436 3146 492 δὲ
3175 435 3499 507 κεκλῆσθαι,
3539 435 3620 506 τῷ
3671 436 3753 506 μὴ

503 555 612 611 que
663 539 835 594 notio.
865 538 1041 596 Porro
1093 537 1356 608 Didymus
1415 534 1720 604 appellatus
1769 541 1854 588 est
1889 531 2071 602 ,quod

2173 533 2354 603 μόνον,
2391 531 2512 602 μεθ’
2545 532 2733 602 ἐτέρου
2781 529 2839 584 δὲ
2885 530 3075 594 τοῦτον
3116 532 3187 584 ἐκ
3218 530 3350 601 μιᾶς
3378 528 3754 600 ἁποτ-εχθῆναι

505 643 616 684 non
641 629 793 684 solus
819 626 950 694 ,scd
961 641 1092 686 cum
1117 627 1300 688 altero
1315 625 1514 695 illique
1539 622 1804 694 gemellus
1818 636 1928 678 uno
1943 636 2073 692 par—
2169 623 2427 694 γαστρός.

506 727 568 774 ιιι
587 717 776 774 editus
804 726 892 772 est
920 717 990 771 δι.

577 809 677 864 Hic
695 823 830 864 vero
852 808 910 864 in
935 817 1199 866 terrestre
1221 806 1422 864 omium
1449 803 1638 876 (aedem
1663 802 1878 859 scilicet
1899 802 2074 874 suam)

503 903 749 962 ﬁdelium
782 910 988 960 turmas
1023 902 1078 956 in
1110 901 1434 959 concionem
1462 913 1665 956 vocans
1697 937 1712 961 ,
1737 911 1946 966 suaque
1969 897 2076 950 mi...

511 995 699 1049 recula
728 1009 792 1050 ac
815 994 1082 1065 praeclara
1113 1000 1262 1064 gesta
1286 990 1518 1062 spiritali
1549 989 1800 1047 convivio
1819 989 2078 1058 lautaque

503 1084 822 1155 epulatione
860 1097 1142 1154 apponens
1171 1122 1186 1145 ,
1236 1095 1455 1136 omnem
1511 1079 1798 1150 magniﬁce
1844 1078 2080 1148 dapibus

509 1177 685 1231 reﬁcit
715 1190 780 1231 ac
809 1184 1023 1230 recreat
1069 1175 1312 1232 animum
1346 1187 1494 1228 :non
1552 1173 1648 1241 qui
1675 1186 1905 1241 corpore
1943 1185 2079 1225 con-

509 1269 795 1339 spiciatur,
822 1266 1031 1337 sedqui
1055 1266 1252 1340 spiritu
1281 1264 1556 1330 credatur;
1584 1279 1684 1320 nec
1704 1264 1799 1332 qui
1831 1278 1938 1320 uno
1958 1263 2081 1318 loco

510 1374 804 1431 corporum
855 1374 1006 1414 more
1055 1356 1563 1417 circumscribatur,
1623 1355 1720 1410 sed
1759 1355 1854 1424 qui
1902 1353 2082 1408 omni-

2243 792 2414 861 Οὗτος
2457 800 2646 868 ὡσπερ
2712 799 2792 862 εις
2852 797 3081 870 οὐρανὸν
3133 797 3377 867 ἐπίγειον
3429 797 3527 853 τὸν
3583 796 3757 852 αὐτοῦ

2173 891 2297 945 ναὸν
2325 891 2438 960 (22)
2469 888 2845 960 ἐκκλησιάζων
2891 890 2962 945 τὰ
3014 892 3338 962 συστήματα
3382 890 3491 944 τῶν
3522 891 3759 952 πιστῶν,

2175 986 2271 1040 καὶ
2305 985 2681 1055 πνευματικὴν
2714 983 3037 1042 πανδαισίαν
3061 984 3130 1037 τὰ
3154 985 3331 1038 οἰκεῖα
3369 982 3625 1055 Θαύματα
3654 983 3758 1037 καὶ

2175 1078 2574 1148 κατορθώματα
2606 1077 2900 1146 προτιθεὶς,
2937 1077 3118 1130 πᾶσαν
3146 1076 3302 1148 ἑστιᾷ
3340 1075 3638 1146 φιλοτίμως
3661 1075 3766 1130 καὶ

2177 1169 2514 1238 κατατέρπει
2558 1170 2771 1240 ψυχήνο
2824 1168 2888 1222 οὗ
2937 1167 3017 1239 τῷ
3069 1167 3285 1238 σώματι
3331 1166 3718 1239 καθορώμενος
3743 1205 3764 1231 ,

2178 1264 2314 1318 ἀλλὰ
2341 1264 2421 1332 τῷ
2450 1263 2726 1332 πνεύματι
2756 1261 3148 1332 πιστευόμενος
3170 1277 3188 1292 ·
3216 1261 3325 1314 οὐδ’
3355 1260 3435 1314 ἑνὶ
3465 1261 3617 1332 τόπῳ
3655 1277 3767 1313 πε-

2184 1357 2604 1429 ριγραφόμενος,
2623 1355 2700 1418 ὡς
2723 1353 2794 1408 τὰ
2816 1353 3043 1426 σώματα
3064 1372 3079 1388 ·
3109 1356 3231 1418 ταῖς
3251 1353 3564 1426 ἅπανταχοῦ
3583 1355 3640 1409 δὲ
3661 1354 3769 1426 τῆς

509 1454 616 1510 bus
671 1461 788 1510 toto
809 1451 943 1507 orbe
991 1449 1256 1508 Ecclesiis
1294 1449 1520 1520 (quippe
1551 1448 1773 1503 divinus
1827 1447 2078 1517 spiritus,

2202 1450 2506 1520 ιίκουμένης
2538 1447 2912 1517 Ἐκκλησίαις,
2958 1448 3054 1502 ἅτε
3100 1447 3319 1519 πνεῦμα
3357 1447 3434 1502 ὣν
3481 1447 3654 1512 θεῖον,
3683 1447 3772 1509 ὡς

513 1554 768 1613 tanquam
791 1559 869 1600 οε
895 1542 1007 1596 Deo
1033 1541 1240 1610 Spiritu
1264 1548 1430 1596 natus
1460 1544 1478 1610 )
1507 1539 1816 1609 spiritalem
1841 1539 2075 1611 gratiam

2202 1541 2459 1611 Ινεύματι
2485 1539 2620 1595 Θεοῦ
2647 1539 2947 1610 γεννηθεὶς,
2976 1540 3076 1610 τὴν
3107 1541 3303 1612 νοητὴν
3345 1539 3637 1610 ἡλιοϐολῶν
3664 1539 3772 1608 χά-

513 1629 675 1688 solari
725 1628 1106 1700 persplendeat
1158 1628 1385 1692 micatu,
1417 1627 1678 1696 omnique
1739 1626 2084 1699 iucunditate

2202 1650 2290 1694 ιιν.
2323 1633 2418 1686 καὶ
2450 1632 2630 1703 πάσης
2675 1631 2945 1702 Θυμηδίας
2983 1631 3243 1702 πληρῶν,
3279 1631 3376 1685 καὶ
3409 1630 3500 1684 διὰ
3523 1631 3625 1699 τῆς
3651 1628 3774 1682 τῶν

513 1722 824 1792 adimpleat;
862 1728 1029 1791 atque
1063 1735 1294 1790 operum
1325 1734 1554 1776 suorum
1585 1719 1760 1782 radio,
1791 1735 1889 1774 seu
1914 1719 2084 1774 clari-

2202 1725 2333 1781 .δίων
2373 1723 2555 1794 ἔργων
2591 1723 2922 1793 -ὲκλάμψεως
2973 1723 3008 1793 ἢ
3058 1723 3344 1794 ὑμνήσεως
3381 1721 3625 1789 δοξάζων
3667 1721 3773 1774 τὸν

513 1821 645 1876 tate,
669 1811 889 1866 Patrem
919 1808 1015 1879 qui
1058 1807 1115 1863 in
1152 1807 1308 1866 etelis
1329 1816 1436 1872 est,
1469 1806 1812 1878 gloriﬁcet".
1840 1807 2088 1878 Cumque

2202 1815 2410 1887 Πατέρα
2456 1817 2547 1872 τὸν
2587 1815 2646 1868 ὲν
2673 1818 2792 1878 τοῖς
2835 1815 3102 1886 οὐρανοῖς.
3139 1814 3248 1867 Καὶ
3275 1813 3322 1867 ei
3350 1812 3555 1886 περιὼν
3579 1812 3660 1865 ἐτι
3685 1810 3777 1880 τῷ

512 1903 696 1960 adhuc
713 1903 840 1957 vita:
858 1908 1138 1970 superstes
1163 1914 1226 1954 ac
1248 1899 1304 1954 in
1337 1913 1503 1954 carne
1537 1913 1702 1971 agens
1734 1939 1750 1965 ,
1780 1899 1927 1955 aliud
1947 1899 2090 1962 nihil

2202 1910 2293 1981 βιῳ
2315 1910 2410 1963 καὶ
2436 1907 2516 1978 τῷ
2541 1906 2770 1979 σαρκῑῳ,
2799 1909 2901 1962 οὐκ
2930 1907 3060 1962 ἄλλο
3084 1925 3138 1960 τι
3169 1906 3202 1978 ἢ
3234 1905 3392 1970 δόξαν
3405 1905 3472 1958 ιν
3497 1921 3558 1958 τε
3585 1903 3776 1971 λόγοις

515 2005 630 2051 tum
649 1993 852 2056 verbis,
879 2001 991 2046 tum
1013 1991 1275 2061 operibus
1297 2001 1606 2064 praestaret,
1634 2008 1797 2062 quam
1814 1993 1959 2064 quod
1984 1993 2088 2052 Pa-

2202 2003 2286 2056 καὶ
2320 2001 2504 2072 ἔργοις
2531 1997 2926 2070 κατειργάζετο
2969 1999 3050 2069 τῷ
3091 1999 3290 2070 Πατρὶ,
3335 1997 3519 2068 πολλῷ
3561 1994 3779 2067 ,μᾶλλον

515 2087 586 2141 tri
604 2085 920 2140 videretur:
951 2083 1154 2154 potiori
1184 2083 1342 2154 longe
1372 2083 1584 2138 ratione
1610 2085 2088 2154 corporesolutus,

2202 2092 2283 2147 τοῦ
2317 2091 2571 2163 σώματος
2585 2091 2909 2156 among,
2947 2091 3042 2146 καὶ
3071 2089 3148 2160 τῷ
3177 2089 3449 2160 πνεύματι
3471 2088 3592 2160 Θεῷ
3633 2104 3778 2155 συγ-

515 2196 581 2235 ac
606 2177 802 2248 spiritu
828 2177 940 2232 Deo
966 2183 1433 2245 contemperatus,
1455 2176 1607 2232 nullo
1631 2176 1791 2232 taedio
1819 2192 1883 2232 ac
1904 2177 2092 2240 labore

2202 2184 2436 2257 κραθεὶς,
2466 2183 2771 2253 ἀκαμάτως
2794 2201 2853 2237 τε
2884 2183 2976 2238 καὶ
3000 2183 3265 2254 ἀχρόνως.
3291 2177 3382 2235 οἷά
3407 2198 3492 2244 τις
3515 2181 3780 2251 οὐράνιος

517 2269 886 2338 temporisque
907 2267 1370 2334 momento,velut
1389 2267 1635 2339 quaedam
1661 2269 1910 2326 .coalestis
1938 2285 2093 2332 mens

2202 2275 2338 2342 νοῦς.
2369 2275 2468 2346 τὴν
2491 2276 2814 2344 οἰκουμένην
2836 2272 2993 2330 διιὼν
3009 2313 3024 2332 .
3059 2273 3156 2329 καὶ
3181 2272 3389 2329 ἄνωθεν
3415 2272 3628 2335 πάντας
3653 2269 3783 2338 ἅμα

516 2363 708 2416 orbem
739 2376 1065 2433 pervagans,
1125 2370 1464 2432 cunctosque
1522 2362 1686 2420 simul
1733 2378 1969 2432 superne
2006 2364 2095 2424 in-

2202 2368 2558 2436 καταθεωρῶν
2578 2367 2756 2439 οιπρὸς
2783 2365 3003 2424 ἔπαινόν
3022 2382 3083 2420 τε
3109 2364 3406 2430 καὶδόξαν,
3423 2363 3516 2418 διὰ
3540 2363 3642 2432 τῆς
3662 2360 3786 2413 τῶν

519 2462 701 2515 tuens,
722 2453 791 2508 ad
819 2453 918 2508 Dei
945 2451 1162 2507 laudem
1189 2467 1254 2507 ac
1273 2452 1504 2524 gloriam
1532 2468 1761 2523 operum
1782 2469 2010 2510 suorum
2031 2468 2096 2518 ac

2202 2463 2412 2520 οἰκείων
2454 2461 2633 2533 ἔργων
2688 2460 2786 2516 καὶ
2829 2458 3027 2516 παθῶν
3081 2459 3323 2530 μνήμης,
3379 2453 3784 2526 ἀναπτερῶσαι

513 2545 832 2614 passionum
861 2543 1149 2607 memoria,
1167 2541 1377 2597 alacres
1404 2541 1606 2598 reddit.
2191 2553 2357 2618 βιοῦ,
2453 2568 2459 2574 ί

625 2653 867 2712 Thomas
888 2653 1073 2723 itaque
1101 2661 1228 2707 ante
1252 2652 1441 2707 mundi
1469 2651 1942 2720 constitutionem,
1963 2667 2101 2708 con.-

520 2746 712 2802 formis
739 2743 961 2799 futurus
1009 2742 1263 2814 imaginis
1279 2741 1557 2814 Unigeniti
1592 2743 1844 2814 cogntus
1867 2758 1938 2799 ac
1955 2759 2102 2814 prat-

520 2838 848 2903 destinatus,
894 2835 1042 2907 quod
1067 2844 1282 2905 tempus
1307 2834 1668 2904 apparitionis
1716 2834 1904 2890 aderat
1925 2874 1941 2900 ,
1973 2835 2101 2904 qui-

524 2945 630 3000 que
657 2928 1017 3000 apostolicum
1061 2936 1312 2982 senatum
1360 2934 1548 2980 essent
1590 2925 1867 2995 impleturi
1905 2933 2102 2995 praesto

523 3021 762 3093 eligendi
791 3030 970 3085 erant,
1003 3019 1119 3090 ipse
1147 3018 1353 3089 pariter
1381 3033 1506 3072 cum
1532 3018 1761 3088 reliquis
1779 3017 1847 3073 ad
1880 3032 2100 3080 sacram

521 3107 670 3164 illam
693 3110 1033 3162 vocationem
1055 3105 1230 3161 evasit
1255 3122 1270 3160 :
1301 3115 1657 3175 vocatusque,
1683 3106 1824 3160 haud
1852 3106 2101 3178 segnium

524 3211 678 3252 more
704 3204 986 3270 vocantem
1004 3196 1226 3266 repulit;
1251 3204 1347 3250 aut
1366 3210 1492 3252 cum
1511 3195 1849 3258 obaudisset.
1882 3212 1947 3253 ac
1979 3208 2103 3256 tan—

525 3289 700 3360 tisper
728 3288 804 3343 illi
835 3287 1172 3353 adhaesisset;
1197 3287 1446 3342 velutilli
1479 3303 1714 3358 quorum
1755 3289 1970 3345 modica
2033 3304 2101 3346 ac

527 3389 730 3437 nutans
805 3379 962 3446 ﬁdes,
1016 3377 1365 3450 postmodum
1380 3376 1666 3434 abitretro
1691 3394 1757 3434 ac
1783 3379 1977 3450 pedem
2009 3394 2101 3435 re-

603 3520 834 3578 “Joan.
862 3536 953 3588 xx,
988 3521 1081 3576 24.
1159 3519 1205 3552 δ’
1233 3519 1276 3574 il
1299 3519 1429 3576 Cor.
1481 3536 1566 3587 ιιι,
1595 3520 1682 3576 17.

607 3662 732 3735 (22)-
756 3659 868 3735 Ter
893 3659 1081 3735 αῠζοῦ
1111 3660 1281 3735 ναόν.
1305 3660 1444 3735 Erat
1455 3659 1823 3735 _boc_Thoma:
1846 3661 2112 3733 templum

536 3733 592 3789 in
616 3728 626 3735 “
649 3728 873 3802 palatio,
909 3744 955 3802 _a
993 3729 1186 3802 Leone,
1203 3730 1386 3785 Basilii
1416 3729 1529 3802 ﬁlio
1570 3728 2112 3795 instauratum,‘cum

537 3797 793 3858 incendio
817 3797 1082 3854 fmdatum
1113 3799 1342 3865 fuisset;
1369 3816 1475 3870 qua
1500 3801 1569 3855 de
1595 3817 1654 3856 re
1692 3810 1872 3856 exstat
1912 3818 2023 3858 una
2057 3810 2115 3858 et

536 3871 859 3944 altera_ejus
879 3870 1080 3934 oratio,
1106 3885 1277 3944 quam?
1305 3886 1426 3925 meo
1455 3872 1596 3944 stylo
1625 3871 1858 3944 produxi
1880 3871 1950 3944 ad
1984 3875 2107 3944 ejus

537 3945 681 4000 diem
709 3941 932 4006 festum,
953 3956 1018 3995 ex
1040 3956 1142 4012 ms.
1173 3943 1439 4012 eminent.
1457 3941 1608 3996 card.
1627 3941 1914 4006 Mazarini,
1939 3941 2115 4012 inquo

535 4023 606 4092 e_t_
616 4015 736 4086 ejus
747 4019 931 4092 caput,
949 4011 1098 4092 quod
1121 4011 1261 4066 forte
1277 4011 1482 4066 Edessa
1497 4014 1819 4092 translatum
1832 4022 2000 4092 esset;
2017 4011 2113 4068 ubi

535 4081 665 4141 oliui
685 4081 959 4152 creditum
981 4082 1104 4152 ejus
1119 4097 1319 4151 corpus
1332 4097 1472 4149 esse,
1493 4098 1617 4136 cum
1639 4083 1780 4144 Indi.
1799 4083 1947 4152 apud
1972 4099 2114 4152 quos

537 4151 802 4281 {partyrio
821 4151 1047 4208 {unctus
1083 4161 1192 4217 est,
1208 4152 1511 4208 etiamnum
1535 4163 1810 4223 putentse
1831 4151 1967 4208 illud
1992 4151 2113 4208 ’ha-

575 4240 690 4281 ere.

575 4240 690 4281 ere.

607 4295 757 4364 Num,
772 4292 990 4348 Baronii
1006 4291 1170 4364 faciat
1197 4293 1331 4364 satis
1341 4295 1632 4364 expositio,
1661 4303 1720 4348 ut
1745 4309 1874 4364 pars
1890 4293 2113 4364 exuvia-

539 4381 664 4420 rum
697 4363 1027 4434 Thomaaex
1075 4362 1229 4416 India
1273 4363 1532 4417 Edessam
1561 4362 1844 4426 translata,
1896 4380 2023 4434 pars
2055 4363 2112 4434 in

539 4434 692 4489 India
720 4431 990 4493 manserit
1003 4471 1017 4492 .
1072 4447 1192 4500 qua?
1218 4441 1298 4486 tot
1331 4442 1479 4488 retro
1511 4435 1760 4498 sreculis,
1797 4431 1995 4488 iterum
2023 4433 2108 4488 af-

540 4505 788 4574 l‘ulgente
815 4501 1253 4574 Aillis____gentibus
1292 4517 1388 4571 per
1416 4503 1716 4574 Europaeos
1772 4503 2106 4574 Evangelio,

540 4571 757 4630 detecta
784 4571 876 4636 sit,
905 4571 995 4625 alii
1027 4571 1268 4628 viderint
1307 4589 1320 4624 :
1356 4572 1494 4627 mihi
1525 4571 1753 4629 omnino
1797 4590 1908 4629 non
1933 4571 2107 4638 'l'acit,

542 4643 779 4714 quodet
808 4649 973 4710 caput
1001 4639 1481 4714 constantinopoli
1535 4651 1592 4698 et
1639 4659 1839 4713 corpus
1867 4643 2109 4714 Edessae,

542 4710 660 4784 pari
685 4713 802 4784 fere
830 4710 1190 4784 veneratione
1211 4727 1278 4767 ac
1305 4710 1512 4772 Bomm
1558 4710 1928 4784 apostolorum
1963 4712 2113 4768 Petri

541 4780 598 4837 et
638 4782 812 4845 Pauli,
855 4789 917 4853 ut
944 4780 1229 4853 Chrysost.
1258 4792 1453 4838 auctor
1487 4780 1609 4848 est,
1653 4793 1709 4838 et
1737 4783 1883 4853 quod
1916 4784 2113 4838 inven-

543 4862 665 4924 tum
693 4853 749 4907 in
778 4852 928 4906 India
945 4852 1165 4924 corpus
1195 4868 1319 4907 cum
1353 4855 1734 4909 instrumentis
1755 4852 1938 4924 ipsius
1971 4868 2116 4910 mar-

545 4923 707 4994 tyrii,
745 4932 801 4994 et
835 4921 997 4991 quale
1026 4921 1276 4994 veterum
1308 4924 1639 4994 narratione
1668 4921 1967 4987 habemus,
2004 4938 2116 4977 non

519 4992 826 5065 particulae
875 4993 1145 5065 corporis,
1188 5007 1328 5065 eum
1385 5003 1570 5048 tamen
1622 4993 1706 5065 (ut
1761 4994 1898 5049 ﬁdes
1931 4995 2116 5063 aliqua

546 5061 863 5145 apocrypha
896 5061 1089 5117 ΑἰκιῘώ
1113 5062 1378 5145 habenda
1399 5065 1495 5145 sit)
1533 5061 1716 5145 statim
1756 5073 1881 5145 post
1909 5061 2115 5145 προῆγέ

544 5137 688 5187 rium
719 5133 988 5201 integrum
1013 5147 1044 5187 e
1074 5133 1332 5203 sepulcro
1357 5133 1502 5188 furto
1537 5133 1782 5189 ablatum
1817 5135 2005 5199 fuerit,
2056 5133 2116 5190 et

543 5203 806 5258 Edessam
850 5211 1193 5271 asportatum
1218 5243 1232 5267 ,
1269 5204 1461 5274 relicto
1497 5206 1706 5259 tumulo
1752 5219 1978 5274 prorsus
2018 5219 2117 5258 va-

543 5290 671 5336 cuo,
704 5275 891 5342 sicque
926 5283 1167 5341 reperto,
1201 5281 1262 5326 ut
1287 5273 1381 5327 illo
1415 5274 1557 5328 libro
1595 5273 1872 5329 narratur.
1923 5275 2116 5329 Putem

544 5345 717 5413 magis
749 5343 804 5397 in
832 5358 898 5396 eo
924 5343 1245 5414 contigisse,
1266 5344 1411 5412 quod
1433 5344 1498 5397 in
1534 5344 1792 5414 Stephani
1814 5352 2120 5414 protomar-

547 5412 685 5483 tyris
731 5412 1182 5483 corpore,iquod
1236 5413 1291 5466 in
1340 5414 1598 5482 Baptista:
1633 5412 2115 5483 capite—Romano,

547 5482 866 5552 Angeliaco,
895 5482 1252 5537 Ambianensi
1286 5483 1429 5551 (ipso
1453 5485 1582 5538 olim
1611 5482 2117 5553 ConstantiImpoli-

553 5553 744 5618 tano);
785 5568 893 5622 qua
927 5553 994 5605 de
1021 5569 1100 5616 re,
1136 5553 1201 5606 ad
1260 5555 1633 5609 narrationem
1673 5553 1741 5609 de
1797 5555 2118 5610 inventione

553 5624 800 5690 corporis
830 5622 1075 5691 ejusdem
1105 5623 1393 5691 Stephani,
1458 5634 1513 5678 et
1555 5625 1916 5680 translatione
1972 5625 2111 5680 Con-

555 5692 994 5763 stantinopolim,
1032 5695 1394 5747 Constantino
1425 5694 1753 5763 imperatore
1805 5707 1860 5750 et
1917 5696 2122 5749 Metro-

558 5759 736 5830 phanc
757 5759 1012 5832 episcopo
1044 5782 1054 5817 :
1081 5763 1227 5832 quod
1253 5759 1575 5833 denique-in
1607 5765 1917 5836 Magtlalcna
1952 5766 2118 5821 Vezc-

2140 4473 2184 4530 Ι)

2271 2640 2441 2711 οὗτος
2473 2645 2583 2716 γὰρ
2618 2645 2726 2716 πρὸ
2756 2643 2855 2715 τῆς
2879 2642 2975 2697 τοῦ
3012 2644 3219 2713 κόσμου
3258 2639 3561 2712 καταϐολῆς
3580 2675 3598 2703 ,
3632 2636 3757 2707 σύμ

2203 2751 2412 2808 μορφος
2455 2731 2676 2787 ἔσεσθαι
2713 2733 2816 2803 τῆς
2857 2732 3063 2795 εἰκόνος
3109 2731 3204 2786 τοῦ
3239 2728 3574 2799 Μονογενοῦς
3605 2731 3782 2796 ἐγνω-

2189 2829 2400 2899 -σμένος
2426 2827 2524 2882 καὶ
2551 2825 2984 2897 προωρισμένος,
3017 2824 3207 2894 ἐπειδὴ
3251 2824 3351 2893 τῆς
3396 2821 3720 2890 ἐπιφανείας
3754 2823 3786 2871 ὁ

2201 2923 2394 2994 χρόνος
2441 2920 2647 2990 παρῆν,
2678 2919 2775 2974 καὶ
2818 2920 2848 2972 ό
2895 2918 2998 2987 τῆς
3038 2917 3150 2970 τῶν
3197 2916 3510 2972 ἀποστόλων
3541 2914 3784 2985 ικλογῆς

2202 3011 2563 3084 παρειστήκει
2600 3007 2809 3079 καιρὸς,
2843 3009 2981 3078 μετὰ
3007 3009 3117 3060 τῶν
3145 3006 3320 3061 ἄλλων
3353 3008 3449 3060 καὶ
3476 3005 3659 3071 αὐτὸς,
3698 3007 3782 3070 εἰς

2131 3132 2174 3192 c
2203 3103 2304 3176 τὴν
2319 3102 2487 3175 ,ἱερὰν
2511 3100 2731 3192 ἐκείνην
2753 3097 3257 3192 ἀπήντησε-κλῆσιν
3278 3113 3294 3130 ο
3324 3099 3416 3192 καὶ
3439 3096 3694 3192 κληθεὶς,
3717 3098 3784 3150 οὐ

2205 3193 2562 3266 παρῃτήσατο
2605 3190 2750 3246 κατὰ
2789 3191 2918 3255 τοὺς
2967 3189 3247 3262 ῥᾳθύμους
3293 3186 3386 3243 τὸν
3433 3189 3782 3260 κεκληκότα·

2204 3286 2314 3340 οὐδ’
2340 3287 2616 3357 ἐπήκουσε
2649 3285 2768 3354 μὲν,
2797 3283 2926 3354 ἄχρι
2967 3283 3026 3336 δὲ
3054 3283 3251 3353 καιροῦ
3278 3283 3652 3354 παραμείνας,
3705 3284 3789 3346 ei;

2193 3380 2274 3442 τὰ
2303 3381 2480 3434 ὀπίσω
2520 3376 2666 3434 κατὰ
2703 3377 2832 3440 τοὺς
2878 3376 3255 3445 όλιγοπίστους
3286 3376 3630 3433 παλινοστεῐο
3660 3374 3770 3431 οὐδ

2191 3662 2431 3721 -liacensi
2457 3669 2513 3716 et
2533 3670 2721 3718 nostra
2739 3658 3181 3729 Sanmaximiana
3211 3656 3512 3729 provinciae
3530 3656 3790 3716 Phocen-

2195 3735 2314 3799 sis;
2342 3733 2750 3803 recentiorique
2773 3731 3044 3803 exemplo
3057 3728 3505 3803 in_S.)/i_ncentii
3540 3729 3787 3803 Ferret-ii

2208 3798 2321 3858 alio
2350 3803 2566 3872 alioque
2591 3798 2824 3873 corpore
2855 3798 3180 3873 Yenetii_s_in
3210 3799 3616 3873 Britannia,_ne
3640 3799 3780 3873 quid

2210 3874 2389 3928 dicam
2421 3868 2492 3928 de
2531 3868 2822 3928 Vincentio
2857 3871 3024 3926 levita
3063 3868 3356 3926 Valentino
3411 3870 3466 3924 in
3521 3868 3788 3939 Hispania

2210 3945 2394 4000 adhuc
2419 3952 2691 4008 exstante,
2725 3952 2780 3997 et
2800 3940 3365 4012 Novempopulaniam
3398 3941 3542 4012 apud
3565 3939 3794 4012 Castras

2213 4014 2486 4069 translato
2515 4031 2530 4068 :
2585 4029 2696 4082 quo
2728 4015 2850 4069 loco
2885 4009 3299 4082 venerationem
3324 4009 3575 4082 habebat
3604 4009 3792 4082 sancti

2210 4084 2389 4140 Patris
2421 4080 2690 4140 Dominici
2711 4093 2891 4144 :etatc,
2915 4082 3039 4150 ipso
3071 4080 3266 4136 eodem
3299 4081 3450 4135 illius
3477 4081 3570 4150 pio
3602 4081 3792 4150 culto-3

2210 4171 2292 4219 re,
2317 4154 2618 4223 habuitque
2642 4155 2783 4223 apud
2813 4148 2963 4207 meos
2990 4150 3402 4223 Praedicatores,
3421 4148 3688 4223 translata
3722 4148 3794 4204 ad

2199 4240 2304 4280 eos
2325 4224 2441 4279 aede
2475 4219 2554 4279 illi
2591 4219 2746 4279 sacra
2795 4239 2859 4278 ac
2910 4221 3137 4277 basilica
3165 4260 3180 4285 ,
3232 4221 3422 4280 donec,
3458 4219 3791 4275 Calviniana

2211 4296 2364 4351 rabie
2395 4305 2587 4363 erepto
2616 4295 2868 4363 deposito
2905 4308 2968 4348 ac
3015 4289 3332 4363 disturbato
3355 4332 3369 4356 ,
3401 4291 3524 4362 ejus
3550 4289 3644 4363 ﬁdi
3686 4307 3792 4346 cu-

2209 4366 2397 4426 stodes
2423 4360 2524 4420 FF.
2558 4367 2665 4421 mei
2690 4360 2839 4422 illius
2867 4364 3064 4418 domus
3093 4360 3491 4416 Praedicatores
3517 4360 3583 4415 ad
3612 4375 3793 4416 unum

2209 4436 2469 4511 necatiet
2499 4437 2552 4489 in
2584 4446 2810 4506 puteum
2844 4432 3399 4511 projec.ti,rmarty_res
3427 4439 3483 4486 et
3510 4429 3614 4500 ipsi
3654 4447 3797 4487 con-

2212 4506 2410 4560 secrati
2436 4500 2607 4560 sunt':
2636 4500 2887 4573 novaque
2920 4500 3155 4573 excitata
3182 4500 3409 4555 basilica
3438 4515 3504 4573 ac
3531 4516 3787 4573 conven-

2212 4582 2294 4639 tu,
2318 4592 2386 4630 ex
2409 4575 2604 4630 eodem
2625 4569 2807 4644 puteo
2823 4575 2880 4628 in
2897 4587 3016 4644 eam
3041 4572 3190 4625 illata
3211 4586 3409 4644 nuper,
3431 4571 3520 4640 pia
3543 4569 3794 4644 ﬁdelium

2211 4645 2556 4716 fratrumque
2584 4639 2870 4716 religione,
2895 4643 3141 4716 ipsorum
3169 4639 3447 4711 pignora;
3492 4639 3701 4710 quibus
3720 4640 3792 4716 ti-

2213 4716 2338 4770 dem
2363 4710 2592 4780 l'acéret,
2621 4710 2828 4770 nedum
2855 4710 2967 4782 ἱρέα
2996 4712 3188 4782 vigens
3215 4710 3584 4782 constansque
3613 4710 3793 4765 tradi-

2214 4786 2314 4846 tio,
2341 4785 2436 4840 sed
2461 4795 2518 4839 et
2545 4784 2789 4840 auctoris
2814 4781 3040 4852 aequalis
3060 4789 3210 4835 certa
3237 4781 3563 4850 sinceraque
3593 4795 3789 4834 narra-

2215 4857 2312 4920 tio,
2367 4855 2603 4912 faciente
2653 4853 2870 4924 copiam
2916 4852 3272 4924 integerrimo
3294 4859 3548 4924 sen_atore
3578 4865 3790 4924 annosa

2214 4926 2490 4997 probitate
2547 4920 2799 4997 (ipsaque
2845 4922 2990 4976 avita
3035 4923 3092 4976 in
3127 4929 3321 4975 senatu
3374 4920 3672 4997 Tolosano)
3713 4920 3787 4974 cl.

2214 4991 2334 5050 viro
2356 4997 2417 5050 D.
2444 4991 2725 5050 Mazehotf
2748 4994 2865 5060 Qua
2900 5001 3051 5046 tanta
3084 5000 3401 5045 nostrorum
3441 4991 3788 5059 aliorumque

2203 5067 2615 5122 catholicorum
2645 5066 2700 5120 in
2721 5080 2787 5120 ea
2813 5063 2952 5118 urbe
2983 5072 3163 5131 strage
3183 5101 3198 5125 ,
3227 5060 3410 5131 aiebat
3446 5061 3538 5114 ille
3579 5060 3788 5131 referre

2211 5146 2522 5208 auctorem,
2554 5135 2860 5208 oppidanos
2873 5129 3225 5188 Calvinianos
3255 5130 3586 5208 deterritos,
3608 5129 3788 5208 mala:

2215 5221 2324 5274 que
2355 5207 2461 5261 sibi
2496 5202 2680 5260 omnia
2714 5205 3008 5274 ominatos,
3031 5215 3303 5274 necAvana
3329 5202 3680 5274 conjectura,
3705 5202 3786 5251 uti

2217 5269 2308 5332 ille
2337 5277 2548 5347 aliquot
2575 5277 2629 5330 in
2651 5291 2770 5330 eam
2798 5289 2912 5347 rem
2941 5271 3216 5347 adductis,
3250 5269 3514 5347 quaenillis
3563 5269 3787 5324 sinistra

2217 5341 2590 5417 contigerunt,
2624 5361 2681 5400 se
2713 5341 3311 5417 conﬁcereexistirtiat.
3373 5341 3446 5395 Ea
3496 5341 3550 5395 in
3567 5355 3642 5417 Ie
3704 5347 3786 5392 te-

2217 5411 2399 5471 nenda
2431 5417 2689 5471 Praetoris
2721 5416 2850 5476 :lex,
2883 5422 2945 5467 ut
2997 5412 3113 5481 ipse
3155 5411 3285 5465 alibi
3331 5419 3519 5466 monet
3566 5411 3786 5481 Baron.:

2218 5485 2320 5551 Qui
2372 5495 2529 5549 tenet,
2553 5496 2749 5550 teneat,
2785 5479 3120 5550 omninoque
3153 5481 3457 5551 cavendum
3485 5497 3554 5536 ne
3599 5479 3785 5533 istius-

2219 5550 2367 5610 modi
2401 5557 2691 5626 obrepant,
2718 5555 2935 5626 aliaque
2959 5553 3084 5606 aliis
3134 5550 3445 5626 subdantur
3471 5559 3788 5626 sanctorum

2220 5628 2470 5696 pignora,
2503 5621 2588 5681 vel
2617 5627 2783 5680 etiam
2815 5621 2929 5693 ipsa
2963 5637 3071 5676 non
3103 5629 3289 5696 sancta
3320 5641 3333 5675 :
3374 5622 3428 5675 in
3457 5621 3788 5696 quibus__et_st

2221 5685 2327 5777 non
2363 5685 2527 5766 perit,
2554 5703 2712 5752 nutat
2743 5685 2926 5750 tanien
2947 5707 3074 5748 vera
3099 5692 3292 5762 religio
3325 5707 3387 5748 ac
3423 5685 3598 5762 pictas
3625 5685 3789 5743 Chri-

2222 5777 2419 5822 Silana.
