4094 6448
414 355 518 423 133

1153 357 1432 418 ORATIO
1467 359 1597 421 VII.
1624 383 1688 395 --
1722 354 1806 416 IN
1847 355 2158 416 LAUDEM
2193 358 2256 418 S.
2295 357 2579 418 ΤΠΟΜᾸΕ
2619 357 2998 419 APOSTOLI.

3569 355 3673 421 131

417 474 647 544 ἐμμένει
697 472 798 541 μὲν
844 469 974 542 ἄχρι
1023 469 1233 535 τέλους,
1266 472 1550 535 ἐλάττονος
1601 471 1660 525 δὲ
1706 469 1979 542 χάριτοςῆ

2090 472 2281 538 fert“;
2301 473 2383 526 vel
2414 481 2598 526 manet
2616 471 2841 542 quidem
2868 483 3048 538 usque
3079 467 3136 522 in
3165 464 3356 535 ﬁnem,
3382 469 3658 525 minorem

417 567 577 634 δόξης
618 561 726 615 τῶν
777 562 1095 632 κορυφαίων
1140 564 1310 628 τινὸς,
1336 565 1489 633 παρὰ
1532 563 1611 634 τῷ
1658 561 1979 630 παμσασιλετ

2101 571 2284 618 tamen
2339 563 2570 634 gratiam
2599 570 2694 616 aut
2749 561 3063 616 claritatem
3116 558 3458 614 nauciscitur
3525 563 3672 632 apud

419 653 768 719 καταξιοῦται
788 668 803 682 ⁸
835 652 1025 722 ὥσπερ
1062 653 1119 706 δὲ
1162 657 1260 725 τῆς
1303 655 1580 724 κλήσεως,
1609 655 1708 723 τῆς
1739 654 1992 723 ἐκλογῆς,

410 747 512 812 τῆς
545 741 956 812 ἀκολουθήσεως
977 783 992 808 ,
1028 743 1126 813 τῆς
1170 745 1597 814 αὑτοπροσώπου
1632 744 1779 810 θέας,
1811 744 1903 798 τοῦ
1933 761 1993 798 τε

407 835 547 887 θεοῦ
602 833 802 902 Λόγου,
834 834 930 886 καὶ
972 833 1082 887 τῶν
1129 834 1197 888 δι’
1225 835 1394 889 αὑτοῦ
1438 836 1843 906 γεγενημένων,
1893 837 1993 905 τῆς

401 925 677 994 αὑτηκόου
728 924 840 978 τῶν
888 925 1114 995 ὑψηλῶν
1159 926 1474 997 μυστηρίων
1519 927 1856 998 ἀκροάσεως,
1891 928 1992 996 τῆς

401 1015 516 1068 τῶν
547 1015 830 1078 ζωοποιῶν
863 1017 1205 1088 παθημάτων
1234 1017 1524 1080 κοινωνίας
1549 1058 1565 1083 ,
1598 1018 1692 1071 τοῦ
1725 1019 1988 1086 μυστικοῦ

398 1107 692 1179 νιπτῆρος,
726 1108 817 1162 τοῦ
850 1108 1052 1179 ἄρτου,
1097 1109 1194 1162 τοῦ
1227 1110 1485 1180 σταυροῦ,
1515 1110 1616 1179 τῆς
1648 1111 1852 1180 ταφῆς,
1885 1111 1988 1179 τῆς

401 1201 780 1263 ἀναστάσεως,
808 1202 907 1271 τῆς
964 1201 1102 1271 μετὰ
1149 1202 1250 1271 τὴν
1295 1203 1591 1256 ἀνάστασιν
1619 1203 1982 1270 ὲμφανίσεως.

402 1291 503 1346 καὶ
547 1291 871 1362 ἀναλήψεως
914 1291 1008 1344 τοῦ
1058 1292 1190 1345 Υίοῦ
1230 1291 1368 1364 πρὸς
1409 1293 1501 1346 τὸν
1534 1293 1855 1364 Γεννήτορα.
1891 1297 1985 1347 καί

401 1387 506 1454 τῆς
529 1383 597 1437 δι’
625 1383 792 1437 αὑτοῦ
824 1383 964 1452 μετά
986 1385 1162 1438 ταῦτα
1197 1385 1554 1455 μεταλήψεως
1595 1386 1688 1439 τοῦ
1733 1386 1985 1456 Πνεῦμα-

2097 665 2373 708 ευῐηιῐιιιιη
2401 654 2648 708 omnium
2667 651 2892 722 Regem,
2919 666 3082 722 quam
3104 668 3251 708 unus
3267 651 3393 720 quis
3413 666 3480 706 ex
3501 667 3678 723 cory-

2095 747 2588 817 phaeisiQuinimo
2635 745 2778 801 sicut
2810 745 3138 811 vocationis,
3179 745 3477 801 electionis
3504 784 3520 810 ,
3565 760 3661 800 co-

2094 815 2337 906 mitatus],
2378 838 2552 893 divini
2601 853 2786 892 coram
2842 837 3050 906 Deique
3079 851 3145 892 ac
3170 836 3554 906 Verbi,illique
3575 852 3674 906 pa-

2095 940 2363 987 tratorum
2392 938 2740 999 conspectus,
2795 928 3082 998 ipsiusque
3124 943 3193 982 ex
3220 928 3341 998 ejus
3369 943 3468 983 ore
3493 928 3671 983 subli-

2091 1024 2262 1078 mium
2303 1024 2686 1094 mysteriorum
2708 1019 3030 1084 auditionis,
3063 1019 3406 1074 viviﬁcarum
3427 1019 3557 1074 item
3581 1035 3672 1074 so-

2088 1117 2304 1172 cietatis
2325 1116 2660 1186 passionum,
2682 1112 2893 1184 mystici
2917 1112 3112 1182 pelvis,
3147 1111 3325 1182 panis.
3356 1111 3558 1176 crucis,
3579 1127 3671 1167 se-

2089 1209 2341 1278 pulturae,
2366 1205 2802 1270 resurrectionis,
2829 1205 2977 1259 illam
3029 1215 3231 1260 secutae
3263 1203 3660 1272 apparitionis,

2088 1300 2216 1356 Filii
2253 1300 2319 1354 ad
2365 1299 2582 1353 Patrem
2617 1297 2675 1351 in
2705 1297 2874 1352 ccelos
2925 1295 3280 1365 receptionis,
3312 1295 3661 1364 Spiritusque

2085 1399 2273 1462 postea
2298 1406 2394 1460 per
2423 1405 2551 1446 eum
2576 1389 2966 1458 impartitionis
2991 1405 3007 1454 ;
3040 1389 3122 1443 sic
3138 1389 3296 1458 plane
3327 1389 3496 1444 etiam
3547 1403 3673 1443 ma-

401 1494 516 1540 τος,
543 1474 746 1546 ὁμοίως
791 1477 903 1538 τοῖς
947 1477 1459 1546 πρωτοαποστόλοις
1495 1479 1722 1546 μέτοχος
1753 1474 1857 1549 ἦν·
1894 1479 1979 1531 ναὶ

2082 1484 2263 1555 gniﬁci
2279 1484 2342 1539 ad
2357 1493 2549 1554 gentes
2578 1482 2934 1551 apostolatus,
2963 1481 3357 1550 signorumque
3375 1495 3441 1536 ac
3468 1481 3669 1550 prodi-

399 1569 468 1638 δὴ
502 1570 597 1621 καὶ
619 1567 720 1637 τῆς
745 1569 836 1620 ἐπὶ
857 1565 927 1618 τά
959 1565 1086 1636 ἔθνη
1125 1566 1387 1636 λαμπρᾶς
1413 1567 1750 1638 ἀποστολῆς,
1781 1568 1891 1621 τῶν
1920 1585 1979 1622 τε

2082 1579 2344 1649 giorum;
2405 1573 2686 1644 Evangelii
2737 1573 2976 1642 denique
3017 1573 3178 1627 clara:
3234 1570 3668 1641 praedicationis,

401 1657 650 1726 σημείων
675 1655 775 1710 καὶ
795 1657 1059 1726 τεράτων,
1080 1656 1176 1710 καὶ
1195 1655 1300 1726 τῆς
1317 1655 1415 1710 τοῦ
1441 1657 1775 1726 Εὑαγγελίου
1805 1675 1979 1730 μεγα-

2082 1687 2208 1726 cum
2230 1670 2422 1741 primis
2457 1669 2666 1740 pariter
2704 1667 3044 1736 summisque
3075 1664 3338 1735 apostolis
3388 1663 3668 1734 particeps

399 1747 694 1818 λοφωνίας.
2012 1811 2048 1818 _
2082 1763 2209 1818 fuit.

475 1841 683 1911 Ὠσπερ
714 1838 810 1894 οὖν
835 1842 892 1892 ὲν
915 1838 1148 1904 τούτοις,
1179 1838 1333 1898 οὐδὲν
1354 1839 1604 1912 Ἀνδρέου
1627 1840 1724 1894 καὶ
1741 1841 1977 1912 Πέτρου,

2155 1852 2624 1923 Quemadmodum
2677 1850 2844 1921 igitur
2895 1864 2961 1904 ea
3015 1857 3171 1919 parte
3223 1847 3482 1912 Thomas,
3529 1843 3668 1899 nihil

401 1934 499 1986 καὶ
545 1933 654 1986 τῶν
702 1931 836 1986 υἱῶν
881 1931 1167 1985 Ζεὸεδαίου
1225 1931 1526 2003 ἀπελείφθη
1577 1933 1979 2003 Θωμᾶς,μοῦτω

2085 1948 2302 2005 Andrea
2320 1956 2378 2002 et
2401 1947 2564 2001 Petro
2585 1953 2642 1998 et
2666 1943 2797 1999 filiis
2817 1941 3068 1998 Zebedmi
3099 1941 3284 1995 minus
3313 1939 3527 2002 habuit,
3585 1939 3668 1992 sic

402 2026 502 2078 καὶ
527 2023 622 2078 τοῦ
647 2024 837 2088 τέλους
869 2024 1156 2094 συστοίχου
1181 2026 1296 2088 τοῖς
1339 2023 1580 2095 πρώτοις
1615 2025 1978 2096 νὲπιτετυχὼς,

2083 2049 2142 2096 et
2195 2039 2361 2094 ﬁnem
2397 2037 2588 2107 primis
2634 2035 2742 2090 illis
2795 2032 3140 2090 consimilem
3196 2041 3404 2094 natus;
3437 2028 3668 2098 proinde

400 2116 714 2181 ἀκολούθως
756 2118 854 2172 καὶ
893 2116 1054 2187 δόξης
1103 2116 1336 2180 ἐκείνοις
1362 2118 1462 2188 τῆς
1487 2117 1682 2188 αὐτῆς,
1715 2119 1808 2174 καὶ
1857 2120 1979 2190 ίσης

2082 2131 2250 2186 etiam
2272 2128 2595 2185 eamdemac
2609 2123 2686 2179 illi
2705 2122 3032 2186 claritatem,
3057 2132 3358 2190 paremque
3400 2116 3667 2171 honorem

403 2211 555 2281 παρὰ
582 2209 662 2280 τῷ
689 2209 992 2280 διδασκάλῳ
1017 2210 1260 2282 mea;
1283 2212 1572 2282 τετυχήκει
1596 2211 1762 2282 τιμῆς
1782 2225 1797 2240 ·
1825 2213 1874 2265 εί
1901 2216 1977 2284 μή

399 2320 484 2365 τις
518 2301 684 2355 αὑτοῦ
727 2302 826 2373 τὴν
855 2302 995 2372 μετὰ
1022 2305 1114 2356 τὸν
1147 2302 1404 2375 σταυρὸν,
1435 2304 1530 2357 καὶ
1553 2303 1651 2374 τὴν
1679 2303 1979 2359 ἀνάστασιν

401 2393 735 2463 ἀμφιϐολίαν
767 2393 801 2464 ἢ
829 2393 1115 2465 διψυχίαν,
1163 2394 1410 2464 ὑφέσεως
1450 2395 1654 2466 τρόπον
1693 2395 1976 2462 ὑπολάϐοι,

402 2486 591 2550 κακῶς
624 2485 901 2552 ὑπονοῶν,
932 2487 1029 2541 καὶ
1055 2487 1155 2541 οὑκ
1185 2489 1246 2542 ὲν
1270 2487 1486 2542 συνέσει
1521 2488 1593 2543 τά
1627 2489 1745 2543 θεῖα
1767 2489 1980 2562 διακρί-

403 2595 518 2631 νειν
541 2576 937 2650 είδὼς.Ὦσπερ
960 2579 1071 2651 γὰρ
1096 2579 1370 2652 ὑπερϐολῇ
1405 2579 1741 2652 θερμότητος
1769 2582 1979 2653 χρώμε-

402 2689 493 2735 νος
523 2673 552 2724 ό
579 2671 803 2742 Πέτρος,
833 2669 1174 2743 ἀρνήσασθαι
1202 2671 1552 2742 συνεχωρήθη
1573 2713 1587 2736 ,
1616 2671 1692 2736 ὡς
1721 2673 1788 2727 ἂν
1814 2674 1978 2738 αὑτός

402 2781 464 2816 τε
517 2762 882 2835 μετριώτερος
927 2762 1126 2819 ἑαυτοῦ
1149 2763 1376 2834 γένηται
1407 2765 1504 2818 καὶ
1529 2766 1975 2838 ἀσφαλέστεροςέ

403 2853 704 2921 ἀσφαλείας
734 2853 792 2906 δὲ
819 2854 917 2908 καὶ
943 2854 1055 2916 τοῖς
1073 2853 1252 2916 ἄλλοις
1275 2852 1533 2918 ’ὑπόθεσις
1561 2857 1593 2926 ἠ
1619 2856 1822 2928 τριπλῆ
1852 2857 1977 2912 τοὺ.

399 2963 496 2998 του
531 2944 666 3015 μετὰ
692 2945 792 3017 τὴν
821 2946 1048 3017 ἄρνησιν
1071 2946 1330 3016 ὁμολογία
1363 2949 1606 3019 καταστῇ
1625 2963 1640 2978 ·
1666 2947 1845 3002 κοινὸν
1867 2949 1978 3020 γὰρ

401 3036 592 3108 ὥσπερ
623 3036 684 3090 τὸ
714 3037 956 3108 ἥττημα,
986 3036 1130 3091 οὑτω
1155 3037 1376 3092 πάντων
1405 3037 1616 3108 ἐγίνετο
1635 3038 1739 3092 ’καὶ
1765 3039 1827 3093 τὸ
1851 3057 1979 3112 προ-

2083 2223 2227 2294 apud
2257 2221 2576 2292 magistrum
2593 2219 2877 2286 Deumque
2907 2211 3233 2285 promeruit.
3253 2209 3368 2265 Nisi
3389 2207 3667 2278 quisforte

2083 2332 2150 2371 eo
2186 2314 2517 2370 deteriorem
2560 2310 2940 2378 minoremque
2978 2311 3298 2375 putaverat,
3335 2300 3487 2371 quod
3529 2307 3656 2370 post

2081 2418 2302 2459 crucem
2332 2417 2397 2456 ac
2414 2397 2893 2461 resurrectionem,
2910 2392 3112 2449 dubius
3136 2390 3416 2456 animique
3460 2401 3667 2456 anceps

2080 2491 2534 2558 exstiterit;male
2559 2489 2770 2546 scilicet
2789 2487 3042 2556 opinans,
3075 2498 3141 2538 ac
3158 2482 3249 2552 qui
3282 2480 3469 2534 divina
3522 2495 3662 2549 pru-

2083 2588 2279 2642 denter
2320 2584 2632 2639 discernere
2676 2577 2980 2654 _etjudicio
3028 2573 3345 2644 expendere
3373 2570 3666 2640 haudqua-

2083 2695 2246 2752 quam
2271 2677 2442 2733 norit.
2471 2670 2942 2743 Quemadmodum
2970 2667 3118 2724 enim
3147 2667 3343 2722 Petrus
3365 2663 3660 2722 excellenti

2082 2775 2299 2830 fervore
2332 2783 2534 2841 negare
2593 2764 2896 2837 permissus
2923 2771 3028 2828 est,
3059 2769 3120 2816 ut
3159 2768 3275 2814 tum
3301 2760 3418 2830 ipse
3464 2757 3658 2813 mode-

2082 2865 2220 2920 stior
2243 2861 2565 2929 cautiorque
2582 2856 2932 2920 redderetur,
2951 2861 3178 2922 tumque
3195 2851 3316 2922 ejus
3344 2857 3468 2920 post
3494 2865 3665 2920 nega-

2079 2956 2290 3011 tionem
2317 2951 2464 3009 trina
2483 2947 2781 3010 confessio,
2811 2943 3106 3009 cautionis,
3146 2957 3212 2996 ac
3257 2939 3490 2995 remedii
3517 2939 3662 2995 ratio

2082 3047 2312 3116 reliquis
2336 3045 2480 3099 foret
2507 3041 2528 3112 (
2579 3037 2893 3096 communis
2913 3035 3062 3092 enim
3086 3035 3230 3090 sicut
3258 3031 3464 3097 clades,
3497 3030 3579 3086 sic
3609 3040 3661 3084 et

397 3131 652 3202 τέρημα·
696 3129 841 3183 οὑτω
882 3131 976 3185 καὶ
1018 3131 1049 3183 ὁ
1091 3131 1350 3201 Δίδυμος,
1395 3131 1614 3186 πλείονα
1639 3132 1738 3205 τὴν
1766 3132 1976 3204 θέρμην

2083 3141 2466 3197 universorum
2516 3132 2619 3188 fuit
2666 3127 2919 3196 victoria)
2957 3127 3076 3182 :ita
3103 3139 3325 3195 quoque
3379 3121 3663 3194 Didymus,

401 3221 496 3273 καὶ
518 3221 617 3292 τὴν
647 3220 776 3290 περὶ
804 3221 897 3276 τὸν
921 3221 1245 3277 διδάσκαλον
1277 3223 1594 3294 προθυμίαν
1625 3223 1792 3295 ἔχων,
1822 3241 1978 3297 περι-

399 3313 693 3368 πέπτωκεν
718 3311 1043 3384 ἀμφιόολιᾳ,
1074 3313 1391 3384 καὶμᾶλλον
1420 3314 1532 3368 τῶν
1553 3315 1729 3370 ἀλλων
1751 3318 1865 3382 τοῖς
1889 3317 1977 3371 λο-

395 3406 619 3475 γισμοῖς
647 3403 893 3476 διεκρίθη
930 3406 1059 3476 περὶ
1087 3405 1186 3477 τὴν
1213 3406 1533 3474 ἀνάστασιν,
1556 3408 1634 3474 ὡς
1653 3407 1726 3464 ἂν
1753 3409 1848 3465 καὶ
1879 3410 1978 3464 αὑ-

395 3499 491 3560 τὸς
528 3495 726 3550 ἑαυτοῦ
761 3497 1077 3569 πραΰτερος
1103 3501 1373 3571 καταστῇ,
1403 3501 1501 3554 καὶ
1519 3502 1624 3557 διὰ
1650 3503 1751 3574 τῆς
1779 3503 1974 3559 ἐνστά-

396 3604 539 3651 σεως
567 3585 960 3659 ἀκριὸέστερον
986 3588 1309 3659 βεϐαιωθεὶς
1326 3630 1341 3658 ,
1369 3589 1723 3664 βεϐαιοτέραν
1749 3593 1976 3661 καὶτοῖς

391 3681 579 3743 ἄλλοις
618 3681 942 3752 ὲμποιήσειε
979 3679 1186 3737 πίστιν.

468 3773 582 3826 Καὶ
605 3772 716 3843 γὰρ
744 3771 854 3826 ἔδει
886 3772 1048 3843 τυχὸν
1090 3774 1212 3828 ἐκεῖ
1257 3773 1476 3846 πρῶτον
1513 3775 1974 3848 πολυπραγμονη-

395 3864 562 3937 θῆναι
608 3865 670 3919 τὸ
697 3868 1050 3937 μυστήριον·
1097 3866 1195 3920 καὶ
1234 3865 1664 3938 δοκιμασθεῖσαν
1709 3868 1852 3922 οὑτω
1879 3867 1974 3922 τοῦ

394 3958 734 4028 Εὑαγγελίου
766 3959 868 4031 τὴν
899 3959 1181 4030 ἀλήθειαν,
1209 3959 1612 4032 ἀναμφίλεκτον
1648 3964 1763 4024 τοῖς
1797 3960 1975 4017 ἔθνεσι

394 4051 793 4122 παραδοθῆναι.
812 4051 1030 4122 Ἠρέμα
1065 4051 1167 4122 μὲν
1198 4048 1294 4107 οὖν
1323 4051 1560 4125 διχόνοια
1585 4055 1682 4108 καὶ
1723 4053 1832 4109 τῶν
1867 4054 1978 4109 λοι-

393 4145 518 4198 πῶν
545 4144 646 4208 τάς
669 4143 896 4215 καρδίας
938 4144 1292 4217 διικνουμένη
1319 4145 1603 4217 μαθητῶν,
1631 4149 1731 4201 οὑκ
1759 4148 1977 4216 εὐαγεῖς

392 4233 636 4290 ἀνεκίνει
667 4233 992 4306 λογισμούς⁹
1023 4234 1116 4289 καὶ
1151 4237 1452 4306 φαντασίαν
1480 4234 1620 4290 εἶναι
1664 4237 1725 4291 τὸ
1765 4237 1979 4308 ὁρώμε-

392 4345 489 4381 νον
518 4325 965 4382 ὑπεσαλεν.Ἀλλ’
993 4328 1044 4380 οἱ
1091 4327 1191 4398 μὲν
1223 4326 1398 4398 δειλίᾳ
1445 4327 1544 4399 τὴν
1589 4327 1977 4399 ἀκριϐολογίαν

394 4417 903 4492 παρακλέπτοντες,
923 4419 1202 4490 ἠνείχοντο
1225 4418 1623 4488 πυρπολεῖσθαι
1651 4436 1712 4472 τε
1741 4420 1836 4472 καὶ
1877 4436 1977 4491 με·

2074 3230 2270 3306 majori
2300 3227 2518 3283 fervore
2541 3223 2709 3292 inque
2733 3218 3056 3289 Magistrum
3097 3213 3384 3306 alacritate
3422 3211 3661 3281 pollens,

2075 3330 2136 3386 in
2167 3303 2511 3382 dubietatem
2539 3313 2760 3378 incidit,
2799 3325 2866 3366 ac
2901 3309 3026 3380 plus
3063 3306 3294 3376 reliquis
3318 3303 3389 3359 de
3415 3317 3653 3358 resurre-

2077 3419 2263 3476 ctione
2293 3425 2494 3480 anceps
2530 3407 2656 3471 fuit,
2689 3413 2752 3460 ut
2789 3410 2846 3458 et
2886 3401 3005 3471 ipse
3049 3398 3232 3454 lenior
3267 3396 3660 3467 benigniorquc

2074 3506 2360 3567 evaderet,
2405 3498 2687 3568 animique
2729 3490 3180 3549 contentiosioris
3225 3502 3411 3558 pugna
3450 3487 3658 3557 plenius

2075 3598 2455 3657 confirmatus,
2501 3588 2802 3644 ﬁrmiorem
2831 3583 3070 3656 perinde
3117 3580 3350 3651 reliquis
3375 3578 3541 3635 fidem
3577 3579 3638 3634 in

2075 3695 2316 3764 gereret.
3512 3755 3518 3762 _

2146 3793 2308 3848 Forte
2335 3787 2484 3845 enim
2513 3799 2696 3855 operae
2736 3779 2977 3852 pretium
3005 3785 3145 3846 erat,
3182 3786 3245 3832 ut
3290 3776 3403 3833 illic
3426 3775 3659 3848 primum

2075 3883 2401 3956 mysterium
2417 3876 2689 3934 curiosius
2707 3873 3116 3942 exploraretur,
3171 3869 3341 3939 inque
3373 3883 3502 3924 eum
3542 3882 3634 3922 mo

2073 3975 2207 4030 dum
2240 3971 2472 4043 probata
2493 3961 2789 4034 Evangelii
2813 3962 3040 4024 veritas,
3072 3958 3378 4013 indubitata
3410 3956 3655 4027 gentibus

2077 4066 2413 4121 traderetur.
2463 4060 2607 4116 Sane
2640 4070 2772 4112 vero
2809 4053 2978 4110 etiam
3026 4053 3366 4122 reliquorum
3426 4050 3644 4120 diseipu

2075 4157 2253 4213 lorum
2281 4147 2728 4209 animos-sensim
2747 4143 3057 4215 pervadens
3076 4141 3352 4206 dubietas,
3377 4140 3522 4195 haud
3543 4141 3653 4210 pias

2075 4249 2133 4304 in
2153 4248 2234 4303 eis
2250 4262 2314 4301 ac
2343 4243 2628 4313 religiosas
2646 4236 3006 4309 cogitationes
3046 4233 3325 4298 movebat,
3348 4239 3626 4302 specuum

2075 4357 2183 4412 que
2214 4341 2376 4394 inane
2413 4351 2534 4391 esse
2573 4329 2924 4403 suggerebat,
2971 4328 3026 4383 id
3060 4326 3208 4398 quod
3251 4325 3429 4380 oculis
3466 4338 3648 4378 cerne.

2071 4434 2238 4488 .batur
2275 4449 2290 4485 :
2331 4444 2522 4485 verum
2573 4426 2651 4480 illi
2695 4423 2944 4496 quidem,
2995 4418 3287 4475 formidine
3345 4425 3654 4471 accuratam

394 4511 647 4582 ρίζεσθαι
691 4509 784 4564 τὸν
813 4510 958 4566 νοῦν.
984 4512 1057 4564 Σὺ
1087 4510 1166 4579 δὲ,
1193 4505 1239 4566 ὦ
1263 4513 1611 4580 γενναιότατε
1643 4513 1740 4567 καὶ
1777 4512 1976 4584 θερμό-

2079 4527 2299 4582 fallente
2333 4522 2625 4583 rationem,
2660 4517 2847 4572 animo
2891 4511 3137 4576 incendi,
3184 4525 3251 4565 ac
3279 4508 3536 4579 partibus
3570 4523 3631 4564 se

389 4621 526 4658 τατε
548 4606 646 4675 τῆς
663 4603 922 4674 ἀληθείας
948 4602 1237 4674 ὲρευνητά,
1263 4603 1327 4657 οὐ
1355 4601 1530 4673 ψιλοῖς
1563 4602 1672 4658 τῶν
1694 4605 1968 4674 ἐπαγγελ-

388 4697 594 4750 λόντων
616 4696 794 4764 λόγοις
815 4693 1225 4768 παραδέξασθαι
1258 4696 1369 4750 δεῖν
1394 4695 1580 4766 ᾠήθης
1606 4697 1707 4766 τὴν
1729 4697 1970 4750 ἀνάστα-

390 4805 516 4841 σινο
558 4788 828 4859 σφαλερὸν
870 4789 1010 4857 γάρ’
1057 4787 1170 4842 οὐδ’
1194 4785 1315 4856 ὄψει
1361 4787 1500 4861 μόνῃ
1538 4787 1969 4843 καταπιστεῦσαι

388 4887 456 4939 τὸ
500 4884 827 4954 μυστήριονο
854 4882 1095 4936 ὕποπτον
1120 4882 1250 4953 γὰρ,
1275 4881 1351 4945 ὡς
1383 4881 1478 4936 καὶ
1517 4881 1767 4950 ἀγγέλων
1807 4881 1970 4938 τινῶν

388 4980 477 5042 εἰς
521 4973 664 5041 εἶδος
699 4974 796 5029 τοῦ
841 4975 1181 5046 ποθουμένου
1216 4974 1558 5046 μορφοῦσθαι
1587 4975 1850 5039 πολλάκις
1876 4974 1971 5028 δυ-

389 5073 679 5139 ναμένων·
709 5067 900 5139 ὥσπερ
941 5067 998 5120 δὲ
1041 5066 1135 5120 τὸν
1162 5065 1395 5122 θάνατον
1424 5067 1517 5121 καὶ
1545 5067 1645 5139 τὴν
1671 5068 1851 5138 ταφὴν
1876 5067 1970 5122 τοῦ

407 5161 608 5231 Ἰησοῦ,
640 5160 708 5214 δι’
741 5158 914 5226 αὑτῆς
943 5159 1118 5228 ὅψεως
1156 5158 1253 5213 καὶ
1287 5158 1484 5231 πείρας
1512 5157 1706 5228 ἔγνως,
1735 5158 1880 5214 οὑτω
1906 5159 1972 5232 δὴ

388 5253 492 5306 καὶ
523 5252 623 5321 τὴν
667 5249 966 5304 ἀνάστασιν
1005 5247 1398 5320 ἀναντίρρητον
1426 5247 1604 5316 ἐαυτῷ
1640 5265 1702 5302 τε
1733 5247 1970 5320 πρῶτον,

391 5345 494 5400 καὶ
521 5345 654 5398 πᾶσι
680 5341 1194 5397 κατασκευάσασθαι
1234 5340 1572 5412 βουλόμενος,
1598 5340 1698 5410 τὴν
1741 5339 1829 5394 διὰ
1871 5342 1973 5411 τῆς

389 5436 592 5506 πείρας
635 5433 927 5505 ἀπῄτησας
974 5425 1378 5506 πληροφορίαψ
1426 5433 1522 5486 καὶ
1565 5433 1692 5496 τοὺς
1721 5433 1781 5486 ὲν
1809 5431 1968 5503 χερσὶ

387 5505 506 5582 xat
520 5528 646 5581 ποσὶ
669 5527 876 5589 τύπους
904 5505 1022 5578 τῶν
1040 5527 1205 5596 ἥλων,
1237 5527 1333 5580 καὶ
1357 5526 1456 5596 τῆς
1486 5523 1784 5588 πανολὸίας
1804 5525 1966 5578 πλευ-

389 5621 501 5694 ρᾶς
549 5620 648 5688 τὴν
685 5617 875 5688 νυγὴν,
905 5617 1000 5671 τοῦ
1050 5617 1316 5682 παθόντος
1344 5617 1593 5689 σώματος
1632 5615 1707 5681 ὡς
1747 5616 1964 5687 ἀληθῶς

471 5781 520 5813 ⁸³
549 5779 704 5836 Joan.
734 5797 807 5839 γι,
850 5779 939 5834 66.
1017 5779 1063 5811 “
1103 5779 1235 5834 Luc.
1285 5794 1427 5842 εχιτ,
1462 5776 1568 5841 56;
1620 5775 1787 5830 Marc.
1837 5788 1949 5840 xw,
1984 5772 2066 5827 14.

2069 4617 2188 4672 carri
2239 4611 2589 4670 sustinebant
2636 4609 2700 4662 “.
2745 4607 2827 4662 Tu
2886 4619 3042 4666 vero,
3085 4601 3504 4673 generosissime
3551 4599 3661 4654 fer.

2073 4705 2504 4773 ventissimeqne
2533 4697 2780 4756 veritatis
2809 4696 3116 4767 indagator,
3145 4709 3256 4747 non
3302 4691 3468 4746 nudis
3515 4691 3649 4744 refe-

2071 4801 2316 4858 rentium
2345 4796 2576 4852 vocibus
2616 4791 2990 4863 recipiendam
3023 4785 3651 4844 resurrectionemduxio

2073 4894 2144 4949 sti
2172 4892 2397 4962 (quippe
2423 4904 2514 4944 res
2533 4887 2719 4948 fallax,
2751 4899 2857 4942 nec
2875 4892 2990 4938 tuta
3013 4880 3188 4947 satis),
3212 4894 3314 4934 nec
3340 4879 3474 4935 solis
3497 4878 3651 4933 obtu-

2071 4985 2224 5040 tibus
2249 4981 2583 5039 credendam
2607 4977 2854 5051 mysterii
2875 4976 3036 5031 [idem
3063 4973 3390 5030 existimasti
3417 4974 3563 5040 (nam
3595 4983 3648 5028 et

2071 5077 2179 5132 hoc
2201 5083 2544 5146 suspectum,
2569 5087 2694 5128 cum
2733 5079 2791 5126 et
2831 5068 3012 5140 angeli
3059 5083 3171 5122 non
3199 5083 3323 5121 raro
3355 5066 3649 5122 desiderati

2072 5167 2306 5223 formam
2328 5165 2557 5220 induere
2604 5162 2863 5234 possint),
2904 5161 3038 5232 quin
3079 5159 3223 5214 sicut
3252 5158 3382 5212 Jcsu
3414 5167 3648 5212 mortem

2073 5271 2138 5311 ac
2167 5256 2502 5326 sepulturam
2524 5253 2644 5324 ipso
2675 5260 2902 5322 aspectu
2930 5265 2996 5306 ac
3032 5247 3408 5318 experimento
3427 5261 3647 5327 usurpa

2075 5363 2254 5412 veras,
2304 5346 2385 5401 sic
2429 5359 2650 5414 quoque
2699 5341 3186 5403 resurrectionem,
3230 5351 3343 5393 tum
3383 5337 3498 5406 ipse
3543 5337 3646 5390 tibi

2075 5437 2336 5507 primum,
2390 5442 2506 5489 tum
2569 5435 2796 5505 reliquis
2856 5433 3112 5489 omnibus
3169 5427 3646 5485 incontestabilem

2070 5529 2304 5585 reddere
2343 5528 2591 5593 studens,
2638 5531 2759 5598 ipso
2797 5527 2876 5582 rei
2926 5525 3305 5594 experimento
3355 5519 3502 5574 illius
3546 5518 3644 5574 tibi

2071 5627 2222 5674 certo
2275 5617 2634 5688 praestandam
2671 5616 2831 5671 fidem
2885 5612 3133 5684 ﬂagitasti
3168 5624 3444 5680 :‘vcreque
3476 5610 3623 5664 susci
