4094 6436
511 326 620 391 135

1716 325 2012 388 ΝΙΟΕΤΑΞ
2050 324 2579 387 PAPHLAGONIS

3673 325 3790 388 136

512 443 612 498 tati
648 456 769 514 elus
800 443 1074 514 corporis,
1116 441 1267 516 quod
1311 456 1535 515 passum
1577 450 1700 498 erat
1750 449 1916 512 atque
1967 455 2106 495 mor-

2210 441 2540 505 ἀναστάντος
2575 439 2852 512 τεκμήρια
2877 438 3185 509 τιθέμενος,
3213 438 3314 509 τήν
3339 438 3618 511 μακαρίαν
3646 441 3800 494 ὲκεί-

517 543 695 600 tuum,
721 544 872 588 certa
900 533 1104 589 indicia
1141 541 1413 598 statuens,
1439 534 1720 589 clavorum
1753 533 1809 587 in
1841 530 2098 588 manibus

513 625 857 696 pedibusque
886 635 1105 697 apertas
1133 627 1458 696 cicatrices;
1485 623 1896 693 beatissimique
1912 624 2101 679 lateris

2204 549 2305 602 νην
2353 531 2492 602 μετά
2534 531 2636 600 τὴν
2673 530 2991 602 ψηλάφησιν
3037 530 3202 593 εὐθὺς
3239 529 3528 601 ἀνηρεύξω
3560 531 3750 600 φωνήν
3779 546 3797 560 ο

2217 621 2274 678 '0
2303 625 2518 693 Κύριός
2541 643 2682 694 μου,
2709 623 3162 696 ἀποκρινόμενος,
3196 623 3295 678 καὶ
3329 626 3363 678 ὁ
3393 625 3540 686 Cede
3562 641 3682 691 μου
3712 626 3736 678 !

509 722 716 777 lanceae
762 721 1084 789 fossionem,
1139 739 1267 779 mox
1310 740 1376 782 ac
1420 730 1844 788 contrectasses,
1909 721 2126 777 beatam
2193 718 2345 777 illam
2401 735 2594 776 vocem
2643 720 2908 776 eructasti
2934 759 2952 787 ,
3005 735 3072 776 ac
3124 717 3482 790 respondisti.
3531 716 3804 774 Dominus

511 828 661 867 meus
682 821 732 867 et
750 813 890 868 Deus
923 831 1067 871 meus
1085 815 1156 872 ⁸⁵.

581 903 628 960 0
661 915 906 962 sanctam
930 922 1124 964 vocem
1152 919 1344 966 sancto
1366 910 1575 981 Spiritu
1599 909 1942 966 sanctissime
1969 923 2104 978 pro-

511 999 719 1055 latam!
757 1016 880 1071 qua:
906 1003 1120 1060 scilicet
1165 1006 1540 1076 apostolorum
1571 1017 1786 1062 mentes
1821 1003 2105 1061 constabi-

513 1091 653 1156 livit,
699 1093 1042 1150 dubietatem
1079 1097 1313 1163 curavit,
1357 1096 1513 1153 firma
1541 1107 1773 1154 cunctos
1815 1097 1922 1154 fide
1952 1111 2106 1152 com-

513 1185 720 1254 posuit.
761 1184 807 1240 0
841 1186 1065 1243 brevem
1108 1204 1330 1256 vocem,
1377 1206 1628 1262 magnam
1666 1190 1721 1245 in
1752 1205 1811 1246 se
1843 1190 2106 1246 virtutem

515 1276 838 1332 habentem!
861 1294 983 1348 qua:
1007 1279 1265 1337 videlicet
1285 1281 1589 1354 proﬂigatis
1609 1283 1903 1350 haereticis,
1943 1295 2108 1340 recta:

513 1380 733 1420 omnem
756 1367 883 1423 fidei
906 1369 1151 1440 regulam
1175 1370 1436 1428 illustret.
1457 1372 1714 1428 Dominus
1737 1391 1883 1429 meus
1900 1381 1948 1428 et
1967 1374 2107 1431 Deus

514 1459 694 1513 meus!
723 1459 844 1515 Non
877 1462 1019 1519 alius
1052 1464 1350 1531 Dominus,
1397 1475 1565 1536 atque
1605 1467 1747 1523 alius
1786 1468 1950 1523 Deus.
1985 1468 2110 1524 Non

514 1552 657 1608 alius
691 1552 788 1622 qui
826 1555 1102 1625 palpatur,
1132 1557 1276 1614 alius
1301 1558 1398 1628 qui
1439 1573 1658 1614 omnem
1685 1569 1894 1616 tactum
1930 1561 2106 1632 fugit;

513 1644 610 1699 sed
670 1644 766 1716 qui
817 1657 1114 1718 assumpta:
1174 1652 1361 1707 carnis
1412 1653 1629 1708 ratione
1677 1655 2109 1724 comprehensus

513 1733 803 1801 Dominus,
829 1737 876 1792 is
905 1738 1023 1808 ipse
1045 1739 1192 1794 Deus
1216 1756 1396 1807 meus,
1421 1749 1618 1798 natura
1638 1743 1861 1800 deitatis
1881 1745 2109 1803 omnino

511 1824 806 1882 absolutus
837 1836 897 1882 et
917 1828 1452 1900 incomprehensus;
1484 1833 1577 1902 qui
1611 1848 1865 1904 persona
1893 1837 2108 1894 ratione

512 1913 903 1986 singulariter;
930 1919 1172 1988 gemine,
1195 1929 1443 1992 spectata
1467 1935 1666 1980 natura
1677 1926 2107 2000 videaturatque

510 2007 797 2063 credatur.
832 2007 925 2065 Sic
951 2009 1241 2066 Christum
1271 2013 1419 2070 scire
1454 2015 1609 2072 velut
1641 2027 1849 2074 tessera
1885 2019 2110 2078 divinus

513 2098 697 2154 edicat
719 2101 1017 2170 Apostolus
1041 2120 1056 2159 :
1081 2119 1147 2160 ac
1171 2107 1318 2162 sicut
1342 2107 1538 2163 Petrus
1559 2117 1688 2166 ante
1712 2111 2025 2180 passionem
2047 2121 2108 2169 et

515 2192 1015 2259 resurrectionem,
1051 2195 1130 2252 ita
1158 2196 1252 2253 hic
1291 2213 1515 2270 quoque
1540 2199 1764 2257 Christo
1783 2203 1898 2274 jam
1933 2204 2110 2261 susci-

519 2287 654 2344 tato,
675 2285 824 2353 quod
852 2286 907 2340 in
938 2287 1036 2344 illo
1057 2304 1234 2345 unum
1267 2300 1354 2348 est
1391 2307 1456 2348 ac
1493 2293 1698 2366 duplex
1736 2296 2105 2366 praedicabat:

513 2388 753 2443 quorum
801 2379 1070 2438 Dominus
1113 2393 1429 2440 accuratam
1474 2387 1880 2445 confessionem
1933 2399 2109 2446 ratam

518 2467 764 2536 habens,
809 2487 967 2528 suam
1015 2475 1071 2530 in
1111 2491 1178 2532 ea
1221 2477 1382 2534 firma
1417 2479 1537 2536 basi
1585 2480 1962 2537 constabilivit
2001 2483 2110 2538 Ec-

521 2564 769 2623 clesiam.

589 2656 746 2723 Quod
779 2673 915 2714 vero
959 2659 1202 2731 Spiritus
1241 2671 1467 2720 sanctus
1501 2679 1536 2720 a
1574 2664 1738 2721 Patre
1773 2679 1876 2735 per
1908 2665 2110 2721 Filium

519 2746 697 2816 (juxta
739 2746 888 2817 quod
929 2749 1061 2804 olim
1097 2750 1437 2820 promissum
1477 2751 1684 2821 fuerat)
1717 2753 1927 2810 effusus
1956 2763 2109 2823 erat;

520 2837 781 2908 plenique
814 2839 964 2895 illius
1001 2842 1209 2897 virtute
1250 2842 1540 2914 discipuli,
1570 2843 1864 2915 alllatuque
1890 2845 2110 2916 repleti,

520 2929 709 2999 gratiae
738 2930 792 2986 in
827 2932 1024 3002 seipsis
1053 2935 1457 3007 parturiginem
1488 2938 1774 2993 continere
1815 2953 1926 2993 non
1955 2939 2110 2995 vale-

522 3021 689 3088 bant;
727 3038 793 3078 ac
826 3024 934 3079 nisi
969 3041 1069 3096 per
1111 3027 1432 3083 universum
1475 3029 1651 3098 sparsi
1683 3029 1896 3096 orbem,
1938 3029 2107 3086 alius-
2129 3067 2178 3131 ο

520 3129 629 3184 que
649 3114 811 3169 aliam
834 3114 891 3170 in
911 3130 977 3172 eo
992 3117 1312 3188 complexus
1323 3119 1628 3185 nationem,
1652 3120 1838 3177 divina
1855 3121 2105 3178 bonitate

520 3207 900 3277 impertirent;
955 3224 1061 3265 nec
1105 3209 1219 3266 Deo
1267 3212 1512 3269 mittenti
1556 3214 1792 3285 placita,
1829 3230 1934 3271 nec
1959 3215 2104 3272 issu

519 3299 863 3370 benignitate
886 3311 1051 3371 atque
1083 3312 1359 3374 praecepto
1390 3305 1577 3374 digna,
1601 3306 1846 3362 facturos
1875 3323 1933 3364 se
1958 3308 2107 3363 arbi-

522 3390 856 3445 trabantur:
898 3391 993 3446 alii
1029 3391 1217 3462 itaque
1255 3394 1366 3449 alio
1405 3395 1561 3450 missi
1603 3398 1858 3466 apostoli,
1896 3415 2000 3470 pro
2039 3414 2107 3454 eo

523 3481 718 3552 utique
763 3497 829 3537 ac
877 3493 1074 3538 auctor
1125 3484 1244 3554 ipse
1293 3485 1692 3543 mittendorum
1750 3492 2104 3560 decreverat;

521 3571 925 3643 probatissimae
966 3582 1152 3629 autem
1190 3574 1415 3632 virtutis
1458 3585 1654 3649 terque
1695 3583 1933 3640 maxime
1974 3593 2110 3655 (quo

523 3661 593 3718 de
611 3662 843 3734 agimus)
871 3662 1038 3719 Verbi
1073 3664 1370 3736 discipulo,
1392 3683 1516 3724 cum
1546 3669 1896 3738 Parthorum,
1923 3673 2112 3730 Medo-

523 3770 758 3826 rumque
784 3765 952 3827 atque
990 3757 1079 3812 his
1117 3757 1446 3814 ulteriorum
1483 3758 1804 3834 IEthiopum
1837 3769 2112 3835 apostola-

525 3858 642 3903 tum
672 3858 857 3915 nacto,
882 3864 946 3904 ac
965 3865 1078 3921 quo
1107 3849 1164 3906 in
1193 3866 1291 3908 eos
1312 3853 1478 3908 modo
1501 3869 1566 3910 ac
1587 3855 1803 3913 ratione
1826 3857 2111 3915 invaderet

527 3941 619 4012 (ad
643 3941 899 3997 homines
921 3942 1133 3998 scilicet
1159 3945 1519 4015 proﬁciscens
1537 3955 1762 4019 aspectu
1785 3957 1972 4005 truces
1992 3951 2111 4006 ani-

524 4035 713 4106 mique
752 4033 1002 4088 moribus
1042 4035 1408 4108 acerbiores),
1436 4053 1502 4094 ac
1521 4055 1649 4095 cum
1682 4041 1766 4097 eis
1802 4040 1873 4096 de
1906 4041 2111 4112 pietate

524 4141 808 4182 sermones
848 4127 1144 4195 misceret,
1189 4129 1337 4184 haud
1381 4133 1517 4190 satis
1547 4144 1941 4190 succurreret:
1972 4136 2108 4206 quin

523 4229 580 4274 et
600 4219 781 4290 ipsum
801 4217 918 4273 fere
941 4220 1160 4275 illarum
1184 4221 1430 4293 gentium
1451 4227 1640 4282 oneris
1663 4227 1904 4294 taederet;
1929 4229 2110 4287 omnis

527 4316 584 4369 in
614 4323 874 4385 promptu
910 4313 1186 4370 dubitatio
1219 4325 1276 4371 et
1310 4319 1560 4374 anxietas
1594 4319 1823 4389 depulsa
1857 4329 1959 4376 est.
1991 4320 2110 4391 Ipse

2279 909 2344 961 ’Ὦ
2370 911 2557 981 φωνῆς
2587 909 2773 979 ἁγίας,
2801 911 2946 982 άγίῳ
2983 909 3268 980 Πνεύματι
3305 907 3587 976 παναγίως
3607 923 3807 978 φωνη-

2206 997 2418 1070 θείσης,
2453 1001 2549 1054 καὶ
2577 1001 2677 1066 τὰς
2725 1001 3093 1066 ἀποστολικὰς
3140 999 3378 1064 διανοίας
3430 997 3802 1070 στηριξάσης,

2205 1094 2300 1147 καὶ
2327 1093 2746 1167 θεραπευσάσης
2774 1095 2873 1167 τὴν
2905 1095 3366 1166 ἀμφιϐολίαν,καὶ
3395 1093 3533 1164 πρὸς
3564 1089 3804 1162 βεϐαίαν

2205 1188 2334 1251 τοὺς
2371 1188 2578 1252 πάντας
2636 1189 3064 1259 κατορθωσάσης
3103 1188 3318 1243 πίστινί
3347 1187 3414 1240 Ὢ
3441 1187 3628 1257 φωνῆς
3651 1186 3805 1255 βρα-

2207 1280 2381 1351 χείας,
2409 1279 2655 1353 μεγάλην
2687 1283 2745 1336 έν
2775 1282 2914 1354 αὐτῇ
2945 1280 3174 1350 δύναμιν
3209 1279 3464 1350 ἐχούσης,
3493 1277 3605 1332 τῶν
3637 1278 3806 1348 alpe-

2203 1371 2373 1426 τικῶν
2409 1373 2509 1442 μὲν
2563 1373 2948 1445 ἀφανιστικὴν,
2980 1371 3289 1444 ὁρθοδοξίας
3325 1371 3382 1424 δὲ
3417 1371 3599 1440 πάσης
3620 1367 3805 1424 οὖσαν

2205 1464 2578 1534 φωτιστικήνι
2627 1462 2691 1516 '0
2721 1464 2938 1531 Κύριός
2960 1480 3105 1532 μου,
3131 1462 3231 1516 καί
3261 1464 3294 1516 ό
3325 1461 3642 1530 Θεόςμου]
3674 1461 3804 1515 Οὐκ

2205 1554 2365 1619 ἀλλος
2387 1558 2415 1611 6
2448 1554 2676 1626 Κύριος,
2709 1557 2805 1609 καὶ
2843 1555 3003 1619 ἄλλος
3048 1557 3077 1608 ὁ
3118 1555 3274 1618 Θεὸς.
3303 1555 3418 1608 Οὐκ
3448 1553 3604 1618 ἄλλος
3629 1553 3658 1605 6
3685 1553 3806 1625 ψη-

2206 1644 2548 1718 λαφώμενος.
2579 1646 2676 1699 καὶ
2723 1647 2880 1709 ἀλλος
2925 1646 2954 1700 ὁ
2984 1647 3228 1715 ἀναῳής⁸
3267 1643 3382 1698 ἀλλ’
3426 1645 3455 1697 ὁ
3496 1642 3578 1712 τῷ
3615 1661 3804 1716 προσ-

2135 1711 2184 1773 Β
2211 1711 2458 1810 λήμματι
2485 1738 2690 1810 ληπτὸς
2712 1738 2938 1810 Κύριος,
2957 1711 3117 1801 αὐτὸς
3139 1711 3293 1799 οὗτός
3323 1752 3423 1804 μου
3447 1711 3580 1798 Θεὸς
3609 1711 3803 1806 ἀκρὰο

2209 1849 2370 1905 τητος
2387 1835 2454 1904 τῇ
2485 1833 2700 1905 θεότητι
2730 1833 2827 1886 καὶ
2875 1831 3117 1902 ἄληπτος
3135 1844 3150 1859 ³
3193 1828 3498 1899 μοναδικῶς
3529 1826 3630 1898 τήν
3651 1827 3803 1881 ὑπό-

2209 1943 2423 1992 στασιν,
2449 1926 2651 1988 δυῖκῶς
2707 1925 2807 1996 τὴν
2840 1925 3004 1994 φύσιν
3045 1921 3320 1993 ὁρώμενος
3345 1920 3439 1974 καὶ
3463 1918 3808 1990 πιστευόμε⁶

2210 2035 2322 2083 νος.
2350 2018 2536 2079 υῦτως
2563 2017 2763 2073 εἰδέναι
2787 2017 2880 2072 τὸν
2913 2017 3150 2087 Χριστὸν
3167 2018 3195 2070 ὁ
3213 2015 3354 2079 θεῖος
3382 2011 3808 2086 παρεγγυάσθω

2208 2111 2412 2184 Θωμᾶς
2433 2129 2447 2145 ·
2480 2113 2576 2167 καὶ
2635 2111 2829 2183 ὥσπερ
2879 2113 2908 2166 ὁ
2950 2111 3160 2182 Πέτρος
3189 2109 3296 2181 πρὸ
3323 2108 3417 2163 τοῦ
3448 2107 3656 2170 πάθους
3694 2107 3807 2161 καὶ

2207 2207 2310 2276 τῆς
2368 2205 2744 2268 ἀναστάσεως,
2793 2203 2936 2258 οὕτω
2978 2202 3119 2274 μετά
3150 2202 3251 2274 τὴν
3286 2201 3584 2256 ἀνάστασιν
3611 2191 3806 2261 οὗτος,

2208 2297 2270 2351 τὸ
2295 2296 2520 2360 ὲνοειδὲς
2549 2295 2646 2350 καὶ
2677 2293 2898 2349 διπλοῦν
2931 2294 3270 2367 ἀνεκήρυττε
3300 2292 3396 2347 τοῦ
3426 2289 3687 2364 Χριστοῦ,
3719 2279 3808 2342 ὢν

2207 2389 2271 2444 τὸ
2354 2388 2456 2458 τῆς
2513 2389 2802 2458 ὁμολογίας
2865 2390 2896 2441 6
2977 2387 3185 2458 Κύριος
3258 2382 3812 2461 έπισφραγιζόμενος

2210 2481 2459 2551 ἀκριϐὲς,
2488 2480 2574 2534 ἐπ’
2608 2479 2758 2551 αὑτῷ
2805 2478 2904 2551 τὴν
2958 2479 3094 2534 ίδίαν
3132 2476 3458 2548 Ἐκκλησίαν
3499 2473 3815 2544 ἀνεστηρί-

2213 2571 2362 2638 ξατο.

2295 2664 2450 2717 Ἐπεὶ
2515 2661 2574 2716 δὲ
2626 2662 2688 2716 τὸ
2725 2659 2952 2732 Πνεῦμα
2990 2659 3051 2713 τὸ
3087 2657 3244 2728 ἀγιον
3270 2657 3360 2712 διὰ
3392 2653 3489 2708 τοῦ
3525 2653 3657 2708 Υίοῦ
3686 2670 3816 2711 πα-

2209 2751 2402 2825 τρόθεν
2432 2752 2573 2807 κατά
2603 2750 2703 2821 τήν
2724 2748 2991 2805 ἀνέκαθεν
3016 2747 3356 2816 ἐπαγγελίαν
3393 2745 3662 2816 ἐξεχεῖτο*
3701 2745 3813 2798 καὶ

2210 2845 2444 2916 πλήρεις
2499 2844 2599 2916 μὲν
2648 2843 2750 2912 τῆς
2805 2841 3014 2896 ἐκείνου
3085 2839 3370 2910 δυνάμεως
3425 2839 3474 2891 οί
3527 2835 3808 2908 μαθηταὶ,

2210 2937 2444 3008 πλήρεις
2503 2937 2560 2990 δὲ
2607 2936 2894 3005 γενόμενοι
2951 2934 3049 3002 τῆς
3097 2931 3401 3001 ἐνεργείας,
3455 2929 3554 3000 οὐχ
3601 2924 3807 2981 οἷοίτε

2209 3024 2350 3102 ἦσαν
2374 3026 2475 3100 τὴν
2523 3025 2689 3081 ὠδῖνα
2737 3025 2837 3096 τῆς
2872 3024 3096 3096 χάριτος
3124 3023 3182 3076 ὲν
3207 3021 3420 3085 ἑαυτοῖς
3456 3020 3760 3089 κατασχεῖν
3788 3038 3803 3050 ·

2211 3121 2330 3178 ἀλλ’
2361 3123 2411 3176 εί
2444 3120 2518 3192 μὴ
2547 3119 2690 3174 κατά
2717 3117 2816 3189 τὴν
2863 3115 3186 3187 οἰκουμένην
3226 3113 3618 3184 διασπαρέντες
3643 3111 3804 3183 ὃλην,

2211 3214 2309 3270 καὶ
2333 3213 2494 3278 ἄλλος
2543 3211 2675 3270 ἄλλο
2732 3227 2788 3264 τι
2823 3209 2987 3281 μέρος
3025 3207 3136 3263 τῶν
3162 3208 3251 3261 ἐπ’
3277 3206 3449 3277 αὐτῆς
3486 3204 3658 3260 ἐθνῶν
3677 3203 3804 3260 δια-

2210 3307 2491 3373 λαϐόντες,
2551 3305 2654 3375 τῆς
2732 3303 3034 3374 θεαρχικῆς
3102 3300 3380 3374 μεταδοῖεν
3434 3297 3802 3370 ἀγαθότητος,

2211 3397 2339 3453 οὔτε
2393 3397 2472 3468 τῷ
2523 3393 2909 3450 ἀποστέλλοντι
2963 3391 3082 3464 Θεῷ
3129 3391 3278 3460 φίλα,
3327 3389 3452 3444 οὔτε
3475 3388 3580 3459 τῆς
3621 3389 3798 3459 Ἰησοῦ

2214 3488 2624 3562 φιλανθρωπίας
2651 3486 2851 3553 ἐπάξια
2869 3484 3101 3555 πράξειν
3129 3485 3225 3538 καὶ
3252 3483 3512 3555 διαταγῆς
3529 3482 3768 3554 ἡγοῦντο
3785 3498 3800 3512 ’

2213 3583 2364 3638 ἄλλοι
2399 3584 2499 3655 μὲν
2522 3580 2616 3635 οῦν
2643 3579 2853 3650 ἀλλαχῆ
2874 3577 2984 3632 τῶν
3019 3576 3358 3642 ἀποστόλων,
3389 3573 3575 3636 καθὼς
3597 3575 3806 3639 αὐτοὺς

2213 3680 2243 3732 6
2271 3674 2616 3732 ἀποστέλλων
2674 3669 2945 3727 διέστελλε
2991 3669 3263 3739 δήπουθεν
3305 3665 3802 3733 ὲξαπεστέλλοντω

2213 3766 2293 3838 τῷ
2309 3765 2666 3836 δοκιμωτάτῳ
2703 3763 2760 3817 δὲ
2783 3762 2959 3833 τούτῳ
2983 3760 3079 3816 καὶ
3100 3758 3474 3832 τρισμεγίστῳ
3502 3755 3596 3811 τοῦ
3621 3758 3804 3828 Λόγου

2218 3859 2461 3931 μαθητῇ,
2523 3856 2758 3930 Πάρθων
2799 3855 2898 3908 καὶ
2951 3854 3186 3925 Μήδων,
3245 3852 3341 3906 καὶ
3387 3850 3496 3904 τῶν
3538 3849 3806 3904 ἐπέκεινα

2214 3951 2426 4015 τούτοις
2478 3947 2756 4004 Δίθιόπων
2794 3947 2896 4016 τὴν
2945 3943 3254 4015 ἀποστολὴν
3276 3942 3518 4014 λαχόντι,
3551 3941 3646 3996 καὶ
3679 3941 3807 4003 πῶς

2214 4045 2284 4099 ἂν
2307 4043 2488 4107 αὐτοῖς
2519 4039 2684 4104 ἐπίοι,
2718 4039 2813 4093 καὶ
2840 4037 2944 4091 τίνι
2984 4036 3172 4108 τρόπῳ
3212 4035 3327 4098 τοῖς
3370 4034 3668 4096 ἀπευκτοῖς
3705 4033 3807 4104 μὲν

2214 4138 2314 4209 τὴν
2337 4135 2480 4206 ὄψιν,
2504 4131 2908 4206 χαλεπωτέροις
2936 4129 2994 4183 δὲ
3013 4129 3107 4182 τὸν
3127 4127 3228 4198 τῆς
3247 4125 3428 4197 ψυχῆς
3448 4125 3649 4198 τρόπον
3678 4127 3807 4178 ὲπιο

2215 4226 2559 4299 δεδημηκὼς,
2590 4223 2670 4288 είς
2702 4241 2764 4277 τε
2793 4223 2984 4287 λόγους
3011 4221 3108 4276 καὶ
3151 4219 3372 4291 ὁμιλίας
3407 4217 3509 4282 τὰς
3537 4218 3677 4290 ὑπὲρ
3709 4218 3804 4272 εὑ-

2219 4321 2438 4384 σεδείας
2477 4318 2621 4372 ἔλθοι
2645 4331 2662 4346 ·
2694 4315 2880 4387 ἡρέμα
2905 4314 2962 4369 δὲ
2998 4313 3253 4384 καὶπρὸς
3282 4313 3345 4365 τδ
3382 4310 3548 4382 βάρος
3575 4309 3808 4365 ἑκείνων

523 4408 674 4462 enim
696 4406 1080 4463 divinissimus
1099 4408 1280 4477 Jesus,
1303 4410 1799 4482 incomprehensus
1814 4413 1927 4475 ille,
1944 4415 2111 4469 nullis

2217 4412 2624 4484 δυσχεραίνοντι
2653 4409 2761 4464 τῶν
2788 4406 2980 4473 ἐθνῶν,
3024 4405 3256 4474 ἐγγύθεν
3293 4405 3328 4474 ή
3364 4402 3518 4467 λύσις
3546 4401 3806 4473 παρέστη

527 4497 780 4552 terminis
796 4497 1005 4563 finitus,
1025 4500 1120 4569 qui
1138 4499 1195 4553 in
1213 4500 1366 4555 ccelis
1381 4502 1530 4556 Patri
1553 4517 1774 4572 semper
1789 4503 2111 4573 coniunctus

2222 4505 2331 4559 τῶν
2368 4503 2756 4574 ἠπορημένων.
2803 4499 2976 4562 Αὐτὸς
3012 4499 3121 4568 γὰρ
3149 4497 3178 4550 6
3208 4493 3649 4567 θεαρχικώτατος
3692 4496 3803 4567 Ἰη-

524 4595 638 4650 est,
659 4596 824 4657 atque
843 4587 899 4641 in
923 4589 1088 4643 terris
1108 4589 1255 4660 apud
1277 4605 1376 4646 eos
1403 4605 1543 4661 quos
1566 4591 1734 4648 habet
1754 4593 2118 4659 necessarios,

2224 4594 2372 4660 σοῦς,
2414 4596 2445 4647 6
2489 4593 2884 4666 ἀπερίληπτος,
2910 4592 2940 4643 ὁ
2963 4590 3368 4662 ἀπεριόριστος,
3405 4589 3520 4644 ἄνω
3549 4587 3704 4660 παρὰ
3724 4587 3801 4656 τῷ

525 4691 746 4746 semper
770 4676 1008 4732 indivise
1029 4687 1214 4733 manet
1238 4697 1251 4732 :
1283 4679 1374 4735 hic
1398 4681 1648 4750 corporis
1670 4689 1902 4746 statura,
1934 4681 2111 4737 indole

2222 4687 2401 4758 Πατρὶ
2443 4685 2520 4740 ὣν
2578 4684 2920 4747 ἀδιαστάτως
2950 4683 3062 4751 ἀεὶ,
3087 4684 3184 4737 καὶ
3233 4683 3385 4736 κάτω
3414 4681 3473 4735 δὲ
3507 4682 3662 4752 παρά
3686 4683 3802 4743 τοῖς

523 4763 1049 4839 vultusque‘specie
1087 4771 1208 4824 viro
1239 4771 1536 4836 assimilis,
1573 4771 1930 4827 Mercatorem
1963 4772 2117 4828 ludia

2221 4779 2443 4842 οἰκείοις
2499 4776 2815 4849 ἀμερίστως
2873 4775 3048 4848 μένων
3073 4775 3160 4830 ἀεί
3183 4791 3198 4807 ⁸
3230 4768 3385 4838 οὗτος
3429 4772 3586 4844 ἀνδρὶ
3613 4773 3676 4826 τὸ
3706 4773 3803 4845 μέ-

525 4862 858 4932 profectum,
881 4877 1186 4931 recensque
1211 4861 1605 4934 Hierosolymis
1623 4874 1916 4920 exeuntem
1943 4881 2008 4920 ac
2023 4881 2111 4936 pa-

2222 4871 2401 4940 γεθος,
2429 4873 2530 4941 τήν
2552 4887 2612 4923 τε
2643 4868 2804 4940 φύσιν
2831 4870 2927 4924 καὶ
2953 4869 3050 4941 τὴν
3085 4867 3298 4940 μορφήν
3330 4866 3546 4932 ἐοικὼς,
3571 4868 3801 4939 ἐμπόρῳ

528 4953 687 5007 triam
755 4954 1088 5024 cogitantem
1142 4954 1278 5008 adit.
1328 4953 1411 5008 Ad
1463 4969 1628 5024 quem
1683 4955 1942 5012 dominus
1990 4971 2116 5012 cum

529 5043 855 5099 accessisset
899 5047 962 5115 (ο
997 5044 1370 5100 dominatoris
1411 5045 1865 5103 inclinationem!
1907 5063 1940 5103 o
1969 5048 2116 5104 servi

529 5137 858 5208 probitatem
881 5139 936 5210 l)
981 5141 1134 5196 velut
1165 5153 1410 5204 servum,
1449 5154 1612 5195 suum
1647 5141 1838 5196 vendit
1871 5141 2119 5212 discipu-

619 5295 663 5326 ⁵⁵
690 5292 848 5349 Joan.
880 5308 970 5357 xx,
1004 5293 1093 5347 28.

599 5435 712 5506 (25)
739 5434 1005 5509 Ἐμπόρῳ
1023 5435 1212 5509 τινί...
1239 5435 1619 5509 προσελθών.
1640 5437 1870 5509 Sumpta
1898 5439 2017 5495 haec
2048 5455 2115 5494 ex

529 5505 1051 5579 ThommPeriodis,
1112 5506 1257 5560 libro
1314 5507 1448 5579 olim
1508 5505 1804 5577 reprobate
1838 5525 1904 5564 ac
1949 5512 2114 5579 plane

531 5577 884 5646 apocrypho;
918 5576 1080 5644 cuius
1106 5586 1294 5631 tamen
1319 5577 1484 5632 fidem
1523 5576 1603 5632 sic
1651 5579 1826 5634 Graeci
1876 5576 1985 5634 non
2013 5581 2115 5634 ab-

532 5657 712 5717 nuunt
741 5687 756 5711 ,
798 5655 858 5698 ut
886 5657 942 5698 et
978 5648 1315 5714 quihusdam
1372 5648 1618 5717 antiquis
1652 5650 1813 5704 libris
1847 5651 2117 5705 ecclesia-

536 5714 692 5788 sticis
721 5717 993 5788 ascriptus
1017 5718 1277 5783 habeant,
1309 5729 1362 5773 et
1390 5714 1604 5788 partem
1640 5719 1694 5773 in
1720 5721 1922 5774 Mcnaaa
1959 5730 2116 5774 retu-

537 5780 724 5848 ierint,
751 5780 908 5855 longa
936 5780 1272 5846 narratione
1304 5780 1408 5844 hoé
1459 5791 1578 5860 ipso
1630 5791 1811 5856 titulo,
1873 5791 1972 5844 Ἐκ
2007 5791 2118 5845 τῶν

2218 4960 2331 5014 τινὶ
2396 4956 2811 5030 προσεληλύθει,
2866 4957 2966 5028 τῆς
3032 4958 3264 5027 Ἰνδικῆς
3323 4957 3423 5028 μὲν
3467 4957 3799 5028 ὁρμωμένῳ,

2219 5052 2346 5121 ἄρτι
2397 5051 2455 5102 δὲ
2516 5050 2628 5103 τῶν
2687 5048 3082 5121 Ἰεροσολύμων
3131 5048 3352 5116 ἐξιόντι,
3393 5049 3486 5102 καὶ
3531 5047 3667 5118 πρὸς
3701 5048 3800 5116 τὴν

2227 5145 2364 5198 ἰδίαν
2413 5144 2829 5199 παλινοστοῦντι
2879 5146 3005 5216 γῆν,
3052 5145 3228 5217 τούτῳ
3274 5143 3589 5217 προσελθὼν
3619 5143 3734 5216 (25)
3771 5145 3799 5196 6

2213 5437 2380 5491 αὐτοῦ
2435 5436 2749 5511 aspiciam,
2795 5436 2890 5511 _Em
2943 5437 3187 5511 ejusdem
3213 5437 3471 5511 _T_hom(8_
3501 5438 3744 5511 Perfodit
3775 5449 3794 5488 :

2215 5524 2339 5579 qua:
2364 5508 2618 5578 perinde,
2651 5507 2840 5578 paucis
2875 5511 3124 5571 mutatis,
3151 5507 3354 5562 'Abdiae
3381 5509 3669 5579 Babylonii
3693 5524 3792 5562 no-

2216 5581 2365 5633 mine
2385 5579 2606 5648 vulgata
2635 5588 2784 5641 sunt,
2817 5579 2992 5648 magis
3016 5580 3181 5632 etiam
3214 5581 3268 5632 in
3295 5579 3388 5634 illo
3417 5581 3654 5648 impura.
3693 5581 3794 5648 Sy-

2221 5651 2534 5714 naxarium,
2567 5649 2716 5715 quod
2750 5649 3030 5702 antecedit
3056 5691 3068 5711 ,
3106 5649 3301 5703 iisdem
3336 5651 3522 5703 verbis
3557 5649 3791 5702 habetur

2219 5721 2272 5774 in
2305 5721 2519 5790 ninguis
2570 5719 2797 5790 Menaeis
2841 5729 2896 5774 et
2961 5719 3146 5773 Basilii
3200 5720 3549 5789 imperatoris
3579 5736 3607 5772 a
3638 5717 3787 5790 card-

2219 5788 2419 5846 Sirlcto
2445 5789 2638 5845 Latine
2670 5789 2918 5853 redditis,
2959 5800 3013 5844 et
3039 5791 3255 5844 llcnriei
3281 5788 3491 5844 Canisii
3524 5800 3562 5846 t.
3596 5788 3788 5844 llledi-
