4094 6398
528 483 535 489 -
607 446 710 513 1‘39

1813 440 2110 503 NICET/E
2147 439 2680 503 PAPIILAGONIS

3778 427 3874 498 140

600 557 977 621 dicationibus
1009 558 1257 613 animum
1290 570 1353 613 ac
1386 555 1646 612 ﬁduciam
1677 555 1846 611 addit.
1883 555 2025 621 Quin
2054 561 2110 608 et
2140 554 2193 606 in

2308 555 2574 625 μαθητὴν,
2612 555 2707 608 καὶ
2739 571 2815 625 τῳ
2862 552 3203 626 πεπραμένη)
3238 550 3581 622 συνέρχεται,
3615 547 3708 603 καὶ
3745 565 3876 620 κρυ-

600 652 819 710 cunctis
847 651 925 706 illi
952 651 1059 706 viis
1090 651 1452 721 inaspectabli
1485 652 1697 704 ratione
1733 664 1939 710 comes,
1971 649 2041 702 ab
2075 663 2196 701 om-

601 744 770 812 nique
789 743 1040 812 periculo
1059 741 1372 796 ac'adverso
1393 755 1523 795 casu
1547 740 1825 805 liberans;
1859 737 1950 792 ubi
1973 737 2195 806 quidem

601 834 792 889 divina
818 833 1104 889 tractanda
1135 833 1354 896 forent,
1402 833 1718 900 divinmque
1764 829 2050 900 sapientia:
2071 845 2198 884 ver-

601 927 693 984 bis
745 925 812 981 ad
852 926 1115 996 pietatem
1153 923 1487 979 adhortandi
1524 921 1806 978 auditores
1835 928 2043 985 essent,
2073 919 2200 974 vitze

606 1034 920 1076 sermonem
951 1017 1106 1087 largo
1139 1017 1192 1070 in
1223 1031 1290 1070 eo
1320 1016 1469 1070 fonte
1498 1013 1852 1080 eﬂ‘undebat;
1885 1012 1979 1068 ubi
2012 1022 2198 1067 autem

609 1109 942 1180 declaranda
974 1105 1354 1178 prodigiorum
1397 1106 1595 1173 virtus,
1625 1105 1776 1161 omni
1807 1120 1897 1160 res
1930 1104 2201 1159 miraculo

512 1213 525 1232 ί
610 1201 847 1271 majores
885 1196 953 1251 ad
995 1204 1369 1265 spectatorum
1413 1204 1528 1251 tum
1559 1203 1845 1266 stuporem
1883 1202 1998 1250 tum
2036 1192 2199 1250 (idem

611 1299 871 1361 praestare
911 1285 1210 1341 tribuebat.

680 1573 854 1640 Quem
915 1571 970 1626 in
1031 1569 1257 1625 modum
1319 1583 1552 1641 magnus
1603 1568 1844 1626 Thomas
1901 1568 1970 1625 ad
2037 1567 2203 1624 Indos

611 1667 889 1722 abductus
942 1674 1048 1720 est.
1101 1663 1349 1733 Indeque
1395 1661 1716 1733 [Ethiopum
1771 1664 1904 1734 ipsis
1955 1663 2201 1733 regibus,

606 1759 935 1828 cunctisque
960 1757 1108 1810 illius
1134 1764 1294 1810 terrae
1332 1755 1570 1826 satrapis
1591 1771 1655 1811 ac
1672 1756 1808 1811 viris
1833 1754 2201 1828 principibus,

587 1849 873 1921 tanquam
907 1847 1248 1903 mirabilium
1292 1861 1522 1917 operum
1555 1854 1801 1918 patrator
1830 1847 2060 1903 illustris
2089 1845 2206 1903 elli-

2299 649 2435 719 φίως
2469 649 2558 702 ἀεὶ
2589 648 2904 720 προσλαλεϊ,
2959 649 3052 701 καὶ
3100 647 3394 714 μυστικαῖς
3424 643 3662 715 ὁμιλίαις
3699 657 3881 712 παρα-

2297 739 2472 804 καλεῖ,
2515 740 2608 792 καὶ
2657 739 3126 810 οεορῤημοσύναις
3175 737 3438 808 ἀρρήτοις
3473 731 3884 803 παρασκευάζει

2299 829 2546 901 θαρρεῖν.
2608 828 2720 882 Καὶ
2780 829 2887 900 μὴν
2947 829 3041 882 καὶ
3088 828 3146 881 ἐν
3193 828 3397 889 πάσαις
3427 824 3577 895 αὑτῷ
3604 825 3723 886 ταῖς
3745 822 3885 884 ὁδοῖς

2299 919 2548 990 ἀοράτως
2581 919 2940 989 ἐφεπόμενος,
2965 918 3058 972 καὶ
3099 917 3298 980 παντὸς
3337 913 3585 968 κινδύνου
3623 915 3719 966 καὶ
3751 929 3887 964 παν-

2299 1011 2390 1072 τὸς
2417 1010 2826 1082 συμπτώματος
2849 1008 3324 1080 άπολυτρούμενος
3349 1025 3364 1040 ο
3424 1007 3520 1061 καὶ
3548 1000 3610 1061 οῦ
3642 1005 3743 1076 μὲν
3773 1005 3889 1058 θεο-

2300 1103 2480 1171 λογεῖν
2505 1101 2706 1172 χρεὼν,
2745 1102 2846 1155 καὶ
2885 1103 2953 1174 ρή
2964 1119 3097 1172 μασι
3123 1099 3410 1168 θεοσοφίας
3439 1100 3564 1162 τοὺς
3592 1097 3890 1160 ἀκούοντας

2300 1195 2380 1257 είς
2406 1194 2693 1248 εύσέὃειαν
2739 1193 3100 1264 παρακαλεῖν,
3147 1193 3308 1260 λόγον
3341 1194 3399 1244 ἐν
3438 1186 3589 1260 αὑτῷ
3626 1190 3890 1262 πηγάζων

2302 1285 2482 1356 ζωῆς
2511 1279 2572 1339 οῦ
2613 1285 2671 1340 δέ
2715 1287 2813 1340 καὶ
2851 1285 3100 1354 τεράτων
3131 1285 3418 1355 ἐνέργειαν
3445 1283 3728 1353 ἐκφαίνειν
3757 1283 3889 1345 ἔδει,

2303 1379 2498 1450 παρὼν
2541 1381 2611 1435 τὰ
2669 1381 3102 1452 θαυμασιώτατα
3162 1379 3300 1449 πρὸς
3343 1378 3608 1450 ἔκπληξίν
3660 1395 3721 1432 τε
3781 1379 3893 1431 τῶν

2303 1473 2580 1545 δρώντων,
2619 1474 2714 1529 καὶ
2737 1474 2921 1526 πίστιν
2948 1473 3233 1544 χαρίζεται
3264 1473 3418 1544 δρᾷν.

2379 1569 2570 1632 Οὖτως
2599 1570 2680 1633 είς
2719 1569 2918 1633 Ἰνδοὺς
2969 1572 2997 1623 ό
3047 1571 3222 1639 μέγας
3248 1568 3473 1638 ἀπήχθη
3505 1567 3728 1638 Θωμᾶς.
3779 1565 3895 1618 Ἐν-

2306 1662 2500 1716 τεῦθεν
2541 1661 2640 1716 καὶ
2681 1663 2798 1725 τοῖς
2839 1661 2950 1716 τῶν
2999 1661 3278 1714 Αἰθιόπων
3317 1659 3630 1731 βασιλεῦσιν
3655 1657 3733 1721 ὡς
3760 1656 3894 1710 θαυ-

2310 1755 2519 1826 μασίων
2556 1754 2735 1826 ἔργων
2770 1755 3033 1824 ἐργάτης,
3075 1753 3167 1807 καὶ
3201 1754 3336 1807 πᾶσι
3369 1755 3484 1814 τοῖς
3509 1749 3773 1823 κρατοῦσι
3798 1748 3896 1818 τῆς

2307 1849 2414 1918 γῆς
2468 1847 2709 1916 ἐκείνης,
2769 1847 3043 1919 ἐπίσημος
3104 1845 3469 1900 καθίσταται·
3506 1845 3602 1896 καὶ
3640 1840 3834 1912 ὥσπερ
3868 1841 3897 1893 ό

607 1941 756 1996 citur
777 1940 844 1994 “.
892 1941 970 1995 Ac
1009 1939 1156 1993 sicut
1195 1938 1311 2008 ipse
1360 1938 1522 1994 Jcsus
1559 1938 1815 1994 Christus
1861 1937 2039 1994 factus
2077 1938 2206 1993 obe-

2310 1939 2548 2012 Χριστὸς
2569 1939 2732 2004 αὐτὸς
2763 1938 2996 2010 Ἰησοῦς,
3028 1939 3272 2009 ὑπήκοος
3305 1936 3384 2009 τῷ
3413 1935 3580 1990 αὑτοῦ
3603 1935 3898 2004 γενόμενος

609 2035 771 2090 diens
814 2033 998 2098 Patri,
1049 2030 1196 2088 servi
1224 2023 1468 2087 ‘formam
1515 2032 1760 2103 accepit,
1805 2048 1975 2104 seque
2022 2031 2204 2104 ipsum

612 2123 930 2196 dignatione
962 2121 1284 2186 humilians,
1316 2130 1482 2192 atque
1508 2121 1578 2177 ad
1613 2131 1848 2178 mortem
1877 2137 2054 2193 usque
2079 2136 2208 2193 pro-

614 2215 732 2271 dita
775 2215 1145 2286 subjectione,
1196 2213 1378 2270 Patris
1427 2213 1604 2285 gratia
1649 2214 1922 2270 exaltatus
1953 2223 2072 2276 est.
2107 2229 2206 2269 su-

615 2323 980 2381 premumque
1031 2305 1282 2361 omnium
1329 2321 1566 2370 nomen,
1609 2320 1718 2375 qua
1765 2305 1985 2360 ratione
2039 2305 2207 2359 homo

611 2410 732 2468 est,
783 2407 1140 2464 consecutus,
1201 2399 1258 2453 in
1316 2398 1546 2454 dextera
1605 2397 1910 2468 majestatis
1956 2397 2114 2453 sedet
2136 2398 2204 2453 ⁸⁷.

613 2497 708 2553 Sic
746 2509 914 2552 verus
953 2493 1301 2564 discipulus,
1337 2491 1566 2562 ipseque
1599 2488 1696 2544 lilii
1729 2488 2016 2560 dignitatis
2051 2505 2205 2544 com-

612 2603 743 2660 pos,
777 2602 968 2645 secum
1012 2586 1200 2640 animo
1239 2583 1460 2639 Domini
1506 2588 1772 2652 reputans
1813 2581 2204 2646 humilitatem,

614 2680 762 2736 servi
811 2679 959 2734 illam
995 2677 1366 2750 dejectionem
1411 2674 1776 2744 habitumque
1821 2689 1932 2729 non
1979 2673 2207 2745 indigne

616 2768 765 2821 tulit.
789 2767 908 2821 Non
939 2766 1170 2821 moleste
1195 2764 1394 2821 habuit
1423 2763 1570 2834 quod
1599 2763 1668 2819 ab
1699 2763 1882 2834 impiis
1902 2773 2204 2820 emeretur:

615 2875 818 2930 nempe
885 2874 998 2914 non
1047 2858 1410 2923 mmstitiam,
1459 2856 1557 2912 sed
1603 2857 2048 2928 jucunditatem;
2094 2871 2208 2912 non

614 2951 997 3023 ignominiam,
1038 2950 1134 3006 sed
1169 2949 1459 3016 honorem;
1487 2961 1599 3004 non
1631 2947 1898 3018 probrum
1927 2956 2024 3004 aut
2054 2948 2211 3004 dolo-

611 3056 754 3109 rem,
799 3041 897 3098 sed
941 3042 1128 3112 potius
1162 3042 1392 3122 gloriam
1428 3057 1493 3098 ac
1535 3041 1784 3099 laetitiam
1823 3045 2034 3101 ducens
2071 3053 2208 3101 tem-

2309 2031 2626 2103 Γεννήτορι,
2673 2031 2891 2104 μορφὴν
2943 2031 3134 2101 εἴληφε
3184 2029 3457 2100 δουλικὴν,
3511 2027 3610 2082 καὶ
3647 2026 3715 2080 δι’
3752 2025 3901 2078 obto-

2309 2123 2506 2196 νομίαν
2564 2125 2760 2178 ἐαυτδν
2813 2121 3256 2189 τεταπεινωκὼς,
3320 2123 3417 2176 καὶ
3467 2119 3632 2192 μέχρι
3657 2117 3896 2172 θανάτου

2306 2217 2410 2289 τὴν
2477 2215 2762 2288 ὑποταγὴν
2831 2215 3188 2285 δειξάμενος,
3249 2212 3607 2285 ὑπερύψωται
3663 2209 3752 2264 διὰ
3799 2206 3901 2262 τοῦ

2309 2309 2548 2381 Πατρδς,
2581 2309 2676 2362 καὶ
2720 2306 2815 2361 τοῦ
2848 2308 3156 2378 ὑπερτάτου
3196 2306 3419 2360 πάντων
3444 2303 3710 2374 ὀνόματος
3802 2299 3901 2354 ἀν-

2310 2398 2530 2471 θρωπος
2601 2398 2928 2470 ἠξιωμένος,
2992 2400 3050 2451 ἐν
3101 2397 3251 2470 δεξιᾷ
3295 2399 3556 2453 κεκάθικε
3595 2399 3695 2469 τῆς
3723 2415 3904 2469 μεγα-

2309 2492 2580 2565 λοσύνης·
2641 2493 2816 2556 οὕτως
2868 2494 2898 2546 ό
2949 2492 3172 2560 γνήσιος
3224 2490 3494 2562 μαθητὴς,
3531 2491 3624 2544 καὶ
3654 2492 3755 2560 τῆς
3779 2487 3904 2542 υῑοῦ

2308 2585 2518 2652 τάξεως
2548 2584 2836 2654 ἐπήϐολος,
2867 2583 3008 2654 πρὸς
3055 2584 3152 2653 τὴν
3195 2584 3534 2655 Δεσποτικὴν
3567 2583 3904 2638 ταπείνωσιν

2309 2676 2553 2748 ἀφορῶν,
2583 2676 2642 2728 οὐ
2673 2675 2735 2730 τὸ
2764 2676 3064 2747 πρόσχημα
3089 2677 3190 2745 τῆς
3214 2676 3461 2740 δουλείας
3493 2676 3860 2747 ἐδυσχέρανεν
3883 2691 3900 2706 ·

2308 2769 2412 2822 οὐκ
2443 2767 2892 2838 ἀπεδυσπέτησεν
2923 2768 3067 2838 ὑπὲρ
3105 2768 3320 2820 ἀσεϐῶν
3347 2767 3858 2838 ἀπεμπωλούμενος
3881 2783 3898 2802 ο

2309 2859 2372 2912 ού
2394 2858 2726 2930 δυσθυμίαν,
2759 2859 2897 2914 ἀλλά
2933 2859 3247 2931 προθυμίαν
3277 2876 3291 2890 ·
3339 2861 3440 2913 οὑκ
3487 2859 3737 2930 ἀτιμίαν,
3761 2859 3900 2914 ἀλλὰ

2309 2951 2477 3022 τιμήν
2512 2967 2525 2980 ·
2554 2951 2664 3006 οὐδ’
2693 2951 2958 3024 αἰσχύνην
2997 2953 3030 3024 ἢ
3084 2951 3284 3022 λύπην,
3309 2952 3470 3019 δόξαν
3495 2952 3552 3006 δὲ
3584 2953 3679 3008 καὶ
3703 2953 3900 3025 εὐφρο⁴

2311 3041 2480 3114 σύνην
2534 3043 2638 3114 τὴν
2693 3045 3033 3115 πρόσκαιρον
3095 3044 3360 3099 δούλωσιν
3418 3045 3746 3116 ἡγούμενος,
3805 3045 3901 3099 καὶ

610 3150 912 3206 poraneam
964 3136 1287 3191 servitutem
1330 3154 1345 3192 :
1395 3151 1572 3208 eaque
1617 3139 1798 3210 palam
1847 3137 2096 3194 mmulari
2147 3153 2206 3194 se

2308 3134 2482 3210 ταύτῃ
2541 3136 2688 3210 σαφῆ
2717 3138 2818 3208 τὴν
2853 3137 2990 3209 πρὸς
3017 3137 3112 3191 τὸν
3160 3137 3479 3192 διδάσκαλον
3529 3137 3764 3221 μίμησιν
3809 3139 3901 3192 καὶ

613 3229 938 3298 magistrum
965 3243 1029 3282 ac
1061 3227 1291 3300 diligere
1319 3230 1641 3296 ostendens,
1674 3230 1879 3286 nedum
1910 3232 2062 3287 solus
2091 3231 2207 3302 ipse

613 3334 802 3374 veram
833 3319 1152 3376 libertatem
1184 3318 1396 3389 ﬁliique
1428 3319 1602 3376 decus
1632 3322 1801 3376 altius
1829 3321 2209 3393 consequeba-

616 3418 728 3473 tur,
751 3423 946 3463 verum
977 3407 1144 3463 etiam
1172 3407 1499 3466 innumeros
1519 3411 1865 3468 inﬁdelitatis
1887 3414 2211 3484 peccatique

618 3499 869 3555 tenebris
891 3499 1162 3555 obnoxios
1188 3499 1481 3570 liberabat,
1516 3518 1681 3574 atque
1703 3503 1892 3575 gratiae
1916 3505 2114 3574 spiritu
2148 3519 2213 3560 ac

617 3590 880 3662 baptismi
924 3605 1068 3661 aqua
1095 3591 1325 3664 mystice
1373 3604 1760 3666 regeneratos,
1805 3595 2211 3651 immaculatam

618 3683 832 3753 prolem
865 3683 1171 3756 plenosque
1205 3684 1368 3754 lucis,
1402 3701 1546 3743 verae
1579 3688 1703 3745 illos
1731 3703 2046 3761 magnaeque
2075 3688 2210 3744 Luci

618 3775 967 3834 admovebat.

693 3980 907 4036 Cuncta
935 3995 1072 4036 vero
1105 3991 1189 4038 ter
1223 3981 1543 4038 beatissimo
1575 3983 1792 4041 doctori
1817 3987 2038 4058 egregie
2074 4001 2216 4056 prte-

619 4072 773 4133 stita,
823 4085 1159 4142 omnemque
1207 4071 1357 4127 illius
1398 4088 1721 4131 sermonum
1769 4085 1937 4146 atque
1983 4069 2215 4147 Operum

621 4160 918 4224 circulum,
950 4160 1158 4230 quibus
1197 4160 1478 4217 Parthiam
1525 4179 1747 4220 omnem
1783 4174 1842 4220 et
1887 4163 2216 4236 Hyrcaniam

621 4258 680 4304 et
706 4250 1055 4305 Bactrianam
1077 4252 1466 4322 evangelizans
1491 4253 1714 4310 Christo
1748 4255 2000 4322 adduxit,
2026 4257 2218 4312 conari

624 4341 908 4410 sigillatim
939 4341 1126 4396 verbis
1151 4344 1376 4414 exsequi
1404 4354 1462 4399 et
1499 4361 1791 4410 enarrare,
1829 4346 1976 4402 idem
2019 4347 2218 4402 merito

624 4432 726 4497 sit,
773 4447 838 4487 ac
871 4440 1086 4488 tentare
1117 4433 1317 4504 pluviae
1353 4445 1534 4507 guttas
1575 4454 1895 4495 numerare.
1942 4439 2013 4496 Ut
2049 4438 2217 4511 igitur

2310 3230 2590 3302 ἀγάπησιν
2615 3229 3045 3302 ἐπιδειξάμενος,
3075 3230 3136 3284 οὑ
3171 3230 3332 3302 μόνος
3355 3229 3517 3293 αὐτὸς
3543 3231 3641 3298 τῆς
3666 3228 3902 3300 ἀληθοῦς

2312 3322 2632 3393 ἐλευθερίας
2690 3323 2787 3376 καὶ
2833 3321 3180 3393 ὑψηλοτέρας
3240 3321 3490 3391 υίότητος
3535 3321 3900 3392 κατηξιοῦτο⁶

2313 3415 2455 3472 ἀλλὰ
2483 3415 2581 3470 καὶ
2607 3415 2837 3487 μυρίους
2860 3416 3020 3478 ὅσους
3068 3415 3149 3485 τῷ
3193 3415 3370 3484 σκότῳ
3401 3415 3500 3484 τῆς
3525 3415 3798 3478 ἀπιστίας
3820 3412 3900 3468 καὶ

2315 3509 2596 3581 ἁμαρτιας
2613 3507 3190 3579 καταδεδουλωμένους
3210 3509 3507 3580 ἠλευθέρου
3531 3527 3546 3541 ·
3577 3509 3672 3563 καὶ⁸
3695 3508 3772 3580 τῷ
3815 3508 3906 3577 τῆς

2314 3603 2539 3676 χάριτος
2587 3601 2886 3672 πνεύματι,
2951 3602 3048 3656 καὶ⁹
3100 3603 3181 3673 τῷ
3209 3601 3303 3656 τοῦ
3337 3601 3716 3673 βαπτίσματος
3748 3602 3908 3657 ὕδατι

2319 3694 2601 3767 μυστικῶς
2656 3694 2972 3764 ἀναγεννῶν
2995 3735 3011 3761 ,
3069 3695 3278 3766 ἄμωμα
3345 3696 3510 3750 τέκνα
3581 3695 3679 3750 καὶ
3726 3695 3906 3765 φωτὸς

2317 3788 2551 3860 πλήρεις
2587 3785 2833 3853 τούτους,
2867 3787 2944 3859 τῷ
2967 3787 3210 3862 ἀληθινῷ
3235 3789 3330 3843 καὶ
3357 3788 3900 3862 μεγάλῳςπαρίστησι

2322 3879 2488 3948 φωτί.

2392 3973 2580 4027 Πάντα
2612 3972 2714 4044 μὲν
2740 3967 2841 4028 σῦν
2861 3972 2986 4028 καθ’
3007 3973 3066 4028 ἐν
3108 3973 3368 4039 διεξιέναι
3411 3972 3709 4047 πειρᾶσθαι
3738 3972 3902 4044 λόγῳ,

2317 4065 2419 4119 ὅσα
2447 4061 2527 4135 τῷ
2555 4065 3095 4137 τρισμακαριωτάτῳ
3117 4065 3481 4138 κατώρθωται
3519 4067 3900 4138 μυσταγωγῷ⁶

2319 4157 2416 4213 καὶ
2464 4158 2648 4213 πᾶσαν
2702 4157 2761 4212 δὲ
2798 4157 2912 4211 τῶν
2967 4175 3028 4210 τε
3070 4157 3244 4226 λόγων
3283 4157 3448 4212 αὐτοῦ
3479 4157 3576 4212 καὶ
3605 4155 3788 4228 ἔργων
3809 4156 3904 4225 τὴν

2319 4249 2594 4321 περίοδον,
2618 4241 2702 4311 οἷς
2735 4247 2985 4320 Παρθίαν
3010 4265 3068 4302 τε
3117 4249 3302 4302 πᾶσαν
3339 4249 3435 4302 καὶ
3473 4248 3776 4316 Ὑρκανίαν
3814 4247 3905 4302 καὶ

2319 4342 2666 4416 Βακτριανὴν
2683 4341 3176 4413 εὐαγγελιζόμενος
3198 4344 3519 4414 προσήγαγε
3545 4342 3624 4415 τῷ
3658 4339 3901 4413 Χριστῷ,

2319 4434 2518 4490 ταυτὸν
2549 4434 2617 4488 ἂν
2645 4433 2731 4506 εῐη
2790 4433 2889 4489 καὶ
2941 4433 3100 4488 ὑετοῦ
3154 4435 3425 4502 σταγόνας
3456 4437 3756 4506 ἐπιχειρεῖν
3788 4435 3906 4505 ἀρι-

625 4536 747 4592 qua-
776 4533 907 4578 sunt
939 4523 1117 4580 media
1155 4536 1352 4582 cuncta
1395 4530 1742 4595 contraham,
1783 4531 1927 4586 sacri
1957 4531 2206 4586 nimirum

2322 4527 2502 4598 θμεῖν.
2537 4525 2638 4580 ’Ὶν’
2667 4521 2762 4580 οὖν
2800 4525 2869 4579 τὰ
2900 4527 2957 4578 ἐν
2984 4526 3137 4597 μέσῳ
3165 4526 3372 4580 συνέλω
3400 4527 3597 4594 πάντα,
3637 4526 3737 4598 τὴν
3771 4526 3904 4595 πρὸς

630 4613 902 4683 praeconis
936 4614 1004 4669 ad
1035 4614 1206 4671 Indiae
1239 4632 1424 4688 regem
1468 4619 1886 4686 admissionem,
1933 4621 2098 4692 regia:
2125 4635 2206 4675 ex-

2321 4619 2414 4672 τὸν
2448 4617 2677 4691 βασιλέα
2701 4619 2803 4690 τῆς
2843 4616 3070 4688 Ἰνδικῆς
3089 4618 3181 4672 τοῦ
3213 4619 3361 4690 ἱεροῦ
3395 4621 3636 4691 κήρυκος
3670 4622 3904 4690 εἰσαγω-

629 4704 910 4760 struenda:
933 4705 1412 4775 pollicitationem,
1449 4710 1576 4765 mris
1608 4711 1743 4781 regii
1770 4709 1828 4766 in
1865 4719 2064 4767 tenues
2091 4728 2206 4782 per-

2320 4712 2446 4784 γὴν,
2495 4711 2597 4782 τῆς
2641 4711 2935 4782 οἰκοδομῆς
2984 4710 3094 4764 τῶν
3134 4711 3422 4781 βασιλείων
3463 4713 3563 4782 τὴν
3589 4712 3902 4783 ὑπόσχεσιν,

623 4809 789 4849 sonas
837 4794 1302 4867 insumptionem,
1341 4808 1526 4854 creata
1560 4799 1689 4856 inde
1720 4800 1990 4870 pericula,
2017 4801 2206 4866 minas1

2317 4802 2420 4871 τὴν
2476 4801 2558 4864 είς
2613 4801 2741 4864 τοὺς
2803 4800 3058 4871 μετρίους
3096 4800 3206 4855 τῶν
3254 4801 3554 4872 βασιλικῶν
3610 4804 3904 4873 χρημάτων

621 4886 896 4952 verbera,
951 4902 1229 4956 carceres,
1280 4890 1349 4944 ab
1375 4891 1640 4946 aerumnis
1679 4891 1937 4948 omnibus
1980 4893 2206 4964 propitit

2322 4893 2616 4958 ἀνάλωσιν,
2640 4892 2770 4957 τοὺς
2818 4891 2906 4948 διὰ
2965 4892 3139 4948 ταῦτα
3181 4893 3484 4960 κινδύνους,
3515 4895 3615 4958 τὰς
3655 4894 3902 4956 ἀπειλὰς,

621 4979 863 5034 Numine
913 4979 1354 5051 benignioreque
1400 4983 1748 5052 providentia
1800 4983 2186 5041 liberationem

2323 4983 2424 5048 τὰς
2447 4983 2739 5057 μάστιγας,
2775 4983 3169 5056 τὰςείρκτάς,
3214 4986 3313 5039 καὶ
3365 4985 3466 5056 τὴν
3517 4985 3606 5039 διὰ
3651 4983 3906 5056 προνοίας

625 5084 712 5134 ac,
772 5084 843 5124 ne
901 5071 1212 5126 orationem
1275 5072 1495 5144 longius
1551 5075 1904 5143 protraham,
1961 5077 2206 5148 abyssum

2327 5077 2640 5148 κρείττονος
2675 5073 2787 5129 τῶν
2811 5074 3094 5148 δυσχερῶν
3121 5077 3380 5132 ἁπάντων
3421 5077 3772 5150 ἀπαλλαγήν·
3816 5075 3907 5130 καὶ

623 5175 899 5215 enarrans
927 5161 1350 5228 miraculorum,
1382 5179 1548 5234 quam
1574 5165 1767 5224 multis
1813 5167 2038 5238 aegrotis
2071 5169 2206 5224 sani-

2322 5169 2413 5224 ἴνα
2437 5168 2513 5241 μὴ
2543 5168 2757 5240 μακρὸν
2811 5169 3164 5240 ἀποτείναιμι
3197 5169 3378 5239 λόγον,
3419 5170 3657 5225 ἄϐυσσον
3685 5167 3908 5242 ἐξηγού-

624 5262 793 5309 tatem
843 5254 1128 5320 tribue‘rit,
1175 5255 1403 5327 quantis
1455 5256 1616 5313 caecis
1661 5258 1876 5326 visum,
1920 5258 2206 5332 surdisque

2327 5277 2488 5333 μενος
2520 5260 2851 5315 θαυμάτων⁸
2905 5261 3052 5326 ὅσοις
3103 5261 3454 5333 ἀρρωστοῦσι
3515 5261 3763 5334 παρέσχε
3811 5258 3907 5328 τὴν

696 5410 743 5442 ⁸⁸
765 5409 1005 5481 Philipp.
1037 5425 1097 5476 ιι,
1122 5409 1176 5464 6.
1248 5408 1293 5440 ⁸⁷
1320 5408 1488 5464 Hebr.
1525 5426 1562 5474 ι,
1594 5409 1646 5466 5.

625 5542 800 5614 lytum
832 5548 919 5614 est
969 5539 1207 5614 Margis:
1249 5539 1627 5614 melinslorte
1674 5538 1899 5614 Ill_ar_d_is,
1944 5537 2039 5614 qui
2085 5547 2218 5614 sunt
2320 5538 2578 5614 audipnt,
2606 5548 2744 5614 teste
2771 5539 3038 5614 Maphmo,
3063 5557 3128 5597 ac
3155 5541 3200 5598 si
3243 5544 3370 5614 quis
3405 5542 3712 5601 Druidibus
3737 5537 3902 5606 dicat,

628 5557 800 5597 l’lllm
832 5557 919 5598 εει
969 5557 1090 5596 mar
1125 5557 1207 5594 is:
1249 5557 1447 5595 menus
1486 5557 1627 5595 lOl‘le
1674 5557 1899 5601 manus,
1944 5557 2039 5608 ψη
2085 5557 2218 5593 sunt
2320 5557 2576 5602 auunmt,
2606 5557 2744 5594 tes1e
2771 5557 3038 5610 mapnmo,
3063 5557 3128 5597 ac
3155 5557 3200 5598 St
3243 5559 3370 5614 quis
3407 5557 3712 5601 Druidibus
3737 5557 3902 5606 dicat,

628 5559 916 5682 liyrcania:
942 5557 1130 5682 popuﬁ
1157 5609 1302 5682 apud
1333 5607 1681 5682 Strabonem,
1705 5609 1953 5682 Su_ida_m,
1985 5608 2218 5682 S_tepha-
2320 5626 2422 5682 pro
2442 5609 2633 5682 Gallis.
2666 5611 2764 5674 Ac;
2808 5627 2940 5664 num
2979 5611 3331 5682 Sophronius
3385 5615 3551 5671 etiam
3581 5655 3596 5677 ,
3630 5631 3766 5670 voce
3817 5615 3905 5667 illa

628 5678 818 5755 num‘:
853 5678 1170 5736 suntetiam
1194 5678 1376 5755 Persa:
1405 5681 1593 5750 populi
1643 5679 1789 5755 apud
1845 5678 2211 5755 Herodotum.
2321 5678 2512 5755 Magis,
2552 5678 3174 5755 Persarmnsapientes
3244 5685 3323 5752 (id
3386 5696 3471 5740 est
3530 5681 3902 5755 philoSOphos)

627 5751 1023 5814 Beaehmanes,
1060 5767 1200 5875 quos
1229 5749 1441 5807 addunt
1472 5749 1636 5832 novae.
1673 5751 1935 5816 Romana:
1992 5749 2215 5829 tahulm,
2323 5750 2633 5805 intellexit?
2696 5749 2972 5832 Populum
3029 5763 3209 5808 tamen
3251 5749 3559 5810 ‘Persidis'.
3585 5756 3694 5811 assi
3739 5749 3901 5815 nant,

632 5837 745 5873 non
784 5831 892 5874 tam
928 5838 1070 5882 popu
1101 5839 1112 5875 ι
1145 5830 1356 5876 suntet
1386 5831 1538 5875 nano
1569 5821 1786 5882 aliqua,
1842 5835 2006 5882 quam
2041 5820 2219 5882 phtlo-
2321 5836 2558 5882 quorum
2585 5820 2724 5876 urbs
2752 5821 2932 5878 leto
2980 5832 3036 5877 et
3085 5823 3277 5882 Solino
3324 5825 3628 5882 Pafaaorda
3681 5773 3901 5882 ficitur.

632 5837 752 5902 non.
781 5819 1112 5902 'ta_m_popu.li
1145 5831 1278 5902 sunt
1300 5830 1356 5876 ct
1386 5821 1786 5902 natioaliqua,
1842 5835 2006 5902 quam
2041 5819 2219 5902 philo-
2321 5836 2558 5891 quorum
2585 5820 2724 5876 urbs
2752 5821 2932 5878 Plinio
2980 5832 3036 5877 et
3085 5823 3277 5883 Solino
3324 5825 3628 5899 Palagorda
3681 5819 3901 5882 dicitur.

631 5889 794 5959 sophi
827 5889 1334 5960 lndite’citerioris,
1390 5892 1484 5962 qui
1527 5891 1609 5948 sic
1659 5889 1840 5947 adhuc
1877 5890 2218 5947 nostratibus
2340 5889 2354 5891 “
2674 5915 2678 5919 ·
3461 5889 3487 5897 ⁷
3607 5897 3610 5899 ’
3735 5912 3739 5914 ⁷
