4094 6404
409 382 512 460 141

1137 392 1423 456 ORATIO
1461 393 1596 458 VII.
1625 419 1693 432 ·-
1717 392 1798 454 ΙΝ
1841 391 2156 454 LAUDEM
2196 389 2256 450 S.
2296 387 2584 451 THOM/E
2624 387 3013 451 APOSTOLI.

3598 388 3704 456 142

410 507 578 572 ἴασιν,
629 503 775 569 ὅσοις
821 504 876 560 δὲ
895 505 1118 576 τυφλοῖς
1146 508 1363 580 ὅρασιν,
1389 527 1482 563 κα.
1509 509 1718 578 κωφοῖς
1747 505 1994 560 ἀποκαθ-

2101 501 2354 556 auditum
2375 500 2704 563 restituerit,
2730 509 2970 572 quantos
2994 497 3192 557 solutis
3221 499 3489 558 membris
3509 516 3704 561 erexe-

419 595 542 668 ίστη
599 595 700 668 τὴν
736 597 911 667 ἀκοήν
931 613 947 630 ο
981 597 1079 652 καὶ
1107 599 1266 664 ὅσους
1303 600 1402 671 μὲν
1429 598 1801 670 παρειμένους
1829 598 2004 668 ἀνωρο

417 688 657 748 θώσατο.
691 690 839 754 ὅσοις
875 691 933 745 δὲ
981 690 1387 766 λελωϐημένοις
1421 694 1485 747 τὺ
1528 691 1714 763 σῶμα,
1749 691 1848 746 καὶ
1879 690 2004 745 καθ’

411 779 576 836 ὅντιν’
628 774 725 834 οῦν
765 783 1193 851 πεπηρωμένοις
1243 784 1482 854 τρόπον,
1531 783 1564 854 ἢ
1628 779 2005 852 συμπτώματι

413 871 632 941 φύσεως
678 873 1112 942 κεκακωμένοις,
1151 872 1186 943 ἢ
1223 872 1535 943 πνεύματος
1557 872 1873 942 ἀκαθάρτου
1906 871 2004 941 βα-

411 962 791 1035 σανιζομένοις
840 967 1100 1038 ἐπηρείᾳ,
1155 965 1256 1038 τὴν
1304 967 1507 1022 ἄπονόν
1555 983 1618 1019 τε
1651 965 1744 1020 καὶ
1771 965 2005 1037 ἄμισθον

411 1055 662 1126 ἰατρείαν
687 1055 767 1127 τῷ
794 1055 888 1110 τοῦ
942 1056 1118 1127 Ἰησοῦ
1147 1057 1375 1128 ὀνόματι
1411 1056 1734 1129 δεδώρηται.
1769 1058 1868 1112 Ἵν⁹
1909 1051 2004 1110 οῦν

407 1144 589 1199 ταῦτα
619 1144 888 1216 παρῶμεν
941 1145 1186 1217 ἱστορίας
1211 1146 1394 1219 ἔργον,
1413 1147 1510 1202 καὶ
1537 1148 1598 1207 οὐ
1619 1147 1715 1202 τοῦ
1735 1147 2005 1219 παρόντος

406 1234 544 1290 δντα
574 1236 782 1291 σκοποῦ
808 1254 824 1270 ο
858 1239 946 1293 ἵνα
993 1238 1051 1292 δὲ
1088 1239 1185 1293 καὶ
1230 1238 1294 1292 τὸ
1325 1239 1562 1307 πέλαγος
1587 1239 1686 1310 τῆς
1714 1237 2005 1293 ἀποστολι-

404 1327 513 1398 κῆς
551 1327 890 1399 -συνέλωμεν
943 1329 1270 1396 θεοσοφίας,
1327 1331 1423 1384 καὶ
1479 1332 1632 1396 ὅπως
1687 1331 1781 1385 τὸν
1827 1331 2003 1400 Λόγον

404 1417 684 1487 ὲθεολόγει
713 1419 813 1489 τῆς
847 1419 1016 1491 ζωῆς,
1044 1422 1102 1475 ὲν
1123 1422 1268 1493 ἀρχῇ
1311 1422 1464 1489 δντα,
1489 1423 1628 1495 πρὸς
1655 1423 1749 1478 τὸν
1778 1423 2003 1495 Πατέρα

403 1512 498 1566 ἀεὶ
524 1511 677 1577 ὅντα,
709 1512 804 1564 καὶ
833 1512 1013 1584 σάρκα
1034 1515 1330 1585 γενόμενον
1346 1516 1490 1589 ὑπὲρ
1524 1516 1706 1588 ἡμῶν,
1733 1517 1830 1572 καὶ
1861 1518 2002 1590 ὑπὲρ

407 1601 442 1670 ἡ
451 1600 568 1671 μῶν
599 1601 818 1672 σταυρῷ
849 1603 946 1655 καὶ
975 1602 1212 1674 Θανάτῳ,
1239 1603 1336 1658 καὶ
1383 1604 1672 1676 τριημὲρῳ
1715 1622 2004 1678 προσωμιιι

403 1687 618 1759 ληκότα
635 1693 785 1762 ταφῇ
804 1705 822 1723 ·
880 1686 1024 1758 εἶτα,
1072 1692 1388 1749 ἀναστάντα
1429 1696 1530 1765 μὲν
1557 1697 1620 1748 ὲκ
1647 1697 1884 1767 νεκρῶν,
1906 1695 2002 1751 καὶ

405 1781 522 1837 άπὺ
555 1786 661 1852 γῆς
689 1783 1073 1855 ἀναληφθέντα
1121 1788 1206 1850 είς
1227 1787 1458 1858 οὐρανόν
1481 1803 1496 1818 ·
1529 1787 1732 1859 ἥξοντα
1769 1787 1827 1842 δὲ
1863 1788 2002 1859 μετὰ

401 1871 507 1942 τῆς
541 1873 710 1926 αὐτοῦ
771 1874 932 1947 δόξης
984 1872 1143 1941 αὖθις
1203 1877 1440 1944 ἐκεῖθεν,
1502 1879 1600 1933 καλ⁵
1651 1878 1999 1951 προσάξοντα

405 1962 638 2032 σύμπαν
678 1965 742 2019 τὸ
791 1967 1020 2039 πλάσμα
1061 1969 1464 2042 κριθησόμενον
1492 1972 1588 2027 καὶ
1617 1970 1778 2041 λόγον
1800 1971 1998 2040 ὑφέξον

401 2053 519 2108 τῶν
549 2054 932 2128 βεϐιασμένων·
957 2059 1054 2114 καὶ
1106 2060 1189 2115 ὅτι
1218 2061 1394 2134 τούτῳ
1424 2061 1808 2128 πιστεύοντας,
1843 2061 1998 2118 ῦδατι

401 2146 502 2198 καὶ
539 2145 820 2218 Πνεύματι
873 2148 1233 2223 καθαίρεσθαι
1271 2152 1404 2220 δεῖν,
1438 2152 1530 2209 καὶ
1576 2153 1759 2225 πάσης
1787 2153 1998 2227 πλάνης

400 2236 662 2309 δαίμονος
687 2279 706 2307 ,
755 2240 852 2296 καὶ
903 2242 1088 2313 πάσης
1149 2242 1268 2316 βίου
1316 2246 1520 2311 κακίας
1579 2249 1676 2301 καὶ
1729 2248 1998 2319 πονηρίας

403 2329 944 2404 ἀπαλλαττομένους,
971 2335 1141 2407 μόνης
1167 2337 1266 2408 τῆς
1299 2335 1580 2407 βασιλείας
1611 2337 1749 2392 Θεοῦ
1775 2339 1870 2393 καὶ
1897 2340 1997 2411 τῆς

391 2421 761 2500 ,δικαιοσύνης
807 2425 942 2497 ὲρᾷν
983 2427 1044 2481 ὲν
1091 2425 1318 2499 Χριστῷ
1371 2429 1574 2501 Ἰησοῦ.
1619 2429 1717 2484 Ἰν’
1761 2424 1856 2485 οῦν
1895 2429 1996 2503 τὴν

2110 594 2202 660 rit,
2236 594 2458 664 quantis
2494 593 2749 663 lcprosis,
2791 593 2972 648 aliove
3005 593 3171 648 modo
3198 609 3431 664 corpore
3462 595 3704 663 oblaasis,

2107 694 2205 740 aut.
2230 694 2444 740 natura:
2475 685 2613 739 vitio
2642 684 3050 751 laborantibus,
3073 685 3160 740 vel
3183 685 3385 756 spiritu
3413 686 3706 742 immundo

2107 777 2341 842 vexatis,
2378 777 2506 832 sine
2537 776 2732 832 labore
2761 777 2943 831 ullave
2973 777 3254 843 mercede,
3285 777 3413 834 Iesu
3448 779 3706 835 invocato

2107 869 2332 925 nomine
2385 869 2680 924 sanitatem
2735 869 3048 925 donaverit.
3106 870 3272 935 Haec,
3328 871 3584 942 inquam,
3647 880 3708 926 ut

2108 961 2463 1027 omittamus,
2505 963 2603 1032 qui
2643 961 2857 1018 scilicet
2894 962 3146 1019 historici
3186 963 3368 1034 pensi,
3395 979 3506 1019 non
3535 964 3706 1035 hujus

2107 1054 2284 1110 nostri
2325 1054 2564 1110 instituti
2605 1065 2756 1112 sunt.
2799 1055 2868 1112 Ut
2895 1055 3136 1127 denique
3179 1056 3346 1111 etiam
3385 1055 3706 1126 apostolica:

2107 1145 2336 1216 pelagus
2365 1145 2653 1216 sapientiae
2693 1147 3118 1213 contrahamus,
3153 1163 3218 1203 ac
3247 1148 3528 1219 quomodo
3560 1149 3704 1204 Ver-

2106 1234 2237 1289 bum
2261 1235 2389 1290 vitae
2411 1235 2600 1292 divine
2628 1237 2975 1308 przedicaret,
3002 1239 3150 1310 quod
3173 1249 3296 1295 erat
3319 1240 3376 1295 in
3399 1240 3701 1311 principio,

2105 1332 2163 1380 et
2212 1333 2334 1380 erat
2383 1340 2606 1397 semper
2645 1327 2793 1397 apud
2841 1327 3093 1391 Patrem,
3128 1343 3193 1383 ac
3223 1344 3324 1398 pro
3363 1328 3528 1384 nobis
3570 1343 3704 1384 caro

2104 1416 2312 1472 factum
2340 1426 2446 1481 est,
2473 1426 2531 1472 et
2563 1427 2792 1488 propter
2823 1433 2928 1474 nos
2951 1418 3104 1474 cruci
3138 1418 3360 1474 alﬁxum
3392 1428 3704 1475 mortuum-

2105 1525 2214 1580 que
2235 1524 2302 1564 ac
2330 1509 2518 1566 triduo
2548 1511 2826 1580 sepultum
2854 1509 2935 1579 M';
2967 1520 3196 1582 tumque
3226 1511 3473 1566 surrexit
3493 1527 3524 1566 a
3552 1527 3704 1566 mor-

2105 1602 2246 1668 tuis,
2278 1617 2345 1658 ac
2381 1619 2412 1658 a
2447 1611 2592 1658 terra
2636 1603 2694 1657 in
2729 1603 2932 1659 coelum
2983 1613 3266 1674 receptum
3305 1612 3424 1670 est;
3458 1603 3704 1675 indeque

2105 1711 2303 1752 rursus
2358 1696 2590 1752 veniens
2647 1711 2776 1752 cum
2834 1698 3124 1768 majestate
3179 1713 3278 1753 sua
3339 1706 3572 1754 cunctos
3628 1695 3701 1754 ad

2099 1786 2372 1860 judicium
2394 1797 2451 1845 et
2471 1787 2717 1844 rationes
2736 1803 2954 1856 eorum,
2979 1805 3104 1860 quae
3126 1805 3227 1860 per
3247 1790 3418 1845 vitam
3438 1798 3698 1861 egerunt,

2107 1887 2319 1951 coget:
2369 1879 2633 1951 quodque
2689 1880 2812 1952 ejus
2864 1880 3122 1937 ﬁdelibus
3173 1896 3318 1953 aqua
3367 1897 3432 1938 ac
3487 1881 3700 1951 Spiritu
3813 1879 3815 1882 ⁴

2105 1971 2442 2039 emundatis,
2472 1973 2736 2044 omnique
2758 1973 3026 2048 daemonis
3053 1988 3240 2028 errore
3267 1988 3333 2029 ac
3353 1973 3480 2029 vita:
3503 1973 3701 2044 ncqui-

2103 2063 2180 2120 tia
2221 2071 2281 2119 et
2327 2064 2538 2120 malitia
2575 2064 2860 2130 liberatis,
2903 2063 3003 2120 Dei
3048 2063 3316 2120 duntaxat
3364 2078 3594 2139 regnum
3639 2071 3701 2119 et

2100 2155 2310 2212 iustitia
2336 2158 2459 2229 ejus
2495 2158 2552 2212 in
2588 2157 2812 2215 Christo
2851 2157 2984 2215 Jesu
3015 2157 3252 2212 amanda
3294 2156 3425 2212 sint.
3462 2157 3698 2212 Tantam

2101 2247 2272 2320 igitur
2291 2249 2604 2306 divinarum
2628 2249 3009 2306 doctrinarum
3033 2250 3425 2318 actionumque
3445 2248 3698 2319 Apostoli

2101 2343 2361 2415 abyssum
2398 2351 2460 2398 ut
2493 2342 2745 2398 historiis
2777 2341 3188 2413 relinquamus,
3216 2340 3347 2397 vitae
3380 2339 3532 2396 illius
3562 2339 3694 2407 ﬁne,

2101 2433 2340 2488 orationi
2362 2432 2528 2490 ﬁnem
2552 2433 2903 2503 imponamus

404 2517 647 2572 ἄϐυσσον
688 2518 895 2588 ταύτην
935 2521 1046 2576 τῶν
1093 2521 1385 2593 θεολογιῶν
1437 2524 1672 2579 καὶτῶν
1700 2523 1959 2597 πράξεων
1994 2525 2090 2581 τοῦ
2131 2526 2457 2582 Ἀποστόλου
2494 2529 2616 2592 ταῖς
2646 2526 2915 2599 ἱστορίαις
2962 2527 3378 2598 καταλίπωμεν,
3427 2526 3506 2598 τῷ
3551 2526 3697 2584 τέλει

405 2608 502 2665 τοῦ
534 2611 674 2682 βίου,
709 2613 771 2667 τὸ
807 2612 962 2680 τέλος
989 2615 1342 2688 ἐπιϐάλωμεν
1359 2617 1455 2673 τοῦ
1487 2619 1672 2689 λόγου.

491 2706 648 2762 Ἐπεὶ
677 2709 788 2781 γὰρ
843 2711 936 2767 τὸν
973 2712 1120 2767 θετον
1150 2715 1180 2770 ό
1207 2715 1629 2786 μακαριώτατος
1663 2714 1865 2789 δρόμον
1907 2714 2000 2781 ἐξ·

405 2797 614 2865 ανύων,
647 2803 744 2856 καὶ
774 2806 888 2869 τοῖς
947 2806 1260 2878 εἰρημένοις
1310 2807 1492 2862 ἔθνεσι
1515 2809 1707 2876 πᾶσιν,
1745 2803 1836 2863 οἷα
1861 2809 1997 2864 σπό-

406 2913 506 2966 ρον
524 2897 778 2969 οὐράνιον
796 2897 892 2953 τὸν
912 2897 1009 2952 τοῦ
1033 2898 1172 2954 Θεοῦ
1189 2901 1568 2973 κατασπείρας
1594 2901 1777 2972 λόγον,
1803 2903 1995 2973 ἀναρι-

403 2988 653 3060 θμήτους
703 2990 804 3060 μὲν
846 2992 1283 3061 πεπιστευκότας
1331 2994 1402 3048 δι’
1444 2993 1612 3049 αὐτοῦ
1653 2997 1998 3068 καρποφορεῖ

402 3080 486 3151 τῷ
514 3081 760 3153 Χριστῷ,
783 3082 1140 3155 καθαρτηρίῳ
1180 3084 1239 3139 δὲ
1275 3086 1373 3156 τῆς
1405 3085 1829 3156 παλιγγενεσίας
1855 3087 1994 3140 ἀπο-

406 3146 611 3241 σμήχει
648 3146 858 3243 λουτρῷ
878 3188 894 3204 ο
1153 3174 1211 3227 δὲ
1243 3146 1388 3247 λόγω
1424 3146 1618 3246 σοφίας
1649 3177 1748 3230 καὶ
1775 3146 1997 3248 χάριτος
2023 3146 2070 3207 c

406 3258 768 3330 φωταγωγῶν
817 3261 912 3314 καὶ
953 3259 1350 3335 τελετουργῶν,
1403 3264 1534 3328 τοὺς
1585 3263 1686 3334 μὲν
1726 3262 1996 3334 ποιμένας

404 3349 643 3420 καθίστη
671 3351 765 3406 καὶ
807 3351 1184 3421 διδασκάλους,
1226 3355 1374 3419 ὅσοις
1425 3353 1726 3427 θερμότητι
1755 3356 1994 3420 πίστεως

402 3443 502 3495 καὶ
534 3439 794 3513 εὖθύτητι
817 3442 996 3514 ψυχῆς
1035 3445 1238 3513 μᾶλλον
1279 3445 1523 3500 εύδοκεῖν
1544 3445 1637 3501 τὸν
1663 3444 1832 3500 Θεόν’
1868 3446 1997 3510 τοὺς

399 3531 465 3586 δὲ
497 3531 885 3603 ποιμαίνεσθαι
905 3534 1001 3588 καὶ
1024 3533 1314 3606 ἄρχεσθαι,
1357 3536 1502 3591 κατὰ
1527 3535 1629 3608 τὴν
1652 3535 1832 3606 ἁγίοις
1859 3536 1998 3608 πρέ-

386 3641 618 3680 πουσαν
645 3625 1024 3696 εὐθυμοσύνην
1052 3627 1148 3683 καὶ
1177 3627 1332 3693 τάξιν
1362 3627 1527 3700 ίερῶς
1545 3628 1992 3700 διαταττόμενος,

400 3717 705 3788 εκκλησίας
754 3720 1052 3784 καλλίστας
1109 3721 1205 3775 καὶ
1247 3720 1511 3786 πλείστας
1541 3722 1886 3794 ἀνεστήσατο
1917 3721 1996 3793 τῷ

400 3808 661 3880 Χριστῷο
717 3810 827 3864 ἔδει
872 3811 1066 3866 τοῦτον
1103 3811 1336 3883 ἔσχατον
1379 3813 1523 3885 ὑπὲρ
1550 3815 1810 3869 ἁπάντων
1848 3813 1996 3869 κατὰ

397 3901 506 3972 τὴν
545 3901 642 3956 τοῦ
696 3901 1021 3960 διδασκάλου
1095 3904 1329 3976 μίμησιν
1387 3904 1563 3961 θεῖναι
1609 3907 1709 3978 τὴν
1771 3907 1991 3980 ψυχήνο

396 3993 564 4050 τοῦτο
582 3996 694 4068 γὰρ
718 3991 860 4051 εῖναι
905 3997 1010 4067 τῆς
1048 3997 1265 4062 τελείας
1302 3999 1525 4070 ἀγάπης
1550 3999 1613 4053 τὸ
1643 4001 1950 4072 τεκμήριον
1975 4015 1992 4034 ο

399 4083 486 4138 διὸ
529 4085 624 4138 καὶ
673 4086 782 4140 ὑπὸ
829 4085 943 4141 τῶν
990 4087 1343 4158 ἐμμενόντων
1390 4088 1472 4144 ἔτι
1501 4092 1568 4162 τῇ
1601 4090 1782 4164 πλάνῃ
1805 4090 1994 4160 σαφῶς

398 4173 823 4229 ἐπιϐουλεύεται
855 4189 872 4206 ³
893 4239 895 4241 ι
919 4175 1016 4229 καὶ
1066 4174 1292 4245 λόγχαις
1317 4175 1418 4240 τὰς
1444 4175 1691 4250 πλευράς
1718 4179 1748 4230 ό
1779 4176 1995 4246 θαυμα-

401 4264 670 4329 σιώτατος
717 4266 1095 4338 ὲκκεντηθεὶς,
1124 4266 1226 4340 τὴν
1255 4268 1421 4338 ἁγίαν
1455 4269 1638 4340 ψυχὴν
1669 4267 1766 4322 καὶ
1806 4284 1990 4338 μακα-

403 4357 554 4431 ρίαν,
600 4357 698 4412 καὶ
754 4359 925 4425 ὅντως
985 4361 1313 4432 Χριστοειδῆ
1370 4360 1470 4416 καὶ
1501 4360 1867 4432 Χριστοφιλῆ,
1910 4358 1992 4430 τῷ

401 4449 549 4523 ὑπὲρ
597 4448 771 4505 αὐτοῦ
817 4451 1188 4523 σταυρωθέντι
1229 4451 1328 4507 καὶ
1357 4450 1708 4524 λογχευθέντι
1749 4449 1989 4524 παρατί-

401 4544 556 4600 θεται

470 4817 610 4872 Οὐδὲ
639 4816 752 4890 γὰρ
804 4811 948 4873 εἶναι
973 4817 1205 4890 δίκαιον,
1236 4820 1330 4876 τὸν
1353 4822 1476 4876 ὅλον
1509 4822 1704 4895 ἔχοντα
1731 4823 1824 4879 τὸν
1852 4825 1988 4898 Χρι-

397 4907 530 4962 στὸν
575 4908 636 4962 ἐν
691 4907 892 4980 ἑαυτῷ,
918 4909 1016 4964 καὶ
1066 4910 1243 4984 τούτῳ
1297 4911 1768 4986 θαυματουργίαις
1818 4915 1988 4987 ὕπερ-

395 4996 756 5066 φυεστάταις,
807 4997 1050 5070 διδαχαῖς
1081 4999 1572 5068 θεολογικωτάταις
1605 5003 1701 5057 καὶ
1721 5003 1858 5057 πᾶσι
1885 5005 1986 5074 τῆς

394 5088 604 5157 ἀρετῆς
628 5089 743 5152 τοῖς
764 5089 992 5160 τρόποις
1027 5091 1470 5161 ὲξωμοιωμένον,
1505 5092 1582 5164 μὴ
1635 5094 1731 5146 καὶ
1754 5092 1898 5148 κατὰ
1923 5093 1987 5147 τδ

393 5177 574 5242 πάθος
599 5183 898 5234 κοινωνεῖν.
942 5182 1054 5235 Καὶ
1084 5181 1130 5234 ὣ
1148 5185 1253 5253 τῆς
1282 5184 1541 5253 προνοίας
1565 5186 1580 5240 l
1615 5184 1662 5238 ῶ
1703 5186 1804 5258 τῆς
1836 5187 1985 5241 οίκο-

391 5271 632 5341 νομικῆς
656 5271 872 5343 ἐκείνης
896 5273 1230 5344 ἀμφιϐολίας
1260 5274 1356 5331 τοῦ
1402 5278 1574 5347 Θωμᾶ
1609 5278 1700 5334 καὶ
1731 5279 1988 5350 ψηλαφή-

392 5378 563 5427 σεως,
593 5365 706 5434 me
733 5365 1186 5436 Χριστομίμητον
1238 5367 1389 5441 αὐτῷ
1419 5369 1592 5434 πάθος
1630 5371 1817 5442 ἡρέμα
1851 5389 1990 5443 παρ-

388 5454 708 5524 ασήμανενί
741 5457 864 5510 Ὀτι
899 5459 1008 5529 γὰρ
1035 5457 1127 5512 τδν
1154 5458 1328 5514 τύπον
1374 5461 1478 5531 τῆς
1520 5461 1722 5535 λόγχης
1770 5465 1864 5516 καὶ
1887 5463 1989 5534 τῆς

387 5545 734 5616 Δεσποτικῆς
763 5546 1007 5617 ἅψασθαι
1023 5549 1145 5602 τότε
1165 5550 1482 5624 κατηξιώθη
1509 5552 1773 5626 πλευρᾶς,
1796 5552 1987 5625 ὥσπερ

387 5637 526 5692 τινὰ
551 5639 745 5710 μισθὸν
779 5640 881 5712 τῆς
914 5640 1214 5706 πανολϐίας
1262 5643 1484 5716 ἐκείνης
1504 5644 1674 5718 ἁφῆς,
1711 5647 1814 5718 τὴν
1843 5645 1987 5719 ὑπὲρ

476 5813 526 5850 ⁸⁸
549 5815 710 5874 Joan.
746 5830 787 5884 l,
817 5815 874 5873 1.
948 5817 994 5851 δ’
1017 5817 1174 5875 Joan.
1222 5833 1313 5887 xv,
1345 5817 1432 5874 15.

2177 2709 2338 2779 Quod
2367 2709 2520 2768 enim
2541 2709 2627 2766 vir
2654 2710 3010 2768 beatissimus
3033 2711 3282 2768 divinum
3308 2727 3538 2769 cursum
3561 2728 3699 2769 con-

2103 2816 2419 2868 summans,
2474 2801 2672 2872 hisque
2718 2803 3013 2869 omnibus,
3058 2817 3196 2875 quas
3224 2803 3368 2870 dixi,
3413 2803 3696 2876 gentibus,

2103 2895 2257 2953 velut
2283 2896 2564 2953 caelestem
2594 2905 2923 2962 sementem,
2958 2895 3057 2951 Dei
3091 2911 3406 2952 sermonem
3439 2897 3718 2972 dissemi-V

2101 3003 2263 3054 nans,
2319 2995 2560 3059 quantos
2616 3002 2722 3044 nec
2764 3002 3061 3043 numerare
3105 2988 3234 3058 quis
3274 2988 3452 3059 possit
3501 2988 3698 3046 ﬁdeles

2100 3080 2339 3136 fecunda
2389 3095 2571 3137 messe
2602 3079 2826 3137 Christo
2854 3080 3143 3148 oﬁ'erebat,
3178 3096 3244 3136 ac
3281 3081 3499 3137 lustrali
3534 3097 3696 3153 rege-

2099 3172 2408 3229 nerationis
2441 3174 2695 3237 lavacro,
2737 3173 3000 3229 sordibus
3037 3173 3392 3244 detergebat;
3428 3174 3696 3245 omnique

2097 3264 2384 3334 sapientiae
2413 3275 2579 3334 atque
2609 3264 2800 3336 gratiae
2828 3279 3083 3320 sermone
3119 3263 3438 3321 illuminans
3469 3280 3535 3320 ac
3561 3281 3696 3336 per-

2099 3355 2323 3421 ﬁciens,
2377 3355 2517 3411 alios
2573 3362 2828 3426 pastores
2893 3354 3259 3424 doctoresque
3318 3354 3697 3412 constituebat

2101 3448 2401 3518 (quotquot
2431 3447 2694 3502 nimirum
2728 3446 2948 3502 fervore
2977 3445 3104 3501 ﬁdei
3137 3446 3423 3516 animique
3455 3447 3695 3502 rectitu-

2097 3539 2227 3595 dine
2258 3539 2371 3595 Deo
2403 3539 2746 3610 acceptiores
2764 3536 3017 3606 noverat)
3041 3579 3056 3604 ,
3080 3537 3206 3593 aliis
3232 3545 3295 3592 ut
3325 3546 3692 3609 pascerentur

2097 3646 2162 3686 ac
2185 3630 2392 3687 subditi
2417 3639 2627 3705 essent,
2647 3630 2801 3702 juxta
2832 3630 3162 3686 concinnam
3192 3629 3342 3686 illam
3367 3630 3694 3702 dispositio-

2096 3735 2248 3784 nem,
2278 3731 2581 3791 aptumque
2615 3720 2870 3776 ordinem
2898 3720 2993 3790 qui
3026 3728 3250 3776 sanctos
3284 3720 3464 3789 decet,
3502 3737 3695 3777 sacra-

2097 3810 2310 3867 tissime
2350 3819 2638 3878 statuens,
2678 3811 2956 3867 Ecclesias
2984 3811 3390 3881 pulcherrimas
3432 3828 3496 3868 ac
3526 3812 3694 3885 longe

2095 3901 2364 3972 plurimas
2408 3901 2634 3958 Christo
2671 3902 3040 3969 excitaverat;
3083 3918 3184 3973 par
3227 3911 3381 3970 erat,
3428 3912 3492 3959 ut
3537 3904 3691 3974 quod

2093 4007 2418 4064 supremum
2459 4002 2564 4060 est,
2616 4009 2720 4065 pro
2771 3994 3066 4062 omnibus,
3116 3995 3365 4066 magistri
3411 3997 3690 4067 exemplo,

2093 4085 2335 4141 animam
2387 4095 2640 4156 poneret.
2692 4085 2811 4142 Hoc
2861 4085 3012 4141 enim
3063 4086 3323 4157 perfecta:
3373 4086 3692 4146 dilectionis

2093 4185 2310 4240 certum
2342 4177 2610 4234 indicium
2634 4178 2702 4233 δ’.
2737 4177 3112 4247 Quamobrem
3145 4179 3338 4246 etiam,
3360 4195 3559 4236 eorum
3589 4180 3689 4251 qui

2092 4269 2278 4326 adhuc
2302 4285 2551 4326 errorem
2589 4269 2849 4327 colebant
2877 4285 3060 4342 eoque
3084 4270 3482 4327 obstinatiores
3503 4281 3687 4343 erant,

2093 4360 2312 4416 insidiis
2328 4361 2506 4432 palam
2527 4361 2811 4431 appetitur
2831 4378 2847 4428 ;
2870 4361 3194 4433 lanceisque
3212 4362 3384 4418 latera
3403 4372 3687 4434 transver:

2093 4451 2320 4509 beratus
2357 4453 2444 4508 vir
2476 4468 2691 4509 summe
2729 4454 3034 4521 mirabilis,
3075 4463 3323 4510 sanctam
3356 4455 3688 4528 beatamque

2023 4535 2070 4626 Β
2096 4545 2359 4612 animam,
2388 4560 2632 4616 vereque
2662 4545 2884 4602 Christo
2911 4546 3150 4603 similem
3175 4562 3241 4602 ac
3263 4546 3469 4604 Christi
3492 4564 3687 4606 aman—

2100 4646 2247 4702 tem,
2287 4637 2338 4693 ei
2383 4638 2479 4708 qui
2519 4638 2696 4709 ipsius
2743 4653 2909 4694 causa
2955 4639 3110 4695 cruci
3149 4638 3346 4698 aﬂixus
3380 4640 3687 4714 lanceaque

2098 4727 2581 4784 transverberatus
2609 4727 2817 4793 fuerat,
2849 4729 3041 4784 tradit.

2167 4817 2289 4872 Non
2322 4818 2472 4874 enim
2502 4818 2757 4886 docebat,
2789 4829 2851 4875 ut
2883 4819 2978 4890 qui
3015 4828 3191 4876 totum
3224 4822 3280 4877 in
3310 4837 3369 4878 se
3397 4821 3683 4883 Christum

2091 4910 2355 4978 haberet,
2401 4911 2565 4983 eique
2613 4912 3033 4984 prtemagniticis
3077 4915 3316 4985 patratis
3374 4915 3682 4986 miraculis,

2089 5003 2472 5076 doctrinisque
2498 5004 2880 5072 divinissimis,
2921 5022 2987 5062 ac
3017 5009 3199 5063 modis
3216 5009 3478 5067 omnibus
3508 5012 3685 5068 virtu-

2093 5096 2163 5151 tis
2205 5095 2404 5153 similis
2459 5098 2776 5161 enituerat,
2824 5113 2937 5155 non
2991 5100 3144 5170 paris
3189 5102 3357 5157 etiam
3406 5103 3683 5172 passionis

2091 5188 2278 5244 socius
2296 5189 2620 5245 exsisteret:
2644 5189 2848 5261 Atque,
2872 5206 2905 5246 ο
2924 5192 3350 5262 providentiam!
3393 5210 3428 5250 ο
3449 5185 3678 5250 Thomas

2091 5281 2240 5336 illam
2269 5291 2418 5338 certa
2447 5282 2663 5338 consilii
2689 5282 2901 5338 ratione
2925 5283 3264 5342 dubietatem
3288 5301 3351 5341 ac
3371 5295 3681 5342 contrecta-

2089 5373 2320 5438 tionem,
2348 5390 2473 5444 qua;
2504 5375 2581 5429 illi
2615 5375 2855 5431 similem
2885 5376 3108 5434 Christo
3134 5379 3444 5451 passionem
3481 5377 3679 5434 tantis-

2086 5481 2187 5536 per
2225 5465 2570 5536 designaretl
2599 5467 2756 5534 Quod
2791 5469 2940 5523 enim
2975 5470 3182 5526 lancea:
3220 5471 3562 5526 circatricem
3611 5485 3681 5549 ac

2085 5555 2304 5613 Domini
2341 5557 2488 5613 latus
2521 5565 2748 5630 tangere
2779 5569 2912 5617 tunc
2937 5571 3242 5628 meruerat,
3273 5561 3432 5632 quasi
3471 5560 3681 5616 beatis-

2087 5649 2214 5706 simi
2259 5649 2412 5708 illius
2450 5660 2742 5710 contactus
2773 5653 3088 5711 mercedem
3127 5653 3444 5727 quamdam,
3481 5651 3679 5724 lateris
