4094 6420
541 400 644 471 ιιε

1743 392 2042 456 NICETIS
2076 390 2276 453 PAPH
2284 389 2610 452 LAGONIS

3725 385 3828 454 ιιι

531 535 655 577 eam
695 518 1318 585 transverberationem,
1364 515 1422 572 in
1451 515 1571 588 ejus
1607 528 1771 586 quem
1806 514 2119 584 palpaveral

2230 509 2326 563 τοῦ
2374 507 2794 581 ψηλαφηθέντος
2874 506 2970 559 ἰπὶ
3037 503 3137 577 τῆς
3204 503 3451 574 πλευρᾶς
3505 503 3824 575 ικκέντησιν

531 611 785 682 gratiam,
815 621 1006 682 postea
1039 608 1339 675 sustinuit;
1383 620 1594 678 suaque
1623 606 1679 660 in
1710 603 1816 660 ﬁne
1842 603 2128 658 Dominico

531 702 751 757 vulneri
776 712 960 771 aptata
984 700 1263 771 passione,
1285 699 1449 769 eique
1471 695 1650 750 modis
1669 690 1928 748 omnibus
1950 691 2128 746 lactus

531 791 759 859 similis,
792 791 860 846 ad
879 791 1131 846 eamdem
1156 788 1331 844 dubio
1363 787 1556 858 procul
1590 782 1897 840 claritatem
1935 796 2000 837 ac
2034 795 2126 835 re-

531 899 704 955 gnum
737 883 1145 954 sempiternum
1177 879 1374 936 evasit.

602 976 772 1030 Latus
795 975 900 1029 hoc
922 973 1338 1029 exhorruerunt
1370 968 1669 1033 daemones,
1698 979 1905 1036 eosque
1928 977 2128 1034 appre-

534 1065 730 1121 hendit
752 1065 918 1119 timor
940 1072 998 1118 et
1019 1073 1258 1130 tremor;
1281 1059 1542 1132 quodque
1561 1058 1716 1115 necis
1732 1056 1892 1112 avida
1914 1053 2127 1110 incensi

533 1157 907 1221 aemulatione,
923 1139 1424 1224 lubentissimeque
1443 1166 1544 1223 per
1564 1137 1852 1206 ministros
1876 1147 2125 1218 ipsorum

533 1247 732 1320 dignos
769 1247 984 1303 saevitia
1027 1247 1352 1318 ingruentes
1388 1251 1762 1315 pupugerant,
1805 1239 2126 1310 intelligen-

533 1339 672 1393 tium
726 1353 851 1393 mox
900 1338 1326 1406 divinarumque
1376 1335 1720 1391 Potestatum
1770 1330 1972 1387 studiis
2017 1328 2128 1384 coli

531 1431 1062 1496 animadvertentes,
1103 1431 1158 1484 in
1183 1429 1354 1484 chaos
1386 1434 1553 1497 atque
1579 1426 1870 1481 Tartarum
1903 1423 2126 1493 planctu

531 1523 748 1594 lugubri
782 1504 1124 1591 diﬂugerunt
1147 1521 1216 1574 '°.
1248 1521 1420 1574 Latus
1453 1519 1560 1573 hoc
1604 1516 1830 1572 reveriti
1865 1523 1991 1570 sunt
2023 1529 2126 1568 an-

529 1617 666 1688 geli,
704 1626 766 1671 ut
803 1616 935 1672 Jesu
971 1613 1164 1670 lateris
1195 1622 1386 1684 typum
1411 1621 1468 1666 et
1499 1610 1853 1678 exemplum;
1886 1606 2127 1676 indeque

528 1708 848 1764 diﬁluentes
871 1707 1095 1762 cruoris
1128 1705 1324 1768 stillas,
1353 1703 1509 1758 velut
1539 1716 1758 1756 sacrum
1793 1698 2028 1754 Domino
2056 1697 2126 1750 Ii-

2234 602 2464 672 ὖστερον
2491 601 2750 671 ὑπέσχεν,
2783 601 2880 654 καὶ
2921 596 3000 668 τῷ
3045 596 3140 651 τοῦ
3183 597 3392 668 Κυρίου
3429 597 3592 652 πάθει
3611 597 3674 650 τὸ
3697 597 3828 652 [διον

2232 695 2327 748 ἐπὶ
2385 694 2530 748 τέλει
2580 693 3016 766 προσηρμοκὼς,
3069 690 3164 746 καί
3203 693 3254 746 οί
3283 691 3465 744 πάντα
3491 691 3696 760 τρότων
3738 689 3826 756 ιξ.

2229 786 2610 856 ωμοιωμένος,
2638 786 2720 849 είς
2747 785 2850 855 τὴν
2874 784 3046 853 αὐτὴν
3070 782 3527 855 ὁμολογουμένως
3551 781 3711 848 δόξαν
3733 781 3829 836 καὶ

2230 877 2404 931 ἀΐδιον
2433 875 2718 948 ἀνελήφθη
2753 875 3059 947 βασιλείαν.

2301 969 2521 1040 Ταύτην
2543 968 2772 1040 ιφριξαν
2823 968 3085 1039 δαίμονες
3113 969 3214 1038 τὴν
3253 966 3519 1040 πλευράν,
3549 967 3646 1022 καὶ
3665 967 3827 1037 φόϐος

2227 1059 2326 1112 καὶ
2355 1058 2560 1129 τρόμος
2584 1055 2890 1111 ἐπελάϐετο
2919 1054 3122 1121 αύτούς
3151 1073 3167 1112 .°
3202 1058 3299 1111 καὶ
3329 1059 3396 1128 ἢν
3423 1057 3574 1128 ζήλῳ
3600 1054 3829 1125 φονώδει

2229 1149 2693 1221 πυρπολούμενοι,
2724 1149 2818 1202 καὶ
2849 1147 2941 1203 διὰ
2975 1147 3086 1202 τῶν
3129 1148 3298 1214 ἀξίων
3319 1149 3508 1212 αὐτοῖς
3537 1147 3828 1217 ὑπουργῶν

2230 1243 2306 1305 ὡς
2332 1243 2528 1313 ἥδιστα
2556 1239 3006 1314 καταδραμόντες
3057 1239 3446 1312 ἐξεκέντησαν,
3485 1240 3694 1310 ταύτην
3743 1237 3804 1290 εύ

2229 1338 2327 1401 θὺς
2357 1339 2464 1392 ὑπὸ
2490 1336 2696 1410 νοερῶν
2730 1338 2825 1392 καὶ
2859 1337 3020 1390 θείων
3081 1336 3380 1407 Δυνάμεων
3421 1334 3830 1406 περιεπομένην

2229 1429 2600 1500 καθορῶντες,
2623 1431 2705 1492 είς
2721 1428 2855 1498 χάος
2881 1429 2975 1482 καὶ
2996 1428 3288 1499 Τάρταρον
3317 1425 3694 1495 ἀπεφοίτησαν
3715 1427 3830 1478 όλο-

2230 1519 2552 1591 φυρόμενοι.
2585 1517 2804 1586 Ταύτην
2833 1516 3143 1588 ᾐδέσθησαν
3187 1515 3432 1586 ἄγγελοι,
3490 1516 3568 1578 ὠς
3613 1516 3829 1568 ἀντίτυ-

2228 1628 2334 1665 πον
2383 1610 2488 1681 τῆς
2533 1611 2776 1681 πλευρᾶς
2803 1609 2899 1663 τοῦ
2946 1608 3125 1679 Ἰησοῦ
3145 1624 3161 1640 ·
3197 1609 3416 1671 καὶτὰς
3442 1605 3827 1677 ἀπορρεούσας

2229 1708 2402 1778 αὐτῆς
2430 1705 2654 1776 ῥανίδας
2679 1704 2773 1758 τοῦ
2793 1705 3052 1775 αἵματος,
3076 1698 3165 1757 οἷα
3194 1702 3427 1773 σπονδὴν
3449 1703 3601 1772 ίεράν
3623 1699 3828 1769 ἀναφέ-

526 1800 728 1856 bamen
767 1800 1034 1855 oﬂerunt.
1072 1797 1396 1852 Laudarunt
1432 1791 1752 1865 archangeli
1798 1805 1862 1846 ac
1910 1789 2119 1844 honore

2233 1799 2622 1872 ρουσιΚυρίῳ.
2681 1797 2904 1869 Ταύτην
2953 1796 3289 1869 ἀρχάγγελοι
3327 1797 3531 1868 ᾔνεσαν
3576 1796 3669 1848 καὶ
3715 1793 3830 1847 ἐτί-

527 1892 812 1962 prosecuti
844 1899 1003 1956 sunt;
1037 1890 1171 1958 quin
1203 1887 1351 1943 illius
1383 1887 1497 1942 ictu
1528 1895 1750 1955 recepta
1777 1881 2119 1938 sanctissima

2235 1862 2450 1966 μησαν·
2499 1862 2702 1964 μᾶλλον
2747 1891 2828 1957 δὲ,
2860 1862 2965 1944 ’διὰ
2996 1862 3406 1960 τῖιςγτρώσεῶς
3442 1887 3670 1958 ταύτης,
3728 1887 3830 1958 τὴν

528 1985 764 2047 Anima,
829 1984 939 2038 laeti
991 1983 1336 2054 plauserunt.
1392 1979 1859 2037 Gloriﬁcaverunt
1912 1973 2126 2032 Princi-

530 2085 715 2146 patus,
753 2077 1062 2131 Potestates
1094 2073 1501 2142 exaltaverunt,
1532 2072 1781 2128 Virtutes
1807 2067 2125 2140 magniﬁca-

530 2179 686 2233 runt,
710 2166 1129 2223 Dominationes
1151 2164 1554 2222 humanissime
1591 2170 1950 2234 acceperunt,
1989 2177 2123 2216 sau-

531 2258 878 2330 ctissimique
890 2257 1170 2313 Cherubin
1190 2273 1255 2312 ac
1267 2256 1538 2328 Seraphin
1550 2254 1872 2312 suavissima
1885 2252 2124 2324 quadam

530 2351 695 2407 laude
745 2349 1204 2420 divinissimoque
1263 2349 1522 2413 cantico,
1587 2347 1826 2402 Domino
1880 2343 2121 2400 Sabaoth

529 2450 828 2517 laetantem,
847 2449 1159 2520 eximieque
1191 2446 1328 2518 Regi
1356 2446 1546 2519 gloriae
1565 2444 1954 2508 exsultantem,
1984 2455 2126 2512 pra-

529 2551 844 2600 sentarunt.

600 2726 786 2796 Ipsum
825 2723 934 2778 hoc
968 2723 1114 2777 latus
1145 2721 1343 2776 adorat
1379 2719 1648 2782 Ecclesia,
1681 2718 1916 2790 ejusque
1952 2715 2123 2788 guttis

526 2818 808 2888 pullulans
836 2816 1076 2872 laetatur.
1103 2813 1151 2869 0
1180 2814 1346 2878 latus,
1385 2819 1483 2867 tuo
1517 2809 1697 2882 ipsius
1729 2808 1964 2864 vulnere
1992 2821 2122 2863 eum

526 2907 847 2972 vulnerans,
891 2904 986 2975 qui
1036 2904 1204 2960 ictum
1251 2903 1460 2970 inﬁxit;
1507 2900 1894 2974 passionisque
1942 2897 2124 2954 imita-

526 2999 679 3056 tione
697 3012 824 3055 eum
849 2998 1184 3071 gloriﬁcans,
1209 2997 1305 3068 qui
1331 2997 1410 3051 tui
1435 3009 1601 3051 causa
1627 2995 1818 3049 lancea
1844 3001 2125 3048 transver-

525 3092 754 3149 beratus
804 3091 945 3148 fuit!
1002 3091 1204 3157 Latus,
1261 3104 1372 3144 non
1415 3087 1591 3144 veteri
1648 3086 1859 3142 Adamo
1913 3083 2121 3140 factum

527 3185 983 3257 transgressionis
1022 3198 1219 3249 causa,
1259 3181 1356 3239 sed
1395 3197 1540 3237 novo
1577 3179 1808 3253 iustitia:
1847 3177 2114 3234 material

597 3376 642 3432 Ο
673 3377 866 3432 lancea
908 3377 922 3430 ι
957 3374 1224 3432 exteriori
1255 3374 1440 3445 specie
1470 3387 1662 3428 necem
1694 3369 1968 3439 inferens;
2007 3373 2123 3442 spi-

529 3469 675 3524 ritali
715 3478 898 3522 autem
937 3465 1303 3538 intelligentia
1348 3464 1528 3534 ipsum
1567 3463 1662 3533 qui
1708 3463 1960 3518 sublatus
2014 3471 2121 3528 est,

529 3561 742 3616 ducens
791 3559 860 3614 ad
905 3559 1078 3614 vitam
1119 3566 1408 3622 aeternam,
1444 3553 1607 3625 eique
1649 3555 1909 3610 satellitio
1957 3553 2123 3608 obse-

527 3651 745 3721 quens!
791 3664 902 3720 quo
931 3648 1096 3703 etiam
1131 3646 1213 3711 ﬁt,
1238 3654 1302 3700 ut
1345 3644 1589 3716 indignis
1629 3641 1828 3698 acerba
1858 3640 2122 3704 videaris,

531 3740 610 3795 illi
640 3747 826 3794 autem
851 3737 946 3808 qui
977 3735 1147 3793 Verbi
1181 3733 1617 3790 transverberati
1653 3747 1820 3787 causa
1847 3741 2124 3786 transver-

526 3825 714 3882 berari
757 3824 988 3891 meruit,
1030 3825 1194 3881 melle
1235 3823 1454 3879 dulcior
1500 3823 1596 3879 sis.
1637 3821 1852 3877 Lancea
1884 3821 2118 3884 scilicet,

525 3920 740 3975 Anima:
765 3917 864 3974 Dei
879 3917 1092 3974 aemulae
1109 3918 1336 3988 ianuam
1356 3915 1645 3981 fabricata,
1667 3929 1778 3986 qua
1797 3930 1866 3970 ex
1887 3927 2120 3983 corpore

524 4012 849 4078 excederet,
907 4010 1071 4080 eique
1117 4009 1352 4080 depulso
1397 4007 1584 4079 gladio
1629 4007 1826 4080 igneo,
1867 4005 2121 4078 pandens

525 4103 770 4176 paradisi
831 4103 1090 4176 ianuam,
1146 4103 1396 4172 citraque
1447 4115 1610 4157 omne
1657 4099 2117 4170 impedimentum

524 4197 673 4252 inter
706 4196 921 4251 medios
962 4194 1247 4251 Cherubin
1288 4192 1591 4258 inducens,
1633 4207 1699 4248 ac
1736 4191 1788 4247 ei
1837 4191 1933 4262 qui
1962 4191 2120 4247 sedet

525 4302 697 4358 super
725 4287 1034 4351 Cherubin,
1063 4285 1236 4340 nullis
1260 4284 1453 4340 verbis
1479 4283 1796 4354 explicabili
1826 4281 2028 4338 ﬁducia
2055 4297 2120 4337 ac

524 4377 892 4434 exsultatione
925 4376 1128 4432 sistens
1158 4376 1226 4430 ⁸¹.
2060 4389 2065 4392 ·

595 4469 969 4538 Quamobrem
995 4469 1176 4524 saluto
1207 4476 1261 4523 te
1290 4481 1355 4523 ac
1391 4465 1685 4538 compello,
1726 4464 1980 4520 Animam
2008 4465 2120 4520 sci-

2232 1984 2514 2054 παναγίαν
2546 1982 2726 2054 ψυχὴν
2761 1983 3073 2054 ἐκρότησαν
3099 1981 3487 2045 ἀναλαϐόντες.
3530 1981 3724 2052 Ἀρχαὶ
3748 1979 3828 2045 δὲ,

2232 2076 2565 2143 ὲδόξασασαν
2595 2094 2608 2108 ·
2655 2074 2931 2142 Ἐξουσίαι
2981 2075 3062 2140 δὲ,
3113 2073 3374 2144 ὕψωσαν·
3431 2075 3703 2144 Δυνάμεις
3745 2072 3827 2136 δὲ,

2230 2169 2578 2242 ὲμεγάλυναν
2605 2183 2617 2197 ·
2653 2167 2751 2223 καὶ
2799 2168 2858 2222 αί
2906 2167 3251 2238 Κυριότητες
3298 2164 3398 2236 μὲν
3427 2163 3788 2241 ἐδεξιώσαντο
3811 2179 3828 2196 ·

2229 2263 2281 2314 oi
2329 2260 2737 2330 παναγέστατοι
2796 2257 2854 2311 δὲ
2905 2257 3192 2329 Χερουϐὶμ
3242 2257 3339 2310 καὶ
3378 2257 3654 2326 Σεραφὶμ,
3689 2255 3832 2326 μετά

2228 2368 2377 2415 τινος
2417 2349 2695 2426 ἐμμελοῦς
2724 2349 2987 2414 αἰνέσεως
3017 2350 3114 2404 καὶ
3162 2350 3646 2420 θεοπρεπεστάτης
3689 2351 3832 2420 ὕμν-

2229 2443 2420 2514 ῳδίαες,
2456 2442 2536 2512 τῷ
2600 2441 2794 2512 Κυρίῳ
2828 2439 3056 2495 Σαϐαὼθ
3087 2441 3554 2514 εύφραινομένην,
3600 2440 3679 2512 τῷ
3729 2441 3837 2509 τῆς

2229 2535 2391 2606 δόξης
2458 2533 2817 2606 παρέστησαν
2882 2533 3182 2605 ὑπερφυῶς
3253 2532 3671 2604 ἀγαλλιωμένην
3726 2531 3834 2602 βα-

2234 2627 2393 2681 σιλεῖ.

2299 2718 2520 2790 Ταύτην
2552 2719 2644 2774 καὶ
2673 2721 2707 2788 ἡ
2750 2717 3053 2789 Ἐκκλησία
3081 2719 3383 2789 προσκυνεῖ
3410 2717 3512 2789 τὴν
3556 2716 3828 2788 πλευρὰν,

2229 2811 2326 2866 καὶ
2348 2813 2406 2866 ὲν
2434 2814 2555 2876 ταῖς
2577 2811 2834 2881 σταγόσιν
2861 2811 3031 2880 αὐτῆς
3056 2808 3412 2881 εὐφραίνεται
3430 2808 3824 2864 ἀνατέλλουσα.

2234 2903 2300 2956 ’Ὠ
2331 2903 2563 2974 πλευρὰ,
2585 2903 2665 2974 τῷ
2694 2901 2885 2972 οἰκείῳ
2921 2901 3202 2974 τραύματι
3253 2900 3706 2972 τραυματίζουσα
3728 2901 3828 2954 τὸν

2227 2995 2549 3066 τετρωκότα
2580 3011 2595 3027 ·
2620 2993 2808 3065 καὶτῷ
2835 2993 2932 3048 τοῦ
2956 2993 3166 3056 πάθους
3185 2993 3491 3064 μιμήματι,
3520 2990 3827 3057 δοξάζουσα

2225 3083 2320 3137 τὸν
2348 3081 2779 3153 λελογχευμένον
2809 3083 2950 3153 ὑπὲρ
3000 3081 3126 3136 σοῦι
3164 3079 3406 3151 Πλευρά,
3447 3080 3550 3134 οὐκ
3593 3081 3823 3153 ἀφορμὴ

2231 3175 2602 3247 παραϐάσεως
2648 3174 2728 3244 τῷ
2772 3174 2990 3245 παλαιῷ
3049 3173 3242 3244 Ἀδὰμ,
3291 3171 3429 3228 ἀλλὰ
3472 3173 3824 3244 δικαιοσύνης

2227 3266 2480 3332 ὑπόθεσις
2509 3265 2591 3337 τῷ
2622 3264 2796 3334 καινῷ
2825 3265 3193 3337 γεγενημένηί

2295 3359 2366 3414 Ὦ
2393 3361 2562 3430 λόγχη
2592 3361 2605 3414 !
2635 3359 2698 3412 τὸ
2712 3359 2997 3430 ὁρώμενον
3045 3359 3167 3429 μὲν,
3195 3357 3425 3412 θάνατον
3443 3359 3824 3431 ἐργαζομένη·

2223 3453 2285 3508 τὸ
2311 3453 2602 3523 νοούμενον
2627 3451 2707 3518 δὲ,
2733 3451 2825 3504 τὸν
2848 3449 3079 3505 θανόντα
3137 3450 3278 3522 πρὸς
3309 3451 3411 3521 τὴν
3449 3451 3671 3504 αἰώνιον
3705 3453 3824 3506 ὁδο-

2225 3541 2460 3597 ποιοῦσα
2478 3541 2574 3596 καὶ
2609 3538 2988 3611 δορυφοροῦσα
3013 3537 3166 3608 ζωήν
3200 3552 3214 3567 ·
3249 3532 3334 3601 οἷς
3380 3536 3478 3592 καὶ
3519 3537 3700 3608 πικρά
3729 3538 3826 3606 μὲν

2222 3637 2401 3699 δοκεῖς
2419 3637 2533 3698 τοῖς
2563 3632 2808 3698 ἀναξίοις
2834 3647 2849 3662 ·
2887 3631 3055 3703 ἡδίων
3075 3630 3132 3684 δὲ
3162 3630 3400 3702 μέλιτος,
3430 3629 3509 3702 τῷ
3541 3630 3687 3702 ὑπὲρ
3728 3628 3822 3684 τοῦ

2224 3728 2480 3796 νυγέντος
2532 3727 2864 3797 κεντηθῆναι
2909 3723 3305 3795 κατηξιωμένῳ
3351 3723 3552 3793 Λόγου.
3607 3723 3821 3796 Λόγχη,

2223 3823 2395 3894 θύραν
2427 3822 2524 3892 μὲν
2545 3821 2645 3891 τῆς
2675 3819 2784 3874 ἀπὸ
2813 3820 2909 3873 τοῦ
2941 3817 3198 3889 σώματος
3229 3817 3414 3884 ἐξόδου
3449 3819 3516 3888 τῇ
3549 3816 3825 3888 θεομιμή-

2221 3933 2298 3987 τῳ
2321 3913 2718 3985 τεκταινομένη
2773 3911 2964 3982 ψυχῇ·
3017 3910 3119 3980 τὴν
3171 3907 3346 3979 θύραν
3393 3908 3450 3961 δὲ
3496 3909 3668 3980 ταύτῃ
3726 3905 3822 3961 τού

2223 4007 2555 4080 παραδείσου
2585 4006 2957 4074 διανοίγουσα,
2987 4004 3084 4057 καὶ
3123 4003 3224 4076 τὴν
3250 4001 3510 4071 φλογίνην
3540 4002 3824 4072 ῥομφαίαν

2221 4101 2574 4174 έκκρούσασα
2593 4117 2606 4132 ·
2640 4101 2734 4155 καὶ
2763 4101 2854 4156 διὰ
2878 4100 2990 4152 τῶν
3037 4097 3352 4170 Χερουϐεὶμ
3381 4095 3682 4159 ἀκωλύτως
3708 4097 3826 4149 ela-

2220 4197 2453 4265 άγουσα,
2487 4195 2582 4250 καὶ
2624 4193 2702 4266 τῷ
2718 4194 2813 4247 ἐπὶ
2843 4193 2954 4246 τῶν
2987 4191 3304 4262 Χερουϐεὶμ
3340 4189 3482 4260 μετά
3505 4189 3823 4261 παρρησίας

2228 4288 2514 4361 ἀφράστου
2536 4287 2632 4343 καὶ
2660 4287 3041 4358 ἀγαλλιάσεως
3069 4285 3448 4356 προσάγουσα.

2293 4469 2604 4539 Τοιγαροῦν
2642 4466 3042 4539 προσαγορεύω
3085 4482 3168 4530 σε,
3213 4465 3312 4534 τὴν
3355 4464 3444 4518 διὰ
3488 4464 3588 4535 τῆς
3615 4463 3822 4536 λόγχης

520 4565 656 4620 licet
691 4563 883 4618 lancea
929 4561 1225 4632 stipatam,
1267 4574 1334 4615 ac
1379 4575 1506 4614 cum
1551 4557 1726 4628 gloria
1765 4572 1828 4612 ac
1866 4556 2117 4612 claritate

2225 4559 2728 4630 δορυφορουμένην,
2777 4558 2876 4612 καὶ
2911 4557 3052 4628 μετά
3095 4555 3254 4624 δόξης
3285 4555 3363 4625 τῷ
3392 4553 3612 4627 Χριστῷ
3642 4571 3817 4627 προσ-

523 4655 754 4712 Christo
786 4655 1048 4710 oblatam.
1081 4653 1194 4709 Ave
1215 4694 1230 4719 ,
1269 4652 1436 4709 Verbi
1464 4651 1918 4723 eloquentissime
1948 4649 2118 4706 disci-

525 4746 675 4818 pule,
701 4745 932 4816 ejusque
954 4759 1184 4814 operum
1215 4743 1460 4798 imitator
1485 4741 1900 4807 strenuissime;
1932 4739 2115 4794 Evan-

523 4838 766 4910 geliique
799 4835 1210 4892 ferventissime
1244 4833 1666 4904 adimpletione,
1705 4847 1771 4888 ac
1805 4832 2118 4903 peragendo

524 4930 673 5003 quod
706 4930 762 4985 in
792 4929 1068 4985 mandatis
1095 4929 1169 4983 sit
1199 4927 1610 4998 probatissime.
1645 4925 1807 4981 Salve
1840 4925 1937 4989 sis,
1967 4923 2115 4994 quod

524 5038 650 5079 cum
703 5022 970 5093 magistro
1028 5019 1170 5075 mori
1228 5019 1582 5090 percupiisti;
1637 5033 1739 5073 nec
1785 5016 2109 5088 percupiisti

523 5115 726 5182 solum,
770 5114 865 5170 sed
911 5120 970 5170 et
1008 5112 1424 5182 condiscipulos
1467 5125 1662 5182 magna
1713 5109 1780 5164 ad
1825 5109 1930 5165 hoc
1979 5122 2114 5164 voce

522 5209 847 5266 cohortatus
880 5223 941 5263 es
977 5215 1033 5262 et
1080 5205 1351 5276 impulisti
1377 5207 1464 5259 In:
1507 5218 1612 5260 nec
1656 5203 1712 5259 id
1755 5202 1940 5258 verbis
1972 5201 2115 5257 dun-

523 5307 700 5366 taxat,
735 5298 833 5354 sed
868 5297 1058 5353 multis
1092 5313 1196 5368 pro
1237 5297 1333 5352 illo
1371 5295 1696 5368 perfunctus
1734 5295 2020 5351 laboribus
2048 5310 2114 5350 ac

522 5393 808 5464 periculis,
844 5408 955 5463 quo
983 5391 1243 5449 alacritas
1266 5393 1437 5447 animi
1467 5391 1720 5458 vocabat,
1752 5389 2108 5462 postmodum

523 5486 704 5557 reipsa
728 5485 986 5541 effecisti.

594 5577 756 5632 Salve
800 5579 900 5645 sis,
953 5575 1102 5647 quod
1146 5583 1202 5630 et
1249 5575 1716 5630 resurrectionem
1741 5588 1855 5643 pra:
1896 5572 2113 5628 caeteris

521 5671 798 5727 curiosius
820 5671 1091 5741 inquiris;
1119 5684 1229 5724 non
1264 5669 1382 5740 ipse
1409 5668 1508 5724 tibi
1533 5666 1728 5738 magis,
1769 5681 1935 5737 quam
1974 5681 2111 5721 con-

2215 4651 2633 4722 ἀναφερομένην
2677 4651 2880 4721 ψυχήν.
2935 4651 3130 4720 Χαῖρε,
3161 4649 3258 4702 τοῦ
3305 4649 3483 4717 Λόγου
3515 4647 3816 4718 λογιώτατε

2221 4742 2461 4814 μαθητὰ,
2490 4744 2583 4798 καὶ
2620 4743 2731 4797 τῶν
2773 4743 2953 4812 ἔργων
3017 4741 3186 4796 αὑτοῦ
3247 4741 3675 4813 πρακτικώτατε
3729 4760 3818 4812 μι-

2221 4837 2398 4907 μητά·
2433 4838 2529 4891 καὶ
2560 4837 2658 4890 τοῦ
2682 4836 3020 4905 Εύαγγελίου
3061 4834 3369 4907 θερμότατε
3405 4835 3692 4906 πληρωτὰ,
3723 4833 3817 4888 καὶ

2217 4931 2318 5000 τῆς
2345 4929 2569 5001 ἐντολῆς
2591 4927 2938 5000 δοκιμώτατε
2966 4927 3248 4980 τελειωτά.
3291 4929 3486 4999 Χαῖρε,
3517 4925 3804 4982 ὃτιὲπεθύ-

2225 5035 2405 5089 μησας
2429 5019 2508 5090 τῷ
2545 5019 2856 5090 διδασκάλῳ
2890 5019 3290 5073 συναποθανεῖν
3319 5035 3332 5049 ·
3361 5021 3456 5072 καὶ
3493 5019 3594 5072 ούκ
3619 5019 3816 5072 ὲπεθύ·

2223 5131 2407 5184 μησας
2439 5113 2622 5185 μόνον,
2650 5112 2788 5167 άλλά
2843 5113 2938 5167 καὶ
2980 5113 3106 5176 τοὺς
3143 5110 3398 5183 μαθητὰς
3420 5112 3499 5175 είς
3516 5109 3679 5165 τοῦτο
3715 5127 3813 5182 με·

2214 5205 2551 5276 γαλοφώνως
2608 5206 2956 5277 προέτρεψας
3020 5205 3117 5258 καὶ
3169 5205 3578 5276 παρώτρυνας·
3615 5204 3707 5259 καί
3752 5203 3812 5258 ού

2213 5299 2396 5369 λόγοις
2431 5300 2617 5370 μόνον,
2669 5299 2806 5352 ἀλλά
2859 5298 2998 5369 μετὰ
3033 5297 3266 5362 πολλοὺς
3296 5298 3436 5367 ὑπὲρ
3483 5297 3696 5352 ἐκείνου
3721 5294 3811 5351 πό-

2214 5411 2338 5458 νους
2367 5395 2461 5448 καὶ
2482 5392 2784 5460 κινδύνους,
2819 5393 3048 5465 ὕστερον
3071 5393 3166 5446 καὶ
3200 5393 3315 5456 τοῖς
3346 5391 3531 5462 ἔργοις
3584 5388 3809 5447 ἐκτετέ-

2213 5486 2382 5549 λεκας
2411 5488 2512 5558 τὴν
2539 5489 2869 5559 προθυμίαν.

2285 5579 2480 5649 Χαῖρε,
2524 5579 2607 5632 ὅτι
2640 5581 2734 5633 καὶ
2769 5578 2871 5652 τὴν
2895 5579 3198 5634 ἀνάστασιν
3257 5577 3402 5650 ὑπὲρ
3457 5579 3586 5643 τοὺς
3616 5575 3808 5636 ἄλλους

2217 5670 2697 5742 πολυπραγμονεῖς
2724 5689 2740 5703 ·
2769 5672 2830 5726 ού
2876 5672 3082 5736 μᾶλλον
3119 5673 3323 5745 ἐαυτῷ,
3360 5672 3539 5743 ἢτοῖς
3593 5682 3785 5742 συμμα

590 5853 639 5886 ⁸⁸
661 5855 807 5910 Psal.
841 5870 1010 5922 XLVII,
1039 5855 1093 5908 7.
1168 5857 1210 5888 "
1245 5856 1384 5910 Gen.
1411 5870 1494 5920 ιη,
1517 5854 1627 5920 ΩῙΗ
1659 5851 1804 5909 Paul.
1839 5866 2018 5919 Lxxtx,
2051 5850 2119 5907 98

2225 5852 2256 5884 "
2282 5851 2442 5907 Joau.
2473 5868 2551 5917 xi,
2591 5852 2677 5905 16.
