4094 6416
382 416 492 482 145

1124 420 1404 480 ORATIO
1442 421 1693 482 VIIIr-
1724 421 1807 483 IN
1849 423 2162 484 LAUDEM
2202 425 2260 483 S.
2301 424 2560 485 JACOBI
2597 428 2920 489 ΑΕΡΗίΕΙ.

3551 426 3654 494 146

380 529 613 601 θητατςυ
647 527 771 582 οὐδὲ
807 527 1019 592 τούτοις
1070 530 1273 600 μᾶλκον
1295 570 1310 597 ,
1341 530 1375 602 ἢ
1408 533 1576 586 πᾶσιν
1620 531 1850 599 ἔθνεσιν,
1904 533 1966 586 τὸ

2085 532 2392 605 1ἱ“δοῖρυ1ἰε;
2432 553 2498 592 ac
2529 554 2633 594 nec
2672 539 2760 595 his
2802 538 2997 610 magis,
3042 555 3208 610 quam
3243 539 3504 611 gentibus
3531 541 3656 597 uni-

389 619 532 690 μέγα
572 635 736 673 τουτο
757 620 1056 690 μυστήριον
1091 622 1158 692 τῇ
1189 620 1694 694 πολυπραγμοσύνῃ
1713 622 1967 693 βεϐαιού-

391 727 549 779 μενος
581 727 596 742 °
629 712 722 764 καὶ
759 710 860 781 τὴν
887 711 1140 766 ὑπόνοιαν
1175 715 1274 784 τῆς
1300 715 1600 781 φαντασίας
1649 714 1968 786 διορθούμε-

387 817 499 866 νος,
525 803 619 854 καὶ
673 801 782 854 τῶν
823 802 1091 857 Ἰουδαίων
1117 804 1216 874 τὴν
1244 805 1524 860 ἀπείθειαν
1562 806 1964 878 ὲπιρῤαπίζων,

386 895 487 947 καὶ
521 893 622 964 τὴν
657 894 767 948 τῶν
803 896 1097 964 αίρετικῶν
1146 897 1463 952 ἐπικόπτων
1512 898 1964 968 φρενοϐλάϐειαν,

382 987 484 1041 καὶ
519 990 654 1042 πᾶσι
695 988 798 1059 τὴν
835 988 1004 1060 ὀρθὴν
1042 989 1136 1044 καὶ
1177 988 1482 1062 ἀμώμητον
1512 991 1698 1046 πίστιν
1723 991 1966 1063 ἀναμφί-

381 1077 579 1133 λεκτον
609 1079 899 1136 ὁδοποιῶν.

457 1175 654 1244 Χαῖρε,
689 1174 772 1229 ὄτι
796 1176 1140 1247 μεγαλοφυῒα
1160 1176 1362 1247 ψυχῆς,
1387 1177 1481 1230 καὶ
1499 1177 1787 1250 περιουσία
1804 1179 1968 1232 πνεύ-

383 1284 559 1338 ματος
589 1267 894 1339 δυνάμεως,
921 1271 1033 1334 τοῖς
1073 1270 1270 1339 μέλασι
1297 1269 1396 1340 μὲν
1420 1268 1482 1323 τὸ
1522 1271 1704 1340 σῶμα,
1737 1272 1970 1342 μελανο-

377 1360 566 1430 τέροις
581 1359 640 1413 δὲ
660 1359 826 1429 ζόφου
845 1361 944 1432 τὴν
955 1361 1136 1433 ψυχὴν
1155 1361 1963 1434 προσεγγίσαικατετόλμησας’

379 1454 481 1506 καὶ
499 1453 730 1518 τούτοις,
757 1453 820 1507 τὸ
851 1452 1008 1524 σῶμα
1040 1454 1138 1523 μὲν
1160 1455 1263 1508 οὐκ
1294 1454 1592 1521 ὲλεύκανας
1619 1471 1635 1486 ⁸
1669 1455 1812 1510 διατί
1834 1455 1966 1527 γάρ;

378 1545 542 1616 ἡλίου
599 1545 662 1599 δὲ
711 1546 1038 1616 λευκοτέραν
1084 1547 1118 1618 ἢ
1169 1548 1631 1620 φωτοειδεστέραν
1683 1549 1969 1620 ἀπέφηνας

379 1634 488 1700 τὴν
510 1631 711 1702 ψυχήνο
747 1627 814 1704 ἧς
843 1633 1004 1702 δῆλον
1029 1635 1112 1688 ὅτι
1158 1635 1332 1705 μόνης
1360 1636 1518 1706 χρεία
1536 1635 1616 1708 τῷ
1631 1638 1864 1709 Σωτῆρι.
1891 1639 1968 1692 Οὐ

379 1719 497 1789 γὰρ
515 1719 782 1789 σωμάτων
806 1719 1139 1790 εὐπρεπείας
1171 1721 1411 1792 (φθαρτά
1437 1720 1591 1793 γὰρ),
1616 1723 1753 1778 ἀλλὰ
1779 1725 1970 1795 ψυχῶν

383 1812 729 1882 ὡραιότητος
758 1810 1070 1882 (ἄφθαρτος
1106 1813 1278 1882 γὰρ),
1313 1815 1342 1868 ό
1383 1814 1678 1886 φιλόψυχος
1733 1816 1969 1887 νυμφίος

383 1907 513 1977 ἐρᾷ·
559 1899 662 1958 Ὧν
706 1904 890 1972 αὐτὸς,
933 1899 981 1960 ὦ
1030 1907 1368 1977 νυμφοστόλε
1407 1908 1503 1962 καὶ
1571 1909 1824 1980 ἁρμοστά
1871 1910 1967 1966 τοῦ
1999 1888 2042 1944 Β

384 1999 584 2066 Λόγου,
630 2001 698 2070 τῇ
763 1999 1012 2070 μαχαίρᾳ
1054 1999 1150 2053 τοῦ
1204 2001 1522 2072 Πνεύματος
1566 2003 1666 2076 τὴν
1731 2003 1970 2075 ψυχικὴν

383 2090 664 2161 ἀμορφίαν
699 2093 796 2146 καὶ
831 2092 1092 2163 μελανίαν
1144 2093 1445 2160 ἀποξύσας,
1493 2097 1613 2162 ταῖς
1670 2097 1856 2152 ἀκτῖσι
1909 2099 1968 2152 δὲ

386 2185 486 2252 τῆς
512 2183 734 2254 χάριτος
770 2185 1149 2255 περιαυγάσας
1189 2203 1206 2219 ο
1256 2187 1351 2242 καὶ
1372 2182 1460 2241 οἷα
1488 2188 1788 2261 δευσοποιῷ
1822 2190 1967 2262 βαφῇ

393 2275 453 2344 τῇ
490 2272 674 2327 πίστει
697 2274 934 2346 Χριστοῦ
974 2277 1074 2329 καί⁹
1103 2278 1170 2346 τῇ
1203 2277 1395 2348 ἀγάπῃ
1448 2277 1834 2348 καταχρώσας,
1875 2283 1970 2335 καὶ

389 2360 592 2430 νοερῶς
631 2363 1075 2429 καταλευκάνας,
1099 2365 1433 2435 εὐπρέπειάν
1459 2383 1582 2420 τινα
1611 2369 1841 2434 τούτοις,
1877 2372 1972 2426 καὶ

385 2455 475 2509 διὰ
517 2454 626 2508 τῶν
667 2456 880 2526 ἀρετῶν
915 2460 1184 2528 μυστικὴν
1220 2459 1610 2530 ὲνεμόρφωσας
1659 2461 1927 2535 καλλονήν
1953 2481 1967 2496 ·

389 2549 484 2604 διαὶ
536 2549 790 2604 τοσοῦτον
837 2553 1023 2616 αὐτοῖς
1057 2553 1156 2624 τὴν
1203 2554 1398 2625 νοεράν
1441 2555 1753 2625 εὐμορφίαν
1788 2556 1970 2626 ἐφιλο-

396 2644 606 2712 ειμήσω
635 2645 756 2704 ταῖς
778 2644 866 2699 διὰ
889 2645 984 2698 τοῦ
1017 2645 1337 2718 Πνεύματος
1370 2648 1729 2719 ἐπιμελείαις,
1771 2650 1847 2714 ὡς
1879 2651 1973 2705 καὶ

389 2737 472 2798 εις
511 2734 836 2806 Ἐκκλησίας
864 2737 1149 2808 ἀμώμους,
1181 2738 1344 2808 ἁγίας
1362 2740 1457 2794 καὶ
1481 2740 1778 2812 ἀγαπητὼς
1805 2759 1975 2798 κατα-

390 2829 584 2898 στῆναι
603 2827 852 2900 Χριστῷ-

459 3007 637 3080 Χαῑρέ
670 3025 784 3077 μοι,
808 3009 902 3063 καὶ
931 3008 1151 3080 σκίρτα,
1196 3009 1290 3064 καὶ
1316 3010 1533 3081 χόρευε,
1554 3010 1974 3084 τρισμακαριὼ-

390 3117 520 3155 τατε
547 3101 737 3173 Θωμᾶ,
762 3101 870 3156 τῶν
902 3102 1077 3172 ἁγίων
1109 3102 1168 3156 τὸ
1195 3101 1647 3175 ὲγκαλλώπισμα,
1696 3103 1806 3158 τῶν
1834 3105 1974 3158 ἀπο-

2069 627 2268 690 versis,
2313 630 2535 684 curiosa
2577 631 2835 703 indagine
2873 647 3129 702 magnum
3170 633 3279 688 hoc
3326 634 3651 705 mysterium

2071 721 2298 781 astruis,
2325 721 2646 791 spectrique
2669 722 3042 792 suspicionem
3069 736 3134 777 ac
3162 722 3343 778 inanis
3364 724 3466 778 visi
3496 740 3650 778 amo-

2070 811 2230 876 liris;
2275 811 2706 884 Judaeorumq’ue
2753 813 3197 869 incredulitatem
3251 816 3538 881 convallis,
3587 832 3653 871 ac

2070 902 2456 958 hatreticorum
2489 904 2827 960 dementiam
2855 905 3171 971 exscindis;
3204 907 3529 977 cunctisque
3551 907 3651 961 de-

2070 1008 2221 1048 mum
2280 1003 2483 1050 rectam
2537 1009 2600 1049 ac
2651 996 2987 1065 inculpatam
3050 994 3214 1050 ﬁdem
3265 996 3415 1052 omni
3481 996 3652 1051 dubio

2069 1086 2287 1142 eximis.

2143 1176 2305 1232 Salve
2331 1177 2429 1241 sis,
2475 1178 2624 1248 quod
2661 1179 2950 1251 magniﬁca
2975 1181 3145 1237 animi
3176 1179 3362 1236 indole
3400 1195 3465 1235 ac
3492 1179 3657 1250 Spiri-

2072 1277 2162 1323 tus
2185 1266 2532 1324 fortitudinis
2551 1270 2912 1338 abundantia,
2942 1272 3130 1343 nigros
3165 1287 3423 1343 corpore,
3459 1271 3658 1326 animi-

2072 1375 2180 1430 que
2212 1360 2447 1430 caligine
2486 1361 2764 1432 nigriores
2796 1362 3065 1418 accedere
3110 1378 3279 1419 ausus
3322 1371 3427 1419 est.
3473 1363 3656 1431 Atque

2072 1452 2158 1509 his
2179 1453 2403 1523 quidem
2434 1467 2638 1523 corpus
2659 1453 2899 1509 candore
2922 1470 3034 1510 non
3069 1454 3293 1510 mutasti
3328 1453 3484 1525 (quid
3507 1454 3657 1508 enim

2072 1545 2422 1613 intererat?),
2455 1545 2642 1600 atsole
2661 1545 3036 1601 candidiorem
3065 1545 3501 1616 lucidioremque
3533 1544 3659 1600 ani-

2071 1653 2215 1692 mam
2263 1636 2590 1702 reddidisti;
2625 1653 2734 1708 qua
2766 1638 3033 1693 nimirum
3085 1654 3193 1693 una
3232 1637 3484 1693 Salvator
3516 1621 3658 1704 opus

2070 1729 2258 1786 habet.
2304 1729 2427 1784 Non
2464 1728 2612 1784 enim
2663 1728 2912 1798 Sponsus
2945 1729 3039 1784 ille
3087 1727 3398 1783 animorum
3440 1740 3655 1789 amans,

2071 1836 2366 1892 corporum
2399 1820 2615 1891 deperit
2640 1829 2987 1876 venustatem
3012 1820 3235 1890 (quippe
3260 1833 3386 1873 cum
3415 1817 3506 1872 illa
3534 1832 3659 1872 cor-

2072 1914 2318 1985 ruptioni
2367 1913 2605 1969 obnoxia
2656 1913 2810 1983 sint),
2861 1912 2958 1970 sed
2991 1913 3300 1968 animorum
3355 1909 3654 1975 decorem,

2071 2005 2276 2076 quippe
2315 2005 2410 2076 qui
2443 2005 2512 2061 ab
2549 2005 2643 2060 illa
2670 2005 2944 2059 immunes
2973 2019 3037 2059 ac
3072 2002 3233 2057 liberi
3272 2000 3401 2056 sint.
3445 2000 3654 2055 Horum

2075 2111 2155 2161 tu,
2183 2097 2350 2154 Verbi
2384 2113 2588 2168 auspex
2626 2112 2690 2152 ac
2719 2097 2999 2168 pronubel
3057 2095 3138 2150 sic
3179 2094 3379 2149 animis
3423 2108 3655 2148 concrc-

2075 2201 2183 2246 tam
2223 2189 2628 2246 deformitatem
2677 2204 2743 2244 ac
2785 2188 3131 2260 nigredinem
3184 2186 3365 2256 gladio
3417 2185 3659 2255 Spiritus

2072 2284 2368 2347 abradens,
2409 2283 2708 2354 gratiaeque
2765 2281 2933 2336 radiis
2978 2281 3340 2343 collustrans,
3377 2280 3460 2332 ‘ac
3508 2277 3662 2331 velut

2075 2372 2356 2430 indelebili
2381 2373 2622 2427 tinctura
2643 2370 2848 2426 Christi
2884 2370 2992 2425 ﬁde
3022 2385 3085 2425 ac
3110 2369 3409 2425 dilectione
3431 2368 3539 2422 alte
3565 2367 3663 2422 im-

2073 2470 2271 2534 buens,
2291 2476 2588 2537 menteque
2619 2466 2884 2522 dealbans
2913 2481 2977 2521 ac
3003 2465 3304 2520 candorem
3329 2462 3658 2524 concilians,

2073 2563 2369 2634 quamdam
2419 2560 2502 2617 eis
2537 2568 2905 2624 venustatem,
2947 2573 3012 2613 ac
3069 2557 3354 2629 mysticam
3391 2555 3660 2610 virtutum

2074 2657 2226 2712 cultu
2295 2654 2691 2710 consistentem
2760 2649 3234 2722 pulchritudinem
3305 2646 3660 2704 informasti:

2076 2750 2407 2813 tantumque
2438 2741 2520 2798 eis
2551 2739 2722 2796 animi
2769 2740 3026 2796 decorem
3074 2755 3138 2794 ac
3171 2738 3386 2799 ﬂorem,
3420 2736 3664 2808 Spiritus

2077 2832 2229 2889 curis
2248 2829 2544 2897 accurasti,
2569 2838 2632 2884 ut
2658 2838 2715 2886 et
2735 2828 2996 2886 Ecclesiae
3017 2827 3403 2892 immaculata,
3431 2835 3659 2887 sanctae,

2076 2923 2412 2994 Christoque
2441 2921 2784 2977 charissima:
2815 2918 3209 2975 conﬁareutur.

2145 3015 2307 3071 Salve
2331 3015 2428 3081 sis,
2459 3014 2674 3069 exsulta
2697 3019 2754 3068 et
2778 3012 2980 3067 choros
2999 3010 3210 3075 ducito,
3229 3019 3315 3064 ter
3343 3007 3664 3063 beatissime

2081 3107 2313 3171 Thoma,
2339 3115 2656 3164 sanctorum
2687 3104 2882 3177 gloria,
2917 3102 3296 3175 apostolorum
3324 3100 3667 3156 suavissima:

395 3195 603 3250 στόλων
653 3195 716 3250 τὸ
766 3195 1062 3266 γλύκασμα
1087 3236 1104 3262 ,
1152 3197 1213 3250 τὸ
1250 3196 1511 3268 ώράῖσμα
1563 3197 1674 3252 τῶν
1706 3197 1976 3268 οὐρανίων

2085 3199 2314 3265 deliciae,
2346 3199 2657 3254 caelestium
2688 3196 2955 3252 mentium
2979 3194 3306 3264 praeclarum
3337 3194 3529 3254 decus,
3559 3191 3667 3245 Ec-

393 3285 552 3351 νόων,
585 3285 649 3340 τὸ
687 3285 787 3357 τῆς
825 3287 1152 3358 Ἐκκλησίας
1179 3286 1544 3358 περιπόθητον
1570 3286 1844 3359 ἄκουσμα,
1871 3305 1974 3342 πε-

392 3381 658 3451 ρίπυστον
680 3380 924 3452 λάλημα.
953 3380 1146 3450 Χαῖρε,
1170 3379 1265 3434 τοῦ
1312 3379 1522 3450 Κυρίου
1551 3379 1872 3451 Πνεύματος
1913 3379 1976 3434 τὸ

393 3471 810 3541 παναγέστατον
857 3474 1146 3544 σκήνωμα,
1212 3473 1307 3526 τοῦ
1358 3473 1598 3546 Χριστοῦ
1665 3474 1842 3544 Ἰησοῦ
1915 3475 1978 3529 τὸ

395 3563 672 3635 φύτευμα,
711 3564 806 3619 καὶ
833 3566 932 3635 τῆς
955 3565 1231 3635 βασιλείας
1259 3565 1499 3637 διάδημα
1527 3582 1542 3596 ·
1573 3565 1670 3620 τοῦ
1702 3566 1840 3620 Θεοῦ
1880 3567 1978 3622 καὶ

395 3657 613 3730 Πατρδς
640 3657 702 3711 τὸ
727 3657 923 3728 εὐλογη
933 3659 1092 3728 μένον
1113 3659 1210 3712 καὶ
1244 3658 1466 3730 σπέρμα
1487 3660 1581 3712 καὶ
1629 3659 1840 3727 τέκνον,
1882 3662 1979 3714 καὶ

393 3752 528 3821 ὅλης
556 3751 895 3822 κληρονόμον
920 3751 1020 3821 τῆς
1072 3750 1430 3821 ἀγαθότητοςο
1472 3744 1542 3824 ἦς
1583 3751 1680 3805 καὶ
1733 3754 1907 3822 ἡμᾶς,
1935 3745 1981 3807 ὧ

393 3846 501 3914 τῆς
532 3843 861 3916 ἀξιαρχικῆς
899 3844 1127 3914 Τριάδος
1159 3844 1663 3915 ἀγιοπρεπέστατον
1709 3845 1980 3916 ἀγιαστή-

399 3954 555 4009 ριον,
611 3939 873 4009 μετόχους
901 3937 1481 4007 κατασκευασάμενος,
1551 3938 1645 3992 καὶ
1689 3940 1983 4004 κοινωνοὺς

399 4031 758 4105 παραλαϐὼν,
798 4033 895 4086 σὺν
930 4033 1014 4086 σοὶ
1050 4031 1294 4099 δοξάζειν
1329 4031 1424 4086 καὶ
1450 4033 1620 4085 αίνεῖν
1641 4032 1984 4098 καταξίωσον

395 4128 494 4181 τὸν
527 4126 749 4197 Πατέρα
770 4127 868 4179 καὶ
918 4125 1009 4179 τὸν
1027 4125 1158 4179 Υίὺν
1186 4126 1282 4178 καὶ
1328 4123 1392 4178 τὸ
1432 4125 1590 4193 ἅγιον
1620 4123 1864 4194 Πνεῦμα,
1888 4122 1986 4178 νῦν

398 4214 502 4270 καὶ
526 4214 637 4281 ἀεὶ,
663 4215 758 4268 καί
784 4214 866 4277 είς
893 4214 1020 4278 τοὺς
1045 4213 1250 4277 αἰῶνας
1269 4212 1638 4278 τῶναίὼνων.
1680 4213 1875 4283 Ἀμήν.

1019 4348 1240 4402 ΛΟΓΟΣ
1278 4347 1360 4402 H'.

401 4465 512 4532 Εἰς
537 4463 647 4520 τὸν
671 4461 848 4534 ἄτιον
869 4462 967 4516 καὶ
982 4463 1381 4534 παγεύφημον
1408 4463 1760 4517 ἀπόστολον
1783 4461 1987 4518 Ἰάκω-

759 4535 870 4587 ϐον
891 4534 998 4588 τὸν
1025 4533 1132 4588 τοῦ
1171 4534 1449 4602 Ἁλφαίου
1488 4534 1622 4604 (24).

477 4648 621 4713 Χοὲς
651 4647 747 4703 καὶ
777 4647 970 4719 πρώην
1005 4649 1033 4702 ό
1066 4645 1488 4719 μακαριώτατος
1519 4647 1628 4701 τῶν
1670 4648 1983 4703 ἀποστόλων

399 4742 630 4809 Θωμᾶς,
679 4740 792 4796 τῶν
824 4739 989 4794 αὐτοῦ
1021 4738 1361 4810 παθημάτων
1402 4739 1496 4794 καὶ
1541 4738 1640 4810 τῆς
1672 4738 1988 4802 ἀναλύσεως

478 4895 592 4969 (Ξιί)
618 4894 724 4952 Diu
751 4903 840 4952 est
859 4911 927 4952 ex
941 4910 1052 4969 quo
1079 4894 1420 4969 mihigvisus,
1451 4892 1991 4969 d_ulci_ssimam_mihi

401 4963 525 5023 rem
553 4963 617 5022 ac
648 4981 854 5025 nomen
905 4963 1051 5021 serio
1080 4965 1414 5031 vindicasse,
1467 4963 1734 5020 Jacobutn
1780 4963 1990 5032 Alphaei

401 5037 722 5108 apostolum
756 5036 926 5106 primi
951 5036 1167 5108 ordinis
1216 5049 1504 5108 unumque
1553 5050 1586 5089 e
1647 5034 1942 5108 duodecim
1971 5074 1986 5098 ,

403 5103 688 5176 eipuncto
721 5103 790 5162 ei
813 5122 1008 5162 eorum
1040 5106 1170 5161 albo
1194 5145 1209 5169 ,
1263 5105 1363 5176 qui
1398 5103 1543 5160 unus
1570 5119 1602 5159 e
1636 5103 1990 5176 septuaginta

403 5174 632 5233 duobus
660 5185 718 5233 et
749 5177 866 5232 fere
892 5177 948 5231 in
978 5177 1061 5232 eis
1083 5217 1098 5240 ,
1133 5174 1508 5244 antistitisque
1565 5188 1795 5244 munere
1834 5175 1990 5243 prin-

404 5263 544 5317 ceps
573 5247 810 5303 Iacobus
828 5247 1054 5317 Iosephi
1079 5246 1228 5300 ﬁlius
1257 5245 1341 5311 (ut
1376 5243 1538 5317 vacat
1586 5243 1810 5317 Nicetes
1840 5257 1994 5317 more

405 5311 684 5389 majorum
715 5357 730 5382 ,
760 5333 940 5389 exque
963 5311 1219 5389 veterum
1250 5314 1532 5370 communi
1572 5313 1884 5389 sententia)_
1901 5311 1995 5389 qui

403 5397 471 5443 et
501 5382 866 5458 ᾘεάδελφο(
902 5388 988 5458 (ιιι
1048 5386 1233 5458 iidem
1283 5391 1530 5458 vocant__,
1587 5383 1711 5458 aliis
1773 5382 2001 5458 ἀδελφό-

408 5456 560 5527 θεος)
593 5453 808 5528 primus
830 5453 1024 5513 eorum
1056 5455 1255 5528 quiiab
1274 5454 1556 5528 apostolis
1571 5453 1813 5528 ordinati
1845 5460 1998 5528 sunt,

407 5543 529 5584 non
544 5522 652 5596 'qui
677 5543 706 5582 a
734 5525 981 5589 Christo,
1005 5522 1234 5583 ut'scite
1257 5522 1450 5581 Anast.
1477 5523 1742 5596 Bibliotb.
1769 5525 1825 5579 in
1849 5522 1999 5596 notis

409 5597 487 5655 ad
499 5593 649 5670 Acta
676 5613 775 5670 vm
809 5598 1033 5670 synodi,
1064 5605 1180 5652 act.
1216 5598 1265 5661 1,
1296 5593 1999 5670 consentaneeAnacleto,

409 5666 608 5746 quiuin
637 5668 762 5746 ejus
796 5664 1150 5746 ordinatione
1197 5665 1464 5746 traditam.
1493 5665 1724 5746 reliquis
1769 5664 2001 5746 formam

411 5733 790 5793 ordinationis
818 5738 1066 5807 episcopi
1099 5777 1114 5800 ,
1147 5745 1210 5790 ut
1243 5735 1465 5807 nonnisi
1502 5751 1533 5790 a
1564 5733 1748 5807 tribus
1781 5733 1874 5787 ﬁat
1905 5748 2000 5807 or-

411 5807 768 5875 dinantibus,
789 5801 977 5872 Petro,
1008 5801 1214 5864 Iacobo
1242 5815 1302 5861 et
1320 5805 1555 5867 Joanne,
1597 5805 1768 5859 tradit
1801 5822 1813 5857 :
1843 5801 2006 5872 quid-

416 5876 560 5951 quid
585 5877 655 5935 ad
693 5893 822 5934 cum
870 5886 1099 5936 ventose
1129 5877 1321 5935 Lorin.
1346 5877 1404 5933 in
1433 5875 1557 5932 Act.
1587 5875 1962 5948 apostolorum
1991 5911 2006 5939 ,

2081 3291 2264 3348 clesize
2311 3287 2782 3344 desideratissima
2854 3284 3087 3349 auditio,
3125 3283 3272 3339 clara
3320 3281 3667 3350 celebrisque

2082 3382 2330 3439 narratio
2355 3397 2420 3437 ac
2449 3395 2656 3437 sermo.
2705 3379 2866 3435 Salve
2908 3377 3005 3443 sis,
3036 3375 3256 3432 Domini
3289 3373 3531 3445 Spiritus
3564 3388 3668 3443 pu-

2084 3472 2366 3529 rissimum
2409 3469 2854 3534 tabernaculum,
2895 3466 3102 3524 Christi
3135 3465 3267 3522 Jesu
3297 3462 3565 3536 plantatio
3604 3475 3672 3518 ac

2085 3565 2243 3638 regni
2274 3565 2528 3621 diadema
2555 3581 2568 3617 :
2601 3562 2698 3619 Dei
2725 3577 2789 3618 ac
2817 3560 2997 3616 Patris
3026 3559 3383 3616 benedictum
3422 3567 3538 3610 tum
3579 3571 3671 3609 sc-

2087 3674 2238 3725 men,
2275 3665 2391 3712 tum
2418 3656 2566 3712 ﬁlius
2604 3670 2669 3711 ac
2692 3655 2896 3726 proles,
2937 3653 3231 3722 omnisque
3269 3649 3538 3705 bonitatis
3565 3647 3670 3702 ha:-

2089 3765 2181 3806 res
2220 3767 2233 3804 :
2285 3749 2446 3820 cujus
2499 3761 2603 3803 nos
2649 3761 2908 3817 quoque,
2954 3759 2988 3799 ο
3038 3743 3315 3814 primaeva;
3365 3738 3673 3796 sanctitatis

2089 3841 2376 3898 Trinitatis
2399 3839 2894 3908 locupletissimum
2925 3833 3337 3892 sanctuariuml
3376 3831 3673 3904 participes

2090 3933 2298 3990 faciens
2320 3947 2386 3988 ac
2411 3938 2696 3987 consortes
2724 3944 3032 3995 assumens,
3079 3927 3304 3998 dignare
3334 3933 3511 3980 tecum
3553 3924 3672 3993 glo-

2091 4025 2307 4082 riﬁcare
2338 4032 2505 4093 atque
2537 4021 2786 4087 laudare,
2816 4022 3034 4076 Patrem
3069 4025 3127 4074 et
3171 4017 3369 4072 Filium
3404 4024 3460 4070 et
3497 4013 3672 4084 Spiri-

2093 4128 2211 4173 tum
2235 4124 2511 4182 sanctum,
2551 4129 2704 4170 nunc
2729 4123 2787 4169 et
2816 4126 3058 4182 semper,
3092 4117 3149 4166 et
3181 4108 3236 4164 in
3261 4107 3460 4164 saecula
3503 4120 3670 4162 saecu-

2093 4209 2297 4264 lorum.
2328 4205 2524 4262 Amen.

2673 4342 2931 4401 ORATIO
2967 4343 3103 4399 VIII.

2166 4462 2429 4519 Laudatio
2457 4459 2630 4514 sancti
2662 4475 2724 4513 ac
2757 4456 3156 4581 celebraltissimi
3192 4453 3374 4510 Jacobi
3404 4451 3612 4524 Alpluet‘

2766 4544 2893 4581 anas
2920 4544 2949 4581 ο
2973 4545 3010 4580 ι.

2766 4544 3010 4600 apostou.

2159 4643 2291 4700 Heri
2322 4642 2635 4712 nudiusque
2659 4640 2862 4697 tertius
2901 4637 3280 4709 apostolorum
3326 4633 3682 4690 beatissimus

2097 4738 2359 4803 Thomas,
2398 4749 2624 4790 suarum
2657 4730 2975 4804 passionum
3015 4745 3082 4785 ac
3124 4727 3474 4800 migrationis
3494 4727 3681 4782 oblata

2101 4893 2309 4949 Graecos
2337 4905 2443 4944 non
2471 4903 2668 4944 moror.
2694 4887 2852 4942 Esset
2880 4891 3066 4940 actum
3099 4897 3300 4954 agere,
3349 4882 3509 4954 plura
3549 4895 3674 4954 conf

2100 4963 2248 5038 [ει-νε
2286 4960 2354 5038 ad
2384 4974 2449 5016 ea
2472 4974 2602 5038 qua:
2632 4957 2766 5012 mihi
2795 4955 3069 5038 producta
3112 4951 3365 5038 sunt‘in’

2101 5030 2358 5101 Synopsi,
2386 5044 2444 5084 n.
2468 5021 2522 5094 9',
2577 5043 2700 5098 quae
2743 5021 2880 5080 mihi
2906 5033 3027 5101 _r_ata
3056 5024 3206 5087 volo,
3238 5021 3682 5101 debuissentque

2099 5094 2283 5157 aemuli
2311 5101 2553 5164 elevare,
2571 5094 2974 5152 a’utcontrariis
3005 5094 3303 5150 momentis
3319 5101 3684 5164 veterumque

2099 5169 2525 5227 auctoritatibus
2542 5161 3112 5236 'convelleretmeque
3139 5164 3362 5218 illorum
3395 5161 3684 5216 sententitr

2095 5241 2386 5296 veritatem
2421 5239 2691 5294 historica
2717 5251 2848 5292 vere
2881 5233 2990 5291 ﬁde
3019 5233 3238 5290 docere
3259 5275 3274 5300 ,
3339 5246 3454 5287 non
3503 5244 3683 5285 meam

2097 5311 2418 5383 παρρησίαν
2462 5307 2741 5383 cavillari,
2793 5313 2852 5362 et
2902 5305 3054 5383 quod
3109 5303 3479 5383 imprudenter
3523 5301 3683 5383 nimis

2097 5369 2312 5437 dictum
2368 5378 2574 5449 audire,
2613 5369 2733 5449 non
2772 5369 2968 5449 potui,
3008 5375 3158 5449 quod
3187 5369 3452 5449 praecipui
3491 5369 3681 5449 nostri

2097 5450 2398 5514 antistites,
2431 5447 2578 5520 quod
2601 5438 2866 5520 Ecclesiae
2888 5438 3265 5510 totaeJGrzeéa,
3295 5438 3452 5512 Syra,
3469 5438 3684 5519 Ethio-

2145 5523 2250 5586 ica,
2283 5518 2512 5590 antiqua
2541 5518 2840 5573 traditione
2861 5523 3109 5590 accepta,
3133 5527 3199 5567 ac
3231 5526 3396 5580 quam
3446 5518 3708 5590 marime'

2152 5585 2836 5662 vangelio’consentanea,
2871 5585 3163 5662 dixissent,
3213 5595 3278 5635 ac
3310 5593 3460 5633 nunc
3487 5585 3682 5662 ‘etiam

2105 5647 2472 5717 celebrarent.
2509 5647 2900 5726 Imprudenter
2945 5654 3185 5726 dict_am_
3216 5647 3685 5726 vocem,__l_atam-

2107 5746 2219 5800 que
2263 5739 2472 5800 temere
2531 5718 2870 5800 censuram,
2920 5722 3213 5800 exagitavi,
3249 5734 3357 5800 qua
3408 5718 3514 5800 sibi
3559 5732 3677 5787 par-

2110 5788 2346 5856 cendum
2409 5799 2493 5851 vir
2552 5793 2994 5850 modestissimus
3029 5788 3340 5868 voluisset,
3407 5788 3452 5843 si
3513 5803 3542 5841 a
3575 5800 3687 5868 ,ητα

2111 5873 2326 5942 prolata
2404 5873 2687 5924 momenta
2741 5879 2807 5920 ac
2867 5870 3226 5920 monumenta
3261 5901 3274 5927 ,
3324 5861 3444 5932 ipsa
3499 5861 3688 5914 animo
