4094 6426
338 354 461 424 149

1084 349 1366 413 ORATIO
1403 347 1572 412 VIII.
1603 372 1673 385 -
1712 345 1796 408 IN
1837 342 2151 404 LAUDEM
2193 343 2252 404 S.
2292 343 2549 404 JACOBI
2591 344 2892 406 ALPHASI

3525 346 3627 412 ibt)

335 473 454 534 τοῖς
479 467 646 539 ίεροῖς
671 464 1183 536 ἀνακηρυττόμενος
1204 453 1765 533 Εὐαγγελίοις.οὗτος
1789 458 1937 529 ἡμᾶς

2056 471 2094 508 ιι
2130 454 2303 511 sacris
2323 453 2638 526 Evangeliis
2665 457 2900 513 celebris
2923 457 3180 514 habetur.
3215 457 3316 514 llic
3344 473 3542 528 nempe
3557 447 3640 516 ad.

337 560 438 616 νῦν
463 561 558 616 ἐπὶ
607 559 710 630 τὴν
741 557 908 612 αὑτοῦ
937 559 1162 628 μνήμην
1213 557 1476 626 ξεναγῶν,
1513 555 1610 609 καὶ
1641 553 1772 616 τοὺς
1833 567 1929 604 συ-

341 654 504 727 χνοὺς
539 651 684 721 ὑπὲρ
721 653 818 704 τοῦ
848 650 1175 705 διδασκάλου
1207 649 1424 712 πόνους.
1453 649 1547 702 καὶ
1588 646 1714 709 τοὺς
1751 644 1929 714 ἱεροὺς

341 743 581 812 ἀγῶνας,
607 740 704 795 καὶ
749 739 842 794 τὸν
882 741 1023 811 ὑπὲρ
1077 738 1174 793 τοῦ
1230 737 1649 808 ὲσταυρωμένου
1687 733 1931 806 προϐαλ-

342 834 573 905 λόμενος
594 831 850 905 σταυρὸν,
885 829 1281 904 λαμπροτάτην
1313 829 1513 900 ψυχαῖς
1553 825 1792 897 εὐωχίαν
1836 824 1934 878 καὶ

339 923 821 994 πολυτελεστάτην
851 924 1146 994 συγκροτεῖ
1177 937 1192 954 ο
1247 921 1342 975 καὶ
1383 920 1444 974 οὺ
1487 920 1616 984 τοὺς
1656 917 1809 972 κάτω
1838 916 1936 986 μό-

337 1033 437 1070 νον
489 1014 816 1087 ἀνθρώπους
868 1013 1006 1087 πρὺς
1050 1014 1154 1082 τὴν
1204 1013 1327 1067 κατ’
1361 1009 1526 1066 αὐτὸν
1577 1007 1936 1081 χαρμοσύνην

337 1106 611 1176 συγκαλεῖ
642 1146 658 1173 ,
720 1104 904 1176 πολλῷ
947 1105 1006 1158 δὲ
1039 1104 1241 1176 μᾶλλον
1269 1103 1370 1167 τὰς
1399 1103 1529 1166 ὅλας
1567 1099 1935 1172 χοροστασίας

334 1198 457 1254 τῶν
512 1199 684 1268 ἁγίων
716 1212 732 1230 ⁸
788 1199 885 1252 καὶ
913 1197 974 1250 ού
1015 1195 1222 1251 τούτων
1273 1197 1458 1267 μόνον,
1521 1193 1659 1250 ἀλλὰ
1702 1193 1798 1247 καὶ
1827 1191 1928 1256 τὰς

339 1291 759 1363 ὗπερκοσμίους
789 1290 1115 1362 ταξιαρχίας
1146 1289 1329 1354 πάσας
1355 1289 1466 1342 τῶν
1493 1287 1658 1356 ἱερῶν
1687 1287 1782 1341 καὶ
1815 1302 1935 1340 νοε-

344 1381 465 1452 ρῶν
494 1381 631 1434 νόων
667 1395 682 1408 ·
727 1380 823 1434 καὶ
857 1379 963 1451 μὴν
981 1381 1076 1434 καὶ
1105 1379 1268 1435 αὐτὸν
1291 1378 1386 1432 τὸν
1407 1378 1515 1432 τῶν
1540 1377 1680 1432 ὅλων
1723 1377 1933 1430 Δεσπό-

340 1489 450 1542 την
509 1471 900 1542 ύπερκοσμίως
972 1469 1372 1525 ὲπευδοκοῢντα
1424 1471 1542 1532 τοῖς
1588 1467 1939 1539 τελουμένοις

346 1560 740 1628 συνεπάγεται.
768 1558 952 1623 Οὕτως
1001 1559 1154 1614 οὐδὲν
1178 1562 1278 1629 τῆς
1306 1556 1675 1628 ἀποπολικῆς
1727 1555 1934 1610 τελειό-

341 1669 514 1722 carro;
536 1653 1020 1723 περιφανέστερον,
1051 1651 1147 1706 καὶ¹
1163 1651 1312 1706 οὐδὲν
1329 1651 1502 1715 οὕτως
1521 1649 1806 1720 εὐφραίνει
1839 1666 1941 1703 καφ

343 1741 446 1798 λδν
470 1745 600 1806 τοὺς
626 1743 891 1813 οὐρανοὺς
907 1741 1043 1814 ὁμοῦ
1072 1741 1169 1796 καὶ
1198 1740 1298 1812 τὴν
1320 1741 1446 1812 γῆν,
1476 1740 1554 1804 ὡς
1583 1741 1702 1805 ἐνὸς
1715 1741 1826 1795 τῶν
1850 1739 1946 1793 δώ-

342 1835 485 1890 δεκα
509 1835 604 1891 τοῦ
633 1837 771 1890 Θεοῦ
797 1835 1006 1890 τέκνων
1042 1834 1205 1907 ἱερῶν
1233 1834 1603 1905 ὲκτελουμένη
1637 1833 1851 1905 μνήμη.

436 2096 601 2152 ’Δλλά
627 2097 1144 2169 καρποφορήσωμεν
1168 2096 1265 2151 καὶ
1293 2095 1457 2168 ἡμεῖς
1481 2094 1560 2168 τῷ
1588 2093 1810 2167 μεγάλῳ
1839 2110 1938 2148 του

344 2189 534 2258 Λόγου
560 2189 800 2261 μαθητῇ,
825 2191 1011 2261 μεῖζον
1032 2182 1107 2243 ὧν
1131 2187 1330 2260 ἔχομεν
1357 2187 1600 2250 πάντων,
1627 2187 1722 2240 τὸν
1754 2184 1937 2255 λόγον·

346 2285 453 2342 καὶ
493 2283 569 2356 μὴ
610 2282 868 2338 τοσοῦτον
927 2283 1392 2354 ἀχαριστήσωμεν
1440 2280 1475 2352 ἢ
1533 2280 1939 2352 ἀγνωμονήσω-

351 2395 480 2450 μεν,
534 2375 676 2429 ὥστε
717 2374 936 2428 καὶτῶν
959 2373 1188 2444 ἀψύχων
1213 2373 1396 2428 αὐτῶν
1443 2371 1540 2426 καὶ
1572 2371 1685 2426 τῶν
1726 2371 1941 2439 ἀλόγων

348 2470 573 2541 χείρους
606 2463 748 2521 εῖναι
781 2467 978 2521 δοκεῖν.
1017 2465 1170 2519 Ἐπεὶ
1185 2465 1278 2519 καὶ
1307 2465 1412 2534 γῆν
1434 2463 1820 2535 ἀρουμένην,ή
1844 2463 1943 2518 καὶ⁵

352 2558 879 2631 περισκαπτομένην
904 2557 998 2612 καὶ
1037 2557 1352 2629 γεωργικῆς
1375 2557 1596 2627 ἁπάσης
1636 2555 1941 2626 τυγχάνου-

353 2669 460 2707 σαν
476 2650 814 2722 ὲπιμελείας,
839 2649 1277 2713 πολλαπλασίους
1304 2649 1614 2703 ἀποδιδόναι
1643 2648 1722 2720 τῷ
1761 2665 1944 2720 γεωρο

352 2743 442 2814 γῴ
471 2744 600 2807 τοὺς
615 2741 867 2814 καρπούς
895 2758 910 2772 ·
935 2743 1032 2797 καὶ
1053 2739 1209 2809 ξύλον
1234 2741 1292 2796 δὲ
1325 2741 1686 2812 φυτοκομίας,
1717 2741 1814 2795 καὶ
1841 2740 1945 2811 τῆς

357 2836 719 2908 καθηκούσης
759 2834 1020 2905 ὲπιτυχὺν
1070 2833 1413 2904 φιλοπονίας,
1469 2828 1616 2888 οἶδεν
1681 2831 1760 2904 τῷ
1809 2835 1944 2906 παρ’

354 2929 558 2984 ἑαυτοῦ
592 2928 686 2982 τὸν
714 2926 1155 2999 ἀνακαθαίροντα
1207 2925 1519 2992 δεξιοῦσθαι
1569 2923 1776 2995 καρπῷ
1801 2938 1817 2954 ⁶
1845 2923 1943 2979 καί

355 3040 468 3077 που
492 3021 588 3076 καὶ
640 3022 749 3076 τῶν
796 3019 1012 3090 ἀλόγων
1045 3018 1277 3082 ἕκαστα,
1326 3019 1426 3072 οὐκ
1475 3019 1602 3090 εικῆ
1647 3019 1748 3089 τῆς
1791 3017 1946 3089 παρά

355 3115 472 3169 τῶν
496 3114 860 3187 κτησαμένων
897 3113 931 3186 ἢ
967 3111 1328 3183 θρεψαμένων
1357 3111 1638 3168 ἀπέλαυσε
1687 3111 1943 3182 κομιδῆςο

355 3161 1952 3274 gs;;"3;“:;raa';g;"zagga;,;:a;aa3;fea
1979 3161 2023 3221 ε

358 3298 464 3368 τὴν
493 3296 676 3350 αὐτῶν
701 3297 954 3366 δύναμιν,
991 3294 1322 3367 ἀμείϐεσθαι
1350 3311 1364 3324 ⁸
1397 3293 1578 3367 πολλῷ
1612 3295 1784 3366 δήπου
1816 3293 1956 3366 μᾶλ-

360 3387 456 3441 λον
525 3388 828 3459 προσήκειν
880 3386 1124 3459 ἡγοῦμαι
1166 3388 1282 3450 τοῖς
1330 3385 1725 3458 τετιμημένοις
1786 3385 1956 3456 λόγῳ,

362 3483 478 3547 τοῖς
501 3481 681 3537 αὐτῶν
701 3481 1044 3544 διδασκάλοις
1076 3481 1172 3535 τὸν
1203 3481 1306 3550 τῆς
1349 3479 1778 3551 εὐγνωμοσύνης
1814 3497 1954 3550 καρ-

365 3575 471 3630 πδν
493 3572 872 3645 ἀφοσιοῦσθαι.
931 3574 1076 3627 Πᾶσι
1131 3572 1254 3644 μὲν,
1317 3571 1555 3642 μάλιστα
1603 3571 1660 3625 δὲ
1713 3575 1830 3634 τοῖς
1863 3571 1956 3624 τοῦ

363 3667 544 3736 Λόγου
579 3667 678 3738 μὲν
695 3667 987 3738 μαθηταῖς,
1015 3663 1172 3736 ήμῶν
1197 3664 1253 3718 δὲ
1276 3664 1612 3729 παιδευταῖς,
1641 3656 1740 3736 τὴν
1774 3664 1959 3736 κρείτ-

366 3777 447 3813 τω
480 3759 577 3813 καὶ
609 3760 690 3822 είς
713 3758 803 3812 ἀεὶ
826 3757 1098 3828 μένουσαν
1117 3755 1406 3810 παίδευσιν
1435 3771 1449 3787 ο
1500 3757 1616 3819 τοῖς
1639 3757 1707 3827 τῇ
1737 3754 1960 3827 παιδείᾳ

367 3851 467 3905 ’δυῦ
499 3851 706 3922 Κυρίου
732 3849 830 3904 καὶ
850 3847 1089 3903 θεοτελεῖ
1117 3847 1307 3919 διδαχῇ
1329 3848 1399 3901 τά
1430 3840 1552 3902 ὦτα
1577 3846 1676 3918 μὲν
1703 3849 1839 3918 ἡμῖν
1858 3846 1958 3916 τῆι,

371 3941 606 4015 καρδίας
651 3940 974 4008 διανοίξασι,
994 3938 1122 4003 τοὺς
1141 3937 1458 4008 ὀφθαλμοὺς
1487 3937 1546 3991 δὲ
1578 3935 1963 4006 καταφωτίσα-

374 4051 482 4100 σιν,
511 4035 587 4098 ὼς
617 4032 854 4089 ἀκοῦσαι
920 4031 1017 4085 καὶ
1038 4029 1243 4100 γνῶναι
1271 4033 1372 4101 τῆς
1407 4027 1691 4092 εὐσεϐείας
1722 4028 1785 4083 τὸ
1821 4027 1966 4100 μέγα

373 4129 678 4200 μυστήριον
695 4142 710 4157 ·
760 4124 968 4180 καὶτὸν
989 4124 1180 4178 σκότον
1203 4124 1302 4194 μὲν
1332 4123 1588 4187 ἀσεὸείας
1611 4122 1709 4176 καὶ
1736 4120 1964 4192 ματαιό-

371 4237 537 4292 τητος
581 4217 892 4284 ἀπολιπεῖν,
938 4216 1019 4289 τῷ
1047 4215 1291 4288 ἀληθινῷ
1341 4215 1402 4270 δὲ
1459 4217 1560 4288 τῆς
1609 4211 1963 4284 δικαιοσύνης

375 4313 524 4384 φωτὶ
555 4312 952 4384 προσδραμεῖν.

2040 546 2214 616 ipsius
2255 561 2358 602 nos
2398 547 2564 602 hodie
2599 550 2924 604 memoriam
2964 548 3216 621 hospites
3263 565 3625 621 congregans,

2041 639 2379 708 crebrosque
2411 638 2468 694 in
2494 640 2741 711 magistri
2779 641 3008 712 gratiam
3061 650 3349 712 susceptos
3383 643 3632 709 labores,

2040 747 2309 803 sacraque
2367 731 2634 789 desudata
2691 733 3016 800 certamina,
3075 749 3142 789 ac
3197 749 3422 789 crucem
3479 735 3633 790 illius

2043 837 2210 879 causa
2253 823 2474 880 fortiter
2504 823 2814 888 toleratam,
2844 824 2940 894 qui
2969 824 3088 896 ipse
3119 824 3275 880 cruci
3303 823 3498 880 affixus
3521 831 3630 888 est,

2043 930 2349 986 apponens,
2379 915 2889 988 splendidissimum
2914 917 3396 987 lautissimumque
3429 917 3633 971 animis

2044 1006 2362 1064 convivium
2392 1006 2642 1064 instruit.
2675 1009 2790 1065 Nec
2819 1008 3083 1066 mortales
3115 1008 3383 1065 duntaxat
3424 1007 3480 1062 in
3516 1017 3632 1063 ter-

2043 1100 2120 1156 ris
2158 1099 2492 1157 constitutos
2521 1100 2612 1156 ad.
2639 1115 2801 1156 suum
2837 1100 2975 1158 illud
3018 1101 3220 1158 festum
3257 1101 3635 1173 gaudiumque

2047 1190 2265 1256 invitat,
2297 1192 2432 1262 quin
2457 1191 2628 1263 longe
2655 1193 2841 1263 potius
2869 1201 3014 1248 totos
3041 1202 3362 1249 sanctorum
3392 1193 3632 1248 choros:

2045 1300 2151 1340 nec
2182 1300 2315 1341 vero
2346 1285 2566 1340 illorum
2600 1294 2839 1349 tantum,
2875 1300 3068 1340 verum
3108 1285 3278 1341 etiam
3315 1293 3635 1340 sanctarum

2045 1376 2474 1448 intelligentium
2505 1378 2772 1433 mentium
2808 1377 3016 1433 mundo
3057 1377 3375 1448 superiores
3403 1385 3636 1433 cunctos

2047 1469 2277 1526 ordines
2319 1485 2388 1526 ac
2433 1470 2776 1541 principatus
2807 1487 2822 1525 :
2864 1470 2998 1540 quin
3035 1471 3216 1541 ipsum
3247 1486 3469 1540 quoque
3506 1470 3636 1525 uni-

2047 1575 2334 1617 versorum
2389 1561 2682 1617 Dominum
2719 1561 2944 1617 adducit
2980 1576 3046 1616 ac
3085 1561 3252 1632 cogit,
3293 1561 3396 1621 cui.
3433 1559 3638 1617 eximie

2045 1653 2297 1724 placeant
2351 1668 2416 1709 ea
2481 1669 2607 1724 quae
2683 1663 3045 1724 peraguntur.
3117 1655 3210 1710 Sic
3287 1655 3428 1710 nihil
3498 1669 3636 1724 apo-

2050 1745 2244 1800 stolica
2278 1745 2621 1816 perfectione
2665 1746 2960 1812 illustrius,
2995 1747 3322 1817 nullumque
3369 1746 3510 1804 adeo
3539 1747 3638 1802 bo-

2051 1849 2204 1900 num,
2251 1836 2453 1891 coelum
2497 1836 2707 1906 pariter
2735 1844 3054 1906 terramque
3096 1835 3300 1907 gaudio
3341 1834 3528 1900 afﬁcit,
3572 1848 3640 1890 ac

2047 1922 2217 1980 .unius
2241 1938 2272 1979 e
2305 1922 2598 1980 duodecim
2640 1939 2926 1980 sacrorum
2956 1923 3054 1980 Dei
3083 1924 3323 1980 filiorum
3351 1923 3510 1980 festis
3540 1923 3640 1980 ho-

2045 2013 2278 2070 noribus
2304 2015 2572 2072 memoria
2600 2015 2957 2072 venerabilis.
3539 2077 3546 2082 ,

2120 2103 2326 2162 Verum
2371 2121 2476 2163 nos
2515 2122 2758 2178 quoque,
2809 2122 3009 2179 magno
3051 2107 3329 2165 sermonis
3358 2106 3641 2176 Verbique

2047 2193 2346 2267 discipulo,
2387 2196 2443 2252 id
2469 2196 2618 2268 quod
2649 2196 2704 2252 in
2735 2212 2905 2254 censu
2938 2198 3115 2270 majus
3153 2197 3422 2254 omnibus.
3465 2197 3640 2253 babe-

2050 2302 2176 2344 mus
2207 2287 2503 2358 (sermonis
2533 2288 2747 2345 scilicet
2773 2287 3040 2360 fructum)
3070 2289 3450 2360 dependamus
3485 2305 3501 2355 ;
3535 2303 3644 2343 nec

2051 2379 2109 2436 in
2149 2389 2364 2436 tantum
2408 2380 2612 2452 ingrati
2642 2381 2995 2452 improbique
3035 2397 3166 2440 esse
3209 2382 3468 2449 velimus,
3495 2388 3558 2436 ut
3584 2387 3644 2436 et

2052 2470 2188 2541 ipsis
2214 2472 2396 2526 anima
2421 2481 2479 2528 et
2515 2487 2683 2529 sensu
2714 2481 2773 2528 et
2801 2486 3060 2528 sermone
3098 2487 3163 2530 ac
3193 2473 3408 2528 ratione
3441 2486 3642 2528 caren-

2051 2563 2204 2620 tibus
2229 2563 2536 2620 deteriores
2572 2579 2698 2621 esse
2736 2564 3046 2621 videamur.
3078 2565 3215 2622 Nam
3247 2574 3304 2621 et
3347 2575 3493 2620 terra
3521 2580 3646 2620 ara-

2055 2660 2144 2709 tro
2193 2653 2494 2721 conscissa,
2541 2653 2659 2710 sive
2690 2655 2859 2711 etiam
2893 2655 3277 2719 circumfossa,
3309 2671 3646 2726 omnemque

2052 2746 2286 2802 cultura:
2310 2747 2446 2802 artis
2474 2762 2664 2803 curam
2695 2757 3018 2816 consecuta,
3049 2763 3120 2804 ex
3160 2746 3348 2805 indole
3376 2749 3547 2803 habet
3584 2754 3648 2803 ut

2055 2834 2351 2906 multiplici
2379 2835 2565 2892 fructu
2591 2851 2828 2892 messem
2857 2837 3060 2895 colono
3090 2837 3389 2910 frugesque
3407 2838 3644 2894 reddat:

2055 2926 2288 2983 arbores
2310 2927 2441 2983 item
2463 2927 2717 2999 diligenti
2733 2929 2961 2985 consitae
2980 2944 3169 2994 manu,
3201 2943 3268 2984 ac
3294 2928 3647 2984 convonienti

2056 3022 2305 3079 educatae
2333 3021 2643 3092 adultaeque
2668 3022 2965 3088 industria,
2993 3037 3121 3078 eum
3145 3023 3307 3094 cujus
3336 3022 3650 3078 emundan-

2057 3121 2150 3169 tur
2177 3129 2369 3185 opera.
2398 3115 2600 3185 pomis,
2636 3115 2898 3179 nucibus.
2927 3114 3326 3185 fructuumque
3360 3115 3512 3170 omni
3555 3130 3652 3170 co-

2056 3204 2146 3275 pia
2187 3218 2437 3260 recreare
2487 3213 2710 3259 norunt.
2763 3204 2834 3260 At
2887 3219 2993 3260 nec
3033 3204 3198 3260 bruta
3246 3203 3652 3274 propemodum

2056 3297 2192 3363 ulla,
2240 3295 2449 3352 frustra
2499 3297 2765 3365 nulloque
2814 3310 3046 3352 munere
3080 3303 3175 3350 aut
3200 3295 3514 3362 commodo,
3550 3311 3643 3351 eo-

2055 3403 2202 3452 rum,
2235 3387 2332 3458 qui
2374 3386 2587 3443 domini
2624 3394 2755 3442 sunt
2797 3395 2894 3441 aut
2942 3386 3276 3452 educarunt,
3326 3386 3480 3443 curis
3529 3402 3655 3456 per-

2055 3478 2320 3536 fruuntur
2347 3496 2364 3529 :
2396 3479 2533 3550 quin
2561 3487 2619 3536 et
2654 3479 2774 3550 ipsa
2821 3487 3162 3550 opportune,
3198 3485 3405 3549 quanta
3453 3492 3654 3533 eorum

2059 3572 2292 3628 facultas
2313 3581 2419 3639 est,
2461 3571 2516 3628 ei
2562 3571 2659 3642 qui
2710 3569 3044 3627 beneﬁcium
3099 3569 3458 3641 impenderit.
3501 3569 3658 3626 vices

2063 3664 2300 3720 reddere
2349 3671 2672 3719 sueverunt.
2725 3661 2915 3732 Longe
2960 3661 3130 3733 igitur
3177 3660 3384 3730 potiori
3437 3659 3656 3715 ratione

2061 3771 2244 3826 operae
2274 3757 2514 3827 pretium
2543 3756 2708 3822 duco,
2739 3764 2800 3811 ut
2832 3756 2928 3826 qui
2955 3755 3228 3812 sermonis
3255 3755 3310 3810 vi
3337 3770 3404 3810 ac
3432 3755 3649 3810 ratione

2049 3847 2245 3903 ornati
2263 3863 2476 3914 sumus,
2505 3847 2864 3917 gratitudinis
2888 3848 3128 3903 fructum
3152 3847 3430 3919 magistris
3449 3845 3658 3902 nostris

2058 3941 2408 3996 exsolvamus
2439 3956 2454 3994 :
2485 3947 2650 4009 atque
2680 3939 2972 4010 idzcunctis
2988 3939 3238 4009 quidem,
3263 3940 3498 3994 maxime
3519 3955 3660 3994 vero.

2061 4031 2339 4087 sermonis
2372 4030 2701 4101 discipulis;
2734 4029 2872 4085 viris
2908 4030 3143 4097 scilicet,
3175 4030 3271 4101 qui
3311 4031 3528 4102 potiore
3547 4029 3651 4086 do-

2061 4123 2261 4187 etrina,
2290 4137 2356 4177 ac
2380 4137 2503 4192 quae
2529 4121 2585 4176 in
2609 4129 2941 4192 perpetuum
2974 4121 3262 4186 consistat,
3298 4135 3402 4176 nos
3422 4119 3654 4175 erudie-

2065 4220 2249 4266 runt:
2299 4211 2396 4281 qui
2445 4225 2647 4280 nempe
2697 4209 2918 4266 Domini
2976 4208 3292 4280 disciplina,
3348 4209 3654 4280 divinaque

2065 4302 2318 4358 doctrina
2353 4300 2541 4357 cordis
2569 4315 2734 4356 aures
2758 4299 2922 4355 nobis
2941 4307 3304 4366 aperuerunt,
3336 4298 3655 4369 mentisque

372 4407 590 4470 oculos,
621 4420 734 4476 quo
755 4403 948 4459 audire
968 4416 1033 4456 ac
1061 4399 1202 4456 scire
1228 4412 1488 4470 magnum
1507 4395 1731 4468 pietatis
1757 4395 2080 4467 mysterium
2113 4396 2330 4462 liceret,
2399 4392 2830 4462 collustrarunt;
2889 4402 2948 4450 et
3007 4401 3069 4448 ut
3123 4392 3425 4465 impietatis
3465 4407 3532 4449 ac
3561 4407 3658 4449 vas

372 4497 571 4556 nitatis
618 4496 827 4552 relictis
869 4493 1135 4560 tenebris,
1175 4491 1244 4546 ad
1279 4504 1466 4546 veram
1503 4487 1734 4560 iustitia}
1779 4487 1960 4542 lucem
1990 4502 2431 4543 accurreremus.

461 4589 781 4660 ’Δποδῶμεν
826 4585 1120 4657 τοιγαροῦν
1165 4581 1491 4653 καταχρέως
1537 4577 1633 4633 τοῦ
1675 4578 1836 4647 λόγου
1863 4579 1953 4649 τήν

2145 4579 2462 4635 Reddamus
2491 4591 2594 4647 pro
2635 4591 2870 4633 munere
2900 4576 3074 4634 sacris
3118 4573 3396 4632 sermonis
3421 4575 3661 4628 aratori~

369 4685 603 4757 ὀφειλὴν
628 4686 742 4748 τοῖς
773 4682 940 4752 ἱεροῖς
969 4679 1193 4750 ἀρόταις
1240 4673 1336 4729 τοῦ
1363 4674 1562 4743 Λόγου,
1585 4669 1683 4725 καὶ
1709 4670 1809 4741 τῆς
1834 4670 1970 4740 ἡμε-

371 4779 546 4851 τέρας
576 4775 807 4847 καρδίας
845 4772 1134 4844 γεωργοῖς,
1167 4767 1264 4822 καὶ¹
1292 4769 1406 4829 τοῖς
1435 4762 1710 4836 σωτηρίας
1756 4761 1970 4832 ἱερουρ-

373 4872 518 4943 γοῖς.
597 4867 914 4935 Ἀποδῶμεν
987 4863 1101 4924 τοῖς
1153 4860 1202 4913 τ’
1252 4857 1436 4922 ἄλλοις
1476 4856 1634 4922 πᾶσι,
1689 4854 1783 4907 καὶ
1848 4853 1964 4924 μετ’

375 4963 564 5020 αὐτῶν
587 4961 683 5015 καὶ
711 4959 789 5030 τῷ
817 4960 1058 5029 σήμερον
1087 4953 1167 5017 είς
1219 4949 1428 5006 αῐνεσιν
1481 4948 1580 5001 καὶ⁸
1633 4946 1793 5012 δόξαν
1830 4961 1966 5015 μνη-

382 5051 740 5126 μονευομένῳ
769 5065 784 5081 ·
839 5049 934 5101 καὶ
961 5043 1430 5116 καρποφορῶμεν,
1471 5039 1522 5094 oi
1558 5038 1681 5108 μὲν,
1730 5036 1824 5090 τὸν
1864 5035 1964 5102 τῆς

382 5148 540 5218 ἱερᾶς
564 5145 824 5206 αἰνέσεως
849 5141 945 5195 καὶ
969 5135 1276 5204 δοξολογίας
1292 5133 1530 5203 φθόγγον
1549 5127 1968 5218 ἀνακρούοντεςο

379 5216 545 5304 οί-δὲ,
578 5235 892 5309 προθέσεως
929 5229 1249 5300 τελειότητα
1275 5225 1372 5280 καὶ
1424 5223 1648 5277 ἀένναον
1677 5218 1822 5273 κατὰ
1841 5216 1972 5309 νοῦν

385 5308 763 5402 προσάγοντες
781 5321 1112 5396 προσευχήνο
1135 5321 1185 5373 οἱ
1219 5318 1318 5387 μὲν
1351 5314 1533 5369 πίστιν
1556 5311 1843 5402 ἀνόθευτον
1867 5308 1962 5402 καί

384 5397 681 5492 εἰλικρινῆ,
703 5419 752 5472 οί
767 5418 844 5484 δὲ,
880 5414 1046 5468 πόθον
1070 5411 1336 5481 διάπυρον
1365 5406 1460 5460 καὶ
1481 5401 1784 5475 θεοπρεπῆ*
1809 5400 1903 5492 καὶ
1919 5397 1976 5492 cl

391 5515 496 5588 μὲν
515 5490 705 5575 αἰσίως
718 5510 811 5564 καὶ
835 5506 1027 5574 δεξιῶς
1051 5504 1144 5559 τὸν
1173 5501 1347 5573 μέγαν
1360 5495 1683 5588 ’Δπόστολον
1706 5491 1858 5588 -κατά
1878 5490 1980 5588 1’.ἰὴν

386 5579 525 5674 παρ’
557 5599 724 5656 αὐτοῦ
755 5595 1172 5670 χορηγουμένην
1195 5590 1290 5645 τοῦ
1315 5589 1490 5655 Λόγου
1520 5583 1680 5655 χάριν
1703 5579 1985 5636 ἐπαινοῦν-

387 5711 520 5761 τες,
551 5693 602 5747 οἱ
655 5691 736 5756 δὲ,
775 5687 1009 5750 συνετῶς
1039 5684 1138 5739 καὶ
1201 5679 1408 5742 πιστῶς
1439 5676 1502 5731 τδ
1533 5675 1810 5744 ἐγκώμιον
1854 5689 1985 5727 κατ-

393 5785 720 5848 ακούοντες,
767 5780 844 5844 ὡς
876 5778 944 5835 ἂν
979 5773 1132 5846 αὐτῷ
1169 5773 1303 5827 πᾶσι
1325 5770 1548 5842 τρόποις
1571 5761 1984 5822 ἐπικοινωνοῦν-

2070 4671 2196 4736 bus,
2229 4669 2504 4726 sermonis
2539 4668 2789 4723 debitum
2814 4707 2830 4733 ,
2867 4668 3156 4736 nostrique
3186 4664 3373 4720 cordis
3417 4664 3656 4731 colonis,

2068 4763 2375 4833 salutisque
2423 4763 2733 4819 cultoribus
2777 4776 2845 4817 ac
2890 4762 3068 4818 sacris
3099 4761 3394 4817 ministris.
3437 4760 3660 4816 Redda-

2068 4868 2212 4919 mus,
2231 4867 2355 4907 cum
2380 4852 2613 4922 reliquis
2628 4853 2909 4917 omnibus,
2935 4861 3052 4908 tum
3074 4852 3285 4922 pariter
3299 4851 3468 4907 etiam
3500 4851 3657 4919 huic,

2066 4945 2225 5016 cujus
2256 4944 2422 5000 hodie
2457 4944 2666 5000 celebri
2695 4945 2849 5000 cultu
2889 4958 2956 4999 ac
2986 4943 3150 4999 laude
3197 4943 3518 4999 memoriam
3541 4945 3658 5015 agi-

2074 5050 2241 5090 mus:
2283 5032 2637 5104 fruetnmque
2673 5034 2994 5100 all‘eramus,
3041 5033 3116 5089 ita
3162 5033 3429 5089 nimirum
3460 5042 3524 5088 ut
3561 5033 3653 5087 alii

2073 5135 2242 5177 sacrae
2287 5119 2624 5175 laudationis
2657 5133 2724 5174 ac
2765 5118 2969 5174 cantici
3012 5135 3211 5176 sonum
3243 5122 3402 5191 quasi
3447 5120 3659 5189 plectro

2073 5211 2284 5276 edant;
2337 5211 2430 5266 alii
2481 5224 2630 5277 vero,
2679 5210 2851 5266 animi
2910 5211 3309 5281 perfectionem
3357 5213 3657 5282 jugemque

2075 5313 2258 5360 mente
2287 5303 2596 5361 orationem
2635 5304 2904 5371 offerant;
2944 5305 3038 5361 alii
3076 5322 3264 5362 veram
3292 5322 3357 5361 ac
3379 5306 3654 5362 sinceram

2072 5394 2261 5462 fidem,
2282 5394 2376 5450 alii
2405 5408 2700 5450 accensum
2730 5394 3094 5464 divinumque
3127 5395 3333 5450 amoris
3359 5394 3613 5449 ardorem
3639 5410 3652 5445 :

2069 5495 2237 5556 atque
2265 5485 2359 5540 alii
2393 5484 2619 5556 quidem
2645 5484 2822 5542 fauste
2855 5501 2920 5540 ac
2945 5486 3180 5542 solerter
3212 5500 3313 5554 pro
3339 5486 3462 5555 ejus
3486 5497 3655 5553 quam

2070 5573 2190 5644 ipse
2235 5588 2420 5629 sermo
2449 5573 2837 5629 subministrat
2870 5577 3058 5645 gratiae
3101 5577 3333 5640 ratione,
3390 5589 3652 5645 magnum

2071 5664 2397 5736 Apostolum
2430 5663 2688 5729 laudent;
2723 5663 2815 5717 alii
2858 5675 3067 5731 autem,
3105 5665 3408 5734 prudenter
3433 5667 3655 5738 fideque

2072 5759 2446 5819 laudationem
2496 5755 2843 5828 pcraudiant,
2897 5767 2956 5817 ut
3007 5759 3181 5815 modis
3223 5761 3482 5823 omnibus
3527 5762 3648 5827 eius
