4094 6426
571 308 674 380 151

1770 319 2068 385 ΝΙΟΕΤιΕ
2109 327 2141 386 Γ

2255 326 2642 390 HLAGONIS
3739 341 3825 405 153

569 421 880 494 gaudentes
915 423 1278 493 commercio,
1309 425 1648 497 perfectiore
1683 443 1750 485 ex
1780 430 1876 487 illo
1896 440 2141 503 prastan

2263 453 2376 499 τες,
2409 437 2752 512 τελειοτέρας
2779 440 2878 507 τῆς
2903 443 3128 514 χάριτος
3154 442 3214 510 ἐξ
3243 445 3410 501 αὐτοῦ
3438 446 3536 502 καὶ
3562 449 3823 518 ἀμείνονος

569 512 809 580 tiorique
856 512 1034 583 gratia
1094 513 1499 585 impartiamur.
1565 519 1705 576 Hinc
1748 537 1882 578 vero
1932 523 2157 578 ordien-

567 603 721 662 dum.

639 696 736 751 Vir
763 695 856 752 hic
881 701 1312 771 sacratissimus,
1338 703 1809 775 sanctissimaque
1843 704 1935 760 Dei
1965 705 2156 776 gratiae

565 787 894 847 verissimus
941 792 1147 860 Filius;
1200 811 1503 866 generosus
1544 807 1709 867 atque
1757 797 1961 854 nobilis
2010 814 2155 854 verae

566 878 700 934 vitis
741 881 985 951 palmes;
1019 885 1244 957 pinguis
1278 888 1391 952 ille,
1438 889 1609 959 opimi
1641 890 1856 946 fructus
1880 892 2154 962 longeque

567 973 777 1042 copiosi
831 975 1027 1044 ferax;
1087 994 1254 1049 quem
1313 981 1554 1036 caelestis
1603 983 1828 1053 quidem
1885 984 2151 1055 agricola,

568 1064 731 1120 Pater
753 1077 971 1138 purget,
1005 1085 1071 1125 ac
1101 1071 1195 1140 qui
1244 1071 1299 1126 in
1341 1073 1480 1128 Filio
1522 1072 1805 1130 radicatus
1835 1077 1958 1132 laete
1999 1077 2151 1132 fron-

567 1154 715 1224 deat,
744 1158 1094 1232 fructumque
1123 1163 1298 1229 ferat;
1333 1166 1540 1236 quique
1569 1166 1791 1223 demum
1816 1169 1976 1225 uberi
2001 1171 2151 1242 jugi-

567 1264 676 1319 que
717 1251 985 1309 Paracleti
1025 1255 1236 1327 irriguo
1263 1259 1606 1328 pinguescat,
1657 1275 1753 1315 seu
1799 1262 1968 1318 vitam
2011 1264 2151 1320 hau-

565 1341 673 1396 riat
702 1341 771 1395 “.
825 1344 1009 1399 Palma
1061 1345 1317 1401 frondosa
1366 1357 1532 1418 atque
1582 1350 1875 1415 sublimis,
1920 1370 1952 1410 e
2000 1365 2147 1409 terra

565 1434 802 1505 primum
847 1453 1022 1506 exque
1076 1439 1282 1494 inﬁmis
1329 1451 1471 1506 orta,
1518 1451 1575 1496 at
1621 1459 1742 1512 quae
1791 1447 2146 1516 postmodum

564 1524 780 1580 sublato
806 1526 862 1580 in
889 1529 1087 1584 coelum
1112 1532 1320 1600 stipite,
1345 1534 1414 1588 ad
1437 1535 1610 1590 Deum
1647 1552 1842 1607 usque,
1875 1539 2146 1595 virtutum

561 1619 983 1676 ascensionibus
1031 1637 1252 1679 summo
1308 1626 1519 1682 vertice
1567 1629 1805 1684 exaltata
1856 1631 1928 1686 sit
1968 1649 1980 1685 :
2023 1649 2148 1702 quae

560 1706 801 1778 denique
841 1710 922 1766 sic
953 1712 1263 1782 jucundum
1316 1725 1579 1787 tantaque
1621 1719 1929 1789 placentem
1976 1725 2149 1793 pieta-

2267 528 2658 600 μετάσχοιμεν.
2710 532 2969 604 Ἀρκτέον
2999 533 3058 588 δὲ
3084 534 3358 590 ἐντεῦθεν.

2335 702 2507 773 Οὗτος
2557 711 2585 763 6
2633 711 2928 781 ἱερώτατος
2981 711 3144 782 ἀνὴρ,
3212 715 3309 766 καὶ
3358 713 3458 782 τῆς
3502 713 3665 781 ἁγίας
3707 714 3824 768 Θεοῦ

2261 801 2486 872 χάριτος
2504 803 2874 873 γνησιώτατος
2913 804 3028 868 υίός
3051 820 3067 837 ο
3095 804 3156 858 τὸ
3175 805 3397 874 εὐγενὲς
3424 806 3615 876 κλῆμα
3640 807 3729 859 καὶ
3759 809 3826 860 τί-

2265 911 2389 963 μιον
2413 894 2513 963 τῆς
2542 895 2795 963 ἀμπέλου
2837 896 2936 965 τῆς
2964 896 3248 966 ἀληθινῆς,
3285 896 3348 952 τὸ
3380 899 3527 962 πίον,
3562 898 3623 951 τὸ
3650 898 3828 970 εὐκαρ-

2266 1001 2367 1038 πον
2388 987 2482 1040 καὶ
2527 987 2901 1058 κατάκαρπον·
2930 988 2992 1042 τὸ
3020 988 3126 1043 ὐπὸ
3149 987 3243 1042 τοῦ
3271 989 3525 1060 οὐρανίου
3553 991 3650 1060 μὲν
3669 1007 3831 1062 γεωρ-

2263 1075 2363 1144 γοῦ
2391 1077 2808 1148 καθαιρόμενον,
2829 1079 2922 1134 τοῦ
2953 1080 3170 1150 Πατρός
3200 1095 3216 1112 ⁸
3251 1080 3621 1152 έῤῥιζωμένον
3647 1081 3702 1136 δὲ
3746 1082 3830 1136 καὶ

2262 1167 2462 1238 εὐθαλῆ
2508 1170 2604 1223 καὶ
2634 1171 3020 1243 καρποφοροῦν
3064 1173 3125 1225 ιν
3175 1172 3257 1244 τῷ
3282 1171 3397 1242 Υίῷ
3426 1191 3443 1206 ·
3497 1174 3711 1244 δαψιλεῖ
3773 1173 3825 1228 δι

2262 1261 2358 1315 καὶ
2385 1261 2598 1332 ἀεννάῳ
2623 1261 2717 1316 τοῦ
2751 1263 3110 1334 Παρακλήτου
3138 1265 3512 1336 πιαινόμενον,
3539 1267 3659 1338 ῆτοι
3679 1265 3830 1332 ζωού-

2264 1369 2447 1424 μενον,
2482 1354 2672 1425 ἀρδείᾳ
2700 1370 2715 1386 ·
2744 1354 2774 1407 6
2796 1357 2970 1423 φοίνιξ
2996 1359 3025 1411 6
3073 1356 3308 1427 εὖκομος
3337 1358 3433 1412 καὶ
3457 1358 3721 1429 ὑψίκομος
3748 1373 3765 1390 ο
3803 1358 3828 1411 6

2260 1445 2502 1498 κάτωθεν
2536 1446 2646 1499 ἀπὸ
2677 1446 2784 1515 γῆς
2823 1447 3042 1517 πρῶτον
3088 1449 3281 1518 ὲκφὺς,
3339 1450 3434 1503 καὶ
3471 1451 3536 1502 τὸ
3593 1450 3826 1520 στέλεχος

2257 1537 2341 1600 είς
2367 1539 2596 1606 οὐρανὸν
2635 1538 2862 1610 ὕστερον
2907 1542 3155 1605 ἀναδοὺς,
3201 1541 3488 1612 καὶμέχρι
3541 1540 3679 1595 Θεοῦ
3721 1545 3827 1604 ταῖς

2259 1631 2561 1685 ἀναδάσεσι
2589 1632 2701 1687 τῶν
2728 1634 2940 1704 ἀρετῶν
2991 1634 3249 1704 ὐψωθείς.
3304 1636 3416 1688 Καὶ
3443 1635 3594 1690 οὕτω
3623 1636 3824 1708 θυμήρη

2258 1726 2354 1778 καὶ
2383 1724 2556 1787 οὕτως
2587 1727 2806 1796 ἣδιστον
2831 1726 2980 1797 αὐτῷ
3005 1728 3106 1798 τῆς
3143 1727 3426 1791 εὐσεϐείας
3455 1727 3825 1793 πεπλεονακὼς

561 1802 633 1856 tis
663 1801 960 1859 dulcedine
996 1807 1361 1876 multiplicem
1385 1810 1436 1864 ei
1465 1811 1708 1867 fructum
1747 1816 2062 1884 protulerit,
2095 1825 2141 1872 ιιι

2257 1817 2492 1887 καρπὸν,
2517 1817 2594 1881 ὡς
2616 1821 2680 1890 τῇ
2712 1818 3026 1892 ὑψηλοτάτη
3052 1820 3162 1874 τῶν
3181 1821 3498 1875 ἀποστόλων
3524 1822 3622 1876 καὶ
3651 1838 3829 1893 τιμιω-

557 1891 721 1964 longe
767 1896 1078 1954 celsissimo
1110 1902 1701 1975 venerabilissimoque
1733 1905 1992 1964 duodeno
2019 1926 2141 1982 apo-

2257 1910 2395 1981 τάτῃ
2421 1911 2870 1984 συναριθμεῖσθαι
2903 1913 3162 1969 δωδεκάδι

558 1986 828 2042 Stolorum
863 1988 1036 2045 choro
1061 1995 1342 2050 accenseri
1369 1997 1658 2051 meruerit.

649 2078 752 2134 Hic
809 2080 978 2152 igitur
1035 2098 1269 2155 magnus
1327 2100 1392 2142 ac
1452 2088 1814 2148 admirandus
1870 2093 2147 2161 Iacobus;

558 2168 868 2241 disciplinae
911 2174 1004 2230 ille
1037 2177 1185 2242 (vitae
1212 2178 1448 2247 scilicet)
1488 2182 1660 2238 Filius
1698 2185 1831 2255 (hoc
1852 2187 2000 2242 enim
2037 2188 2145 2243 sibi

557 2261 676 2316 vult
703 2261 911 2333 Alphaei
947 2268 1243 2336 appellatio
1267 2269 1413 2342 (θυι)
1447 2288 1571 2328 cum
1595 2275 1714 2347 lege
1747 2277 1902 2348 prius
1943 2280 2146 2338 litterae

556 2350 862 2417 institutus,
894 2354 1062 2427 inque
1095 2360 1312 2416 umbris
1341 2373 1507 2434 atque
1537 2365 1747 2437 ﬁguris,
1788 2379 1850 2425 ut
1877 2387 1977 2441 par
2000 2383 2143 2441 erat,

552 2460 706 2512 eunt,
739 2447 835 2518 qui
879 2463 1010 2506 vere
1059 2451 1308 2510 Israelita
1350 2455 1573 2515 futurus
1620 2470 1788 2527 esset,
1833 2465 2146 2533 praedoctus

553 2539 762 2597 fuisset
779 2558 845 2599 ac
870 2547 1026 2615 quasi
1056 2547 1377 2604 rudimento
1398 2551 1668 2618 imbutus,
1699 2563 1762 2610 ut
1795 2557 2144 2616 solummodo

553 2631 797 2704 Spiritus
829 2638 958 2693 vita:
1002 2639 1375 2710 legislaturem
1415 2643 1579 2708 vidit,
1611 2646 1703 2701 ubi
1733 2657 1948 2704 tantum
1976 2652 2144 2708 caele-

551 2733 693 2780 stem
716 2729 1061 2784 vocationem
1094 2747 1161 2787 ac
1182 2733 1423 2789 caelestis
1453 2736 1692 2807 Magistri
1717 2755 1908 2796 vocem
1950 2743 2143 2799 audire

549 2818 878 2886 promeruit,
922 2830 1107 2876 mente
1137 2821 1356 2894 ﬁdeque
1399 2826 1701 2884 enitentem
1742 2829 1796 2884 in
1833 2845 1900 2886 eo
1941 2833 2145 2888 verita-

549 2913 662 2963 tem
698 2908 1127 2982 intelligibiliter
1152 2916 1528 2984 persentiscit,
1560 2928 1622 2974 ut
1657 2921 1752 2990 qui
1792 2932 1946 2978 recto
1971 2922 2139 2978 corde

547 3010 614 3051 nc
636 2997 790 3052 verbi
818 2999 1104 3057 studiosus
1129 3011 1314 3058 esset:
1342 3013 1404 3060 ut
1432 3015 1696 3077 tanquam
1722 3009 1840 3080 ipse
1868 3010 2026 3066 bona:
2051 3011 2141 3066 in-

545 3087 710 3156 dolis,
741 3089 920 3160 ipsum
949 3103 1145 3150 natura
1169 3095 1380 3152 Bonum
1404 3098 1741 3171 intelligens,
1766 3117 1832 3159 ac
1854 3104 2036 3160 simile
2063 3104 2142 3160 si-

2328 2082 2497 2154 Οὗτος
2531 2089 2717 2144 τοίνυν
2749 2091 2780 2144 6
2835 2091 3014 2162 μέγας
3054 2090 3314 2154 Ἰάκωϐος
3358 2090 3458 2145 καὶ
3489 2089 3823 2160 θαυμαστόςο

2253 2177 2282 2232 6
2315 2178 2416 2250 τῆς
2458 2180 2772 2250 μαθήσεως,
2823 2183 2944 2253 ῆτοι
2990 2181 3158 2252 ζωῆς,
3211 2182 3332 2244 υίὸς
3389 2181 3574 2251 (τοῦτο
3609 2181 3826 2253 γάρτὴν

2251 2270 2349 2325 τοῦ
2393 2271 2649 2342 Ἀλφαίου
2672 2273 2866 2342 δηλοῦν
2904 2275 3329 2345 προσηγορίαν),
3369 2274 3565 2346 ἐπειδὴ
3612 2275 3702 2329 τδν
3745 2275 3820 2329 νό-

2255 2381 2357 2433 μον
2397 2363 2492 2418 τοῦ
2533 2364 2864 2436 γράμματος
2892 2365 3315 2438 προκατηχήθη,
3356 2368 3450 2420 καὶ
3489 2368 3613 2432 ταῖς
3661 2369 3825 2429 σκιαῖς

2250 2456 2348 2510 καὶ
2376 2459 2488 2518 τοῖς
2513 2456 2726 2523 τύποις,
2757 2457 2834 2520 ὡς
2868 2458 3016 2522 είκδς
3040 2453 3110 2529 ἦν
3129 2457 3224 2512 τὸν
3247 2458 3468 2529 άληθῶς
3500 2458 3824 2530 ’ῐσραηλίτην

2249 2547 2533 2618 ἐσόμενον,
2605 2551 3140 2623 προεπαιδαγωγήθη
3207 2552 3304 2606 καὶ
3366 2551 3820 2623 προκατηρτίσθη·

2251 2638 2330 2703 ὡς
2377 2641 2546 2711 μόνον
2593 2638 2702 2696 εἶδε
2757 2643 2850 2698 τὸν
2900 2643 3201 2715 νομοθέτην
3246 2645 3344 2700 τοῦ
3381 2645 3702 2716 Πνεῦματος
3734 2645 3823 2714 τῆς

2250 2731 2420 2801 ζωῆς,
2440 2733 2518 2796 ὡς
2541 2734 2701 2803 μόνον
2713 2735 2813 2805 τῆς
2831 2736 3085 2808 οὐρανίου
3107 2736 3377 2808 κλήσεως,
3399 2739 3499 2792 καὶ
3512 2740 3616 2810 τῆς
3632 2736 3722 2792 τοῦ
3742 2736 3824 2792 οὐ·
3897 2753 3916 2776 ο

2249 2825 2436 2896 ρανίου
2474 2825 2796 2881 διδασκάλου
2821 2826 3132 2898 κατηξιώθη
3162 2829 3370 2898 φωνῆς,
3401 2827 3820 2898 αίσθάνεταιμὶν

2243 2917 2449 2987 νοερῶς
2476 2919 2572 2973 καὶ
2623 2920 2829 2984 πιστῶς
2857 2922 2957 2991 τῆς
3000 2921 3209 2990 νοητῶς
3257 2922 3315 2974 ιν
3357 2922 3512 2993 αὐτῷ
3542 2921 3819 2990 νοουμένης

2246 3009 2532 3080 ἀληθείας,
2567 3011 2664 3066 ἀτε
2685 3013 2913 3084 καρδίας
2946 3013 3162 3078 εὐθείας
3185 3014 3282 3068 καὶ
3309 3014 3680 3087 ἀληθευτικῆς
3703 3013 3772 3068 ὢν
3797 3029 3810 3046 ⁶

2246 3102 2343 3155 καὶ
2371 3102 2449 3165 ὡς
2475 3103 2681 3170 ἀγαθὸς
2709 3103 2785 3157 ῶν
2807 3104 2908 3172 τὴν
2936 3103 3137 3176 ψυχὴν,
3186 3105 3248 3159 τδ
3291 3106 3456 3176 φύσει
3511 3123 3817 3172 κατανενοη-

547 3183 666 3239 mili
689 3185 890 3242 eximia
909 3187 1150 3258 quadam
1185 3191 1402 3248 ratione
1431 3208 1759 3265 agnoscens,
1779 3199 1982 3254 mentis
2009 3214 2138 3255 eun

2250 3194 2358 3258 κὼς
2383 3169 2610 3264 ἀγαθδν,
2633 3197 2731 3251 καὶ
2770 3169 3050 3270 roseos};
3073 3169 3141 3252 ’τὸ
3162 3169 3354 3270 δμοιον
3405 3202 3703 3275 ὑπερφυῶς
3729 3169 3812 3255 ιτέ-

547 3271 747 3328 aﬁ‘ectu
771 3276 1160 3346 apprehendit,
1185 3293 1251 3336 ac
1277 3280 1514 3338 indivise
1539 3282 1615 3338 illi
1650 3285 1992 3343 cohaerescit.

617 3445 690 3502 At
721 3461 832 3502 non
887 3449 1086 3520 spiritu
1121 3452 1350 3523 quidem
1373 3464 1670 3527 menteque
1695 3463 1915 3518 vocanti
1952 3465 2140 3524 adhae-

545 3537 644 3600 sit,
669 3553 904 3610 corpore
926 3557 1060 3597 vero
1082 3543 1152 3598 ab
1176 3558 1246 3600 eo
1265 3546 1480 3617 seiungi
1502 3551 1790 3614 sustinuit,
1812 3570 1915 3611 nec
1933 3560 2135 3628 partim

547 3629 758 3685 mundo
789 3639 954 3703 atque
989 3635 1178 3690 saeculi
1211 3635 1506 3695 desideriis
1537 3643 1822 3714 turbisque
1847 3647 2134 3720 impende-

547 3721 730 3789 batur,
756 3725 1071 3796 partimque
1095 3726 1278 3798 ipsum
1310 3731 1654 3800 sequendum
1690 3738 1933 3806 putavit;
1963 3757 2130 3811 quem

2247 3286 2530 3354 εγνωκὼς,
2561 3289 2992 3361 καταδράττεται
3020 3289 3214 3345 τούτου
3245 3289 3488 3346 διαθέσει
3515 3281 3713 3367 φυχῆς,
3734 3293 3815 3349 καὶ

2241 3377 2596 3450 ἀδιατμήτως
2625 3380 3054 3451 προσκολλᾶται.

2326 3471 2469 3526 Ἀλλ’
2505 3472 2566 3526 οὐ
2595 3473 2869 3542 πνεύματι
2910 3473 3010 3544 μὲν
3037 3475 3132 3530 καὶ
3161 3476 3244 3531 νοτ
3268 3475 3347 3547 τῷ
3374 3476 3676 3548 κεκληκότι
3705 3493 3813 3530 συν-

2239 3562 2461 3633 εφύετο,
2541 3563 2622 3634 τῷ
2674 3563 2891 3636 σώματι
2925 3565 2983 3619 δὲ
3031 3565 3329 3638 διῃρῆσθαι
3376 3570 3576 3624 τούτου
3609 3567 3810 3624 κατεδέ-

2237 3673 2365 3726 χετο
2383 3671 2398 3688 ο
2429 3655 2541 3710 οὐδ’
2557 3656 2616 3711 ἐν
2639 3656 2796 3727 μέρει
2816 3657 2915 3727 μὲν
2941 3656 3020 3726 τῷ
3049 3658 3242 3730 κόσμῳ
3262 3660 3360 3715 καὶ
3389 3663 3516 3725 ταῖς
3539 3661 3811 3732 κοσμικαῖς

2237 3746 2556 3818 ἐπιθυμίαις
2610 3748 2706 3803 καὶ
2751 3748 2984 3820 τύρσαις
3025 3751 3396 3824 ἀπησχόλητο,
3429 3755 3494 3808 ἐν
3551 3755 3704 3827 μέρει
3756 3750 3808 3804 δὲ

541 3813 707 3883 plane
737 3830 850 3871 non
888 3817 1108 3884 lateret,
1148 3819 1266 3876 ﬁeri
1306 3835 1418 3876 non
1451 3838 1614 3893 posse
1660 3834 1720 3880 ut
1747 3829 1872 3897 quis
1912 3831 2132 3889 duobus

2250 3813 2417 3911 mit-ip
2439 3839 2674 3894 ἔπεσθαι
2711 3813 2848 3910 ᾤετο
2883 3841 3015 3902 δεῖν,
3063 3813 3425 3914 δυσίκυρίοις
3465 3813 3807 3899 δεδουλῶσθαι

539 3904 784 3962 dominis
809 3922 1004 3964 servus
1027 3911 1284 3968 addictus
1303 3913 1377 3968 sit
1395 3914 1444 3946 ⁸³
1471 3932 1483 3968 :
1520 3915 1654 3986 quin
1680 3933 1749 3973 ne
1779 3921 1871 3976 uni
1903 3924 2128 3990 quidem

2250 3904 2550 3986 ίνένδεκτον
2594 3904 2754 3995 είδὼς
2791 3930 2850 3984 δν
2873 3949 2886 3964 ο
2926 3931 3039 3985 οὐδ’
3060 3932 3142 3986 ἑνὶ
3170 3904 3508 4007 μέν’καὶϋτῷ
3537 3935 3684 4007 αὐτῷ
3722 3951 3808 3988 κα-

535 3997 832 4070 eidemque
852 4001 1283 4074 obsequebatur,
1313 4006 1388 4061 ita
1405 4019 1536 4064 vero
1564 4017 1626 4064 ut
1653 4011 1707 4066 in
1733 4029 1822 4069 res
1843 4031 1970 4073 suas
1993 4019 2130 4074 satis

2250 4023 2498 4095 ταπειθὴς
2517 4019 2605 4096 ῆν,
2625 4023 2748 4078 καθ’
2765 4023 2862 4077 ἕνα
2877 4023 2934 4078 δὲ
2958 3997 3489 4099 τρόπονάὐταρκες.
3502 3997 3805 4098 εὐαρεστεῖν

539 4093 818 4160 putaverit
860 4111 968 4151 una
1005 4096 1224 4154 honesti
1261 4101 1508 4172 rectique
1549 4113 1706 4172 parte
1737 4104 1994 4177 defungi;
2031 4117 2126 4164 aut

2250 4117 2438 4187 jyei’to,
2455 4093 2494 4187 ἢ
2513 4093 2658 4187 λόγῳ
2682 4116 2937 4186 πράξεως
2965 4093 3288 4189 ἀ-μοιροῢντι
3332 4093 3538 4187 δεξιᾶς,
3567 4093 3804 4192 η’πράξει

535 4182 754 4239 scilicet
794 4199 1074 4254 sermone,
1115 4190 1395 4258 praeclara:
1445 4193 1682 4250 actionis
1717 4211 1822 4266 ope
1873 4207 2124 4266 carente,

2250 4182 2326 4262 ξοῦ
2374 4182 2492 4260 τῶν.
2540 4182 3050 4280 λόγτωννλειπομένίῃ
3075 4182 3254 4277 (ρωτός
3284 4224 3299 4241 ο
3351 4182 3709 4278 κατἠάμφω
3752 4203 3805 4258 δὲ

535 4285 636 4328 aut
665 4275 906 4340 actione,
951 4293 1118 4347 quam
1163 4283 1441 4337 sermonis
1489 4282 1582 4338 lux
1629 4300 1694 4340 ac
1737 4286 2122 4344 doctrinarum

2250 4298 2348 4352 ,ίαν
2365 4296 2604 4366 εὐφυῶς,
2623 4299 2878 4370 καὶπρὸς
2906 4275 2998 4352 τὸν
3023 4275 3353 4354 διδάσκαλον
3379 4275 3662 4370 ἁρμοδίως
3689 4300 3801 4352 δια-

536 4361 850 4419 deﬁceret:
888 4365 982 4421 sed
1019 4367 1270 4438 utrisque
1321 4371 1562 4440 ingenue
1607 4373 1930 4441 admodum,
1963 4386 2021 4432 et
2061 4387 2124 4434 ut
2226 4361 2504 4460 κείμενος,
2535 4388 2634 4442 καὶ
2660 4361 2936 4459 πνεύματι
2973 4389 3093 4454 ὅλος
3121 4387 3188 4443 δι’
3209 4389 3333 4442 ὅλου
3375 4361 3803 4463 συνήρμοστό-τι

537 4452 804 4524 magistro
831 4470 1134 4527 congruum
1179 4469 1317 4525 erat,
1347 4463 1534 4518 animo
1566 4464 1817 4528 allectus,
1854 4479 1970 4523 tum
2008 4471 2122 4540 spio

2250 4479 2322 4534 ιαὶ
2351 4479 2646 4547 συνῆνωτο,
2708 4481 2803 4533 καὶ
2853 4479 3070 4550 σώματι
3104 4481 3535 4535 ἀναπόσπαστον
3575 4481 3672 4552 τὴν
3697 4477 3802 4549 μετ’

537 4543 650 4599 ritu
682 4555 834 4601 totus
880 4548 1104 4617 penitus
1138 4549 1218 4605 illi
1261 4562 1551 4609 consertus
1582 4571 1648 4611 ac
1688 4558 1946 4614 counitus
1976 4530 2118 4630 erat,

2710 4530 3019 4645 διατριόῆνο
3052 4573 3147 4626 καὶ
3169 4572 3353 4640 λόγοις
3377 4574 3478 4645 μὲν
3494 4530 3798 4644 σοφίαςικαὶ

536 4644 654 4690 tum
683 4653 918 4709 corpore
948 4641 1214 4697 indivisas
1235 4659 1359 4699 cum
1386 4645 1480 4700 illo
1507 4662 1692 4702 moras
1713 4650 2000 4719 trahebat;
2032 4670 2120 4710 sa-

2250 4663 2498 4728 ωνέσεως
2537 4641 2633 4718 καί.
2675 4641 2896 4736 χάριτος
2920 4641 3208 4721 εὐσύνετον
3237 4666 3331 4730 οὖς
3354 4668 3796 4738 παρατιθέμενος.

533 4727 870 4800 ρίεηιῖεεαυο
895 4739 952 4786 et
980 4731 1290 4802 Ρνυδθηίίω
1338 4745 1506 4806 διψία
1543 4738 1736 4808 grauia
1771 4743 2122 4801 sermonibus
2224 4758 2442 4822 οὐδενὸς
2466 4727 2610 4813 κατά
2631 4727 2802 4815 ταῦτα
2828 4760 2935 4814 τῶν
2962 4759 3278 4830 κορυφαίων
3307 4727 3641 4815 ἀπελείπετο
3667 4777 3683 4793 ’
3715 4755 3800 4810 καὶ

531 4834 723 4878 aurem
772 4819 944 4892 probe
992 4823 1389 4898 intelligentem
1438 4829 1732 4899 adhibens,
1791 4834 1914 4905 ejus
1959 4837 2117 4892 chori

2250 4819 2434 4921 ῖργοις⁷
2463 4850 2519 4904 δὲ
2555 4851 2796 4916 πίστεως
2817 4851 2915 4906 καὶ
2953 4819 3292 4923 ἀγαπῆσεως
3341 4855 3548 4924 ὁμοίως
3580 4851 3800 4912 ἐκείνοις

532 4911 847 4984 principum
896 4930 962 4970 ea
993 4925 1150 4986 parte
1190 4919 1326 4972 nulli
1369 4920 1648 4976 secundus
1693 4930 1834 4988 erat,
1881 4924 2119 4996 ﬁdeique

2250 4911 2271 4990 ι.
2301 4911 2609 5012 θαυμάσιος
2664 4911 3278 5015 κατίγρτισμένοςίπῶς
3323 4911 3424 5000 οὐκ
3447 4946 3668 5016 ἔμελλεν
3707 4941 3798 5011 τῆς

530 5002 798 5071 operibus
835 5019 900 5059 ac
933 5004 1244 5061 dilectionis
1297 5009 1410 5077 pari
1445 5009 1554 5064 illis
1591 5009 1755 5065 modo
1799 5012 1886 5066 vir
1930 5014 2109 5069 admi-

528 5094 739 5150 randus
769 5095 1069 5165 perfectus,
1095 5097 1187 5167 qui
1225 5099 1380 5154 ﬁeret
1411 5109 1471 5154 ut
1515 5101 1568 5155 in
1617 5116 1932 5171 supremam
1965 5107 2112 5160 anti-

525 5184 966 5256 quissimamque
1016 5189 1392 5257 apostolorum
1432 5193 1664 5250 classem
1701 5196 1949 5267 cooptari
2001 5213 2111 5254 non

527 5283 836 5329 mereretur
853 5276 877 5329 ἓ

598 5365 895 5437 Postquam
929 5367 1078 5423 enim
1140 5369 1383 5440 legitima
1441 5373 1521 5428 illi
1580 5375 1932 5434 contubernii
1986 5397 2114 5437 cum

521 5452 746 5513 Christo
781 5457 1140 5530 indivisaque
1182 5459 1493 5517 sedulitatis
1523 5464 1663 5519 ratio
1687 5465 1926 5525 ineunda
1955 5479 2080 5526 erat
2100 5512 2116 5538 ,

2218 5031 2480 5087 ἀνωτάτω
2523 5033 2615 5088 καὶ
2661 5037 3045 5109 πρεσϐυτάτης
3090 5037 3203 5093 τῶν
3252 5039 3567 5094 ἀποστόλων
3605 5035 3797 5104 τάξεως

2221 5119 2594 5192 κατηξιῶσθαι
2621 5141 2636 5188 ;

2311 5382 2532 5454 Ἐπειδὴ
2588 5383 2696 5455 γὰρ
2752 5386 2986 5456 νόμιμον
3033 5386 3144 5440 ἔδει
3194 5387 3370 5458 τούτῳ
3407 5385 3660 5456 γενέσθαι
3699 5379 3790 5449 τὴν

2229 5474 2485 5544 μετάτοῦ
2511 5476 2750 5550 Χριστοῦ
2791 5478 3080 5554 διατριϐήν
3105 5495 3122 5511 ο
3175 5480 3341 5552 νόμος
3380 5480 3438 5537 δὲ
3481 5473 3785 5552 μαθητείς-ςο

596 5611 645 5642 ⁵⁸
680 5613 838 5670 ιιοοη.
869 5631 959 5684 xv,
996 5619 1045 5673 l.
1118 5619 1163 5650 ⁵⁵
1201 5617 1391 5674 Matth.
1452 5635 1501 5676 Vl
1530 5661 1547 5688 ,
1593 5619 1684 5678 24.

596 5750 1010 5816 (ﬂi‘lAlobazus
1040 5758 1194 5827 quasi
1232 5760 1427 5826 doctor,
1474 5760 1600 5828 dux,
1629 5763 1785 5819 verb.
1818 5747 1957 5840 rp‘m
1997 5765 2174 5822 didicit
2205 5751 2319 5848 ιιι-»η
