4094 6416
374 364 482 428 153

1109 366 1390 429 ORATIO
1424 367 1592 429 VIII.
1629 364 1800 427 -ΙΝ
1837 364 2152 429 LAUDEM
2185 367 2245 428 S.
2289 363 2550 428 IACOBI
2591 360 2916 425 ALPHEI.

3554 355 3657 419 ιδι

371 472 744 570 ἀπαρνεῖσθαι
791 473 892 543 μὲν
942 476 1123 530 πᾶσαν
1164 462 1266 547 τὴν
1309 476 1702 547 παρεπομένην
1749 476 1988 540 ἐξωθενε

2094 476 2310 547 iscipuli
2338 491 2472 531 vero
2518 476 2607 530 lex
2645 468 2990 535 habebatur,’
3011 480 3231 522 omnem
3255 480 3376 535 qua:
3410 464 3658 521 exterius

376 557 700 637 πέριουσίαν
729 585 743 598 ·
797 569 1166 638 ἀπαρνεῖσθαι
1213 568 1271 622 δὲ
1306 569 1400 623 καὶ
1433 570 1616 622 πᾶσαν
1664 568 1766 638 τὴν
1815 568 1957 622 κατά

2087 584 2257 624 :omes
2271 567 2423 622 venit
2445 567 2720 636 abnegare
2746 563 3020 618 bonorum
3042 558 3293 628 copiam;
3323 569 3659 625 omnemque
3691 550 3704 561 “

382 657 560 728 σάρκα
593 657 856 726 φιλότητα
904 659 999 713 τοῦ
1040 659 1341 728 συγγενοῦς
1376 675 1391 691 ³
1431 661 1569 731 πρὸς
1595 660 1674 724 δὲ,
1719 661 1813 714 καὶ
1858 660 1954 714 τοῦ

383 749 587 803 οίκείου
611 749 916 820 θελήματος
951 751 1425 823 άπηλλοτριῶσθαι
1467 752 1567 821 τῆς
1615 752 1814 822 ψυχῆς.
1849 751 1962 806 Μό-

379 839 466 904 λις
485 839 595 910 γὰρ
627 839 695 894 ἂν
713 839 859 894 οὕτω
898 842 1159 896 δύνασθαι
1190 845 1406 913 συχνοῖς
1449 843 1532 896 ὅτι
1567 842 1806 914 μάλιστα
1862 842 1962 896 πό-

379 947 514 996 νοις,
545 931 641 984 καὶ⁸
663 933 864 1003 γνησίᾳ
886 936 953 1004 τῇ
987 934 1098 987 τῶν
1115 934 1284 988 θείων
1318 933 1519 1005 μελέτῃ
1546 934 1641 987 καὶ
1674 934 1965 1004 φιλοπονία

373 1017 459 1093 τῷ
511 1023 706 1094 ἀγαθῷ
737 1022 834 1076 τοῦ
879 1024 1016 1078 Θεοῦ
1072 1024 1343 1095 θελήματι
1393 1025 1678 1095 σχολάσαι,
1743 1027 1840 1079 καὶ
1905 1025 1965 1078 ὲν

374 1113 530 1184 αὐτῷ
553 1115 984 1184 κατορθωθῆναι,
1011 1117 1106 1169 καὶ
1141 1116 1220 1186 τῷ
1244 1117 1674 1187 ὲπιθυμουμένῳ
1707 1118 1808 1188 τῆς
1849 1115 1961 1169 τῶν

371 1202 628 1274 οὐρανῶν
657 1202 935 1273 βασιλείας
964 1203 1031 1257 δι’
1061 1203 1229 1258 αὑτοῦ
1271 1205 1640 1276 προσορμίσαι
1691 1206 1967 1272 καταντή-

332 1354 336 1358 ,
379 1309 536 1365 ματι.
600 1294 820 1367 Ἐπειδὴ
860 1289 956 1348 οὖν
979 1295 1170 1349 τοῦτον
1203 1289 1342 1349 εῖναι
1375 1296 1467 1348 τὸν
1486 1295 1652 1364 νόμον
1676 1293 1770 1346 τοῦ
1799 1291 1966 1346 πνεύ-

380 1403 556 1456 ματος
591 1389 619 1440 ό
669 1387 815 1450 θεῖος
853 1386 1112 1450 Ἰάκωϐος
1155 1387 1292 1459 πρὸς
1325 1386 1496 1457 αὐτῆς
1549 1387 1826 1456 ὲπακήκοε
1872 1383 1972 1453 τῆς

378 1476 663 1546 ἀληθείας,
689 1477 790 1532 οὐκ
822 1477 1164 1549 ἀπεκναίσθη
1193 1479 1291 1547 τὴν
1316 1478 1487 1550 ἀκοήν
1512 1493 1525 1508 ·
1562 1477 1661 1530 οὐκ
1695 1474 1969 1546 ἐϐαρύνθη

378 1569 484 1634 τὴν
509 1567 736 1640 καρδίαν
758 1583 775 1600 ο
818 1567 881 1621 οὐ
907 1567 1042 1637 πρὸς
1067 1568 1127 1621 τὸ
1155 1567 1289 1636 ὕψος
1315 1567 1581 1636 ἰλιγγίασε
1606 1565 1708 1634 τῆς
1730 1565 1970 1634 ὲντολῆς’

379 1657 610 1730 ὲμφύτῳ
638 1658 696 1712 δὲ
729 1657 882 1728 πόθῳ
923 1658 1061 1730 πρὸς
1099 1662 1194 1712 τὸν
1223 1659 1602 1728 ἐντελλόμενον
1624 1657 1695 1710 τά
1733 1657 1975 1728 σωτήρια

380 1747 799 1818 ἀναπτερωθεὶς
823 1746 1103 1812 ἐξίσταται
1141 1746 1240 1817 μὲν
1263 1745 1424 1809 εὐθὺς
1459 1742 1661 1805 παντὸς
1691 1744 1977 1813 κτήματος

382 1839 486 1894 καὶ
537 1801 840 1910 χρήματος,
865 1801 998 1891 ’ὅσα
1027 1801 1206 1909 τούτῳ
1281 1801 1492 1907 προσῆν
1523 1850 1537 1865 °
1592 1801 1874 1899 ἐξίσταται
1919 1801 1977 1884 δέ
2007 1801 2051 1857 Β

381 1932 623 1996 οἰκείων,
679 1931 905 1998 γονέων,
953 1929 1222 1998 ἀδελφῶν,
1285 1927 1586 1998 συγγενῶν,
1642 1927 1836 1995 φίλων,
1881 1923 1980 1976 καὶ

383 2024 606 2080 πάντων
634 2025 750 2078 ὅσοι
769 2021 943 2094 τούτῳ
977 2022 1120 2076 κατά
1152 2021 1312 2092 σῶμα
1339 2021 1709 2092 προσήκοντες
1734 2035 1747 2050 ο
1775 2017 1870 2071 καὶ
1884 2018 1982 2070 τέ-

383 2114 500 2178 λος,
529 2114 630 2184 τὴν
661 2114 799 2168 ἰδίαν
843 2111 1236 2184 ἀπηρνημένος
1263 2107 1462 2181 ψυχὴν,
1498 2108 1594 2162 καὶ
1640 2109 1841 2171 παντὸς
1877 2123 1980 2176 χα-

385 2204 660 2276 μαιζήλου
717 2205 814 2257 καὶ
873 2203 1066 2266 πεζίου
1130 2202 1440 2273 θελήματος
1501 2199 1982 2270 ἀλλοτριούμενος,

387 2296 558 2368 μόνον
592 2294 819 2349 ἀνέπνει
866 2293 960 2352 τὸν
1011 2292 1244 2359 Ἰησοῦν,
1300 2291 1462 2362 μόνον
1488 2289 1582 2359 ἔζη
1624 2287 1716 2341 τὸν
1754 2286 1984 2356 Ἰησοῦν.

390 2389 542 2462 Πρὸς
569 2387 805 2459 Χριστὸν
857 2387 1016 2458 μόνον
1046 2383 1369 2456 ἀπῃώρητο,
1426 2381 1562 2452 πρὸς
1601 2379 1835 2450 Χριστὸν
1883 2379 1981 2430 άν-

394 2481 639 2535 ετείνετο
660 2481 752 2533 τὸν
777 2478 922 2534 νοῦν.
950 2477 1112 2540 Ὅλος
1151 2476 1500 2545 ὲπέστραπτο
1537 2472 1674 2543 πρὸς
1722 2470 1990 2540 Χριστόν·

385 2570 561 2630 αὑτοῦ
592 2571 712 2634 ὅλος
738 2565 829 2642 ἦν,
853 2571 948 2624 καὶ
978 2569 1076 2640 οὐχ
1105 2566 1318 2622 ἑαυτοῦ.
1349 2565 1521 2619 Αὐτὸν
1549 2558 1664 2634 εἶχε
1685 2563 1836 2628 Θεὸν,
1883 2561 1995 2615 Κύ-

394 2681 540 2733 ριον,
569 2661 916 2725 διδάσκαλον,
967 2658 1210 2730 βασιλέα,
1251 2657 1507 2727 ποιμένα,
1533 2655 1776 2725 Πατέρα,
1800 2650 1989 2721 Σωτῆ-

2070 675 2264 715 eorum
2281 659 2375 729 qui
2388 656 2673 728 sanguinis
2687 651 3094 710 necessitudine
3106 648 3388 718 conjuncti
3403 656 3550 711 sunt,
3568 647 3658 702 ab-

2075 765 2277 822 negare
2301 748 2631 812 amicitiam;
2663 746 2730 801 ad
2763 745 2881 799 haec
2907 757 3040 798 vero
3071 742 3244 810 ipsam
3279 738 3444 794 etiam
3481 737 3652 791 animi

2074 839 2354 912 propriam
2386 839 2644 893 abdicare
2683 835 3046 890 voluntatem.
3080 833 3173 888 Sic
3198 831 3344 886 enim
3373 831 3462 884 vix
3490 843 3655 898 quam

2078 933 2315 989 maxime
2359 929 2574 986 crebris
2611 927 2918 989 laboribus,
2949 937 3188 992 veraque
3221 935 3404 974 rerum
3448 918 3662 972 divina—

2076 1036 2200 1076 rum
2228 1018 2586 1075 meditatione
2611 1030 2677 1070 ac
2699 1014 2908 1076 studio,
2937 1012 3034 1066 Dei
3061 1024 3223 1080 posse
3245 1022 3440 1062 vacare
3467 1005 3665 1061 volun-

2077 1114 2197 1179 tati,
2237 1113 2402 1182 inque
2443 1125 2509 1164 ea
2556 1109 2704 1164 felici
2740 1106 2893 1162 exitu
2943 1104 3176 1169 enitere,
3219 1116 3284 1156 ac
3341 1099 3661 1154 desiderato

2077 1214 2314 1254 occursu
2363 1197 2632 1253 caelorum
2679 1208 2910 1265 regnum
2951 1191 3228 1246 obtinere.
3285 1188 3438 1242 llanc
3479 1188 3666 1255 itaque

2081 1290 2322 1362 Spiritus
2367 1288 2544 1358 legem
2592 1285 2818 1340 divinus
2873 1281 3114 1339 Iacobus
3144 1297 3212 1336 ex
3259 1279 3376 1348 ipsa
3429 1282 3667 1331 veritate

2082 1400 2207 1441 cum
2242 1381 2510 1444 audisset,
2543 1394 2653 1435 non
2689 1378 2882 1432 auditu
2913 1375 3180 1440 offensus;
3213 1387 3321 1427 non
3358 1369 3525 1425 corde
3547 1382 3672 1436 gra-

2081 1485 2244 1532 vatus
2271 1483 2378 1539 est,
2415 1489 2525 1528 non
2565 1469 2810 1528 mandati
2841 1467 3184 1524 sublimitate
3219 1463 3408 1518 animo
3447 1461 3524 1515 illi
3553 1459 3639 1513 ha:

2082 1577 2242 1622 rente
2292 1565 2614 1636 perculsus;
2671 1562 2804 1632 quin
2856 1560 3045 1614 innato
3091 1553 3372 1612 desiderio
3424 1551 3478 1605 in
3539 1563 3669 1604 eum

2085 1659 2412 1730 praevolans,
2439 1656 2533 1726 qui
2567 1670 2633 1710 ea
2677 1669 2800 1724 quae
2836 1650 3031 1707 salutis
3057 1655 3262 1713 essent,
3296 1639 3671 1715 praecipiebat,

2081 1767 2111 1806 a
2143 1752 2358 1806 cunctis
2386 1750 2570 1806 statim
2614 1763 2737 1817 quae
2767 1746 2823 1800 in
2852 1759 3020 1801 censu
3069 1755 3133 1795 ac
3163 1744 3451 1794 numerato
3489 1740 3670 1795 erant,

2080 1842 2366 1899 abscedit:
2397 1858 2428 1896 a
2455 1838 2807 1900 necessariis,
2850 1833 3194 1906 parentibus,
3250 1828 3533 1890 fratribus,
3575 1839 3672 1878 co-

2081 1933 2282 2006 gnatis,
2314 1933 2509 1988 amicis
2561 1933 2885 1998 cunctisque
2914 1926 3024 1981 illis
3061 1923 3156 1994 qui
3199 1938 3264 1975 ex
3306 1933 3506 1991 genere
3537 1931 3676 1986 quo-

2079 2025 2167 2080 vis
2199 2024 2364 2079 modo
2394 2024 2548 2078 illum
2593 2018 3011 2090 contingebant,
3048 2030 3169 2070 sese
3213 2010 3464 2090 abjungit
3500 2026 3512 2062 :
3557 2008 3675 2076 ipsa

2079 2125 2364 2187 postremo
2391 2115 2573 2170 anima
2606 2114 2896 2183 abnegata,
2929 2107 3194 2178 omnique
3219 2089 3417 2160 humili
3448 2117 3511 2156 ac
3545 2115 3676 2154 ver-

2081 2215 2247 2277 gente
2277 2205 2534 2260 abdicata
2566 2203 2874 2267 voluntate,
2911 2199 3138 2256 unicum
3184 2197 3372 2251 Jesum
3405 2191 3676 2263 spirabat,

2083 2299 2274 2355 Jesum
2302 2298 2525 2352 unicum
2550 2295 2807 2361 vivebat;
2841 2292 2898 2347 in
2931 2305 3100 2346 unum
3126 2287 3412 2344 Christum
3444 2297 3682 2353 suspen-

2087 2406 2203 2457 sus,
2227 2401 2411 2446 mente
2437 2389 2491 2445 in
2518 2387 2802 2444 Christum
2831 2385 3100 2446 intentus,
3133 2388 3283 2436 totus
3309 2378 3365 2452 in
3395 2375 3680 2431 Christum

2088 2497 2395 2540 conversus
2437 2487 2560 2536 erat
2591 2496 2606 2534 :
2640 2478 2790 2533 illius
2834 2485 3018 2539 totus,
3053 2488 3167 2528 non
3212 2469 3298 2526 sui
3343 2468 3461 2538 ipse
3514 2473 3682 2520 erat:

2089 2574 2276 2646 ipsum
2317 2573 2492 2628 Deum
2520 2569 2836 2633 Dominum,
2882 2564 3228 2636 magistrum,
3262 2573 3468 2631 regem,
3503 2562 3685 2627 pasto-

2090 2683 2231 2731 rem,
2268 2665 2511 2726 Patrem,
2538 2661 2881 2717 Salvatorem
2902 2673 2965 2713 ac
2991 2662 3388 2727 przeceptorem
3418 2647 3685 2703 habebat.

393 2773 470 2828 ρα
520 2755 616 2810 καὶ
666 2753 1044 2824 καθηγεμόνα.
1101 2751 1276 2805 Αὑτὸν
1313 2750 1414 2821 τῆς
1464 2747 1674 2809 οἰκείας
1724 2745 1988 2798 ἐπίστευε

2093 2759 2220 2816 Suae
2255 2772 2385 2813 eum
2417 2753 2680 2810 credebat
2709 2751 2906 2806 anima:
2933 2748 3114 2803 lucem
3149 2760 3214 2799 ac
3255 2743 3448 2802 vitam.
3480 2735 3710 2812 sancti-o

387 2850 578 2921 ψυχῆς
610 2844 755 2901 εἶναι
792 2846 910 2915 φῶς
943 2844 1039 2898 καὶ
1060 2843 1228 2914 ζωὴν,
1260 2839 1534 2934 ἁγιασμδν
1561 2839 1657 2893 καὶ
1683 2837 1988 2908 ἀπολύτρωι

2096 2850 2409 2906 ﬂcationem
2441 2860 2509 2900 ac
2538 2841 3004 2913 redemptionem,
3034 2837 3268 2892 salutem
3312 2848 3378 2888 ac
3409 2828 3687 2902 iustifica-

389 2958 501 3006 σιν,
542 2940 819 3010 σωτηρίαν
856 2938 952 2992 καὶ
977 2935 1282 2990 δικαίωσιν.
1329 2921 1503 2987 Ᾱύτδν
1552 2927 1699 3002 εἶχεν
1752 2930 1988 2996 ἐξουσίαι

2099 2943 2330 2997 tionem.
2370 2939 2554 3009 Ipsum
2579 2942 2912 3006 potestatem
2936 2939 2994 2986 et
3021 2935 3193 2999 caput
3217 2925 3496 2988 habebat;
3541 2921 3689 2976 unde

393 3031 495 3086 καὶ
527 3029 772 3099 κεφαλήν
804 3046 820 3061 ·
850 3027 975 3082 ὅθεν
1003 3026 1104 3081 καὶ
1131 3027 1180 3080 οί
1217 3025 1491 3095 ὀφθαλμοὶ
1539 3023 1707 3077 αὑτοῦ
1739 3021 1988 3092 διηνεκῶ‹

2097 3031 2264 3086 etiam
2304 3029 2361 3083 in
2400 3041 2469 3082 eo
2508 3025 2717 3096 jugiter
2754 3021 2930 3093 ipsius
2963 3018 3112 3074 oculi
3157 3024 3318 3072 erant
3342 3015 3388 3048 ⁸⁸
3422 3031 3436 3068 :
3487 3011 3690 3066 mentis

388 3125 455 3177 ὲν
503 3121 674 3194 αὐτῷ.
733 3119 960 3192 Νοερῶς
1010 3119 1122 3190 γάρ
1178 3117 1342 3172 αὐτὸν
1381 3116 1475 3170 καὶ
1535 3114 1894 3178 ἀδιαλείπτως
1923 3115 1988 3168 ὲν·

2109 3123 2258 3180 enim
2290 3118 2582 3191 praesentia
2625 3115 3031 3175 indesinenter,
3077 3119 3138 3165 ut
3182 3109 3241 3164 in
3282 3106 3530 3177 speculo,
3560 3119 3692 3158 eum

388 3213 722 3285 ωπτρίζετο.
743 3212 918 3266 Τοῦτο
939 3211 1046 3285 γὰρ
1066 3207 1223 3282 οἶμαι
1271 3211 1367 3264 καὶ
1422 3209 1514 3263 τὸν
1563 3205 1988 3279 Ἐκκλησιαστὴν

2103 3214 2494 3272 contuebatur.
2545 3210 2720 3279 quue
2764 3207 2943 3278 ipsum
3001 3204 3252 3260 arbitror
3300 3197 3692 3255 Ecclesiastem

389 3309 760 3382 παραδηλοῦν,
826 3307 934 3364 τοῦ
992 3307 1213 3376 σοφοῦ,
1247 3306 1476 3376 λέγοντα
1500 3347 1516 3371 ,
1564 3303 1710 3372 τοὺς
1774 3303 1992 3372 ὀφθαλ-

385 3406 546 3476 μοὺς
594 3399 750 3458 εἶναι
811 3402 882 3456 ἐν
938 3399 1014 3470 τῇ
1077 3399 1264 3455 αὑτοῦ
1295 3395 1532 3468 κεφαλῇ
1553 3439 1568 3463 ,
1609 3396 1720 3451 τὸν
1761 3394 1998 3465 ἄφρονα

390 3496 467 3552 es
507 3496 874 3565 πορεύεσθαι
933 3493 1003 3547 ἐν
1050 3493 1276 3546 σκότει.

467 3587 683 3645 Ὠσπερ
712 3582 805 3639 οῦν
831 3584 940 3638 τῶν
971 3583 1243 3653 σωμάτων
1272 3581 1342 3635 τά
1396 3578 1822 3649 διαφανέστατα,
1887 3575 1986 3630 ὅλα

398 3677 470 3731 δι’
499 3677 626 3732 ὅλου
679 3675 783 3745 τῆς
823 3672 1054 3745 ἡλιακῆς
1109 3672 1347 3736 ἀκτῖνος,
1388 3668 1528 3724 αύτά
1555 3683 1616 3720 τε
1645 3665 1786 3719 κατὰ
1836 3663 1998 3734 βάθος

393 3763 777 3838 πληρούμενα,
799 3762 895 3817 καὶ
918 3764 1031 3824 τοῖς
1060 3759 1289 3830 πλησίον
1343 3753 1810 3829 μεταδιδοῦσι“τοῦ
1831 3770 1997 3822 φωτι-

397 3857 566 3930 σμοῦ,
595 3855 740 3912 οὕτω
765 3855 853 3911 (αἱ
871 3853 1054 3918 αὐτὸς,
1073 3845 1118 3905 ὧ
1145 3851 1370 3915 θεόπτατ
1397 3851 1517 3912 ταῖς
1544 3849 1726 3902 ἀκτῖσι
1755 3845 1850 3900 τοῦ
1873 3862 2000 3916 νοη-

395 3949 494 4006 τοῦ
514 3949 615 4019 τῆς
633 3946 980 4017 δικαιοσύνης
1009 3943 1192 4000 Ἠλίου
1215 3939 1630 4014 προσεσχηκὼς,
1663 3937 1881 4007 καὶτῆς
1911 3936 2004 3990 αύ-

396 4040 496 4096 τοῦ
518 4041 742 4112 χάριτος
784 4037 904 4102 ὅλος
955 4036 1024 4091 δι’
1057 4035 1180 4090 ὅλου
1226 4032 1510 4102 πλησθεὶς,
1539 4032 1635 4085 καὶ
1663 4029 1999 4100 διειδεστάτῃ

396 4131 612 4204 διανοίᾳ⁵
680 4129 826 4185 κατά
897 4127 1060 4200 βάθος
1088 4166 1106 4194 ,
1167 4127 1290 4182 ὅλον
1341 4125 1402 4179 τὸ
1447 4123 1736 4196 θεαρχικὺν
1795 4122 2002 4191 φέγγος

401 4222 736 4295 σημειωθεὶς
754 4262 770 4286 ,
801 4221 897 4276 καὶ
921 4220 1247 4290 αὐτόχρημα
1264 4217 1379 4286 φῶς
1415 4216 1562 4270 κατά
1591 4213 1810 4285 μέθεξιν
1835 4214 2001 4283 ὑπερ.

401 4315 521 4384 (pud
548 4310 811 4381 γεγονὼς,
869 4311 1037 4364 πᾶσιν
1067 4309 1245 4362 ἔθνεσι
1284 4304 1663 4377 ἐχρημάτισας
1693 4301 1998 4372 φωτισμός.

472 4403 671 4458 Τοίνυν
696 4400 985 4474 μακαρίζω
1023 4415 1118 4453 σου
1147 4398 1211 4452 τὸ
1257 4397 1440 4467 σῶμα,
1463 4395 1524 4448 τὸ
1551 4393 1697 4466 ἱερὸν
1724 4392 1992 4464 σκήνωμα

2101 3309 2356 3368 innuere,
2382 3317 2509 3358 cum
2546 3301 2626 3356 ait
2656 3316 2670 3351 :
2697 3296 2962 3369 Sapientis
2988 3291 3125 3348 oculi
3150 3293 3205 3347 in
3233 3289 3407 3362 capite
3440 3287 3576 3357 ejus,
3605 3286 3694 3340 in-

2099 3398 2297 3469 sipiens
2322 3404 2499 3450 autem
2529 3387 2768 3446 ambulat
2790 3388 2844 3441 in
2873 3384 3100 3440 tenebris
3134 3383 3204 3436 ".

2173 3565 2648 3638 Quemadmodum
2696 3563 2863 3636 igitur
2909 3574 3142 3632 corpora
3186 3557 3348 3628 longe
3395 3551 3696 3625 pellucida,

2104 3671 2217 3718 tota
2259 3674 2490 3730 prorsus
2529 3659 2751 3727 altoque
2776 3655 2927 3719 sinu,
2961 3650 3128 3708 solari
3159 3648 3315 3704 radio
3341 3648 3526 3717 plena,
3555 3644 3697 3700 lucis

2103 3753 2348 3823 fulgores
2379 3751 2544 3806 etiam
2587 3747 2788 3803 vicinis
2833 3743 3209 3815 impartiunt:
3254 3739 3334 3794 sic
3382 3745 3443 3791 tu
3475 3750 3697 3806 quoque

2105 3848 2122 3912 (
2151 3843 2246 3899 Dei
2289 3842 2407 3912 ipse
2440 3839 2618 3896 oculis
2647 3839 2963 3908 inspector)
2996 3829 3506 3904 Spiritalisjustitia:
3553 3826 3698 3880 Solis

2105 3935 2278 3991 radiis
2305 3949 2432 3989 cum
2465 3931 2812 3993 adhaesisses,
2840 3928 3072 3998 ejusque
3094 3932 3243 3979 totus
3268 3921 3440 3993 gratia
3472 3930 3700 3988 prorsus

2105 4026 2411 4086 confertus,
2456 4019 2952 4090 limpidissimaque
2994 4020 3178 4067 mente
3209 4017 3322 4064 toto
3362 4008 3471 4062 alte
3506 4004 3700 4060 divino

2102 4117 2316 4186 fulgore
2364 4113 2645 4175 imbutus,
2692 4109 2896 4177 luxque
2944 4105 3168 4175 reipsa,
3216 4099 3415 4154 eximia
3462 4096 3698 4167 quadam

2106 4204 2530 4278 participatione
2560 4200 2795 4256 effectus
2824 4211 3008 4262 esses,
3039 4192 3254 4249 cunctis
3287 4189 3547 4263 gentibus
3577 4187 3675 4241 illu

2107 4296 2338 4353 minatio
2371 4292 2574 4348 audisti
2598 4332 2611 4347 .

2181 4387 2410 4442 Beatum
2470 4385 2656 4453 itaque
2710 4379 2949 4453 praedico
3003 4391 3221 4433 sacrum
3268 4387 3472 4443 corpus
3521 4378 3701 4435 tuum,

399 4499 592 4567 δόξης
617 4466 715 4551 τοῦ
763 4466 900 4549 Θεοῦ
927 4493 1024 4548 καὶ
1057 4489 1310 4559 Πατρός,
1341 4489 1437 4541 καὶ
1459 4486 1814 4554 ἁγιότευκτον
1839 4485 1988 4551 ἁγια-

2101 4479 2200 4534 Dei
2226 4493 2290 4532 ac
2315 4477 2492 4531 Patris
2513 4476 2696 4546 gloria:
2730 4470 3187 4535 tabernaculum;
3233 4466 3357 4523 Filii
3415 4478 3701 4521 sacrosan-

398 4558 630 4663 στήριον
659 4587 772 4658 (25)
804 4585 901 4639 τοῦ
946 4583 1101 4650 Υῑοῦ,
1152 4558 1248 4636 καὶ
1284 4578 1380 4633 τοῦ
1414 4576 1736 4648 Πνεύματος
1767 4576 1988 4647 όργανοι

2109 4576 2260 4626 ctum
2297 4566 2672 4622 sanctuarium
2695 4565 2764 4630 ⁵⁸,
2791 4562 3032 4634 Spiritus
3073 4558 3248 4615 sancti
3279 4571 3544 4628 organum
3573 4569 3703 4608 con-

395 4642 776 4751 ’παναρμόνιον
829 4642 1130 4738 καθεστώς,
1189 4670 1382 4743 Ὕμνῶ
1438 4669 1538 4742 τὴν
1567 4642 1812 4740 ψυχὴν,
1849 4642 1922 4720 έν
1969 4660 1988 4741 ξ

2112 4658 2510 4716 cinnissimum.
2554 4655 2744 4710 Laudo
2773 4654 3010 4708 animam
3044 4666 3109 4705 ac
3135 4664 3295 4715 cano,
3325 4648 3381 4702 in
3414 4661 3523 4716 qua
3553 4642 3702 4700 Patri

392 4733 698 4843 eboda‘nbev
723 4769 752 4824 ό
781 4768 993 4839 Πατὴρ,
1033 4733 1104 4837 ἢν
1148 4733 1402 4837 ᾑρέτισεν
1451 4733 1506 4816 δ’
1535 4733 1844 4831 Μονογενὴς
1869 4799 1886 4825 ,
1920 4733 1988 4829 inp

2113 4749 2467 4819 complacuit,
2489 4761 2653 4816 quam
2675 4744 2840 4816 elegit
2859 4741 3220 4812 Unigenitus;
3249 4739 3304 4792 in
3326 4753 3436 4807 qua
3461 4733 3704 4804 Spiritus

391 4825 790 4940 ¹ᾖτὺῐίνεῦιω
837 4825 1111 4928 τδηάγιον
1155 4825 1498 4928 ’θαυμαστῶς
1547 4825 1988 4908 ὲωνέπαῦσατά,

2116 4849 2342 4896 sanctus
2415 4839 2746 4894 mirabiliter
2804 4832 3098 4904 requievit.
3165 4831 3405 4886 Mentem
3476 4825 3706 4882 celebro

391 4923 628 5018 δοξάζω
679 4923 771 5006 τδν
804 4923 1146 5018 πολύφωτον,
1180 4923 1289 4999 τὸν*
1339 4943 1660 5015 πανθέωρον
1719 4941 1861 5011 (26),
1906 4941 1988 4994 τοι

2120 4934 2354 5007 fulgoris
2379 4931 2538 5003 copia
2569 4930 2814 5000 undique
2841 4926 3102 4992 lucidam,
3135 4923 3320 4977 omnia
3347 4926 3704 4975 continentem

398 5011 662 5117 οὐράνιον
682 5041 827 5097 νοῦν·
851 5041 944 5095 τὸν
957 5011 1064 5110 τῆς
1078 5035 1510 5108 ύπεραγνὼστου
1539 5011 1634 5089 καὶ
1653 5029 1988 5104 ὖπερφανοῦς

2116 5037 2284 5100 atque
2343 5027 2623 5084 calestem
2657 5041 2672 5081 :
2711 5022 2956 5078 animum
3013 5031 3182 5089 supra
3250 5029 3417 5086 quam
3479 5011 3707 5101 ίειιοιω,

486 5221 534 5254 ⁸⁸
570 5219 751 5276 lCor.
795 5233 860 5286 ιι,
909 5217 996 5275 10.
1072 5216 1120 5251 ⁸⁷
1161 5216 1344 5272 Eccle.
1392 5230 1430 5270 ιι
1458 5213 1567 5280 ,M.
1641 5211 1690 5245 ⁸⁸
1724 5211 1926 5282 Ephes.
1955 5225 1993 5274 I,
2023 5211 2104 5265 l7.

481 5401 597 5474 (25)
622 5398 1042 5474 ’Δγιόινευίιιςοη⁵
1063 5395 1476 5474 ἀγιαστήριον.
1504 5389 1668 5458 Quasi
1703 5389 1988 5474 sanctitate

2109 5400 2278 5440 voces
2305 5379 2752 5454 compositionis,
2791 5385 2850 5433 et
2880 5372 3104 5447 quidem
3126 5371 3196 5427 de
3217 5375 3427 5431 mente,
3458 5378 3557 5420 seu
3577 5363 3703 5422 anl-

2118 5471 2197 5474 ,,-_
2262 5453 2410 5474 J:-...
2474 5453 2612 5474 ιιι--
2661 5450 2719 5474 ,λ
2757 5446 3077 5474 ..-νίκη-..κη
3130 5441 3199 5474 ιιι.
3246 5435 3599 5474 nandnlghrn,
3644 5435 3698 5474 in

407 5435 738 5533 cohget‘iim
790 5484 857 5524 ac
890 5435 1242 5528 fabricatum,
1299 5435 1589 5531 ίῖίίιιῖιίίιῗιθ
2115 5435 3077 5533 ilicijajéié'finaseammeam”
3129 5441 3199 5496 de
3246 5435 3604 5533 candelabro,
3644 5435 3701 5495 in

453 5503 738 5530 υιιυιῦιιιιιι
790 5503 857 5524 «ιν
891 5503 1218 5522 ιαυιιναιιιιιι
1300 5503 1472 5518 ιυυιιιιι
1521 5503 1589 5516 νυ
1626 5503 1882 5515 υυ--νυιι-..υ
1942 5503 2009 5514 ..ν
2115 5503 2201 5511 ---ν
2260 5503 2432 5508 ν--ή-.,-
2461 5503 2609 5508 ____---

453 5542 564 5600 uod
590 5505 1328 5603 reddebam,sacrosanct’um
1359 5503 1760 5603 sanciunt-ium;
1812 5503 2008 5603 eadem
2110 5503 2229 5596 quo
2255 5524 2368 5578 sint
2398 5503 3015 5603 multm“lucern:c..'Si‘c
3040 5513 3224 5603 itaque
3256 5522 3412 5587 mens
3446 5503 3702 5603 πολύξροέ-

2112 5576 2227 5658 οἷοξ.
2257 5576 2446 5664 quasi
2465 5576 2730 5664 fundique
2784 5586 2954 5664 lucisA
2977 5576 3293 5664 fulgoribus
3323 5576 3552 5656 mirans,
3584 5581 3700 5652 tota

408 5643 594 5672 unum
647 5643 755 5674 σοι,
812 5643 1143 5670 νευιιευυυυυν
1197 5643 1415 5658 "/ku...
1473 5643 1706 5669 ,πυτ-νυν,
1767 5643 1822 5654 ν-
1855 5643 1981 5653 νη...

408 5689 508 5745 lia.
568 5681 662 5737 Sic
723 5678 949 5740 τευκτός
1013 5675 1252 5748 Hesych.
1313 5683 1371 5729 et
1433 5671 1599 5727 Suid.
1660 5685 1988 5725 κατασκευαι

2113 5643 2320 5726 lucida:
2333 5643 2610 5742 Vlline—que
2631 5643 2786 5714 iladeo
2817 5643 3159 5730 πανθέωρος,
3209 5643 3700 5748 perspicacissiml

2260 5743 2273 5748 -
2513 5730 2764 5748 --|I3~——--
2818 5739 2937 5748 ρ---υι
2972 5735 3153 5748 ,ιη-ιη...
3211 5732 3355 5748 ...ατη
3384 5732 3440 5748 ορ
3471 5730 3536 5748 οη
3570 5728 3634 5748 ,η-
3667 5727 3696 5748 η

431 5715 607 5814 :13:
611 5715 662 5736 ω
734 5715 949 5740 Μωη
1013 5715 1252 5748 ’ΜΡΝ
1314 5715 1371 5729 ν’
1434 5715 1599 5727 ww.
1661 5715 1981 5814 ":"wf
2112 5715 2938 5814 cunctaqueintelligensmum
2970 5715 3155 5778 omnia
3211 5715 3698 5776 nianifestentura

503 5803 615 5889 (Elii)
647 5821 757 5877 Τὸν
787 5816 1170 5887 εολύφωτον,
1208 5814 1314 5870 τὸν
1331 5813 1705 5880 nat-Memor.
1747 5810 1901 5867 Nota:
1922 5807 2010 5863 ha
2107 5803 2257 5861 lucc.

431 5599 594 5670 Brma
647 5619 755 5674 est,
805 5599 1143 5670 νεότευκτος,
1195 5605 1415 5658 recentis
1441 5601 1706 5674 fabrica,
1765 5608 1822 5654 et
1855 5599 2012 5653 simi-
