4094 6502
433 371 540 438 155

1645 362 1943 425 NlCET/E
1983 358 2514 422 PAPIILAGONIS

3647 355 3758 422 156

428 499 764 555 omnemque
826 482 966 540 lucis
1026 481 1380 554 splendorem
1437 480 1712 537 vincentis
1770 496 1834 535 ac
1885 479 2019 534 trinc

2129 494 2190 530 τε
2218 495 2312 530 και
2340 474 2638 547 τριφανοῦς
2664 473 2926 547 θεαρχίας
2955 474 3070 546 (27)
3094 471 3431 544 ὑψηλότατον
3457 471 3758 544 ὁμιλητὴν

429 577 668 632 lucentis
692 591 920 632 summa:
952 575 1183 630 Deitatis
1216 573 1674 629 contubernalem
1704 586 1768 627 ac
1803 583 2013 641 specta-

427 676 629 725 torem.
657 668 835 723 Tuum
863 675 1156 735 praeterea,
1181 676 1266 722 ter
1293 666 1631 729 beatissime,
1652 664 1945 736 magniﬁco
1968 671 2027 718 et

426 759 598 813 adoro
618 769 678 814 et
707 761 1045 829 complector
1073 775 1138 814 ac
1159 759 1340 813 saluto
1366 757 1623 828 Spiritum
1644 756 1712 822 ",
1740 755 1886 826 quod
1920 755 2026 809 Do—

436 850 592 904 mino
618 850 830 919 Spiritu
871 851 1078 904 atl‘atim
1125 849 1387 918 repletus,
1415 855 1581 917 atque
1611 847 1664 901 in
1697 862 1764 900 eo
1795 845 2026 917 mystice

433 950 686 1006 renatus,
715 943 1056 1012 spiritusque
1076 941 1398 1013 intelligens,
1433 949 1650 995 sanctus
1681 954 1778 1009 pro
1795 938 2024 1009 gignen-

431 1033 503 1088 tis
521 1033 884 1088 similitudine
899 1033 1076 1089 factus
1089 1035 1179 1099 δ”,
1197 1035 1251 1088 in
1273 1034 1390 1103 ipso
1405 1033 1584 1102 ipsum
1598 1029 2027 1100 supersubstan-

431 1122 619 1178 tialcm
645 1123 1256 1193 supersubstzmtialiter
1283 1120 1576 1193 agnovisti,
1607 1120 1686 1174 uti
1715 1127 1772 1174 et
1803 1118 2025 1190 agnitus

429 1229 491 1269 es
515 1216 560 1245 ⁸⁸
587 1231 601 1268 :
636 1230 721 1279 ac,
753 1231 860 1284 qua
883 1214 961 1270 illi
980 1213 1387 1269 necessitudine
1417 1213 1752 1282 conjunctus
1789 1226 1872 1276 es,
1895 1209 2025 1264 uni-

436 1319 588 1368 versa
631 1319 1042 1375 supergressus,
1089 1305 1406 1373 mundoque
1436 1303 1782 1372 superiorem
1820 1308 2026 1356 statum

429 1401 786 1458 consecutus,
813 1394 1110 1461 divinoquc
1142 1393 1374 1458 aﬂ‘atim,
1405 1392 1560 1446 nullo
1589 1391 1792 1457 medio,
1836 1391 2028 1446 fruens

428 1483 729 1553 colloquio,
780 1485 848 1538 ad
879 1485 1124 1539 divinam
1157 1496 1562 1554 paternamque
1596 1496 1844 1537 mensam
1874 1481 2030 1535 velut

428 1576 786 1632 charissimus
814 1576 958 1632 filius
987 1579 1265 1634 admissus
1289 1592 1351 1632 es
1373 1577 1466 1641 δυ’,
1484 1591 1612 1631 cum
1638 1591 1705 1629 eo
1723 1575 1816 1646 qui
1843 1577 2025 1646 primo

428 1683 666 1737 vereque
715 1678 878 1740 atque
933 1679 1131 1728 natura
1171 1670 1346 1726 Filius
1387 1667 1755 1726 charissimus
1792 1676 1898 1733 est,
1942 1683 2028 1724 re-

425 1760 693 1816 cumbens
724 1761 793 1817 “.

497 1863 576 1918 Ac
625 1862 771 1918 sicut
820 1878 918 1933 pro
964 1877 1052 1927 ea,
1091 1878 1216 1932 quae
1247 1863 1303 1917 in
1327 1863 1560 1924 mortali
1591 1864 1750 1935 prius
1784 1879 2021 1935 corpore

423 1955 737 2010 communis
777 1969 904 2010 cum
957 1953 1052 2009 illo
1099 1953 1228 2009 vita:
1266 1956 1407 2010 ratio
1449 1971 1616 2025 super
1657 1965 1858 2010 terram
1894 1955 2021 2021 fuit,

424 2062 767 2103 convescens
789 2089 806 2114 ,
839 2047 890 2102 ei
921 2047 1337 2103 contubernalis
1361 2087 1376 2113 ,
1407 2049 1674 2119 omnique
1706 2048 1870 2104 modo
1894 2065 2021 2105 cum

425 2139 520 2194 illo
572 2156 743 2211 agens
813 2155 1154 2210 versansque
1233 2155 1297 2195 ac
1361 2141 1412 2195 ei
1483 2141 1774 2207 assiduus,
1850 2141 2023 2198 subli-

426 2232 708 2302 miumque
742 2241 1083 2288 secretorum
1120 2233 1318 2303 dignus
1368 2233 1614 2300 habitus,
1676 2235 2018 2289 mirabiliqu

431 2340 661 2394 operum
689 2335 965 2395 spectator
994 2341 1421 2396 sermonumque
1451 2343 1515 2383 ac
1543 2327 1811 2384 doctrina:
1841 2328 2022 2384 ﬁdeli-

424 2417 600 2472 simus
647 2419 888 2483 auditor,
941 2418 1385 2488 probrorumque
1433 2428 1488 2474 et
1523 2421 1706 2476 crucis
1751 2437 1817 2475 ac
1874 2421 2022 2476 salu-

427 2510 631 2564 tarium
673 2511 989 2580 passionum
1017 2510 1222 2576 socius,
1257 2510 1820 2581 ressurrcctionisque
1853 2519 2020 2582 atque

425 2601 482 2656 in
507 2603 708 2657 malum
725 2603 1078 2673 receptionis,
1097 2603 1542 2672 divinissimique
1561 2603 1802 2673 Spiritus
1824 2604 1943 2675 pari
1962 2618 2025 2658 ac

424 2696 619 2751 Petrus
649 2695 1007 2765 Andreasque
1053 2711 1118 2750 ac
1142 2696 1371 2749 tonitrui
1409 2695 1534 2750 Filii
1570 2709 1801 2750 munere
1845 2695 2023 2766 parti-

421 2803 553 2858 ceps
599 2788 860 2843 exstitisti
917 2805 930 2841 :
987 2787 1068 2843 sic
1123 2802 1317 2842 rursus
1366 2795 1558 2858 postea
1626 2797 1752 2857 post
1821 2787 2019 2858 longos

423 2878 705 2950 Evangelii
741 2879 983 2946 labores,
1028 2879 1320 2948 omnisque
1372 2879 1592 2949 generis
1643 2881 1930 2950 angustias
1963 2887 2021 2946 et

420 2985 696 3025 mrumnas
721 2970 814 3035 "',
860 2978 984 3041 post
1023 2981 1172 3026 terra
1216 2971 1468 3042 marique
1514 2970 1784 3026 circuitus
1824 2986 1890 3026 ac
1936 2971 2020 3043 ja-

420 3061 713 3126 ctationes,
737 3062 1049 3118 Judaeorum
1064 3063 1500 3132 persecutiones,
1514 3063 1761 3133 gentium
1780 3063 2022 3120 insultus

2124 571 2221 623 καὶ¹
2253 568 2559 640 θεωρητὴν.
2591 567 2897 636 Μεγαλύνω
2920 583 3014 620 σου
3043 566 3181 638 πρὸς
3209 565 3442 630 τούτοις,
3479 559 3534 620 ὦ
3573 581 3753 636 τρισ-

2133 663 2563 736 μακαριώτατε,
2621 665 2718 717 καὶ
2785 661 3080 733 προσκυνῶ
3130 661 3226 715 καὶ
3283 661 3626 731 ἀσπάζομαι
3688 658 3758 713 τὸ

2126 757 2370 826 πνεῦμα,
2394 758 2477 812 ὅτι
2514 755 2610 810 τοῦ
2659 755 2866 826 Κυρίου
2891 755 3033 808 1]νεὺ
3043 771 3214 826 ματος
3241 753 3578 824 κατακόρως
3602 753 3754 806 ἁνα-

2129 849 2418 919 πλησθεὶς,
2450 849 2544 903 καὶ
2598 849 2658 902 ὲν
2692 847 2844 919 αὑτῷ
2903 847 3185 918 μυστικῶς
3226 846 3580 917 άνατεχθεὶς,
3649 845 3761 901 καὶ

2123 941 2345 1014 πνεῦμα
2391 941 2606 1011 νοερὸν
2633 941 2810 1012 ἅγιον
2865 941 3012 996 κατὰ
3061 941 3161 1013 τὴν
3189 940 3451 1012 ὁμοίωσιν
3480 940 3589 994 τοῦ
3655 956 3760 1008 γε-

2126 1038 2462 1108 γεννηκότος
2521 1035 2913 1106 γεγενημένος,
2963 1035 3022 1088 έν
3080 1034 3233 1105 αὑτῷ
3280 1033 3372 1088 τδν
3399 1031 3758 1102 ὑπερούσιον

2123 1131 2466 1201 ὑπερουσίως
2483 1127 2753 1197 ἐπέγνως,
2803 1126 2989 1191 καθὼς
3016 1125 3112 1180 καὶ
3171 1125 3530 1194 ὲπεγνὼσθης
3570 1143 3585 1156 ·
3649 1122 3757 1177 καὶ

2123 1226 2191 1295 τῇ
2221 1221 2358 1293 πρὸς
2381 1221 2544 1276 αὐτὸν
2576 1221 2898 1291 οἰκειότητι,
2929 1219 3040 1273 τῶν
3055 1220 3194 1273 ὅλων
3221 1217 3615 1290 ὑπεραναϐἀς,
3651 1216 3757 1270 καὶ

2119 1316 2223 1386 τῆς
2255 1312 2634 1385 ὑπερκοσμίου
2669 1311 3066 1376 καταστάσεως
3094 1310 3445 1381 ἀξιούμενος,
3483 1310 3588 1362 καὶ
3639 1307 3755 1378 τῆς

2123 1407 2425 1479 θεαρχικῆς
2495 1406 2715 1476 ὁμιλίας
2812 1405 3037 1476 άμέσως
3115 1403 3552 1475 ἐμφορούμενος,
3644 1401 3757 1470 τῆς

2124 1499 2466 1569 Δεσποτικῆς
2502 1497 2788 1570 τραπέζης
2817 1497 2894 1562 ὡς
2941 1497 3228 1568 ἀγαπητὸς
3264 1496 3395 1560 Υίδς
3449 1492 3756 1564 κατηξιώη

2124 1595 2225 1664 θης
2256 1597 2350 1648 καὶ
2385 1593 2684 1664 πατρικῆς,
2718 1592 2856 1662 μετὰ
2883 1591 2979 1645 τοῦ
3008 1591 3242 1658 πρώτως
3266 1589 3359 1644 καὶ
3387 1589 3560 1652 ὅντως
3597 1589 3757 1657 ἀγα-

2127 1686 2308 1759 πητοῦ
2343 1686 2439 1742 καὶ
2477 1685 2645 1756 φύσει
2677 1683 3146 1756 κατακλινόμενος
3173 1682 3328 1737 Υίοῢ.

2199 1865 2312 1920 Καὶ
2343 1863 2535 1935 ὥσπερ
2573 1861 2715 1916 κατὰ
2767 1861 2864 1933 τὴν
2891 1863 2952 1916 ὲν
3000 1861 3079 1933 τῷ
3111 1859 3294 1933 θνητῷ
3339 1858 3558 1930 σώματι
3601 1875 3753 1912 συν-

2129 1955 2482 2028 αναστροφὴν
2515 1953 2784 2026 πρότερον
2831 1955 2925 2008 ἐπὶ
2955 1957 3060 2027 γῆς
3104 1953 3550 2024 συναλιζόμενος,
3607 1969 3755 2007 συν-

2129 2047 2488 2119 διαιτώμενος
2519 2041 2659 2122 (28),
2690 2046 2784 2101 καὶ
2811 2045 2992 2100 πάντα
3015 2045 3219 2116 τρόπον
3246 2044 3549 2114 συνδιάγων
3581 2038 3752 2115 αὐτῷ

2129 2144 2224 2195 καὶ
2255 2139 2454 2208 συνὼν,
2506 2141 2742 2196 καὶτῶν
2793 2137 3020 2210 ὑψηλῶν
3059 2137 3381 2209 μυστηρίων
3429 2136 3751 2203 καταξιού-

2133 2250 2317 2303 μενος,
2349 2235 2459 2288 τῶν
2495 2234 2822 2306 Θαυμασίων
2849 2232 3031 2304 ἔργων
3077 2226 3223 2302 ἦσθα
3276 2229 3582 2302 θεωρητὴς,
3642 2227 3751 2282 καὶ

2127 2326 2239 2380 τῶν
2262 2326 2439 2396 λόγων
2468 2328 2794 2389 πιστότατος
2819 2323 3117 2396 ἀκροατὴς,
3154 2323 3249 2376 καὶ
3271 2322 3381 2376 τῶν
3401 2319 3748 2390 ὀνειδισμῶν

2129 2420 2226 2471 καὶ
2267 2419 2361 2472 τοῦ
2395 2419 2634 2492 σταυροῦ
2660 2419 2753 2474 καὶ
2779 2417 2891 2471 τῶν
2920 2416 3211 2487 σωτηρίων
3235 2415 3426 2468 παθῶν
3444 2413 3744 2480 κοινωνὸς,

2129 2511 2357 2582 καὶτῆς
2386 2511 2737 2574 ἀναστάσεως
2787 2510 2880 2563 καὶ
2925 2509 3026 2580 τῆς
3081 2506 3427 2577 ἀναλήψεως,
3488 2506 3584 2559 καὶ
3637 2501 3742 2558 τοῦ

2129 2599 2575 2671 θεαρχικωτάτου
2608 2599 2928 2670 Πνεύματος
2984 2597 3212 2669 μέτοχος
3245 2597 3337 2650 ῐσα
3368 2596 3582 2665 Πέτρου
3639 2592 3746 2646 καὶ

2141 2693 2418 2765 Ἀνδρέου,
2450 2690 2673 2745 καὶτῶν
2701 2691 2802 2762 τῆς
2849 2690 3084 2762 βροντῆς
3116 2686 3540 2759 κεχρημάτικας
3569 2683 3739 2737 υἱῶν·

2126 2786 2302 2850 οὕτως
2332 2784 2563 2856 ὕστερον
2585 2783 2750 2838 πάλιν
2791 2781 2932 2854 μετὰ
2966 2787 3092 2845 τοὺς
3119 2780 3365 2850 μακροὺς
3387 2777 3527 2846 ὑπὲρ
3547 2777 3743 2853 Ei)an

2127 2879 2312 2950 γελίου
2347 2878 2566 2944 πόνους,
2606 2875 2748 2948 μετὰ
2797 2874 2897 2939 τὰς
2948 2862 3303 2934 παντοδαπὰς
3332 2868 3573 2938 ἀγωνίας
3633 2870 3742 2923 καὶ

2125 2970 2502 3043 ταλαιπωρίας
2538 3009 2556 3036 ,
2617 2967 2758 3040 μετὰ
2782 2967 2884 3032 τὰς
2941 2966 3084 3021 κατὰ
3136 2967 3241 3035 γῆν
3299 2964 3394 3016 καὶ
3450 2961 3741 3015 Θάλασσαν

2128 3061 2415 3131 περιόδους
2443 3057 2538 3111 καὶ
2568 3056 2895 3128 περιφορὰς,
2925 3054 3025 3118 τὰς
3051 3054 3161 3106 τῶν
3199 3050 3469 3104 Ἰουδαίων
3493 3047 3739 3118 διώξεις,

421 3162 478 3207 et
498 3149 787 3220 coitiones,
807 3154 1060 3223 injurias,
1080 3155 1332 3220 verbera,
1351 3154 1758 3226 impiorumque
1779 3157 2019 3212 omnium

2134 3154 2233 3218 τὰς
2262 3151 2371 3206 τῶν
2417 3150 2590 3206 ἐθνῶν
2641 3149 3069 3212 ἐπαναστάσεις,
3125 3145 3224 3209 τὰς
3289 3142 3578 3214 ἐπηρείας,
3633 3141 3740 3204 τὰς

421 3241 694 3296 insidias:
749 3251 874 3312 post
916 3242 1160 3313 denique
1217 3257 1481 3308 crucem,
1533 3243 1656 3313 ejus
1704 3244 1878 3313 gratia
1926 3243 2024 3314 qui

423 3331 544 3402 ipse
570 3342 728 3388 actus
749 3333 806 3387 in
833 3349 1054 3387 crucem
1077 3344 1182 3399 est,
1205 3343 1364 3388 terra:
1388 3334 1612 3404 quidem
1635 3334 1690 3387 in
1717 3333 2027 3389 sanctiﬁca-

423 3425 654 3488 tionem,
683 3422 1028 3478 sanctiﬁcata
1066 3439 1300 3494 corpore
1331 3425 1619 3488 derelicto,
1643 3439 1676 3478 e
1717 3433 1865 3479 terra
1889 3439 2024 3480 vero

423 3531 549 3571 cum
583 3515 758 3587 gloria
787 3517 1109 3587 angclisque
1133 3517 1488 3587 stipantibus,
1521 3517 1720 3587 Spiritu
1749 3516 1816 3571 ad
1843 3517 2020 3572 Deum

423 3617 764 3677 assumptus,
791 3624 1041 3679 pureque
1061 3623 1186 3661 cum
1209 3609 1444 3663 Domino
1469 3617 1585 3676 tuo,
1609 3617 1664 3663 et
1687 3608 1797 3662 Deo
1823 3618 1941 3673 tuo,
1962 3615 2022 3664 et

425 3697 576 3768 Rege
613 3704 710 3752 tuo
734 3697 803 3770 (ο
861 3699 1220 3754 beatitateml
1255 3715 1289 3755 o
1339 3698 1788 3771 jucunditatem‘l
1824 3702 1842 3769 )
1891 3714 2026 3754 ver-

425 3804 575 3854 sans,
610 3789 938 3846 immortalis
968 3790 1247 3862 nullisque
1283 3790 1472 3847 verbis
1492 3790 1838 3862 eXplicabilis
1859 3790 2026 3846 clari-

2132 3244 2338 3310 αἰκίας,
2371 3243 2470 3296 καὶ
2503 3245 2688 3305 πάσας
2715 3241 2826 3296 τῶν
2861 3237 3107 3294 εὐσεϐῶν
3135 3239 3238 3304 τὰς
3267 3235 3560 3298 ἐπιϐουλάς
3586 3251 3601 3264 ·
3636 3233 3740 3290 καὶ

2135 3339 2277 3410 μετὰ
2305 3337 2399 3390 τὸν
2427 3336 2573 3408 ὑπὲρ
2618 3335 2714 3390 τοῦ
2747 3334 3172 3406 ὲσταυρωμένου
3237 3332 3489 3406 σταυρὸν,
3536 3333 3603 3402 τῇ
3661 3331 3738 3400 γῇ

2133 3431 2233 3502 μὲν
2259 3428 2530 3500 ἁγιασμδν
2558 3428 2622 3481 τὸ
2654 3427 2999 3498 ἡγιασμένον
3031 3426 3194 3498 σῶμα
3224 3425 3420 3480 λιπών·
3453 3423 3533 3495 τῷ
3562 3421 3738 3476 πνεύ-

2133 3540 2272 3594 ματι
2315 3522 2372 3576 δὲ
2413 3520 2586 3591 γῆθεν
2622 3519 2982 3590 ἀναληφθεὶς,
3039 3520 3178 3591 μετὰ
3208 3518 3366 3591 δόξης
3422 3517 3517 3572 καὶ
3564 3517 3736 3589 δορυ-

2127 3613 2325 3686 φορίας
2349 3611 2602 3682 ἀγγέλων
2660 3610 2799 3682 πρὸς
2827 3611 2920 3666 τὸν
2951 3610 3105 3678 Θεὸν,
3140 3611 3236 3664 καὶ
3273 3611 3594 3682 ἀκραιφνως
3651 3605 3736 3678 τῷ

2124 3705 2318 3778 Κυρίῳ
2344 3722 2439 3759 σου
2493 3704 2590 3759 καὶ
2638 3703 2761 3774 Θεῷ
2794 3719 2890 3756 σου
2947 3703 3044 3757 καὶ
3090 3703 3314 3756 Βασιλεῖ
3372 3719 3468 3755 σου
3505 3699 3573 3773 (ῶ
3626 3701 3732 3771 τῆς

2125 3796 2559 3870 μακαριότητοςι
2587 3795 2634 3850 ὣ
2665 3795 2766 3868 τῆς
2803 3793 3228 3868 τερπνότητοςί)
3258 3790 3730 3866 προσωμιληκῶς,

426 3881 556 3938 tatis
589 3897 836 3954 compos,
870 3891 1134 3941 aeternam
1159 3898 1283 3939 cum
1313 3883 1408 3940 illo
1441 3884 1610 3940 vitam
1644 3893 1813 3958 atque
1842 3885 2019 3942 hono-

2125 3887 2220 3959 τῆς
2251 3885 2536 3959 ἀκηράτου
2583 3886 2683 3941 καὶ
2723 3885 3011 3958 ἅφράστου
3069 3884 3229 3956 δόξης
3275 3884 3452 3953 ἐντὸς,
3503 3885 3730 3954 καὶτῆς

423 3988 542 4028 rem
575 3974 810 4046 adeptus
839 3991 901 4032 es
927 3977 994 4032 ".

488 4135 536 4168 ⁸⁸
571 4135 615 4190 ll
648 4134 775 4190 Cor.
813 4153 911 4200 ιιι,
957 4137 1043 4192 t7.
1117 4137 1185 4169 ’θ’
1214 4136 1456 4206 Sap.vu,
1487 4140 1579 4195 23.

425 4207 494 4240 °"
530 4206 654 4262 Act.
679 4223 720 4272 ι,
751 4208 805 4262 4.
881 4208 926 4240 θ’
954 4207 1114 4262 Joan.
1143 4223 1232 4272 xx,
1273 4208 1366 4262 28.

495 4345 610 4413 (27)
634 4342 649 4363 '
661 4339 1167 4413 Taepgpar‘oiigxal
1186 4338 1505 4413 τριφανοῦς
1531 4335 1830 4413 θ-εᾳρχὶας.
1844 4335 2023 4413 Ambo

423 4405 545 4469 haec
591 4405 854 4482 'opposit'a
892 4410 990 4478 τῷ,
1028 4405 1496 4482 ’ὑπεραγνῴατοω
1529 4406 1811 4482 ,Ηίιιοίιιιε
1870 4405 2011 4461 adeo

424 4486 614 4540 Deitas
641 4476 1085 4550 ὗῖπεράγνωστος,
1111 4476 1497 4550 occultissima
1528 4476 2009 4550 ignotissimaque,

426 4554 576 4625 quod
612 4544 1112 4626 exim—ia'trinaque
1151 4549 1406 4626 claritate
1433 4563 1500 4602 ac
1546 4544 1866 4626 splendore,
1897 4544 2013 4626 vim

425 4615 648 4679 omnem
673 4622 990 4678 intellectus
1021 4615 1192 4674 creati
1245 4626 1488 4688 superat,
1522 4631 1628 4688 nec
1681 4615 1847 4688 aliter
1868 4615 2015 4688 quid

424 4703 510 4750 est
537 4694 665 4749 sciri
689 4700 892 4762 potest,
945 4706 1110 4762 quam
1147 4685 1371 4762 invipso
1417 4685 1817 4762 ejus_lumine_,
1849 4685 2017 4742 dante

427 4765 602 4832 ipsam
635 4755 947 4835 potentiam
961 4755 1185 4835 videndi
1215 4755 1388 4815 Deum
1420 4755 1914 4835 q'u_asi_l‘ormalem,
1947 4771 2016 4811 ac

423 4827 758 4897 elevanfcm,
803 4832 953 4901 quod
995 4831 1054 4886 in
1085 4838 1340 4886 creatura
1385 4827 1630 4884 radicale
1669 4827 1912 4883 activum
1949 4841 2017 4883 ac

424 4904 590 4959 vitale
618 4911 722 4958 est.

501 4974 614 5044 (28)
643 4971 1145 5044 Συνᾳλιζόμενος,
1194 4966 1726 5044 συνδιαιτώμετ-ος.
1760 4966 2007 5044 Alteram

425 5037 604 5100 altera
629 5058 764 5099 voce
787 5037 1008 5098 Nicetas
1028 5043 1249 5097 videtur
1276 5037 1576 5109 exponere.
1602 5037 1849 5108 Utraque
1863 5039 2013 5094 enim

358 5108 376 5122 ⁸
424 5125 484 5170 et
505 5113 992 5185 congregationem
1042 5128 1142 5167 seu
1193 5108 1648 5173 contubernium,
1696 5123 1765 5163 ac
1821 5110 2018 5185 convi-

427 5193 578 5239 ctum
613 5178 1077 5251 communemque
1109 5196 1356 5236 mensam
1383 5187 1564 5243 sonat,
1601 5178 1879 5251 quomodo
1911 5195 2012 5234 ve-

427 5264 519 5309 tus
551 5255 788 5324 interpr.
825 5249 1154 5316 convescens,
1198 5251 1426 5324 fereture
1477 5251 1690 5324 Patres,
1722 5249 2011 5324 Chrysost.

427 5325 495 5380 ad
518 5341 644 5380 eum
680 5319 887 5388 locum,
915 5333 974 5378 et
1008 5332 1132 5393 post
1158 5337 1286 5393 eum
1336 5319 1670 5391 TheOphyl.,
1691 5319 2014 5393 συνηυλίξε-

426 5411 509 5452 το.
538 5395 786 5449 τουτέστι
809 5435 822 5457 ,
857 5389 1131 5447 κοινωνῶν
1162 5391 1309 5446 ἁλῶν
1347 5393 1444 5444 καὶ
1483 5389 1754 5444 κοινωνῶν
1802 5389 2015 5461 τραπέ-

429 5468 552 5532 ζης,
567 5465 832 5518 communi
859 5463 974 5518 sale
999 5472 1048 5517 et
1072 5479 1254 5517 mensa
1278 5479 1398 5516 cum
1422 5463 1494 5514 eis
1520 5468 1673 5514 utens
1697 5475 1715 5513 :
1745 5468 2014 5528 utnempe

429 5551 525 5606 per
541 5536 792 5606 _eﬂ'ectum
813 5536 1162 5606 cornestionis,
1181 5534 1374 5587 veritas
1392 5533 1926 5606 _patescer_et_carnis,
1948 5540 2010 5585 ut

429 5600 692 5673 aitGreg.
728 5605 782 5658 in
831 5605 979 5657 hom.
1033 5604 1232 5672 Sicque
1276 5600 1477 5672 saepius
1505 5600 1651 5671 apud
1698 5600 2014 5673 Lucamiet

428 5672 589 5727 Joan.
624 5672 723 5741 per
771 5674 1169 5728 comestioncm
1204 5673 1596 5743 comprobasse
1643 5672 2011 5743 resurrectio-

429 5755 560 5812 nem
581 5740 736 5812 suam
765 5744 1056 5812 Dominum
1088 5740 1352 5812 legimus}
1379 5741 1587 5812 Hieron
1605 5740 1672 5795 ad
1721 5740 2012 5812 Hedibiam

433 5809 753 5884 'J.llcsych.
799 5810 855 5867 in
887 5813 1061 5867 chit.
1113 5809 1233 5880 vin,
1287 5822 1394 5869 etc.
1451 5811 1757 5882 Meritoque
1809 5811 2010 5882 Zuger,

1671 4138 1717 4172 '°
1736 4137 1759 4194 Ι
1778 4136 1907 4194 Cor.
1952 4153 2076 4204 xm,
2101 4137 2188 4192 12.

2116 5680 2178 5726 ut
2210 5671 2317 5726 sibi

2114 5751 2382 5811 grammat

2121 3977 2344 4034 αἰωνίου
2392 3977 2515 4050 μετ’
2561 3977 2731 4032 αὐτοῦ
2779 3976 3134 4049 κατηξιώθης
3178 3976 3327 4049 ζωῆς
3379 3976 3479 4032 καὶ
3533 3977 3727 4050 τιμῆς.

2283 4137 2355 4170 ω’
2397 4135 2536 4193 Luc.
2578 4135 2828 4205 xxn,50.
2912 4135 2958 4170 “
2988 4135 3180 4193 Matth.
3229 4151 3313 4203 ιιι,
3354 4135 3459 4205 17;
3514 4135 3726 4203 xvn,5.

2126 4338 2331 4416 multis
2352 4340 2588 4416 fratrum
2619 4344 2726 4401 hac
2759 4352 2917 4416 parte
2949 4343 3280 4416 modestior,
3319 4361 3548 4416 quorum
3574 4347 3723 4406 nobis

2125 4412 2440 4487 auctoritas,
2487 4413 2689 4487 inquit,
2738 4412 2908 4487 pluris
2939 4432 3050 4471 esse
3081 4415 3231 4487 debet
3260 4412 3421 4486 quem
3464 4420 3721 4474 recentia.

2039 4511 2093 4571 Β
2120 4495 2273 4571 ruri}:
2286 4482 2768 4571 lirasmiscilicet,
2792 4485 2994 4551 Grotii,
3019 4494 3131 4571 etc.
3167 4482 3506 4571 Sic-quoque
3545 4489 3722 4544 inter-

2119 4558 2308 4630 pretes
2337 4552 2572 4622 Syriac.,
2639 4572 2865 4630 cumque
2893 4557 3202 4630 comedisset
3234 4552 3354 4610 cuin
3394 4552 3466 4630 eis
3493 4575 3719 4630 panem,

2120 4617 2395 4701 @tbiopJ
2425 4631 2474 4676 et
2500 4617 2906 4701 prouidens'cum
2935 4629 3029 4701 eis.
3067 4626 3273 4682 Durius
3293 4627 3461 4681 Arab.
3493 4617 3603 4683 nec
3631 4617 3715 4687 sa:

2121 4695 2193 4769 tis
2217 4702 2507 4761 perspecta
2538 4695 2590 4748 vi
2625 4696 2828 4769 ωηερε
2851 4697 3031 4769 vocis,
3069 4713 3189 4769 cum
3214 4714 3271 4769 se
3326 4710 3719 4769 congregasset.

2123 4758 2270 4842 Sane
2315 4758 2444 4842 eum
2474 4779 2639 4820 voces
2688 4767 2857 4842 rebus
2891 4758 3103 4842 servire
3142 4768 3402 4842 debeant,
3425 4758 3720 4842 "possitque

2138 4830 2232 4910 illa
2261 4847 2368 4886 vox
2385 4832 2457 4888 de
2489 4837 2772 4910 communi
2803 4852 2903 4892 usu
2938 4837 3046 4910 sibi
3078 4847 3136 4892 et
3153 4830 3595 4910 protusintélligi,
3617 4830 3720 4910 qui

2123 4900 2243 4983 fere
2272 4917 2461 4958 comes
2488 4907 2771 4983 es_set_ejus
2791 4907 2960 4983 quasi
3007 4900 3362 4983 contubernii
3411 4900 3558 4983 quod
3582 4900 3722 4967 ’D'o-

2120 4975 2307 5026 minus
2331 4987 2460 5049 cum
2483 4975 2600 5049 suis
2642 4975 2885 5049 habebat
2917 4993 3018 5049 per
3043 4977 3163 5032 dies
3202 4975 3565 5049 quadraginta
3601 4996 3718 5038 sua:

2117 5043 2572 5108 resurrectionis,
2605 5047 2842 5102 subinde
2873 5043 2983 5118 illis
3005 5043 3299 5118 apparens,
3328 5065 3394 5104 ae
3410 5043 3495 5104 vel
3521 5050 3575 5104 in
3590 5065 3712 5106 eam

2119 5127 2236 5189 rem
2271 5127 2369 5169 eos
2396 5129 2766 5189 congregans,
2795 5118 2881 5172 vel
2924 5117 3037 5189 illis
3067 5117 3415 5189 congregatis
3443 5135 3573 5176 sese
3618 5121 3711 5176 in-

2116 5180 2324 5247 ferens,
2350 5193 2411 5239 ut
2437 5180 2641 5255 saepqu
2665 5187 2974 5260 legimusin
2999 5180 3719 5260 merisEv'angeliis(maxi-

2123 5267 2348 5328 pioque
2373 5267 2701 5328 argumento
2728 5267 2848 5312 erat
2869 5258 2991 5328 ejus
3019 5258 3300 5328 suscitata:
3332 5258 3540 5324 carnis,
3573 5270 3715 5318 utet

2115 5320 2316 5394 Petrus
2337 5324 2390 5378 id
2410 5320 2757 5394 potissimum
2790 5320 3175 5385 attu'leritAct.
3197 5345 3251 5393 x,
3279 5331 3342 5385 41
3376 5347 3391 5388 z
3422 5320 3573 5386 Dedit
3594 5349 3716 5386 eum

2117 5393 2458 5468 manifestum
2505 5394 2644 5462 ﬁeri,
2678 5397 2892 5452 testibus
2919 5399 3294 5468 prwordinatis
3320 5419 3353 5454 a
3385 5400 3528 5466 Deo;
3565 5404 3713 5457 nobis

2115 5464 2208 5531 qui
2253 5465 2695 5542 manducavimus
2725 5477 2789 5542 _et
2823 5464 3043 5542 bibimus
3098 5486 3217 5523 cum
3249 5470 3368 5537 illo,
3425 5464 3709 5542 postquam

2120 5535 2411 5611 resurrexit
2435 5536 2769 5611 emortuis),
2807 5539 3014 5611 optime
3035 5548 3252 5611 veteres
3279 5535 3362 5595 sic
3416 5535 3705 5611 expreSSe-

2124 5609 2329 5680 runt_e_t
2354 5603 2751 5680 reddiderunt;
2769 5623 2799 5662 a
2824 5603 3028 5680 quibus
3059 5610 3254 5680 religio
3280 5620 3365 5665 est
3393 5603 3707 5679 discedere,

2382 5674 2664 5798 placentes
2713 5674 2889 5734 Graeci
2943 5674 3222 5734 sermonis
3282 5681 3482 5748 peritia
3519 5674 3708 5755 aliqua

2407 5759 2502 5798 cos
2530 5759 2830 5798 sequamur
2861 5749 3038 5798 matris
3061 5766 3225 5798 nuam
3267 5751 3575 5798 theolmms-

2407 5759 2502 5802 cos
2530 5759 2830 5818 sequamur
2861 5749 3038 5821 magis
3061 5766 3226 5821 quam
3267 5751 3576 5824 theologos.
