  <div class='ocr_page' id='page_1' title='image "/cluster/home/n/w/nwhite01/storage/ocr_20150623/105/coo.31924054870096/092.png"; bbox 0 0 4094 6478; ppageno 0'>
   <div class='ocr_carea' id='block_1_1' title="bbox 450 443 558 514">
    <p class='ocr_par' dir='ltr' id='par_1_1' title="bbox 450 443 558 514">
     <span class='ocr_line' id='line_1_1' title="bbox 450 443 558 514; baseline -0.046 0"><span class='ocrx_word' id='word_1_1' title='bbox 450 443 558 514; x_wconf 75' lang='grc'><strong>157</strong></span> 
     </span>
    </p>
   </div>
   <div class='ocr_carea' id='block_1_2' title="bbox 1190 447 2994 520">
    <p class='ocr_par' dir='ltr' id='par_1_2' title="bbox 1190 447 2994 520">
     <span class='ocr_line' id='line_1_2' title="bbox 1190 447 2994 520; baseline 0.005 -10"><span class='ocrx_word' id='word_1_2' title='bbox 1190 447 1476 510; x_wconf 77' lang='lat' dir='ltr'><strong>ORATIO</strong></span> <span class='ocrx_word' id='word_1_3' title='bbox 1512 450 1680 514; x_wconf 87' lang='lat' dir='ltr'><strong>VIII.</strong></span> <span class='ocrx_word' id='word_1_4' title='bbox 1709 477 1778 489; x_wconf 84' lang='grc'><strong>--</strong></span> <span class='ocrx_word' id='word_1_5' title='bbox 1807 451 1891 514; x_wconf 88' lang='grc' dir='ltr'>ΙΝ</span> <span class='ocrx_word' id='word_1_6' title='bbox 1929 455 2245 517; x_wconf 81' lang='lat' dir='ltr'><strong>LAUDEM</strong></span> <span class='ocrx_word' id='word_1_7' title='bbox 2281 459 2340 520; x_wconf 91' lang='lat' dir='ltr'><strong>S.</strong></span> <span class='ocrx_word' id='word_1_8' title='bbox 2377 454 2637 519; x_wconf 78' lang='lat' dir='ltr'><strong>JACOBI</strong></span> <span class='ocrx_word' id='word_1_9' title='bbox 2674 456 2994 519; x_wconf 69' lang='lat' dir='ltr'><strong>ALPHEI.</strong></span> 
     </span>
    </p>
   </div>
   <div class='ocr_carea' id='block_1_3' title="bbox 3646 457 3750 523">
    <p class='ocr_par' dir='ltr' id='par_1_3' title="bbox 3646 457 3750 523">
     <span class='ocr_line' id='line_1_3' title="bbox 3646 457 3750 523; baseline 0.038 -4"><span class='ocrx_word' id='word_1_10' title='bbox 3646 457 3750 523; x_wconf 76' lang='grc'><strong>158</strong></span> 
     </span>
    </p>
   </div>
   <div class='ocr_carea' id='block_1_4' title="bbox 537 557 2043 645">
    <p class='ocr_par' dir='ltr' id='par_1_4' title="bbox 537 557 2043 636">
     <span class='ocr_line' id='line_1_4' title="bbox 537 557 2043 636; baseline 0.007 -24"><span class='ocrx_word' id='word_1_11' title='bbox 537 559 701 614; x_wconf 79' lang='grc' dir='ltr'><strong>Ἀλλά</strong></span> <span class='ocrx_word' id='word_1_12' title='bbox 719 557 831 631; x_wconf 87' lang='grc' dir='ltr'><strong>γάρ</strong></span> <span class='ocrx_word' id='word_1_13' title='bbox 858 558 1053 617; x_wconf 70' lang='grc' dir='ltr'><strong>ἔλαθεν</strong></span> <span class='ocrx_word' id='word_1_14' title='bbox 1077 562 1109 617; x_wconf 86' lang='grc' dir='ltr'><strong>ό</strong></span> <span class='ocrx_word' id='word_1_15' title='bbox 1135 560 1319 632; x_wconf 85' lang='grc' dir='ltr'><strong>λόγος,</strong></span> <span class='ocrx_word' id='word_1_16' title='bbox 1347 563 1538 636; x_wconf 83' lang='grc' dir='ltr'><strong>ῶσπερ</strong></span> <span class='ocrx_word' id='word_1_17' title='bbox 1562 565 1730 631; x_wconf 80' lang='grc' dir='ltr'><strong>ἵππος</strong></span> <span class='ocrx_word' id='word_1_18' title='bbox 1762 567 2043 633; x_wconf 81' lang='grc' dir='ltr'><strong>ὠκύτατος</strong></span> 
     </span>
    </p>
   </div>
   <div class='ocr_carea' id='block_1_5' title="bbox 2152 557 3736 645">
    <p class='ocr_par' dir='ltr' id='par_1_5' title="bbox 2219 571 3736 645">
     <span class='ocr_line' id='line_1_5' title="bbox 2219 571 3736 645; baseline 0.004 -19"><span class='ocrx_word' id='word_1_19' title='bbox 2219 572 2519 627; x_wconf 84' lang='lat' dir='ltr'><strong>Enimvero</strong></span> <span class='ocrx_word' id='word_1_20' title='bbox 2569 572 2700 642; x_wconf 82' lang='lat' dir='ltr'><strong>equi</strong></span> <span class='ocrx_word' id='word_1_21' title='bbox 2755 571 2929 628; x_wconf 90' lang='lat' dir='ltr'><strong>instar</strong></span> <span class='ocrx_word' id='word_1_22' title='bbox 2978 571 3354 643; x_wconf 78' lang='lat' dir='ltr'><strong>pernicissimi</strong></span> <span class='ocrx_word' id='word_1_23' title='bbox 3409 573 3736 645; x_wconf 79' lang='lat' dir='ltr'><strong>imprudens</strong></span> 
     </span>
    </p>
   </div>
   <div class='ocr_carea' id='block_1_6' title="bbox 461 651 2045 730">
    <p class='ocr_par' dir='ltr' id='par_1_6' title="bbox 461 651 2045 730">
     <span class='ocr_line' id='line_1_6' title="bbox 461 651 2045 730; baseline 0.006 -24"><span class='ocrx_word' id='word_1_24' title='bbox 461 653 549 707; x_wconf 77' lang='grc' dir='ltr'><strong>τὸν</strong></span> <span class='ocrx_word' id='word_1_25' title='bbox 579 651 862 722; x_wconf 87' lang='grc' dir='ltr'><strong>ἀναϐάτην</strong></span> <span class='ocrx_word' id='word_1_26' title='bbox 891 653 1260 726; x_wconf 85' lang='grc' dir='ltr'><strong>συνηρπακώς</strong></span> <span class='ocrx_word' id='word_1_27' title='bbox 1291 671 1307 687; x_wconf 79' lang='grc' dir='ltr'><strong>ο</strong></span> <span class='ocrx_word' id='word_1_28' title='bbox 1339 657 1434 711; x_wconf 78' lang='grc' dir='ltr'><strong>καὶ</strong></span> <span class='ocrx_word' id='word_1_29' title='bbox 1483 657 1594 728; x_wconf 77' lang='grc' dir='ltr'><strong>πρὸ</strong></span> <span class='ocrx_word' id='word_1_30' title='bbox 1642 658 1754 713; x_wconf 88' lang='grc' dir='ltr'><strong>τῶν</strong></span> <span class='ocrx_word' id='word_1_31' title='bbox 1817 660 2045 730; x_wconf 76' lang='grc' dir='ltr'><strong>ἀγώνιον</strong></span> 
     </span>
    </p>
   </div>
   <div class='ocr_carea' id='block_1_7' title="bbox 453 745 2052 824">
    <p class='ocr_par' dir='ltr' id='par_1_7' title="bbox 453 745 2052 824">
     <span class='ocr_line' id='line_1_7' title="bbox 453 745 2052 824; baseline 0.003 -24"><span class='ocrx_word' id='word_1_32' title='bbox 453 745 818 816; x_wconf 77' lang='grc' dir='ltr'><strong>ὑπαγορεύων</strong></span> <span class='ocrx_word' id='word_1_33' title='bbox 853 745 982 809; x_wconf 81' lang='grc' dir='ltr'><strong>τοὺς</strong></span> <span class='ocrx_word' id='word_1_34' title='bbox 1037 747 1359 818; x_wconf 83' lang='grc' dir='ltr'><strong>στεφάνους.</strong></span> <span class='ocrx_word' id='word_1_35' title='bbox 1398 747 1562 802; x_wconf 61' lang='lat' dir='ltr'><strong>una</strong></span> <span class='ocrx_word' id='word_1_36' title='bbox 1615 748 1692 818; x_wconf 84' lang='grc' dir='ltr'><strong>μὴ</strong></span> <span class='ocrx_word' id='word_1_37' title='bbox 1729 749 2052 824; x_wconf 76' lang='grc' dir='ltr'><strong>θαυμάσητε</strong></span> 
     </span>
    </p>
   </div>
   <div class='ocr_carea' id='block_1_8' title="bbox 449 834 2051 914">
    <p class='ocr_par' dir='ltr' id='par_1_8' title="bbox 449 834 2051 914">
     <span class='ocr_line' id='line_1_8' title="bbox 449 834 2051 914; baseline -0.007 -6"><span class='ocrx_word' id='word_1_38' title='bbox 449 837 552 906; x_wconf 74' lang='grc' dir='ltr'><strong>τῆς</strong></span> <span class='ocrx_word' id='word_1_39' title='bbox 571 834 900 906; x_wconf 71' lang='grc' dir='ltr'><strong>ταχύτητος.</strong></span> <span class='ocrx_word' id='word_1_40' title='bbox 916 837 1132 907; x_wconf 79' lang='grc' dir='ltr'><strong>Τρόπον</strong></span> <span class='ocrx_word' id='word_1_41' title='bbox 1159 837 1270 907; x_wconf 81' lang='grc' dir='ltr'><strong>γὰρ</strong></span> <span class='ocrx_word' id='word_1_42' title='bbox 1287 838 1581 911; x_wconf 80' lang='grc' dir='ltr'><strong>ἀστραπῆς</strong></span> <span class='ocrx_word' id='word_1_43' title='bbox 1596 840 1831 905; x_wconf 77' lang='grc' dir='ltr'><strong>ἐξάπινα</strong></span> <span class='ocrx_word' id='word_1_44' title='bbox 1843 841 1942 914; x_wconf 80' lang='grc' dir='ltr'><strong>τὴν</strong></span> <span class='ocrx_word' id='word_1_45' title='bbox 1967 845 2051 897; x_wconf 79' lang='lat' dir='ltr'><strong>ol-</strong></span> 
     </span>
    </p>
   </div>
   <div class='ocr_carea' id='block_1_9' title="bbox 451 928 2052 1006">
    <p class='ocr_par' dir='ltr' id='par_1_9' title="bbox 451 928 2052 1006">
     <span class='ocr_line' id='line_1_9' title="bbox 451 928 2052 1006; baseline 0.007 -26"><span class='ocrx_word' id='word_1_46' title='bbox 451 945 554 980; x_wconf 87' lang='grc' dir='ltr'><strong>κου</strong></span> <span class='ocrx_word' id='word_1_47' title='bbox 563 928 733 998; x_wconf 79' lang='grc' dir='ltr'><strong>μένην</strong></span> <span class='ocrx_word' id='word_1_48' title='bbox 762 929 1239 1001; x_wconf 77' lang='grc' dir='ltr'><strong>περιαυγαζούσης</strong></span> <span class='ocrx_word' id='word_1_49' title='bbox 1257 931 1410 1002; x_wconf 80' lang='grc' dir='ltr'><strong>ὃλην,</strong></span> <span class='ocrx_word' id='word_1_50' title='bbox 1426 933 1677 1006; x_wconf 76' lang='grc' dir='ltr'><strong>καὶπρὸς</strong></span> <span class='ocrx_word' id='word_1_51' title='bbox 1704 935 1906 1006; x_wconf 73' lang='grc' dir='ltr'><strong>ἑαυτὴν</strong></span> <span class='ocrx_word' id='word_1_52' title='bbox 1927 935 2052 991; x_wconf 80' lang='grc' dir='ltr'><strong>θᾶτ-</strong></span> 
     </span>
    </p>
   </div>
   <div class='ocr_carea' id='block_1_10' title="bbox 447 1020 2052 1101">
    <p class='ocr_par' dir='ltr' id='par_1_10' title="bbox 447 1020 2052 1101">
     <span class='ocr_line' id='line_1_10' title="bbox 447 1020 2052 1101; baseline 0.007 -29"><span class='ocrx_word' id='word_1_53' title='bbox 447 1036 547 1072; x_wconf 68' lang='grc' dir='ltr'><strong>τον</strong></span> <span class='ocrx_word' id='word_1_54' title='bbox 567 1020 1036 1092; x_wconf 86' lang='grc' dir='ltr'><strong>ἀνακαμπτούσης</strong></span> <span class='ocrx_word' id='word_1_55' title='bbox 1051 1021 1232 1090; x_wconf 80' lang='grc' dir='ltr'><strong>λόγου,</strong></span> <span class='ocrx_word' id='word_1_56' title='bbox 1253 1022 1429 1088; x_wconf 78' lang='grc' dir='ltr'><strong>οὕτως</strong></span> <span class='ocrx_word' id='word_1_57' title='bbox 1443 1025 1478 1096; x_wconf 78' lang='grc' dir='ltr'><strong>ἡ</strong></span> <span class='ocrx_word' id='word_1_58' title='bbox 1509 1025 1842 1098; x_wconf 78' lang='grc' dir='ltr'><strong>ἀποστολικὴ</strong></span> <span class='ocrx_word' id='word_1_59' title='bbox 1868 1027 2052 1101; x_wconf 79' lang='grc' dir='ltr'><strong>χάρις,</strong></span> 
     </span>
    </p>
   </div>
   <div class='ocr_carea' id='block_1_11' title="bbox 451 1111 2053 1191">
    <p class='ocr_par' dir='ltr' id='par_1_11' title="bbox 451 1111 2053 1191">
     <span class='ocr_line' id='line_1_11' title="bbox 451 1111 2053 1191; baseline 0.007 -27"><span class='ocrx_word' id='word_1_60' title='bbox 451 1111 675 1182; x_wconf 84' lang='grc' dir='ltr'><strong>ἀθρόως</strong></span> <span class='ocrx_word' id='word_1_61' title='bbox 694 1113 795 1178; x_wconf 88' lang='grc' dir='ltr'><strong>τάς</strong></span> <span class='ocrx_word' id='word_1_62' title='bbox 818 1112 929 1168; x_wconf 91' lang='grc' dir='ltr'><strong>τῶν</strong></span> <span class='ocrx_word' id='word_1_63' title='bbox 957 1112 1129 1168; x_wconf 87' lang='grc' dir='ltr'><strong>ἐθνῶν</strong></span> <span class='ocrx_word' id='word_1_64' title='bbox 1170 1115 1402 1186; x_wconf 82' lang='grc' dir='ltr'><strong>καρδίας</strong></span> <span class='ocrx_word' id='word_1_65' title='bbox 1456 1118 1907 1191; x_wconf 79' lang='grc' dir='ltr'><strong>περιλάμπουσα,</strong></span> <span class='ocrx_word' id='word_1_66' title='bbox 1953 1123 2053 1176; x_wconf 77' lang='grc' dir='ltr'><strong>καὶ</strong></span> 
     </span>
    </p>
   </div>
   <div class='ocr_carea' id='block_1_12' title="bbox 451 1203 2053 1284">
    <p class='ocr_par' dir='ltr' id='par_1_12' title="bbox 451 1203 2053 1284">
     <span class='ocr_line' id='line_1_12' title="bbox 451 1203 2053 1284; baseline 0.006 -26"><span class='ocrx_word' id='word_1_67' title='bbox 451 1203 708 1276; x_wconf 83' lang='grc' dir='ltr'><strong>ἀχρόνως</strong></span> <span class='ocrx_word' id='word_1_68' title='bbox 736 1205 837 1277; x_wconf 80' lang='grc' dir='ltr'><strong>τὴν</strong></span> <span class='ocrx_word' id='word_1_69' title='bbox 861 1206 1033 1276; x_wconf 80' lang='grc' dir='ltr'><strong>αὐτῆς</strong></span> <span class='ocrx_word' id='word_1_70' title='bbox 1051 1205 1288 1279; x_wconf 88' lang='grc' dir='ltr'><strong>δύναμιν</strong></span> <span class='ocrx_word' id='word_1_71' title='bbox 1315 1210 1822 1280; x_wconf 82' lang='grc' dir='ltr'><strong>ἀπαστράπτουσα,</strong></span> <span class='ocrx_word' id='word_1_72' title='bbox 1849 1213 2053 1284; x_wconf 81' lang='grc' dir='ltr'><strong>τρόπον</strong></span> 
     </span>
    </p>
   </div>
   <div class='ocr_carea' id='block_1_13' title="bbox 449 1293 2054 1377">
    <p class='ocr_par' dir='ltr' id='par_1_13' title="bbox 449 1293 2054 1377">
     <span class='ocr_line' id='line_1_13' title="bbox 449 1293 2054 1377; baseline 0.007 -29"><span class='ocrx_word' id='word_1_73' title='bbox 449 1293 581 1349; x_wconf 82' lang='grc' dir='ltr'><strong>τινὰ</strong></span> <span class='ocrx_word' id='word_1_74' title='bbox 624 1296 827 1368; x_wconf 74' lang='grc' dir='ltr'><strong>ἑαυτῆς</strong></span> <span class='ocrx_word' id='word_1_75' title='bbox 877 1315 938 1352; x_wconf 84' lang='grc' dir='ltr'><strong>τε</strong></span> <span class='ocrx_word' id='word_1_76' title='bbox 974 1299 1081 1365; x_wconf 77' lang='grc' dir='ltr'><strong>ἔξω</strong></span> <span class='ocrx_word' id='word_1_77' title='bbox 1112 1298 1364 1368; x_wconf 86' lang='grc' dir='ltr'><strong>γίνεται,</strong></span> <span class='ocrx_word' id='word_1_78' title='bbox 1410 1305 1507 1356; x_wconf 76' lang='grc' dir='ltr'><strong>καὶ</strong></span> <span class='ocrx_word' id='word_1_79' title='bbox 1535 1305 1616 1367; x_wconf 85' lang='grc' dir='ltr'><strong>είς</strong></span> <span class='ocrx_word' id='word_1_80' title='bbox 1668 1303 1868 1377; x_wconf 79' lang='grc' dir='ltr'><strong>ἑαυτὴν</strong></span> <span class='ocrx_word' id='word_1_81' title='bbox 1897 1302 2054 1370; x_wconf 79' lang='grc' dir='ltr'><strong>αὖθις</strong></span> 
     </span>
    </p>
   </div>
   <div class='ocr_carea' id='block_1_14' title="bbox 453 1385 2053 1469">
    <p class='ocr_par' dir='ltr' id='par_1_14' title="bbox 453 1385 2053 1469">
     <span class='ocr_line' id='line_1_14' title="bbox 453 1385 2053 1469; baseline 0.008 -29"><span class='ocrx_word' id='word_1_82' title='bbox 453 1385 788 1442; x_wconf 84' lang='grc' dir='ltr'><strong>ἀνακύπτει.</strong></span> <span class='ocrx_word' id='word_1_83' title='bbox 841 1387 1043 1453; x_wconf 82' lang='grc' dir='ltr'><strong>Καθὼς</strong></span> <span class='ocrx_word' id='word_1_84' title='bbox 1070 1390 1166 1469; x_wconf 64' lang='grc' dir='ltr'><strong>οὖν</strong></span> <span class='ocrx_word' id='word_1_85' title='bbox 1195 1387 1308 1456; x_wconf 76' lang='grc' dir='ltr'><strong>οἷός</strong></span> <span class='ocrx_word' id='word_1_86' title='bbox 1336 1392 1397 1446; x_wconf 80' lang='grc' dir='ltr'><strong>τέ</strong></span> <span class='ocrx_word' id='word_1_87' title='bbox 1421 1393 1563 1460; x_wconf 79' lang='grc' dir='ltr'><strong>ἐστι,</strong></span> <span class='ocrx_word' id='word_1_88' title='bbox 1594 1395 1690 1448; x_wconf 74' lang='grc' dir='ltr'><strong>καὶ</strong></span> <span class='ocrx_word' id='word_1_89' title='bbox 1713 1395 1742 1448; x_wconf 90' lang='grc' dir='ltr'><strong>ό</strong></span> <span class='ocrx_word' id='word_1_90' title='bbox 1773 1397 1901 1467; x_wconf 76' lang='grc' dir='ltr'><strong>περὶ</strong></span> <span class='ocrx_word' id='word_1_91' title='bbox 1943 1397 2053 1452; x_wconf 90' lang='grc' dir='ltr'><strong>τῶν</strong></span> 
     </span>
    </p>
   </div>
   <div class='ocr_carea' id='block_1_15' title="bbox 457 1476 2048 1560">
    <p class='ocr_par' dir='ltr' id='par_1_15' title="bbox 457 1476 2048 1560">
     <span class='ocr_line' id='line_1_15' title="bbox 457 1476 2048 1560; baseline 0.008 -31"><span class='ocrx_word' id='word_1_92' title='bbox 457 1476 626 1531; x_wconf 81' lang='grc' dir='ltr'><strong>θείων</strong></span> <span class='ocrx_word' id='word_1_93' title='bbox 655 1477 834 1546; x_wconf 87' lang='grc' dir='ltr'><strong>λόγος,</strong></span> <span class='ocrx_word' id='word_1_94' title='bbox 876 1482 944 1551; x_wconf 72' lang='grc' dir='ltr'><strong>τῇ</strong></span> <span class='ocrx_word' id='word_1_95' title='bbox 978 1481 1091 1536; x_wconf 91' lang='grc' dir='ltr'><strong>τῶν</strong></span> <span class='ocrx_word' id='word_1_96' title='bbox 1139 1481 1497 1554; x_wconf 80' lang='grc' dir='ltr'><strong>ὑμνουμένων</strong></span> <span class='ocrx_word' id='word_1_97' title='bbox 1523 1485 1619 1539; x_wconf 85' lang='grc' dir='ltr'><strong>ὑπ’</strong></span> <span class='ocrx_word' id='word_1_98' title='bbox 1662 1486 1832 1541; x_wconf 84' lang='grc' dir='ltr'><strong>αὑτοῦ</strong></span> <span class='ocrx_word' id='word_1_99' title='bbox 1869 1505 2048 1560; x_wconf 86' lang='grc' dir='ltr'><strong>πραγ-</strong></span> 
     </span>
    </p>
   </div>
   <div class='ocr_carea' id='block_1_16' title="bbox 459 1568 2054 1651">
    <p class='ocr_par' dir='ltr' id='par_1_16' title="bbox 459 1568 2054 1651">
     <span class='ocr_line' id='line_1_16' title="bbox 459 1568 2054 1651; baseline 0.008 -30"><span class='ocrx_word' id='word_1_100' title='bbox 459 1568 652 1639; x_wconf 88' lang='grc' dir='ltr'><strong>μάτων</strong></span> <span class='ocrx_word' id='word_1_101' title='bbox 680 1569 1062 1640; x_wconf 76' lang='grc' dir='ltr'><strong>ἐξομοιοῦσθαι</strong></span> <span class='ocrx_word' id='word_1_102' title='bbox 1087 1573 1405 1646; x_wconf 86' lang='grc' dir='ltr'><strong>γοργότητι,</strong></span> <span class='ocrx_word' id='word_1_103' title='bbox 1433 1577 1552 1646; x_wconf 70' lang='grc' dir='ltr'><strong>ἦτοι</strong></span> <span class='ocrx_word' id='word_1_104' title='bbox 1590 1576 1830 1649; x_wconf 84' lang='grc' dir='ltr'><strong>θειότητι</strong></span> <span class='ocrx_word' id='word_1_105' title='bbox 1857 1581 2054 1651; x_wconf 79' lang='grc' dir='ltr'><strong>πειρᾶ-</strong></span> 
     </span>
    </p>
   </div>
   <div class='ocr_carea' id='block_1_17' title="bbox 455 1661 2051 1740">
    <p class='ocr_par' dir='ltr' id='par_1_17' title="bbox 455 1661 2051 1740">
     <span class='ocr_line' id='line_1_17' title="bbox 455 1661 2051 1740; baseline 0.008 -27"><span class='ocrx_word' id='word_1_106' title='bbox 455 1676 550 1714; x_wconf 88' lang='grc' dir='ltr'><strong>ται</strong></span> <span class='ocrx_word' id='word_1_107' title='bbox 587 1676 602 1691; x_wconf 86' lang='grc'><strong>·</strong></span> <span class='ocrx_word' id='word_1_108' title='bbox 630 1661 724 1716; x_wconf 84' lang='grc' dir='ltr'><strong>καὶ</strong></span> <span class='ocrx_word' id='word_1_109' title='bbox 761 1661 954 1734; x_wconf 79' lang='grc' dir='ltr'><strong>ὥσπερ</strong></span> <span class='ocrx_word' id='word_1_110' title='bbox 983 1664 1039 1717; x_wconf 78' lang='lat' dir='ltr'><strong>at</strong></span> <span class='ocrx_word' id='word_1_111' title='bbox 1085 1665 1197 1719; x_wconf 79' lang='grc' dir='ltr'><strong>ὁδοὶ</strong></span> <span class='ocrx_word' id='word_1_112' title='bbox 1222 1667 1322 1736; x_wconf 81' lang='grc' dir='ltr'><strong>τῆς</strong></span> <span class='ocrx_word' id='word_1_113' title='bbox 1349 1665 1447 1721; x_wconf 88' lang='grc' dir='ltr'><strong>τοῦ</strong></span> <span class='ocrx_word' id='word_1_114' title='bbox 1474 1667 1614 1722; x_wconf 84' lang='grc' dir='ltr'><strong>Θεοῦ</strong></span> <span class='ocrx_word' id='word_1_115' title='bbox 1639 1668 1834 1740; x_wconf 89' lang='grc' dir='ltr'><strong>σοφίας</strong></span> <span class='ocrx_word' id='word_1_116' title='bbox 1859 1670 1919 1724; x_wconf 88' lang='grc' dir='ltr'><strong>ἐν</strong></span> <span class='ocrx_word' id='word_1_117' title='bbox 1949 1670 2051 1726; x_wconf 86' lang='grc' dir='ltr'><strong>θα-</strong></span> 
     </span>
    </p>
   </div>
   <div class='ocr_carea' id='block_1_18' title="bbox 454 1752 2051 1829">
    <p class='ocr_par' dir='ltr' id='par_1_18' title="bbox 454 1752 2051 1829">
     <span class='ocr_line' id='line_1_18' title="bbox 454 1752 2051 1829; baseline 0.007 -23"><span class='ocrx_word' id='word_1_118' title='bbox 454 1752 660 1824; x_wconf 82' lang='grc' dir='ltr'><strong>λάσσῃ,</strong></span> <span class='ocrx_word' id='word_1_119' title='bbox 707 1753 804 1808; x_wconf 82' lang='grc' dir='ltr'><strong>καὶ</strong></span> <span class='ocrx_word' id='word_1_120' title='bbox 847 1754 906 1810; x_wconf 90' lang='grc' dir='ltr'><strong>αί</strong></span> <span class='ocrx_word' id='word_1_121' title='bbox 931 1755 1109 1824; x_wconf 86' lang='grc' dir='ltr'><strong>τρίϐοι</strong></span> <span class='ocrx_word' id='word_1_122' title='bbox 1139 1755 1314 1829; x_wconf 81' lang='grc' dir='ltr'><strong>αὐτῆς</strong></span> <span class='ocrx_word' id='word_1_123' title='bbox 1363 1758 1422 1812; x_wconf 88' lang='grc' dir='ltr'><strong>ἐν</strong></span> <span class='ocrx_word' id='word_1_124' title='bbox 1447 1757 1602 1814; x_wconf 87' lang='grc' dir='ltr'><strong>ῦδασι</strong></span> <span class='ocrx_word' id='word_1_125' title='bbox 1629 1759 1722 1814; x_wconf 81' lang='grc' dir='ltr'><strong>διὰ</strong></span> <span class='ocrx_word' id='word_1_126' title='bbox 1745 1761 1808 1815; x_wconf 85' lang='grc' dir='ltr'><strong>τὺ</strong></span> <span class='ocrx_word' id='word_1_127' title='bbox 1839 1761 2051 1816; x_wconf 82' lang='grc' dir='ltr'><strong>ἀκατά-</strong></span> 
     </span>
    </p>
   </div>
   <div class='ocr_carea' id='block_1_19' title="bbox 451 1841 2055 1922">
    <p class='ocr_par' dir='ltr' id='par_1_19' title="bbox 451 1841 2055 1922">
     <span class='ocr_line' id='line_1_19' title="bbox 451 1841 2055 1922; baseline 0.007 -26"><span class='ocrx_word' id='word_1_128' title='bbox 451 1841 662 1912; x_wconf 79' lang='grc' dir='ltr'><strong>ληπτον</strong></span> <span class='ocrx_word' id='word_1_129' title='bbox 698 1841 968 1915; x_wconf 81' lang='grc' dir='ltr'><strong>ὑμνηνται</strong></span> <span class='ocrx_word' id='word_1_130' title='bbox 1009 1845 1249 1915; x_wconf 76' lang='grc' dir='ltr'><strong>πολλοῖς,</strong></span> <span class='ocrx_word' id='word_1_131' title='bbox 1291 1847 1388 1903; x_wconf 76' lang='grc' dir='ltr'><strong>καὶ</strong></span> <span class='ocrx_word' id='word_1_132' title='bbox 1421 1848 1490 1904; x_wconf 87' lang='grc' dir='ltr'><strong>τά</strong></span> <span class='ocrx_word' id='word_1_133' title='bbox 1517 1851 1638 1922; x_wconf 85' lang='grc' dir='ltr'><strong>ίχνη</strong></span> <span class='ocrx_word' id='word_1_134' title='bbox 1675 1850 1778 1905; x_wconf 83' lang='grc' dir='ltr'><strong>οὐκ</strong></span> <span class='ocrx_word' id='word_1_135' title='bbox 1797 1851 2055 1922; x_wconf 81' lang='grc' dir='ltr'><strong>ἐπιγινώ-</strong></span> 
     </span>
    </p>
   </div>
   <div class='ocr_carea' id='block_1_20' title="bbox 454 1932 2046 2012">
    <p class='ocr_par' dir='ltr' id='par_1_20' title="bbox 454 1932 2046 2012">
     <span class='ocr_line' id='line_1_20' title="bbox 454 1932 2046 2012; baseline 0.009 -27"><span class='ocrx_word' id='word_1_136' title='bbox 454 1949 685 1986; x_wconf 80' lang='grc' dir='ltr'><strong>σκονται</strong></span> <span class='ocrx_word' id='word_1_137' title='bbox 711 1949 726 1965; x_wconf 87' lang='grc'><strong>·</strong></span> <span class='ocrx_word' id='word_1_138' title='bbox 783 1932 930 1989; x_wconf 79' lang='grc' dir='ltr'><strong>οὕτω</strong></span> <span class='ocrx_word' id='word_1_139' title='bbox 981 1935 1077 1990; x_wconf 77' lang='grc' dir='ltr'><strong>καὶ</strong></span> <span class='ocrx_word' id='word_1_140' title='bbox 1123 1936 1234 1992; x_wconf 90' lang='grc' dir='ltr'><strong>τῶν</strong></span> <span class='ocrx_word' id='word_1_141' title='bbox 1289 1939 1392 2012; x_wconf 85' lang='grc' dir='ltr'><strong>τῆς</strong></span> <span class='ocrx_word' id='word_1_142' title='bbox 1443 1941 1638 2010; x_wconf 87' lang='grc' dir='ltr'><strong>σοφίας</strong></span> <span class='ocrx_word' id='word_1_143' title='bbox 1669 1942 1900 2011; x_wconf 81' lang='grc' dir='ltr'><strong>τέκνων,</strong></span> <span class='ocrx_word' id='word_1_144' title='bbox 1934 1945 2046 1999; x_wconf 86' lang='grc' dir='ltr'><strong>τῶν</strong></span> 
     </span>
    </p>
   </div>
   <div class='ocr_carea' id='block_1_21' title="bbox 449 2024 2050 2112">
    <p class='ocr_par' dir='ltr' id='par_1_21' title="bbox 449 2024 2050 2112">
     <span class='ocr_line' id='line_1_21' title="bbox 449 2024 2050 2112; baseline 0.009 -33"><span class='ocrx_word' id='word_1_145' title='bbox 449 2024 762 2080; x_wconf 77' lang='grc' dir='ltr'><strong>πανολϐίων</strong></span> <span class='ocrx_word' id='word_1_146' title='bbox 783 2064 800 2093; x_wconf 93' lang='grc'><strong>,</strong></span> <span class='ocrx_word' id='word_1_147' title='bbox 830 2027 999 2097; x_wconf 68' lang='grc' dir='ltr'><strong>λέγω,</strong></span> <span class='ocrx_word' id='word_1_148' title='bbox 1051 2030 1292 2103; x_wconf 83' lang='grc' dir='ltr'><strong>Χριστοῦ</strong></span> <span class='ocrx_word' id='word_1_149' title='bbox 1351 2033 1634 2106; x_wconf 84' lang='grc' dir='ltr'><strong>μαθητῶν,</strong></span> <span class='ocrx_word' id='word_1_150' title='bbox 1682 2035 2050 2112; x_wconf 79' lang='grc' dir='ltr'><strong>δυσθεώρητοι</strong></span> 
     </span>
    </p>
   </div>
   <div class='ocr_carea' id='block_1_22' title="bbox 455 2116 2050 2199">
    <p class='ocr_par' dir='ltr' id='par_1_22' title="bbox 455 2116 2050 2199">
     <span class='ocr_line' id='line_1_22' title="bbox 455 2116 2050 2199; baseline 0.008 -30"><span class='ocrx_word' id='word_1_151' title='bbox 455 2116 564 2188; x_wconf 73' lang='grc' dir='ltr'><strong>μὶν</strong></span> <span class='ocrx_word' id='word_1_152' title='bbox 595 2118 652 2172; x_wconf 79' lang='grc' dir='ltr'><strong>αἱ</strong></span> <span class='ocrx_word' id='word_1_153' title='bbox 699 2117 832 2183; x_wconf 73' lang='grc' dir='ltr'><strong>όδοὶ,</strong></span> <span class='ocrx_word' id='word_1_154' title='bbox 887 2120 1289 2189; x_wconf 84' lang='grc' dir='ltr'><strong>ἀνεπίγνωστοι</strong></span> <span class='ocrx_word' id='word_1_155' title='bbox 1340 2122 1400 2179; x_wconf 84' lang='grc' dir='ltr'><strong>δέ</strong></span> <span class='ocrx_word' id='word_1_156' title='bbox 1447 2126 1588 2197; x_wconf 79' lang='grc' dir='ltr'><strong>πρὸς</strong></span> <span class='ocrx_word' id='word_1_157' title='bbox 1639 2126 1932 2199; x_wconf 78' lang='grc' dir='ltr'><strong>ἀκρίϐειαν</strong></span> <span class='ocrx_word' id='word_1_158' title='bbox 1989 2129 2050 2185; x_wconf 77' lang='grc' dir='ltr'><strong>αἱ</strong></span> 
     </span>
    </p>
   </div>
   <div class='ocr_carea' id='block_1_23' title="bbox 451 2208 2049 2292">
    <p class='ocr_par' dir='ltr' id='par_1_23' title="bbox 451 2208 2049 2292">
     <span class='ocr_line' id='line_1_23' title="bbox 451 2208 2049 2292; baseline 0.009 -31"><span class='ocrx_word' id='word_1_159' title='bbox 451 2208 690 2279; x_wconf 78' lang='grc' dir='ltr'><strong>πράξεις</strong></span> <span class='ocrx_word' id='word_1_160' title='bbox 721 2223 740 2241; x_wconf 85' lang='grc'>⁶</span> <span class='ocrx_word' id='word_1_161' title='bbox 781 2211 880 2265; x_wconf 76' lang='grc' dir='ltr'><strong>καὶ</strong></span> <span class='ocrx_word' id='word_1_162' title='bbox 912 2213 1092 2267; x_wconf 89' lang='grc' dir='ltr'><strong>πάντα</strong></span> <span class='ocrx_word' id='word_1_163' title='bbox 1127 2213 1276 2279; x_wconf 83' lang='grc' dir='ltr'><strong>νοῦν,</strong></span> <span class='ocrx_word' id='word_1_164' title='bbox 1305 2216 1404 2270; x_wconf 76' lang='grc' dir='ltr'><strong>καὶ</strong></span> <span class='ocrx_word' id='word_1_165' title='bbox 1427 2216 1608 2272; x_wconf 89' lang='grc' dir='ltr'><strong>πάντα</strong></span> <span class='ocrx_word' id='word_1_166' title='bbox 1644 2219 1803 2288; x_wconf 86' lang='grc' dir='ltr'><strong>λόγον</strong></span> <span class='ocrx_word' id='word_1_167' title='bbox 1837 2219 2049 2292; x_wconf 83' lang='grc' dir='ltr'><strong>ἀνθρώ-</strong></span> 
     </span>
    </p>
   </div>
   <div class='ocr_carea' id='block_1_24' title="bbox 447 2301 1859 2380">
    <p class='ocr_par' dir='ltr' id='par_1_24' title="bbox 447 2301 1859 2380">
     <span class='ocr_line' id='line_1_24' title="bbox 447 2301 1859 2380; baseline 0.007 -27"><span class='ocrx_word' id='word_1_168' title='bbox 447 2316 610 2354; x_wconf 79' lang='grc' dir='ltr'><strong>πινον</strong></span> <span class='ocrx_word' id='word_1_169' title='bbox 629 2303 689 2354; x_wconf 86' lang='grc' dir='ltr'><strong>αί·</strong></span> <span class='ocrx_word' id='word_1_170' title='bbox 717 2301 923 2356; x_wconf 88' lang='grc' dir='ltr'><strong>τούτων</strong></span> <span class='ocrx_word' id='word_1_171' title='bbox 947 2303 1407 2374; x_wconf 83' lang='grc' dir='ltr'><strong>ὑπερεκϐαίνουσι</strong></span> <span class='ocrx_word' id='word_1_172' title='bbox 1439 2307 1859 2380; x_wconf 85' lang='grc' dir='ltr'><strong>μεγαλουργίαι.</strong></span> 
     </span>
    </p>
   </div>
   <div class='ocr_carea' id='block_1_25' title="bbox 529 2391 2049 2472">
    <p class='ocr_par' dir='ltr' id='par_1_25' title="bbox 529 2391 2049 2472">
     <span class='ocr_line' id='line_1_25' title="bbox 529 2391 2049 2472; baseline 0.005 -25"><span class='ocrx_word' id='word_1_173' title='bbox 529 2391 697 2447; x_wconf 87' lang='grc' dir='ltr'><strong>Ὅθεν</strong></span> <span class='ocrx_word' id='word_1_174' title='bbox 720 2393 817 2448; x_wconf 80' lang='grc' dir='ltr'><strong>καὶ</strong></span> <span class='ocrx_word' id='word_1_175' title='bbox 840 2395 973 2465; x_wconf 76' lang='grc' dir='ltr'><strong>ἡμῖν</strong></span> <span class='ocrx_word' id='word_1_176' title='bbox 999 2397 1029 2450; x_wconf 92' lang='grc' dir='ltr'><strong>ό</strong></span> <span class='ocrx_word' id='word_1_177' title='bbox 1050 2395 1208 2464; x_wconf 74' lang='grc' dir='ltr'><strong>λόγος</strong></span> <span class='ocrx_word' id='word_1_178' title='bbox 1233 2396 1313 2468; x_wconf 82' lang='grc' dir='ltr'><strong>τῷ</strong></span> <span class='ocrx_word' id='word_1_179' title='bbox 1324 2398 1423 2469; x_wconf 82' lang='grc' dir='ltr'><strong>τῆς</strong></span> <span class='ocrx_word' id='word_1_180' title='bbox 1443 2398 1754 2463; x_wconf 80' lang='grc' dir='ltr'><strong>ὑποθέσεως</strong></span> <span class='ocrx_word' id='word_1_181' title='bbox 1773 2401 2049 2472; x_wconf 76' lang='grc' dir='ltr'><strong>ἀνεφίκτῳ</strong></span> 
     </span>
    </p>
   </div>
   <div class='ocr_carea' id='block_1_26' title="bbox 449 2482 2048 2568">
    <p class='ocr_par' dir='ltr' id='par_1_26' title="bbox 449 2482 2048 2568">
     <span class='ocr_line' id='line_1_26' title="bbox 449 2482 2048 2568; baseline 0.007 -32"><span class='ocrx_word' id='word_1_182' title='bbox 449 2482 914 2554; x_wconf 81' lang='grc' dir='ltr'><strong>συστελλόμενος,</strong></span> <span class='ocrx_word' id='word_1_183' title='bbox 985 2487 1206 2559; x_wconf 81' lang='grc' dir='ltr'><strong>μακράν</strong></span> <span class='ocrx_word' id='word_1_184' title='bbox 1275 2489 1492 2561; x_wconf 86' lang='grc' dir='ltr'><strong>χαίρειν</strong></span> <span class='ocrx_word' id='word_1_185' title='bbox 1550 2493 1619 2563; x_wconf 76' lang='grc' dir='ltr'><strong>τῇ</strong></span> <span class='ocrx_word' id='word_1_186' title='bbox 1691 2493 2048 2568; x_wconf 73' lang='grc' dir='ltr'><strong>μακρηγορία</strong></span> 
     </span>
    </p>
   </div>
   <div class='ocr_carea' id='block_1_27' title="bbox 451 2573 2046 2653">
    <p class='ocr_par' dir='ltr' id='par_1_27' title="bbox 451 2573 2046 2653">
     <span class='ocr_line' id='line_1_27' title="bbox 451 2573 2046 2653; baseline 0.008 -26"><span class='ocrx_word' id='word_1_187' title='bbox 451 2573 640 2644; x_wconf 81' lang='grc' dir='ltr'><strong>φησίν.</strong></span> <span class='ocrx_word' id='word_1_188' title='bbox 667 2575 892 2645; x_wconf 75' lang='grc' dir='ltr'><strong>Ἀμμον</strong></span> <span class='ocrx_word' id='word_1_189' title='bbox 920 2577 1050 2648; x_wconf 79' lang='grc' dir='ltr'><strong>γάρ,</strong></span> <span class='ocrx_word' id='word_1_190' title='bbox 1075 2578 1152 2643; x_wconf 86' lang='grc' dir='ltr'><strong>ὡς</strong></span> <span class='ocrx_word' id='word_1_191' title='bbox 1189 2577 1256 2633; x_wconf 86' lang='grc' dir='ltr'><strong>τά</strong></span> <span class='ocrx_word' id='word_1_192' title='bbox 1277 2579 1448 2648; x_wconf 88' lang='grc' dir='ltr'><strong>Λόγιά</strong></span> <span class='ocrx_word' id='word_1_193' title='bbox 1472 2599 1659 2653; x_wconf 80' lang='grc' dir='ltr'><strong>φησιν,</strong></span> <span class='ocrx_word' id='word_1_194' title='bbox 1689 2585 2046 2649; x_wconf 74' lang='grc' dir='ltr'><strong>θαλασσῶν,</strong></span> 
     </span>
    </p>
   </div>
   <div class='ocr_carea' id='block_1_28' title="bbox 448 2664 2048 2746">
    <p class='ocr_par' dir='ltr' id='par_1_28' title="bbox 448 2664 2048 2746">
     <span class='ocr_line' id='line_1_28' title="bbox 448 2664 2048 2746; baseline 0.006 -27"><span class='ocrx_word' id='word_1_195' title='bbox 448 2664 495 2732; x_wconf 75' lang='grc' dir='ltr'><strong>ἢ</strong></span> <span class='ocrx_word' id='word_1_196' title='bbox 524 2666 702 2720; x_wconf 83' lang='grc' dir='ltr'><strong>ὑετοῦ</strong></span> <span class='ocrx_word' id='word_1_197' title='bbox 731 2669 1058 2738; x_wconf 80' lang='grc' dir='ltr'><strong>σταγόνας,</strong></span> <span class='ocrx_word' id='word_1_198' title='bbox 1088 2669 1127 2738; x_wconf 81' lang='grc' dir='ltr'><em>ἢ</em></span> <span class='ocrx_word' id='word_1_199' title='bbox 1155 2670 1386 2740; x_wconf 68' lang='grc' dir='ltr'><strong>ἡμέρας</strong></span> <span class='ocrx_word' id='word_1_200' title='bbox 1420 2673 1660 2741; x_wconf 75' lang='grc' dir='ltr'><strong>αἰῶνος,</strong></span> <span class='ocrx_word' id='word_1_201' title='bbox 1702 2675 1760 2729; x_wconf 84' lang='grc' dir='ltr'><strong>τι</strong></span> <span class='ocrx_word' id='word_1_202' title='bbox 1769 2697 1801 2742; x_wconf 89' lang='grc' dir='ltr'><strong>ς</strong></span> <span class='ocrx_word' id='word_1_203' title='bbox 1847 2677 2048 2746; x_wconf 80' lang='grc' dir='ltr'><strong>ἐξαρι-</strong></span> 
     </span>
    </p>
   </div>
   <div class='ocr_carea' id='block_1_29' title="bbox 449 2757 2048 2835">
    <p class='ocr_par' dir='ltr' id='par_1_29' title="bbox 449 2757 2048 2835">
     <span class='ocr_line' id='line_1_29' title="bbox 449 2757 2048 2835; baseline 0.008 -24"><span class='ocrx_word' id='word_1_204' title='bbox 449 2757 716 2826; x_wconf 79' lang='grc' dir='ltr'><strong>θμήσει;</strong></span> <span class='ocrx_word' id='word_1_205' title='bbox 751 2760 1024 2815; x_wconf 79' lang='grc' dir='ltr'><strong>’Δϐυσσον</strong></span> <span class='ocrx_word' id='word_1_206' title='bbox 1052 2761 1110 2816; x_wconf 79' lang='grc' dir='ltr'><strong>δὲ</strong></span> <span class='ocrx_word' id='word_1_207' title='bbox 1145 2762 1467 2835; x_wconf 87' lang='grc' dir='ltr'><strong>θαυμάτων.</strong></span> <span class='ocrx_word' id='word_1_208' title='bbox 1498 2766 1596 2820; x_wconf 77' lang='grc' dir='ltr'><strong>καὶ</strong></span> <span class='ocrx_word' id='word_1_209' title='bbox 1629 2766 1724 2821; x_wconf 86' lang='grc' dir='ltr'><strong>τοῦ</strong></span> <span class='ocrx_word' id='word_1_210' title='bbox 1753 2767 2048 2823; x_wconf 86' lang='grc' dir='ltr'><strong>θεοπτικω-</strong></span> 
     </span>
    </p>
   </div>
   <div class='ocr_carea' id='block_1_30' title="bbox 449 2845 2046 2928">
    <p class='ocr_par' dir='ltr' id='par_1_30' title="bbox 449 2845 2046 2928">
     <span class='ocr_line' id='line_1_30' title="bbox 449 2845 2046 2928; baseline 0.009 -27"><span class='ocrx_word' id='word_1_211' title='bbox 449 2847 619 2902; x_wconf 85' lang='grc' dir='ltr'><strong>τάτου</strong></span> <span class='ocrx_word' id='word_1_212' title='bbox 655 2850 847 2920; x_wconf 83' lang='grc' dir='ltr'><strong>σοφίαν</strong></span> <span class='ocrx_word' id='word_1_213' title='bbox 881 2845 1164 2918; x_wconf 81' lang='grc' dir='ltr'><strong>Ἰακώϐου,</strong></span> <span class='ocrx_word' id='word_1_214' title='bbox 1182 2853 1534 2921; x_wconf 82' lang='grc' dir='ltr'><strong>διδασκαλίας</strong></span> <span class='ocrx_word' id='word_1_215' title='bbox 1556 2873 1615 2910; x_wconf 87' lang='grc' dir='ltr'><strong>τε</strong></span> <span class='ocrx_word' id='word_1_216' title='bbox 1644 2857 1924 2928; x_wconf 83' lang='grc' dir='ltr'><strong>οὐρανίας,</strong></span> <span class='ocrx_word' id='word_1_217' title='bbox 1947 2861 2046 2914; x_wconf 77' lang='grc' dir='ltr'><strong>καὶ</strong></span> 
     </span>
    </p>
   </div>
   <div class='ocr_carea' id='block_1_31' title="bbox 449 2937 2044 3020">
    <p class='ocr_par' dir='ltr' id='par_1_31' title="bbox 449 2937 2044 3020">
     <span class='ocr_line' id='line_1_31' title="bbox 449 2937 2044 3020; baseline 0.006 -28"><span class='ocrx_word' id='word_1_218' title='bbox 449 2937 732 3008; x_wconf 78' lang='grc' dir='ltr'><strong>θεολογίας</strong></span> <span class='ocrx_word' id='word_1_219' title='bbox 787 2939 1010 3012; x_wconf 82' lang='grc' dir='ltr'><strong>βυθοὺς,</strong></span> <span class='ocrx_word' id='word_1_220' title='bbox 1063 2943 1148 3008; x_wconf 88' lang='grc' dir='ltr'><strong>τίς</strong></span> <span class='ocrx_word' id='word_1_221' title='bbox 1181 2943 1518 3015; x_wconf 82' lang='grc' dir='ltr'><strong>ἐξιχνιάσει;</strong></span> <span class='ocrx_word' id='word_1_222' title='bbox 1561 2945 1648 3010; x_wconf 85' lang='grc' dir='ltr'><strong>τίς</strong></span> <span class='ocrx_word' id='word_1_223' title='bbox 1692 2946 1803 3000; x_wconf 89' lang='grc' dir='ltr'><strong>τῶν</strong></span> <span class='ocrx_word' id='word_1_224' title='bbox 1852 2948 2044 3020; x_wconf 88' lang='grc' dir='ltr'><strong>δαιμό-</strong></span> 
     </span>
    </p>
   </div>
   <div class='ocr_carea' id='block_1_32' title="bbox 447 3030 2042 3110">
    <p class='ocr_par' dir='ltr' id='par_1_32' title="bbox 447 3030 2042 3110">
     <span class='ocr_line' id='line_1_32' title="bbox 447 3030 2042 3110; baseline 0.006 -25"><span class='ocrx_word' id='word_1_225' title='bbox 447 3047 560 3086; x_wconf 88' lang='grc' dir='ltr'><strong>νων</strong></span> <span class='ocrx_word' id='word_1_226' title='bbox 586 3030 686 3104; x_wconf 75' lang='grc' dir='ltr'><strong>τὴν</strong></span> <span class='ocrx_word' id='word_1_227' title='bbox 714 3033 1036 3105; x_wconf 82' lang='grc' dir='ltr'><strong>καθαίρεσιν</strong></span> <span class='ocrx_word' id='word_1_228' title='bbox 1081 3035 1174 3089; x_wconf 82' lang='grc' dir='ltr'><strong>καὶ</strong></span> <span class='ocrx_word' id='word_1_229' title='bbox 1213 3036 1509 3102; x_wconf 84' lang='grc' dir='ltr'><strong>ἀποδίωξιν</strong></span> <span class='ocrx_word' id='word_1_230' title='bbox 1531 3076 1547 3104; x_wconf 90' lang='grc'><strong>,</strong></span> <span class='ocrx_word' id='word_1_231' title='bbox 1615 3037 1728 3092; x_wconf 85' lang='grc' dir='ltr'><strong>τῶν</strong></span> <span class='ocrx_word' id='word_1_232' title='bbox 1759 3039 2042 3110; x_wconf 86' lang='grc' dir='ltr'><strong>ἀνθρωπί-</strong></span> 
     </span>
    </p>
   </div>
   <div class='ocr_carea' id='block_1_33' title="bbox 445 3122 2044 3199">
    <p class='ocr_par' dir='ltr' id='par_1_33' title="bbox 445 3122 2044 3199">
     <span class='ocr_line' id='line_1_33' title="bbox 445 3122 2044 3199; baseline 0.008 -25"><span class='ocrx_word' id='word_1_233' title='bbox 445 3138 560 3175; x_wconf 87' lang='grc' dir='ltr'><strong>νων</strong></span> <span class='ocrx_word' id='word_1_234' title='bbox 582 3122 772 3177; x_wconf 89' lang='grc' dir='ltr'><strong>παθῶν</strong></span> <span class='ocrx_word' id='word_1_235' title='bbox 797 3125 892 3179; x_wconf 79' lang='grc' dir='ltr'><strong>καὶ</strong></span> <span class='ocrx_word' id='word_1_236' title='bbox 914 3125 1085 3180; x_wconf 88' lang='grc' dir='ltr'><strong>νόσων</strong></span> <span class='ocrx_word' id='word_1_237' title='bbox 1111 3126 1212 3199; x_wconf 74' lang='grc' dir='ltr'><strong>τὴν</strong></span> <span class='ocrx_word' id='word_1_238' title='bbox 1241 3125 1384 3182; x_wconf 81' lang='grc' dir='ltr'><strong>ίασιν</strong></span> <span class='ocrx_word' id='word_1_239' title='bbox 1431 3129 1525 3182; x_wconf 73' lang='grc' dir='ltr'><strong>καὶ</strong></span> <span class='ocrx_word' id='word_1_240' title='bbox 1545 3128 1860 3198; x_wconf 80' lang='grc' dir='ltr'><strong>ἀφαίρεσιν,</strong></span> <span class='ocrx_word' id='word_1_241' title='bbox 1932 3131 2044 3186; x_wconf 83' lang='grc' dir='ltr'><strong>τῶν</strong></span> 
     </span>
    </p>
   </div>
   <div class='ocr_carea' id='block_1_34' title="bbox 2161 662 3750 734">
    <p class='ocr_par' dir='ltr' id='par_1_34' title="bbox 2161 662 3750 734">
     <span class='ocr_line' id='line_1_34' title="bbox 2161 662 3750 734; baseline 0.004 -17"><span class='ocrx_word' id='word_1_242' title='bbox 2161 662 2343 718; x_wconf 92' lang='lat' dir='ltr'><strong>oratio</strong></span> <span class='ocrx_word' id='word_1_243' title='bbox 2375 662 2537 734; x_wconf 87' lang='lat' dir='ltr'><strong>longe</strong></span> <span class='ocrx_word' id='word_1_244' title='bbox 2557 678 2830 719; x_wconf 85' lang='lat' dir='ltr'><strong>sessorem</strong></span> <span class='ocrx_word' id='word_1_245' title='bbox 2853 663 3153 734; x_wconf 91' lang='lat' dir='ltr'><strong>corripuit;</strong></span> <span class='ocrx_word' id='word_1_246' title='bbox 3171 681 3237 720; x_wconf 90' lang='lat' dir='ltr'><strong>ac</strong></span> <span class='ocrx_word' id='word_1_247' title='bbox 3258 674 3386 722; x_wconf 91' lang='lat' dir='ltr'><strong>ante</strong></span> <span class='ocrx_word' id='word_1_248' title='bbox 3415 668 3750 734; x_wconf 84' lang='lat' dir='ltr'><strong>certamina,</strong></span> 
     </span>
    </p>
   </div>
   <div class='ocr_carea' id='block_1_35' title="bbox 2164 753 3750 816">
    <p class='ocr_par' dir='ltr' id='par_1_35' title="bbox 2164 753 3750 816">
     <span class='ocr_line' id='line_1_35' title="bbox 2164 753 3750 816; baseline 0.004 -9"><span class='ocrx_word' id='word_1_249' title='bbox 2164 768 2398 810; x_wconf 85' lang='lat' dir='ltr'><strong>coronas</strong></span> <span class='ocrx_word' id='word_1_250' title='bbox 2433 753 2710 810; x_wconf 87' lang='lat' dir='ltr'><strong>edisserit.</strong></span> <span class='ocrx_word' id='word_1_251' title='bbox 2755 755 2834 811; x_wconf 82' lang='lat' dir='ltr'><strong>Ne</strong></span> <span class='ocrx_word' id='word_1_252' title='bbox 2865 771 2965 810; x_wconf 90' lang='lat' dir='ltr'><strong>vos</strong></span> <span class='ocrx_word' id='word_1_253' title='bbox 3007 765 3188 811; x_wconf 88' lang='lat' dir='ltr'><strong>tamen</strong></span> <span class='ocrx_word' id='word_1_254' title='bbox 3230 758 3531 814; x_wconf 88' lang='lat' dir='ltr'><strong>celeritatis</strong></span> <span class='ocrx_word' id='word_1_255' title='bbox 3565 761 3750 816; x_wconf 85' lang='lat' dir='ltr'><strong>admi-</strong></span> 
     </span>
    </p>
   </div>
   <div class='ocr_carea' id='block_1_36' title="bbox 2165 845 3754 916">
    <p class='ocr_par' dir='ltr' id='par_1_36' title="bbox 2165 845 3754 916">
     <span class='ocr_line' id='line_1_36' title="bbox 2165 845 3754 916; baseline 0.004 -18"><span class='ocrx_word' id='word_1_256' title='bbox 2165 845 2307 899; x_wconf 86' lang='lat' dir='ltr'><strong>ratio</strong></span> <span class='ocrx_word' id='word_1_257' title='bbox 2351 852 2556 900; x_wconf 82' lang='lat' dir='ltr'><strong>teneat.</strong></span> <span class='ocrx_word' id='word_1_258' title='bbox 2601 845 2858 916; x_wconf 82' lang='lat' dir='ltr'><strong>Fulguris</strong></span> <span class='ocrx_word' id='word_1_259' title='bbox 2893 847 3042 901; x_wconf 92' lang='lat' dir='ltr'><strong>enim</strong></span> <span class='ocrx_word' id='word_1_260' title='bbox 3075 846 3133 902; x_wconf 92' lang='lat' dir='ltr'><strong>in</strong></span> <span class='ocrx_word' id='word_1_261' title='bbox 3174 863 3409 915; x_wconf 89' lang='lat' dir='ltr'><strong>morem,</strong></span> <span class='ocrx_word' id='word_1_262' title='bbox 3454 857 3629 904; x_wconf 90' lang='lat' dir='ltr'><strong>totum</strong></span> <span class='ocrx_word' id='word_1_263' title='bbox 3665 866 3754 905; x_wconf 90' lang='lat' dir='ltr'><strong>re-</strong></span> 
     </span>
    </p>
   </div>
   <div class='ocr_carea' id='block_1_37' title="bbox 2161 934 3751 1009">
    <p class='ocr_par' dir='ltr' id='par_1_37' title="bbox 2161 934 3751 1009">
     <span class='ocr_line' id='line_1_37' title="bbox 2161 934 3751 1009; baseline 0.004 -21"><span class='ocrx_word' id='word_1_264' title='bbox 2161 943 2327 1004; x_wconf 90' lang='lat' dir='ltr'><strong>pente</strong></span> <span class='ocrx_word' id='word_1_265' title='bbox 2380 934 2574 990; x_wconf 89' lang='lat' dir='ltr'><strong>orbem</strong></span> <span class='ocrx_word' id='word_1_266' title='bbox 2625 935 3138 1007; x_wconf 88' lang='lat' dir='ltr'><strong>circumfulgentis,</strong></span> <span class='ocrx_word' id='word_1_267' title='bbox 3179 948 3343 1008; x_wconf 91' lang='lat' dir='ltr'><strong>atque</strong></span> <span class='ocrx_word' id='word_1_268' title='bbox 3395 939 3452 993; x_wconf 91' lang='lat' dir='ltr'><strong>in</strong></span> <span class='ocrx_word' id='word_1_269' title='bbox 3507 939 3751 1009; x_wconf 89' lang='lat' dir='ltr'><strong>seipsum</strong></span> 
     </span>
    </p>
   </div>
   <div class='ocr_carea' id='block_1_38' title="bbox 2161 1025 3753 1099">
    <p class='ocr_par' dir='ltr' id='par_1_38' title="bbox 2161 1025 3753 1099">
     <span class='ocr_line' id='line_1_38' title="bbox 2161 1025 3753 1099; baseline 0.001 -19"><span class='ocrx_word' id='word_1_270' title='bbox 2161 1025 2314 1081; x_wconf 90' lang='lat' dir='ltr'><strong>dicto</strong></span> <span class='ocrx_word' id='word_1_271' title='bbox 2354 1026 2521 1082; x_wconf 89' lang='lat' dir='ltr'><strong>citius</strong></span> <span class='ocrx_word' id='word_1_272' title='bbox 2565 1027 2938 1093; x_wconf 87' lang='lat' dir='ltr'><strong>recurrentis;</strong></span> <span class='ocrx_word' id='word_1_273' title='bbox 2971 1026 3051 1082; x_wconf 91' lang='lat' dir='ltr'><strong>sic</strong></span> <span class='ocrx_word' id='word_1_274' title='bbox 3075 1028 3368 1097; x_wconf 88' lang='lat' dir='ltr'><strong>apostolica</strong></span> <span class='ocrx_word' id='word_1_275' title='bbox 3398 1029 3586 1099; x_wconf 82' lang='lat' dir='ltr'><strong>gratiae</strong></span> <span class='ocrx_word' id='word_1_276' title='bbox 3617 1045 3753 1099; x_wconf 86' lang='lat' dir='ltr'><strong>gen-</strong></span> 
     </span>
    </p>
   </div>
   <div class='ocr_carea' id='block_1_39' title="bbox 2164 1117 3752 1188">
    <p class='ocr_par' dir='ltr' id='par_1_39' title="bbox 2164 1117 3752 1188">
     <span class='ocr_line' id='line_1_39' title="bbox 2164 1117 3752 1188; baseline 0 -14"><span class='ocrx_word' id='word_1_277' title='bbox 2164 1118 2301 1174; x_wconf 89' lang='lat' dir='ltr'><strong>tium</strong></span> <span class='ocrx_word' id='word_1_278' title='bbox 2326 1126 2556 1188; x_wconf 87' lang='lat' dir='ltr'><strong>repente</strong></span> <span class='ocrx_word' id='word_1_279' title='bbox 2587 1117 3050 1172; x_wconf 89' lang='lat' dir='ltr'><strong>circumlustrans</strong></span> <span class='ocrx_word' id='word_1_280' title='bbox 3080 1128 3328 1187; x_wconf 89' lang='lat' dir='ltr'><strong>pectora,</strong></span> <span class='ocrx_word' id='word_1_281' title='bbox 3356 1128 3752 1188; x_wconf 89' lang='lat' dir='ltr'><strong>momentoque</strong></span> 
     </span>
    </p>
   </div>
   <div class='ocr_carea' id='block_1_40' title="bbox 2161 1207 3753 1280">
    <p class='ocr_par' dir='ltr' id='par_1_40' title="bbox 2161 1207 3753 1280">
     <span class='ocr_line' id='line_1_40' title="bbox 2161 1207 3753 1280; baseline 0.001 -17"><span class='ocrx_word' id='word_1_282' title='bbox 2161 1207 2272 1263; x_wconf 93' lang='lat' dir='ltr'><strong>vim</strong></span> <span class='ocrx_word' id='word_1_283' title='bbox 2311 1223 2467 1264; x_wconf 85' lang='lat' dir='ltr'><strong>suam</strong></span> <span class='ocrx_word' id='word_1_284' title='bbox 2495 1207 2854 1279; x_wconf 71' lang='lat' dir='ltr'><strong>effulgurans,</strong></span> <span class='ocrx_word' id='word_1_285' title='bbox 2889 1216 3003 1262; x_wconf 91' lang='lat' dir='ltr'><strong>tum</strong></span> <span class='ocrx_word' id='word_1_286' title='bbox 3040 1217 3194 1264; x_wconf 84' lang='lat' dir='ltr'><strong>extra</strong></span> <span class='ocrx_word' id='word_1_287' title='bbox 3245 1225 3305 1264; x_wconf 89' lang='lat' dir='ltr'><strong>se</strong></span> <span class='ocrx_word' id='word_1_288' title='bbox 3343 1210 3753 1280; x_wconf 90' lang='lat' dir='ltr'><strong>quodammodo</strong></span> 
     </span>
    </p>
   </div>
   <div class='ocr_carea' id='block_1_41' title="bbox 2161 1297 3752 1372">
    <p class='ocr_par' dir='ltr' id='par_1_41' title="bbox 2161 1297 3752 1372">
     <span class='ocr_line' id='line_1_41' title="bbox 2161 1297 3752 1372; baseline 0.001 -18"><span class='ocrx_word' id='word_1_289' title='bbox 2161 1297 2296 1362; x_wconf 79' lang='lat' dir='ltr'><strong>exit,</strong></span> <span class='ocrx_word' id='word_1_290' title='bbox 2349 1305 2465 1352; x_wconf 92' lang='lat' dir='ltr'><strong>tum</strong></span> <span class='ocrx_word' id='word_1_291' title='bbox 2515 1313 2710 1352; x_wconf 86' lang='lat' dir='ltr'><strong>rursus</strong></span> <span class='ocrx_word' id='word_1_292' title='bbox 2749 1298 2806 1352; x_wconf 92' lang='lat' dir='ltr'><strong>in</strong></span> <span class='ocrx_word' id='word_1_293' title='bbox 2852 1297 3092 1368; x_wconf 89' lang='lat' dir='ltr'><strong>seipsam</strong></span> <span class='ocrx_word' id='word_1_294' title='bbox 3126 1299 3369 1356; x_wconf 89' lang='lat' dir='ltr'><strong>subsilit.</strong></span> <span class='ocrx_word' id='word_1_295' title='bbox 3395 1299 3590 1367; x_wconf 84' lang='lat' dir='ltr'><strong>Quoad</strong></span> <span class='ocrx_word' id='word_1_296' title='bbox 3617 1316 3752 1372; x_wconf 90' lang='lat' dir='ltr'><strong>ergo</strong></span> 
     </span>
    </p>
   </div>
   <div class='ocr_carea' id='block_1_42' title="bbox 2160 1389 3754 1460">
    <p class='ocr_par' dir='ltr' id='par_1_42' title="bbox 2160 1389 3754 1460">
     <span class='ocr_line' id='line_1_42' title="bbox 2160 1389 3754 1460; baseline 0.003 -16"><span class='ocrx_word' id='word_1_297' title='bbox 2160 1405 2260 1460; x_wconf 93' lang='lat' dir='ltr'><strong>per</strong></span> <span class='ocrx_word' id='word_1_298' title='bbox 2285 1389 2601 1444; x_wconf 89' lang='lat' dir='ltr'><strong>facultatem</strong></span> <span class='ocrx_word' id='word_1_299' title='bbox 2633 1389 2759 1444; x_wconf 88' lang='lat' dir='ltr'><strong>licet</strong></span> <span class='ocrx_word' id='word_1_300' title='bbox 2791 1397 2848 1444; x_wconf 92' lang='lat' dir='ltr'><strong>et</strong></span> <span class='ocrx_word' id='word_1_301' title='bbox 2872 1389 2991 1460; x_wconf 89' lang='lat' dir='ltr'><strong>ipsa</strong></span> <span class='ocrx_word' id='word_1_302' title='bbox 3020 1390 3089 1445; x_wconf 89' lang='lat' dir='ltr'><strong>de</strong></span> <span class='ocrx_word' id='word_1_303' title='bbox 3123 1390 3326 1447; x_wconf 84' lang='lat' dir='ltr'><strong>divinis</strong></span> <span class='ocrx_word' id='word_1_304' title='bbox 3348 1391 3599 1447; x_wconf 89' lang='lat' dir='ltr'><strong>instituta</strong></span> <span class='ocrx_word' id='word_1_305' title='bbox 3627 1407 3754 1448; x_wconf 92' lang='lat' dir='ltr'><strong>ora-</strong></span> 
     </span>
    </p>
   </div>
   <div class='ocr_carea' id='block_1_43' title="bbox 2161 1480 3750 1550">
    <p class='ocr_par' dir='ltr' id='par_1_43' title="bbox 2161 1480 3750 1550">
     <span class='ocr_line' id='line_1_43' title="bbox 2161 1480 3750 1550; baseline 0.001 -14"><span class='ocrx_word' id='word_1_306' title='bbox 2161 1481 2259 1547; x_wconf 86' lang='lat' dir='ltr'><strong>tio,</strong></span> <span class='ocrx_word' id='word_1_307' title='bbox 2286 1496 2470 1535; x_wconf 91' lang='lat' dir='ltr'><strong>rerum</strong></span> <span class='ocrx_word' id='word_1_308' title='bbox 2496 1496 2635 1550; x_wconf 89' lang='lat' dir='ltr'><strong>quas</strong></span> <span class='ocrx_word' id='word_1_309' title='bbox 2663 1480 2856 1536; x_wconf 87' lang='lat' dir='ltr'><strong>laudat</strong></span> <span class='ocrx_word' id='word_1_310' title='bbox 2890 1480 3268 1536; x_wconf 91' lang='lat' dir='ltr'><strong>incitationem</strong></span> <span class='ocrx_word' id='word_1_311' title='bbox 3299 1498 3365 1537; x_wconf 90' lang='lat' dir='ltr'><strong>ac</strong></span> <span class='ocrx_word' id='word_1_312' title='bbox 3397 1483 3750 1538; x_wconf 87' lang='lat' dir='ltr'><strong>vivacitatem</strong></span> 
     </span>
    </p>
   </div>
   <div class='ocr_carea' id='block_1_44' title="bbox 2161 1572 3751 1645">
    <p class='ocr_par' dir='ltr' id='par_1_44' title="bbox 2161 1572 3751 1645">
     <span class='ocr_line' id='line_1_44' title="bbox 2161 1572 3751 1645; baseline 0.002 -18"><span class='ocrx_word' id='word_1_313' title='bbox 2161 1572 2552 1645; x_wconf 90' lang='lat' dir='ltr'><strong>(divinitatem</strong></span> <span class='ocrx_word' id='word_1_314' title='bbox 2583 1572 2798 1628; x_wconf 90' lang='lat' dir='ltr'><strong>scilicet</strong></span> <span class='ocrx_word' id='word_1_315' title='bbox 2824 1572 2844 1645; x_wconf 97' lang='lat'><strong>)</strong></span> <span class='ocrx_word' id='word_1_316' title='bbox 2870 1573 3118 1628; x_wconf 61' lang='lat' dir='ltr'><strong>aemulari</strong></span> <span class='ocrx_word' id='word_1_317' title='bbox 3139 1574 3450 1630; x_wconf 90' lang='lat' dir='ltr'><strong>contendit.</strong></span> <span class='ocrx_word' id='word_1_318' title='bbox 3491 1577 3572 1630; x_wconf 82' lang='lat' dir='ltr'><strong>Ae</strong></span> <span class='ocrx_word' id='word_1_319' title='bbox 3598 1576 3751 1630; x_wconf 90' lang='lat' dir='ltr'><strong>sicut</strong></span> 
     </span>
    </p>
   </div>
   <div class='ocr_carea' id='block_1_45' title="bbox 2167 1664 3750 1738">
    <p class='ocr_par' dir='ltr' id='par_1_45' title="bbox 2167 1664 3750 1738">
     <span class='ocr_line' id='line_1_45' title="bbox 2167 1664 3750 1738; baseline 0.001 -18"><span class='ocrx_word' id='word_1_320' title='bbox 2167 1664 2372 1721; x_wconf 68' lang='lat' dir='ltr'><strong>divina:</strong></span> <span class='ocrx_word' id='word_1_321' title='bbox 2412 1665 2696 1735; x_wconf 80' lang='lat' dir='ltr'><strong>sapientiae</strong></span> <span class='ocrx_word' id='word_1_322' title='bbox 2743 1666 2845 1721; x_wconf 76' lang='lat' dir='ltr'><strong>via:</strong></span> <span class='ocrx_word' id='word_1_323' title='bbox 2893 1665 2951 1720; x_wconf 89' lang='lat' dir='ltr'><strong>in</strong></span> <span class='ocrx_word' id='word_1_324' title='bbox 2992 1666 3156 1731; x_wconf 88' lang='lat' dir='ltr'><strong>mari,</strong></span> <span class='ocrx_word' id='word_1_325' title='bbox 3185 1667 3416 1738; x_wconf 86' lang='lat' dir='ltr'><strong>ejusque</strong></span> <span class='ocrx_word' id='word_1_326' title='bbox 3450 1667 3660 1722; x_wconf 79' lang='lat' dir='ltr'><strong>semitae</strong></span> <span class='ocrx_word' id='word_1_327' title='bbox 3692 1666 3750 1721; x_wconf 84' lang='lat' dir='ltr'><strong>in</strong></span> 
     </span>
    </p>
   </div>
   <div class='ocr_carea' id='block_1_46' title="bbox 2160 1758 3748 1830">
    <p class='ocr_par' dir='ltr' id='par_1_46' title="bbox 2160 1758 3748 1830">
     <span class='ocr_line' id='line_1_46' title="bbox 2160 1758 3748 1830; baseline 0 -17"><span class='ocrx_word' id='word_1_328' title='bbox 2160 1758 2341 1830; x_wconf 88' lang='lat' dir='ltr'><strong>aquis,</strong></span> <span class='ocrx_word' id='word_1_329' title='bbox 2382 1758 2637 1829; x_wconf 89' lang='lat' dir='ltr'><strong>eo-quod</strong></span> <span class='ocrx_word' id='word_1_330' title='bbox 2683 1759 2848 1830; x_wconf 80' lang='lat' dir='ltr'><strong>vulgo</strong></span> <span class='ocrx_word' id='word_1_331' title='bbox 2881 1759 3281 1830; x_wconf 83' lang='lat' dir='ltr'><strong>comprehendi</strong></span> <span class='ocrx_word' id='word_1_332' title='bbox 3339 1775 3450 1814; x_wconf 92' lang='lat' dir='ltr'><strong>non</strong></span> <span class='ocrx_word' id='word_1_333' title='bbox 3494 1759 3748 1830; x_wconf 83' lang='lat' dir='ltr'><strong>possint,</strong></span> 
     </span>
    </p>
   </div>
   <div class='ocr_carea' id='block_1_47' title="bbox 2161 1850 3750 1922">
    <p class='ocr_par' dir='ltr' id='par_1_47' title="bbox 2161 1850 3750 1922">
     <span class='ocr_line' id='line_1_47' title="bbox 2161 1850 3750 1922; baseline 0 -16"><span class='ocrx_word' id='word_1_334' title='bbox 2161 1850 2460 1906; x_wconf 88' lang='lat' dir='ltr'><strong>laudantur</strong></span> <span class='ocrx_word' id='word_1_335' title='bbox 2479 1891 2496 1916; x_wconf 94' lang='lat'><strong>,</strong></span> <span class='ocrx_word' id='word_1_336' title='bbox 2523 1861 2580 1908; x_wconf 89' lang='lat' dir='ltr'><strong>et</strong></span> <span class='ocrx_word' id='word_1_337' title='bbox 2605 1851 2836 1922; x_wconf 88' lang='lat' dir='ltr'><strong>vestigia</strong></span> <span class='ocrx_word' id='word_1_338' title='bbox 2869 1868 2980 1907; x_wconf 92' lang='lat' dir='ltr'><strong>non</strong></span> <span class='ocrx_word' id='word_1_339' title='bbox 3012 1860 3423 1922; x_wconf 85' lang='lat' dir='ltr'><strong>cognoscuntur</strong></span> <span class='ocrx_word' id='word_1_340' title='bbox 3449 1869 3464 1906; x_wconf 90' lang='lat'><strong>:</strong></span> <span class='ocrx_word' id='word_1_341' title='bbox 3493 1853 3575 1908; x_wconf 90' lang='lat' dir='ltr'><strong>sic</strong></span> <span class='ocrx_word' id='word_1_342' title='bbox 3605 1867 3750 1922; x_wconf 92' lang='lat' dir='ltr'><strong>quo-</strong></span> 
     </span>
    </p>
   </div>
   <div class='ocr_carea' id='block_1_48' title="bbox 2156 1943 3752 2015">
    <p class='ocr_par' dir='ltr' id='par_1_48' title="bbox 2156 1943 3752 2015">
     <span class='ocr_line' id='line_1_48' title="bbox 2156 1943 3752 2015; baseline 0.001 -17"><span class='ocrx_word' id='word_1_343' title='bbox 2156 1959 2266 2014; x_wconf 89' lang='lat' dir='ltr'><strong>que</strong></span> <span class='ocrx_word' id='word_1_344' title='bbox 2325 1943 2570 1999; x_wconf 76' lang='lat' dir='ltr'><strong>filiorum</strong></span> <span class='ocrx_word' id='word_1_345' title='bbox 2614 1943 2900 2014; x_wconf 67' lang='lat' dir='ltr'><strong>sapientia:</strong></span> <span class='ocrx_word' id='word_1_346' title='bbox 2955 1945 2978 2015; x_wconf 87' lang='lat'>(</span> <span class='ocrx_word' id='word_1_347' title='bbox 3031 1943 3478 2000; x_wconf 83' lang='lat' dir='ltr'><strong>beatissimorum</strong></span> <span class='ocrx_word' id='word_1_348' title='bbox 3537 1944 3752 1999; x_wconf 83' lang='lat' dir='ltr'><strong>scilicet</strong></span> 
     </span>
    </p>
   </div>
   <div class='ocr_carea' id='block_1_49' title="bbox 2157 2033 3751 2106">
    <p class='ocr_par' dir='ltr' id='par_1_49' title="bbox 2157 2033 3751 2106">
     <span class='ocr_line' id='line_1_49' title="bbox 2157 2033 3751 2106; baseline 0 -16"><span class='ocrx_word' id='word_1_349' title='bbox 2157 2033 2364 2096; x_wconf 86' lang='lat' dir='ltr'><strong>Christi</strong></span> <span class='ocrx_word' id='word_1_350' title='bbox 2398 2034 2820 2105; x_wconf 88' lang='lat' dir='ltr'><strong>discipulorum)</strong></span> <span class='ocrx_word' id='word_1_351' title='bbox 2847 2035 2950 2090; x_wconf 69' lang='lat' dir='ltr'><strong>via:</strong></span> <span class='ocrx_word' id='word_1_352' title='bbox 2976 2035 3258 2090; x_wconf 90' lang='lat' dir='ltr'><strong>intellectu</strong></span> <span class='ocrx_word' id='word_1_353' title='bbox 3287 2034 3558 2100; x_wconf 84' lang='lat' dir='ltr'><strong>dilliciles,</strong></span> <span class='ocrx_word' id='word_1_354' title='bbox 3596 2035 3751 2106; x_wconf 84' lang='lat' dir='ltr'><strong>igne—-</strong></span> 
     </span>
    </p>
   </div>
   <div class='ocr_carea' id='block_1_50' title="bbox 2159 2124 3743 2197">
    <p class='ocr_par' dir='ltr' id='par_1_50' title="bbox 2159 2124 3743 2197">
     <span class='ocr_line' id='line_1_50' title="bbox 2159 2124 3743 2197; baseline -0.001 -16"><span class='ocrx_word' id='word_1_355' title='bbox 2159 2125 2382 2197; x_wconf 64' lang='lat' dir='ltr'><strong>taque(</strong></span> <span class='ocrx_word' id='word_1_356' title='bbox 2412 2140 2578 2195; x_wconf 87' lang='lat' dir='ltr'><strong>quam</strong></span> <span class='ocrx_word' id='word_1_357' title='bbox 2623 2133 2684 2180; x_wconf 92' lang='lat' dir='ltr'><strong>ut</strong></span> <span class='ocrx_word' id='word_1_358' title='bbox 2715 2134 2908 2180; x_wconf 76' lang='lat' dir='ltr'><strong>exacte</strong></span> <span class='ocrx_word' id='word_1_359' title='bbox 2950 2125 3075 2195; x_wconf 90' lang='lat' dir='ltr'><strong>quis</strong></span> <span class='ocrx_word' id='word_1_360' title='bbox 3108 2124 3380 2195; x_wconf 88' lang='lat' dir='ltr'><strong>percipiat</strong></span> <span class='ocrx_word' id='word_1_361' title='bbox 3410 2126 3428 2192; x_wconf 93' lang='lat'><strong>)</strong></span> <span class='ocrx_word' id='word_1_362' title='bbox 3466 2125 3743 2180; x_wconf 86' lang='lat' dir='ltr'><strong>actiones:</strong></span> 
     </span>
    </p>
   </div>
   <div class='ocr_carea' id='block_1_51' title="bbox 2157 2214 3749 2286">
    <p class='ocr_par' dir='ltr' id='par_1_51' title="bbox 2157 2214 3749 2286">
     <span class='ocr_line' id='line_1_51' title="bbox 2157 2214 3749 2286; baseline -0.001 -16"><span class='ocrx_word' id='word_1_363' title='bbox 2157 2214 2380 2270; x_wconf 91' lang='lat' dir='ltr'><strong>illorum</strong></span> <span class='ocrx_word' id='word_1_364' title='bbox 2410 2214 2649 2284; x_wconf 90' lang='lat' dir='ltr'><strong>denique</strong></span> <span class='ocrx_word' id='word_1_365' title='bbox 2670 2215 2958 2286; x_wconf 87' lang='lat' dir='ltr'><strong>magnifica</strong></span> <span class='ocrx_word' id='word_1_366' title='bbox 2988 2229 3178 2285; x_wconf 82' lang='lat' dir='ltr'><strong>opera,</strong></span> <span class='ocrx_word' id='word_1_367' title='bbox 3199 2229 3420 2270; x_wconf 92' lang='lat' dir='ltr'><strong>omnem</strong></span> <span class='ocrx_word' id='word_1_368' title='bbox 3452 2215 3749 2270; x_wconf 87' lang='lat' dir='ltr'><strong>humanam</strong></span> 
     </span>
    </p>
   </div>
   <div class='ocr_carea' id='block_1_52' title="bbox 2153 2303 3254 2360">
    <p class='ocr_par' dir='ltr' id='par_1_52' title="bbox 2153 2303 3254 2360">
     <span class='ocr_line' id='line_1_52' title="bbox 2153 2303 3254 2360; baseline -0.001 0"><span class='ocrx_word' id='word_1_369' title='bbox 2153 2303 2462 2360; x_wconf 85' lang='lat' dir='ltr'><strong>orationem</strong></span> <span class='ocrx_word' id='word_1_370' title='bbox 2496 2304 2770 2360; x_wconf 84' lang='lat' dir='ltr'><strong>excedunt</strong></span> <span class='ocrx_word' id='word_1_371' title='bbox 2805 2321 2871 2360; x_wconf 89' lang='lat' dir='ltr'><strong>ac</strong></span> <span class='ocrx_word' id='word_1_372' title='bbox 2901 2305 3176 2360; x_wconf 90' lang='lat' dir='ltr'><strong>rationem</strong></span> <span class='ocrx_word' id='word_1_373' title='bbox 3208 2306 3254 2338; x_wconf 79' lang='lat'><strong>&quot;</strong></span> 
     </span>
    </p>
   </div>
   <div class='ocr_carea' id='block_1_53' title="bbox 2223 2393 3748 2467">
    <p class='ocr_par' dir='ltr' id='par_1_53' title="bbox 2223 2393 3748 2467">
     <span class='ocr_line' id='line_1_53' title="bbox 2223 2393 3748 2467; baseline 0.002 -19"><span class='ocrx_word' id='word_1_374' title='bbox 2223 2393 2592 2461; x_wconf 83' lang='lat' dir='ltr'><strong>Quamobrem</strong></span> <span class='ocrx_word' id='word_1_375' title='bbox 2611 2395 2778 2450; x_wconf 90' lang='lat' dir='ltr'><strong>etiam</strong></span> <span class='ocrx_word' id='word_1_376' title='bbox 2798 2395 2980 2461; x_wconf 89' lang='lat' dir='ltr'><strong>nobis,</strong></span> <span class='ocrx_word' id='word_1_377' title='bbox 2999 2411 3111 2466; x_wconf 74' lang='lat' dir='ltr'><strong>pra:</strong></span> <span class='ocrx_word' id='word_1_378' title='bbox 3125 2397 3437 2465; x_wconf 76' lang='lat' dir='ltr'><strong>argumenti</strong></span> <span class='ocrx_word' id='word_1_379' title='bbox 3455 2396 3748 2467; x_wconf 78' lang='lat' dir='ltr'><strong>dignitate,</strong></span> 
     </span>
    </p>
   </div>
   <div class='ocr_carea' id='block_1_54' title="bbox 2154 2486 3751 2558">
    <p class='ocr_par' dir='ltr' id='par_1_54' title="bbox 2154 2486 3751 2558">
     <span class='ocr_line' id='line_1_54' title="bbox 2154 2486 3751 2558; baseline 0 -16"><span class='ocrx_word' id='word_1_380' title='bbox 2154 2501 2320 2557; x_wconf 90' lang='lat' dir='ltr'><strong>quam</strong></span> <span class='ocrx_word' id='word_1_381' title='bbox 2347 2502 2512 2542; x_wconf 90' lang='lat' dir='ltr'><strong>nemo</strong></span> <span class='ocrx_word' id='word_1_382' title='bbox 2537 2486 2698 2542; x_wconf 83' lang='lat' dir='ltr'><strong>facile</strong></span> <span class='ocrx_word' id='word_1_383' title='bbox 2725 2488 2943 2558; x_wconf 88' lang='lat' dir='ltr'><strong>assequi</strong></span> <span class='ocrx_word' id='word_1_384' title='bbox 2968 2489 3163 2558; x_wconf 90' lang='lat' dir='ltr'><strong>possit,</strong></span> <span class='ocrx_word' id='word_1_385' title='bbox 3190 2489 3306 2558; x_wconf 92' lang='lat' dir='ltr'><strong>ipsa</strong></span> <span class='ocrx_word' id='word_1_386' title='bbox 3332 2503 3392 2544; x_wconf 87' lang='lat' dir='ltr'><strong>se</strong></span> <span class='ocrx_word' id='word_1_387' title='bbox 3415 2489 3751 2544; x_wconf 86' lang='lat' dir='ltr'><strong>coutrahens</strong></span> 
     </span>
    </p>
   </div>
   <div class='ocr_carea' id='block_1_55' title="bbox 2155 2578 3744 2650">
    <p class='ocr_par' dir='ltr' id='par_1_55' title="bbox 2155 2578 3744 2650">
     <span class='ocr_line' id='line_1_55' title="bbox 2155 2578 3744 2650; baseline -0.001 -17"><span class='ocrx_word' id='word_1_388' title='bbox 2155 2578 2376 2643; x_wconf 88' lang='lat' dir='ltr'><strong>oratio,</strong></span> <span class='ocrx_word' id='word_1_389' title='bbox 2432 2578 2661 2648; x_wconf 73' lang='lat' dir='ltr'><strong>prolixa:</strong></span> <span class='ocrx_word' id='word_1_390' title='bbox 2729 2579 3051 2649; x_wconf 87' lang='lat' dir='ltr'><strong>loquacitati</strong></span> <span class='ocrx_word' id='word_1_391' title='bbox 3108 2579 3331 2650; x_wconf 89' lang='lat' dir='ltr'><strong>longum</strong></span> <span class='ocrx_word' id='word_1_392' title='bbox 3392 2579 3513 2634; x_wconf 86' lang='lat' dir='ltr'><strong>vale</strong></span> <span class='ocrx_word' id='word_1_393' title='bbox 3586 2579 3744 2634; x_wconf 91' lang='lat' dir='ltr'><strong>dicit.</strong></span> 
     </span>
    </p>
   </div>
   <div class='ocr_carea' id='block_1_56' title="bbox 2152 2667 3747 2739">
    <p class='ocr_par' dir='ltr' id='par_1_56' title="bbox 2152 2667 3747 2739">
     <span class='ocr_line' id='line_1_56' title="bbox 2152 2667 3747 2739; baseline -0.002 -16"><span class='ocrx_word' id='word_1_394' title='bbox 2152 2668 2390 2723; x_wconf 79' lang='lat' dir='ltr'><strong>Arenam</strong></span> <span class='ocrx_word' id='word_1_395' title='bbox 2414 2667 2565 2722; x_wconf 91' lang='lat' dir='ltr'><strong>enim</strong></span> <span class='ocrx_word' id='word_1_396' title='bbox 2596 2668 2616 2739; x_wconf 92' lang='lat'>(</span> <span class='ocrx_word' id='word_1_397' title='bbox 2650 2668 2806 2722; x_wconf 91' lang='lat' dir='ltr'><strong>aiunt</strong></span> <span class='ocrx_word' id='word_1_398' title='bbox 2837 2667 3024 2722; x_wconf 85' lang='lat' dir='ltr'><strong>divina</strong></span> <span class='ocrx_word' id='word_1_399' title='bbox 3048 2668 3272 2723; x_wconf 87' lang='lat' dir='ltr'><strong>oracula</strong></span> <span class='ocrx_word' id='word_1_400' title='bbox 3302 2668 3319 2739; x_wconf 93' lang='lat'>)</span> <span class='ocrx_word' id='word_1_401' title='bbox 3346 2669 3579 2721; x_wconf 80' lang='lat' dir='ltr'><strong>marium</strong></span> <span class='ocrx_word' id='word_1_402' title='bbox 3606 2707 3621 2731; x_wconf 93' lang='lat'><strong>,</strong></span> <span class='ocrx_word' id='word_1_403' title='bbox 3652 2675 3747 2721; x_wconf 74' lang='lat' dir='ltr'><strong>aut</strong></span> 
     </span>
    </p>
   </div>
   <div class='ocr_carea' id='block_1_57' title="bbox 2152 2758 3750 2832">
    <p class='ocr_par' dir='ltr' id='par_1_57' title="bbox 2152 2758 3750 2832">
     <span class='ocr_line' id='line_1_57' title="bbox 2152 2758 3750 2832; baseline -0.001 -18"><span class='ocrx_word' id='word_1_404' title='bbox 2152 2759 2345 2832; x_wconf 67' lang='lat' dir='ltr'><strong>pluviae</strong></span> <span class='ocrx_word' id='word_1_405' title='bbox 2372 2769 2572 2832; x_wconf 84' lang='lat' dir='ltr'><strong>guttas,</strong></span> <span class='ocrx_word' id='word_1_406' title='bbox 2612 2758 2695 2813; x_wconf 80' lang='lat' dir='ltr'><strong>vel</strong></span> <span class='ocrx_word' id='word_1_407' title='bbox 2741 2760 2850 2813; x_wconf 77' lang='lat' dir='ltr'><strong>dies</strong></span> <span class='ocrx_word' id='word_1_408' title='bbox 2875 2759 3075 2824; x_wconf 64' lang='lat' dir='ltr'><strong>seaculi,</strong></span> <span class='ocrx_word' id='word_1_409' title='bbox 3125 2760 3241 2830; x_wconf 87' lang='lat' dir='ltr'><strong>quis</strong></span> <span class='ocrx_word' id='word_1_410' title='bbox 3290 2759 3619 2813; x_wconf 76' lang='lat' dir='ltr'><strong>enumerabit</strong></span> <span class='ocrx_word' id='word_1_411' title='bbox 3651 2759 3696 2790; x_wconf 82' lang='grc'>⁸³</span> <span class='ocrx_word' id='word_1_412' title='bbox 3723 2759 3750 2812; x_wconf 74' lang='grc'><em>2</em></span> 
     </span>
    </p>
   </div>
   <div class='ocr_carea' id='block_1_58' title="bbox 2151 2847 3748 2922">
    <p class='ocr_par' dir='ltr' id='par_1_58' title="bbox 2151 2847 3748 2922">
     <span class='ocr_line' id='line_1_58' title="bbox 2151 2847 3748 2922; baseline -0.003 -14"><span class='ocrx_word' id='word_1_413' title='bbox 2151 2851 2425 2922; x_wconf 79' lang='lat' dir='ltr'><strong>Abyssum</strong></span> <span class='ocrx_word' id='word_1_414' title='bbox 2459 2866 2594 2906; x_wconf 91' lang='lat' dir='ltr'><strong>vero</strong></span> <span class='ocrx_word' id='word_1_415' title='bbox 2618 2850 3033 2915; x_wconf 87' lang='lat' dir='ltr'><strong>miraculorum,</strong></span> <span class='ocrx_word' id='word_1_416' title='bbox 3067 2849 3494 2918; x_wconf 89' lang='lat' dir='ltr'><strong>divinorumque</strong></span> <span class='ocrx_word' id='word_1_417' title='bbox 3515 2847 3748 2903; x_wconf 89' lang='lat' dir='ltr'><strong>scientia</strong></span> 
     </span>
    </p>
   </div>
   <div class='ocr_carea' id='block_1_59' title="bbox 2151 2936 3748 3010">
    <p class='ocr_par' dir='ltr' id='par_1_59' title="bbox 2151 2936 3748 3010">
     <span class='ocr_line' id='line_1_59' title="bbox 2151 2936 3748 3010; baseline -0.003 -15"><span class='ocrx_word' id='word_1_418' title='bbox 2151 2938 2611 3010; x_wconf 75' lang='lat' dir='ltr'><strong>perspicacissimi</strong></span> <span class='ocrx_word' id='word_1_419' title='bbox 2639 2938 2826 2994; x_wconf 86' lang='lat' dir='ltr'><strong>Jacobi</strong></span> <span class='ocrx_word' id='word_1_420' title='bbox 2864 2937 3209 3006; x_wconf 89' lang='lat' dir='ltr'><strong>sapientiam,</strong></span> <span class='ocrx_word' id='word_1_421' title='bbox 3248 2938 3602 3006; x_wconf 70' lang='lat' dir='ltr'><strong>cmlestisque</strong></span> <span class='ocrx_word' id='word_1_422' title='bbox 3643 2936 3748 2990; x_wconf 88' lang='lat' dir='ltr'><strong>do-</strong></span> 
     </span>
    </p>
   </div>
   <div class='ocr_carea' id='block_1_60' title="bbox 2154 3015 3749 3100">
    <p class='ocr_par' dir='ltr' id='par_1_60' title="bbox 2154 3015 3749 3100">
     <span class='ocr_line' id='line_1_60' title="bbox 2154 3015 3749 3100; baseline -0.003 -15"><span class='ocrx_word' id='word_1_423' title='bbox 2154 3030 2314 3086; x_wconf 68' lang='lat' dir='ltr'><strong>trinae</strong></span> <span class='ocrx_word' id='word_1_424' title='bbox 2364 3046 2429 3086; x_wconf 90' lang='lat' dir='ltr'><strong>ac</strong></span> <span class='ocrx_word' id='word_1_425' title='bbox 2476 3027 2790 3100; x_wconf 72' lang='lat' dir='ltr'><strong>Theologize</strong></span> <span class='ocrx_word' id='word_1_426' title='bbox 2837 3015 3132 3098; x_wconf 85' lang='lat' dir='ltr'><strong>profunda,</strong></span> <span class='ocrx_word' id='word_1_427' title='bbox 3184 3028 3310 3098; x_wconf 87' lang='lat' dir='ltr'><strong>quis</strong></span> <span class='ocrx_word' id='word_1_428' title='bbox 3360 3027 3749 3098; x_wconf 74' lang='lat' dir='ltr'><strong>investigabit?</strong></span> 
     </span>
    </p>
   </div>
   <div class='ocr_carea' id='block_1_61' title="bbox 2152 3121 3748 3193">
    <p class='ocr_par' dir='ltr' id='par_1_61' title="bbox 2152 3121 3748 3193">
     <span class='ocr_line' id='line_1_61' title="bbox 2152 3121 3748 3193; baseline -0.003 -16"><span class='ocrx_word' id='word_1_429' title='bbox 2152 3122 2591 3193; x_wconf 80' lang='lat' dir='ltr'><strong>proﬂigationem</strong></span> <span class='ocrx_word' id='word_1_430' title='bbox 2622 3122 2933 3177; x_wconf 64' lang='lat' dir='ltr'><strong>dmmonum</strong></span> <span class='ocrx_word' id='word_1_431' title='bbox 2959 3131 3016 3176; x_wconf 89' lang='lat' dir='ltr'><strong>et</strong></span> <span class='ocrx_word' id='word_1_432' title='bbox 3036 3121 3454 3191; x_wconf 83' lang='lat' dir='ltr'><strong>expulsionem;</strong></span> <span class='ocrx_word' id='word_1_433' title='bbox 3481 3121 3748 3174; x_wconf 85' lang='lat' dir='ltr'><strong>humana-</strong></span> 
     </span>
    </p>
   </div>
   <div class='ocr_carea' id='block_1_62' title="bbox 447 3213 2043 3292">
    <p class='ocr_par' dir='ltr' id='par_1_62' title="bbox 447 3213 2043 3292">
     <span class='ocr_line' id='line_1_62' title="bbox 447 3213 2043 3292; baseline 0.006 -26"><span class='ocrx_word' id='word_1_434' title='bbox 447 3213 665 3282; x_wconf 78' lang='grc' dir='ltr'><strong>νεκρῶν</strong></span> <span class='ocrx_word' id='word_1_435' title='bbox 702 3215 805 3286; x_wconf 81' lang='grc' dir='ltr'><strong>τὴν</strong></span> <span class='ocrx_word' id='word_1_436' title='bbox 855 3217 1175 3284; x_wconf 89' lang='grc' dir='ltr'><strong>ἀνάστασιν,</strong></span> <span class='ocrx_word' id='word_1_437' title='bbox 1203 3218 1314 3272; x_wconf 86' lang='grc' dir='ltr'><strong>τῶν</strong></span> <span class='ocrx_word' id='word_1_438' title='bbox 1341 3219 1534 3290; x_wconf 87' lang='grc' dir='ltr'><strong>χωλῶν</strong></span> <span class='ocrx_word' id='word_1_439' title='bbox 1565 3223 1666 3290; x_wconf 77' lang='grc' dir='ltr'><strong>τὴν</strong></span> <span class='ocrx_word' id='word_1_440' title='bbox 1710 3223 2043 3292; x_wconf 81' lang='grc' dir='ltr'><strong>άνάρῤωσιν,</strong></span> 
     </span>
    </p>
   </div>
   <div class='ocr_carea' id='block_1_63' title="bbox 2152 3213 3745 3292">
    <p class='ocr_par' dir='ltr' id='par_1_63' title="bbox 2152 3213 3745 3284">
     <span class='ocr_line' id='line_1_63' title="bbox 2152 3213 3745 3284; baseline -0.002 -16"><span class='ocrx_word' id='word_1_441' title='bbox 2152 3230 2270 3270; x_wconf 89' lang='lat' dir='ltr'><strong>rum</strong></span> <span class='ocrx_word' id='word_1_442' title='bbox 2333 3214 2652 3284; x_wconf 84' lang='lat' dir='ltr'><strong>passionum</strong></span> <span class='ocrx_word' id='word_1_443' title='bbox 2725 3213 3163 3282; x_wconf 87' lang='lat' dir='ltr'><strong>morborumque</strong></span> <span class='ocrx_word' id='word_1_444' title='bbox 3244 3213 3593 3267; x_wconf 89' lang='lat' dir='ltr'><strong>curationem</strong></span> <span class='ocrx_word' id='word_1_445' title='bbox 3677 3227 3745 3265; x_wconf 91' lang='lat' dir='ltr'><strong>ac</strong></span> 
     </span>
    </p>
   </div>
   <div class='ocr_carea' id='block_1_64' title="bbox 446 3305 2034 3384">
    <p class='ocr_par' dir='ltr' id='par_1_64' title="bbox 446 3305 2034 3384">
     <span class='ocr_line' id='line_1_64' title="bbox 446 3305 2034 3384; baseline 0.006 -25"><span class='ocrx_word' id='word_1_446' title='bbox 446 3305 562 3360; x_wconf 77' lang='grc' dir='ltr'><strong>τῶν</strong></span> <span class='ocrx_word' id='word_1_447' title='bbox 589 3307 810 3377; x_wconf 83' lang='grc' dir='ltr'><strong>τυφλῶν</strong></span> <span class='ocrx_word' id='word_1_448' title='bbox 855 3309 956 3378; x_wconf 78' lang='grc' dir='ltr'><strong>τὴν</strong></span> <span class='ocrx_word' id='word_1_449' title='bbox 991 3308 1309 3379; x_wconf 81' lang='grc' dir='ltr'><strong>ἀνάϐλεψιν,</strong></span> <span class='ocrx_word' id='word_1_450' title='bbox 1363 3311 1460 3366; x_wconf 77' lang='grc' dir='ltr'><strong>καὶ</strong></span> <span class='ocrx_word' id='word_1_451' title='bbox 1503 3313 1688 3383; x_wconf 88' lang='grc' dir='ltr'><strong>πάσης</strong></span> <span class='ocrx_word' id='word_1_452' title='bbox 1729 3313 2034 3384; x_wconf 81' lang='grc' dir='ltr'><strong>πηρώσεως</strong></span> 
     </span>
    </p>
   </div>
   <div class='ocr_carea' id='block_1_65' title="bbox 447 3393 2036 3476">
    <p class='ocr_par' dir='ltr' id='par_1_65' title="bbox 447 3393 2036 3476">
     <span class='ocr_line' id='line_1_65' title="bbox 447 3393 2036 3476; baseline 0.007 -29"><span class='ocrx_word' id='word_1_453' title='bbox 447 3393 704 3466; x_wconf 85' lang='grc' dir='ltr'><strong>σώματος</strong></span> <span class='ocrx_word' id='word_1_454' title='bbox 730 3397 907 3467; x_wconf 71' lang='grc' dir='ltr'><strong>τάςξὲν</strong></span> <span class='ocrx_word' id='word_1_455' title='bbox 930 3397 1343 3471; x_wconf 83' lang='grc' dir='ltr'><strong>όνόματιἸησοῦ</strong></span> <span class='ocrx_word' id='word_1_456' title='bbox 1368 3401 1666 3472; x_wconf 85' lang='grc' dir='ltr'><strong>θεραπείας</strong></span> <span class='ocrx_word' id='word_1_457' title='bbox 1686 3404 2036 3476; x_wconf 77' lang='grc' dir='ltr'><strong>ἀναγράψαις</strong></span> 
     </span>
    </p>
   </div>
   <div class='ocr_carea' id='block_1_66' title="bbox 447 3486 2042 3569">
    <p class='ocr_par' dir='ltr' id='par_1_66' title="bbox 447 3486 2042 3569">
     <span class='ocr_line' id='line_1_66' title="bbox 447 3486 2042 3569; baseline 0.006 -27"><span class='ocrx_word' id='word_1_458' title='bbox 447 3486 548 3552; x_wconf 81' lang='grc' dir='ltr'><strong>Τίς</strong></span> <span class='ocrx_word' id='word_1_459' title='bbox 579 3488 682 3553; x_wconf 89' lang='grc' dir='ltr'><strong>τάς</strong></span> <span class='ocrx_word' id='word_1_460' title='bbox 719 3488 936 3562; x_wconf 78' lang='grc' dir='ltr'><strong>μακρὰς</strong></span> <span class='ocrx_word' id='word_1_461' title='bbox 960 3491 1290 3564; x_wconf 83' lang='grc' dir='ltr'><strong>ὁδοιπορίας,</strong></span> <span class='ocrx_word' id='word_1_462' title='bbox 1317 3492 1418 3556; x_wconf 85' lang='grc' dir='ltr'><strong>τάς</strong></span> <span class='ocrx_word' id='word_1_463' title='bbox 1462 3494 1873 3560; x_wconf 86' lang='grc' dir='ltr'><strong>ἀκαταστασίας</strong></span> <span class='ocrx_word' id='word_1_464' title='bbox 1908 3495 2042 3569; x_wconf 64' lang='grc'><strong>(29),</strong></span> 
     </span>
    </p>
   </div>
   <div class='ocr_carea' id='block_1_67' title="bbox 443 3577 2043 3654">
    <p class='ocr_par' dir='ltr' id='par_1_67' title="bbox 443 3577 2043 3654">
     <span class='ocr_line' id='line_1_67' title="bbox 443 3577 2043 3654; baseline 0.005 -22"><span class='ocrx_word' id='word_1_465' title='bbox 443 3577 576 3642; x_wconf 69' lang='grc' dir='ltr'><strong>τοὺς</strong></span> <span class='ocrx_word' id='word_1_466' title='bbox 605 3579 908 3646; x_wconf 82' lang='grc' dir='ltr'><strong>κινδύνους,</strong></span> <span class='ocrx_word' id='word_1_467' title='bbox 939 3581 1038 3645; x_wconf 83' lang='grc' dir='ltr'><strong>τάς</strong></span> <span class='ocrx_word' id='word_1_468' title='bbox 1072 3581 1454 3654; x_wconf 87' lang='grc' dir='ltr'><strong>πολυτρόπους</strong></span> <span class='ocrx_word' id='word_1_469' title='bbox 1496 3585 1900 3649; x_wconf 78' lang='grc' dir='ltr'><strong>ἐπαναστάσεις</strong></span> <span class='ocrx_word' id='word_1_470' title='bbox 1945 3589 2043 3642; x_wconf 74' lang='grc' dir='ltr'><strong>καὶ</strong></span> 
     </span>
    </p>
   </div>
   <div class='ocr_carea' id='block_1_68' title="bbox 443 3671 2041 3747">
    <p class='ocr_par' dir='ltr' id='par_1_68' title="bbox 443 3671 2041 3747">
     <span class='ocr_line' id='line_1_68' title="bbox 443 3671 2041 3747; baseline 0.005 -23"><span class='ocrx_word' id='word_1_471' title='bbox 443 3671 750 3741; x_wconf 68' lang='grc' dir='ltr'><strong>ἐπαγωγὰς</strong></span> <span class='ocrx_word' id='word_1_472' title='bbox 798 3671 909 3726; x_wconf 88' lang='grc' dir='ltr'><strong>τῶν</strong></span> <span class='ocrx_word' id='word_1_473' title='bbox 984 3673 1368 3744; x_wconf 76' lang='grc' dir='ltr'><strong>Ἑλληνιστῶνς</strong></span> <span class='ocrx_word' id='word_1_474' title='bbox 1437 3677 1539 3730; x_wconf 82' lang='grc' dir='ltr'><strong>ὅσα</strong></span> <span class='ocrx_word' id='word_1_475' title='bbox 1609 3678 1670 3731; x_wconf 81' lang='grc' dir='ltr'><strong>ἐν</strong></span> <span class='ocrx_word' id='word_1_476' title='bbox 1729 3678 2041 3747; x_wconf 82' lang='grc' dir='ltr'><strong>Ἐλευθερο-</strong></span> 
     </span>
    </p>
   </div>
   <div class='ocr_carea' id='block_1_69' title="bbox 444 3764 2041 3838">
    <p class='ocr_par' dir='ltr' id='par_1_69' title="bbox 444 3764 2041 3838">
     <span class='ocr_line' id='line_1_69' title="bbox 444 3764 2041 3838; baseline 0.003 -20"><span class='ocrx_word' id='word_1_477' title='bbox 444 3764 604 3819; x_wconf 64' lang='lat' dir='ltr'><strong>nam</strong></span> <span class='ocrx_word' id='word_1_478' title='bbox 641 3764 802 3833; x_wconf 68' lang='grc' dir='ltr'><strong>ἰιιιιιράΔ</strong></span> <span class='ocrx_word' id='word_1_479' title='bbox 823 3765 930 3820; x_wconf 89' lang='grc' dir='ltr'><strong>τῶν</strong></span> <span class='ocrx_word' id='word_1_480' title='bbox 957 3769 1056 3834; x_wconf 85' lang='grc' dir='ltr'><strong>τῆς</strong></span> <span class='ocrx_word' id='word_1_481' title='bbox 1085 3766 1340 3830; x_wconf 85' lang='grc' dir='ltr'><strong>ἀσεϐείας</strong></span> <span class='ocrx_word' id='word_1_482' title='bbox 1367 3766 1596 3838; x_wconf 79' lang='grc' dir='ltr'><strong>ἀνέσχεν</strong></span> <span class='ocrx_word' id='word_1_483' title='bbox 1641 3769 2004 3823; x_wconf 78' lang='grc' dir='ltr'><strong>ὑπασπιστῶν</strong></span> <span class='ocrx_word' id='word_1_484' title='bbox 2027 3783 2041 3798; x_wconf 87' lang='grc'><strong>·</strong></span> 
     </span>
    </p>
   </div>
   <div class='ocr_carea' id='block_1_70' title="bbox 444 3857 2046 3932">
    <p class='ocr_par' dir='ltr' id='par_1_70' title="bbox 444 3857 2046 3932">
     <span class='ocr_line' id='line_1_70' title="bbox 444 3857 2046 3932; baseline 0.002 -20"><span class='ocrx_word' id='word_1_485' title='bbox 444 3857 551 3912; x_wconf 77' lang='grc' dir='ltr'><strong>ὅσα</strong></span> <span class='ocrx_word' id='word_1_486' title='bbox 580 3858 638 3912; x_wconf 83' lang='grc' dir='ltr'><strong>ἐν</strong></span> <span class='ocrx_word' id='word_1_487' title='bbox 662 3857 811 3929; x_wconf 80' lang='grc' dir='ltr'><strong>Γάζῃ</strong></span> <span class='ocrx_word' id='word_1_488' title='bbox 838 3859 934 3912; x_wconf 77' lang='grc' dir='ltr'><strong>καὶ</strong></span> <span class='ocrx_word' id='word_1_489' title='bbox 959 3858 1144 3932; x_wconf 78' lang='grc' dir='ltr'><strong>Ὺύρῳ,</strong></span> <span class='ocrx_word' id='word_1_490' title='bbox 1171 3859 1268 3914; x_wconf 74' lang='grc' dir='ltr'><strong>καὶ</strong></span> <span class='ocrx_word' id='word_1_491' title='bbox 1291 3862 1411 3924; x_wconf 83' lang='grc' dir='ltr'><strong>ταῖς</strong></span> <span class='ocrx_word' id='word_1_492' title='bbox 1440 3860 1726 3932; x_wconf 77' lang='grc' dir='ltr'><strong>ἐχομέναις</strong></span> <span class='ocrx_word' id='word_1_493' title='bbox 1756 3861 1864 3916; x_wconf 89' lang='grc' dir='ltr'><strong>τῶν</strong></span> <span class='ocrx_word' id='word_1_494' title='bbox 1887 3863 2046 3918; x_wconf 87' lang='grc' dir='ltr'><strong>ἀλλο-</strong></span> 
     </span>
    </p>
   </div>
   <div class='ocr_carea' id='block_1_71' title="bbox 447 3947 2044 4024">
    <p class='ocr_par' dir='ltr' id='par_1_71' title="bbox 447 3947 2044 4024">
     <span class='ocr_line' id='line_1_71' title="bbox 447 3947 2044 4024; baseline 0.003 -21"><span class='ocrx_word' id='word_1_495' title='bbox 447 3948 639 4020; x_wconf 82' lang='grc' dir='ltr'><strong>φύλων</strong></span> <span class='ocrx_word' id='word_1_496' title='bbox 691 3950 1107 4020; x_wconf 81' lang='grc' dir='ltr'><strong>κωμοπόλεσιν,</strong></span> <span class='ocrx_word' id='word_1_497' title='bbox 1142 3953 1201 4006; x_wconf 87' lang='grc' dir='ltr'><strong>ἐν</strong></span> <span class='ocrx_word' id='word_1_498' title='bbox 1249 3947 1340 4015; x_wconf 80' lang='grc' dir='ltr'><strong>αῖς</strong></span> <span class='ocrx_word' id='word_1_499' title='bbox 1399 3952 1429 4005; x_wconf 89' lang='grc' dir='ltr'><strong>ό</strong></span> <span class='ocrx_word' id='word_1_500' title='bbox 1485 3951 2044 4024; x_wconf 83' lang='grc' dir='ltr'><strong>τρισμακαριὼτατος</strong></span> 
     </span>
    </p>
   </div>
   <div class='ocr_carea' id='block_1_72' title="bbox 446 4038 2038 4115">
    <p class='ocr_par' dir='ltr' id='par_1_72' title="bbox 446 4038 2038 4115">
     <span class='ocr_line' id='line_1_72' title="bbox 446 4038 2038 4115; baseline 0.004 -23"><span class='ocrx_word' id='word_1_501' title='bbox 446 4038 835 4109; x_wconf 79' lang='grc' dir='ltr'><strong>εὐηγγελίζετο</strong></span> <span class='ocrx_word' id='word_1_502' title='bbox 859 4039 951 4094; x_wconf 77' lang='grc' dir='ltr'><strong>τὸν</strong></span> <span class='ocrx_word' id='word_1_503' title='bbox 1000 4041 1234 4111; x_wconf 86' lang='grc' dir='ltr'><strong>Χριστόν</strong></span> <span class='ocrx_word' id='word_1_504' title='bbox 1263 4057 1279 4106; x_wconf 89' lang='lat'><strong>;</strong></span> <span class='ocrx_word' id='word_1_505' title='bbox 1305 4041 1402 4105; x_wconf 88' lang='grc' dir='ltr'><strong>Τίς</strong></span> <span class='ocrx_word' id='word_1_506' title='bbox 1463 4041 1534 4096; x_wconf 82' lang='grc' dir='ltr'><strong>τὰ</strong></span> <span class='ocrx_word' id='word_1_507' title='bbox 1581 4042 1764 4115; x_wconf 83' lang='grc' dir='ltr'><strong>πλήθη</strong></span> <span class='ocrx_word' id='word_1_508' title='bbox 1819 4045 1932 4098; x_wconf 88' lang='grc' dir='ltr'><strong>τῶν</strong></span> <span class='ocrx_word' id='word_1_509' title='bbox 1966 4045 2038 4099; x_wconf 86' lang='grc' dir='ltr'><strong>δι’</strong></span> 
     </span>
    </p>
   </div>
   <div class='ocr_carea' id='block_1_73' title="bbox 449 4127 2046 4204">
    <p class='ocr_par' dir='ltr' id='par_1_73' title="bbox 449 4127 2046 4204">
     <span class='ocr_line' id='line_1_73' title="bbox 449 4127 2046 4204; baseline 0.004 -22"><span class='ocrx_word' id='word_1_510' title='bbox 449 4127 622 4182; x_wconf 86' lang='grc' dir='ltr'><strong>αὑτοῦ</strong></span> <span class='ocrx_word' id='word_1_511' title='bbox 672 4130 898 4202; x_wconf 85' lang='grc' dir='ltr'><strong>Χριστῷ</strong></span> <span class='ocrx_word' id='word_1_512' title='bbox 928 4132 1387 4204; x_wconf 78' lang='grc' dir='ltr'><strong>προσαγομένων,</strong></span> <span class='ocrx_word' id='word_1_513' title='bbox 1413 4133 1509 4186; x_wconf 79' lang='grc' dir='ltr'><strong>καὶ</strong></span> <span class='ocrx_word' id='word_1_514' title='bbox 1533 4132 1687 4188; x_wconf 79' lang='grc' dir='ltr'><strong>ὕδατι</strong></span> <span class='ocrx_word' id='word_1_515' title='bbox 1723 4135 1819 4190; x_wconf 78' lang='grc' dir='ltr'><strong>καὶ</strong></span> <span class='ocrx_word' id='word_1_516' title='bbox 1873 4135 2046 4189; x_wconf 73' lang='lat' dir='ltr'><strong>Ilvati-</strong></span> 
     </span>
    </p>
   </div>
   <div class='ocr_carea' id='block_1_74' title="bbox 453 4220 2042 4295">
    <p class='ocr_par' dir='ltr' id='par_1_74' title="bbox 453 4220 2042 4295">
     <span class='ocr_line' id='line_1_74' title="bbox 453 4220 2042 4295; baseline 0.004 -21"><span class='ocrx_word' id='word_1_517' title='bbox 453 4236 590 4291; x_wconf 84' lang='grc' dir='ltr'><strong>ματι</strong></span> <span class='ocrx_word' id='word_1_518' title='bbox 617 4220 1031 4292; x_wconf 84' lang='grc' dir='ltr'><strong>καθαιρομένων</strong></span> <span class='ocrx_word' id='word_1_519' title='bbox 1085 4223 1180 4276; x_wconf 78' lang='grc' dir='ltr'><strong>καὶ</strong></span> <span class='ocrx_word' id='word_1_520' title='bbox 1224 4223 1616 4295; x_wconf 76' lang='grc' dir='ltr'><strong>φωτιζομένων</strong></span> <span class='ocrx_word' id='word_1_521' title='bbox 1645 4242 1662 4259; x_wconf 77' lang='grc' dir='ltr'><strong><em>ο</em></strong></span> <span class='ocrx_word' id='word_1_522' title='bbox 1695 4227 1788 4280; x_wconf 79' lang='grc' dir='ltr'><strong>καὶ</strong></span> <span class='ocrx_word' id='word_1_523' title='bbox 1815 4227 1905 4280; x_wconf 77' lang='grc' dir='ltr'><strong>διὰ</strong></span> <span class='ocrx_word' id='word_1_524' title='bbox 1931 4227 2042 4281; x_wconf 91' lang='grc' dir='ltr'><strong>τῶν</strong></span> 
     </span>
    </p>
   </div>
   <div class='ocr_carea' id='block_1_75' title="bbox 368 4303 2040 4388">
    <p class='ocr_par' dir='ltr' id='par_1_75' title="bbox 368 4303 2040 4388">
     <span class='ocr_line' id='line_1_75' title="bbox 368 4303 2040 4388; baseline 0.004 -23"><span class='ocrx_word' id='word_1_525' title='bbox 368 4323 370 4325; x_wconf 74' lang='grc'><em>’</em></span> <span class='ocrx_word' id='word_1_526' title='bbox 449 4312 546 4366; x_wconf 84' lang='grc' dir='ltr'><strong>ὑπ’</strong></span> <span class='ocrx_word' id='word_1_527' title='bbox 571 4303 737 4366; x_wconf 82' lang='grc' dir='ltr'><strong>αὐτοῦ</strong></span> <span class='ocrx_word' id='word_1_528' title='bbox 793 4313 982 4382; x_wconf 79' lang='grc' dir='ltr'><strong>ἱερέων</strong></span> <span class='ocrx_word' id='word_1_529' title='bbox 1025 4315 1446 4382; x_wconf 80' lang='grc' dir='ltr'><strong>καθισταμένων</strong></span> <span class='ocrx_word' id='word_1_530' title='bbox 1499 4317 1596 4370; x_wconf 56' lang='grc' dir='ltr'><strong>καί¹</strong></span> <span class='ocrx_word' id='word_1_531' title='bbox 1623 4316 1930 4388; x_wconf 83' lang='grc' dir='ltr'><strong>ἀρχιερέων</strong></span> <span class='ocrx_word' id='word_1_532' title='bbox 1956 4319 2040 4384; x_wconf 87' lang='grc' dir='ltr'><strong>είς</strong></span> 
     </span>
    </p>
   </div>
   <div class='ocr_carea' id='block_1_76' title="bbox 451 4403 2042 4476">
    <p class='ocr_par' dir='ltr' id='par_1_76' title="bbox 451 4403 2042 4476">
     <span class='ocr_line' id='line_1_76' title="bbox 451 4403 2042 4476; baseline 0.004 -21"><span class='ocrx_word' id='word_1_533' title='bbox 451 4403 757 4474; x_wconf 82' lang='grc' dir='ltr'><strong>ἐκκλησίας</strong></span> <span class='ocrx_word' id='word_1_534' title='bbox 822 4403 901 4472; x_wconf 88' lang='grc' dir='ltr'>τῷ</span> <span class='ocrx_word' id='word_1_535' title='bbox 965 4403 1284 4476; x_wconf 80' lang='grc' dir='ltr'><strong>Ὑπεραγίῳ</strong></span> <span class='ocrx_word' id='word_1_536' title='bbox 1357 4406 1878 4476; x_wconf 72' lang='grc' dir='ltr'><strong>καταρτιζομένωνς</strong></span> <span class='ocrx_word' id='word_1_537' title='bbox 1943 4409 2042 4473; x_wconf 92' lang='grc' dir='ltr'><strong>Τίς</strong></span> 
     </span>
    </p>
   </div>
   <div class='ocr_carea' id='block_1_77' title="bbox 448 4491 2040 4568">
    <p class='ocr_par' dir='ltr' id='par_1_77' title="bbox 448 4491 2040 4568">
     <span class='ocr_line' id='line_1_77' title="bbox 448 4491 2040 4568; baseline 0.004 -21"><span class='ocrx_word' id='word_1_538' title='bbox 448 4491 650 4557; x_wconf 85' lang='grc' dir='ltr'><strong>ταῦτα,</strong></span> <span class='ocrx_word' id='word_1_539' title='bbox 697 4493 793 4548; x_wconf 76' lang='grc' dir='ltr'><strong>καὶ</strong></span> <span class='ocrx_word' id='word_1_540' title='bbox 845 4494 917 4548; x_wconf 87' lang='grc' dir='ltr'><strong>τὰ</strong></span> <span class='ocrx_word' id='word_1_541' title='bbox 951 4493 1162 4558; x_wconf 88' lang='grc' dir='ltr'><strong>τούτοις</strong></span> <span class='ocrx_word' id='word_1_542' title='bbox 1215 4494 1460 4565; x_wconf 82' lang='grc' dir='ltr'><strong>ἑπόμενα</strong></span> <span class='ocrx_word' id='word_1_543' title='bbox 1497 4497 1598 4567; x_wconf 83' lang='grc' dir='ltr'><strong>τῆς</strong></span> <span class='ocrx_word' id='word_1_544' title='bbox 1627 4497 2040 4568; x_wconf 85' lang='grc' dir='ltr'><strong>ἀληθογνωσίας</strong></span> 
     </span>
    </p>
   </div>
   <div class='ocr_carea' id='block_1_78' title="bbox 2155 3300 3746 3372">
    <p class='ocr_par' dir='ltr' id='par_1_78' title="bbox 2155 3300 3746 3372">
     <span class='ocr_line' id='line_1_78' title="bbox 2155 3300 3746 3372; baseline -0.005 -11"><span class='ocrx_word' id='word_1_545' title='bbox 2155 3305 2523 3372; x_wconf 88' lang='lat' dir='ltr'><strong>amotionem;</strong></span> <span class='ocrx_word' id='word_1_546' title='bbox 2556 3313 2904 3359; x_wconf 90' lang='lat' dir='ltr'><strong>mortuorum</strong></span> <span class='ocrx_word' id='word_1_547' title='bbox 2936 3303 3383 3366; x_wconf 82' lang='lat' dir='ltr'><strong>suscitationem,</strong></span> <span class='ocrx_word' id='word_1_548' title='bbox 3417 3300 3746 3356; x_wconf 91' lang='lat' dir='ltr'><strong>claudorum</strong></span> 
     </span>
    </p>
   </div>
   <div class='ocr_carea' id='block_1_79' title="bbox 2157 3393 3744 3461">
    <p class='ocr_par' dir='ltr' id='par_1_79' title="bbox 2157 3393 3744 3461">
     <span class='ocr_line' id='line_1_79' title="bbox 2157 3393 3744 3461; baseline -0.003 -11"><span class='ocrx_word' id='word_1_549' title='bbox 2157 3396 2403 3450; x_wconf 82' lang='lat' dir='ltr'><strong>firmatas</strong></span> <span class='ocrx_word' id='word_1_550' title='bbox 2425 3396 2605 3460; x_wconf 88' lang='lat' dir='ltr'><strong>bases,</strong></span> <span class='ocrx_word' id='word_1_551' title='bbox 2655 3396 2834 3450; x_wconf 89' lang='lat' dir='ltr'><strong>visum</strong></span> <span class='ocrx_word' id='word_1_552' title='bbox 2883 3395 3042 3450; x_wconf 79' lang='lat' dir='ltr'><strong>caecis</strong></span> <span class='ocrx_word' id='word_1_553' title='bbox 3097 3393 3398 3458; x_wconf 88' lang='lat' dir='ltr'><strong>redditum,</strong></span> <span class='ocrx_word' id='word_1_554' title='bbox 3460 3393 3744 3461; x_wconf 86' lang='lat' dir='ltr'><strong>depulsam</strong></span> 
     </span>
    </p>
   </div>
   <div class='ocr_carea' id='block_1_80' title="bbox 2152 3483 3745 3555">
    <p class='ocr_par' dir='ltr' id='par_1_80' title="bbox 2152 3483 3745 3555">
     <span class='ocr_line' id='line_1_80' title="bbox 2152 3483 3745 3555; baseline -0.004 -13"><span class='ocrx_word' id='word_1_555' title='bbox 2152 3502 2374 3542; x_wconf 88' lang='lat' dir='ltr'><strong>omnem</strong></span> <span class='ocrx_word' id='word_1_556' title='bbox 2406 3487 2537 3543; x_wconf 81' lang='lat' dir='ltr'><strong>Jesu</strong></span> <span class='ocrx_word' id='word_1_557' title='bbox 2568 3485 2792 3540; x_wconf 90' lang='lat' dir='ltr'><strong>nomine</strong></span> <span class='ocrx_word' id='word_1_558' title='bbox 2823 3500 3118 3555; x_wconf 91' lang='lat' dir='ltr'><strong>corporum</strong></span> <span class='ocrx_word' id='word_1_559' title='bbox 3160 3484 3362 3548; x_wconf 89' lang='lat' dir='ltr'><strong>labem,</strong></span> <span class='ocrx_word' id='word_1_560' title='bbox 3405 3483 3530 3553; x_wconf 89' lang='lat' dir='ltr'><strong>quis</strong></span> <span class='ocrx_word' id='word_1_561' title='bbox 3575 3483 3745 3552; x_wconf 85' lang='lat' dir='ltr'><strong>possit</strong></span> 
     </span>
    </p>
   </div>
   <div class='ocr_carea' id='block_1_81' title="bbox 2153 3573 3746 3647">
    <p class='ocr_par' dir='ltr' id='par_1_81' title="bbox 2153 3573 3746 3647">
     <span class='ocr_line' id='line_1_81' title="bbox 2153 3573 3746 3647; baseline -0.003 -15"><span class='ocrx_word' id='word_1_562' title='bbox 2153 3577 2541 3632; x_wconf 83' lang='lat' dir='ltr'><strong>conscribere?</strong></span> <span class='ocrx_word' id='word_1_563' title='bbox 2593 3577 2731 3644; x_wconf 84' lang='lat' dir='ltr'><strong>Quis</strong></span> <span class='ocrx_word' id='word_1_564' title='bbox 2779 3577 2940 3647; x_wconf 88' lang='lat' dir='ltr'><strong>longa</strong></span> <span class='ocrx_word' id='word_1_565' title='bbox 2990 3575 3217 3640; x_wconf 89' lang='lat' dir='ltr'><strong>itinera,</strong></span> <span class='ocrx_word' id='word_1_566' title='bbox 3268 3573 3495 3629; x_wconf 89' lang='lat' dir='ltr'><strong>incertis</strong></span> <span class='ocrx_word' id='word_1_567' title='bbox 3523 3574 3746 3628; x_wconf 86' lang='lat' dir='ltr'><strong>sedibus</strong></span> 
     </span>
    </p>
   </div>
   <div class='ocr_carea' id='block_1_82' title="bbox 2153 3665 3746 3740">
    <p class='ocr_par' dir='ltr' id='par_1_82' title="bbox 2153 3665 3746 3740">
     <span class='ocr_line' id='line_1_82' title="bbox 2153 3665 3746 3740; baseline -0.003 -16"><span class='ocrx_word' id='word_1_568' title='bbox 2153 3669 2401 3739; x_wconf 89' lang='lat' dir='ltr'><strong>locisque</strong></span> <span class='ocrx_word' id='word_1_569' title='bbox 2413 3669 2762 3740; x_wconf 89' lang='lat' dir='ltr'><strong>jactationes,</strong></span> <span class='ocrx_word' id='word_1_570' title='bbox 2790 3667 3058 3738; x_wconf 88' lang='lat' dir='ltr'><strong>pericula,</strong></span> <span class='ocrx_word' id='word_1_571' title='bbox 3076 3665 3391 3721; x_wconf 69' lang='lat' dir='ltr'><strong>Gmcorum</strong></span> <span class='ocrx_word' id='word_1_572' title='bbox 3417 3665 3746 3734; x_wconf 88' lang='lat' dir='ltr'><strong>multiplices</strong></span> 
     </span>
    </p>
   </div>
   <div class='ocr_carea' id='block_1_83' title="bbox 2156 3755 3746 3831">
    <p class='ocr_par' dir='ltr' id='par_1_83' title="bbox 2156 3755 3746 3831">
     <span class='ocr_line' id='line_1_83' title="bbox 2156 3755 3746 3831; baseline -0.003 -17"><span class='ocrx_word' id='word_1_573' title='bbox 2156 3760 2399 3815; x_wconf 91' lang='lat' dir='ltr'><strong>insultus</strong></span> <span class='ocrx_word' id='word_1_574' title='bbox 2441 3769 2499 3814; x_wconf 88' lang='lat' dir='ltr'><strong>et</strong></span> <span class='ocrx_word' id='word_1_575' title='bbox 2544 3759 2954 3831; x_wconf 77' lang='lat' dir='ltr'><strong>grassationes?</strong></span> <span class='ocrx_word' id='word_1_576' title='bbox 3003 3765 3210 3828; x_wconf 90' lang='lat' dir='ltr'><strong>quanta</strong></span> <span class='ocrx_word' id='word_1_577' title='bbox 3261 3756 3348 3813; x_wconf 90' lang='lat' dir='ltr'><strong>vir</strong></span> <span class='ocrx_word' id='word_1_578' title='bbox 3393 3755 3746 3810; x_wconf 78' lang='lat' dir='ltr'><strong>beatissimus</strong></span> 
     </span>
    </p>
   </div>
   <div class='ocr_carea' id='block_1_84' title="bbox 2152 3847 3744 3922">
    <p class='ocr_par' dir='ltr' id='par_1_84' title="bbox 2152 3847 3744 3922">
     <span class='ocr_line' id='line_1_84' title="bbox 2152 3847 3744 3922; baseline -0.003 -15"><span class='ocrx_word' id='word_1_579' title='bbox 2152 3852 2570 3922; x_wconf 90' lang='lat' dir='ltr'><strong>Eleutheropoli</strong></span> <span class='ocrx_word' id='word_1_580' title='bbox 2603 3852 2671 3907; x_wconf 90' lang='lat' dir='ltr'><strong>ab</strong></span> <span class='ocrx_word' id='word_1_581' title='bbox 2703 3849 3003 3921; x_wconf 88' lang='lat' dir='ltr'><strong>impietatis</strong></span> <span class='ocrx_word' id='word_1_582' title='bbox 3030 3847 3416 3904; x_wconf 81' lang='lat' dir='ltr'><strong>defensoribus</strong></span> <span class='ocrx_word' id='word_1_583' title='bbox 3439 3847 3703 3902; x_wconf 90' lang='lat' dir='ltr'><strong>sustinuit</strong></span> <span class='ocrx_word' id='word_1_584' title='bbox 3727 3864 3744 3913; x_wconf 91' lang='lat'><strong>;</strong></span> 
     </span>
    </p>
   </div>
   <div class='ocr_carea' id='block_1_85' title="bbox 2157 3939 3744 4014">
    <p class='ocr_par' dir='ltr' id='par_1_85' title="bbox 2157 3939 3744 4014">
     <span class='ocr_line' id='line_1_85' title="bbox 2157 3939 3744 4014; baseline -0.003 -17"><span class='ocrx_word' id='word_1_585' title='bbox 2157 3953 2364 4014; x_wconf 89' lang='lat' dir='ltr'><strong>quanta</strong></span> <span class='ocrx_word' id='word_1_586' title='bbox 2411 3942 2573 3998; x_wconf 67' lang='lat' dir='ltr'><strong>Gazae</strong></span> <span class='ocrx_word' id='word_1_587' title='bbox 2624 3949 2682 3996; x_wconf 91' lang='lat' dir='ltr'><strong>et</strong></span> <span class='ocrx_word' id='word_1_588' title='bbox 2737 3941 2889 4014; x_wconf 84' lang='lat' dir='ltr'><strong>Tyri,</strong></span> <span class='ocrx_word' id='word_1_589' title='bbox 2949 3939 3258 4010; x_wconf 88' lang='lat' dir='ltr'><strong>vicinisque</strong></span> <span class='ocrx_word' id='word_1_590' title='bbox 3312 3939 3744 4009; x_wconf 87' lang='lat' dir='ltr'><strong>alienigenarum</strong></span> 
     </span>
    </p>
   </div>
   <div class='ocr_carea' id='block_1_86' title="bbox 2159 4031 3745 4104">
    <p class='ocr_par' dir='ltr' id='par_1_86' title="bbox 2159 4031 3745 4104">
     <span class='ocr_line' id='line_1_86' title="bbox 2159 4031 3745 4104; baseline -0.003 -15"><span class='ocrx_word' id='word_1_591' title='bbox 2159 4034 2396 4090; x_wconf 88' lang='lat' dir='ltr'><strong>urbibus</strong></span> <span class='ocrx_word' id='word_1_592' title='bbox 2424 4041 2590 4104; x_wconf 91' lang='lat' dir='ltr'><strong>atque</strong></span> <span class='ocrx_word' id='word_1_593' title='bbox 2615 4033 2853 4103; x_wconf 90' lang='lat' dir='ltr'><strong>oppidis,</strong></span> <span class='ocrx_word' id='word_1_594' title='bbox 2878 4032 2971 4090; x_wconf 88' lang='lat' dir='ltr'><strong>ubi</strong></span> <span class='ocrx_word' id='word_1_595' title='bbox 2999 4033 3046 4088; x_wconf 90' lang='lat' dir='ltr'><strong>is</strong></span> <span class='ocrx_word' id='word_1_596' title='bbox 3075 4031 3358 4088; x_wconf 87' lang='lat' dir='ltr'><strong>Christum</strong></span> <span class='ocrx_word' id='word_1_597' title='bbox 3395 4031 3745 4102; x_wconf 53' lang='lat' dir='ltr'><strong>praedicavit?</strong></span> 
     </span>
    </p>
   </div>
   <div class='ocr_carea' id='block_1_87' title="bbox 2152 4121 3744 4194">
    <p class='ocr_par' dir='ltr' id='par_1_87' title="bbox 2152 4121 3744 4194">
     <span class='ocr_line' id='line_1_87' title="bbox 2152 4121 3744 4194; baseline -0.002 -14"><span class='ocrx_word' id='word_1_598' title='bbox 2152 4126 2290 4194; x_wconf 90' lang='lat' dir='ltr'><strong>Quis</strong></span> <span class='ocrx_word' id='word_1_599' title='bbox 2343 4140 2538 4180; x_wconf 91' lang='lat' dir='ltr'><strong>eorum</strong></span> <span class='ocrx_word' id='word_1_600' title='bbox 2590 4123 3005 4178; x_wconf 90' lang='lat' dir='ltr'><strong>multitudinem</strong></span> <span class='ocrx_word' id='word_1_601' title='bbox 3057 4123 3152 4193; x_wconf 92' lang='lat' dir='ltr'><strong>qui</strong></span> <span class='ocrx_word' id='word_1_602' title='bbox 3205 4139 3307 4192; x_wconf 89' lang='lat' dir='ltr'><strong>per</strong></span> <span class='ocrx_word' id='word_1_603' title='bbox 3357 4137 3484 4177; x_wconf 88' lang='lat' dir='ltr'><strong>eum</strong></span> <span class='ocrx_word' id='word_1_604' title='bbox 3524 4121 3744 4178; x_wconf 84' lang='lat' dir='ltr'><strong>Christo</strong></span> 
     </span>
    </p>
   </div>
   <div class='ocr_carea' id='block_1_88' title="bbox 2150 4213 3743 4288">
    <p class='ocr_par' dir='ltr' id='par_1_88' title="bbox 2150 4213 3743 4288">
     <span class='ocr_line' id='line_1_88' title="bbox 2150 4213 3743 4288; baseline -0.003 -15"><span class='ocrx_word' id='word_1_605' title='bbox 2150 4217 2508 4281; x_wconf 87' lang='lat' dir='ltr'><strong>accedebant,</strong></span> <span class='ocrx_word' id='word_1_606' title='bbox 2532 4226 2697 4288; x_wconf 90' lang='lat' dir='ltr'><strong>atque</strong></span> <span class='ocrx_word' id='word_1_607' title='bbox 2721 4230 2860 4285; x_wconf 87' lang='lat' dir='ltr'><strong>aqua</strong></span> <span class='ocrx_word' id='word_1_608' title='bbox 2893 4225 2949 4270; x_wconf 92' lang='lat' dir='ltr'><strong>et</strong></span> <span class='ocrx_word' id='word_1_609' title='bbox 2983 4213 3190 4284; x_wconf 91' lang='lat' dir='ltr'><strong>Spiritu</strong></span> <span class='ocrx_word' id='word_1_610' title='bbox 3213 4213 3661 4268; x_wconf 87' lang='lat' dir='ltr'><strong>emundabautur</strong></span> <span class='ocrx_word' id='word_1_611' title='bbox 3679 4229 3743 4268; x_wconf 90' lang='lat' dir='ltr'><strong>ac</strong></span> 
     </span>
    </p>
   </div>
   <div class='ocr_carea' id='block_1_89' title="bbox 2151 4303 3743 4375">
    <p class='ocr_par' dir='ltr' id='par_1_89' title="bbox 2151 4303 3743 4375">
     <span class='ocr_line' id='line_1_89' title="bbox 2151 4303 3743 4375; baseline -0.003 -12"><span class='ocrx_word' id='word_1_612' title='bbox 2151 4307 2652 4374; x_wconf 90' lang='lat' dir='ltr'><strong>illuminabantur;</strong></span> <span class='ocrx_word' id='word_1_613' title='bbox 2689 4305 2898 4375; x_wconf 89' lang='lat' dir='ltr'><strong>quique</strong></span> <span class='ocrx_word' id='word_1_614' title='bbox 2940 4305 3161 4360; x_wconf 91' lang='lat' dir='ltr'><strong>demum</strong></span> <span class='ocrx_word' id='word_1_615' title='bbox 3205 4319 3303 4374; x_wconf 91' lang='lat' dir='ltr'><strong>per</strong></span> <span class='ocrx_word' id='word_1_616' title='bbox 3340 4303 3657 4360; x_wconf 89' lang='lat' dir='ltr'><strong>sacerdotes</strong></span> <span class='ocrx_word' id='word_1_617' title='bbox 3686 4312 3743 4358; x_wconf 91' lang='lat' dir='ltr'><strong>ct</strong></span> 
     </span>
    </p>
   </div>
   <div class='ocr_carea' id='block_1_90' title="bbox 2149 4393 3741 4469">
    <p class='ocr_par' dir='ltr' id='par_1_90' title="bbox 2149 4393 3741 4469">
     <span class='ocr_line' id='line_1_90' title="bbox 2149 4393 3741 4469; baseline -0.004 -15"><span class='ocrx_word' id='word_1_618' title='bbox 2149 4399 2442 4469; x_wconf 84' lang='lat' dir='ltr'><strong>episcopos</strong></span> <span class='ocrx_word' id='word_1_619' title='bbox 2489 4397 2559 4452; x_wconf 91' lang='lat' dir='ltr'><strong>ab</strong></span> <span class='ocrx_word' id='word_1_620' title='bbox 2596 4397 2691 4451; x_wconf 92' lang='lat' dir='ltr'><strong>illo</strong></span> <span class='ocrx_word' id='word_1_621' title='bbox 2733 4395 3068 4452; x_wconf 91' lang='lat' dir='ltr'><strong>constitutos</strong></span> <span class='ocrx_word' id='word_1_622' title='bbox 3098 4395 3154 4450; x_wconf 91' lang='lat' dir='ltr'><strong>in</strong></span> <span class='ocrx_word' id='word_1_623' title='bbox 3193 4393 3461 4460; x_wconf 88' lang='lat' dir='ltr'><strong>Ecclesia,</strong></span> <span class='ocrx_word' id='word_1_624' title='bbox 3504 4394 3615 4448; x_wconf 86' lang='lat' dir='ltr'><strong>Deo</strong></span> <span class='ocrx_word' id='word_1_625' title='bbox 3645 4394 3741 4464; x_wconf 89' lang='lat' dir='ltr'><strong>qui</strong></span> 
     </span>
    </p>
   </div>
   <div class='ocr_carea' id='block_1_91' title="bbox 2151 4481 3743 4554">
    <p class='ocr_par' dir='ltr' id='par_1_91' title="bbox 2151 4481 3743 4554">
     <span class='ocr_line' id='line_1_91' title="bbox 2151 4481 3743 4554; baseline -0.003 -13"><span class='ocrx_word' id='word_1_626' title='bbox 2151 4502 2371 4542; x_wconf 88' lang='lat' dir='ltr'><strong>omnem</strong></span> <span class='ocrx_word' id='word_1_627' title='bbox 2407 4485 2627 4540; x_wconf 78' lang='lat' dir='ltr'><strong>excedit</strong></span> <span class='ocrx_word' id='word_1_628' title='bbox 2676 4484 3044 4549; x_wconf 86' lang='lat' dir='ltr'><strong>sanctitatem,</strong></span> <span class='ocrx_word' id='word_1_629' title='bbox 3101 4481 3566 4554; x_wconf 81' lang='lat' dir='ltr'><strong>perficiebantur?</strong></span> <span class='ocrx_word' id='word_1_630' title='bbox 3607 4481 3743 4549; x_wconf 90' lang='lat' dir='ltr'><strong>Quis</strong></span> 
     </span>
    </p>
   </div>
   <div class='ocr_carea' id='block_1_92' title="bbox 451 4572 2043 4659">
    <p class='ocr_par' dir='ltr' id='par_1_92' title="bbox 451 4583 2031 4659">
     <span class='ocr_line' id='line_1_92' title="bbox 451 4583 2031 4659; baseline 0.004 -22"><span class='ocrx_word' id='word_1_631' title='bbox 451 4584 572 4656; x_wconf 70' lang='grc' dir='ltr'><strong>ἦτοι</strong></span> <span class='ocrx_word' id='word_1_632' title='bbox 606 4583 922 4647; x_wconf 86' lang='grc' dir='ltr'><strong>θεοσεϐείας</strong></span> <span class='ocrx_word' id='word_1_633' title='bbox 967 4584 1190 4654; x_wconf 79' lang='grc' dir='ltr'><strong>ῥήματα</strong></span> <span class='ocrx_word' id='word_1_634' title='bbox 1221 4583 1318 4638; x_wconf 81' lang='grc' dir='ltr'><strong>καὶ</strong></span> <span class='ocrx_word' id='word_1_635' title='bbox 1353 4585 1660 4658; x_wconf 84' lang='grc' dir='ltr'><strong>πράγματα</strong></span> <span class='ocrx_word' id='word_1_636' title='bbox 1688 4587 2031 4659; x_wconf 82' lang='grc' dir='ltr'><strong>διασαφῆσαι</strong></span> 
     </span>
    </p>
   </div>
   <div class='ocr_carea' id='block_1_93' title="bbox 2152 4572 3739 4659">
    <p class='ocr_par' dir='ltr' id='par_1_93' title="bbox 2152 4573 3739 4648">
     <span class='ocr_line' id='line_1_93' title="bbox 2152 4573 3739 4648; baseline -0.004 -15"><span class='ocrx_word' id='word_1_637' title='bbox 2152 4580 2259 4635; x_wconf 66' lang='lat' dir='ltr'><strong>haec</strong></span> <span class='ocrx_word' id='word_1_638' title='bbox 2308 4588 2474 4648; x_wconf 88' lang='lat' dir='ltr'><strong>atque</strong></span> <span class='ocrx_word' id='word_1_639' title='bbox 2523 4577 2612 4632; x_wconf 90' lang='lat' dir='ltr'><strong>his</strong></span> <span class='ocrx_word' id='word_1_640' title='bbox 2658 4576 2948 4646; x_wconf 88' lang='lat' dir='ltr'><strong>sequentia</strong></span> <span class='ocrx_word' id='word_1_641' title='bbox 3004 4590 3149 4630; x_wconf 71' lang='lat' dir='ltr'><strong>verae</strong></span> <span class='ocrx_word' id='word_1_642' title='bbox 3207 4574 3488 4645; x_wconf 82' lang='lat' dir='ltr'><strong>scientiae(</strong></span> <span class='ocrx_word' id='word_1_643' title='bbox 3533 4573 3588 4628; x_wconf 90' lang='lat' dir='ltr'><strong>id</strong></span> <span class='ocrx_word' id='word_1_644' title='bbox 3633 4581 3739 4639; x_wconf 87' lang='lat' dir='ltr'><strong>est,</strong></span> 
     </span>
    </p>
   </div>
   <div class='ocr_carea' id='block_1_94' title="bbox 448 4674 2037 4748">
    <p class='ocr_par' dir='ltr' id='par_1_94' title="bbox 448 4674 2037 4748">
     <span class='ocr_line' id='line_1_94' title="bbox 448 4674 2037 4748; baseline 0.004 -20"><span class='ocrx_word' id='word_1_645' title='bbox 448 4674 642 4744; x_wconf 86' lang='grc' dir='ltr'><strong>λόγος;</strong></span> <span class='ocrx_word' id='word_1_646' title='bbox 669 4675 805 4730; x_wconf 87' lang='grc' dir='ltr'><strong>Οὑδέ</strong></span> <span class='ocrx_word' id='word_1_647' title='bbox 831 4676 960 4747; x_wconf 78' lang='grc' dir='ltr'><strong>μιᾶς</strong></span> <span class='ocrx_word' id='word_1_648' title='bbox 989 4674 1202 4746; x_wconf 76' lang='grc' dir='ltr'><strong>ἡμέρας</strong></span> <span class='ocrx_word' id='word_1_649' title='bbox 1236 4676 1603 4748; x_wconf 76' lang='grc' dir='ltr'><strong>ἀποστολικὴν</strong></span> <span class='ocrx_word' id='word_1_650' title='bbox 1635 4677 1916 4746; x_wconf 82' lang='grc' dir='ltr'><strong>θεολογίαν</strong></span> <span class='ocrx_word' id='word_1_651' title='bbox 1943 4680 2037 4734; x_wconf 75' lang='grc' dir='ltr'><strong>καὶ</strong></span> 
     </span>
    </p>
   </div>
   <div class='ocr_carea' id='block_1_95' title="bbox 449 4765 2036 4840">
    <p class='ocr_par' dir='ltr' id='par_1_95' title="bbox 449 4765 2036 4840">
     <span class='ocr_line' id='line_1_95' title="bbox 449 4765 2036 4840; baseline 0.003 -18"><span class='ocrx_word' id='word_1_652' title='bbox 449 4767 652 4840; x_wconf 79' lang='grc' dir='ltr'><strong>πρᾶξιν</strong></span> <span class='ocrx_word' id='word_1_653' title='bbox 701 4765 924 4836; x_wconf 86' lang='grc' dir='ltr'><strong>θεοτελῆ</strong></span> <span class='ocrx_word' id='word_1_654' title='bbox 999 4765 1203 4820; x_wconf 84' lang='grc' dir='ltr'><strong>δύναιτ’</strong></span> <span class='ocrx_word' id='word_1_655' title='bbox 1258 4767 1327 4820; x_wconf 77' lang='grc' dir='ltr'><strong>ἂν</strong></span> <span class='ocrx_word' id='word_1_656' title='bbox 1378 4768 1536 4836; x_wconf 77' lang='grc' dir='ltr'><strong>λόγος</strong></span> <span class='ocrx_word' id='word_1_657' title='bbox 1611 4770 1693 4832; x_wconf 85' lang='grc' dir='ltr'><strong>είς</strong></span> <span class='ocrx_word' id='word_1_658' title='bbox 1745 4771 2036 4840; x_wconf 88' lang='grc' dir='ltr'><strong>ἀκρίϐειαν</strong></span> 
     </span>
    </p>
   </div>
   <div class='ocr_carea' id='block_1_96' title="bbox 447 4857 2038 4930">
    <p class='ocr_par' dir='ltr' id='par_1_96' title="bbox 447 4857 2038 4930">
     <span class='ocr_line' id='line_1_96' title="bbox 447 4857 2038 4930; baseline 0.004 -18"><span class='ocrx_word' id='word_1_659' title='bbox 447 4859 701 4921; x_wconf 80' lang='grc' dir='ltr'><strong>διειπετν,</strong></span> <span class='ocrx_word' id='word_1_660' title='bbox 736 4857 812 4929; x_wconf 78' lang='grc' dir='ltr'><strong>μὴ</strong></span> <span class='ocrx_word' id='word_1_661' title='bbox 866 4858 950 4911; x_wconf 83' lang='grc' dir='ltr'><strong>ὅτι</strong></span> <span class='ocrx_word' id='word_1_662' title='bbox 1001 4873 1067 4928; x_wconf 81' lang='grc' dir='ltr'><strong>γε</strong></span> <span class='ocrx_word' id='word_1_663' title='bbox 1122 4857 1302 4912; x_wconf 82' lang='grc' dir='ltr'><strong>πάντα</strong></span> <span class='ocrx_word' id='word_1_664' title='bbox 1347 4857 1588 4928; x_wconf 78' lang='grc' dir='ltr'><strong>καθεξῆς</strong></span> <span class='ocrx_word' id='word_1_665' title='bbox 1640 4859 1902 4930; x_wconf 84' lang='grc' dir='ltr'><strong>ὑμνῆσαι,</strong></span> <span class='ocrx_word' id='word_1_666' title='bbox 1935 4862 2038 4918; x_wconf 84' lang='grc' dir='ltr'><strong>ὅσα</strong></span> 
     </span>
    </p>
   </div>
   <div class='ocr_carea' id='block_1_97' title="bbox 451 4947 1934 5023">
    <p class='ocr_par' dir='ltr' id='par_1_97' title="bbox 451 4947 1934 5023">
     <span class='ocr_line' id='line_1_97' title="bbox 451 4947 1934 5023; baseline 0.005 -20"><span class='ocrx_word' id='word_1_667' title='bbox 451 4951 690 5023; x_wconf 78' lang='grc' dir='ltr'><strong>μακροῖς</strong></span> <span class='ocrx_word' id='word_1_668' title='bbox 723 4949 906 5005; x_wconf 71' lang='grc' dir='ltr'><strong>ἐτεσιν</strong></span> <span class='ocrx_word' id='word_1_669' title='bbox 932 4951 991 5004; x_wconf 82' lang='grc' dir='ltr'><strong>ἐν</strong></span> <span class='ocrx_word' id='word_1_670' title='bbox 1014 4947 1094 5021; x_wconf 82' lang='grc' dir='ltr'><strong>τῷ</strong></span> <span class='ocrx_word' id='word_1_671' title='bbox 1123 4949 1472 5023; x_wconf 78' lang='grc' dir='ltr'><strong>Παρακλήτῳ</strong></span> <span class='ocrx_word' id='word_1_672' title='bbox 1504 4952 1934 5022; x_wconf 87' lang='grc' dir='ltr'><strong>κατειργάσατο.</strong></span> 
     </span>
    </p>
   </div>
   <div class='ocr_carea' id='block_1_98' title="bbox 515 5197 1584 5272">
    <p class='ocr_par' dir='ltr' id='par_1_98' title="bbox 515 5197 1584 5272">
     <span class='ocr_line' id='line_1_98' title="bbox 515 5197 1584 5272; baseline 0.03 -41"><span class='ocrx_word' id='word_1_673' title='bbox 515 5197 586 5231; x_wconf 72' lang='grc' dir='ltr'><strong>ιι·</strong></span> <span class='ocrx_word' id='word_1_674' title='bbox 625 5199 770 5257; x_wconf 71' lang='lat' dir='ltr'><strong>psal.</strong></span> <span class='ocrx_word' id='word_1_675' title='bbox 805 5201 962 5268; x_wconf 68' lang='lat' dir='ltr'><strong>vaf,</strong></span> <span class='ocrx_word' id='word_1_676' title='bbox 987 5199 1080 5257; x_wconf 78' lang='lat'><strong>20.</strong></span> <span class='ocrx_word' id='word_1_677' title='bbox 1153 5201 1199 5236; x_wconf 65' lang='grc' dir='ltr'><strong>θ’</strong></span> <span class='ocrx_word' id='word_1_678' title='bbox 1226 5198 1404 5258; x_wconf 88' lang='lat' dir='ltr'><strong>Eccli.</strong></span> <span class='ocrx_word' id='word_1_679' title='bbox 1447 5217 1488 5272; x_wconf 86' lang='grc' dir='ltr'><strong>ι,</strong></span> <span class='ocrx_word' id='word_1_680' title='bbox 1525 5204 1584 5262; x_wconf 75' lang='lat'><strong>2.</strong></span> 
     </span>
    </p>
   </div>
   <div class='ocr_carea' id='block_1_99' title="bbox 519 5376 2027 5453">
    <p class='ocr_par' dir='ltr' id='par_1_99' title="bbox 519 5376 2027 5453">
     <span class='ocr_line' id='line_1_99' title="bbox 519 5376 2027 5453; baseline 0.003 -21"><span class='ocrx_word' id='word_1_681' title='bbox 519 5376 631 5453; x_wconf 60' lang='lat'><strong>(29)</strong></span> <span class='ocrx_word' id='word_1_682' title='bbox 645 5377 784 5453; x_wconf 53' lang='lat' dir='ltr'><strong>fac</strong></span> <span class='ocrx_word' id='word_1_683' title='bbox 809 5378 1306 5453; x_wconf 56' lang='lat' dir='ltr'><strong>dxatagfadfac._</strong></span> <span class='ocrx_word' id='word_1_684' title='bbox 1326 5380 1482 5436; x_wconf 86' lang='lat' dir='ltr'><strong>Alius</strong></span> <span class='ocrx_word' id='word_1_685' title='bbox 1507 5395 1638 5435; x_wconf 90' lang='lat' dir='ltr'><strong>usus</strong></span> <span class='ocrx_word' id='word_1_686' title='bbox 1661 5379 1828 5453; x_wconf 84' lang='lat' dir='ltr'><strong>hujus</strong></span> <span class='ocrx_word' id='word_1_687' title='bbox 1852 5379 2027 5453; x_wconf 84' lang='lat' dir='ltr'><strong>vocis,</strong></span> 
     </span>
    </p>
   </div>
   <div class='ocr_carea' id='block_1_100' title="bbox 447 5445 2028 5519">
    <p class='ocr_par' dir='ltr' id='par_1_100' title="bbox 447 5445 2028 5519">
     <span class='ocr_line' id='line_1_100' title="bbox 447 5445 2028 5519; baseline 0.002 -18"><span class='ocrx_word' id='word_1_688' title='bbox 447 5445 620 5519; x_wconf 62' lang='lat' dir='ltr'><strong>Paulo</strong></span> <span class='ocrx_word' id='word_1_689' title='bbox 645 5448 666 5519; x_wconf 73' lang='grc' dir='ltr'>Ι</span> <span class='ocrx_word' id='word_1_690' title='bbox 694 5449 823 5519; x_wconf 83' lang='lat' dir='ltr'><strong>Cor.</strong></span> <span class='ocrx_word' id='word_1_691' title='bbox 867 5450 1070 5513; x_wconf 67' lang='lat' dir='ltr'><strong>le,’55</strong></span> <span class='ocrx_word' id='word_1_692' title='bbox 1091 5467 1104 5504; x_wconf 89' lang='lat'><strong>:</strong></span> <span class='ocrx_word' id='word_1_693' title='bbox 1123 5450 1200 5502; x_wconf 84' lang='grc' dir='ltr'><strong>Οὑ</strong></span> <span class='ocrx_word' id='word_1_694' title='bbox 1241 5445 1350 5519; x_wconf 80' lang='grc' dir='ltr'><strong>γάρ</strong></span> <span class='ocrx_word' id='word_1_695' title='bbox 1380 5453 1527 5503; x_wconf 82' lang='grc' dir='ltr'><strong>ἐστιν</strong></span> <span class='ocrx_word' id='word_1_696' title='bbox 1563 5445 1972 5514; x_wconf 66' lang='grc' dir='ltr'><strong>ἀκαταστασίας</strong></span> <span class='ocrx_word' id='word_1_697' title='bbox 1999 5445 2028 5505; x_wconf 90' lang='grc' dir='ltr'><strong>ό</strong></span> 
     </span>
    </p>
   </div>
   <div class='ocr_carea' id='block_1_101' title="bbox 448 5516 2026 5589">
    <p class='ocr_par' dir='ltr' id='par_1_101' title="bbox 448 5516 2026 5589">
     <span class='ocr_line' id='line_1_101' title="bbox 448 5516 2026 5589; baseline 0.004 -20"><span class='ocrx_word' id='word_1_698' title='bbox 448 5516 600 5589; x_wconf 69' lang='grc' dir='ltr'><strong>Θεὸς,</strong></span> <span class='ocrx_word' id='word_1_699' title='bbox 637 5517 754 5571; x_wconf 77' lang='grc' dir='ltr'><strong>ἀλλ’</strong></span> <span class='ocrx_word' id='word_1_700' title='bbox 780 5521 1024 5588; x_wconf 81' lang='grc' dir='ltr'><strong>εἰρήνης.</strong></span> <span class='ocrx_word' id='word_1_701' title='bbox 1051 5519 1209 5589; x_wconf 82' lang='lat' dir='ltr'><strong>Vulg.</strong></span> <span class='ocrx_word' id='word_1_702' title='bbox 1236 5516 1355 5574; x_wconf 74' lang='lat' dir='ltr'><strong>Non</strong></span> <span class='ocrx_word' id='word_1_703' title='bbox 1383 5529 1460 5574; x_wconf 84' lang='lat' dir='ltr'><strong>est</strong></span> <span class='ocrx_word' id='word_1_704' title='bbox 1497 5521 1836 5574; x_wconf 79' lang='lat' dir='ltr'><strong>dissensionis</strong></span> <span class='ocrx_word' id='word_1_705' title='bbox 1862 5519 2026 5587; x_wconf 87' lang='lat' dir='ltr'><strong>Deus,</strong></span> 
     </span>
    </p>
   </div>
   <div class='ocr_carea' id='block_1_102' title="bbox 446 5588 2024 5656">
    <p class='ocr_par' dir='ltr' id='par_1_102' title="bbox 446 5588 2024 5656">
     <span class='ocr_line' id='line_1_102' title="bbox 446 5588 2024 5656; baseline 0.005 -18"><span class='ocrx_word' id='word_1_706' title='bbox 446 5588 539 5639; x_wconf 86' lang='lat' dir='ltr'><strong>sed</strong></span> <span class='ocrx_word' id='word_1_707' title='bbox 563 5589 724 5656; x_wconf 86' lang='lat' dir='ltr'><strong>pacis.</strong></span> <span class='ocrx_word' id='word_1_708' title='bbox 779 5589 994 5643; x_wconf 86' lang='lat' dir='ltr'><strong>Erasm.</strong></span> <span class='ocrx_word' id='word_1_709' title='bbox 1032 5588 1351 5656; x_wconf 73' lang='lat' dir='ltr'><strong>confusionis</strong></span> <span class='ocrx_word' id='word_1_710' title='bbox 1409 5599 1614 5656; x_wconf 72' lang='lat' dir='ltr'><strong>auctor,</strong></span> <span class='ocrx_word' id='word_1_711' title='bbox 1663 5590 2024 5656; x_wconf 87' lang='lat' dir='ltr'><strong>turbationis,</strong></span> 
     </span>
    </p>
   </div>
   <div class='ocr_carea' id='block_1_103' title="bbox 449 5653 2024 5723">
    <p class='ocr_par' dir='ltr' id='par_1_103' title="bbox 449 5653 2024 5723">
     <span class='ocr_line' id='line_1_103' title="bbox 449 5653 2024 5723; baseline 0.003 -15"><span class='ocrx_word' id='word_1_712' title='bbox 449 5653 756 5723; x_wconf 82' lang='lat' dir='ltr'><strong>perturbati</strong></span> <span class='ocrx_word' id='word_1_713' title='bbox 814 5659 1049 5712; x_wconf 88' lang='lat' dir='ltr'><strong>ordinis.</strong></span> <span class='ocrx_word' id='word_1_714' title='bbox 1131 5653 1177 5713; x_wconf 86' lang='lat' dir='ltr'><strong>ll</strong></span> <span class='ocrx_word' id='word_1_715' title='bbox 1244 5659 1371 5714; x_wconf 89' lang='lat' dir='ltr'><strong>Cor.</strong></span> <span class='ocrx_word' id='word_1_716' title='bbox 1427 5675 1522 5722; x_wconf 80' lang='lat' dir='ltr'><strong>xu,</strong></span> <span class='ocrx_word' id='word_1_717' title='bbox 1564 5653 1656 5721; x_wconf 63' lang='lat'><strong>20,</strong></span> <span class='ocrx_word' id='word_1_718' title='bbox 1705 5653 2024 5712; x_wconf 72' lang='grc' dir='ltr'><strong>ἀκατασταὲ</strong></span> 
     </span>
    </p>
   </div>
   <div class='ocr_carea' id='block_1_104' title="bbox 453 5725 2026 5796">
    <p class='ocr_par' dir='ltr' id='par_1_104' title="bbox 453 5725 2026 5796">
     <span class='ocr_line' id='line_1_104' title="bbox 453 5725 2026 5796; baseline 0.006 -21"><span class='ocrx_word' id='word_1_719' title='bbox 453 5725 598 5783; x_wconf 84' lang='grc' dir='ltr'><strong>σίαι.</strong></span> <span class='ocrx_word' id='word_1_720' title='bbox 645 5727 965 5786; x_wconf 81' lang='lat' dir='ltr'><strong>seditiones.</strong></span> <span class='ocrx_word' id='word_1_721' title='bbox 1013 5729 1160 5796; x_wconf 85' lang='lat' dir='ltr'><strong>quod</strong></span> <span class='ocrx_word' id='word_1_722' title='bbox 1212 5729 1380 5783; x_wconf 89' lang='lat' dir='ltr'><strong>etiam</strong></span> <span class='ocrx_word' id='word_1_723' title='bbox 1418 5729 1631 5784; x_wconf 85' lang='lat' dir='ltr'><strong>Erasm.</strong></span> <span class='ocrx_word' id='word_1_724' title='bbox 1671 5729 1874 5782; x_wconf 89' lang='lat' dir='ltr'><strong>reddit.</strong></span> <span class='ocrx_word' id='word_1_725' title='bbox 1926 5730 2026 5784; x_wconf 87' lang='lat' dir='ltr'><strong>llic</strong></span> 
     </span>
    </p>
   </div>
   <div class='ocr_carea' id='block_1_105' title="bbox 449 5796 2028 5940">
    <p class='ocr_par' dir='ltr' id='par_1_105' title="bbox 449 5796 2028 5940">
     <span class='ocr_line' id='line_1_105' title="bbox 450 5796 2028 5924; baseline 0.005 -80"><span class='ocrx_word' id='word_1_726' title='bbox 450 5796 641 5862; x_wconf 85' lang='lat' dir='ltr'><strong>magis,</strong></span> <span class='ocrx_word' id='word_1_727' title='bbox 668 5798 820 5924; x_wconf 54' lang='lat' dir='ltr'><strong>vagis</strong></span> <span class='ocrx_word' id='word_1_728' title='bbox 842 5797 1069 5877; x_wconf 82' lang='lat' dir='ltr'><strong>sedibus</strong></span> <span class='ocrx_word' id='word_1_729' title='bbox 1092 5798 1440 5868; x_wconf 83' lang='lat' dir='ltr'><strong>jactationes,</strong></span> <span class='ocrx_word' id='word_1_730' title='bbox 1470 5815 1595 5853; x_wconf 90' lang='lat' dir='ltr'><strong>cum</strong></span> <span class='ocrx_word' id='word_1_731' title='bbox 1629 5808 1852 5879; x_wconf 82' lang='lat' dir='ltr'><strong>propter</strong></span> <span class='ocrx_word' id='word_1_732' title='bbox 1883 5801 2028 5867; x_wconf 91' lang='lat' dir='ltr'><strong>peri-</strong></span> 
     </span>
     <span class='ocr_line' id='line_1_106' title="bbox 449 5863 2025 5940; baseline 0.003 -20"><span class='ocrx_word' id='word_1_733' title='bbox 449 5863 576 5920; x_wconf 76' lang='lat' dir='ltr'><strong>cula</strong></span> <span class='ocrx_word' id='word_1_734' title='bbox 611 5880 725 5922; x_wconf 84' lang='lat' dir='ltr'><strong>uno</strong></span> <span class='ocrx_word' id='word_1_735' title='bbox 773 5882 873 5925; x_wconf 76' lang='lat' dir='ltr'><strong>oce</strong></span> <span class='ocrx_word' id='word_1_736' title='bbox 887 5875 1189 5925; x_wconf 55' lang='lat' dir='ltr'><strong>consulere</strong></span> <span class='ocrx_word' id='word_1_737' title='bbox 1239 5867 1445 5926; x_wconf 86' lang='lat' dir='ltr'><strong>Christi</strong></span> <span class='ocrx_word' id='word_1_738' title='bbox 1496 5869 1779 5940; x_wconf 76' lang='lat' dir='ltr'><strong>discipulis</strong></span> <span class='ocrx_word' id='word_1_739' title='bbox 1801 5885 1912 5923; x_wconf 76' lang='lat' dir='ltr'><strong>non</strong></span> <span class='ocrx_word' id='word_1_740' title='bbox 1954 5870 2025 5924; x_wconf 84' lang='lat' dir='ltr'><strong>li-</strong></span> 
     </span>
    </p>
   </div>
   <div class='ocr_carea' id='block_1_106' title="bbox 2144 4665 3740 4743">
    <p class='ocr_par' dir='ltr' id='par_1_106' title="bbox 2144 4665 3740 4743">
     <span class='ocr_line' id='line_1_107' title="bbox 2144 4665 3740 4743; baseline -0.003 -17"><span class='ocrx_word' id='word_1_741' title='bbox 2144 4671 2405 4743; x_wconf 88' lang='lat' dir='ltr'><strong>pietatis)</strong></span> <span class='ocrx_word' id='word_1_742' title='bbox 2436 4670 2601 4724; x_wconf 87' lang='lat' dir='ltr'><strong>verba</strong></span> <span class='ocrx_word' id='word_1_743' title='bbox 2635 4668 2887 4738; x_wconf 90' lang='lat' dir='ltr'><strong>factaque</strong></span> <span class='ocrx_word' id='word_1_744' title='bbox 2912 4683 3096 4723; x_wconf 90' lang='lat' dir='ltr'><strong>sermo</strong></span> <span class='ocrx_word' id='word_1_745' title='bbox 3118 4675 3284 4738; x_wconf 87' lang='lat' dir='ltr'><strong>queat</strong></span> <span class='ocrx_word' id='word_1_746' title='bbox 3301 4665 3638 4737; x_wconf 77' lang='lat' dir='ltr'><strong>explanare?</strong></span> <span class='ocrx_word' id='word_1_747' title='bbox 3661 4665 3740 4721; x_wconf 86' lang='lat' dir='ltr'><strong>Ne</strong></span> 
     </span>
    </p>
   </div>
   <div class='ocr_carea' id='block_1_107' title="bbox 2142 4755 3739 4828">
    <p class='ocr_par' dir='ltr' id='par_1_107' title="bbox 2142 4755 3739 4828">
     <span class='ocr_line' id='line_1_108' title="bbox 2142 4755 3739 4828; baseline -0.003 -12"><span class='ocrx_word' id='word_1_748' title='bbox 2142 4760 2232 4816; x_wconf 86' lang='lat' dir='ltr'><strong>vel</strong></span> <span class='ocrx_word' id='word_1_749' title='bbox 2285 4759 2453 4815; x_wconf 90' lang='lat' dir='ltr'><strong>unius</strong></span> <span class='ocrx_word' id='word_1_750' title='bbox 2497 4757 2610 4814; x_wconf 91' lang='lat' dir='ltr'><strong>diei</strong></span> <span class='ocrx_word' id='word_1_751' title='bbox 2655 4757 3012 4828; x_wconf 89' lang='lat' dir='ltr'><strong>apostolicam</strong></span> <span class='ocrx_word' id='word_1_752' title='bbox 3050 4755 3498 4827; x_wconf 65' lang='lat' dir='ltr'><strong>praedicationem</strong></span> <span class='ocrx_word' id='word_1_753' title='bbox 3528 4755 3739 4826; x_wconf 89' lang='lat' dir='ltr'><strong>Deique</strong></span> 
     </span>
    </p>
   </div>
   <div class='ocr_carea' id='block_1_108' title="bbox 2143 4848 3733 4924">
    <p class='ocr_par' dir='ltr' id='par_1_108' title="bbox 2143 4848 3733 4924">
     <span class='ocr_line' id='line_1_109' title="bbox 2143 4848 3733 4924; baseline -0.003 -17"><span class='ocrx_word' id='word_1_754' title='bbox 2143 4867 2375 4908; x_wconf 89' lang='lat' dir='ltr'><strong>munere</strong></span> <span class='ocrx_word' id='word_1_755' title='bbox 2417 4851 2717 4924; x_wconf 87' lang='lat' dir='ltr'><strong>perfectam</strong></span> <span class='ocrx_word' id='word_1_756' title='bbox 2744 4850 3018 4905; x_wconf 88' lang='lat' dir='ltr'><strong>actionem</strong></span> <span class='ocrx_word' id='word_1_757' title='bbox 3053 4856 3311 4905; x_wconf 89' lang='lat' dir='ltr'><strong>accurate</strong></span> <span class='ocrx_word' id='word_1_758' title='bbox 3353 4848 3526 4918; x_wconf 91' lang='lat' dir='ltr'><strong>possit</strong></span> <span class='ocrx_word' id='word_1_759' title='bbox 3550 4850 3733 4904; x_wconf 90' lang='lat' dir='ltr'><strong>oratio</strong></span> 
     </span>
    </p>
   </div>
   <div class='ocr_carea' id='block_1_109' title="bbox 2141 4941 3732 5012">
    <p class='ocr_par' dir='ltr' id='par_1_109' title="bbox 2141 4941 3732 5012">
     <span class='ocr_line' id='line_1_110' title="bbox 2141 4941 3732 5012; baseline -0.003 -11"><span class='ocrx_word' id='word_1_760' title='bbox 2141 4959 2424 5008; x_wconf 86' lang='lat' dir='ltr'><strong>enarrare,</strong></span> <span class='ocrx_word' id='word_1_761' title='bbox 2474 4941 2680 4996; x_wconf 88' lang='lat' dir='ltr'><strong>nedum</strong></span> <span class='ocrx_word' id='word_1_762' title='bbox 2724 4953 2923 4997; x_wconf 89' lang='lat' dir='ltr'><strong>cuncta</strong></span> <span class='ocrx_word' id='word_1_763' title='bbox 2971 4941 3189 5005; x_wconf 90' lang='lat' dir='ltr'><strong>ordine,</strong></span> <span class='ocrx_word' id='word_1_764' title='bbox 3249 4941 3411 5012; x_wconf 88' lang='lat' dir='ltr'><strong>longa</strong></span> <span class='ocrx_word' id='word_1_765' title='bbox 3459 4956 3732 4998; x_wconf 90' lang='lat' dir='ltr'><strong>annorum</strong></span> 
     </span>
    </p>
   </div>
   <div class='ocr_carea' id='block_1_110' title="bbox 2143 5035 3286 5107">
    <p class='ocr_par' dir='ltr' id='par_1_110' title="bbox 2143 5035 3286 5107">
     <span class='ocr_line' id='line_1_111' title="bbox 2143 5035 3286 5107; baseline 0 -14"><span class='ocrx_word' id='word_1_766' title='bbox 2143 5037 2290 5094; x_wconf 89' lang='lat' dir='ltr'><strong>serie</strong></span> <span class='ocrx_word' id='word_1_767' title='bbox 2321 5036 2401 5092; x_wconf 81' lang='lat' dir='ltr'><strong>illi</strong></span> <span class='ocrx_word' id='word_1_768' title='bbox 2431 5035 2490 5091; x_wconf 89' lang='lat' dir='ltr'><strong>in</strong></span> <span class='ocrx_word' id='word_1_769' title='bbox 2516 5035 2801 5091; x_wconf 89' lang='lat' dir='ltr'><strong>Paraclcto</strong></span> <span class='ocrx_word' id='word_1_770' title='bbox 2827 5043 3004 5107; x_wconf 86' lang='lat' dir='ltr'><strong>gesta,</strong></span> <span class='ocrx_word' id='word_1_771' title='bbox 3037 5035 3286 5093; x_wconf 88' lang='lat' dir='ltr'><strong>laudare.</strong></span> 
     </span>
    </p>
   </div>
   <div class='ocr_carea' id='block_1_111' title="bbox 2132 5380 3726 5456">
    <p class='ocr_par' dir='ltr' id='par_1_111' title="bbox 2132 5380 3726 5456">
     <span class='ocr_line' id='line_1_112' title="bbox 2132 5380 3726 5456; baseline 0.002 -19"><span class='ocrx_word' id='word_1_772' title='bbox 2132 5391 2305 5456; x_wconf 80' lang='lat' dir='ltr'><strong>ceret,</strong></span> <span class='ocrx_word' id='word_1_773' title='bbox 2362 5380 2460 5438; x_wconf 89' lang='lat' dir='ltr'><strong>sed</strong></span> <span class='ocrx_word' id='word_1_774' title='bbox 2506 5393 2932 5456; x_wconf 80' lang='lat' dir='ltr'><strong>necesse_essct</strong></span> <span class='ocrx_word' id='word_1_775' title='bbox 2985 5397 3053 5456; x_wconf 82' lang='lat' dir='ltr'><strong>ex</strong></span> <span class='ocrx_word' id='word_1_776' title='bbox 3107 5381 3489 5456; x_wconf 60' lang='lat' dir='ltr'><strong>aliainaliam</strong></span> <span class='ocrx_word' id='word_1_777' title='bbox 3528 5383 3726 5456; x_wconf 80' lang='lat' dir='ltr'><strong>fugere</strong></span> 
     </span>
    </p>
   </div>
   <div class='ocr_carea' id='block_1_112' title="bbox 2130 5451 3728 5525">
    <p class='ocr_par' dir='ltr' id='par_1_112' title="bbox 2130 5451 3728 5525">
     <span class='ocr_line' id='line_1_113' title="bbox 2130 5451 3728 5525; baseline 0.002 -19"><span class='ocrx_word' id='word_1_778' title='bbox 2130 5451 2435 5525; x_wconf 80' lang='lat' dir='ltr'><strong>civitatem,</strong></span> <span class='ocrx_word' id='word_1_779' title='bbox 2461 5452 2726 5525; x_wconf 11' lang='lat' dir='ltr'><strong>quaagipsa</strong></span> <span class='ocrx_word' id='word_1_780' title='bbox 2750 5453 2876 5525; x_wconf 76' lang='lat' dir='ltr'><strong>fuga</strong></span> <span class='ocrx_word' id='word_1_781' title='bbox 2903 5463 2960 5509; x_wconf 93' lang='lat' dir='ltr'><strong>et</strong></span> <span class='ocrx_word' id='word_1_782' title='bbox 2981 5454 3209 5524; x_wconf 81' lang='lat' dir='ltr'><strong>jactatio</strong></span> <span class='ocrx_word' id='word_1_783' title='bbox 3233 5453 3286 5525; x_wconf 82' lang='lat' dir='ltr'><strong>in</strong></span> <span class='ocrx_word' id='word_1_784' title='bbox 3311 5451 3728 5525; x_wconf 53' lang='lat' dir='ltr'><strong>Evangelii&#39;rem</strong></span> 
     </span>
    </p>
   </div>
   <div class='ocr_carea' id='block_1_113' title="bbox 2131 5521 3728 5592">
    <p class='ocr_par' dir='ltr' id='par_1_113' title="bbox 2131 5521 3728 5592">
     <span class='ocr_line' id='line_1_114' title="bbox 2131 5521 3728 5592; baseline 0.003 -18"><span class='ocrx_word' id='word_1_785' title='bbox 2131 5521 2427 5592; x_wconf 81' lang='lat' dir='ltr'><strong>maximam</strong></span> <span class='ocrx_word' id='word_1_786' title='bbox 2455 5521 2708 5585; x_wconf 80' lang='lat' dir='ltr'><strong>cedebat.</strong></span> <span class='ocrx_word' id='word_1_787' title='bbox 2739 5521 2872 5578; x_wconf 81' lang='lat' dir='ltr'><strong>dum</strong></span> <span class='ocrx_word' id='word_1_788' title='bbox 2915 5521 3013 5592; x_wconf 81' lang='lat' dir='ltr'><strong>per</strong></span> <span class='ocrx_word' id='word_1_789' title='bbox 3055 5539 3177 5577; x_wconf 83' lang='lat' dir='ltr'><strong>eam</strong></span> <span class='ocrx_word' id='word_1_790' title='bbox 3212 5523 3418 5591; x_wconf 89' lang='lat' dir='ltr'><strong>ubique</strong></span> <span class='ocrx_word' id='word_1_791' title='bbox 3468 5521 3728 5580; x_wconf 80' lang='lat' dir='ltr'><strong>Christus</strong></span> 
     </span>
    </p>
   </div>
   <div class='ocr_carea' id='block_1_114' title="bbox 2129 5591 3731 5653">
    <p class='ocr_par' dir='ltr' id='par_1_114' title="bbox 2129 5591 3731 5653">
     <span class='ocr_line' id='line_1_115' title="bbox 2129 5591 3731 5653; baseline 0.004 -10"><span class='ocrx_word' id='word_1_792' title='bbox 2129 5591 2584 5646; x_wconf 84' lang='lat' dir='ltr'><strong>annuntiabatur.</strong></span> <span class='ocrx_word' id='word_1_793' title='bbox 2640 5592 2734 5648; x_wconf 90' lang='lat' dir='ltr'><strong>Sic</strong></span> <span class='ocrx_word' id='word_1_794' title='bbox 2792 5591 3171 5653; x_wconf 85' lang='grc' dir='ltr'><strong>ἀκατάστατος</strong></span> <span class='ocrx_word' id='word_1_795' title='bbox 3195 5628 3212 5653; x_wconf 94' lang='grc'><strong>,</strong></span> <span class='ocrx_word' id='word_1_796' title='bbox 3245 5601 3386 5646; x_wconf 82' lang='lat' dir='ltr'><strong>certo</strong></span> <span class='ocrx_word' id='word_1_797' title='bbox 3403 5595 3458 5646; x_wconf 83' lang='lat' dir='ltr'><strong>in</strong></span> <span class='ocrx_word' id='word_1_798' title='bbox 3495 5593 3606 5646; x_wconf 84' lang='lat' dir='ltr'><strong>loco</strong></span> <span class='ocrx_word' id='word_1_799' title='bbox 3636 5611 3731 5649; x_wconf 81' lang='lat' dir='ltr'><strong>seu</strong></span> 
     </span>
    </p>
   </div>
   <div class='ocr_carea' id='block_1_115' title="bbox 2131 5661 3729 5728">
    <p class='ocr_par' dir='ltr' id='par_1_115' title="bbox 2131 5661 3729 5728">
     <span class='ocr_line' id='line_1_116' title="bbox 2131 5661 3729 5728; baseline 0.004 -14"><span class='ocrx_word' id='word_1_800' title='bbox 2131 5669 2275 5715; x_wconf 84' lang='lat' dir='ltr'><strong>statu</strong></span> <span class='ocrx_word' id='word_1_801' title='bbox 2302 5678 2408 5714; x_wconf 82' lang='lat' dir='ltr'><strong>non</strong></span> <span class='ocrx_word' id='word_1_802' title='bbox 2437 5663 2745 5715; x_wconf 77' lang='lat' dir='ltr'><strong>consistens.</strong></span> <span class='ocrx_word' id='word_1_803' title='bbox 2802 5661 3248 5728; x_wconf 85' lang='lat' dir='ltr'><strong>Eleutheropolis</strong></span> <span class='ocrx_word' id='word_1_804' title='bbox 3279 5663 3344 5716; x_wconf 87' lang='lat' dir='ltr'><strong>ad</strong></span> <span class='ocrx_word' id='word_1_805' title='bbox 3381 5663 3729 5720; x_wconf 68' lang='lat' dir='ltr'><strong>Palaestinam</strong></span> 
     </span>
    </p>
   </div>
   <div class='ocr_carea' id='block_1_116' title="bbox 2133 5731 3729 5804">
    <p class='ocr_par' dir='ltr' id='par_1_116' title="bbox 2133 5731 3729 5804">
     <span class='ocr_line' id='line_1_117' title="bbox 2133 5731 3729 5804; baseline 0.003 -22"><span class='ocrx_word' id='word_1_806' title='bbox 2133 5739 2369 5804; x_wconf 71' lang='lat' dir='ltr'><strong>spectat,</strong></span> <span class='ocrx_word' id='word_1_807' title='bbox 2400 5731 2641 5804; x_wconf 53' lang='lat' dir='ltr'><strong>aliaeque</strong></span> <span class='ocrx_word' id='word_1_808' title='bbox 2685 5731 2853 5784; x_wconf 82' lang='lat' dir='ltr'><strong>urbes</strong></span> <span class='ocrx_word' id='word_1_809' title='bbox 2889 5732 2979 5804; x_wconf 76' lang='lat' dir='ltr'><strong>hic</strong></span> <span class='ocrx_word' id='word_1_810' title='bbox 3027 5739 3367 5804; x_wconf 72' lang='lat' dir='ltr'><strong>memoratae,</strong></span> <span class='ocrx_word' id='word_1_811' title='bbox 3418 5742 3729 5804; x_wconf 48' lang='lat' dir='ltr'><strong>postqu</strong></span> 
     </span>
    </p>
   </div>
   <div class='ocr_carea' id='block_1_117' title="bbox 2131 5797 3729 5874">
    <p class='ocr_par' dir='ltr' id='par_1_117' title="bbox 2131 5797 3729 5874">
     <span class='ocr_line' id='line_1_118' title="bbox 2131 5797 3729 5874; baseline 0.004 -19"><span class='ocrx_word' id='word_1_812' title='bbox 2131 5797 2370 5874; x_wconf 70' lang='lat' dir='ltr'><strong>Jacobus</strong></span> <span class='ocrx_word' id='word_1_813' title='bbox 2399 5800 2454 5853; x_wconf 93' lang='lat' dir='ltr'><strong>in</strong></span> <span class='ocrx_word' id='word_1_814' title='bbox 2480 5797 2771 5874; x_wconf 46' lang='lat' dir='ltr'><strong>{Egyptum</strong></span> <span class='ocrx_word' id='word_1_815' title='bbox 2811 5800 3110 5869; x_wconf 85' lang='lat' dir='ltr'><strong>profectus,</strong></span> <span class='ocrx_word' id='word_1_816' title='bbox 3131 5797 3192 5858; x_wconf 86' lang='lat' dir='ltr'><strong>iu</strong></span> <span class='ocrx_word' id='word_1_817' title='bbox 3220 5801 3344 5874; x_wconf 84' lang='lat' dir='ltr'><strong>ejus</strong></span> <span class='ocrx_word' id='word_1_818' title='bbox 3370 5797 3508 5860; x_wconf 80' lang='lat' dir='ltr'><strong>urbe</strong></span> <span class='ocrx_word' id='word_1_819' title='bbox 3541 5797 3729 5862; x_wconf 62' lang='lat' dir='ltr'><strong>Ostrar</strong></span> 
     </span>
    </p>
   </div>
   <div class='ocr_carea' id='block_1_118' title="bbox 2132 5870 2920 5940">
    <p class='ocr_par' dir='ltr' id='par_1_118' title="bbox 2132 5870 2920 5940">
     <span class='ocr_line' id='line_1_119' title="bbox 2132 5870 2920 5940; baseline -0.001 -16"><span class='ocrx_word' id='word_1_820' title='bbox 2132 5870 2256 5926; x_wconf 88' lang='lat' dir='ltr'><strong>cina</strong></span> <span class='ocrx_word' id='word_1_821' title='bbox 2285 5870 2550 5940; x_wconf 85' lang='lat' dir='ltr'><strong>martyrio</strong></span> <span class='ocrx_word' id='word_1_822' title='bbox 2578 5871 2802 5926; x_wconf 87' lang='lat' dir='ltr'><strong>functus</strong></span> <span class='ocrx_word' id='word_1_823' title='bbox 2815 5879 2920 5927; x_wconf 89' lang='lat' dir='ltr'><strong>cst.</strong></span> 
     </span>
    </p>
   </div>
  </div>
