4094 6466
425 411 530 478 159

486 524 806 584 Verum-his
845 525 1096 598 quidem,
1117 528 1171 583 ei
1193 527 1289 599 qui
1313 537 1512 585 cuneta
1535 538 1800 599 operatur
1819 542 1884 583 ac
1913 542 2018 582 no-
2045 531 2096 590 Α

416 615 516 678 vit,
555 617 821 682 dimissus,
857 627 1004 674 tuam
1038 619 1187 676 illam
1218 621 1238 693 (
1272 629 1358 676 ter
1394 621 1712 677 beatissime
1748 622 2016 689 )crurem

416 705 662 762 celebro.
697 707 851 763 Hanc
892 711 1043 766 enim
1072 712 1504 782 pulcherrimam
1544 713 1704 783 longe
1735 711 2019 782 productis

416 797 705 855 laboribus
753 802 864 857 tuis
913 819 979 858 ac
1010 805 1433 871 certaminibus,
1471 805 1792 860 coronidem
1838 805 2020 874 impo-

419 891 604 946 suisti.
641 892 875 948 Crucem
907 897 1154 962 celebro,
1191 898 1246 952 in
1285 912 1395 966 qua
1440 897 1778 952 venerandis
1817 896 2020 952 sacris-

416 996 525 1051 que
573 984 833 1039 manibus
876 988 1142 1053 extensis,
1191 989 1364 1043 Deum
1413 997 1570 1044 tuum
1610 1003 1675 1044 ac
1717 989 2016 1045 Dominum

416 1073 758 1131 clarificasti.
794 1076 1030 1132 Crucem
1062 1080 1286 1135 celebro
1313 1095 1378 1135 ac
1407 1081 1596 1144 laudo,
1627 1081 1774 1150 quod
1818 1081 1941 1146 tibi,
1987 1097 2020 1136 e

426 1175 574 1220 terra
629 1166 684 1220 in
716 1168 916 1223 cadum
954 1180 1103 1224 recta
1138 1170 1538 1236 transmittens,
1577 1171 1724 1226 scala
1773 1171 1878 1224 lixa
1915 1170 2018 1226 sit:

420 1272 645 1313 crucem
677 1259 966 1326 nimirum,
1009 1279 1132 1332 quae
1156 1264 1316 1334 igneo
1347 1264 1466 1334 ipso
1501 1279 1670 1319 curru
1703 1265 2016 1334 pernicius,

415 1343 795 1416 ﬂammeisque
833 1348 1030 1404 faculis
1075 1351 1322 1406 velocius
1357 1351 1716 1422 diviniusque
1749 1353 2015 1424 majorem

415 1437 473 1492 in
513 1439 734 1494 modum
767 1458 798 1496 e
841 1451 983 1495 terra
1026 1444 1244 1505 extulit,
1288 1444 1580 1515 levemque
1606 1445 1792 1500 volatu
1824 1461 2018 1516 super-

415 1531 625 1586 caelesti
651 1533 786 1603 regi,
811 1533 1057 1588 admovit
1081 1544 1245 1605 atque
1276 1536 1510 1605 aptavit.

487 1625 700 1678 Etenim
721 1625 1015 1697 Aigyptum
1036 1643 1160 1682 cum
1181 1629 1549 1698 perrupisset,
1567 1627 1935 1700 babitansque
1956 1629 2014 1685 in

414 1714 784 1772 talemaculis
803 1717 982 1773 Cedar
1005 1719 1072 1783 “,
1104 1720 1269 1790 longe
1289 1727 1537 1790 tempore
1564 1721 1710 1790 apud
1730 1719 2018 1792 Egyptios

408 1821 578 1862 verus
619 1809 735 1877 ipse
780 1809 1048 1872 Israelita,
1080 1821 1136 1865 et
1161 1811 1304 1880 apud
1335 1820 1555 1881 gentem
1595 1813 1841 1867 tenebris
1864 1813 2013 1867 obsi-

409 1905 519 1951 tam
551 1899 666 1968 ipse
692 1901 1056 1967 illuminalus,
1090 1903 1268 1958 incola
1288 1903 1520 1969 fuisset,
1546 1920 1852 1976 omnesque
1871 1921 2012 1976 quos

409 1991 555 2046 inter
612 1992 736 2048 illos
783 1993 983 2064 dignos
1033 1995 1342 2064 invenerat,
1394 1997 1537 2052 ﬁlios
1586 1999 1729 2054 lucis
1783 2015 1849 2055 ac
1896 1997 2010 2054 diei

408 2081 648 2149 fecisset,
691 2085 774 2139 sic
819 2087 1040 2141 tandem
1093 2103 1195 2157 pro
1241 2089 1503 2144 omnibus
1552 2106 1776 2146 crucem
1816 2107 2011 2148 ascen-

407 2171 492 2226 dit
513 2174 603 2239 “‘,
629 2175 686 2228 in
737 2191 844 2231 una
879 2177 1101 2247 quidem
1128 2177 1346 2250 Egypti
1382 2181 1604 2236 urbium
1627 2185 1644 2253 (
1666 2181 2011 2238 Ostracinam

409 2266 651 2336 vocant)
701 2283 876 2338 agnus
909 2271 1248 2337 immolatus,
1307 2274 1404 2343 qui
1456 2284 1640 2330 tamen
1694 2277 2002 2346 provinciis

407 2366 575 2427 atque
608 2361 843 2417 urbibus
872 2365 1228 2434 passionibus
1264 2368 1382 2423 suis
1417 2369 1701 2424 Christum
1738 2371 2010 2441 propitie—

406 2459 514 2504 tur.
550 2451 661 2506 Nec
682 2461 942 2524 tanquam
962 2473 1129 2527 grave
1151 2460 1361 2529 aliquid
1394 2471 1702 2531 pateretur,
1731 2473 1828 2517 aut
1852 2465 2009 2520 velut

407 2539 578 2593 animi
611 2541 804 2598 dolore
838 2548 1282 2613 excruciaretur,
1317 2551 1426 2605 illis
1457 2553 1876 2624 indignabatur,
1907 2556 2006 2626 qui

407 2630 487 2683 illi
517 2633 702 2688 crucis
731 2644 989 2692 auctores
1021 2647 1214 2706 erant;
1247 2641 1342 2696 sed
1375 2651 1435 2696 ut
1469 2645 1642 2714 magis
1670 2645 2006 2702 beneficium

407 2735 468 2776 ex
499 2723 610 2778 illis
669 2739 1048 2796 consecutus,
1113 2731 1188 2786 ita
1245 2735 1636 2806 alloquebatur
1696 2737 2009 2811 blandeque

408 2816 717 2886 arridebat,
763 2835 964 2892 rogans
981 2824 1143 2878 saluti
1183 2829 1524 2897 prospicere,
1572 2829 1909 2902 hortansque
1941 2833 2010 2887 ab

406 2907 660 2978 Egyptio
723 2926 917 2968 errore
964 2929 1288 3002 emergere,
1337 2928 1504 2992 atque
1564 2922 1691 2978 coeli
1737 2930 2011 2994 terraeque

406 2999 699 3056 Dominum
730 3019 962 3062 monens
990 2999 1312 3079 agnoscere.

471 3196 758 3269 Tanquam
807 3199 974 3273 igitur
1013 3202 1225 3274 accepti
1264 3204 1513 3258 muneris
1541 3215 1774 3275 gratiam
1809 3221 2008 3276 repen-
2037 3232 2082 3294 ε

404 3287 563 3354 dens,
595 3289 742 3358 quod
771 3291 874 3346 hac
903 3307 1126 3363 quoque
1161 3303 1315 3363 parte
1335 3294 1541 3349 Christi
1569 3296 1744 3364 palam
1765 3297 2003 3352 similem

403 3395 531 3435 eum
576 3381 928 3448 ell‘ecissent;
979 3385 1126 3453 quod
1189 3386 1332 3440 viam
1378 3387 1617 3451 facilem,
1664 3389 2008 3460 brevemque

407 3486 506 3540 per
533 3486 757 3528 crucem
783 3473 1037 3528 semitam
1059 3491 1122 3530 ac
1141 3476 1494 3531 commodum
1520 3477 1575 3530 in
1604 3480 1807 3534 omium
1827 3481 1933 3535 iter
1953 3480 2006 3538 ei

406 3563 753 3630 muniebant,
776 3566 921 3620 votis
944 3566 1354 3622 obsecrabatac
1376 3569 1703 3625 hortabatur
1726 3581 1788 3627 ut
1810 3587 2004 3629 omnes

404 3655 686 3711 Christum
723 3670 1158 3728 cognoscerent:
1193 3657 1378 3714 Jesum
1405 3663 1619 3727 scirent,
1647 3679 1829 3718 verum
1869 3666 2005 3722 illud

407 3745 646 3812 Lumen,
733 3748 922 3811 dulce,
985 3750 1228 3812 beatum,
1286 3763 1550 3820 sanctum,
1610 3756 2006 3824 intemeratum,

407 3837 777 3909 intemporale,
812 3841 946 3895 nube
986 3858 1092 3896 non
1139 3842 1388 3909 obsitum,
1427 3853 1576 3899 nocte
1626 3863 1734 3901 non
1775 3849 2004 3904 interce-

407 3938 580 4000 ptum,
595 3947 812 4004 corpore
824 3950 929 3987 non
943 3933 1244 4002 obductum,
1261 3933 1369 3989 loco
1385 3952 1488 3990 non
1510 3938 2000 4012 circumscriptum;

405 4024 546 4093 quod
582 4040 745 4079 unum
775 4029 963 4082 merito
994 4027 1198 4082 ambire
1219 4044 1283 4082 ac
1311 4039 1562 4099 exoptare
1589 4047 1761 4101 operte
1773 4035 2002 4103 pretium

406 4119 474 4169 s't
493 4133 513 4182 ;
537 4133 804 4188 unumque
824 4119 1039 4173 credere
1062 4137 1124 4174 ac
1139 4118 1397 4190 diligere;
1419 4119 1621 4174 Lumen
1640 4121 1838 4177 scilicet
1867 4141 2005 4180 sem-

407 4224 518 4274 per,
543 4201 809 4278 totumque
829 4209 1006 4265 lucens
1028 4226 1049 4276 ,'
1077 4211 1217 4282 quod
1245 4227 1491 4265 occasum
1516 4213 1740 4280 nesciat,
1763 4231 1856 4268 nec
1886 4215 2002 4270 ulla

407 4300 670 4369 exstingui
697 4299 900 4370 injuria
932 4303 1116 4372 possit.
1145 4299 1346 4355 Lumen
1371 4302 1514 4356 istud
1538 4301 1707 4357 Deum
1738 4305 2002 4378 intellige-

403 4399 542 4456 rent,
589 4391 734 4444 illius
775 4391 1171 4446 inardescerent
1225 4394 1538 4464 cupiditate,
1589 4396 1769 4466 ipsum
1818 4398 2000 4453 divina

408 4485 552 4538 Jmni
600 4485 840 4548 actione,
883 4486 1130 4556 omnique
1176 4485 1503 4542 lucidissima
1556 4487 2003 4560 contemplatione

1635 413 1934 477 NICETA!
1965 403 2505 474 PAPHLAGONIS

3625 419 3751 480 ιω

2205 525 2368 580 Ἀλλά
2393 524 2568 579 ταῦτα
2600 523 2700 595 μὲν
2726 522 2805 595 τῷ
2829 523 2899 579 τά
2923 522 3104 579 πάντα
3131 521 3598 596 κατεργαζομένη)
3632 542 3748 580 και

2115 617 2284 671 είδότι
2309 617 2528 688 παρεὶς,
2553 617 2710 687 ὑμνῶ
2726 632 2846 682 σου,
2871 614 3304 687 θεομακάριστε,
3335 613 3433 669 τὸν
3456 617 3743 691 σταυρόν.

2123 706 2330 788 Τοῦτον
2355 707 2466 778 γάρ
2491 705 2790 775 καλλίστην
2837 705 3120 778 ἐπέθηκας
3174 707 3294 773 τοῖς
3343 709 3578 777 μακροῖς
3631 724 3747 760 σου

2122 799 2329 864 πόνοις,
2359 801 2456 853 καὶ⁹
2477 798 2826 870 ἀγωνίσμασι
2878 799 2978 870 τὴν
3021 799 3314 869 κορωνίδα.
3385 799 3574 868 ’Υμνῶ
3634 803 3747 854 τὸν

2122 893 2379 964 σταυρὸν,
2409 885 2454 961 ᾧ
2481 891 2582 955 τὰς
2601 892 2792 960 τιμίας
2813 893 3005 961 χεῖρας
3040 892 3136 946 καὶ
3168 891 3321 962 ίερὰς
3373 891 3747 957 ἰκτετακὼς,

2118 989 2212 1044 τὸν
2231 989 2364 1042 Θεόν
2390 1005 2484 1042 σου
2502 989 2597 1042 καὶ
2613 985 2820 1057 Κύριον
2837 986 3114 1052 ἐδόξασας.
3133 986 3319 1057 ’Υμνῶ
3337 987 3434 1042 τὸν
3461 1004 3595 1042 σταυ
3610 987 3743 1058 ρὸν,

2119 1083 2204 1137 ὄτι
2236 1099 2320 1136 σοι
2358 1081 2564 1152 κλίμαξ
2591 1079 2702 1134 ἀπὸ
2726 1080 2833 1149 γῆς
2856 1080 3038 1152 ὲπάγη
3071 1080 3211 1152 πρὸς
3231 1081 3467 1152 οὐρανὸν
3493 1080 3746 1135 εὐθυϐο-

2121 1177 2230 1242 λως
2287 1176 2695 1247 ἅναπέμπουσα
2721 1191 2736 1206 ο
2781 1175 2841 1238 ὃς
2881 1176 2978 1228 καὶ
3004 1175 3253 1246 ἅρματος
3288 1175 3460 1245 πυρὸς
3498 1175 3740 1238 θᾶττον,

2119 1269 2215 1322 καὶ
2244 1267 2528 1339 φλογερῶν
2563 1267 2869 1338 ὀχημάτων
2919 1265 3181 1339 ὀξύτερον
3229 1267 3324 1320 καὶ
3365 1264 3738 1338 ἑνθεώτερον,

2122 1360 2328 1432 σφόδρα
2359 1360 2456 1431 μὲν
2482 1358 2656 1430 ὲπῆρε
2695 1362 2796 1430 τῆς
2821 1358 2948 1428 γῆς,
2975 1357 3280 1428 ὑπηνέμιον
3302 1357 3361 1412 δέ
3391 1375 3453 1411 σε
3476 1357 3740 1427 φερόμε-

2118 1470 2210 1507 νον
2241 1452 2321 1520 τῷ
2352 1450 2766 1522 Ὑπερουρανίῳ
2805 1448 3185 1520 προσεπέλασε
3231 1448 3330 1501 καὶ
3392 1448 3740 1520 προσήρμο-

2119 1561 2233 1599 σεν.

2109 1665 2112 1668 -
2191 1637 2302 1691 Καὶ
2331 1635 2441 1707 γάρ
2467 1635 2571 1705 τὴν
2616 1635 2893 1702 Αἴγυπτον
2930 1630 3125 1694 ἐπιὼν,
3155 1631 3252 1684 καὶ
3276 1631 3344 1684 τὰ
3361 1631 3726 1701 σκηνώματα
3820 1663 3836 1684 κ

2118 1723 2555 1796 κατασκηνώσεις
2598 1722 2813 1793 Κηδὰρ,
2847 1721 2941 1775 καὶ
2973 1720 3067 1773 ἐπὶ
3093 1718 3231 1774 πολὺ
3281 1721 3440 1787 παρά
3468 1719 3583 1781 τοῖς
3619 1718 3733 1770 Δί-

2116 1818 2368 1886 γυπτίοις
2412 1817 2442 1870 ό
2495 1815 2749 1886 ἀληθινὸς
2812 1811 3156 1884 ἰσραηλίτης
3187 1849 3202 1875 ,
3257 1811 3353 1864 καὶ
3388 1809 3544 1880 παρὰ
3600 1811 3736 1873 τοῖς

2116 1909 2522 1980 ὲσκοτισμένοις
2576 1908 2606 1960 ό
2670 1903 3089 1974 πεφωτισμένος
3161 1901 3519 1974 παρῳκηκώς
3549 1918 3564 1933 ο
3620 1901 3734 1954 καὶ

2117 2006 2280 2067 ὅσους
2321 2001 2510 2068 ἀξίους
2540 2002 2599 2054 ὲν
2637 2002 2822 2064 αὐτοῖς
2851 1995 3032 2070 εὗρεν,
3058 1998 3209 2060 υἱοὺς
3241 1996 3420 2066 φωτὸς
3456 1996 3553 2049 καὶ
3574 1996 3732 2066 ἡμέ-

2119 2113 2218 2166 ρας
2265 2094 2667 2166 ἐργασάμενος,
2723 2089 2899 2154 οὕτως
2930 2089 3072 2159 ὑπὲρ
3106 2088 3326 2142 πάντων
3350 2085 3585 2156 ἀνῆλθεν
3619 2085 3731 2140 ἐπὶ

2117 2185 2394 2257 σταυροῦ·
2462 2187 2522 2238 ὲν
2579 2185 2681 2255 μιᾷ
2719 2181 2819 2252 μὲν
2859 2181 2970 2235 τῶν
3022 2181 3141 2235 κατ’
3181 2179 3459 2248 Αἴγυπτον
3501 2178 3730 2234 πόλεων

2117 2277 2482 2351 (Ὀστρακίνῃ
2511 2274 2846 2346 καλουμένῃ)
2911 2273 2989 2338 ὼς
3043 2272 3217 2343 ἀμνὸς
3264 2271 3682 2341 καταθυόμενος
3706 2286 3725 2304 ο

2114 2373 2318 2435 πάσαις
2361 2369 2421 2423 δὲ
2459 2367 2668 2440 χώραις
2702 2365 2798 2421 καὶ
2840 2365 3065 2419 πόλεσιν
3113 2365 3227 2429 τοῖς
3272 2363 3500 2426 οἰκείοις
3531 2363 3728 2432 παθή-

2114 2478 2277 2532 μασιν
2307 2459 2758 2530 εὐῖλατευόμενος
2827 2456 2922 2511 τὸν
2948 2454 3207 2526 Χριστόν·
3250 2453 3345 2507 καὶ
3371 2454 3470 2524 οὐχ
3502 2451 3577 2516 ὼς
3601 2454 3736 2520 6st.-~

2117 2556 2209 2609 νόν
2263 2571 2317 2607 τι
2371 2552 2622 2622 πάσχων,
2654 2551 2768 2604 οὐδ’
2814 2550 2893 2613 ὡς
2946 2547 3322 2617 ἀλγυνόμενος
3361 2545 3463 2616 τὴν
3505 2544 3720 2615 ψυχὴν,

2115 2647 2471 2718 ἐδυσχέραινε
2523 2645 2638 2707 τοῖς
2695 2642 3063 2710 σταυρωταῖς·
3112 2639 3231 2694 ἀλλ’
3259 2637 3335 2703 ὡς
3389 2636 3722 2707 εὐεργετού-

2119 2759 2284 2814 μενος
2321 2737 2527 2810 μᾶλλον
2571 2736 2762 2799 αὐτοῖς
2798 2732 3148 2805 προσελάλει,
3186 2730 3284 2785 καὶ⁵
3325 2729 3719 2801 προσεμειδία,

2119 2832 2364 2902 σωθῆναι
2404 2825 2763 2899 παρακαλῶνο
2799 2824 2896 2878 καὶ⁵
2933 2822 3234 2878 ἀνανεῦσαι
3269 2820 3373 2892 μὲν
3409 2820 3510 2890 τῆς
3541 2819 3723 2888 Δίγυ-

2117 2925 2361 2994 πτιακῆς
2391 2923 2613 2991 ἀπάτης
2651 2919 2749 2974 καὶ
2786 2915 3214 2986 δεισιδαιμονίας
3265 2911 3572 2984 παραινῶν·
3619 2911 3723 2965 τὸν

2116 3016 2212 3069 τοῦ
2264 3012 2498 3086 οὐρανοῦ
2542 3011 2599 3065 δὲ
2645 3010 2741 3065 καὶ
2783 3009 2882 3080 τῆς
2932 3007 3041 3079 γῆς
3088 3006 3370 3078 Δεσπότην
3411 3002 3723 3073 ἐπιγνῶναι

2117 3106 2473 3176 παρεγγυῶν.

2181 3197 2356 3268 Χάριν
2409 3189 2506 3249 οὗν
2535 3193 2726 3262 ῶσπερ
2771 3190 2957 3255 αὐτοῖς
3001 3189 3102 3260 τῆς
3135 3188 3456 3258 εὐεργεσιας
3485 3187 3724 3241 ἀποτινσ-

2113 3292 2233 3355 νὺς,
2285 3290 2370 3343 ὅτι
2430 3286 2683 3358 καθαρῶς
2731 3283 2893 3338 αὐτὸν
2936 3283 3040 3338 κάν
3071 3280 3251 3351 τούτῳ
3304 3279 3552 3351 μιμητὴν
3609 3280 3726 3339 άπ-

2117 3382 2437 3437 εδείκνυσαν
2473 3378 2568 3432 τοῦ
2603 3375 2867 3446 Χριστοῦ,
2894 3375 2976 3428 ὅτι
3013 3375 3222 3447 ῥᾴστην
3275 3371 3425 3442 αὐτῷ
3457 3371 3551 3425 καὶ
3599 3371 3725 3427 ἐπί-

2115 3492 2284 3539 τομον
2314 3469 2474 3544 οἷμον
2527 3471 2620 3524 διὰ
2659 3468 2757 3522 τοῦ
2811 3467 3049 3539 σταυροῦ
3077 3507 3094 3533 ,
3135 3465 3232 3519 καὶ
3278 3464 3465 3536 τρίϐον
3493 3463 3726 3520 εὔθετον

2117 3565 2415 3620 ὡδοποίουν
2457 3563 2596 3633 πρὸς
2642 3559 2897 3633 οὐρανὸν,
2930 3557 3233 3628 παρεκάλει
3275 3555 3546 3610 νουθετῶν
3577 3557 3717 3610 πάν·

2114 3677 2212 3724 τας
2253 3658 2453 3712 εἰδέναι
2480 3655 2737 3728 Χριστόν.
2762 3651 3005 3709 Εῑὸέναι
3041 3652 3151 3705 τὸν
3185 3649 3444 3718 Ἰησοῦν,
3483 3647 3552 3701 τὸ
3580 3647 3718 3718 φῶς

2115 3752 2182 3806 τὸ
2211 3749 2527 3819 ἀληθινὸν,
2563 3748 2632 3802 τὸ
2669 3746 2809 3818 ἡδὺ,
2855 3743 2926 3799 τὸ
2958 3743 3280 3815 μακάριον,
3309 3741 3377 3796 τὸ
3417 3740 3614 3810 ἅγιον,
3646 3741 3718 3795 τὸ

2117 3845 2446 3916 ἄχραντον,
2471 3842 2540 3897 τὸ
2569 3841 2860 3912 ἄχρονον,
2881 3840 2951 3894 τὸ
2970 3840 3139 3908 νέςοει
3155 3835 3245 3906 μὴ
3278 3835 3714 3905 κρατούμενον,

2113 3939 2184 3992 τὸ
2224 3935 2404 3992 νυκτί
2431 3933 2519 4005 μὴ
2555 3932 3056 4001 διακοπτόμενον,
3087 3929 3156 3984 τὸ
3193 3927 3423 3998 σώματι
3457 3927 3546 3996 μὴ
3581 3927 3720 3980 ἐπι-

2114 4026 2598 4096 προσθούμενον,
2643 4025 2713 4078 τὸ
2737 4025 2902 4090 τόπῳ
2933 4022 3024 4092 μὴ
3076 4023 3600 4092 περιειργτόμενον,
3650 4021 3716 4074 τὸ

2107 4121 2305 4190 μόνον
2340 4117 2517 4184 ἀξιον
2555 4117 2666 4171 τοῦ
2718 4115 3051 4185 ζηλοῦσθαι
3100 4113 3204 4168 και
3262 4112 3602 4168 ποθεῖσθαι*
3647 4110 3718 4165 τὸ

2110 4212 2307 4283 μόνον
2344 4209 2523 4275 ἄξιον
2561 4207 2666 4264 τοῦ
2694 4208 3091 4263 πιστεύεσθαι
3117 4206 3218 4261 καὶ
3243 4203 3613 4276 ἀταπᾶσθαν
3645 4204 3717 4258 τὸ

2114 4304 2415 4374 άείςοωτον
2457 4303 2557 4357 καὶ
2603 4295 2934 4371 πάιὶζοωτον
2995 4299 3108 4370 (50)
3135 4315 3151 4332 ·
3191 4298 3259 4352 τὸ
3312 4298 3540 4353 ἄδυτον
3610 4296 3714 4352 καὶ

2113 4396 2419 4451 ἄσϐεστον
2445 4393 2591 4466 φῶς.
2649 4393 2833 4448 Τοῦτο
2884 4391 3037 4447 Θεὸν
3084 4391 3330 4454 ειδέναι,
3363 4391 3540 4446 τοῦτο
3576 4389 3712 4460 ἐφι-

2114 4490 2308 4551 εσθαι,
2341 4487 2520 4541 τοῦτο
2560 4483 2757 4553 ζητεῖν
2783 4482 2884 4536 διὰ
2905 4483 3113 4551 πάσης
3143 4481 3417 4552 πράξεως
3439 4481 3553 4553 (51)
3585 4483 3716 4536 θεο-

404 4579 769 4647 exquirerent,
815 4587 874 4631 ut
915 4578 1052 4648 quod
1093 4595 1212 4633 vere
1231 4580 1316 4645 sit,
1364 4587 1413 4633 et
1443 4580 1507 4634 ab
1542 4595 1601 4633 eo
1649 4582 1738 4651 qui
1785 4597 1903 4636 vere
1938 4591 2013 4638 est

2122 4577 2357 4644 τελοῦς.
2391 4577 2490 4631 διὰ
2527 4576 2737 4643 πάσης
2782 4575 3035 4644 θεωρίας
3077 4574 3446 4644 ὑπερφαοῦς,
3479 4574 3561 4641 ὡς
3613 4573 3716 4628 ὅν-

405 4671 592 4740 (Patre
640 4670 879 4742 scilicet)
915 4680 1173 4743 tanquam
1195 4673 1378 4726 radius
1418 4673 1483 4728 ab
1523 4681 1720 4729 aeterno
1758 4684 1990 4731 emanet.

402 4761 558 4818 Hunc
585 4761 821 4816 videlicet
845 4761 1120 4817 colendum
1162 4765 1217 4818 in
1251 4774 1307 4817 ut
1337 4763 1541 4835 Spiritu
1582 4765 1674 4820 Dei
1711 4765 1936 4835 Verbum
1959 4775 2011 4821 et

404 4851 576 4911 Deum
644 4870 828 4908 verum
879 4871 898 4908 :
957 4857 1283 4910 venerationi
1353 4857 1652 4911 habendam
1712 4858 2018 4928 pariterque

402 4943 737 5004 [nudandam
750 4946 862 5016 ejus
874 4946 930 5000 in
945 4963 1106 5000 carne
1126 4947 1568 5018 dispensationem
1588 4949 1720 5020 ;ejus
1740 4949 1935 5004 scilicet
1953 4967 2018 5005 ea:

409 5037 624 5108 Virgine
662 5039 1017 5104 nativitatem,
1058 5047 1237 5093 nostro
1261 5039 1382 5109 jam
1423 5041 1736 5106 ministerio,
1782 5039 2007 5096 aiebat:

412 5131 598 5185 Latius
620 5131 677 5185 in
733 5130 877 5185 vobis
922 5133 1312 5202 prwdicatam:
1352 5143 1654 5202 susceptam
1694 5148 1900 5204 quoque
1931 5131 2016 5190 illi

484 5289 530 5322 ⁸⁸
557 5288 701 5345 Psal.
740 5304 884 5352 cxnx,
925 5291 976 5346 l.
1048 5289 1164 5345 “‘l
1206 5288 1402 5346 Thess.
1441 5306 1496 5357 v,
1530 5290 1582 5345 5.

489 5446 605 5519 (διδ)
621 5445 945 5519 Ἀειφωτον
963 5461 1064 5519 κα.
1094 5445 1649 5519 παμφωτονηνοοεε
1671 5459 1828 5500 novre
1861 5459 2015 5519 comé

450 5515 724 5589 ositionis.
747 5515 1206 5589 theologicaeLua:
1217 5533 1424 5587 semper
1451 5517 1663 5589 lucens,
1676 5533 1739 5570 ac
1767 5525 1877 5570 tota
1897 5515 2010 5589 luat.

450 5531 724 5573 osmoms.
751 5531 1424 5589 tneotogtcze,bua:seinper
1451 5531 1652 5579 lucens,
1676 5533 1739 5570 ac
1767 5531 1877 5570 tota
1897 5531 2010 5574 tux.

408 5531 527 5661 sua
556 5588 1070 5661 aslcpwtou,_lumen
1109 5586 1302 5661 ἄδυτον
1324 5597 1410 5641 est
1459 5595 1516 5661 ct
1561 5586 1846 5651 ἄσϐεστον,
1873 5587 2015 5661 quod

411 5657 688 5728 ῄιιηιιιιαηι
717 5659 1061 5728 οεεὶάαιηαιιι
1100 5657 1506 5728 εωειὶηθιιαιιινξ
1535 5672 1665 5728 ,αυε
1699 5671 1832 5728 vero
1861 5659 2014 5726 πάμ-

411 5726 612 5796 mm,
643 5729 701 5780 in
719 5745 820 5797 quo
849 5726 1015 5782 nulla:
1043 5726 1417 5797 teitebrpq’sint,
1470 5728 1489 5782 l
1523 5727 1680 5782 Joan.
1710 5743 1750 5790 ι,
1772 5727 1829 5792 5,
1851 5742 2014 5782 secus

411 5797 572 5867 asin
611 5795 838 5860 creatis,
887 5797 983 5867 ubi
1017 5797 1110 5867 lux
1138 5795 1363 5864 quidem
1410 5799 1557 5867 quod
1608 5807 1738 5852 sunt
1780 5813 1848 5867 ex
1873 5798 2010 5862 Deo,

416 5865 516 5928 aui
548 5865 712 5928 Pater
763 5877 849 5925 est
906 5865 1215 5930 luminum:
1276 5875 1332 5925 at
1360 5865 1626 5933 tenebrae,
1668 5866 1820 5931 quod
1867 5882 1898 5924 a
1950 5882 2011 5926 se

2103 4687 2220 4736 τως
2244 4670 2337 4735 ὃν,
2377 4671 2476 4724 καὶ
2511 4669 2581 4723 ἐκ
2623 4667 2756 4740 τοῦ,
2783 4668 2970 4734 ὄντως
2998 4667 3175 4735 ὄντος
3205 4666 3484 4736 ἀνάρχως
3515 4667 3714 4721 ἀπαυ-

2116 4761 2445 4834 γαζόμενον
2480 4760 2736 4830 Πατρός.
2797 4760 3022 4815 Τοῦτον
3068 4759 3168 4815 δεῖ
3188 4759 3392 4814 σέϐειν
3418 4759 3488 4814 ἐν
3520 4759 3713 4813 Πνεύ-

2110 4871 2256 4925 ματι
2299 4853 2469 4918 Θεοῦ,
2503 4853 2586 4919 ὠς
2609 4854 2808 4923 Λόγον
2827 4851 2937 4906 τοῦ
2986 4852 3136 4906 Θεοῦ
3165 4852 3264 4906 καὶ
3309 4851 3458 4906 Θεὸν
3485 4850 3708 4920 ἀληθῆο

2112 4945 2500 5002 εὐλαϐεῖσθαι
2523 4945 2593 5000 δὲ
2612 4945 2712 5000 καί
2743 4944 2959 5015 ὑμνεῖν
2987 4943 3180 4999 αὐτοῦ
3207 4945 3307 4999 καὶ
3341 4945 3456 5013 τὴν
3483 4944 3705 5014 ἐνσαρ-

2113 5057 2225 5095 κον
2253 5041 2639 5110 οἰκονομίαν,
2691 5039 2810 5108 τὴν
2845 5039 2914 5094 ἐκ
2951 5039 3262 5107 Παρθένου
3297 5038 3448 5108 φημὶ
3493 5037 3710 5108 γέννης

2113 5150 2239 5199 σιν,
2269 5132 2386 5203 τὴν
2419 5133 2495 5188 δι’
2517 5131 2688 5204 ἡμῶν
2708 5173 2723 5200 ,
2754 5133 2825 5188 ἐν
2855 5130 3001 5202 ὑμῖν
3039 5129 3158 5200 ἤδη
3193 5131 3574 5202 πλατύτερον
3605 5146 3705 5186 κε-

2121 5445 2414 5503 exsistant.

2197 5516 2312 5587 (51)
2343 5512 2676 5582 Θεοτελοῦς
2701 5512 2999 5587 πράξεως.
3026 5511 3216 5581 Quasi,
3237 5513 3559 5587 φασι-είἰυὶηο
3591 5529 3678 5587 mu

2125 5582 2250 5641 nere
2270 5587 2780 5640 consummationem
2797 5584 2990 5640 habeat
3023 5601 3040 5638 :
3065 5599 3189 5653 qua:
3217 5582 3322 5639 vox
3352 5582 3558 5639 Nicetis
3597 5584 3706 5638 fre-

2121 5672 2324 5726 quens,
2360 5657 2484 5726 ipsa
2512 5655 2736 5726 elegans
2759 5664 2816 5709 et
2858 5653 3170 5726 theologica
3204 5671 3217 5706 :
3248 5663 3315 5726 u_t_
3365 5663 3423 5710 et
3450 5670 3574 5724 qua:
3619 5665 3703 5726 se-

2121 5721 2336 5798 quitur,
2368 5721 3318 5798 Snepua66;_bewplac._Huiusmodi
3364 5721 3692 5798 contempla-

2125 5793 2222 5863 tio,
2257 5812 2380 5868 quae
2403 5793 2625 5851 omnem
2649 5795 2835 5852 vincat
2872 5793 3012 5849 lucis
3045 5793 3338 5866 fulgorem.
