4094 6438
370 433 479 501 161

1098 433 1384 499 ORATIO
1418 432 1585 498 VIII.
1615 431 1794 495 -ΙΝ
1832 431 2150 494 LAUDEM
2189 432 2251 494 S.
2287 433 2549 496 JACOBI
2586 434 2910 496 ALPHIEI.

3589 432 3692 500 162

374 548 798 620 νηρυτμένην·
844 549 944 603 καὶ
975 547 1094 618 τὴν
1123 549 1474 617 σταύρωσιν
1509 544 1855 616 ὁμολογεῖν,
1884 543 1984 599 καὶ

2095 561 2296 601 crucem
2320 545 2702 615 conﬁtendam,
2726 548 3273 617 resurrectionemque
3302 544 3550 601 laudibus
3561 563 3697 619 pro.

373 640 493 708 τὴν
529 638 881 695 ἀνάστασιν
905 636 1262 708 δοξολοτεῒν
1279 679 1294 703 ,
1340 636 1439 690 καί
1490 634 1608 703 τὴν
1656 632 1976 701 ἀνάληψιν

375 732 776 806 προσκυνεῖν,
819 732 902 799 ὠς
934 729 1046 800 τῆς
1080 730 1269 800 ἄκρας
1300 726 1488 782 αὐτοῦ
1524 725 1982 796 φιλανθρωπίας

374 829 480 883 καὶ
515 826 829 896 δυνάμεως
859 826 1264 897 γνωρίσματα·
1285 823 1367 889 ὡς
1395 820 1697 888 σωτηρίας
1724 816 1847 890 μὲν
1883 816 1989 872 καὶ

392 919 552 989 ζωῆς
598 918 846 973 αίωνίου
901 916 1171 986 πρόξενα
1209 912 1337 981 τοῖς
1378 913 1451 967 ἐν
1481 912 1683 966 πίστει
1732 908 1987 965 καταδε-

372 1013 668 1084 χομένοις
687 1026 702 1041 ·
746 1009 1160 1078 κατακρίσεως
1219 1004 1292 1060 δὲ
1342 1004 1446 1059 καὶ
1500 1001 1814 1070 κολάσεως
1858 999 1986 1069 τοῖς

373 1106 668 1171 ἀπίστοις
696 1101 1103 1174 γενησόμενα.

404 1268 407 1271 ν
449 1195 815 1269 Παρὴγγελλε
843 1193 901 1247 δὲ
937 1191 1139 1265 μηκέτι
1167 1191 1280 1245 τῶν
1310 1189 1466 1256 ζώων
1495 1188 1562 1242 τὰ
1606 1184 1862 1258 εὐπρεπῆ
1891 1183 1981 1239 δόι-

376 1290 551 1357 ξαντα
601 1289 890 1343 θεοποιεῖν·
934 1283 1210 1356 κτηνῶδες
1238 1284 1349 1354 γὰρ
1381 1281 1476 1335 καὶ
1516 1280 1711 1349 ἄλογον
1741 1276 1941 1348 κομιδῇ
1967 1291 1987 1313 ·

379 1381 513 1453 μηδ’
550 1379 784 1450 ἀψύχοις
848 1379 1088 1450 μορφαῖς
1139 1375 1276 1440 ὅλως
1325 1372 1630 1445 ἀνθρώπων
1686 1371 1721 1443 ἢ
1773 1369 1984 1441 θηρίων

373 1475 679 1548 προσέχειν
723 1473 817 1526 τὸν
876 1470 1034 1525 νοῦν·
1095 1467 1428 1539 ἀναίσθητον
1479 1467 1590 1538 γὰρ
1627 1464 1724 1518 καὶ
1777 1461 1986 1533 σφόδρα

373 1567 650 1639 θηριῶδές
682 1582 744 1619 τε
783 1565 879 1619 καὶ
922 1562 1091 1634 παχύ’
1129 1560 1267 1615 ἀλλὰ
1316 1559 1455 1631 μηδὲ
1483 1561 1600 1622 τοῖς
1653 1557 1854 1611 πάθεσι
1886 1556 1987 1626 τῆς

371 1660 581 1732 ψυχῆς,
613 1656 903 1729 ἐπιθυμίᾳ,
933 1655 1102 1727 φημὶ,
1120 1652 1219 1708 καὶ
1240 1652 1399 1724 θυμῷ
1417 1650 1852 1725 προστετηκέναι
1886 1664 1991 1701 πε-

374 1755 652 1830 ριπαθῶς·
696 1752 833 1825 μηδὲ
869 1751 938 1805 δι’
980 1748 1291 1821 ὑπερϐολὴν
1351 1744 1688 1817 φιληδονίας,
1716 1745 1833 1806 τοῖς
1878 1740 1990 1795 ἀπὸ

372 1847 484 1918 τῆς
518 1845 651 1917 ὕλης
682 1843 824 1897 αὐτὰ
849 1840 1218 1911 δελεάσμασιν
1250 1832 1326 1901 ὡς
1350 1833 1779 1905 ὑπεκκαύμασιν
1818 1834 1991 1886 ἐκπυ-

2092 639 2441 710 sequendam,
2462 647 2625 703 atque
2645 639 2760 706 eius
2781 640 2839 693 in
2864 638 3048 693 malum
3083 640 3431 709 receptionem
3451 638 3694 694 adoran-

2094 732 2257 798 dam;
2289 740 2551 803 tanquam
2576 732 2829 786 nimirum
2844 747 3066 785 summa:
3085 731 3251 801 ipsius
3274 731 3613 801 benignitatis
3631 747 3696 786 ac

2097 826 2346 897 potentia:
2391 833 2538 879 certa
2575 825 2933 879 documenta:
2977 832 3035 877 ut
3066 822 3172 877 illis
3213 824 3425 894 quidem
3463 825 3552 895 qui
3589 824 3697 893 ﬁde

2096 918 2410 988 suscipiant,
2432 915 2664 971 salutem
2684 916 2954 986 vitamque
2983 914 3257 981 allatura;
3290 923 3490 968 utuero
3520 916 3696 969 incre-

2098 1007 2261 1075 dulis,
2289 1008 2481 1080 judicii
2509 1014 2558 1061 et
2581 1006 3035 1062 condemnationis
3065 1006 3245 1076 futura
3278 1022 3462 1061 causa.

2173 1193 2519 1250 Admonebat
2545 1203 2731 1249 autem
2771 1192 2826 1247 id
2861 1206 3035 1263 genus
3064 1191 3343 1257 animalia,
3380 1206 3503 1262 quae
3528 1191 3696 1247 deco-

2103 1308 2227 1348 rum
2276 1292 2485 1363 aliquid
2531 1308 2597 1347 ac
2638 1291 2944 1346 formosum
2987 1289 3194 1344 habere
3242 1288 3538 1343 videantur
3585 1303 3699 1343 non

2106 1384 2348 1454 amplius
2375 1384 2428 1439 in
2457 1383 2594 1439 deos
2624 1381 3021 1438 consecranda.
3058 1381 3197 1436 Rem
3226 1381 3376 1435 enim
3413 1380 3571 1434 valde
3601 1394 3701 1449 pe-

2103 1471 2323 1527 cuinam
2355 1487 2419 1526 ac
2442 1488 2472 1526 a
2502 1471 2720 1526 ratione
2746 1471 3139 1526 abhorrentem
3163 1485 3304 1525 esse.
3332 1470 3511 1525 Nullis
3537 1485 3698 1539 pror-

2104 1575 2202 1614 sus
2240 1560 2559 1615 inanimatis
2627 1560 2822 1616 formis
2881 1559 3172 1615 hominum
3232 1569 3329 1614 aut
3394 1559 3699 1615 bestiarum

2104 1645 2505 1701 attendendum
2534 1645 2820 1701 animum:
2855 1646 2909 1700 id
2933 1645 3085 1701 enim
3112 1659 3306 1700 eorum
3325 1659 3449 1700 esse
3473 1646 3567 1715 qui
3595 1645 3702 1699 hu-

2102 1736 2390 1793 manitatis
2412 1737 2564 1792 omni
2603 1752 2771 1792 sensu
2805 1744 3055 1802 careant,
3094 1738 3364 1806 valdeque
3393 1752 3461 1792 ex
3489 1721 3695 1792 bestia.-

2104 1844 2229 1883 rum
2256 1828 2446 1884 indole
2472 1842 2857 1897 crassumque.
2892 1827 3038 1895 Quin
3068 1842 3173 1883 nec
3196 1828 3491 1884 aﬂ‘ectibus
3525 1829 3700 1883 animi

376 1908 619 2012 ρόῦντας
648 1936 942 1991 θεοποιεῖν.
996 1908 1235 1987 ’Ᾰτοπον
1275 1929 1386 2003 γὰρ
1410 1928 1509 1982 καὶ
1536 1924 1799 1988 ἐπιεικῶς
1823 1921 1984 1992 Αίγύ-

2099 1920 2120 1995 (
2144 1920 2434 1993 cupiditati
2448 1922 2660 1977 scilicet
2682 1930 2740 1977 et
2766 1921 2864 1977 ira:
2884 1921 2904 1993 )
2927 1921 3227 1976 libidinose
3263 1920 3695 1986 adhaerendum;

374 2049 542 2086 πτιον
573 2032 668 2086 καὶ
721 2031 1023 2103 δαιμόνιον·
1064 2028 1336 2099 Σώφρονι
1388 2024 1460 2079 δὲ
1511 2018 1785 2092 λογισμῷ
1830 2019 1984 2088 πρὸς

372 2122 494 2176 τὸν
537 2125 625 2189 εἰς
651 2122 812 2192 ὑμᾶς
833 2120 1348 2192 εὐαγγελισθέντα
1376 2116 1574 2186 Λόγον
1599 2112 1985 2183 ἀναγόμενοι,

375 2215 485 2269 καὶ
514 2213 596 2280 τῷ
638 2214 830 2269 αὐτοῦ
855 2214 1018 2285 λόγῳ
1045 2212 1146 2268 καὶ
1173 2214 1337 2282 νόμῳ
1371 2207 1763 2278 τυπούμενοι,
1796 2203 1989 2268 οὕτως

376 2300 464 2383 αν
509 2303 622 2374 τῆς
668 2303 1130 2375 ἐπηγγελμένης
1173 2298 1571 2357 ἐπιλαϐέσθαι
1631 2292 1986 2363 δυνήσεσθε

375 2396 555 2465 ζωῆς.
585 2397 657 2452 ἑν
695 2397 933 2466 Χριστῷ
983 2395 1201 2465 Ἰησοῦ.
1245 2391 1454 2464 Ἀμήν.

2095 2030 2202 2072 nec
2234 2015 2692 2096 committendum
2730 2026 2790 2070 ut
2813 2014 3064 2071 libidinis
3088 2015 3700 2085 exsuperantia,terre-

2094 2105 2184 2161 nis
2228 2106 2507 2161 illecebris
2550 2115 2810 2177 tanquam
2857 2106 3156 2162 ineentivis
3198 2121 3497 2162 succensos
3543 2108 3698 2179 ejus-

2096 2198 2247 2254 modi
2296 2198 2528 2254 atl'ectus
2584 2213 2650 2253 ac
2699 2198 3173 2268 perturbationes,
3221 2198 3358 2254 deos
3396 2199 3693 2254 faciamus.

2094 2292 2312 2364 Quippe
2341 2307 2458 2349 rem
2496 2291 2795 2348 absurdam
2817 2298 2875 2348 et
2901 2292 3064 2362 plane
3088 2284 3466 2364 «Egyptiacam
3489 2292 3696 2347 daemo-

2094 2397 2342 2455 numque
2390 2382 2712 2453 propriam;
2759 2382 2853 2436 sed
2900 2381 3029 2436 dum
3073 2382 3249 2437 sobrio
3285 2383 3476 2437 mentis
3516 2398 3699 2450 sensu,

375 2494 585 2558 aiebat,
628 2492 700 2547 ad
725 2509 846 2547 eum
868 2493 958 2564 qui
980 2493 1051 2547 ad
1111 2507 1201 2548 vos
1231 2492 1553 2563 praedicatus
1582 2498 1680 2557 est,
1749 2487 2058 2577 Sermonem
2095 2484 2328 2550 subvehi,
2370 2482 2620 2554 illiusque
2656 2483 2901 2538 doctrina
2940 2500 3005 2539 ac
3048 2483 3161 2555 lege
3197 2482 3362 2537 imbui
3399 2484 3699 2558 contigerit,

375 2587 545 2640 uitam
576 2585 897 2656 promissam
940 2584 1176 2638 nancisci
1231 2583 1423 2656 licebit,
1469 2584 1527 2636 in
1562 2580 1775 2638 Christo
1811 2580 1958 2636 Iesu.
1995 2578 2186 2635 Amen.

450 2654 745 2738 Τοιαῦταις
782 2674 894 2727 τῶν
927 2672 1103 2743 λόγων
1130 2654 1372 2745 ὁμιλίαις
1402 2673 1431 2727 ὁ
1478 2673 1990 2743 ἀξιοθαυμαστότα-

377 2785 473 2834 τος
502 2767 795 2839 ἄνθρωπος
816 2764 1204 2839 ὲμφιλοσοφῶν
1235 2765 1330 2819 τοῦ
1367 2764 1567 2837 Ἰησοῦ,
1600 2764 1700 2819 καὶ
1716 2764 1811 2818 ἐπὶ
1842 2764 1980 2818 πολὺ

379 2860 655 2932 στηρίζων
700 2861 832 2924 τοὺς
862 2858 1227 2930 παρεστῶτας
1273 2859 1383 2913 ἀπὸ
1438 2858 1533 2912 τοῦ
1581 2858 1846 2930 σταυροῦ,
1888 2855 1981 2911 ἐπ’

2168 2669 2520 2742 Ejuseemodi
2574 2667 3012 2725 fabulationibus
3044 2710 3061 2734 ,
3106 2667 3275 2724 homo
3324 2667 3489 2732 Jesu,
3522 2666 3701 2722 admi-

2091 2761 2307 2817 ratione
2360 2761 2718 2833 dignissimus
2753 2761 3019 2832 praeclare
3045 2759 3470 2831 philosOphans,
3527 2761 3696 2830 inque

2085 2851 2281 2925 longas
2326 2852 2494 2908 horas
2544 2861 2841 2908 astantese
2888 2867 3054 2907 cruce
3094 2852 3463 2919 conﬁrmans;
3513 2861 3688 2923 atque

374 2953 531 3024 αὐτῷ
577 2951 680 3024 μὲν
711 2951 1066 3024 ἀνιωμένους,
1104 2952 1229 3015 ταῖς
1281 2950 1671 3022 ὲμφιλοσόφοις
1713 2965 1979 3020 παραμυ-

2095 2959 2178 3001 eos
2208 2945 2453 3016 quidem,
2484 2960 2626 3016 quos
2654 2944 2886 3000 moleste
2914 2944 3155 2999 habebat
3185 2946 3264 3000 tui
3286 2945 3403 3000 haec
3417 2944 3677 3016 supplicii

377 3042 645 3113 θούμενος
682 3040 1035 3116 θεηγορίαις·
1064 3041 1179 3095 τῶν
1211 3040 1646 3111 ἐσταυρωκότων
1683 3038 1744 3092 δὲ
1774 3054 1974 3092 κατευ-

379 3136 635 3209 μεγεθῶν
673 3136 753 3200 ὡς
792 3136 1139 3211 εὐεργετεῖν,
1160 3133 1365 3189 ἀλλὀὐ
1409 3130 1732 3203 δυναμένων
1760 3130 1977 3188 λυπεῖν.

2086 3035 2419 3102 immanitas,
2479 3034 2908 3107 sapientissimis
2961 3036 3165 3092 divinis
3202 3036 3697 3108 przedicationibus

2090 3127 2384 3184 consolans
2406 3169 2423 3193 ,
2465 3142 2564 3183 eos
2585 3143 2719 3183 vero
2751 3126 2847 3198 qui
2876 3126 2933 3182 in
2959 3143 3184 3182 crucem
3213 3129 3556 3183 sustulerant
3580 3144 3699 3184 ma-

377 3227 538 3293 Εῐτα,
571 3229 682 3284 τῶν
722 3228 824 3299 μὲν
848 3226 1415 3299 ἀποσιωπησάμενος,
1448 3223 1633 3296 ἡσυχῆ
1664 3223 1723 3278 δὲ
1753 3222 1833 3294 τῷ
1870 3224 1984 3278 Κυ-

2095 3217 2383 3290 gnitudine
2417 3219 2591 3276 animi
2628 3234 2916 3289 superans,
2958 3228 3223 3290 tanquam
3260 3221 3351 3290 qui
3387 3220 3694 3288 demereri,

380 3321 485 3395 ρίῳ
521 3318 1041 3391 ἐξομολογούμενος,
1079 3317 1366 3390 ὲξεδήμεις
1420 3316 1522 3389 μὲν
1575 3314 1839 3381 ἑπιδόξως
1880 3313 1978 3370 τοῦ

380 3413 660 3484 σώματος,
684 3413 785 3468 καὶ
813 3412 961 3486 μάλα
1001 3411 1294 3484 προσηνῶς
1319 3410 1417 3467 καὶ
1445 3410 1618 3483 ἡδέως
1667 3409 1980 3481 ἀπολυόμε-

381 3523 492 3572 νος·
518 3507 807 3578 ὲνεδήμεις
834 3506 894 3560 δὲ
940 3506 999 3560 ὲν
1030 3505 1184 3576 τόπῳ
1213 3503 1426 3575 σκηνῆς
1475 3502 1837 3574 θαυμαστῆς,
1874 3500 1983 3566 ἕως

377 3600 476 3656 τοῦ
502 3601 657 3654 οἴκου
691 3599 787 3654 τοῦ
826 3597 986 3654 Θεοῦ·
1017 3598 1115 3652 καὶ
1163 3598 1224 3651 ἐν
1253 3596 1408 3668 φωνῇ
1435 3595 1816 3665 ἀγαλλιάσεως
1843 3594 1979 3666 ἤχου

379 3692 772 3763 ἑορταζόντων,
806 3695 945 3766 πρὸς
981 3693 1074 3749 τὸν
1122 3693 1466 3765 ὕπερουσίως
1521 3691 1980 3762 ἀναλαμϐανόμε⁴

380 3785 474 3839 νόν
534 3802 595 3838 σε
640 3788 783 3857 μετὰ
816 3787 992 3858 χαρᾶς
1027 3784 1401 3858 ἁνεκλαλήτου
1452 3786 1549 3841 καὶ
1587 3782 1986 3856 δεδοξασμένης

379 3875 636 3947 εἰσῆλθες
667 3877 927 3948 Χριστόν.

450 4137 632 4211 Χαῖρε
658 4138 863 4207 τοίνυν,
893 4135 943 4197 ὣ
987 4142 1175 4215 μάκαρ
1224 4142 1451 4201 Ἰάκωϐε
1469 4182 1486 4209 ,
1518 4144 1616 4203 καὶ
1646 4143 1839 4216 ἄριστε
1885 4141 1982 4199 τοῦ

380 4231 560 4303 Λόγου
585 4233 682 4287 καὶ
713 4233 930 4308 ἀοίδιμε
981 4237 1225 4308 μαθητά.
1257 4238 1372 4293 Καὶ
1408 4239 1519 4312 γὰρ
1548 4237 1763 4310 χαίρεις
1790 4237 1983 4304 ὅντως,

2092 3323 2205 3365 non
2230 3308 2447 3382 injuriae
2496 3310 2707 3382 aliquid
2755 3319 2852 3366 aut
2878 3310 3144 3366 molestiae
3185 3310 3389 3367 inferre
3430 3320 3693 3382 possent:

2092 3408 2323 3471 tumque
2358 3401 2429 3456 ab
2470 3401 2715 3457 humano
2759 3416 2983 3457 cessans
3028 3401 3328 3472 colloquio,
3364 3417 3430 3457 ac
3468 3401 3699 3457 silentio

2091 3494 2327 3550 Domino
2355 3494 2646 3560 conﬁtens,
2692 3493 3000 3550 excedebas
3035 3493 3275 3565 gloriose
3306 3509 3337 3548 e
3368 3509 3601 3566 corpore
3625 3495 3698 3562 θ’,

2094 3586 2253 3642 valde
2282 3587 2500 3659 placida
2525 3599 2691 3658 atque
2730 3587 2877 3643 dulci
2909 3588 3272 3654 resolutione,
3306 3587 3475 3659 inque
3503 3588 3693 3643 locum

2092 3679 2437 3736 tabernaculi
2465 3680 2805 3736 admirabilis
2834 3680 3255 3753 commigrabas,
3284 3696 3460 3751 usque
3490 3681 3559 3735 ad
3586 3681 3694 3736 do-

2093 3788 2244 3827 mum
2264 3772 2361 3828 Dei
2382 3773 2446 3805 ⁶⁸“
2469 3789 2485 3828 :
2508 3782 2673 3842 atque
2700 3772 2755 3827 in
2776 3787 2913 3827 voce
2933 3772 3322 3828 exsultationis
3344 3774 3466 3828 soni
3488 3773 3692 3829 festum

2092 3866 2398 3936 agentium,
2429 3863 2499 3919 ad
2520 3879 2648 3918 eum
2677 3864 2774 3935 qui
2796 3865 2999 3919 eximia
3026 3864 3264 3935 quadam
3294 3866 3507 3921 ratione
3535 3881 3694 3921 assu-

2091 3964 2289 4020 meret,
2346 3971 2473 4011 cum
2522 3955 2882 4011 inenarrabili
2928 3964 2988 4011 et
3017 3955 3327 4027 gloriﬁcato
3373 3957 3576 4028 gaudio
3619 3958 3689 4013 ad

2087 4046 2371 4105 Christum
2392 4046 2675 4119 ingressus
2703 4062 2765 4103 es
2798 4048 2865 4102 “.

2163 4140 2326 4197 Salve
2362 4138 2530 4211 igitur
2563 4155 2629 4195 ac
2665 4140 2843 4212 gaude
2865 4181 2880 4206 ,
2916 4140 3082 4196 beate
3114 4139 3344 4208 Jacobe,
3377 4143 3690 4213 praestanti-

2090 4232 2229 4290 sime
2277 4233 2486 4304 pariter
2526 4241 2693 4304 atque
2739 4232 2941 4305 inclyte
2984 4232 3152 4289 Verbi
3183 4233 3475 4304 discipule.
3524 4234 3693 4291 Plane

379 4326 461 4391 ὡς
489 4327 593 4398 τῆς
619 4327 910 4402 ἀδιαδὸχου
950 4331 1050 4385 καὶ
1090 4331 1357 4402 ἀληθινῆς
1385 4334 1482 4387 καὶ
1512 4330 1790 4403 μυστικῆς
1820 4329 1984 4400 ἔκγο-

2095 4325 2294 4382 etenim
2340 4324 2568 4396 gaudes,
2629 4337 2893 4398 tanquam
2961 4325 3291 4381 immortalis
3341 4327 3571 4398 verique
3625 4342 3702 4384 ac.

380 4422 476 4480 νος
495 4419 692 4490 χαρᾶς·
722 4418 797 4484 ὡς
831 4420 943 4475 τῶν
972 4420 1152 4492 ἔργων
1188 4420 1333 4475 Θεοῦ
1362 4421 1458 4477 καὶ
1502 4421 1681 4491 λόγων
1726 4422 1984 4493 ίεροφάν-

2090 4416 2310 4487 mystici
2326 4416 2513 4488 gaudii
2538 4418 2744 4487 proles,
2775 4425 3038 4487 tanquam
3068 4416 3166 4472 Dei
3206 4431 3439 4487 operum
3478 4434 3693 4474 sermo-

379 4525 509 4582 της,
534 4510 631 4565 καὶ
684 4512 971 4585 ίερουργδς
1009 4514 1107 4568 καὶ
1137 4513 1527 4584 μυσταγωγός·
1560 4513 1638 4577 ὡς
1667 4515 1767 4586 τῆς
1794 4513 1984 4585 τιμίας

2095 4522 2339 4579 numque
2382 4523 2540 4563 sacer
2586 4508 2884 4579 interpres,
2934 4509 3301 4579 ministerque
3348 4525 3413 4567 ac
3461 4509 3701 4579 doctor;

519 4603 677 4675 ἱερᾶς
721 4570 818 4659 διαὶ
838 4570 1069 4677 ’σεπτῆς
1419 4570 1550 4661 ’τιῦν

2095 4606 2354 4670 tanquam
2387 4600 2484 4671 qui
2523 4600 2903 4657 venerabilem
2936 4610 2996 4656 et
3026 4616 3247 4657 sacrum
3280 4601 3701 4673 colendumque

382 4692 594 4749 στόλων
629 4711 695 4751 συ
702 4696 855 4769 μπλη
864 4698 1066 4769 ρωτής.

455 4875 657 4948 Χαῖρε,
687 4876 795 4946 ὅτι,
815 4878 931 4943 υίὸς
961 4877 1040 4934 ὦν
1081 4877 1397 4951 ἀνθρώπου,
1421 4880 1518 4935 καὶ
1575 4879 1693 4945 υἱὸς
1721 4877 1859 4935 Θεοῦ
1884 4879 1987 4936 οὐκ

381 4967 621 5023 ἀκοῦσαι
668 4969 854 5038 μόνον,
885 4970 1025 5027 ἀλλὰ
1069 4973 1168 5026 καὶ
1221 4972 1482 5041 γενέσθαι
1523 4971 1865 5043 κατηξίωσαι
1881 4988 1895 5004 ·
1924 4971 1988 5026 τὸ

387 5059 493 5133 μὲν
524 5060 709 5132 φύσει,
768 5063 830 5117 τὸ
883 5063 941 5117 δὲ
971 5063 1144 5119 θέσει·
1178 5065 1276 5119 καὶ
1301 5065 1364 5119 τὸ
1398 5065 1520 5137 μὲν,
1549 5065 1696 5120 κατὰ
1722 5065 1824 5137 τὴν
1848 5064 1987 5136 πρὸς

382 5153 601 5218 πάντας
638 5154 965 5226 ἀνθρώπους
997 5157 1319 5229 ὁμοιότητα,
1345 5157 1408 5212 τὸ
1433 5158 1492 5212 δὲ
1521 5156 1819 5229 ἐξαίρετον,
1845 5160 1989 5231 μετὰ

384 5247 501 5302 τῶν
529 5249 856 5321 ὐπερτάτων
885 5251 983 5306 τοῦ
1014 5253 1191 5321 Λόγου
1234 5253 1611 5326 κληρούμενος
1635 5254 1877 5315 ὀπαδῶν.

462 5430 663 5502 Χαῖρε,
692 5430 952 5504 ἄνθρωπε
1002 5431 1099 5488 τοῦ
1133 5431 1294 5490 Θεοῦ.
1336 5434 1407 5488 Σὲ
1435 5433 1565 5506 γὰρ,
1591 5433 1779 5498 καθὼς
1817 5435 1848 5490 ό
1888 5452 1988 5507 με·

389 5522 843 5594 γαλοφωνότατος
892 5526 1124 5589 Ἡσαΐας
1172 5527 1370 5597 φησὶν,
1423 5528 1539 5590 τοῖς
1588 5527 1917 5596 Αἰγυπτίοις
1956 5528 1987 5581 ό

394 5614 605 5687 Κύριος
660 5617 1070 5686 δξαποστὲλλει,
1133 5617 1216 5689 Τῇ
1243 5618 1458 5691 ἡμέρᾳ,
1500 5619 1698 5690 λέγων,
1748 5620 1983 5691 ἐκείνῃ,

386 5707 568 5765 ἕσται
611 5710 1055 5781 θυσιαστήριον
1107 5710 1192 5778 τῷ
1233 5712 1430 5780 Κυρίῳ
1485 5711 1556 5766 ἐν
1598 5713 1763 5782 χώρᾳ
1812 5713 1987 5784 Δίγυ-

471 5888 520 5923 ⁶⁸
542 5887 591 5945 υ
614 5887 743 5948 Cor.
766 5906 823 5960 ν,
858 5891 912 5949 8.
979 5891 1047 5927 ⁸⁸⁶
1071 5890 1215 5948 Psal.
1241 5906 1349 5959 xu,
1376 5891 1429 5949 5.
1506 5891 1552 5929 “
1574 5891 1594 5949 Ι
1617 5891 1765 5950 Petr.
1796 5891 1854 5958 i,
1873 5890 1930 5948 8.

2087 4692 2369 4761 compleas
2438 4691 2848 4749 duodenarium
2903 4693 3237 4750 sublimium
3311 4697 3701 4766 apostolorum

2089 4782 2349 4837 chorum.

2159 4874 2348 4931 Gaude
2390 4875 2576 4947 quod,
2624 4893 2750 4934 cum
2788 4878 2965 4935 Filius
2992 4877 3237 4935 hominis
3273 4894 3446 4948 esses,
3483 4881 3692 4937 nedum

2092 4976 2154 5025 ut
2178 4969 2402 5026 audires
2432 4970 2528 5027 Dei
2551 4970 2746 5036 Filius,
2789 4972 2888 5028 sed
2927 4980 2988 5027 ut
3014 4971 3184 5027 etiam
3213 4970 3513 5028 edicercris
3553 4988 3699 5029 con-

2090 5071 2320 5118 secutus
2344 5078 2434 5129 es;
2464 5063 2702 5119 alterum
2729 5064 2976 5135 quidem,
3011 5072 3239 5132 natura;
3266 5064 3501 5120 alterum
3533 5081 3698 5133 vero,

2090 5155 2282 5225 gratia:
2310 5170 2578 5211 munere:
2605 5166 2771 5227 atque
2796 5156 3052 5223 alterum,
3085 5171 3194 5228 qua
3216 5159 3434 5213 cunctis
3459 5159 3699 5229 perinde

2090 5247 2415 5305 hominibus
2444 5249 2645 5306 similis
2667 5265 2764 5317 es;
2795 5250 3032 5306 alterum
3059 5264 3187 5305 cum
3207 5252 3486 5327 supremis
3498 5260 3702 5307 nactus

2090 5340 2260 5399 Verbi
2282 5341 2577 5414 discipulis
2600 5358 2667 5400 ac
2693 5344 3091 5399 sectatoribus.

2160 5432 2277 5490 Ave
2326 5434 2425 5500 sis,
2472 5433 2640 5490 homo
2694 5434 2813 5490 Dei.
2859 5434 2938 5489 Te
3003 5433 3154 5490 enim
3218 5428 3698 5504 quemadmodum

2090 5525 2477 5582 vocalissimus
2510 5526 2906 5599 praphetarum
2933 5526 3103 5582 Isaias
3130 5526 3228 5591 ait,
3254 5522 3520 5579 Dominus
3536 5520 3701 5594 [Egy-

2090 5617 2225 5688 ptiis
2249 5617 2441 5673 mittit.
2472 5618 2541 5673 In
2567 5620 2654 5674 die
2671 5616 2773 5674 illa
2794 5656 2810 5684 ,
2842 5617 3046 5688 inquit,
3067 5618 3169 5673 erit
3192 5615 3370 5671 altare
3390 5612 3613 5669 Domino
3634 5615 3703 5670 in

2090 5711 2305 5785 regione
2332 5710 2582 5786 zEgypti,
2604 5722 2656 5768 et
2684 5713 2855 5768 mittet
2888 5712 2962 5768 eis
2988 5710 3247 5769 Dominus
3272 5710 3539 5767 hominem
3563 5750 3578 5775 ,
3601 5708 3703 5784 qui
