4094 6408
471 410 578 478 16Ἷ

1676 401 1976 469 NICET/E
2013 398 2547 462 PAPHLAGONIS

3659 398 3761 463 168

470 521 650 595 palam
682 518 1115 590 designaverunt
1135 515 1338 582 fontes,
1369 513 1440 570 ad
1479 528 1624 584 quos
1650 513 1867 584 pridem
1905 510 2060 565 Israel

2178 507 2366 578 σαφῶς
2396 508 2453 561 αἱ
2483 505 2628 561 κατὰ
2662 506 2764 574 τὴν
2807 507 3017 576 ἔρημον
3040 503 3252 560 δώδεκα
3286 501 3621 578 προετύιιουν
3663 526 3749 580 πη

466 620 885 668 castrametatus
905 620 1010 676 est,
1033 626 1159 666 cum
1182 609 1524 665 Pharaonem
1543 615 1715 676 atque
1770 603 2064 674 ngyptum

464 703 788 776 fugisset“.
808 703 918 758 ﬂos
940 718 1162 772 quoque
1183 699 1590 756 Israelisfontes
1614 699 1791 752 dictos
1808 696 2070 760 arbitror,

466 813 535 853 ex
571 795 778 865 quibus
815 796 872 849 in
901 794 1164 848 Ecclesiis
1190 794 1364 847 Deum
1395 789 1727 846 benedicere
1748 788 1908 859 jubet
1930 787 2063 842 bea-

468 896 556 942 tus
585 887 754 942 David
804 887 872 941 ".
909 886 1086 941 Nullis
1117 884 1269 940 enim
1296 882 1483 938 verbis
1515 880 1828 951 cxplicabili
1863 879 2066 934 mentis

467 978 762 1033 altitudine
802 994 865 1033 ac
887 979 1212 1048 capacitate,
1239 976 1305 1030 ad
1329 974 1611 1028 fontanum
1631 972 1810 1041 ipsum
1827 970 2065 1026 unicuu-

467 1080 577 1134 que
607 1065 939 1134 spiritalium
969 1079 1234 1133 aquarum
1264 1059 1596 1132 principium
1623 1057 1869 1123 deducti,
1906 1057 2064 1112 inde-

467 1170 576 1224 que
594 1155 798 1226 jugiter
827 1155 883 1209 in
924 1170 1021 1209 eos
1061 1167 1290 1207 manans
1325 1148 1736 1205 illuminatricis
1767 1147 2059 1218 theologia:

469 1247 740 1302 ﬂuentum
770 1246 1157 1316 suscipientes,
1185 1253 1350 1312 atque
1381 1255 1449 1297 eo
1477 1240 1685 1295 affatim
1716 1238 1934 1310 repleti,
1966 1239 2060 1310 ju-

471 1353 594 1407 gcm
632 1337 893 1391 omnibus
921 1334 1240 1391 sitientibus
1270 1332 1609 1402 uberemque
1641 1331 1911 1386 medelam
1939 1345 2061 1385 sca-

470 1429 710 1483 turiunt.

539 1521 617 1574 Ad
641 1521 776 1574 tales
799 1519 964 1590 igitur
987 1519 1166 1574 fontes
1187 1532 1456 1588 aquarum
1477 1515 1757 1571 desiderio
1789 1514 2056 1582 feramur,

467 1625 868 1680 cervorumque
897 1611 954 1664 in
982 1625 1196 1664 morem
1224 1607 1515 1663 ardentius
1552 1607 1823 1662 siticulosi
1841 1607 2058 1661 huncce

463 1701 680 1756 laticem
706 1702 962 1756 ineuntes
976 1710 1140 1772 atque
1154 1700 1354 1772 gaudio
1369 1700 1791 1763 haurientes”,
1805 1706 2054 1754 nostrum

462 1811 529 1850 ex
561 1795 671 1850 illis
689 1794 1022 1850 desiderium
1053 1791 1383 1863 impleamus
1414 1794 1481 1846 ".
1508 1793 1587 1848 Ne
1615 1802 1795 1847 tamen
1830 1791 2060 1862 ingratis

2181 602 2298 669 γαί,
2331 594 2417 664 αἶς
2474 603 2504 653 ό
2551 597 2764 668 Ἰσραὴλ
2794 599 2962 652 πάλαι
2994 596 3199 667 Φαραὼ
3242 599 3339 651 καὶ
3364 597 3464 668 τὴν
3493 599 3766 667 Αιγυπτον

2178 692 2552 762 παρενέϐαλεν
2590 688 2866 759 ἐκφυγών.
2898 688 3136 753 Τούτους
3176 690 3422 760 ἡγοῦμαι
3450 689 3546 744 καὶ
3582 691 3766 761 πηγὰς

2178 781 2434 852 εἰρῆσθαι
2459 779 2555 834 τοῦ
2593 779 2832 851 Ἰσραὴλ,
2863 778 2923 844 ἐξ
2950 771 3025 832 ὧν
3063 778 3122 832 ὲν
3173 777 3497 849 ἐκκλησίαις
3525 779 3765 848 εὐλογεῖν

2175 875 2271 928 τὸν
2302 874 2459 938 Θεὸν,
2511 874 2540 926 ό
2575 873 2861 943 ,μακάριος
2889 872 3193 940 προτρέπει
3233 871 3423 925 Δαϐίδ.
3472 871 3765 942 Ἀφράστῳ

2176 967 2286 1038 γὰρ
2315 966 2553 1029 διανοίας
2583 964 2758 1035 βάθει,
2796 967 2935 1036 πρὸς
2962 962 3138 1036 αὐτὴν
3162 963 3276 1016 τῶν
3321 964 3529 1034 νοητῶν
3558 964 3766 1018 ὑδάτων

2173 1059 2274 1128 τὴν
2306 1057 2546 1128 πηγαίαν
2587 1057 2681 1110 καὶ
2731 1055 2863 1127 μίαν
2909 1055 3087 1128 ἀρχὴν
3125 1055 3596 1125 ἀναστομούμενοι
3632 1057 3766 1126 Χρι-

2177 1151 2322 1217 στὸν,
2362 1149 2618 1204 κάκεῖθεν
2656 1147 3029 1212 ἀνεκλείπτως
3053 1148 3116 1201 τὸ
3152 1149 3252 1217 τῆς
3282 1149 3619 1219 φωτιστικῆς
3644 1149 3764 1202 θεο-

2171 1242 2358 1311 λογίας
2389 1242 2606 1313 ρεῖθρον
2632 1239 2719 1294 ἐπ’
2745 1239 2945 1303 αὐτοὺς
2976 1239 3054 1292 ίδν
3079 1239 3470 1309 ὑποδεχόμενοι
3500 1240 3596 1293 καὶ
3623 1240 3765 1310 πλη-

2175 1338 2452 1410 ρούμενοι,
2495 1336 2720 1391 ἀένναόν
2769 1353 2831 1388 τε
2881 1337 3017 1390 πᾶσι
3073 1337 3170 1389 καὶ
3201 1334 3436 1404 ἄφθονον
3485 1335 3627 1405 ἴαμα
3652 1337 3764 1399 τοῖς

2171 1431 2401 1501 διψῶσιν
2423 1429 2840 1494 ἀναϐλύζουσιν.

2245 1519 2457 1574 Οὐκοῦν
2495 1518 2925 1588 δπιποθήσωμεν
2954 1518 3047 1571 ἐπὶ
3078 1517 3177 1582 τὰς
3207 1518 3468 1582 τοιαύτας
3499 1517 3611 1572 τῶν
3636 1516 3761 1571 ὑδά-

2170 1627 2280 1665 των
2313 1609 2518 1680 πηγὰς,
2545 1610 2640 1664 καὶ
2667 1611 2808 1665 κατά
2835 1612 2933 1682 τάις
2955 1612 3206 1681 ἐλάφους,
3223 1611 3526 1682 διψητικῶς
3554 1610 3762 1681 σφόδρα

2169 1701 2328 1756 τοῦτο
2377 1702 2440 1754 τὸ
2495 1701 2648 1771 νάμα
2704 1703 3018 1772 μετιόντες,
3072 1702 3170 1756 καὶ
3233 1703 3352 1771 μετ’
3412 1700 3760 1771 εὐφροσύνης

2171 1791 2591 1858 ἀπαντλοῦντες,
2640 1791 2703 1858 ἐξ
2749 1791 2916 1846 αὐτοῦ
2944 1792 3044 1862 τὴν
3075 1792 3232 1862 ἡμῶν
3263 1790 3759 1860 ἀποπληρώσωμεν

465 1885 724 1940 moribus
759 1900 823 1939 ac
855 1885 1151 1939 brutorum
1189 1883 1419 1948 similes,
1457 1883 1682 1954 ingenui
1713 1881 1880 1937 animi
1915 1881 2060 1936 nulla

2170 1883 2489 1954 ἐπιθυμίαν.
2535 1856 2698 1937 Ἀλλά
2743 1883 2821 1955 μὴ
2863 1856 3176 1952 ἀχαρίστως
3203 1883 3303 1951 τῆς
3331 1856 3542 1952 δωρεάς
3566 1921 3582 1946 ,
3621 1856 3758 1952 μηδὲ

470 1975 750 2046 probitate
785 1975 990 2029 donum
1023 1973 1294 2043 ejusmodi
1325 1983 1492 2043 atque
1521 1973 1852 2028 beneﬁcium
1884 1987 2070 2027 suma-

462 2081 589 2120 mus
615 2082 628 2118 :
646 2067 740 2120 sed
767 2066 962 2136 repleti
981 2081 1121 2136 aqua
1141 2066 1265 2119 viva
1282 2067 1369 2131 7",
1388 2065 1664 2120 viventem
1679 2064 1910 2119 hostiam
1931 2079 2062 2118 san-

462 2166 630 2221 ctam,
673 2157 1000 2212 rationabile
1045 2156 1375 2227 obsequium
1420 2164 1697 2223 nostrum,
1726 2156 1954 2210 honoris
1983 2155 2054 2209 ti-

477 2249 593 2302 tulo
616 2248 692 2302 illi
723 2247 1188 2317 rependamus";
1223 2261 1421 2317 nempe
1444 2247 1706 2302 continue
1729 2246 1890 2316 (quos
1921 2244 2058 2314 dixi)

468 2340 666 2394 vitales
698 2339 1077 2394 benedicendo
1107 2340 1323 2406 fontes;
1348 2356 1413 2395 ac
1436 2356 1535 2411 per
1559 2341 1705 2404 illos,
1729 2340 1798 2394 ad
1824 2340 2063 2395 divinis-

472 2428 675 2484 simum
717 2429 871 2484 illum
905 2445 1189 2500 unumque
1235 2430 1623 2486 universorum
1675 2430 1906 2497 fontem,
1944 2431 2063 2485 lau-

474 2521 602 2576 dem
632 2521 894 2577 ferentes.

535 2611 740 2667 Natura
760 2613 985 2683 quidem
1004 2615 1274 2670 indivisus
1299 2614 1742 2684 indissectusquc
1800 2614 2060 2669 sacratis-

470 2705 646 2760 simus
674 2704 963 2762 duodenus
984 2708 1361 2778 apostolorum
1391 2707 1634 2764 chorus:
1663 2722 1729 2761 ac
1752 2705 1898 2762 sicut
1921 2721 2066 2762 unus

473 2796 760 2863 Dominus,
784 2815 1002 2868 unaque
1029 2799 1166 2854 ﬁdes
1187 2809 1243 2855 et
1260 2799 1430 2871 gloria
1451 2808 1507 2854 et
1530 2799 1704 2868 gratia
1728 2798 1840 2853 illis
1862 2799 2063 2862 inerat,

465 2887 548 2942 sic
577 2897 635 2942 et
664 2887 763 2958 ipsi
799 2904 966 2942 unum
987 2888 1193 2945 Christi
1226 2905 1429 2960 corpus
1461 2889 1796 2944 exstiterunt
1823 2889 1924 2942 "‘z
1957 2890 2067 2945 sic-

462 2993 570 3048 que
594 2980 758 3034 unius
783 2980 923 3045 laus,
948 2982 1257 3036 communis
1281 2980 1671 3036 universorum
1701 2980 1947 3036 laudatio
1969 2998 2066 3035 cx—

462 3070 646 3136 stitit,
671 3071 1136 3140 quemadmodum
1163 3074 1327 3128 etiam
1353 3072 1546 3128 eadem
1571 3088 1712 3144 pene
1742 3065 1940 3128 omnes
1955 3071 2067 3126 vir-

2166 1972 2372 2038 τρόπον
2415 1971 2648 2040 ἀλόγων,
2677 1972 3011 2042 ἀγνωμόνως
3056 1971 3159 2041 τῆς
3191 1970 3450 2040 τοιαύτης
3475 1970 3759 2040 μετάσχω·

2171 2080 2271 2133 μεν
2293 2063 2616 2132 εὐεργεσίας
2634 2077 2649 2092 ⁸
2696 2062 3071 2134 πληρούμενοι
3117 2062 3175 2114 δὲ
3203 2061 3300 2114 τοῦ
3330 2060 3533 2125 ζῶντος
3565 2059 3759 2122 ὓδατος

2167 2155 2350 2220 ζῶσαν
2405 2157 2598 2210 θυσίαν
2619 2197 2634 2221 ,
2665 2157 2849 2225 ἁγίαν,
2901 2156 3001 2225 τὴν
3031 2155 3258 2224 λογικὴν
3289 2154 3446 2225 ἡμῶν
3473 2153 3752 2225 λατρείαν.

2163 2251 2246 2311 είς
2272 2248 2430 2317 λόγον
2456 2247 2750 2318 ἀποδῶμεν
2778 2248 2974 2318 τιμῆς·
3009 2247 3293 2319 upon-5x51;
3323 2246 3422 2317 μὲν
3477 2245 3576 2308 τὰς
3607 2245 3758 2315 είρη-

2167 2340 2336 2410 μένας
2377 2340 2682 2408 ζωογόνους
2715 2340 3067 2406 εὐλογοῦντες
3110 2340 3326 2410 πηγάς·
3353 2339 3422 2392 δι’
3463 2337 3647 2391 αὐτῶν
3697 2334 3755 2388 δὲ

2162 2433 2265 2503 τὴν
2297 2431 2509 2485 αίνεσιν
2538 2433 2674 2503 πρὸς
2722 2432 2819 2504 τὴν
2854 2431 3320 2502 ζωαρχικωτάτην
3350 2431 3447 2486 καὶ
3478 2431 3610 2502 μίαν
3644 2429 3754 2485 τῶν

2163 2524 2301 2578 ὅλων
2332 2525 2698 2595 ἀναφέροντες
2733 2526 2938 2596 πηγήν.

2261 2615 2594 2685 Ἀδιαίρετος
2628 2616 2730 2685 μὲν
2763 2615 2857 2669 οὖν
2901 2616 3044 2669 κατά
3093 2615 3255 2684 φύσιν
3285 2615 3381 2668 καὶ
3423 2614 3669 2684 ἄτμητος
3717 2616 3751 2686 ἡ

2163 2705 2273 2761 τῶν
2296 2707 2614 2762 ἀποστόλων
2654 2707 2971 2779 πανευαγὴς
3000 2707 3243 2771 δωδεκάς
3265 2724 3280 2739 ο
3314 2708 3409 2761 καὶ
3454 2707 3647 2778 ὥσπερ
3671 2702 3755 2771 εἷς

2165 2800 2392 2871 Κύριος,
2425 2800 2483 2854 ἓν
2515 2799 2764 2871 Πνεῦμα,
2799 2799 2896 2871 μία
2936 2817 2997 2853 τε
3031 2800 3212 2863 πίστις
3250 2799 3347 2853 καὶ
3382 2798 3510 2864 δόξα
3542 2799 3636 2852 καὶ
3658 2799 3757 2870 χά-

2167 2909 2252 2963 ρις
2280 2892 2486 2958 αὐτοῖς,
2528 2892 2704 2956 οὕτως
2745 2892 2804 2945 ἓν
2849 2891 3013 2964 σῶμα
3065 2891 3302 2962 Χριστοῦ
3355 2892 3632 2961 πεφήνασι
3660 2889 3757 2945 καὶ

2163 2984 2340 3051 αὐτοὶ,
2371 2982 2516 3037 οὕτω
2543 2984 2638 3037 καὶ
2661 2985 2690 3037 ό
2715 2983 2812 3037 τοῦ
2855 2984 2974 3046 ἑνὸς
3005 2981 3194 3054 ὕμνος,
3234 2982 3413 3046 κοινὸς
3449 2982 3562 3036 τῶν
3620 2982 3759 3036 ὅλων

2164 3077 2334 3143 ἐστὶν,
2366 3077 2557 3148 ὥσπερ
2599 3079 2634 3149 ἡ
2690 3079 2815 3130 κατ’
2851 3076 3053 3148 ἀρετὴν
3104 3075 3457 3146 εὐδοκίμησις
3498 3075 3757 3129 ἀπάντων

461 3168 578 3217 tute
607 3163 943 3218 claruerunt.
978 3164 1115 3220 Cum
1170 3177 1354 3220 tamen
1384 3166 1656 3237 cujusque
1688 3167 1920 3221 seorsim
1955 3181 2047 3220 sa-

2165 3169 2406 3240 σχεδὸνῆ
2445 3169 2610 3238 αύτή.
2646 3168 2786 3223 Ἀλλ’
2813 3168 2986 3238 ὅμως,
3019 3167 3126 3220 ίδία
3158 3165 3368 3220 τούτων
3400 3165 3634 3220 ἑκάστου
3661 3163 3760 3234 τὴν

461 3267 610 3307 cram
627 3256 950 3310 memoriam
968 3256 1336 3321 celebremus,
1357 3272 1420 3311 ac
1435 3259 1588 3311 velut
1609 3255 1841 3311 diversis
1851 3254 2058 3310 Christi

463 3345 749 3412 membris,
783 3348 1102 3417 personales
1123 3363 1316 3403 eorum
1351 3347 1722 3418 proprietates
1748 3347 2058 3420 distingua-

531 3547 585 3620 ’ξ
614 3547 786 3620 Exod.
817 3565 906 3620 xv.
935 3549 1026 3604 27.
1101 3550 1316 3620 "_Psal.
1339 3566 1499 3614 mn,
1519 3552 1608 3605 ‘27.

461 3616 531 3649 "‘
544 3617 743 3688 Ephes.
781 3635 854 3684 tv,
888 3619 940 3675 5.

461 3829 558 3876 aut
584 3819 855 3874 translatae
882 3819 1042 3873 ﬁdem
1077 3818 1427 3888 astringeret,
1454 3819 1687 3889 ejusque
1720 3819 1814 3874 'rei
1865 3819 2051 3875 subsi-

462 3892 556 3945 dio
588 3891 814 3944 afferret
852 3891 985 3957 (uno
1014 3889 1280 3961 duntaxat
1314 3889 1477 3961 allato
1528 3891 1810 3961 Dionysio,
1839 3905 1960 3960 cap.
1993 3889 2049 3953 5,

463 3961 540 4014 De
567 3961 755 4014 divinis
783 3961 1030 4030 nomin.),
1054 3959 1156 4014 alia
1189 3960 1372 4014 omnia
1414 3959 1792 4023 monumenta,
1832 3959 2052 4030 ut’ipse

460 4031 608 4101 clare
664 4029 952 4101 proﬁtetur
1005 4031 1058 4084 in
1107 4031 1457 4085 orationibus
1498 4031 1714 4100 pridem
1747 4029 2052 4100 Lipomano

461 4100 676 4163 Latine,
709 4101 842 4154 mihi
876 4109 1113 4168 utraque
1153 4101 1359 4170 lingua.
1398 4101 1810 4170 repraesentatis
1843 4102 2052 4156 auctis-

458 4170 773 4242 que.7Quod
807 4179 986 4242 tamen
1038 4171 1156 4242 leve
1194 4170 1507 4242 praesidium
1539 4171 1589 4224 ei
1639 4171 1797 4242 quod
1819 4186 2055 4242 praeser.

461 4243 560 4296 tim
595 4241 861 4311 Maximus
891 4240 1151 4311 Dionysii
1197 4241 1525 4294 scholiastes
1571 4240 1951 4311 gravissimus,
1985 4241 2055 4296 de

459 4310 716 4379 sepulcro
747 4310 1032 4363 Dominico
1055 4310 1321 4379 exponat,
1356 4311 1413 4362 in
1446 4325 1556 4377 quo
1586 4310 1668 4364 sic
1700 4310 1813 4364 vita
1863 4326 2056 4366 susce-

462 4378 579 4450 pta,
613 4395 676 4433 ac
698 4379 845 4448 quod
883 4378 1340 4450 indeviviﬁcum,
1371 4379 1516 4450 quod
1553 4379 1898 4434 Dominieum
1931 4395 2057 4435 cor-

463 4447 589 4521 pus
619 4447 972 4521 suscepisset,
1017 4449 1175 4518 isque
1234 4449 1362 4502 inde
1390 4447 1694 4521 ’triduanus
1741 4464 2054 4521 resurgens,

460 4518 1262 4611 nobis‘vitlam-in_corruptam.
1292 4527 1348 4572 et
1393 4533 1502 4611 qua
1527 4519 1644 4611 ipse
1669 4518 2051 4611 Iprmivit,"iui-
2087 4556 2132 4611 υ

468 4590 679 4660 tiasset.
723 4587 886 4643 Certe
913 4589 966 4641 in
994 4603 1063 4660 eo
1097 4589 1336 4660 maxime
1381 4587 1637 4660 elucebat
1667 4587 2055 4660 (poterantque

461 4659 772 4729 intelligere
795 4658 1030 4728 apostoli
1057 4657 1276 4729 virique
1322 4658 1634 4729 apostolici)
1674 4657 1898 4726 inﬁnita:
1943 4657 2056 4714 vir-

457 4731 588 4782 tutis
620 4727 925 4790 ἀσθένειαν,
960 4739 1020 4782 ut
1056 4728 1260 4782 habent
1289 4727 1482 4782 omnes
1513 4727 1671 4783 codd.
1713 4729 2055 4784 imbecillita-

461 4808 590 4870 tem,
627 4813 758 4863 non,
796 4798 943 4868 quod
987 4798 1184 4870 reddit»
1217 4797 1382 4870 Bibi.,
1425 4801 1739 4870 potentiam,
1785 4800 2055 4870 quidquid

463 4869 687 4923 tandem
718 4869 771 4922 in
799 4884 899 4922 suo
929 4869 1054 4923 cod.
1097 4868 1377 4931 habuerit,
1429 4868 1519 4922 vel
1567 4869 1646 4939 illi
1689 4868 2004 4939 obrepserit
2039 4887 2053 4923 :

463 4939 582 4994 haec
616 4939 877 4992 nimirum
914 4939 1100 4994 divina
1137 4939 1464 5001 exinanitio,
1487 4938 1649 4994 nobis
1672 4957 1700 4992 a
1728 4937 1896 4993 Paulo
1916 4955 2055 5009 prae-

463 5009 662 5063 dicata.
707 5009 875 5078 quue
901 5010 1059 5073 adeo,
1087 5010 1134 5062 si
1163 5025 1270 5077 qua
1301 5009 1439 5063 ﬁdes
1474 5009 1637 5079 hujus
1665 5009 1932 5079 Dionysii,
1959 5010 2050 5065 cui

463 5079 603 5133 nihil
637 5094 862 5133 necesse
891 5079 1035 5134 istud
1071 5079 1138 5132 de
1164 5079 1345 5134 Maria:
1370 5078 1650 5148 exsequiis
1693 5078 1919 5145 addere,
1956 5094 2057 5134 eo-

462 5164 571 5218 que
602 5164 827 5219 gravare
850 5150 996 5218 quod
1024 5148 1190 5219 nullis
1231 5157 1478 5202 veterum
1515 5150 1893 5219 monumentis
1921 5164 2057 5204 con-

466 5218 649 5282 sonat,
675 5219 997 5290 respuitquc
1034 5220 1148 5288 ipse
1176 5218 1497 5290 Baronitan.
1518 5219 1607 5290 52.
1631 5218 2060 5290 ὃεάίὴαεοῂιειο

463 5290 644 5357 plura.
677 5289 757 5343 Ad
792 5287 920 5342 remi
943 5287 1320 5359 nostram.Uti
1347 5288 1689 5359 Magdalena,
1723 5289 1804 5342 sic
1831 5287 2056 5359 quoque

464 5374 585 5427 qua:
618 5360 895 5428 Hierapoli
930 5359 1164 5428 Philippi
1189 5358 1315 5412 ﬁliae
1350 5358 1595 5428 virgines
1618 5358 2056 5428 consenuerunt,

464 5438 519 5499 _et
547 5430 620 5483 ibi
646 5427 879 5499 sepultae
909 5439 1057 5495 sunt,
1077 5427 1191 5482 alia
1215 5444 1281 5482 ex
1323 5427 1486 5482 causa
1521 5427 1595 5481 ibi
1633 5427 1934 5499 hospitium
1959 5430 2057 5484 de-

463 5497 724 5568 legerint,
741 5516 920 5570 quam,
951 5509 1010 5570 ut
1042 5508 1194 5568 patre
1226 5501 1564 5570 fruerentur,
1602 5497 1872 5570 quiforte
1910 5500 2059 5554 diem

466 5567 700 5639 obierat.
733 5567 791 5624 u't
819 5579 875 5624 et
904 5567 1192 5639 Philippus
1242 5568 1359 5639 ipse
1397 5567 1560 5639 primi
1597 5567 1813 5639 ordinis
1842 5580 2062 5639 aposto-

465 5637 573 5698 lus,
601 5647 894 5708 antequam
939 5637 1126 5693 illaa’in
1167 5637 1352 5691 Asiam
1406 5638 1600 5706 pedem
1635 5637 1902 5694 inferrent
1937 5657 1950 5693 :
1979 5640 2061 5694 sic

467 5722 599 5760 vero
625 5707 900 5777 Hierapoli
932 5716 1358 5772 consummatas,
1394 5709 1614 5777 pietatis
1653 5708 1895 5762 ﬁdelium
1929 5708 2056 5775 fuit,

469 5784 528 5827 ut
557 5792 725 5856 prope
767 5776 1028 5857 .Philippi.
1069 5777 1352 5857 tumulum.
1391 5776 1646 5857 religiose
1691 5777 2055 5857 deponerent,

469 5846 740 5918 quaeipsa:
773 5846 1123 5917 interprima
1149 5846 1585 5904 Christianitatis
1617 5846 1826 5904 lumina
1867 5863 2060 5906 oense-
2082 5928 2106 5930 _

2167 3259 2321 3329 ίεράν
2341 3259 2625 3322 τελοῦντες
2653 3258 3040 3331 μνημοσύνην,
3078 3261 3174 3311 καὶ
3203 3256 3293 3312 οἷα
3322 3257 3601 3327 διαφόροις
3626 3258 3760 3326 Χρι-

2165 3347 2293 3402 στοῦ
2323 3347 2533 3419 μέλεσι,
2563 3348 2664 3413 τὰς
2689 3347 2832 3404 κατά
2861 3349 2962 3419 τὴν
2989 3347 3288 3402 ὑπόστασιν
3335 3347 3520 3402 αὐτῶν
3555 3346 3760 3418 ἰδιότη-

1717 3551 1756 3582 ¹⁶
1784 3551 1924 3606 Psal.
1957 3567 2062 3618 xu,
2085 3551 2143 3607 2.
2208 3551 2256 3584 "
2280 3549 2422 3607 Psal.
2455 3566 2610 3606 cxxvt
2639 3551 2692 3606 5.
2747 3551 2819 3583 "'
2848 3550 3102 3616 Joan.tv,
3132 3549 3219 3604 10.
3289 3548 3336 3580 ’³
3368 3548 3530 3604 Rom.
3574 3565 3672 3615 xu,
3704 3550 3759 3605 1.

2162 3830 2468 3901 rentur,_et
2517 3837 2752 3892 quarum
2796 3821 2853 3901 in
2908 3819 3196 3901 Scriptura
3223 3830 3564 3901 consecrata
3611 3834 3762 3901 esset

2161 3893 2464 3957 memoria;
2504 3891 2738 3961 quarum
2795 3892 2926 3960 ipsa;
2967 3891 3170 3960 prioris
3223 3891 3582 3945 habitationis
3621 3892 3758 3946 aedi-

2160 3963 2299 4017 culae
2327 3961 2589 4016 Caesarea:
2616 3962 3031 4016 venerationem
3061 3961 3355 4025 haberent,
3385 3977 3523 4030 quas
3557 3961 3758 4015 Hiero-

2161 4047 2361 4104 nymus
2382 4032 2710 4104 cum_Paula
2744 4040 3051 4104 exstantes
3075 4032 3273 4104 adhuc
3313 4032 3589 4104 inviserit.
3631 4032 3758 4086 Hm

2160 4101 2304 4157 forte
2337 4103 2489 4172 justo
2514 4101 2713 4156 fusius.
2744 4101 3093 4172 iUﬁnumfmihi
3129 4101 3276 4156 istud
3321 4102 3618 4156 observare
3651 4117 3753 4172 po-

2162 4171 2350 4227 tuisse
2377 4172 2432 4226 in
2463 4186 2566 4227 suo
2593 4171 2834 4226 Eusebio
2863 4171 3085 4225 videtur
3119 4173 3206 4226 vir
3241 4172 3297 4226 in
3332 4188 3401 4228 eo
3442 4171 3756 4225 versatissi—

2161 4257 2305 4306 mus,
2332 4243 2412 4296 sic
2443 4257 2570 4296 eum
2617 4241 2904 4297 historiam
2938 4242 3242 4311 primorum
3288 4242 3509 4295 illorum
3541 4249 3753 4309 tempo-

2160 4328 2285 4366 rum
2315 4313 2580 4375 texuisse,
2612 4321 2674 4365 ut
2703 4312 2753 4367 ei
2789 4311 3054 4366 duntaxat
3101 4313 3393 4374 insereret,
3413 4327 3536 4380 qua:
3563 4311 3653 4366 'vel
3683 4326 3751 4364 ex

2162 4381 2472 4452 Scriptura,
2501 4385 2587 4436 vel
2618 4397 2686 4435 ex
2709 4384 2878 4438 certis
2910 4382 3318 4452 theologorum,
3354 4397 3493 4450 quos
3541 4380 3747 4452 laudat,

2161 4451 2535 4508 monumentis
2572 4452 2823 4514 haberet,
2874 4467 2984 4505 non
3019 4467 3142 4515 qua:
3172 4451 3258 4505 vel
3295 4451 3437 4505 fama
3478 4451 3748 4520 vulgarat,

2163 4523 2250 4577 vel
2295 4523 2524 4577 incertis
2565 4523 2890 4576 auctoribus
2932 4522 3245 4590 conscripta
3301 4529 3598 4575 exstarent.
3632 4522 3752 4587 Quo

2160 4591 2367 4646 factum
2405 4601 2484 4650 ut.
2519 4593 2701 4646 tacitis
2726 4592 2892 4646 rebus
2921 4591 3110 4647 Jacobi
3134 4591 3363 4660 Alpltmi,
3396 4592 3452 4645 in
3480 4591 3648 4646 rebus
3665 4591 3754 4646 Ja-

2159 4662 2283 4716 cobi
2333 4661 2522 4716 fratris
2561 4663 2779 4716 Domini
2828 4670 3074 4715 moratus
3132 4661 3240 4723 sit,
3285 4678 3354 4715 ex
3401 4677 3513 4730 quo
3556 4677 3750 4731 parum

2163 4732 2366 4796 cautis,
2415 4733 2556 4786 alter
2593 4732 2752 4786 alteri
2795 4732 3151 4793 substitutus,
3188 4740 3611 4801 expunctusque
3655 4731 3750 4800 qui

2164 4817 2295 4856 vere
2319 4803 2602 4872 apostolus
2633 4814 2689 4856 et
2718 4804 2912 4872 major,
2945 4801 3093 4871 quod
3123 4801 3191 4854 de
3231 4801 3524 4872 duodecim
3552 4818 3567 4854 :
3606 4817 3752 4856 unus

2159 4871 2413 4927 servatus
2457 4872 2552 4941 qui
2600 4887 2668 4926 ex
2701 4871 3080 4942 Septuaginta,
3118 4871 3265 4941 quod
3311 4873 3432 4940 ejus
3480 4886 3589 4934 res,
3638 4888 3750 4925 non

2159 4942 2314 5013 illius
2350 4942 2657 5013 scripserit
2707 4941 3085 5012 Hegesi'ppus,
3131 4957 3309 5011 exque
3354 4942 3449 5013 illo
3498 4943 3752 5013 retulerit

2157 5011 2452 5067 Eusebius.
2487 5011 2604 5068 _Vel
2660 5011 2811 5068 ergo
2845 5027 3076 5066 summa:
3154 5012 3461 5066 oscitantia:
3514 5011 3747 5066 notandi

2156 5081 2354 5154 Clem.,
2389 5082 2698 5154 Polycrat.,
2730 5081 2946 5154 Papias,
3000 5081 3097 5150 qui
3144 5098 3282 5154 quas
3336 5081 3622 5154 Scriptura
3675 5083 3752 5137 sic

2164 5153 2343 5222 palam
2378 5151 2519 5223 ﬁlias
2564 5151 2819 5221 Philippo
2865 5152 2960 5206 dat
3004 5152 3378 5223 evangelista,
3419 5152 3512 5205 uni
3553 5167 3621 5207 ex
3668 5168 3754 5207 se-

2205 5221 2635 5284 tem,-dederint
2655 5223 2934 5291 Philippo,
2958 5222 3056 5276 uni
3089 5221 3497 5284 ex'duodecim,
3523 5223 3610 5292 vel
3639 5223 3753 5292 ipse

2159 5238 2635 5345 genu-uenerint
2655 5238 2934 5291 ynutppo,
2958 5238 3056 5276 um
3089 5238 3154 5276 ex
3181 5238 3497 5284 auouectm,
3525 5238 3610 5276 vel
3639 5238 3749 5292 ipse

2206 5292 2452 5355 usebius,
2483 5293 2600 5362 qui,
2659 5293 2847 5346 relatis
2885 5307 3078 5345 eorum
3117 5291 3471 5354 testimoniis,
3504 5291 3572 5345 de
3618 5293 3749 5346 Phi-

2156 5362 2309 5432 lippo
2337 5363 2502 5432 primi
2529 5362 2744 5417 ordinis
2773 5362 3049 5430 apostolo,
3083 5362 3398 5416 subdiderit
3422 5362 3579 5432 quasi
3613 5376 3752 5415 con-

2158 5431 2486 5486 ﬁrmationis
2515 5447 2680 5486 causa
2710 5433 2891 5486 locum
2937 5432 3200 5486 Actorum
3232 5433 3302 5487 de
3344 5431 3585 5501 Philippi
3634 5432 3753 5486 dia-

2158 5502 2284 5555 coni
2313 5501 2550 5556 ﬁliabus.
2576 5501 2735 5568 ρυοά
2765 5517 2892 5556 cum
2926 5501 3130 5556 durum
3176 5504 3248 5556 sit
3290 5502 3607 5563 admittere,
3640 5516 3755 5555 ma-

2158 5571 2254 5626 lim
2311 5571 2808 5641 Christophorsoni
2867 5583 2992 5641 post
3058 5572 3318 5627 Ruﬁnum
3373 5569 3750 5626 emendationi

2158 5650 2538 5722 stare,_quam
2584 5642 2801 5696 Valesio
2837 5657 3047 5722 morem
3092 5641 3748 5722 gerere.”Hieronymus,

2160 5719 2221 5764 ut
2253 5711 2360 5766 sibi
2399 5711 2514 5779 ipse
2545 5727 2654 5766 non
2687 5711 3216 5776 committatur,’alii
3265 5711 3513 5765 viderint
3545 5727 3560 5762 :
3597 5719 3750 5766 certe

2159 5780 2286 5852 aliis
2322 5782 2488 5852 etiam
2537 5782 2676 5837 locis
2728 5797 2924 5852 parum
2969 5783 3055 5836 sui
3107 5795 3430 5852 memorem,
3474 5779 3751 5836 contraria

2109 5923 2134 5932 ⁸-
2155 5849 2406 5908 locutum
2438 5851 2654 5923 liquet;
2681 5849 2807 5923 qua:
2833 5867 2948 5910 non
2973 5861 3060 5912 est
3092 5851 3336 5928 instituti
3351 5865 3587 5928 urgere.
