4094 6416
333 356 438 424 169

1087 351 1370 412 ORATIO
1403 349 1508 409 IX.
1537 372 1605 383 -
1627 346 1708 406 IN
1748 344 2057 408 LAUDEM
2099 346 2159 406 S.
2202 346 2542 408 PHILIPPI
2574 347 2830 410 APOST.

3489 351 3595 415 170

334 489 432 535 τας
477 465 859 538 ἀφοριζόμενοι
884 504 900 530 ,
937 462 1079 526 ίδίως
1111 463 1326 531 ἑκάστῳ
1367 461 1462 516 καὶ
1487 459 1578 514 τὸν
1621 458 1778 526 λόγον
1802 457 1904 528 τῆς

2004 471 2148 520 mus,
2186 457 2408 526 proprie
2442 455 2607 512 etiam
2661 459 2860 528 cuique
2889 457 3248 516 laudatoriam
3279 462 3592 518 orationem

335 561 610 631 εὐφημίας
642 557 1016 626 ἀποδώσομεν.

414 655 446 706 Γ
452 652 496 714 ίς
538 650 633 703 οῦν
668 650 846 703 αὐτῶν
897 651 1043 702 ἐστιν
1069 649 1097 702 6
1128 647 1223 702 νῦν
1252 647 1344 702 τὸν
1385 649 1542 716 λόγον
1585 649 1723 720 ἡμῖν
1766 648 1906 719 πρὸς

330 745 431 814 τὴν
465 742 674 796 οἰκείαν
701 741 978 812 εὐφημίαν
1016 740 1368 811 ξεναγαγών;
1401 741 1498 804 Τίς
1528 742 1557 794 6
1585 739 1726 810 μετὰ
1757 740 1908 810 πρῶ-

330 852 424 888 τον
468 833 633 887 ὕπνον
686 832 846 895 εὐθὺς
899 831 992 901 ἀφ’
1029 833 1267 904 ἑσπέρας
1298 832 1468 903 αὐτῆς
1512 830 1769 898 ἀνιστῶν,
1811 830 1908 884 καὶ⁴

328 930 431 997 τὴν
456 926 717 998 ὀκνηρίαν
754 923 1264 996 ἅποσκευαζόμενος
1293 925 1401 979 τῶν
1435 925 1646 996 ψυχῶν,
1696 927 1790 979 καὶ
1814 927 1909 980 ἄλο

326 1019 419 1072 λον
469 1016 767 1087 ἀλλαχόθεν
803 1015 939 1088 πρὸς
971 1017 1096 1080 τοὺς
1140 1016 1248 1069 τῶν
1281 1015 1454 1085 ἁγίων
1493 1017 1673 1080 οίκους
1729 1018 1907 1088 ἱεροὺς

329 1109 629 1180 συγκινῶν,
661 1110 758 1162 καί⁸
791 1109 928 1179 πρὸς
958 1107 1266 1177 δοξολογίαν
1297 1109 1448 1163 θείαν
1481 1109 1909 1180 προθυμοποιῶν

327 1205 426 1258 καὶ
455 1202 817 1272 ἀναπτερῶν;
852 1202 923 1254 ’Ἦ
958 1203 1090 1255 πᾶσι
1119 1200 1309 1270 δῆλον,
1344 1202 1419 1264 ὡς
1447 1202 1476 1254 6
1508 1201 1684 1270 μέγας
1717 1201 1910 1255 Φίλιπ-

332 1313 434 1360 πος
458 1296 552 1365 τὴν
575 1293 739 1346 αὐτοῦ
772 1294 1013 1363 σήμερον
1045 1293 1307 1347 ἐσάλπισε
1339 1294 1586 1364 μνήμην,
1613 1295 1706 1347 καὶ
1728 1295 1911 1358 πάσας

332 1390 392 1442 ἐν
421 1389 555 1457 αὐτῇ
609 1387 716 1438 τῶν
750 1386 993 1438 εὐσεϐῶν
1043 1385 1343 1456 ἐκκλησίας
1397 1387 1536 1458 πρὸς
1584 1387 1743 1453 δόξαν
1772 1387 1908 1442 Θεοῦ

330 1480 641 1550 συγκροτεῖ.
675 1471 778 1531 Οἷα
807 1477 864 1529 δὲ
889 1475 988 1548 τὴν
1019 1477 1284 1548 πολυτελῆ
1316 1478 1641 1534 πανδαισίαν
1673 1480 1770 1534 καὶ
1810 1497 1912 1551 μυ-

327 1571 541 1641 στικὴν,
572 1569 643 1623 τὰ
671 1571 848 1623 οἰκεῖα
880 1569 979 1638 τῆς
1010 1569 1211 1640 ἀρετῆς
1257 1570 1730 1642 ἀνδραγαθήματα
1775 1589 1913 1643 προο

326 1662 676 1731 ϐαλλόμενος,
703 1659 913 1722 τούτοις
943 1659 1212 1724 δεξιοῦται
1241 1662 1368 1724 τοὺς
1392 1660 1557 1714 αὐτοῦ
1584 1662 1912 1732 δαιτυμόνας

324 1758 422 1810 καὶ
454 1755 714 1827 ἐραστάς.
737 1755 1025 1818 Φίλιππος,
1062 1753 1090 1806 6
1127 1752 1383 1816 ἐκλεκτὸς
1419 1753 1512 1806 καὶ
1561 1752 1788 1822 δόκιμος
1817 1753 1912 1806 καὶ

325 1847 522 1909 πιστὸς
542 1846 708 1906 ὅντως
733 1843 826 1897 τοῦ
857 1844 1032 1911 Λόγου
1070 1842 1341 1914 μαθητὴς,
1374 1844 1403 1896 6
1433 1843 1525 1897 τὸν
1556 1843 1907 1914 περιώνυμον

318 1941 426 2009 τῆς
461 1937 755 1998 δωδεκάδος
805 1936 963 2006 χορὸν
996 1935 1336 2005 συμπληρῶν
1356 1952 1372 1967 ·
1404 1937 1432 1987 6
1464 1935 1644 2004 τίμιος
1675 1935 1842 2002 λίθος,
1879 1937 1908 1989 6

321 2027 630 2096 πάγκαλος,
673 2029 700 2079 6
726 2029 1060 2095 πανώραιος,
1091 2026 1119 2077 6
1165 2026 1414 2098 διαυγὴς,
1447 2027 1475 2078 6
1501 2027 1843 2097 χρυσοειδὴς,
1873 2027 1906 2099 ἢ

320 2119 668 2190 χριστοειδής
692 2135 707 2151 ο
749 2120 777 2171 6
816 2117 1099 2188 λαμπραῖς
1132 2118 1314 2170 ἀκτῖσι
1351 2119 1450 2186 τῆς
1483 2119 1703 2187 χάριτος
1735 2117 1908 2187 ὑπερ-

325 2211 476 2280 φυῶς
508 2211 905 2280 διηνθισμένος.
953 2209 1242 2274 Φίλιππος,
1269 2209 1298 2259 6
1329 2209 1482 2262 κάτω
1519 2209 1618 2276 μὲν
1648 2209 1904 2278 πατρίδα,

326 2303 427 2372 τὴν
462 2301 733 2369 Βηθσαϊδὰ
758 2300 961 2366 ,,πόλιν
993 2298 1269 2367 -Ἂνδρέου
1321 2299 1414 2352 καὶ
1445 2299 1656 2369 Πέτρου
1689 2297 1869 2369 λαχών
1889 2315 1904 2330 ·

330 2395 442 2449 ἀνω
488 2394 543 2447 δὲ
590 2393 689 2465 τὴν
754 2392 1086 2464 μητρόπολιν
1141 2391 1322 2460 αὐχῶν
1381 2391 1756 2463 Ἰερουσαλὴμ,
1808 2392 1908 2464 τὴν

323 2485 586 2556 οὐρανίαν
639 2486 735 2539 καὶ
792 2485 1006 2553 ζῶσαν,
1064 2486 1160 2542 καὶ
1218 2485 1557 2541 ἀκατάλυτον
1616 2486 1772 2540 πόλιν
1813 2485 1908 2538 τοῦ

322 2578 486 2634 Θεοῦ.

390 2850 569 2913 Οὗτος
612 2848 704 2903 οῦν
747 2851 774 2902 6
808 2849 1356 2920 τρισμακαριώτατος
1384 2847 1546 2919 ἀνὴρ,
1595 2845 1785 2916 ὥσπερ
1813 2847 1908 2900 τοῦ

317 2939 492 2994 αὐτοῦ
523 2941 715 3010 γένους
747 2942 844 2993 καὶ
880 2940 981 3010 τῆς
1014 2941 1184 3008 αὐτῆς
1234 2939 1494 3008 πατρίδος
1543 2937 1654 2992 τῶν
1688 2936 1909 3009 ὑψηλῶν

320 3034 590 3105 ἐτύγχανε
634 3032 917 3103 μαθητῶν,
952 3033 1094 3086 οὕτω
1125 3034 1221 3085 καὶ
1248 3031 1474 3100 γνώμης
1503 3030 1580 3083 ὢν
1605 3031 1706 3098 τῆς
1736 3032 1908 3103 αὐτῆς

1945 1804 1988 1860 Β

2012 549 2337 603 reddamus.

2078 639 2213 705 Quis
2240 639 2409 710 igitur
2441 655 2508 695 ex
2539 649 2759 694 sacrato
2790 641 2884 696 illo
2913 658 3146 698 numero
3170 653 3276 708 est,
3305 645 3399 715 qui
3430 646 3594 702 nobis

2009 731 2504 802 impraesentiarum
2549 732 2616 786 ad
2659 747 2786 787 suas
2831 734 3218 806 depangendas
3263 737 3455 793 laudes
3488 754 3594 794 no-

2009 833 2178 880 stram
2229 825 2537 880 orationem
2580 825 2810 880 (luctat?
2851 825 2984 892 Quis
3037 827 3129 882 ille
3169 829 3265 898 qui
3293 831 3385 883 vix
3412 830 3595 900 primo

2010 929 2202 970 somno
2231 915 2522 986 degustato
2557 916 2626 971 ab
2658 917 2775 986 ipsa
2809 919 2995 973 statim
3027 935 3258 991 vespera
3286 921 3441 992 iubet
3470 938 3595 976 sur-

2010 1023 2159 1078 gere,
2184 1007 2526 1078 decussaque
2549 1007 2859 1064 animorum
2881 1011 3133 1082 segnitie,
3158 1013 3287 1067 hinc
3309 1013 3436 1069 inde
3459 1015 3598 1069 alios

2011 1101 2259 1171 aliosque
2293 1101 2359 1155 ad
2396 1111 2716 1157 sanctorum
2745 1102 2891 1158 aulcs
2922 1118 3106 1158 sacras
3135 1105 3394 1170 concitat,
3431 1117 3597 1175 atque

2011 1192 2080 1247 ad
2107 1193 2323 1248 divinas
2346 1193 2546 1248 animis
2567 1195 2775 1249 alacres
2795 1194 2958 1266 erigit
2982 1195 3192 1261 laudes,
3218 1211 3284 1251 ac
3309 1197 3458 1252 velut
3479 1199 3596 1255 alas

2011 1284 2210 1341 addit?
2248 1287 2444 1340 Annon
2470 1286 2730 1342 omnibus
2752 1287 2946 1357 liquet,
2975 1303 3241 1358 magnum
3276 1289 3595 1360 Philippum

2010 1379 2160 1432 velut
2192 1380 2477 1450 clangente
2513 1380 2645 1435 tuba
2689 1395 2845 1436 suam
2891 1381 3058 1437 hodie
3084 1381 3348 1438 indixisse
3381 1399 3594 1438 memo-

2012 1471 2172 1538 riam,
2206 1483 2544 1543 cunctasque
2578 1475 2634 1529 in
2665 1486 2730 1528 ea
2759 1474 2980 1544 piorum
3013 1484 3228 1530 mentes
3270 1475 3339 1531 ad
3369 1477 3466 1531 Dei
3497 1493 3595 1532 co-

2011 1573 2138 1627 gere
2177 1560 2437 1629 gloriam,
2472 1561 2761 1631 ipsumque
2806 1562 2954 1617 haud
2998 1577 3158 1618 secus
3187 1579 3252 1618 ac
3281 1565 3450 1635 dapes
3479 1565 3598 1619 lau-

2014 1650 2252 1707 tissimas
2292 1661 2458 1722 atque
2490 1653 2771 1724 mysticas,
2815 1655 3076 1723 praeclara
3101 1671 3198 1710 sua
3223 1667 3595 1726 apponentem

2011 1740 2232 1797 virtutis
2247 1740 2514 1807 facinora;
2543 1745 2630 1799 his
2665 1759 2795 1799 suos
2830 1746 3228 1816 praemagnilice
3247 1748 3509 1804 convivas
3531 1763 3597 1804 ac

2015 1841 2290 1889 amatores
2319 1836 2620 1906 excipere?
2647 1836 2964 1908 Philippum
3013 1854 3231 1908 nempe,
3258 1839 3496 1895 electum
3531 1841 3598 1896 il-

2010 1925 2146 1990 lum,
2178 1926 2476 1996 probatum
2511 1944 2576 1984 ac
2631 1944 2760 1984 vere
2792 1929 3008 1986 ﬁdelem
3037 1930 3207 1987 Verbi
3235 1933 3594 2004 discipulum,

2008 2017 2378 2076 clarissimum
2400 2021 2554 2076 illum
2584 2022 2954 2092 complentem
2979 2023 3298 2079 duodenum
3323 2025 3591 2080 chorum:

2008 2113 2242 2182 lapidem
2266 2115 2590 2183 pretiosum,
2613 2115 3102 2186 elegantissimum,
3131 2116 3592 2188 pulcherrimum.

2009 2205 2366 2272 pellucidum,
2386 2207 2572 2264 aureis
2593 2209 2886 2265 micantem
2909 2197 3238 2280 fulgoribus,
3257 2226 3352 2266 seu
3371 2212 3595 2268 Christo

2010 2297 2278 2364 similem;
2306 2299 2613 2369 splendidis
2638 2302 2832 2372 gratite
2865 2303 3036 2358 radiis
3068 2303 3472 2372 praemagnilice
3502 2305 3594 2359 in-

2009 2390 2359 2446 terstinctum
2405 2401 2573 2463 atque
2609 2393 2932 2460 ﬂorentem;
2971 2395 3305 2465 Philippum,
3347 2395 3591 2466 inquam,

2010 2482 2066 2538 in
2104 2485 2269 2540 terris
2321 2485 2546 2556 quidem
2591 2487 2887 2544 Dethsaida
2933 2495 3158 2542 nactum
3187 2487 3439 2558 patriam,
3473 2487 3594 2544 An-

2009 2575 2156 2631 dreae
2185 2585 2243 2631 et
2287 2577 2436 2632 Petri
2491 2578 2802 2645 civitatem;
2832 2579 2929 2635 sed
2961 2580 3056 2650 qui
3085 2580 3143 2635 in
3173 2579 3350 2644 caelis,
3374 2580 3599 2637 Jerusa-

2007 2664 2115 2720 lem
2149 2667 2360 2722 cmlesti
2406 2668 2641 2740 vivaque
2669 2669 2986 2739 metropoli,
3053 2669 3449 2742 insolubilique
3494 2671 3595 2728 Dei

2009 2758 2232 2814 civitate
2255 2759 2547 2831 glorietur.

2086 2852 2190 2909 Hic
2223 2854 2410 2924 itaque
2453 2855 2539 2909 vir
2561 2863 2646 2910 ter
2673 2854 3050 2918 beatissimus,
3093 2855 3170 2910 uti
3205 2854 3399 2911 eadem
3439 2864 3594 2911 satus

2007 2945 2284 3016 prosapia,
2327 2946 2630 3018 eademque
2660 2957 2824 3003 natus
2855 2948 3031 3018 patria
3059 2963 3123 3003 ac
3152 2947 3396 3018 praecelsi
3428 2948 3596 3004 disci-

2007 3035 2146 3105 puli,
2173 3036 2255 3091 sic
2277 3036 2528 3107 ejusdem
2557 3052 2778 3107 quoque
2823 3036 2991 3091 animi
3041 3052 3107 3092 ac
3150 3037 3434 3092 sententia:
3465 3053 3595 3092 cum

319 3126 420 3178 καὶ
447 3125 708 3188 διανοίας,
741 3125 835 3177 καὶ
865 3123 1002 3194 πρὸς
1039 3123 1130 3175 τὸν
1163 3122 1295 3176 Θεὸν
1324 3121 1382 3175 δὲ
1418 3121 1780 3192 συνειδήσεως
1808 3121 1903 3174 καὶ

2005 3136 2172 3191 esset,
2203 3126 2295 3181 ubi
2323 3134 2532 3182 tantum
2560 3127 2746 3183 Jesum
2778 3126 3107 3192 invenisset;
3135 3127 3268 3196 quin
3293 3127 3472 3197 potius
3495 3128 3593 3182 illo

317 3215 578 3287 γνώσεως
621 3216 721 3284 τῆς
760 3215 950 3283 αὐτῆς,
984 3214 1060 3277 ὡς
1106 3214 1265 3283 μόνον
1316 3213 1479 3267 αὐτὸν
1508 3207 1750 3285 εῦρειτδν
1800 3213 1903 3284 Ἰηο

320 3308 452 3363 σοῦν
479 3326 492 3338 ⁸
532 3307 732 3377 μᾶλλον
762 3307 818 3359 δὲ
854 3306 1043 3359 τοῦτον
1083 3307 1111 3358 6
1143 3305 1348 3376 Κύριος
1379 3303 1577 3376 εὑρὼν,
1621 3305 1903 3359 Ἀκολού-

318 3407 408 3458 θει
430 3419 555 3470 μοι,
580 3400 868 3470 προσεῖπε,
901 3399 1081 3470 πάσης
1131 3397 1335 3460 εὐθέως
1368 3397 1634 3468 ῥήγνυται
1663 3398 1904 3466 σχέσεως

321 3493 646 3564 σωματικῆς
664 3509 680 3526 ο
715 3492 894 3562 πάσης
916 3490 1275 3562 περικοσμίου
1297 3488 1672 3559 προσπαθείας
1689 3489 1902 3560 ἀθρόως

319 3583 635 3648 ἀπολυθεὶς,
674 3584 809 3653 πρὸς
844 3582 1213 3653 ὑπερκόσμιον
1248 3581 1549 3651 ἐπιθυμίαν
1606 3581 1900 3651 ἀνεφλέγη.

331 3677 640 3744 Ἠθέλησε,
667 3675 855 3746 φησὶν,
892 3677 926 3730 ὀ
969 3675 1208 3742 Ἰησοῦς
1230 3675 1506 3740 ἐξελθεῖν
1532 3675 1619 3742 εἰς
1653 3675 1766 3742 τὴν
1788 3677 1904 3727 Γα-

317 3770 567 3824 λιλαίαν
591 3785 605 3798 ·
639 3769 736 3822 καί
763 3768 1028 3837 εὑρίσκει
1059 3768 1379 3832 Φίλιππον,
1405 3767 1501 3822 καί
1519 3767 1679 3836 λέγει
1707 3763 1866 3830 αὐτῷ
1887 3781 1900 3794 ·

329 3863 677 3918 Ἀκολούθει
703 3879 826 3930 μοι.
865 3858 938 3914 Οὐ
983 3859 1210 3930 μακρῶν
1235 3861 1424 3930 ἐδέησε
1458 3859 1596 3930 πρὸς
1639 3857 1737 3929 τὴν
1766 3857 1898 3928 κλῆ-

318 3974 406 4009 σιν
430 3955 841 4026 παραινέσεων·
868 3955 931 4008 οὐ
959 3954 1242 4025 προέτεινε
1264 3952 1474 4021 δωρεάς
1493 3968 1508 3982 ’
1542 3953 1640 4022 οὐχ
1671 3951 1902 4022 ὑποσχέ-

318 4065 462 4102 σεων
494 4050 713 4119 μνήμην
765 4049 1093 4119 ἐποιήσατο·
1147 4047 1208 4101 οὐ
1257 4047 1484 4118 μισθοὺς
1527 4046 1629 4115 τῆς
1671 4046 1900 4100 ἀκολου-ι

318 4140 535 4211 θήσεως
565 4141 920 4210 προύϐάλετο.
963 4139 1078 4193 Ἑνὶ
1119 4141 1327 4211 ῥήματι
1359 4139 1506 4210 μόνῳ
1551 4138 1689 4209 πρὸς
1725 4137 1893 4207 μαθη-

313 4233 469 4287 τείαν
497 4232 872 4295 ἐπεσπάσατο,
920 4233 1266 4286 Ἀκολούθει
1311 4250 1433 4301 μοι,
1479 4233 1573 4283 καὶ
1596 4229 1673 4300 τῷ
1707 4229 1901 4300 βραχεῖ

313 4323 492 4394 τούτῳ
517 4325 726 4395 ῥήματι
756 4323 955 4392 φίλτρα
978 4322 1179 4390 γονέων
1207 4321 1368 4384 εὐθὺς
1395 4320 1560 4390 ἐσϐηο
1595 4319 1896 4388 συγγενῶν,

314 4413 509 4484 φίλων,
539 4412 755 4466 οἰκείων
794 4411 1087 4473 διαθέσεως
1120 4411 1414 4482 ἐπελήσθη,
1456 4411 1550 4464 καὶ
1582 4410 1771 4481 κτῆμα
1805 4411 1897 4464 καὶ

312 4509 530 4580 χρῆμα,
589 4507 685 4560 καὶ
724 4508 872 4560 πᾶσα
920 4504 1018 4558 τοῦ
1065 4505 1180 4575 βίου
1235 4505 1595 4576 παραφαῦλον
1644 4503 1895 4573 ἐλογίσθη
1928 4483 1972 4538 D

311 4599 662 4668 κατασκευὴ,
715 4598 810 4651 καὶ
843 4596 1082 4668 σαρκικὴ
1114 4597 1264 4649 πᾶσα
1304 4595 1698 4666 κατεμαράνθη
1749 4611 1905 4666 στορ-

308 4691 384 4759 γή
407 4706 422 4720 ⁶
457 4688 594 4755 ἄλλη
618 4687 676 4741 δὲ
724 4687 930 4758 βλάστη
957 4686 1246 4757 φιλότητος
1281 4685 1376 4740 καλ⁵
1401 4686 1540 4757 ἔρως
1566 4685 1776 4740 ἔνδοθεν
1808 4684 1903 4739 ἄλ-

305 4780 424 4845 λος,
454 4780 728 4849 οὐράνιος,
764 4779 927 4842 άῦλος
949 4778 1210 4832 ἁνέθαλλε
1249 4779 1345 4832 καὶ
1367 4777 1756 4847 πνευματικός.

381 4871 576 4936 Ἀπαξ
606 4871 702 4923 τοῦ
729 4871 904 4939 Λόγου
941 4870 1247 4939 φωνοῦντος
1279 4871 1512 4941 ἡκουσεν
1554 4871 1582 4922 6
1609 4870 1896 4935 Φίλιππος,

321 4967 669 5020 Ἀκολούθει
681 4983 805 5034 μοι,
837 4967 933 5018 καὶ
966 4965 1057 5017 τὸν
1087 4964 1264 5036 ἁληθῆ
1299 4965 1653 5035 καθηγεμόνα
1685 4964 1761 5035 τῷ
1805 4966 1891 5018 ἐν-

305 5059 546 5127 τάλματι
575 5057 758 5125 γνοὺς,
794 5058 893 5110 οὐκ
923 5056 1146 5126 ἔϐλεψεν
1175 5059 1254 5119 εἰς
1281 5056 1350 5109 τὰ
1369 5057 1544 5109 ὀπίσω
1563 5057 1768 5119 λοιπὸν,
1791 5056 1891 5109 οὐκ

298 5151 558 5203 ἐδίστασε
587 5149 689 5218 τὴν
713 5148 912 5220 ψυχὴν,
944 5150 1044 5218 τὴν
1090 5147 1449 5216 ἁκολούθησιν
1475 5149 1575 5200 οὐκ
1602 5146 1888 5217 ἐψεύσατο,

293 5241 414 5295 οὐδ’
447 5239 638 5309 ὥσπερ
681 5238 950 5291 Ἐλισσαιὲ
985 5239 1122 5308 πρὸς
1156 5237 1338 5291 Ἠλιοῦ
1368 5237 1724 5308 καλούμενος,
1754 5239 1889 5308 πρό-

288 5349 463 5402 τερον
495 5331 586 5383 τὸν
618 5331 832 5395 πατέρα
881 5331 976 5383 καὶ
1007 5330 1106 5400 τὴν
1142 5332 1354 5402 μητέρα
1380 5331 1682 5401 παρεκάλει
1715 5348 1884 5383 κατα-

291 5421 505 5490 φιλεῖν,
543 5421 776 5483 καὶτοῖς
810 5419 1031 5484 οἰκείοις
1068 5419 1494 5492 συνταξάμενος,
1531 5421 1706 5484 οὕτως
1747 5422 1880 5474 ἀκο-

287 5511 536 5564 λουθεῖν.
572 5511 756 5579 Ἔγνω
784 5510 874 5563 τὸν
907 5510 1073 5564 καλὸν
1102 5511 1337 5581 ποιμένα
1371 5513 1432 5565 τὸ
1470 5512 1763 5583 πρόϐατον,
1789 5513 1882 5566 καὶ

284 5605 513 5678 σπουδῇ
547 5606 656 5660 τῶν
705 5605 1006 5678 ἀλλοτρίων
1038 5606 1590 5678 ἁπαλλοτριούμενος,
1621 5607 1689 5661 δι’
1716 5607 1880 5660 αὐτοῦ

374 5787 424 5822 ’³
450 5788 607 5846 Joan.
643 5791 790 5856 1,43.
850 5792 896 5824 '“’
935 5788 1003 5844 ιιι
1036 5791 1170 5862 Reg.
1195 5809 1304 5858 xxx,
1346 5791 1435 5848 '50.
1508 5791 1551 5823 '°
1582 5789 1741 5847 Joan.
1776 5808 1830 5857 ι,
1864 5792 1948 5847 Η.

553 5885 825 5944 Parum.
876 5887 989 5946 (in.
1048 5887 1174 5948 CV.

2004 3217 2272 3271 Dominus
2314 3217 2572 3283 invento,
2615 3216 2845 3288 Sequere
2888 3233 2969 3270 me
3008 3217 3274 3282 dixisset,
3326 3216 3394 3271 ab
3438 3217 3593 3273 omni

2005 3309 2188 3364 statim
2239 3309 2513 3379 corporali
2562 3309 2826 3380 abreptus
2852 3310 3283 3376 necessitudine,
3328 3310 3594 3381 omnique

2004 3414 2231 3473 repente
2268 3404 2482 3458 solutus
2531 3413 2754 3458 terrena
2789 3403 3100 3470 allectione,
3139 3405 3594 3474 supramundana

2004 3495 2306 3564 cupiditate
2333 3495 2559 3550 exarsit.
2589 3495 2782 3561 Voluit,
2809 3495 3006 3566 inquit,
3035 3495 3188 3550 Jews
3209 3497 3420 3552 exirein
3443 3497 3596 3555 Gali-

2006 3583 2185 3650 laeam,
2209 3594 2256 3638 et
2274 3585 2474 3639 invenit
2509 3584 2835 3656 Philippum,
2855 3593 2904 3638 et
2921 3585 3045 3638 dicit
3064 3585 3133 3650 ei,
3161 3582 3388 3656 Sequere
3410 3603 3490 3640 me
3519 3588 3590 3643 ⁷⁸.

2002 3674 2122 3730 Non
2161 3676 2373 3746 prolixa
2424 3675 2810 3731 adhortatione
2833 3685 2893 3730 ut
2920 3676 2967 3730 is
2992 3677 3210 3731 vocanti
3246 3677 3592 3747 obtempera-

2005 3777 2107 3834 ret,
2137 3769 2374 3838 indiguit
2406 3786 2421 3822 :
2450 3783 2559 3824 non
2607 3784 2837 3824 munera
2886 3769 3088 3838 obtulit
3119 3787 3134 3821 :
3167 3785 3278 3824 non
3312 3770 3590 3841 pollicita-

2003 3862 2218 3918 tionum
2249 3863 2575 3918 memoriam
2618 3864 2827 3933 injecit,
2861 3878 2974 3918 non
3003 3863 3316 3918 mercedem
3351 3878 3418 3919 ac
3445 3879 3592 3934 prae-

2000 3956 2111 4010 mia
2141 3954 2230 4010 his
2250 3954 2346 4024 qui
2379 3965 2746 4024 sequerentur
2764 3954 2970 4020 dedita,
3011 3953 3068 4009 in
3089 3954 3334 4010 medium
3375 3954 3586 4011 attulit.

1999 4048 2122 4104 Uno
2155 4047 2419 4103 duntaxat
2441 4047 2523 4102 illi
2551 4046 2744 4109 verbo,
2789 4044 3018 4117 Sequere
3061 4063 3165 4112 me,
3197 4047 3304 4103 sibi
3334 4047 3586 4118 discipu-

1999 4141 2114 4195 lum
2145 4139 2356 4195 addixit
2375 4157 2409 4207 ;_
2433 4139 2698 4209 brevique
2733 4139 2838 4195 hac
2861 4138 3056 4194 vocula
3080 4147 3367 4209 parentum
3400 4139 3589 4194 statim

2000 4235 2204 4289 amoris
2252 4234 2364 4287 vim
2395 4233 2678 4289 exstinxit.
2713 4233 3108 4304 Cognatorum,
3138 4233 3466 4297 amicorum,
3488 4249 3589 4288 ne-

2000 4326 2364 4382 cessariorum
2380 4326 2588 4382 oblitus
2603 4324 2910 4381 affectionis
2923 4333 3006 4382 est
3039 4325 3291 4396 :pratdia,
3315 4325 3587 4396 pecuniae,

2000 4421 2286 4491 omnisque
2305 4421 2430 4475 vitae
2450 4429 2668 4490 spretus
2691 4428 3020 4489 apparatus;
3050 4417 3286 4474 carnalis
3304 4419 3486 4474 omnis
3513 4419 3587 4475 li-

2003 4510 2136 4566 hido
2162 4512 2428 4582 elanguit,
2458 4526 2794 4581 germenque
2823 4510 2976 4565 aliud
3018 4510 3296 4575 amicitiae,
3328 4527 3394 4566 ac
3430 4525 3586 4566 amor

2004 4602 2166 4666 alius,
2196 4603 2443 4658 caelestis
2465 4602 2578 4668 ille,
2596 4601 2733 4657 nihil
2759 4610 3016 4658 terrenus
3047 4617 3113 4658 ac
3133 4602 3402 4672 spiritalis
3433 4603 3585 4661 intus

2002 4693 2190 4748 animo
2216 4693 2488 4749 reﬂoruit.

2072 4869 2254 4925 Semel
2297 4868 2463 4924 Verbi
2507 4883 2698 4924 vocem
2744 4868 2960 4923 audivit
2992 4867 3300 4939 Philippus,
3349 4867 3583 4940 Sequere

1993 4978 2092 5027 me,
2109 4977 2346 5032 veroque
2368 4970 2706 5032 praeceptore
2729 4961 3057 5031 exjussione
3078 4961 3284 5032 agnito,
3307 4977 3417 5016 non
3436 4962 3600 5016 ultra.

1988 5054 2200 5123 aspexit
2241 5063 2412 5119 retro,
2463 5069 2574 5107 non
2625 5053 2796 5108 animi
2847 5069 3050 5121 anceps
3093 5053 3218 5119 fuit,
3265 5069 3375 5108 non
3415 5069 3577 5125 sequi

1987 5147 2191 5214 renuit,
2220 5163 2330 5202 non
2361 5148 2505 5202 sicut
2548 5145 2774 5202 Elisaaus
2818 5154 3048 5202 vocante
3091 5147 3207 5200 Elia
3260 5149 3493 5218 rogavit,
3516 5155 3578 5201 ut

1986 5239 2141 5307 prius
2175 5239 2365 5294 ambos
2390 5247 2646 5310 parentes
2664 5239 3110 5294 osculariliceret
3125 5239 3170 5270 ⁷⁸
3191 5256 3206 5305 ;
3231 5254 3295 5293 ac
3318 5253 3572 5294 necessa-

1990 5329 2088 5383 riis
2115 5329 2233 5382 vale
2257 5329 2430 5394 dicto,
2455 5329 2535 5384 sic
2570 5338 2915 5399 sequeretur.
2940 5328 3340 5399 Cognovitovis
3368 5329 3576 5383 bonum

1988 5419 2272 5477 Pastorem
2287 5424 2354 5489 ⁷⁸,
2380 5423 2600 5493 citoque
2625 5423 2894 5478 liberatus
2907 5423 2976 5477 ab
2997 5422 3213 5488 alienis,
3235 5438 3333 5492 per
3355 5437 3479 5476 eum
3502 5421 3572 5476 ad

1987 5529 2280 5584 supernam
2302 5530 2368 5571 ac
2386 5516 2670 5586 mysticam
2690 5515 2923 5570 festinus
2955 5514 3320 5570 contendebat
3336 5512 3569 5568 caulam.

1987 5604 2108 5672 Quo
2152 5605 2321 5662 etiam
2382 5606 2611 5677 posthac
2664 5613 2892 5664 auctore
2941 5605 3180 5662 salutem
3237 5611 3572 5662 consecutus

3203 5879 3236 5937 θ
