4094 6400
546 374 644 442 1⁸71

1743 359 2038 428 ΝΙΟΕΤᾹΞ
2072 356 2598 420 PAPHLAGONIS

3693 350 3788 417 1'12

539 488 892 560 sempiternas
943 485 1068 540 vitae
1113 494 1168 540 et
1242 498 1444 554 pascua
1524 479 1723 537 insedit
1773 486 1830 535 et
1882 478 2000 532 loca
2051 489 2136 530 se-

2245 472 2374 544 πρὸς
2401 471 2501 542 τὴν
2530 471 2643 525 ἀνω
2671 469 2768 523 καὶ
2795 466 3063 540 μυστικὴν
3104 464 3362 536 ἠπείγετο
3391 463 3563 538 αὐλήν
3583 482 3597 499 ο
3625 466 3690 521 δι’
3733 461 3790 521 οῦ

539 583 768 655 desque.

591 767 719 823 Haec
743 763 1006 836 Philippi,
1034 779 1142 836 qua
1169 761 1498 832 discipulum
1529 757 1811 831 professus
1832 764 1933 816 est.
1961 769 2126 809 exor-

541 859 649 916 dia.
670 861 797 915 Haec
817 857 1122 914 vocationis
1141 855 1289 911 illius
1340 867 1406 908 ac
1459 849 1748 907 electionis
1773 863 1959 903 causa.
1998 845 2129 901 [nde

545 950 646 1004 toti
671 949 970 1004 cruciﬁxus
998 946 1225 1008 mundo,
1251 944 1355 1000 soli
1383 941 1629 998 conﬁxus
1644 939 1796 995 cruci
1821 945 1942 993 erat
1964 934 2127 991 Chri-

544 1051 631 1096 sto
651 1042 718 1095 ⁷⁷.
741 1038 1254 1109 Discipulorumque
1278 1033 1612 1104 primoribus
1643 1032 1722 1100 lac
1760 1027 1916 1084 chori
1937 1026 2130 1097 capiti-

545 1133 671 1197 bus,
698 1147 801 1186 ceu
825 1130 941 1201 pari
969 1131 1078 1184 illis
1098 1129 1304 1182 honore
1359 1123 1816 1187 succenturiatus,
1847 1121 1914 1177 ad
1951 1120 2128 1176 solum

547 1219 793 1291 Magistri
824 1227 1021 1272 nutum
1068 1231 1188 1270 sese
1221 1212 1574 1276 extendebat,
1621 1211 1744 1282 ejus
1796 1209 1915 1264 solo
1939 1221 2128 1263 amore

547 1313 860 1376 roboratus,
892 1318 1056 1380 atque
1085 1307 1152 1362 ad
1175 1306 1395 1362 virtutis
1420 1305 1681 1359 decorem
1720 1302 2010 1365 formatus,
2033 1315 2125 1354 re-

549 1404 751 1476 gnique
805 1401 1190 1474 mysteriorum
1239 1397 1440 1468 dignus
1477 1394 1701 1450 habitus
1737 1399 1985 1463 :quanta
2028 1389 2129 1444 de-

548 1511 699 1551 mum
733 1494 962 1549 facultas
997 1490 1176 1546 Verbo
1209 1493 1584 1544 sacro-sancte
1625 1483 1841 1540 doctori
1875 1483 2128 1546 vinctus,

547 1588 708 1658 eique
736 1585 934 1641 similis
954 1583 1205 1638 effectus.

615 1678 730 1735 Nec
761 1679 878 1749 ipse
915 1675 1140 1747 quidem
1175 1687 1304 1728 eum
1355 1671 1410 1725 in
1444 1667 1670 1723 modum
1700 1666 1846 1721 bono
1874 1662 2129 1734 perfrue-

549 1770 732 1836 batur,
767 1768 1008 1839 idipsum
1031 1779 1163 1821 vero
1195 1760 1464 1834 proximis
1489 1756 1802 1814 occultabat
1838 1773 1851 1808 :
1882 1754 1977 1810 sed
2001 1768 2125 1808 cum

549 1863 697 1919 bono
731 1861 898 1917 animi
935 1858 1221 1931 proposito
1271 1872 1336 1912 ac
1367 1857 1650 1909 voluntate
1684 1851 1948 1922 przeclare
1993 1848 2138 1902 nite-

551 1963 656 2020 ret,
690 1968 818 2009 cum
847 1950 971 2006 aliis
1007 1963 1228 2020 quoque
1255 1947 1462 2002 bonum
1498 1943 1902 2008 communicat;
1940 1940 2134 1994 inven-

552 2058 719 2119 toque
744 2045 984 2116 primum
1027 2039 1385 2104 Nathanaele,
1413 2038 1533 2109 ejus
1559 2035 1654 2106 qui
1673 2042 1942 2090 venturus
1968 2039 2136 2096 esset,

553 2140 852 2196 adventum
880 2135 958 2190 illi
981 2131 1274 2187 nuntiavit.
1309 2127 1434 2182 Non
1460 2128 1570 2196 iam
1593 2124 1842 2194 amplius,
1863 2121 2060 2193 inquit,
2082 2124 2140 2176 in

553 2249 645 2303 spe
663 2238 738 2284 est
759 2228 975 2283 Israclis
997 2224 1162 2280 salus.
1194 2221 1310 2277 Non
1331 2219 1558 2292 amplius
1580 2216 1719 2289 quod
1742 2215 1973 2270 nondum
1997 2229 2137 2285 pra:-

555 2341 673 2378 seus
702 2323 940 2385 exsistat,
973 2327 1231 2389 tanquam
1254 2319 1514 2385 laturum,
1535 2311 1748 2366 obscure
1773 2309 1940 2362 animi
1973 2307 2141 2360 ratio—

557 2406 705 2470 nibus
728 2419 1187 2483 reprcesentamus.
1217 2407 1377 2462 Adest
1399 2404 1560 2469 enim,
1585 2418 1648 2455 ac
1682 2416 1838 2471 quem
1864 2397 1992 2452 olim
2019 2414 2141 2452 ma-

556 2523 690 2579 gnus
739 2504 906 2562 Moses
951 2511 1003 2556 et
1041 2500 1308 2572 prophetae
1347 2497 1533 2567 spiritu
1561 2493 1936 2564 prwviderunt,
1972 2497 2142 2543 extre-

557 2600 760 2668 misque
790 2593 1107 2664 temporibus
1147 2588 1340 2644 Israeli
1383 2585 1721 2641 Salvatorem
1776 2581 2142 2637 suscitandum

559 2691 940 2763 prardixcrunt,
964 2701 1083 2739 cum
1103 2682 1458 2737 invenerimus
1477 2678 1678 2750 (Iesum
1733 2673 1929 2730 scilicet
1966 2691 1998 2726 a
2029 2671 2143 2726 Na-

557 2783 763 2851 zaretlt)
790 2779 1097 2842 eximiisque
1111 2776 1224 2846 ejus
1247 2771 1487 2844 operibus
1519 2767 1722 2822 inducti
1741 2764 2139 2827 crediderimus,

559 2891 677 2930 cum
708 2888 768 2926 eo
807 2868 1164 2924 lubentissime
1188 2863 1402 2928 morati,
1443 2862 1662 2930 ejusque
1688 2857 1771 2910 usi
1802 2853 2142 2910 contubernio

556 2982 742 3022 sumus
755 2964 822 3018 ⁷⁸.
845 2962 943 3017 His
960 2961 1146 3030 itaque
1163 2955 1380 3028 penitus
1399 2949 2000 3017 sermonibuscaptum,
2019 2953 2143 2999 tan-

560 3073 724 3129 quam
745 3053 1184 3126 pulcherrimum
1207 3056 1465 3103 venatum
1489 3051 1655 3112 atque
1674 3039 1943 3110 opimum,
1961 3035 2140 3091 virum

559 3120 690 3218 J'esu
719 3120 976 3207 adducit;
1008 3139 1225 3207 hocque
1259 3134 1499 3204 primum
1537 3127 1710 3184 animi
1743 3141 1874 3182 vere
1907 3120 2143 3192 impensi

562 3238 783 3310 pignus,
804 3249 871 3290 ac
891 3190 1493 3288 sinceraeiidei-certum
1518 3225 1904 3291 argumentum
1922 3190 2143 3269 Cliristo
2173 3190 2216 3252 (ἶ

561 3305 834 3392 exbtbuit,
865 3338 1058 3380 verum
1094 3321 1249 3375 illum
1295 3315 1600 3372 lsraelitam
1645 3310 1885 3365 fructum
1912 3305 2117 3361 ferens.

633 3504 862 3564 Cunctis
891 3503 1058 3574 igitur
1079 3499 1340 3566 deinceps
1363 3492 1551 3566 gratiae
1578 3487 1929 3546 sermonibus
1951 3499 2144 3541 aurem

567 3601 839 3674 praebens,
877 3595 1233 3660 omniumque
1253 3588 1370 3658 ipse
1397 3582 1575 3640 oculis
1608 3579 1945 3637 mirabilium
1970 3579 2152 3647 inspe-

568 3668 689 3750 ctor
708 3691 905 3754 factus,
922 3698 1199 3743 sacrarum
1215 3679 1442 3753 quidem
1464 3673 1840 3732 doctrinarum
1857 3685 1982 3741 ope,
2000 3668 2150 3724 omni

570 3785 719 3857 quod
748 3781 938 3854 dejicit
985 3775 1354 3849 deprimitque
1400 3778 1569 3840 atque
1621 3763 1874 3836 infringit
1904 3761 2149 3817 animum

568 3855 928 3950 purgabatur,
961 3871 1250 3940 omnisque
1280 3861 1606 3936 ignorantia:
1633 3857 1865 3928 depulsa
1893 3855 2146 3926 caligine,

571 3942 771 4024 divinae
810 3963 1054 4020 scientiae
1083 3956 1448 4025 ctelestisque,
1476 3947 1758 4021 sapientiae
1806 3946 1931 4001 luce
1985 3942 2152 4014 proii-

573 4061 745 4126 ciens,
777 4055 1066 4128 magniﬁce
1117 4047 1532 4112 illustrabatur;
1562 4042 1721 4098 novis
1749 4055 1880 4096 vero
1906 4053 1974 4093 ac
1997 4037 2153 4092 inau-

571 4153 704 4209 ditis
736 4149 1002 4221 operibus
1028 4144 1287 4201 roborata
1310 4138 1439 4202 fide,
1462 4152 1528 4191 ac
1546 4133 1793 4206 quotidie
1821 4133 1881 4187 in
1898 4129 2152 4186 interiori

572 4251 870 4301 renovatus
914 4238 1139 4294 homine
1167 4244 1226 4290 et
1255 4231 1601 4287 confortatus
1651 4225 1711 4280 in
1763 4224 1946 4279 virum
1974 4221 2153 4294 perfe-

573 4346 746 4399 ctum,
787 4333 844 4386 in
873 4337 1188 4386 mensuram
1233 4320 1520 4378 crescebat
1571 4317 1749 4372 aetatis
1795 4313 2154 4386 plenitudinis

574 4423 784 4482 Christi
812 4424 884 4477 ⁷⁸.

647 4516 888 4587 Hujusce
907 4506 1259 4584 perfectionis
1284 4512 1498 4561 certum
1521 4499 1808 4564 indicium,
1838 4506 2041 4554 sanctae
2063 4497 2150 4553 di-

575 4607 835 4667 lectionis
860 4599 1232 4663 confirmatio,
1271 4611 1438 4668 quam
1466 4608 1697 4665 magnus
1737 4591 1830 4648 ille
1855 4589 2150 4660 Apostolus

578 4703 899 4777 perfectam,
932 4704 1176 4753 sanctam
1197 4692 1453 4764 Magistro
1475 4689 1770 4752 devovens,
1806 4701 1995 4756 parem
2025 4684 2154 4740 inde

579 4813 824 4857 amorem
851 4791 1318 4864 consequebatur.
1366 4785 1648 4853 Quinimo,
1678 4785 1769 4838 ille
1809 4782 2031 4853 quidem
2062 4781 2155 4836 bo-

577 4906 781 4948 norum
833 4895 1048 4951 auctor,
1092 4899 1157 4939 ac
1210 4881 1306 4953 qui
1341 4887 1540 4935 natura
1583 4875 1804 4932 dilectio
1846 4875 1938 4939 sit,
1972 4873 2156 4931 omnis

580 4998 802 5054 semper
835 4977 1060 5035 virtutis
1085 4973 1425 5047 perfectione
1454 4971 1646 5042 pollet,
1683 4968 2002 5038 nullamque
2031 4967 2154 5037 ejus

579 5089 808 5150 prorsus
822 5079 916 5127 aut
931 5067 1350 5126 diminutionem
1372 5062 1610 5119 admittit
1628 5070 1723 5116 aut
1745 5059 2112 5114 intensionem
2139 5075 2152 5112 :

579 5179 637 5226 at
658 5167 754 5240 qui
782 5161 1193 5220 exercitationis
1220 5159 1394 5224 cultu,
1419 5157 1533 5213 sive
1566 5155 1874 5211 imitatione
1905 5153 1975 5208 ad
2008 5152 2155 5206 illam

580 5262 896 5324 enituntur,
927 5271 1026 5327 pro
1052 5261 1204 5309 certa
1226 5251 1506 5323 profectus
1528 5265 1596 5305 ex
1625 5247 1892 5302 virtutum
1918 5246 2042 5300 luce
2069 5260 2156 5298 ra-

583 5355 756 5416 tione,
792 5350 960 5407 etiam
989 5344 1342 5418 perfectionis
1371 5349 1654 5411 compotes
1683 5339 2028 5404 efﬁciuntur;
2060 5338 2156 5391 alii

581 5445 809 5514 quidem
861 5441 929 5498 ad
980 5439 1221 5495 ﬁliorum
1273 5443 1436 5505 atque
1470 5431 1748 5488 bmredum
1792 5429 2158 5501 provehentcs

584 5534 815 5588 classem
846 5547 910 5586 ac
932 5529 1287 5602 dignitatern;
1318 5525 1407 5579 alii
1431 5537 1585 5585 vero,
1615 5521 1880 5587 ﬁdelium,
1918 5521 2014 5591 qui
2038 5536 2158 5575 ser-

586 5627 674 5680 Vis
726 5624 1088 5694 deputantur,
1116 5629 1501 5676 nanciscentes
1535 5615 1809 5670 ordinem.

663 5823 706 5855 "
733 5823 907 5879 Galat.
947 5836 1008 5887 ιι,
1041 5823 1127 5878 19.
1203 5821 1249 5854 ⁷⁸
1270 5822 1405 5877 Joan
1445 5836 1506 5885 .l,
1541 5819 1630 5874 45.

2163 1821 2210 1882 Β

1707 5817 1752 5848 ⁷⁹
1789 5815 1991 5886 Ephes.
2024 5830 2094 5878 Iv,
2126 5813 2209 5868 15.

2228 565 2324 619 καὶ
2356 563 2548 626 σωθεὶς
2581 561 2720 632 μετά
2739 559 2934 622 ταῦτα,
2960 559 3067 613 τῶν
3106 557 3352 626 ἀειζὼων
3389 557 3566 630 ἐπέϐη
3589 559 3684 613 καὶ
3709 577 3788 614 νο-

2231 654 2348 726 μῶν
2370 654 2464 706 καὶ
2491 651 2670 724 μονῶν

2298 745 2470 800 Τοῦτο
2496 744 2766 800 Φιλίππου
2819 747 2920 814 τῆς
2963 741 3265 815 μαθητείας
3313 742 3479 814 ἀρχή.
3528 741 3676 813 Αὕτη
3701 744 3791 814 τῆς

2229 839 2396 896 αὐτοῦ
2443 839 2688 910 κλήσεως
2715 839 2811 892 καὶ
2856 836 3087 908 ἐκλογῆς
3137 839 3173 908 ἡ
3209 837 3487 902 ὑπόθεσις.
3529 837 3795 892 Ἐντεῦθεν

2227 932 2335 1003 ὅλῳ
2365 930 2766 1002 σταυρούμενος
2807 929 2886 1004 τῷ
2916 929 3126 1000 κόσμῳ,
3187 928 3334 998 μόνῳ
3379 931 3796 1002 συνεσταυροῦτο

2229 1023 2473 1095 Χριστῷ.
2501 1022 2612 1076 Καὶ
2629 1023 2742 1086 τοῖς
2761 1021 2869 1074 τῶν
2893 1020 3152 1093 μαθητῶν
3172 1019 3512 1092 κορυεοαίοις,
3526 1021 3601 1085 ὡς
3625 1023 3796 1092 ὁμότι-

2231 1133 2332 1187 μος
2361 1115 2810 1186 συντεταγμένος,
2837 1113 2973 1185 πρὸς
3006 1114 3174 1186 μόνην
3201 1113 3394 1167 ἑαυτὸν
3414 1112 3510 1166 τοῦ
3535 1114 3792 1168 Διδασκά-

2228 1209 2321 1262 λου
2349 1208 2618 1262 συνέτεινε
2639 1207 2739 1277 τὴν
2763 1208 2959 1277 ῥοπὴν,
2986 1207 3133 1277 μόνῳ
3164 1206 3356 1259 τούτου
3377 1205 3455 1275 τῷ
3486 1206 3634 1275 πόοῳ
3665 1210 3791 1275 ῥων-

2231 1302 2482 1374 νύμενος,
2505 1300 2757 1372 καὶπρὸς
2785 1300 2848 1353 τὸ
2873 1299 2970 1371 τῆς
3000 1299 3203 1370 ἀρετῆς
3231 1298 3425 1364 κάλλος
3450 1299 3795 1368 τυπούμενος,

2230 1398 2327 1448 καὶ
2364 1395 2472 1447 τῶν
2514 1393 2614 1463 τῆς
2667 1390 2942 1464 βασιλείας
2989 1389 3304 1462 μυστηρίων
3355 1390 3793 1459 καταξιούμενος,

2231 1485 2328 1538 καὶ
2351 1483 2426 1554 τῷ
2452 1482 2800 1555 μυσταγωγῷ
2829 1480 2988 1552 Λόγῳ
3011 1481 3156 1534 κατά
3185 1480 3247 1534 τὸ
3274 1480 3500 1550 ἐφικτὸν
3526 1480 3799 1551 ένούμενος

2234 1575 2327 1627 καὶ
2357 1572 2793 1644 ἐξομοιούμενος.

2304 1667 2413 1718 Καὶ
2440 1667 2540 1718 οὐκ
2569 1664 2731 1726 αὐτὸς
2782 1663 2882 1734 μὶν
2935 1660 3078 1715 οὕτω
3104 1663 3426 1732 κατετρύφα
3460 1662 3556 1716 τοῦ
3583 1661 3798 1732 ἀγαθοῦ,

2235 1758 2344 1812 ἀπὸ
2370 1758 2426 1810 δὲ
2459 1757 2568 1811 τῶν
2599 1757 2827 1828 πλησίον
2857 1756 2991 1811 αὐτὸ
3018 1755 3444 1827 παρεκαλῦψατο
3463 1772 3478 1786 ·
3517 1759 3718 1826 ἀγαθὸς
3750 1758 3799 1811 δὲ

2241 1851 2436 1922 κομιδῇ
2464 1851 2564 1920 τὴν
2603 1850 2704 1920 τῆς
2727 1850 2907 1921 ψυχῆς
2934 1848 3191 1920 πρόθεσιν
3211 1848 3308 1916 ὢν,
3341 1851 3432 1902 καὶ
3457 1850 3596 1918 πρὸς
3624 1849 3801 1912 ἀλλους

2243 1944 2628 1995 κοινοποιεὴαι
2662 1941 2724 1993 τὸ
2767 1938 2970 2008 ἀγαθόν
2993 1953 3008 1970 ⁸
3044 1939 3141 1994 καὶ
3185 1940 3399 2010 πρῶτον
3430 1939 3681 2012 εὑρηκὼς
3721 1939 3803 1993 τὸν

2243 2031 2560 2103 Ναθαναὴλ,
2607 2031 2707 2102 τὴν
2743 2031 3050 2101 παρουσίαν
3081 2033 3476 2102 εὐηγγελίσατο
3527 2031 3620 2085 τοῦ
3657 2033 3804 2102 ἐρχο-

2247 2125 2434 2196 μένου.
2479 2125 2715 2188 Οὐκέτι,
2773 2125 2961 2194 φησὶν,
3003 2129 3071 2178 ἐν
3110 2125 3355 2180 ἐλπίσιν
3391 2122 3475 2189 τῷ
3515 2123 3742 2194 Ἰσραὴλ
3768 2125 3802 2192 ἠ

2244 2219 2524 2286 σωτηρία.
2553 2217 2766 2272 Οὐκέτι
2815 2217 2882 2271 τὸ
2911 2218 3090 2287 μήπω
3133 2219 3348 2288 παρὸν,
3398 2218 3480 2284 ὡς
3532 2218 3806 2286 ἐσόμενον

2245 2311 2519 2381 ἀμυδρῶς
2567 2311 2695 2377 ταῖς
2749 2310 3014 2377 ἐννοίαις
3077 2310 3508 2381 φανταζόμεθα.
3566 2307 3804 2378 Πάρεστι

2246 2402 2379 2472 γὰρ,
2407 2403 2527 2468 καὶ,
2563 2404 2674 2455 ’ον
2715 2401 2903 2455 πάλαι
2933 2401 3159 2470 Μωσῆς
3188 2404 3220 2454 ό
3244 2400 3435 2469 μέγας
3477 2399 3577 2455 καί
3603 2401 3654 2453 ol
3682 2412 3807 2465 προ-

2247 2493 2429 2563 φῆται
2459 2493 2539 2558 τῷ
2568 2494 2861 2561 πνεύματι
2879 2491 3263 2560 προεὶδοσαν,
3295 2491 3395 2545 καὶ
3428 2489 3523 2544 ἐπ’
3552 2487 3806 2558 ἐσχάτων

2247 2584 2494 2653 Σωτῆρα
2531 2585 2612 2650 τῷ
2640 2584 2889 2653 Ἰσραὴλ
2938 2584 3394 2651 ἀναστήσεσθαι
3433 2581 3804 2650 προείποσαν,

2246 2675 2464 2731 τοῦτον
2477 2679 2758 2743 εὑρόντες
2782 2675 2972 2744 ἡμεῖς,
3007 2675 3116 2729 τὸν
3141 2675 3259 2729 ἀπὸ
3279 2672 3537 2742 Ναζῖιρὲτ
3573 2668 3806 2740 Ἰησοῦν,

2249 2768 2349 2821 καὶ
2379 2766 2460 2832 τῷ
2501 2767 2622 2821 τῶν
2665 2768 2852 2837 ἔργων
2905 2767 3092 2823 αὐτοῦ
3135 2763 3609 2828 πεπιστευκότες
3646 2765 3806 2827 ὑπερ-

2249 2859 2406 2931 φυεῖ,
2458 2859 2575 2929 τὴν
2617 2859 2746 2930 μετ’
2788 2858 2978 2914 αὑτοῦ
3026 2857 3415 2928 τρισάσμενοι
3462 2851 3806 2922 πεποιήμεθα

2249 2953 2636 3019 συνοίκησιν.
2669 2950 2892 3014 Τούτοις
2924 2951 3267 3020 κατακράτος
3314 2951 3428 3011 τοῖς
3461 2948 3637 3016 λόγοις
3665 2943 3806 3003 ἐλὼν.

2249 3042 2442 3117 ὥσπερ
2471 3043 2694 3114 θήραμα
2726 3041 3036 3105 κάλλιπον,
3072 3040 3344 3112 προσάγει
3387 3038 3472 3106 τῷ
3531 3036 3699 3108 Ἰησοῦ
3727 3035 3807 3087 τὸν

2251 3135 2453 3206 ἄνδρα·
2482 3133 2760 3188 καὶτοῦτο
2809 3133 3025 3206 πρῶτον
3068 3133 3281 3195 εὐνοίας
3328 3132 3590 3202 ἐνέχυρον
3637 3125 3807 3198 ἀληθι-

2248 3229 2366 3296 νῆς,
2399 3226 2493 3278 καὶ
2520 3211 2834 3297 γνώρισμα
2854 3224 3094 3288 πίστεως
3131 3220 3463 3295 εἰλικρινοῦς
3491 3220 3722 3292 παρέσχε
3742 3213 3808 3285 τῷ

2246 3318 2490 3390 Χριστῷ,
2518 3319 2612 3372 τὸν
2649 3316 2900 3390 ἀληθινὸν
2926 3318 3137 3370 ἐκεῖνον
3177 3313 3524 3387 Ἰσραηλίτην
3548 3325 3801 3386 καρποφοσ

2251 3429 2381 3484 ρων.

2322 3505 2492 3558 Πᾶσιν
2523 3503 2618 3558 οῦν
2667 3501 2904 3573 καθεξῆς
2940 3503 3055 3565 τοῖς
3102 3499 3284 3569 λόγοις
3327 3500 3430 3570 τῆς
3460 3499 3679 3572 χάριτος
3720 3496 3803 3550 ὑπ·

2249 3597 2390 3669 έχων
2419 3597 2481 3651 τὸ
2511 3596 2603 3661 οῦς
2624 3611 2638 3626 °
2679 3597 2956 3666 αὐτόπτης
2989 3594 3048 3648 δὲ
3076 3595 3172 3648 καὶ
3201 3594 3314 3649 τῶν
3349 3592 3667 3664 θαυμασίων
3691 3589 3804 3644 πάν·

2248 3705 2359 3745 των
2410 3689 2723 3754 καθεστὼς,
2793 3691 2915 3754 ταῖς
2960 3689 3135 3758 ἱεραῖς
3195 3686 3296 3757 μὲν
3351 3685 3601 3757 διδαχαῖς
3648 3683 3805 3748 πάσης

2253 3783 2550 3855 μειωτικῆς
2573 3783 2816 3852 ὑφέσεως
2833 3779 3227 3851 ἀνεκαθαίρετο
3249 3795 3262 3809 ·
3281 3778 3377 3832 καὶ
3399 3781 3585 3850 πάσης
3609 3774 3806 3846 ἀγνοίας

2251 3875 2759 3946 ἀποσκευαζόμενος
2778 3873 2876 3946 τὴν
2899 3873 3093 3945 ἀχλὺν,
3119 3874 3260 3943 φωτὶ
3290 3871 3423 3942 θείῳ
3449 3873 3699 3941 γνώσεως
3724 3862 3806 3918 καὶ

2250 3967 2510 4041 οὐρανίας
2571 3967 2764 4036 σοφίας
2833 3965 3163 4038 προκόπτων
3231 3962 3636 4034 κατελὰμπετο.
3695 3955 3804 4016 Τοῖς

2252 4056 2579 4130 παραδόξοις
2606 4057 2662 4110 δὲ
2691 4056 2801 4111 τῶν
2824 4056 3002 4129 έργων
3047 4055 3144 4127 τὴν
3192 4055 3379 4108 πίστιν
3411 4051 3808 4125 βεϐαιούμενος,

2251 4148 2522 4220 ὁσημέραι
2566 4146 2625 4200 δὲ
2657 4147 2754 4200 καὶ
2786 4146 2878 4200 τὸν
2920 4144 3072 4210 ὲντδς
3105 4145 3390 4214 ἄνθρωπον
3436 4137 3812 4204 ἀνακαινούμε-

2254 4259 2343 4305 νος
2373 4243 2465 4294 καὶ
2491 4239 2942 4312 κραταιούμενος,
2963 4240 3044 4302 είς
3079 4236 3253 4308 ἀνδρα
3274 4235 3503 4301 τέλειον,
3529 4235 3610 4298 είς
3630 4229 3814 4304 μέτρον

2254 4331 2469 4403 ἡλικίας
2505 4329 2600 4386 τοῦ
2631 4329 3002 4402 πληρώματος
3024 4327 3180 4400 ἀνῄει
3211 4326 3476 4399 Χριστοῦ.

2325 4513 2540 4584 Ταύτης
2594 4511 2896 4582 τεκμήριον
2943 4508 3044 4578 τῆς
3078 4505 3445 4574 τελειότητος,
3477 4505 3512 4575 ἡ
3535 4501 3634 4571 τῆς
3672 4491 3814 4564 ἁγίας

2253 4605 2588 4678 κραταίωσις
2615 4604 2860 4674 ἀγάπης,
2891 4601 2959 4672 ἢν
2987 4599 3016 4651 ὁ
3047 4598 3226 4670 μέγας
3264 4597 3476 4659 ἐκεῖνος
3517 4585 3813 4678 Ἀπόστολος

2251 4671 2480 4759 τελείαν,
2541 4671 2706 4764 ἁγίαν
2755 4671 3151 4762 ἀέριεροὺμενος
3211 4684 3289 4756 τῷ
3345 4681 3681 4750 Διδασκάλῳ,
3729 4671 3810 4740 τὴν

2254 4789 2378 4859 ἴσην
2403 4784 2612 4841 ἐκεῖθεν
2645 4780 3050 4853 ἀντελάμσανεν
3073 4791 3086 4806 °
3144 4775 3348 4848 μᾶλλον
3394 4773 3472 4837 δὲ,
3500 4773 3530 4826 ὁ
3575 4768 3672 4840 μὲν
3697 4765 3816 4831 ἀτα-

2253 4857 2494 4951 θοόότης,
2520 4879 2613 4934 καὶ
2643 4876 2832 4947 ἀγάπη
2863 4871 3004 4928 κατά
3033 4869 3195 4941 φύσιν
3217 4866 3316 4932 ὢν,
3338 4866 3426 4920 ἀεὶ
3456 4867 3514 4918 ὲν
3538 4857 3815 4951 τελειότητι

2253 4945 2442 5043 πάσης
2467 4972 2614 5024 ἐστὶν
2638 4945 2862 5040 ἀρετῆς,
2901 4963 3017 5018 οὗθ’
3044 4963 3238 5032 ὕφεσιν
3265 4960 3425 5024 ὅλως,
3455 4955 3568 5011 οὔτ’
3595 4951 3682 5007 οῦν
3709 4945 3816 5000 ἐπί-

2255 5080 2413 5118 τασιν
2439 5061 2834 5133 προσιέμενος·
2868 5058 2920 5111 οἱ
2952 5056 3090 5127 πρὸς
3109 5053 3276 5108 αὐτὸν
3307 5051 3364 5105 δὲ
3409 5045 3813 5133 δι’.ἀσκήσεωςν

2257 5156 2379 5228 ἦτοι
2437 5126 2723 5225 μιμήσεως
2775 5126 3202 5217 ἀνατεινόμενοι,
3255 5142 3376 5197 κατ’
3407 5135 3690 5206 ἀναλογίαν
3729 5126 3820 5192 τῆς

2260 5224 2350 5302 θιά
2400 5224 2510 5300 τῶν
2560 5242 2774 5314 ἀρετῶν
2827 5237 3142 5312 προκοπῆς,
3201 5234 3300 5290 καὶ
3351 5231 3453 5304 τῆς
3505 5224 3820 5289 τελειότητος

2260 5336 2750 5409 κατευστοχοῦσιν·
2807 5335 2856 5387 οἱ
2909 5331 3041 5404 μὲν,
3073 5331 3153 5394 είς
3182 5327 3318 5381 υἱῶν
3346 5327 3439 5379 καὶ
3488 5314 3819 5391 κληρονόμων

2261 5431 2504 5494 ἀνιόντες
2538 5428 2725 5494 τάξιν·
2761 5428 2812 5481 οί
2848 5425 2929 5490 δὲ,
2980 5426 3062 5488 είς
3105 5421 3308 5477 δούλων
3350 5414 3714 5473 καταντῶντες
3738 5417 3814 5454 πι·

2265 5540 2326 5576 στ
2330 5541 2424 5576 ων.
