4094 6406
448 401 555 467 1'23

1228 395 1508 460 ORATIO
1546 393 1824 456 IX.-IN
1861 393 2174 457 LAUDEM
2212 395 2270 456 S.
2305 394 2645 456 PHILIPPI
2679 396 2928 456 APOST.

3595 396 3696 461 174

521 509 583 562 Ol
609 507 790 562 τοίνυν
821 506 959 574 ίεροὶ
1009 506 1106 560 καὶ
1149 507 1373 577 μεγάλοι
1422 507 1516 560 τοῦ
1549 507 1726 576 Λόγου
1760 507 2015 578 μαθηταὶ1

2197 507 2350 562 Sacri
2385 507 2552 578 igitur
2597 508 2888 578 magnique
2915 507 3082 564 Verbi
3131 507 3410 582 discipuli,
3441 510 3511 568 ab
3549 511 3700 568 omni

445 604 588 672 ξένοι
623 600 723 670 μὲν
747 599 928 664 πάσης
957 599 1142 666 φιλίας
1168 599 1263 652 τοῦ
1293 601 1497 670 κόσμου
1549 599 1912 663 καθεστῶτες,
1942 601 2023 653 ol-

445 697 582 747 κεῖοι
610 691 668 744 δὲ
699 691 792 744 καὶ
820 689 965 758 φίλοι
1015 690 1110 742 τοῦ
1134 690 1389 760 οὐρανίου
1416 691 1660 761 Πατρός⁹
1710 689 1805 742 καὶ
1840 689 2021 758 πάσης

443 785 546 853 μὲν
564 781 659 835 τοῦ
701 781 797 835 νῦν
825 781 1023 844 αίῶνος
1054 783 1323 850 ἐρωτικῆς
1355 781 1644 844 διαθέσεως
1671 781 1898 842 ἑαυτοὺς
1924 779 2021 833 ἀλ-

438 875 804 947 λοτριοῦντες,
825 874 990 944 μόνης
1007 875 1064 926 δὲ
1090 875 1188 944 τῆς
1213 875 1433 944 ἀγάπης
1459 872 1552 926 τοῦ
1579 873 2022 944 θεαρχικωτάτου

437 969 695 1037 Νυμφίου
723 967 1078 1038 τετρωμένοι,
1109 967 1206 1020 καὶ
1234 967 1383 1037 αὐτῷ
1414 964 1794 1036 συνειλούμενοι
1816 966 1904 1019 διὰ
1925 965 2021 1019 τοῦ

437 1059 796 1129 Πνεῦματος,
858 1060 958 1128 τῆς
1019 1059 1230 1129 ὑψηλῆς
1291 1059 1690 1130 εὐμοιρήκασιν
1751 1057 2019 1128 υίότητος.

438 1153 607 1206 ”Οθεν
653 1153 836 1216 αὐτοῖς
862 1153 958 1204 καὶ
999 1152 1222 1221 Πνεῦμα
1266 1152 1441 1221 ἅγιον,
1477 1153 1744 1222 πρότερον
1799 1150 1898 1221 μὲν
1945 1151 2023 1214 ὡς

438 1244 708 1304 ἀτελέσιν,
743 1243 948 1306 ἀτελῶς
998 1261 1058 1297 τε
1105 1244 1201 1297 καὶ
1231 1243 1488 1314 ἀμυδρῶς
1532 1242 1790 1314 ἐνεργοῦν
1813 1258 1828 1275 ο
1863 1241 2022 1295 ῦστε·

445 1355 541 1408 ρον
574 1336 649 1399 δὲ,
689 1335 827 1405 μετά
857 1335 956 1405 τὴν
985 1337 1065 1398 εἰς
1085 1336 1351 1406 οὐρανοὺς
1383 1335 1478 1390 mi]
1511 1335 1852 1402 Μονογενοῦς
1879 1335 2018 1388 ἀπο-

439 1428 794 1488 κατάστασιν,
841 1426 1272 1496 τελετουργικῶς
1301 1428 1416 1497 (⁸55)
1465 1428 1540 1489 ὡς
1569 1428 1800 1491 τελείοις
1828 1428 2018 1496 ἐπιδη-

436 1518 578 1588 μοῦν
597 1519 692 1572 καὶ
721 1517 898 1582 θεοῦν,
947 1519 1215 1590 ἄρχοντας
1262 1519 1462 1582 αὐτοὺς
1515 1520 1611 1572 ἐπὶ
1653 1521 1838 1573 πᾶσαν
1885 1520 2020 1572 καθ-

438 1611 647 1663 ιστάνει
673 1612 772 1682 τὴν
803 1611 906 1679 γῆν
927 1627 940 1640 ·
971 1612 1072 1664 οὐκ
1101 1612 1388 1682 ὲπικήροις
1429 1611 1606 1681 τιμῶν
1639 1613 1855 1681 ἀρχαῖς,
1897 1612 2019 1665 οὐδὲ

433 1701 714 1771 βασιλείαν
744 1701 1001 1769 ὲπίζηλον
1031 1703 1122 1755 καὶ
1143 1701 1647 1772 περιτρεατιομένην⁸
1678 1701 2018 1756 ἀκατάλυτον

427 1794 494 1846 δὲ
527 1793 706 1860 δόξαν,
763 1783 857 1847 καὶ
892 1795 968 1864 μὴ
1021 1794 1474 1864 μεταπίπτουσαν
1523 1792 1882 1865 χαριζόμενον
1912 1795 2014 1862 ἀρ-

2125 600 2390 665 amicitia,
2437 615 2560 670 quae
2603 601 2790 654 saeculi
2840 615 2944 654 usu
2985 610 3294 669 praestatur,
3340 605 3610 667 extranei,
3642 621 3707 659 ac

2125 693 2301 747 Patris
2341 691 2582 748 cwlestis
2616 693 2912 749 necessarii
2929 702 3093 763 atque
3141 694 3342 749 amici:
3379 695 3545 767 hique
3569 697 3710 752 adeo

2126 792 2244 837 tum
2290 783 2576 853 repudiata
2621 784 2724 838 aevi
2773 785 3062 854 praesentis
3103 785 3254 839 omni
3301 784 3551 853 libidine,
3586 795 3702 842 tum

2124 892 2256 931 vero
2282 876 2616 932 divinissimi
2645 876 2843 947 Sponsi
2873 877 3138 933 charitate
3161 878 3436 933 vulnerati
3451 879 3520 944 ⁸ο,
3541 880 3706 949 eique

2126 982 2225 1037 per
2255 967 2518 1038 Spiritum
2543 968 2782 1038 c0pulati
2805 984 2870 1024 ac
2900 970 3098 1040 juncti,
3129 969 3428 1024 sublimem
3459 969 3700 1024 filiorum

2125 1060 2394 1114 rationem
2450 1060 2592 1114 nacti
2644 1069 2774 1114 sunt
2833 1075 2898 1115 ac
2927 1077 3152 1116 nomen.
3183 1061 3550 1128 Quamobrem
3607 1063 3709 1116 hos

2124 1165 2343 1220 quoque
2397 1148 2636 1220 Spiritus
2686 1159 2930 1216 sanctus,
2984 1167 3110 1207 cum
3141 1153 3295 1222 prius
3336 1153 3557 1222 quidem
3585 1162 3707 1207 tan-

2123 1254 2287 1309 quam
2324 1237 2696 1310 imperfectos,
2733 1241 3054 1308 imperfecte
3096 1253 3261 1311 atque
3289 1241 3523 1296 obscure
3549 1241 3702 1297 ama-

2122 1330 2319 1397 ret'";
2344 1341 2553 1402 postea,
2581 1332 2874 1403 Unigenito
2904 1334 3013 1403 jam
3045 1332 3099 1387 in
3127 1333 3298 1388 cmlos
3319 1341 3558 1404 recepto,
3578 1351 3710 1389 con-

2121 1425 2452 1479 summativa
2487 1426 2569 1494 (ut
2601 1426 2680 1480 sic
2736 1425 2949 1495 loquar)
2980 1425 3194 1480 ratione
3221 1441 3286 1480 ac
3309 1426 3707 1491 consecrativa,

2121 1518 2273 1586 quasi
2298 1516 2554 1586 perfectis
2573 1517 2681 1571 illis
2703 1517 3002 1571 adveniens
3020 1531 3224 1586 eosque
3246 1517 3529 1583 deificans,
3548 1518 3708 1588 prin-

2119 1608 2270 1677 cipes
2294 1607 2580 1662 constituit
2611 1623 2776 1677 super
2808 1624 3026 1662 omnem
3063 1616 3263 1662 terram
3286 1609 3329 1641 “
3366 1627 3380 1662 :
3409 1624 3519 1663 non
3555 1608 3707 1678 peri-

2120 1699 2260 1753 turis
2288 1699 2696 1770 magistratibus
2721 1708 2884 1770 atque
2916 1701 3121 1755 muniis
3144 1717 3370 1771 augens,
3405 1717 3585 1771 neque
3621 1719 3711 1758 re-

2124 1805 2294 1860 gnum
2325 1791 2597 1861 ejusmodi
2623 1790 2891 1857 tribuens,
2923 1792 3068 1862 quod
3093 1792 3424 1848 invidiosum
3451 1793 3520 1848 sit
3540 1803 3707 1862 atque

425 1884 557 1955 χήν.
596 1852 842 1955 ἷἘπρεπε
1008 1852 1135 1948 τοὺς
1162 1852 1795 1955 γεννωμένουςῧᾶνωθεν,
1825 1852 2015 1939 ἀνάλο-

2117 1852 2274 1934 facile
2294 1852 2595 1944 evertatur,
2621 1880 2716 1936 sed
2744 1852 3183 1938 indissolubilcm
3216 1885 3468 1954 gratiam,
3504 1900 3566 1939 ac
3601 1852 3708 1938 im-

427 1993 532 2045 γον
563 1979 630 2047 τῇ
686 1976 780 2029 τοῦ
816 1976 1134 2047 Πνεῦματος
1175 1977 1438 2048 ἀῐδιότητι
1485 1983 1581 2030 καὶ
1621 1978 1722 2043 τὴν
1759 1979 2017 2048 κληρονο-

431 2065 570 2136 μίαν
622 2065 805 2135 λαχεῖν
831 2081 845 2096 ⁸
880 2065 976 2119 καὶ
1008 2066 1137 2128 τοὺς
1185 2066 1542 2137 συμμόρφους
1597 2065 1700 2135 τῆς
1735 2065 1894 2136 δόξης
1918 2065 2015 2118 τοῦ

426 2157 774 2225 Μονογενοῦς
806 2159 1262 2229 καθισταμένους,
1295 2158 1438 2211 κατὰ
1487 2157 1588 2228 τὴν
1632 2157 1773 2229 πρὸς
1801 2159 2016 2212 ἐκεῖνον

431 2248 727 2318 ὁμοίωσιν,
781 2249 878 2302 καὶ
925 2249 1026 2321 τῆς
1077 2248 1360 2322 ἀκηράτου
1406 2248 1792 2320 κατασχέσεως
1851 2265 2010 2319 μετα-

435 2342 606 2411 σχεῖν.

501 2595 692 2655 [nemo
735 2600 1028 2672 τοιγαροῦν
1053 2601 1304 2666 ἐξουσίαν
1343 2605 1402 2656 ὲν
1435 2601 1650 2674 οὐρανῷ
1682 2605 1779 2657 καὶ
1801 2604 1895 2657 ἐπὶ
1915 2605 2020 2674 γῆς

426 2690 690 2756 λαϐόντος
716 2693 977 2762 Χριστοῦ,
1022 2694 1204 2747 πᾶσαν
1237 2695 1308 2746 δι’
1349 2695 1518 2748 αὑτοῦ
1553 2695 1654 2764 τὴν
1687 2695 2018 2766 οἰκουμένην

425 2785 479 2837 οἱ
507 2785 647 2854 ἱεροὶ
677 2783 918 2853 θεολόγοι
949 2784 1142 2838 τούτου
1192 2785 1638 2857 κληρωσάμενοι,
1689 2788 1739 2839 oi
1782 2787 1881 2856 μὲν
1920 2789 2021 2850 τὰς

428 2875 576 2948 ἑῴας
625 2870 852 2948 λήξεις,
903 2879 953 2930 οἱ
1001 2877 1058 2931 δὲ
1085 2877 1187 2940 τὰς
1235 2878 1526 2948 ἑσπερίους
1571 2879 2021 2949 διαλαγχάνοντες

427 2967 704 3039 ἐπῄεσανο
725 2969 821 3022 καὶ
845 2969 896 3022 οἱ
922 2969 1021 3039 μὲν
1049 2969 1112 3023 τὸ
1139 2968 1370 3042 βόρειον⁹
1399 2971 1451 3022 οἱ
1477 2969 1534 3023 δὲ
1565 2971 1627 3023 τὸ
1654 2971 1828 3024 νότιον
1847 2971 2022 3042 κλίμα

427 3061 636 3114 διέθεον
661 3061 1142 3132 εὐαγγελιζόμενοι
1189 3062 1290 3132 τῆς
1317 3061 1441 3132 γῆς.
1480 3061 1750 3126 Φίλιππος
1779 3063 1837 3116 δὲ
1865 3065 1894 3115 ὁ
1925 3064 2022 3132 μέ-

428 3169 534 3221 γας
560 3152 656 3205 τοῦ
691 3153 826 3206 Θεοῦ
858 3155 1011 3219 παῖς,
1036 3155 1064 3206 ὁ
1091 3153 1185 3207 τοῦ
1216 3154 1433 3225 Πατρὺς
1469 3153 1582 3210 τῶν
1611 3152 1809 3224 φώτων
1836 3172 2018 3224 φωτο-
2047 3184 2092 3249 c

427 3244 605 3315 φανὴς
637 3246 730 3299 καὶ
755 3245 981 3317 γνήσιος
1027 3247 1171 3301 κατά
1203 3245 1419 3315 μέθεξιν
1463 3247 1580 3312 υἱός
1607 3263 1622 3278 ·
1657 3249 1687 3301 ό
1712 3247 1808 3302 τοῦ
1834 3249 2014 3303 Μονο-

427 3338 626 3407 γενοῦς
678 3340 833 3408 φίλος
872 3339 1064 3404 πιστὸς
1122 3341 1215 3394 καὶ
1267 3342 1412 3395 κατὰ
1453 3341 1615 3412 χάριν
1663 3341 1924 3410 ἀδελφός·
1955 3341 2018 3394 τὸ

426 3431 613 3501 τίμιον
664 3430 903 3502 λόχευμα
935 3430 1031 3484 τοῦ
1071 3433 1452 3504 Παρακλήτου,
1514 3434 1578 3487 τὸ
1616 3435 1881 3505 σκήνωμα
1917 3433 2017 3505 τῆς

428 3523 739 3594 ἁγιωσύνης
779 3521 875 3574 τοῦ
921 3521 1274 3594 Ὑπεραγίου,
1297 3523 1358 3576 τὸ
1390 3523 1718 3593 στεφάνωμα
1761 3524 1861 3595 τῆς
1894 3523 2018 3576 Ἑκ-

429 3614 688 3685 κλησίας,
742 3614 805 3667 τὸ
829 3613 1195 3685 καλλώπισμα
1237 3616 1347 3668 τῶν
1373 3614 1710 3682 ἀποστόλων,
1741 3615 1804 3668 τὸ
1828 3615 2015 3687 ὲντρύ-

431 3724 594 3776 φημα
638 3706 750 3759 τῶν
799 3706 1138 3776 ἀσωμάτων·
1170 3702 1324 3769 οὗτος
1354 3707 1454 3778 τῆς
1501 3707 1688 3772 Ἀσίας
1716 3708 1786 3762 τά
1815 3707 2016 3778 κλίμα-

425 3819 498 3855 τα
529 3799 644 3872 (54)
675 3798 907 3870 περιιὼν
930 3839 945 3864 ,
974 3799 1069 3852 καὶ
1094 3799 1297 3864 πάσαις
1325 3799 1426 3870 μὲν
1459 3798 1666 3871 χώραις
1697 3799 1793 3854 καὶ
1823 3798 2012 3853 πόλεσι

499 3963 546 4000 ⁸ο
579 3959 741 4018 Cant.
772 3977 832 4027 ιι,
863 3963 920 4018 5.

503 4104 615 4172 (55)
645 4101 1129 4174 Τελετουργικῶς.
1158 4101 1622 4174 Opponiteiquod
1638 4101 1859 4174 dixerat
1885 4104 2010 4155 ἀτε-

427 4177 537 4237 λῶς
563 4193 612 4227 ιε
639 4177 732 4227 καὶ
749 4173 1028 4243 ἀμυδρῶς.
1053 4173 1271 4244 Siergo,
1291 4173 1446 4243 quasi
1467 4175 1517 4228 vi
1537 4173 1721 4227 divina
1738 4174 2009 4244 secretius

425 4247 808 4314 sacratiusque
823 4254 1110 4312 operante,
1129 4243 1488 4299 consecrante
1527 4251 1693 4312 atque
1724 4243 2008 4314 initiante.

426 4318 528 4371 Est
551 4312 740 4382 τελετὴ
768 4316 1084 4369 εωνεηιοηὶα
1108 4316 1237 4368 ritus
1258 4315 1614 4377 consecratio;
1659 4312 1876 4364 τελετου
1887 4315 2012 4381 ργὸς

424 4387 658 4455 δύναμις
692 4385 1083 4456 Dionys.virtus
1097 4387 1272 4438 divina
1301 4399 1525 4455 operans
1548 4387 1604 4437 in
1621 4385 2011 4456 sacramentis;

424 4453 657 4512 auctore
681 4453 880 4513 Budaéo
902 4497 916 4520 ,
950 4453 1701 4526 τελετουργίαίεοηδεεναιὶοη
1719 4453 1776 4506 In
1795 4463 2012 4526 aposto-

423 4527 496 4582 lis
527 4528 643 4596 ipse
677 4527 858 4596 seipso
887 4523 1252 4596 τελετουργῶν
1275 4525 1498 4579 divinus
1561 4523 1819 4596 Spiritus,
1850 4525 2009 4590 [nulla

2121 1972 2340 2041 perium
2382 1974 2539 2028 nulla
2574 1990 2818 2045 unquam
2849 1976 3062 2030 ratione
3087 1977 3156 2031 ad
3181 1977 3319 2031 alios
3347 1977 3707 2032 transiturum

2118 2062 2203 2117 eis
2227 2064 2554 2120 consedens.
2581 2066 2821 2121 Decebat
2866 2067 3037 2133 enim,
3097 2077 3156 2122 ut
3190 2068 3282 2139 qui
3331 2069 3400 2122 de
3450 2070 3708 2138 supernis

2117 2154 2231 2208 nati
2261 2165 2466 2222 essent,
2493 2156 2872 2214 haereditatem
2901 2175 3121 2230 quoque
3154 2175 3218 2214 ac
3249 2170 3453 2216 sortem
3486 2161 3707 2215 aeterni-

2119 2246 2216 2299 tati
2244 2246 2481 2317 Spiritus
2515 2250 2932 2305 convenientem
2969 2261 3447 2322 consequerentur
3477 2270 3491 2305 :
3527 2267 3589 2306 ac
3611 2251 3707 2321 qui

2119 2337 2430 2394 eonformes
2480 2339 2668 2411 gloria:
2728 2340 3008 2413 Unigeniti
3054 2351 3262 2409 essent,
3310 2358 3411 2414 pro
3446 2343 3709 2398 similitu-

2120 2431 2266 2487 dinis
2293 2433 2416 2503 ejus
2435 2432 2672 2502 ratione,
2694 2434 2863 2490 etiam
2893 2433 3202 2491 immortale
3248 2434 3420 2491 decus
3455 2435 3709 2506 percipe-

2122 2531 2264 2579 rent.

2189 2612 2328 2668 Cum
2362 2613 2530 2684 igitur
2557 2629 2778 2669 omnem
2813 2614 3069 2671 Christus
3094 2618 3148 2670 in
3192 2618 3334 2672 caelo
3362 2624 3420 2671 et
3456 2616 3512 2670 in
3553 2624 3702 2670 terra

2120 2711 2319 2758 nactus
2348 2711 2500 2759 esset
2543 2713 2894 2774 potestatem,
2940 2721 3162 2761 omnem
3214 2722 3312 2778 per
3346 2707 3526 2777 ipsum
3584 2707 3708 2778 ejus

2121 2797 2478 2854 sacratissimi
2525 2797 2788 2870 Theologi
2819 2801 2999 2857 sortiti
3033 2802 3226 2857 orbem
3259 2801 3361 2868 ⁸⁸⁸,
3395 2802 3489 2858 alii
3523 2804 3706 2858 orien-

2123 2886 2280 2947 tales,
2308 2886 2400 2940 alii
2422 2887 2703 2952 occiduas,
2727 2904 2851 2957 qua:
2871 2889 3204 2961 obtigerant,
3229 2900 3413 2960 partes
3435 2889 3708 2948 inierant:

2121 2985 2288 3045 atque
2327 2976 2424 3032 alii
2460 2977 2685 3046 quidem
2734 2978 3037 3044 borealem,
3085 2979 3178 3033 alii
3234 2995 3369 3035 vero
3407 2981 3704 3036 australem

2122 3067 2361 3138 plagam,
2414 3069 2844 3140 evangelizando
2904 3071 3324 3140 percurrebant.
3358 3072 3429 3128 At
3476 3088 3707 3142 magnus

2123 3159 2220 3214 Dei
2276 3175 2416 3230 puer
2442 3161 2756 3231 Philippus,
2798 3161 2976 3217 Patris
3003 3162 3096 3218 ille
3118 3163 3390 3219 luminum
3434 3165 3704 3220 lucidissi-

2122 3261 2247 3301 mus
2272 3262 2547 3318 verusque
2567 3249 2990 3320 participatione
3014 3251 3196 3317 filius;
3221 3253 3503 3324 Unigeniti
3527 3253 3707 3310 ﬁdelis

2121 3337 2335 3392 amicus
2372 3355 2437 3394 ac
2467 3341 2659 3410 gratia:
2687 3341 3032 3411 indulgentia
3066 3342 3274 3409 frater;
3313 3344 3518 3400 nobilis
3539 3345 3706 3400 Para-

2122 3430 2251 3486 cleti
2281 3431 2450 3498 fetus,
2499 3432 2916 3489 tabernaculum
2965 3437 3441 3505 sanctificationis,
3465 3441 3588 3512 ejus
3608 3441 3705 3510 qui

2124 3527 2278 3580 omni
2307 3527 2518 3582 eminet
2536 3529 2850 3596 sanctitati;
2875 3530 3137 3588 Ecclesia:
3157 3548 3384 3599 corona,
3421 3538 3706 3604 apostolo-

2121 3631 2243 3670 rum
2277 3617 2532 3686 gloriatio
2560 3633 2626 3674 ac
2659 3619 2829 3676 decus
2851 3660 2867 3686 ,
2887 3622 3183 3692 spirituum
3208 3623 3448 3688 deliciae;
3476 3626 3566 3681 hic
3594 3629 3705 3681 uti-

2119 3724 2228 3780 que
2284 3709 2430 3765 Asiaa
2462 3725 2590 3766 oras
2623 3712 2988 3781 perlustrans,
3021 3716 3350 3786 cunctisque
3399 3717 3705 3787 provinciis

2119 3808 2286 3870 atque
2335 3799 2572 3856 urbibus
2601 3799 2729 3856 vitae
2762 3802 3067 3858 doctrinam
3101 3805 3459 3871 annuntians,
3491 3822 3702 3876 eosque

1002 3960 1087 3995 ⁸ο*
1111 3963 1236 4019 Act.
1265 3978 1330 4029 ιι,
1358 3963 1415 4017 2.
1487 3961 1531 3993 θί
1565 3958 1708 4017 Psal.
1738 3973 1881 4024 mv,
1914 3960 2002 4016 t7.
2077 3956 2155 3994 εί*
2181 3959 2373 4014 Matth.
2405 3975 2590 4025 xxvm.
2619 3960 2703 4015 19-

2119 4117 2328 4164 moror,
2367 4100 2483 4156 sive
2515 4107 2601 4156 est
2645 4099 2871 4164 Abdias,
2926 4100 3045 4156 sive
3073 4103 3199 4171 quis
3247 4103 3425 4167 alius;
3459 4104 3699 4162 Eusebio

2117 4172 2319 4242 reliqui
2351 4171 2707 4226 consentiunt
2739 4188 2752 4223 :
2789 4171 2968 4242 solum
2999 4173 3276 4241 explicant
3305 4175 3528 4228 modum
3570 4193 3702 4232 cru-

2117 4244 2219 4318 cis,
2251 4242 2537 4318 quem_ille
2568 4242 2760 4318 tacuit,
2793 4241 2940 4318 quod
2997 4242 3234 4318 inverso
3241 4245 3422 4313 capite
3467 4254 3524 4300 et
3553 4264 3582 4301 a
3604 4265 3701 4318 pe-

2119 4311 2298 4384 dibus,
2321 4311 2615 4384 perforatis
2643 4311 2916 4384 calcaneis
2954 4314 3131 4384 stipiti
3152 4311 3344 4367 affixus
3374 4333 3386 4367 :
3411 4332 3520 4384 quo
3549 4311 3699 4373 tanto

2121 4381 2415 4458 supplicio,
2439 4381 3006 4458 tumultuanteetiam
3025 4381 3212 4458 plebe.
3240 4381 3516 4452 lapidibus
3532 4403 3692 4458 appe-

2121 4399 2415 4452 suppncio,
2440 4399 2811 4436 tumultuante
2842 4399 3006 4436 etiam
3024 4399 3212 4506 Blene.
3240 4399 3516 4452 lapldllms
3532 4403 3692 4458 appe-

2121 4455 2274 4525 titus,
2297 4452 2452 4525 brevi
2477 4452 2717 4525 animam
2741 4451 3001 4525 reddidit.
3071 4469 3100 4525 e
3126 4463 3371 4524 tempore
3403 4458 3701 4525 singularis

2115 4535 2200 4580 est
2215 4523 2559 4593 Hippolytus,
2574 4524 2721 4591 quod
2740 4523 3050 4578 Domitiano
3074 4523 3403 4593 imperatore
3421 4523 3697 4584 sublatum

422 4585 692 4677 exteriori
721 4585 1340 4677 ecrenioniadivinius.
1361 4585 1628 4675 praestans
1649 4593 1703 4647 in
1722 4585 2005 4677 apostolis,
2043 4585 2084 4639 ἰ)
2113 4585 2904 4677 scribiifblémea,peragratis
2944 4594 3124 4664 Mysiae
3143 4585 3212 4675 :et
3241 4595 3421 4677 Lydiae
3444 4600 3696 4677 urbibus,

424 4668 562 4722 litin
583 4667 862 4738 primitiis,
893 4666 1038 4736 quod
1064 4666 1120 4720 in
1147 4665 1380 4738 reliquis
1403 4681 1500 4735 per
1529 4665 1692 4738 signa
1725 4665 2009 4738 sensibilia

422 4747 485 4814 et
504 4733 803 4814 elementa,
847 4733 1051 4807 quibus
1103 4733 1376 4814 subjicere
1404 4733 1634 4814 ipotnit,
1661 4733 1792 4786 dum
1821 4734 2006 4814 adhuc

422 4807 670 4878 imagine
701 4805 1007 4871 versainur,
1067 4822 1170 4861 nec
1208 4805 1402 4876 ipsam
1457 4805 1685 4859 omnino
1719 4805 2008 4858 veritatem

423 4889 703 4933 tenemus.

501 4949 616 5018 (34)
641 4947 968 5013 ΤῆςἊο-ίας
995 4945 1068 4998 τὰ
1092 4947 1370 5014 κλίματα.
1388 4943 1850 5018 VideturNicetas
1866 4942 2009 4998 hanc

429 5014 604 5072 unam
629 5019 881 5088 Philippo
919 5018 1198 5087 assignare
1255 5015 1632 5088 provinciam;
1685 5014 2006 5088 alii‘tanien

425 5090 594 5142 etiam
625 5082 790 5142 alias'
813 5082 1066 5142 addunt?
1093 5082 1299 5140 Abdias
1345 5085 1676 5157 Babylonius
1696 5085 1752 5157 in
1785 5082 2006 5154 Scythia

420 5160 671 5229 primum
716 5160 1064 5227 praedicasse,
1101 5173 1166 5211 ac
1196 5153 1475 5229 certamen
1528 5153 1838 5229 Adesudasse
1864 5153 2009 5229 nar:

421 5224 534 5304 rat.
565 5224 1026 5304 quoperfunctus
1061 5229 1116 5281 in
1135 5228 1320 5304 Asiam
1354 5225 1589 5289 venerit,
1610 5225 1702 5278 ubi
1729 5224 2006 5304 llierapoli

419 5296 742 5365 dormierii,
782 5309 837 5354 et
865 5299 1088 5369 quidem
1127 5298 1340 5368 placida
1371 5306 1568 5360 morte,
1597 5296 1744 5369 quod
1791 5296 2006 5369 cunctis

420 5369 778 5425 adversatur.
814 5367 1019 5424 omnes
1035 5367 1186 5423 certe
1207 5377 1528 5423 constanter
1591 5367 1812 5427 docent,
1849 5367 1904 5418 in
1941 5381 2005 5418 ea

423 5441 858 5513 urbemartyrio
882 5441 1130 5496 functum
1163 5455 1318 5513 esse;
1347 5436 1543 5513 nccde
1569 5436 1732 5489 modo
1797 5443 2006 5513 marty-

426 5508 823 5585 rii'dissident,
855 5513 952 5585 sed
1001 5513 1180 5585 solum
1222 5512 1345 5585 plus
1381 5511 1647 5585 lninusvc
1705 5508 2002 5585 explicant,

421 5597 552 5650 qua:
590 5584 694 5636 fuit
712 5582 917 5636 erroris
945 5581 1162 5636 occasio
1194 5577 1346 5635 card.
1381 5579 1504 5632 Bar.
1536 5577 1666 5629 dum
1711 5577 2007 5650 i_ta_scrib_it

423 5646 521 5724 an.
555 5651 642 5714 54,
672 5668 725 5706 ιι.
755 5653 826 5706 3:
855 5652 932 5724 De
958 5653 1141 5724 mortis
1160 5667 1351 5724 genere
1387 5652 1650 5724 discrepat
1681 5648 1753 5724 ab_
1778 5646 2004 5724 Eusebio

424 5720 770 5796 Nicephorus,
797 5731 846 5776 et
873 5722 999 5796 alibi
1032 5716 1184 5796 idem'
1207 5716 1620 5791 Metaphrastes;
1661 5717 1753 5796 sed
1798 5716 2007 5796 nccth

427 5787 738 5846 rum'alicui
771 5795 1056 5846 assentitur
1112 5787 1359 5846 incertus
1407 5798 1614 5850 auctor,
1660 5788 1749 5858 qui
1795 5787 2004 5855 scripsit

429 5862 700 5931 passiones
730 5863 1109 5934 apostolorum.
1133 5862 1408 5919 Incertum
1438 5875 1564 5914 eum
1585 5869 1868 5914 auctorem
1895 5869 2006 5911 non

2112 4663 2451 4736 Hierapolim
2482 4665 2698 4736 venisse
2729 4663 2973 4726 tradunt,
3000 4663 3123 4734 qua:
3143 4663 3439 4736 ipsae-Asia:
3476 4663 3698 4736 proviné

2109 4735 2210 4808 σιω
2232 4742 2395 4788 sunt:
2431 4749 2533 4808 nec
2589 4735 2736 4808 enim
2804 4736 2982 4808 Mysos
3024 4751 3123 4790 seu
3144 4735 3353 4808 ΔΜειδεοδ
3398 4735 3699 4808 Europaeo.

2108 4804 2372 4857 videntur
2395 4804 2557 4868 velle,
2593 4805 2798 4874 quibus
2828 4804 3058 4874 propius
3091 4806 3158 4858 ad
3191 4806 3422 4861 Galliam
3449 4804 3698 4865 licuisset

2109 4875 2396 4935 accedere,
2423 4874 2477 4927 in
2495 4890 2601 4942 qua
2615 4875 2942 4943 praedicasse
2957 4885 3151 4928 auctor
3169 4885 3254 4930 est
3267 4876 3459 4931 Isidor.
3505 4879 3603 4933 lib.
3623 4882 3698 4933 De

2108 4946 2217 4997 vita
2229 4954 2283 5019 et
2314 4954 2481 5019 morte
2503 4954 2809 5019 sanctorum
2832 4959 2879 4997 c.
2909 4949 2994 4999 74.
3019 4945 3294 5015 Philippus
3312 4947 3478 5002 Gallis
3497 4951 3692 5019 pra’di-

2109 5026 2193 5067 cat
2217 5013 2502 5086 Christum,
2537 5014 2898 5086 barbarosque
2927 5026 3103 5086 gentes
3135 5013 3352 5079 vicinas,
3396 5013 3623 5073 tenebris
3641 5032 3688 5072 et

2111 5086 2334 5137 tumenti
2357 5083 2562 5138 Oceano
2577 5083 3009 5158 Διςοιλὶιιῃιξῑᾳιιίυιί
3036 5089 3269 5158 scientia:
3309 5088 3486 5142 lumen
3532 5089 3690 5158 ﬁdei-

2108 5170 2207 5223 que
2225 5164 2436 5228 portant
2457 5155 3009 5228 perducitlAdditque
3059 5157 3163 5228 hoc
3200 5175 3428 5212 nmnere
3461 5155 3691 5228 perfun-

2108 5238 2256 5298 ctum
2271 5225 2604 5298 Philippum,
2625 5225 2681 5278 in
2699 5225 2988 5298 Phrygiam
3005 5227 3288 5295 migrassv,
3310 5229 3398 5282 ubi
3425 5225 3689 5298 ll'ierapo-g

2112 5295 2149 5371 Li
2190 5297 2478 5371 occubuit.
2500 5295 2735 5371 _Baronii
2759 5295 3232 5371 op.inionem,rqui
3268 5316 3380 5354 rem
3413 5295 3688 5371 traliat'ad

2107 5364 2326 5419 Galatas
2342 5365 2635 5430 Asiaticos,
2689 5364 2835 5420 serio
2887 5364 3156 5422 convellit
3182 5370 3258 5422 ill.
3295 5386 3357 5423 ac
3390 5369 3683 5422 reverend.

2107 5435 2302 5508 Petrus
2335 5435 2402 5488 de
2434 5436 2612 5508 Marca
2666 5436 3009 5508 Parisiensis
3037 5439 3284 5508 archiep.
3329 5440 3383 5492 in
3425 5441 3586 5507 epist.
3618 5439 3688 5494 ad

2107 5503 2404 5576 llenricum
2458 5506 2635 5560 Vales.
2677 5508 2798 5575 ejus
2852 5507 3093 5561 Eusebio
3148 5503 3402 5576 prmlixa,
3447 5503 3690 5565 adducto

2107 5575 2272 5647 e_tia_m
2303 5575 2522 5647 Usierio
2556 5576 2926 5637 Armachano,
2950 5593 3071 5644 cap.
3089 5577 3124 5629 2
3149 5575 3224 5630 De
3281 5580 3687 5647 antiquitatibus

2107 5643 2353 5698 Ecclesia:
2379 5644 2720 5710 Britannica,
2757 5647 2850 5714 qui
2879 5647 2994 5714 ipse
3019 5643 3243 5700 Strenue
3272 5643 3466 5702 Isidori
3493 5651 3689 5703 lectio-

2106 5730 2231 5767 nem
2259 5715 2263 5720 ’
2289 5714 2551 5776 vindicat,
2613 5725 2669 5769 et
2716 5715 2904 5768 Jacobi
2946 5717 3150 5770 Bcrulii
3183 5719 3546 5774 temeritatem
3591 5734 3692 5773 no-

2107 5794 2207 5858 tat,
2231 5785 2324 5854 qui
2349 5784 2573 5858 Calatis,
2605 5800 2705 5858 pro
2749 5783 2951 5858 ‘Gallis,
2987 5786 3039 5838 in
3077 5794 3226 5842 textu
3279 5791 3418 5858 ipso,
3478 5791 3688 5858 absque

2107 5854 2214 5908 ulla
2242 5853 2375 5912 nota
2402 5853 2617 5910 veteris
2637 5853 2890 5910 lectionis
2921 5859 3250 5926 reposuerit.
3275 5853 3481 5918 Vellem
3519 5853 3686 5916 testes
