4094 6436
511 369 611 435 175

1711 375 2006 438 ΝΙΟΕΤίΕ
2044 378 2565 442 PAPHLAGONIS

3660 389 3758 457 176

497 485 591 554 qui
631 482 700 537 ad
730 494 897 540 Vitam
927 493 1086 542 erant
1135 485 1398 551 ordinati,
1428 500 1571 541 vera:
1605 486 1729 543 vita:
1772 503 1873 558 per
1916 488 2062 542 ﬁdeu

2180 491 2271 542 τὸν
2329 489 2487 558 λόγον
2534 491 3023 564 εὐαγγελιζόμενος
3059 493 3161 566 τῆς
3214 494 3400 566 ζωῆςο
3444 497 3653 562 πάντας
3702 501 3760 553 δὲ

494 575 826 642 concilians;
893 585 1194 647 captosque
1227 592 1420 632 omnes
1443 592 1474 631 a
1511 575 1752 642 diabolo,
1813 577 2070 632 innume-

504 668 690 737 risque
724 669 1006 725 erroribus
1039 685 1102 724 ac
1122 669 1539 725 seductionibus
1570 669 1833 739 perditos,
1860 673 2075 740 sapien-

495 760 582 812 tia:
611 758 813 814 divina:
857 761 1204 814 sermonibus
1250 759 1722 828 bortamentisquc
1769 760 2072 828 captivans,

489 863 553 902 ac
581 851 1011 919 regenerationis
1034 867 1174 920 aqua
1194 851 1520 915 emundans,
1547 851 1842 921 gratiasque
1863 851 2073 920 Spiritu

487 939 804 996 illuminans
847 951 1010 1011 atque
1041 959 1449 1006 consummatis,
1485 943 1558 997 ita
1587 943 1848 997 nimirum
1899 942 2070 1007 Patri,

489 1032 586 1100 qui
616 1033 674 1086 in
697 1033 852 1088 cmlis
878 1043 980 1099 est,
1011 1033 1153 1089 ﬁlios
1181 1036 1492 1104 adoptabat.
1533 1033 1777 1090 Cunctos
1808 1049 1940 1089 vero
1975 1035 2072 1105 qui

487 1123 654 1177 variis
680 1124 1027 1192 passionibus
1056 1140 1153 1178 seu
1204 1124 1412 1179 morbis
1445 1125 1796 1192 tenebantur,
1837 1135 1932 1182 aut
1970 1127 2073 1183 ob-

489 1215 629 1268 sessi
660 1230 692 1268 a
731 1215 1076 1271 dzemonibus
1106 1224 1283 1280 erant,
1317 1225 1412 1270 aut
1444 1216 1641 1286 quovis
1682 1218 1793 1272 alio
1839 1219 2071 1274 sinistro

487 1321 618 1360 casu
636 1306 1056 1372 alllictabantur,
1083 1308 1335 1378 maleque
1357 1307 1656 1375 habebant,
1676 1310 1794 1365 solo
1815 1325 2071 1367 sermone

485 1412 549 1451 ac
577 1413 746 1452 sacrae
770 1414 963 1454 manus
1015 1408 1270 1454 contactu
1315 1399 1565 1454 sanabat.
1599 1401 1679 1456 Ac
1709 1401 1930 1471 quidem
1963 1402 2074 1472 spi-

487 1493 632 1546 ritali
677 1494 907 1558 ratione,
967 1495 1453 1565 inaspectabilium
1487 1499 1730 1555 hostium
1765 1500 1933 1556 facies
1967 1516 2072 1556 ca:-

489 1580 648 1644 dens,
681 1595 778 1636 eos
806 1580 1087 1648 elidebat;
1119 1583 1186 1638 ad
1219 1600 1442 1640 sensum
1477 1596 1683 1653 autem,
1712 1603 1852 1658 quos
1873 1589 1950 1643 illi
1979 1604 2070 1644 se-

481 1667 1013 1748 duxerantarguens,
1029 1670 1339 1740 increpans,
1355 1673 1652 1728 obsecrans
1666 1675 1736 1739 θ’,
1754 1676 2066 1747 magniﬁca,

481 1759 868 1828 praedicatione
933 1762 1422 1834 prodigiorumque
1500 1765 1790 1836 stupendis
1881 1768 2070 1838 operi-

2179 581 2306 644 τοὺς
2335 583 2415 645 είς
2445 581 2587 652 ζωὴν
2616 584 3002 654 τεταγμένους,
3025 586 3092 656 τῇ
3128 584 3479 658 ἀληθινῇ-διὰ
3521 588 3761 651 πίστεως

2181 673 2474 743 προσάγων
2508 674 2620 746 ζωῇ
2645 691 2657 705 ·
2693 675 2789 729 καὶ
2819 677 3025 741 πάντας
3059 679 3159 747 μέν
3209 677 3632 751 ἐζωγρημένους
3654 683 3759 737 ὐπδ

2178 763 2272 816 τοῦ
2305 763 2582 827 διαϐόλου,
2612 766 2706 818 καὶ
2743 767 2960 836 μυρίαις
2992 769 3232 832 ἀπάταις
3265 760 3385 823 ’καὶ
3415 771 3646 836 πλάναις
3669 773 3757 840 ἐξ-

2180 856 2543 923 απολωλότας,
2592 858 2768 926 λόγοις
2817 859 3005 927 σοφίας
3061 859 3195 914 Θεοῦ
3245 862 3340 914 καὶ
3373 863 3759 932 παραινέσεσιν

2179 948 2616 1018 αἰχμαλωτίζων,
2652 951 2746 1002 καὶ
2774 951 2852 1020 τῷ
2884 951 2983 1022 τῆς
3015 951 3439 1020 παλιγγενεσίας
3485 953 3638 1008 ὕδατι
3664 971 3760 1007 κα-

2180 1034 2404 1108 θαίρων,
2435 1038 2533 1090 καὶ
2584 1036 2662 1108 τῷ
2688 1039 2790 1106 τῆς
2823 1040 3044 1111 χάριτος
3087 1041 3358 1111 πνεύματι
3389 1045 3638 1111 φωτίζων
3664 1046 3758 1099 καὶ

2177 1126 2720 1198 τελετουργούμενος.
2747 1128 2890 1184 οὕτω
2918 1131 2982 1202 δὴ
3005 1131 3084 1202 τῷ
3110 1133 3168 1184 ἐν
3187 1135 3300 1197 τοῖς
3313 1134 3564 1199 οὐρανοῖς
3591 1134 3761 1188 υίοθε-

2177 1222 2323 1273 τεῖτο
2356 1221 2553 1290 Πατρί.
2587 1222 2801 1286 Πάντας
2827 1221 2885 1275 δὲ
2909 1224 3036 1288 τοὺς
3067 1224 3174 1278 ὑπὸ
3217 1226 3479 1280 ποικίλων
3508 1226 3757 1291 ἐξεταζο-

2181 1311 2374 1381 μένους
2401 1312 2588 1366 παθῶν
2617 1314 2650 1385 ἢ
2696 1315 2867 1369 νόσων
2895 1315 3346 1387 πειραζομένους,
3397 1317 3430 1388 ἢ
3461 1318 3757 1390 δαιμονίων

2180 1408 2733 1479 παρενοχλουμένους,
2765 1408 2798 1480 ἢ
2833 1410 2941 1482 ὃτῳ
2994 1409 3088 1464 οὖν
3125 1410 3348 1482 πονηρῷ
3381 1413 3758 1483 κακουμένους

2180 1502 2567 1569 συναντηματι,
2596 1499 2744 1576 λόγῳ,
2753 1501 2905 1576 μόνῳ
2933 1501 3026 1556 καὶ
3052 1502 3234 1574 χειρὸς
3259 1503 3410 1573 ἱερᾶς
3425 1502 3758 1574 ἐθεράπευεν

2177 1591 2382 1662 ἐπαφῇ.
2415 1591 2524 1643 Kai.
2553 1592 2759 1662 νοητῶς
2792 1591 2911 1662 μέν,
2948 1593 3058 1645 τῶν
3103 1594 3351 1664 ἀοράτων
3381 1594 3451 1647 τά
3489 1595 3758 1665 πρόσωπα

2179 1683 2426 1753 ῥαπίζων
2474 1683 2854 1754 κατέῤῥασσεν
2892 1684 3136 1756 ἐχθρῶν·
3187 1685 3460 1756 αἰσθητῶς
3499 1686 3556 1739 δὲ
3580 1728 3594 1751 ,
3628 1687 3758 1752 τοὺς

2177 1774 2270 1827 ὐπ’
2327 1775 2552 1829 ἐκείνων
2616 1777 3044 1850 πλανωμένους,
3099 1776 3378 1846 ἐλέγχων,
3448 1777 3754 1840 νουθετῶν,

480 1851 603 1917 bus,
621 1851 687 1906 ad
711 1852 1046 1922 agnitionem
1069 1855 1314 1911 veritatis
1335 1856 1596 1926 paulatim
1625 1857 1932 1913 adducebat
1956 1859 2036 1893 ⁸³*
2061 1875 2062 1908 :

2180 1868 2539 1939 παρακαλῶν,
2587 1873 2655 1940 τῇ
2693 1848 3070 1942 μεγαληγορίᾳ
3126 1870 3221 1924 τοῦ
3255 1871 3614 1942 κηρύγματος
3660 1874 3756 1924 καὶ

479 1945 904 2015 sacerdotesque
965 1960 1030 2000 ac
1085 1948 1351 2016 praesules
1411 1949 1666 2004 ﬁdelibus
1745 1950 2071 2020 praeﬁciens,

478 2034 612 2103 quin
633 2042 689 2088 et
705 2050 804 2104 per
820 2035 940 2090 loca
956 2036 1188 2091 Domino
1209 2039 1396 2092 altaria
1414 2049 1724 2106 exstruens,
1746 2056 2074 2112 sacrumque

478 2136 799 2182 sanctorum
863 2129 1250 2200 mysteriorum
1323 2131 1492 2185 ritum
1557 2131 1800 2198 tradens,
1857 2149 2074 2188 necnon

478 2219 873 2289 evangelicam,
908 2220 1088 2291 quoad
1122 2221 1333 2287 liceret,
1383 2224 1466 2278 eis
1513 2224 1686 2294 legem
1709 2225 2071 2289 constituens,

477 2309 534 2364 in
557 2324 683 2363 eum
714 2309 939 2365 modum
963 2311 1201 2381 duplicis
1219 2322 1410 2368 auctor
1433 2314 1687 2370 beneﬁcii
1712 2318 1934 2387 (corpus
1957 2317 2065 2372 sci-

477 2397 607 2451 licet
657 2397 993 2454 demerendo
1040 2409 1204 2471 atque
1253 2401 1521 2473 animum)
1582 2402 1668 2457 vir
1717 2403 2072 2460 beatissimus

475 2489 827 2544 credentibus
849 2499 992 2544 erat.

543 2795 1015 2862 Quemadmodum
1079 2804 1264 2850 autem
1326 2797 1520 2868 ingens
1580 2812 1784 2869 sagena
1815 2815 1871 2854 in
1917 2814 2069 2856 mare

475 2886 659 2950 missa,
702 2896 908 2956 quanto
938 2887 1174 2958 amplius
1197 2889 1355 2959 aquis
1380 2890 1724 2956 immoratur,
1760 2900 1913 2946 tanto
1946 2908 2070 2946 ma-

469 2977 642 3048 jorem
681 2979 913 3046 piscium
944 2981 1156 3050 copiam
1195 2981 1362 3035 trahit
1394 2983 1473 3048 In;
1501 2982 1582 3037 sic
1622 2982 1813 3053 utique
1839 2999 2071 3054 magnus

469 3069 753 3139 Philippus
772 3086 945 3126 annos
966 3073 1280 3142 complures
1304 3089 1428 3128 cum
1452 3074 1738 3144 gentilium
1760 3075 1947 3130 multis
1971 3089 2072 3145 po-

469 3162 613 3231 pulis
639 3171 908 3227 versatus,
942 3163 1101 3233 longe
1119 3163 1420 3219 confertam
1444 3165 1850 3220 multitudinem
1866 3182 2059 3221 eorum
2088 3188 2130 3246 ο

470 3253 658 3316 trahit,
715 3253 810 3322 qui
877 3253 1022 3308 illius
1070 3269 1238 3324 opera
1285 3269 1486 3309 nomen
1561 3255 1784 3310 Christo
1841 3257 2059 3312 darent.

469 3344 712 3398 Decebat
747 3353 952 3408 autem,
993 3354 1053 3398 ut
1113 3353 1369 3414 tanquam
1397 3346 1634 3415 Spiritus
1664 3361 1883 3416 sagena,
1937 3362 2064 3401 san-

470 3446 687 3492 ctorum
732 3437 1052 3507 angelorum
1085 3439 1357 3501 manibus,
1385 3439 1536 3493 velut
1581 3455 1648 3493 ex
1671 3439 1807 3492 mari
1833 3439 1887 3492 in
1910 3439 2064 3492 littus

471 3530 552 3600 (in
597 3533 879 3586 caelestem
917 3531 1127 3587 scilicet
1173 3531 1490 3601 stationem)
1531 3532 1784 3596 eductus,
1830 3535 1876 3588 si
1929 3533 2063 3602 quid

471 3623 755 3676 Dominica
791 3623 1073 3693 indignum
1103 3639 1290 3678 mensa
1313 3624 1391 3678 illi
1415 3639 1602 3679 comes
1628 3633 1795 3689 esset,
1826 3624 1881 3678 id
1929 3639 2064 3679 vero

469 3714 782 3784 abjiceret;
843 3715 1107 3785 quidquid
1176 3725 1360 3771 autem
1412 3717 1618 3770 bonum
1663 3725 1721 3771 et
1767 3717 2061 3785 pulchrum

469 3823 535 3861 ac
577 3807 880 3876 pretiosum
929 3817 1096 3873 esset,
1150 3809 1493 3880 Regigloriae
1529 3823 1655 3862 cum
1715 3807 1927 3864 honore
1977 3808 2061 3863 of-

469 3899 657 3953 ferret.

541 3993 609 4046 At
656 3993 906 4062 quisnam
964 3993 1212 4063 Apostoli
1266 3992 1619 4048 resolutionis
1670 3993 1910 4049 modus?
1963 3994 2060 4050 Est

469 4082 714 4152 Phrygia:
740 4084 872 4138 urbs
889 4100 1083 4153 magna
1105 4093 1270 4156 atque
1294 4083 1543 4150 illustris,
1575 4102 1739 4156 opum
1763 4086 2053 4141 abundan-

469 4175 542 4229 tia
569 4175 865 4244 gloriaaque
897 4174 1116 4246 fastigio
1160 4177 1398 4246 superba
1429 4177 1782 4248 (Hierapolim
1807 4176 2054 4245 vocant),

467 4267 670 4321 civium
704 4267 901 4322 robore
925 4284 989 4323 ac
1021 4269 1403 4334 multitudine,
1426 4271 1565 4325 nulli
1617 4271 1760 4324 forte
1788 4278 1919 4324 tunc
1941 4285 2055 4323 ma~

466 4373 698 4427 gnarum
725 4374 824 4428 per
844 4357 1127 4414 Orientem
1163 4361 1550 4428 metropolewn
1585 4359 1790 4430 primas
1828 4359 2051 4413 cedens.

465 4446 548 4500 Ad
601 4446 743 4501 hanc
805 4463 1036 4518 magnus
1076 4449 1365 4519 Philippus
1438 4459 1562 4519 post
1607 4449 1797 4520 longos
1838 4449 2051 4502 viarum

2173 1963 2292 2024 ταῖς
2312 1961 2419 2015 τῶν
2468 1962 2714 2032 τεράτων
2749 1961 3174 2034 μεγαλουργίαις
3228 1963 3478 2028 ἐξιστῶν,
3510 1965 3590 2027 εἰς
3629 1963 3756 2017 ἐπί⁹

2171 2068 2374 2121 γνωσιν
2412 2049 2517 2124 ἦγε
2552 2055 2692 2107 κατὰ
2733 2055 2928 2127 μικρὸν
2969 2056 3072 2123 τῆς
3129 2055 3410 2126 ἀληθείας.
3463 2057 3649 2126 Ἱερεϊς
3697 2058 3756 2112 δὴ

2171 2144 2268 2196 xui.
2302 2145 2562 2215 ίεράρχας
2604 2147 2719 2208 τοῖς
2758 2149 2969 2210 πιστοῖς
3011 2145 3311 2214 καθιστῶν,
3342 2148 3437 2201 καὶ
3461 2147 3758 2220 θυσιαστή-

2175 2253 2264 2306 ρια
2296 2237 2353 2289 δέ
2384 2239 2526 2292 κατὰ
2563 2239 2765 2302 τόπους
2814 2238 3004 2309 Κυρίῳ
3054 2239 3626 2308 κατασκευαζόμενος,
3656 2243 3761 2294 καὶ

2170 2328 2268 2400 τὴν
2321 2331 2473 2402 ἱεράν
2517 2333 2626 2385 τῶν
2657 2331 2830 2400 άγίων
2883 2333 3202 2402 μυστηρίων
3237 2332 3566 2404 παραδιδοὺς
3609 2333 3762 2386 τελε-

2173 2423 2431 2492 τουργίαν
2464 2422 2576 2493 ('55)
2604 2439 2619 2454 °
2652 2423 2861 2478 καὶτὸν
2905 2423 3262 2492 εὐαγγελικὸν
3309 2425 3473 2495 νόμον
3496 2423 3572 2488 ὡς
3603 2424 3757 2495 θεμι-

2168 2513 2260 2566 τὸν
2296 2513 2481 2576 αὐτοῖς
2521 2515 2914 2586 διατιθέμενος,
2965 2514 3110 2568 οὕτω
3160 2515 3354 2586 διπλῆς
3383 2517 3558 2580 αἴτιος
3591 2518 3749 2588 εὐερ-

2169 2606 2378 2672 γεσίας,
2413 2607 2734 2677 σωματικῆς
2772 2624 2832 2660 τε
2867 2607 2960 2660 καὶ
2989 2607 3251 2678 ψυχικῆς,
3275 2608 3303 2660 ὁ
3329 2608 3752 2680 μακαριώτατος

2169 2702 2284 2763 τοῖς
2307 2699 2624 2753 πιστεύουσι
2660 2700 2980 2757 καθίστατο.

2241 2793 2455 2863 Ὥσπερ
2485 2791 2542 2845 δέ
2573 2795 2784 2864 σαγήνη
2813 2795 3023 2864 μεγάλη
3055 2794 3356 2865 καθιεμένη
3386 2797 3452 2865 τῇ
3479 2793 3746 2864 θαλάσσῃ.

2167 2884 2278 2955 ὅσῳ
2331 2883 2496 2937 πλέον
2553 2885 2859 2955 ἐγχρονίζει
2913 2889 3028 2950 τοῖς
3076 2885 3252 2953 ὕδασι,
3290 2886 3530 2958 τοσούτῳ
3581 2889 3750 2942 πλείω

2169 2977 2266 3032 καὶ
2295 2978 2394 3049 τὴν
2449 2979 2560 3032 άπὸ
2609 2979 2718 3031 τῶν
2783 2978 2979 3048 ἰχθύων
3038 2979 3326 3048 ἐφέλκεται
3388 2982 3744 3048 περιουσίαν

2169 3069 2341 3134 οὕτως
2365 3073 2394 3124 ὁ
2426 3071 2600 3140 μέγας
2643 3069 2964 3133 ’Δπόστολος
2995 3072 3088 3125 ἐπὶ
3133 3073 3345 3142 χρόνοις
3380 3074 3593 3126 πλείοσι
3621 3074 3748 3126 πολ-

2167 3162 2278 3226 λοῖς
2312 3163 2523 3216 ἔθνεσιν
2559 3163 3003 3234 ἐμὸεὸλημένος,
3052 3164 3220 3217 πολὺν
3263 3165 3346 3217 ὅτι
3394 3164 3631 3235 μάλιστα
3678 3167 3746 3221 δι’

2165 3255 2330 3308 αὑτοῦ
2365 3255 2588 3325 Χριστῷ
2643 3256 3012 3308 πιστευόντων
3039 3257 3390 3310 ἐπεσπάσατο
3434 3273 3748 3327 περιουσια·

2166 3348 2324 3418 σμόν.
2360 3348 2508 3401 Ἔδει
2533 3348 2591 3400 δέ
2616 3347 2812 3401 τοῦτον
2861 3343 2950 3401 οἷα
2985 3349 3228 3418 σαγήνην
3275 3349 3403 3403 ὄντα
3442 3350 3538 3403 τοῦ
3580 3352 3747 3404 Πνεύ-

2166 3454 2356 3508 ματος,
2390 3437 2581 3508 χερσὶν
2633 3436 2880 3506 ἀγγέλων
2921 3437 3093 3506 άγίων
3125 3437 3314 3509 ὥσπερ
3352 3440 3416 3492 ἐκ
3472 3439 3737 3511 θαλάττης

2165 3531 2245 3592 είς
2293 3529 2562 3597 αἰγιαλὸν,
2615 3529 2708 3583 τὸν
2732 3528 2981 3600 οὐράνιον
3033 3529 3211 3601 χῶρον
3254 3530 3737 3600 ἀναϐιϐαζόμενον,

2163 3621 2518 3674 ἀποτίθεσθαι
2552 3621 2674 3690 μὲν,
2722 3621 2775 3674 εῐ
2803 3639 2858 3673 τι
2913 3620 3015 3690 τῆς
3071 3621 3406 3690 Δεσποτικῆς
3464 3624 3740 3693 τραπέζης

2163 3713 2383 3780 ἀνάξιον
2412 3711 2856 3784 ἐπηκολούθησεν
2877 3729 2890 3743 ·
2918 3713 3041 3767 ὅσον
3061 3713 3120 3767 δὲ
3145 3713 3309 3768 καλόν
3335 3731 3395 3767 τε
3421 3716 3514 3768 καὶ⁹
3534 3717 3736 3783 τίμιον,

2164 3804 2304 3876 μετὰ
2329 3805 2496 3876 τιμῆς
2523 3805 2601 3875 τῷ
2625 3805 2728 3874 τῆς
2753 3805 2910 3875 δόξης
2945 3806 3353 3877 προσφέρεσθαι
3393 3806 3631 3860 Βασιλεῖ.

2241 3981 2407 4035 Ἀλλὰ
2435 3998 2521 4044 τις
2552 3996 2580 4033 ο
2629 3982 2730 4053 τῆς
2758 3981 3074 4046 ἀναλύσεως
3105 3983 3200 4037 τοῦ
3242 3984 3566 4040 ’Δποστόλου
3614 3985 3737 4057 τρό-

2159 4091 2302 4138 πος;
2344 4075 2502 4128 Ἔστι
2555 4075 2710 4138 πόλις
2762 4078 2903 4128 κατᾶ
2945 4075 3042 4144 τὴν
3075 4076 3312 4146 Φρυγίαν
3376 4076 3586 4147 μεγάλη
3640 4079 3736 4132 καὶ

2157 4164 2484 4235 περιφανὴς,
2520 4163 2752 4216 πλούτου
2780 4165 3066 4236 περιουσίᾳ
3100 4165 3194 4220 καὶ
3227 4167 3386 4236 δόξης
3421 4168 3735 4238 καυχήματι

2155 4257 2506 4327 γαυρουμένη
2560 4255 2779 4326 πολλῷ·
2851 4257 3152 4326 Ἰεράπολις
3206 4257 3378 4329 ὄνομα
3429 4261 3495 4330 τῇ
3557 4259 3732 4323 πόλει,

2158 4349 2340 4420 ἰσχύος
2390 4349 2487 4402 καὶ
2538 4349 2990 4420 πολυανθρωπίας
3039 4350 3161 4402 τότε
3203 4350 3459 4428 μάλκστα,
3507 4351 3735 4422 οὐδεμιᾷ

2155 4441 2320 4512 τυχὸν
2347 4441 2458 4495 τῶν
2492 4441 2636 4495 κατὰ
2683 4442 2782 4512 τὴν
2813 4440 3078 4511 ἀνατολὴν
3135 4442 3524 4513 μητροπόλεων
3556 4459 3733 4514 παρα-

463 4537 749 4602 circuitus,
812 4546 933 4607 post
979 4539 1162 4595 omnis
1195 4540 1417 4610 generis
1468 4539 1732 4609 pericula,
1787 4538 2006 4593 labores
2037 4578 2053 4604 ,

2166 4534 2414 4606 χωροῦσα
2444 4533 2516 4586 τὰ
2563 4534 2852 4604 πρεσϐεῖα.
2895 4535 2990 4598 Εἰς
3024 4535 3230 4606 ταύτην
3263 4538 3292 4588 ὁ
3335 4537 3507 4606 μέγας
3534 4537 3731 4591 Φίλιπ-

463 4646 773 4697 zerumnas,
830 4640 955 4701 post
1015 4633 1169 4686 varia
1225 4632 1505 4702 Evangelii
1547 4647 1711 4686 causa
1766 4639 2040 4685 tormenta

2153 4645 2252 4694 πος
2292 4627 2432 4699 μετὰ
2458 4625 2557 4692 τὰς
2593 4628 2813 4700 μακρὰς
2835 4627 3140 4696 περιόδους,
3192 4631 3329 4701 μετὰ
3361 4630 3487 4694 τοὺς
3531 4647 3731 4686 παντο-

538 4861 585 4890 θ’
627 4861 671 4914 ll
700 4860 842 4915 Tim.
889 4877 961 4925 tv,
985 4862 1040 4915 2.
1108 4862 1193 4894 θ’*
1230 4862 1250 4915 1
1281 4861 1422 4915 Tim.
1456 4879 1518 4926 Il,
1551 4863 1604 4917 4.
1682 4864 1727 4894 ⁸³
1752 4862 1944 4916 Matth.
1987 4878 2102 4925 xm,
2146 4862 2236 4915 47.

464 5067 626 5129 alios,
652 5065 748 5137 qui
779 5065 942 5121 nobis
986 5067 1328 5137 Philippum
1356 5069 1665 5136 apostolum
1708 5075 2038 5122 assererent.

463 5137 648 5208 Placet
677 5135 882 5208 Nicetae
910 5135 1188 5208 castigata
1205 5135 1529 5208 moderatio,
1577 5137 1672 5206 qui
1725 5137 2042 5207 probatiora

461 5207 638 5260 solum
658 5207 798 5277 stylo
818 5207 1135 5262 exornan’da
1159 5207 1498 5276 susceperit,
1542 5223 1763 5277 sumque
1807 5207 2040 5262 maxime

459 5277 718 5347 Ecclesia:
764 5293 866 5331 usu
913 5278 1213 5347 explorata.
1255 5279 1579 5333 Accuratam
1638 5278 1916 5332 historica:
1961 5278 2040 5332 rei

457 5347 796 5417 diligentiam
830 5348 883 5402 in
919 5358 1081 5418 gente
1117 5349 1356 5417 Hispana
1414 5349 1506 5402 alii
1550 5349 2030 5411 desideraverunt,

459 5433 522 5471 ac
541 5419 596 5470 in
629 5419 824 5487 primis
849 5418 1074 5473 Godest.
1110 5419 1350 5473 Hensch.
1386 5426 1520 5471 tom.
1547 5419 1564 5472 I
1587 5420 1748 5474 Febr.
1781 5419 2034 5473 Historia:

458 5498 796 5559 sanctorum,
831 5489 925 5559 ubi
961 5489 1029 5544 de
1056 5489 1252 5558 primis
1280 5489 1465 5543 Jacobi
1501 5489 1805 5559 discipulis,
1829 5489 2032 5558 quibus

458 5566 574 5610 sata
603 5558 737 5612 ﬁdes
756 5560 807 5613 in
840 5558 1118 5628 Hispania,
1157 5559 1235 5612 illi
1263 5558 1656 5614 scrmoincidit
1680 5578 1692 5613 :
1718 5574 2028 5629 quanquam

459 5641 563 5700 nec
591 5629 736 5700 quod
764 5629 831 5683 de
870 5630 1108 5700 Philippi
1144 5629 1299 5683 obitu
1325 5629 1535 5700 Olymp.
1568 5630 1671 5684 207
1713 5631 1774 5700 in
1807 5629 2030 5682 Eusebii

461 5697 724 5752 chronico
752 5697 1220 5770 habeturfrnagni
1245 5697 1506 5769 ponderis
1548 5699 1886 5770 ibabcn‘dumr
1938 5700 2028 5762 sit,

462 5775 558 5821 aut
583 5777 734 5841 certa
755 5771 963 5841 epocha
984 5769 1149 5841 illius
1185 5771 1453 5841 martyrii,
1503 5786 1626 5824 cum
1650 5770 1706 5824 in
1753 5769 2030 5841 plerisque

463 5838 853 5911 manuscriptis
878 5840 1244 5908 desideretur,
1279 5837 1343 5896 ut
1365 5841 1650 5899 etMirmus
1673 5837 1954 5908 omiserit,
1974 5849 2030 5895 et

2149 5066 2433 5120 Pontanus
2463 5065 2688 5120 diverso
2718 5065 3035 5136 charactere
3094 5064 3370 5120 edendum
3410 5069 3724 5136 putaverit;

2187 5137 2300 5190 ravi
2331 5145 2479 5191 certe
2512 5136 2740 5202 indicio,
2782 5135 3128 5190 subdititium
3165 5137 3297 5205 quid
3344 5135 3487 5202 esSe,
3527 5154 3640 5192 non
3662 5141 3727 5192 ab

2175 5205 2388 5260 Eusebio
2412 5205 2698 5276 scriptum,
2732 5221 2896 5274 quem
2932 5205 3166 5276 Philippi
3212 5206 3445 5276 apostoli
3511 5223 3604 5263 res
3643 5209 3726 5263 via

2149 5276 2355 5330 dentur
2407 5293 2636 5345 prorsus
2692 5277 2972 5331 latuisse:
3023 5292 3127 5330 nec
3179 5276 3524 5344 Sophrouius
3577 5289 3726 5334 extra

2148 5347 2482 5419 martyrium
2498 5349 2681 5402 crucis
2699 5346 2978 5416 Hierapoli
3001 5346 3057 5400 in
3084 5347 3318 5418 Phrygia
3341 5347 3550 5418 aliquid
3582 5348 3724 5419 quod

2140 5417 2370 5472 adderet
2401 5418 2612 5473 habuit.

2214 5489 2326 5556 (35)
2355 5487 2478 5554 Τὴν
2503 5489 2669 5556 ἱερὰν
2695 5485 2817 5540 τῶν
2842 5487 3027 5552 ἁγίων
3054 5487 3496 5554 τελετουργίαν.
3515 5488 3723 5555 Nempe

2139 5568 2458 5629 sanctorum
2517 5559 2901 5629 mysteriorum
2935 5566 2990 5610 et
3018 5558 3720 5629 universimsacramenth
3791 5611 3794 5614 .

2138 5643 2260 5697 rum
2303 5628 2495 5695 ritum,
2527 5625 2632 5682 sub
2662 5642 2896 5697 quorum
2925 5627 3189 5697 symbolis
3218 5626 3426 5681 Christi
3481 5625 3720 5680 Ecclesia

2135 5696 2413 5752 adunatur
2439 5739 2453 5759 ,
2484 5696 2722 5767 suntque
2780 5698 2927 5766 quod
2959 5696 3165 5751 attinet
3211 5697 3279 5751 ad
3334 5697 3718 5758 substantiam,

2136 5767 2340 5822 divinae
2371 5769 2752 5833 institutionis,
2781 5768 2961 5836 quoad
2995 5767 3218 5822 modum
3247 5782 3380 5823 vero
3401 5767 3713 5824 celebratio-

2135 5838 2222 5894 nis
2254 5847 2583 5895 ctornatum
2620 5839 2934 5909 quemdam,
2969 5837 3300 5908 apostolica}.
