4094 6416
407 458 507 530 1⁸17

1179 475 1463 540 ORATIO
1492 478 1598 541 IX.
1633 505 1703 514 -
1736 480 1821 541 IN
1859 480 2173 542 LAUDEM
2211 483 2270 543 S.
2309 482 2649 547 PHILIPPI
2688 485 2945 548 APOST.

3559 480 3670 548 178

403 579 612 673 δαποῦς
644 583 945 655 κινδύνους,
978 587 1107 654 τοὺς
1150 590 1371 660 πόνους,
1414 592 1542 656 τοὺς
1586 592 1808 659 κόπους,
1848 594 1981 667 μετὰ

2092 595 2352 667 illataque
2377 597 2541 667 mala,
2578 598 2637 654 in
2659 614 2727 655 ea
2759 614 2980 673 quoque
3017 598 3296 658 Christum
3311 598 3672 659 annuntiatu-

402 670 503 735 τὰς
534 673 791 741 ποικίλας
831 677 972 751 ὑπὲρ
1024 679 1118 735 τοῦ
1178 680 1517 753 Εὐαγγελίου
1565 683 1833 755 βασάνους
1888 686 1986 741 καὶ

401 763 635 836 θλίψεις,
665 769 762 824 καὶ
784 770 864 836 είς
889 771 1093 846 ταύτην
1117 773 1210 829 τὸν
1241 764 1478 848 Χριστὸν
1522 777 1733 848 Ἰησοῦν
1756 778 1986 849 εύαγγε-

398 852 689 927 λιούμενος
712 857 878 930 ἤγετο
909 861 988 932 τῷ
1016 850 1319 934 Πνὲύματι.

490 948 640 1003 Ἰδὼν
681 950 740 1006 δὲ
773 951 872 1024 τὴν
910 954 1086 1018 πόλιν,
1118 954 1180 1008 ού
1216 957 1546 1013 κατείδωλον
1595 959 1761 1016 οὖσαν
1800 961 1983 1032 μόνον,

397 1041 613 1108 ξοάνοις
645 1060 706 1098 τε
728 1045 935 1115 κωφοῖς
972 1047 1067 1100 καὶ
1095 1046 1389 1117 δαιμονίων
1441 1050 1751 1124 σεδάσμασι
1785 1070 1986 1124 μεμια-

396 1134 611 1205 σμένην
634 1150 649 1165 ·
682 1134 818 1190 ἀλλὰ
846 1136 910 1208 δὴ
955 1137 1049 1191 καὶ
1099 1137 1328 1205 ἰοϐόλοις
1370 1141 1643 1212 ἑρπετοῖς,
1680 1144 1776 1199 καὶ
1801 1146 1982 1220 ἐχίδνῃ

396 1227 510 1280 τινὶ
540 1225 837 1297 τερατώδει
872 1227 985 1299 (36)
1021 1229 1117 1283 καὶ
1147 1230 1398 1304 ἅπευκτῇ
1431 1233 1499 1303 (ὣ
1523 1232 1626 1305 τῆς
1663 1235 1773 1290 τῶν
1795 1237 1984 1294 κακῶν

402 1318 711 1390 ὑπερϐολῆς
734 1319 775 1392 l)
799 1319 873 1387 ὡς
908 1321 1028 1393 Θεῷ
1069 1339 1131 1376 τε
1165 1324 1619 1396 προσανέχουσαν
1645 1329 1743 1383 καὶ
1771 1328 1984 1396 θυσίαις

400 1409 853 1484 ἐξιλασκομένην,
903 1411 1052 1489 ζήλῳ
1092 1414 1194 1485 μὲν
1227 1414 1355 1488 θείῳ
1385 1419 1848 1493 καταπίμπραται
1884 1423 1984 1497 τὴν

394 1504 581 1576 ψυχήν
600 1520 618 1538 ο
676 1509 1009 1576 προσευχαῖς
1053 1508 1112 1562 δέ
1141 1511 1589 1578 συντονωτάταις,
1625 1515 1723 1568 καὶ
1774 1515 1984 1589 ῥήματι

396 1596 782 1668 παραγγελίας
826 1597 963 1652 Θεοῦ
1023 1598 1249 1668 ζῶντος,
1299 1603 1395 1656 καὶ
1425 1605 1491 1675 τῇ
1544 1604 1833 1676 ἐπικλήσει
1886 1608 1982 1663 τοῦ

396 1690 667 1761 ὀνόματος
709 1689 885 1762 Ἰησοῦ
916 1691 1178 1766 Χριστοῦ,
1211 1694 1312 1765 τὴν
1363 1696 1717 1770 ὁλεθροτόκον
1770 1700 1983 1773 ἔχιδναν

395 1782 619 1854 ἐκείνην
674 1782 1025 1850 ἀπεκτονὼς,
1081 1786 1250 1840 πᾶσιν
1299 1787 1562 1854 ἐπιεικῶς
1602 1792 1631 1845 δ
1682 1791 1983 1864 θαυμάσιος

394 1872 656 1945 παρῄνει,
685 1874 783 1928 καὶ
815 1875 1200 1931 συνεϐούλευεν
1231 1877 1313 1942 είς
1333 1878 1563 1950 οὐρανὸν
1597 1881 1977 1950 ἀνανεύοντας,

2088 704 2203 757 rus,
2241 689 2453 762 Spiritu
2491 692 2777 764 agebatur.

2156 955 2363 1012 Videns
2423 957 2610 1027 itaque
2642 956 2941 1025 civitatem,
2996 957 3202 1013 nedum
3246 956 3672 1012 simulacrorum

2086 1046 2466 1116 superstitioni
2496 1047 2917 1116 deditissimam,
2950 1050 3230 1120 mutisque
3259 1049 3454 1104 statuis
3474 1063 3537 1103 ac
3567 1048 3677 1103 dae-

2085 1151 2310 1192 monum
2341 1139 2685 1194 caeremoniis
2715 1140 3000 1210 pollutam;
3029 1155 3221 1196 verum
3238 1141 3405 1194 etiam
3429 1154 3671 1195 venena-

2086 1229 2157 1284 tis
2183 1230 2553 1300 serpentibus,
2597 1246 2663 1287 ac
2700 1240 3033 1303 portentosae
3075 1231 3297 1288 cuidam
3327 1231 3674 1302 infandaaque

2087 1320 2292 1391 viperae
2313 1325 2368 1394 (ο
2391 1323 2661 1379 malorum
2682 1324 3177 1397 exsuperantiam!)
3201 1333 3461 1395 tanquam
3475 1324 3591 1379 Deo
3610 1338 3675 1377 ac

2083 1410 2306 1467 Numini
2330 1413 2529 1470 animis
2556 1414 2853 1481 addictam,
2888 1430 3053 1486 quam
3080 1414 3323 1470 dementi
3370 1429 3534 1470 sensu
3565 1413 3640 1468 ho

2084 1506 2205 1563 stiis
2236 1508 2557 1578 placandam
2580 1508 2923 1564 existimaret
2952 1525 2968 1576 ;
3005 1508 3194 1563 divina
3227 1507 3414 1564 animo
3441 1507 3669 1563 aemula-

2084 1597 2237 1654 tione
2267 1600 2585 1667 inardescit,
2600 1600 3131 1670 ferventissimisque
3158 1599 3441 1670 precibus,
3462 1597 3669 1667 Deique

2084 1692 2329 1748 viventis
2362 1692 2537 1748 verbo
2596 1704 3003 1764 praeceptoque,
3053 1707 3268 1748 necnon
3306 1690 3511 1747 Christi
3542 1688 3674 1745 Jesu

2087 1782 2346 1839 invocato
2362 1782 2606 1849 nomine,
2625 1790 2908 1854 perempta
2940 1781 3172 1837 exitiosa
3201 1780 3412 1852 vipera,
3444 1786 3674 1835 cunctos

2084 1872 2264 1943 palam
2282 1872 2369 1928 vir
2384 1871 2739 1928 admirandus
2756 1871 3102 1936 hortabatur,
3122 1878 3424 1941 auctorque
3440 1870 3674 1926 consilio

393 1963 493 2017 τὸν
521 1963 618 2018 τοῦ
656 1964 887 2035 ούρανοῦ
923 1966 1204 2038 Δεσπότην
1239 1968 1563 2038 ἐπιγνῶναι.
1600 1972 1729 2039 Ὃς,
1768 1970 1856 2026 ὢν
1883 1973 1977 2029 ἀεὶ

2083 1977 2221 2032 erat,
2239 1975 2302 2021 ut
2322 1966 2376 2020 in
2400 1966 2599 2022 coelum
2617 1964 2966 2035 aspicientes,
2983 1961 3107 2018 coeli
3121 1961 3410 2017 Dominum
3421 1974 3676 2031 agnosce-

396 2052 551 2118 Θεὸς
575 2052 824 2120 τέλειος,
851 2052 1133 2124 ἄναρχος,
1158 2055 1494 2127 ἀσώματος,
1514 2059 1939 2130 ἀκατάληπτος
1958 2079 1974 2094 ·

390 2144 727 2211 ,ϐουληθείς
753 2144 823 2198 δὲ
847 2144 999 2214 μετὰ
1044 2146 1154 2200 τὸν
1185 2148 1463 2217 ἀόρατον,
1497 2149 1727 2205 καὶτὸν
1758 2151 1977 2221 ὁρώμε-

396 2252 511 2289 νον
545 2235 765 2290 τοῦτον
795 2236 1031 2307 κόσμον
1068 2237 1144 2293 δι’
1205 2240 1577 2310 ἁγαθότητος
1629 2242 1980 2311 ὑπερϐολὴν

399 2324 786 2396 παραγαγεῖν,
821 2325 1086 2396 οὐρανὸν
1123 2327 1244 2398 μὲν
1302 2328 1526 2395 ἔξωθεν
1580 2329 1843 2398 πάντων,
1884 2330 1980 2387 οἷά

399 2434 535 2471 τινα
603 2416 873 2486 σφαῖραν
915 2418 1258 2487 ἀεικίνητον
1314 2420 1436 2475 τῶν
1487 2420 1647 2476 ὅλων
1692 2424 1982 2493 σωμάτων

396 2510 786 2580 περωκτικήν
811 2513 1300 2569 κατεσκευάσατο
1317 2530 1331 2545 ·
1357 2514 1476 2585 γῆν
1507 2515 1578 2570 δὲ
1608 2518 1982 2587 μεσαιτάτην

394 2603 524 2658 τῶν
554 2603 733 2671 ὅλων,
755 2602 962 2674 ὥσπερ
988 2621 1045 2660 τι
1069 2606 1325 2675 κέντρον
1359 2607 1467 2662 τοῦ
1510 2607 1738 2676 παντὸς
1764 2609 1835 2665 ἐν
1853 2609 1983 2666 ἀκι-

396 2694 564 2766 νήτῳ
602 2695 831 2764 ἱδρύσει
878 2695 979 2750 καὶ
1019 2698 1338 2767 ἰσορροπίᾳ
1390 2699 1835 2767 κατεστήσατο.
1869 2703 1980 2757 Καὶ

395 2786 470 2841 τὸ
504 2788 809 2842 ἁϐύσσιον
827 2786 948 2858 μὲν
970 2787 1068 2842 καί
1101 2787 1481 2858 στοιχειῶδες
1511 2789 1668 2862 ὕδωρ
1698 2792 1834 2862 περὶ
1867 2791 1985 2862 τὴν

393 2879 557 2951 τῆν,
590 2879 708 2949 τὴν
734 2879 853 2951 γῆν
884 2880 955 2934 δὲ
982 2881 1117 2950 περὶ
1148 2882 1217 2936 τὸ
1241 2882 1401 2952 ὕδωρ
1436 2883 1721 2953 στερεῶν,
1757 2883 1833 2939 δι’
1869 2886 1982 2941 ἀλ-

394 2971 614 3039 λήλων
654 2971 826 3042 ἄμφω
865 2972 1036 3027 ταυτί
1075 2973 1149 3027 τὰ
1179 2973 1451 3044 στοιχεῖα
1479 2975 1859 3045 ἐστηρίξατο,
1896 2979 1983 3044 είς

392 3064 548 3134 μίαν
575 3064 710 3119 τινὰ
738 3063 996 3132 δύναμιν
1038 3064 1325 3134 ἄρρητον,
1350 3065 1468 3134 τὴν
1493 3067 1647 3122 κατὰ
1679 3068 1745 3122 τὸ
1765 3068 1981 3138 μεσαί-

396 3172 587 3209 τατον
612 3154 720 3209 τοῦ
762 3154 993 3221 παντὸς
1028 3154 1311 3209 ἑστῶσαν
1367 3155 1690 3227 ὑπερφυῶς
1737 3158 1985 3229 ἐκκορυ-

396 3248 675 3318 φούμενα
696 3264 712 3278 ⁸
744 3246 1053 3317 ἑπομένως
1084 3247 1155 3302 δὲ
1191 3249 1449 3316 τούτοις,
1495 3248 1603 3304 τὸν
1638 3252 1984 3305 πολύκενον

398 3339 784 3408 πανταχόθεν
844 3338 1294 3410 ὑπερχεάμενος
1350 3340 1529 3411 ἀέραξ,
1577 3341 1734 3410 ὑπὲρ
1794 3342 1984 3398 αὑτὸν

395 3427 577 3497 αὖθις
621 3431 901 3501 ἐχόμενα,
950 3432 1021 3486 τὸ
1070 3432 1334 3501 αἰθέριον
1375 3433 1555 3500 κῦτος
1587 3433 1982 3504 περιήγαγενο

397 3523 470 3588 ἐξ
517 3517 606 3577 ὧν
638 3522 801 3593 φυτὰ
841 3523 1040 3578 πάντα
1085 3524 1189 3579 καί
1243 3522 1377 3591 ζῶα,
1424 3526 1580 3581 κατὰ
1643 3526 1984 3597 ἰδιότροπον

396 3615 667 3672 ἕκαστον
688 3617 879 3687 φύσιν
910 3617 1166 3686 ἐποίησε
1203 3618 1302 3673 καὶ
1320 3619 1589 3690 μορφήν.

470 3709 679 3764 Μόνον
723 3708 793 3762 δὲ
832 3708 943 3763 τὸν
985 3709 1336 3778 ἄνθρωπον,
1371 3709 1484 3780 τῆς
1533 3710 1689 3779 ιδίας
1737 3711 1985 3781 πλάσας

392 3800 859 3871 μεγαλειότητος
869 3798 1099 3866 εἰκόνα,
1117 3799 1227 3854 τοῦ
1249 3800 1625 3868 παραδείσου
1652 3804 1985 3873 πεποίηκεν

395 3888 716 3958 οικήτοραθ
757 3888 831 3944 ὃν
863 3888 984 3957 τὴν
1033 3890 1415 3960 Δεσποτικὴν
1464 3890 1727 3961 ἐντολὴν
1773 3895 1985 3965 uosm-

396 3982 573 4044 κότα,
596 3979 696 4036 καὶ
724 3980 823 4035 διὰ
861 3980 1042 4035 τοῦτο
1074 3979 1186 4051 τῆς
1213 3980 1366 4050 πρὸς
1407 3982 1597 4038 αὐτὸν
1622 3984 1985 4054 οἰκειότητος

397 4071 803 4141 ὠλισθῃκότα,
845 4070 1103 4138 θάνατος
1142 4071 1242 4126 καὶ
1278 4072 1488 4142 φθορὰ,
1520 4074 1595 4128 τὰ
1618 4075 1849 4145 ὀψώνια
1872 4076 1984 4146 τῆς

400 4165 719 4235 ἀμαρτίας,
757 4163 1067 4229 διεδέξατο
1090 4178 1108 4197 ο
1138 4163 1281 4219 ἀλλ’
1319 4167 1431 4220 οὐκ
1463 4168 1552 4231 είς
1578 4168 1753 4235 τέλος
1775 4170 1809 4222 ό
1838 4169 1983 4239 ἀγα-

398 4256 507 4324 θὸς
535 4255 825 4327 ὠργίσθη,
854 4256 998 4313 οὐδὲ
1027 4256 1096 4313 τὸ
1135 4256 1361 4313 οἰκεῖον
1410 4259 1693 4328 παρεῖδεν
1735 4261 1825 4328 εὶς
1875 4261 1982 4316 τὸν

395 4347 591 4406 αἰῶνα
648 4348 936 4419 πλάσμαο
997 4347 1098 4403 διὰ
1150 4350 1338 4419 νόμου
1386 4349 1457 4405 δὲ
1509 4350 1611 4406 καί
1660 4353 1981 4423 προφητῶν

398 4440 641 4509 πρῶτον
682 4441 871 4510 ἁγίων
914 4439 1386 4512 παιδαγωγήσας
1430 4441 1583 4512 πρὸς
1626 4444 1943 4499 εὐσέϐειαν
1961 4459 1976 4473 °

395 4531 520 4587 νῦν
554 4530 627 4585 δὲ
653 4532 807 4587 κατὰ
855 4531 974 4602 τὴν
995 4532 1119 4587 τῶν
1161 4532 1392 4589 αἰώνων
1435 4533 1820 4603 συντέλειαν,
1869 4536 1981 4590 τὸν

2078 2067 2222 2114 rent.
2248 2057 2324 2123 Is,
2348 2057 2490 2112 Deus
2513 2071 2719 2128 semper
2734 2055 3012 2127 perfectus,
3040 2063 3290 2119 aeternus,
3312 2056 3671 2123 incorporeus,

2077 2146 2558 2222 incomprehensus,
2572 2158 2685 2221 post
2707 2147 2861 2203 illum
2887 2146 3218 2212 inuisibilem,
3232 2147 3391 2201 etiam
3421 2144 3676 2200 mundum

2078 2244 2215 2299 hunc
2240 2240 2405 2297 oculis
2460 2241 2751 2312 subjectum
2794 2255 2905 2312 pra:
2950 2240 3146 2295 eximia
3177 2238 3410 2292 bonitate
3451 2236 3675 2290 condere

2081 2350 2202 2388 cum
2236 2331 2484 2387 voluisset
2510 2350 2531 2398 ;
2588 2332 2816 2399 cretum,
2861 2331 3066 2397 aiebat,
3122 2330 3322 2385 cunctis
3371 2336 3671 2392 externum,

2086 2423 2233 2479 haud
2270 2439 2418 2477 secus
2459 2440 2523 2478 ac
2569 2422 2780 2495 globum
2830 2431 3080 2495 perpetuo
3131 2420 3375 2477 mobilem
3429 2421 3677 2474 uniuersa

2082 2532 2308 2588 corpora
2345 2517 2716 2582 continentem,
2779 2516 3070 2588 fabricatus
3115 2523 3190 2569 est
3243 2530 3261 2569 :
3315 2524 3516 2567 terram
3553 2526 3675 2566 verc

2085 2609 2322 2665 omnium
2352 2606 2601 2673 mediam,
2640 2606 2784 2662 velut
2845 2623 3025 2661 rerum
3073 2607 3293 2676 hujusce
3354 2604 3676 2658 universita-

2084 2701 2151 2754 tis
2197 2708 2436 2754 centrum
2479 2699 2746 2770 quoddam
2793 2699 3049 2755 immobili
3109 2699 3251 2765 sede,
3302 2714 3365 2753 ac
3399 2698 3507 2751 suis
3527 2711 3676 2767 a’que

2085 2790 2335 2847 libratam
2369 2792 2682 2863 ponderibus
2725 2791 3023 2848 collocavit.
3065 2790 3272 2863 Abyssi,
3306 2807 3370 2844 ac
3413 2806 3521 2861 qua
3569 2787 3675 2842 ele~

2083 2894 2318 2941 mentum
2342 2887 2597 2949 consistit,
2622 2902 2840 2956 aquam,
2891 2885 3032 2939 circa
3055 2892 3298 2948 terram;
3322 2887 3521 2935 terram
3551 2895 3676 2935 vero

2084 2976 2225 3031 circa
2263 2992 2460 3046 aquam
2486 2975 2744 3041 solidans,
2772 2975 3003 3029 alterum
3025 2973 3194 3028 altero
3220 2971 3536 3027 elementum
3556 2986 3675 3024 mu-

2086 3074 2283 3140 tuaque
2305 3071 2673 3124 communione
2696 3068 2933 3137 ﬁrmavit
2964 3080 2983 3119 :
3008 3083 3125 3138 qua:
3156 3064 3395 3121 videlicet
3424 3063 3481 3118 in
3508 3079 3674 3118 unam

2087 3177 2344 3216 arcanam
2367 3162 2493 3229 vim,
2522 3163 2579 3217 in
2602 3161 2833 3216 uniuersi
2867 3157 3161 3215 meditullio
3186 3156 3501 3212 mirabiliter
3548 3171 3676 3210 con-

2084 3253 2349 3307 sistentem
2366 3252 2638 3324 ﬁxamque
2670 3250 3016 3323 explicentur.
3071 3248 3278 3305 Exinde
3326 3245 3675 3301 multicavum

2085 3344 2166 3400 his
2187 3345 2423 3416 undique
2446 3343 2832 3416 superfundens
2885 3358 3086 3406 aerem,
3111 3338 3457 3412 superipsum
3484 3354 3674 3392 rursus

2085 3437 2329 3491 continue
2354 3437 2638 3491 aetheream
2669 3432 3019 3489 circumduxit
3059 3431 3164 3487 late
3198 3431 3374 3502 fusam
3403 3431 3677 3500 capacita-

2086 3534 2193 3581 tem
2213 3544 2232 3582 :
2254 3543 2319 3581 ex
2351 3527 2539 3598 quibus
2562 3525 2782 3599 plantas
2818 3542 2998 3581 omnes
3022 3533 3071 3579 et
3094 3525 3393 3579 animantes
3417 3519 3671 3590 condidit,

2072 3619 2242 3692 juxta
2262 3619 2539 3691 propriam
2567 3619 2823 3690 cujusque
2846 3616 3079 3673 indolem
3105 3633 3168 3671 ac
3190 3616 3441 3687 formam.

2154 3708 2342 3766 Solum
2370 3719 2550 3766 autem
2572 3712 2835 3766 hominem
2855 3726 2967 3765 sua:
2988 3710 3286 3782 majestatis
3317 3707 3672 3771 simulacrum

2084 3800 2342 3873 formans,
2374 3803 2616 3872 paradisi
2642 3803 2913 3857 constituit
2932 3804 3095 3857 civem
3123 3817 3332 3875 :-quem
3366 3802 3540 3873 ipsum
3559 3800 3672 3855 Do.-

2087 3894 2265 3949 minici
2288 3902 2731 3966 transgressorem
2799 3895 3064 3961 mandati,
3100 3910 3320 3966 eamque
3355 3893 3417 3948 ob
3459 3909 3570 3948 rem
3605 3894 3671 3947 ab

2083 3985 2225 4041 illius
2251 4002 2462 4041 cassum
2493 3986 2890 4051 necessitudine,
2921 3995 3136 4049 morset
3159 3986 3426 4057 corruptio
3447 3983 3672 4055 (peccati

2081 4077 2281 4134 scilicet
2312 4076 2552 4150 obsonia)
2616 4085 2976 4148 exceperunt,
3005 4076 3165 4132 Haud
3187 4085 3368 4131 tamen
3401 4075 3671 4146 benignis-

2081 4172 2249 4225 simus
2274 4169 2365 4227 ille
2412 4172 2470 4225 in
2493 4169 2658 4237 finem
2694 4172 2865 4224 iratus
2890 4177 2998 4235 est,
3021 4177 3113 4223 aut
3143 4170 3198 4224 in
3226 4175 3537 4239 perpetuum
3572 4165 3670 4219 de-

2082 4262 2255 4332 spexit
2285 4260 2600 4333 ﬁgmentum
2626 4278 2798 4321 suum,
2824 4276 2844 4317 :
2880 4259 2970 4315 sed
3024 4276 3143 4314 cum
3180 4261 3326 4330 prius
3359 4274 3451 4330 per
3505 4256 3689 4329 legem.

2081 4359 2395 4424 sanctosque
2421 4353 2703 4424 prophetas
2742 4350 2813 4413 ad
2859 4352 3107 4422 pietatem
3139 4351 3495 4415 instituisset;
3522 4364 3667 4404 nunc

2084 4441 2298 4496 tandem
2337 4442 2395 4496 in
2437 4442 2887 4505 consummatione
2951 4438 3290 4507 swculorum,
3333 4438 3668 4509 unigenitum

2083 4538 2305 4608 parique
2329 4552 2511 4593 secum
2548 4536 2733 4591 robore
2769 4552 2833 4591 ac
2880 4536 3113 4606 ejusdem
3159 4542 3367 4591 natura:
3412 4534 3669 4597 Verbum,

388 4623 722 4695 μονογενῆ,
743 4624 852 4680 τὸν
874 4622 1163 4694 ίσοσθενῆ
1189 4626 1287 4680 καί
1307 4624 1545 4697 ὀμοςουᾶ
1565 4628 1782 4699 Λόγον,
1806 4630 1981 4698 ὑπερ-

2086 4628 2268 4684 diuina
2311 4627 2548 4700 quadam
2573 4629 2870 4700 eximioque
2892 4628 3118 4693 ratione,
3144 4643 3209 4682 ex
3231 4624 3516 4681 uenerabili
3537 4642 3666 4681 san-

395 4716 628 4784 ουσίως
687 4715 833 4787 ἡμῖν
862 4717 932 4772 ἐκ
970 4715 1271 4789 παρθένου
1321 4716 1555 4789 σεμνῆς
1579 4759 1595 4786 ,
1646 4718 1747 4775 καί
1809 4718 1985 4791 ἁγίας

475 4870 592 4945 (56)
619 4871 733 4945 Ιέαί
771 4870 982 4941 ἐχίδνῃ
1038 4868 1158 4926 τινὶ
1201 4869 1533 4945 τερατώδει.
1581 4871 1844 4945 Perinde
1869 4872 1984 4945 Me-

399 4941 592 5014 tapth
625 4942 818 5014 Elev_at
868 4951 1061 5014 autem
1089 4941 1265 5014 εει-(Ι.
1324 4941 1525 5014 Baron.
1588 4942 1788 5014 horum
1816 4942 1982 5014 ﬁdem

402 5009 495 5069 an.
530 5012 620 5076 54,
656 5029 713 5067 n.
741 5011 796 5077 5,
827 5026 894 5083 eo
918 5011 1064 5082 quod
1089 5009 1388 5083 Hierapoli,
1437 5027 1549 5067 non
1581 5012 1850 5083 viperam,
1883 5013 1982 5069 sed

402 5084 543 5139 alios
590 5083 724 5154 deos
768 5081 1067 5154 colerent,‘
1089 5097 1159 5154 ex
1218 5081 1420 5154 Euseb.
1462 5081 1692 5154 _lih._]|
1742 5082 1816 5154 De
1845 5099 1984 5154 pra:-

398 5152 837 5225 parat.__Evang.
865 5168 913 5225 ο.
940 5153 995 5208 4.
1035 5151 1158 5225 Sed
1179 5152 1313 5206 nihil
1346 5152 1424 5207 ibi
1461 5151 1742 5225 Eusebius
1765 5148 1821 5206 in
1845 5148 1981 5208 'eam

397 5220 546 5279 rem.
579 5220 967 5279 Solum'enim
992 5237 1062 5278 eo
1100 5221 1247 5276 libro
1300 5231 1551 5277 veterum
1595 5220 1980 5279 theologorum

396 5295 549 5350 dicta
584 5292 775 5359 refert,
807 5293 1010 5363 quibus
1046 5291 1371 5363 idololatriae
1390 5291 1660 5363 originem
1681 5291 1932 5348 traducat
1961 5310 1976 5347 ε

308 5372 313 5375 ’
393 5379 518 5419 non
552 5371 630 5434 uti
644 5361 858 5434 singula
888 5363 1117 5434 numina
1144 5361 1502 5434 singularum
1527 5361 1813 5434 civitatum
1847 5378 1970 5434 pro-

394 5433 567 5489 ferat.
601 5432 756 5488 Bene
778 5433 952 5504 apud
1007 5432 1408 5504 Nicephorum,
1429 5433 1549 5504 ejus
1581 5432 1976 5504 vulgator’hoc

394 5504 587 5573 ipsum
613 5503 820 5560 nostris
843 5501 1210 5574 temporibus
1233 5503 1289 5557 in
1308 5501 1548 5574 Livonia
1588 5512 1645 5558 et
1683 5502 1979 5574 Samogitia

284 5582 304 5608 ο
396 5572 690 5643 repertum
715 5574 901 5630 tradit.
923 5572 997 5630 At
1012 5588 1193 5643 neque
1208 5574 1265 5630 in
1294 5572 1471 5628 Gallia
1499 5573 1700 5628 desunt
1721 5573 1826 5628 viri
1849 5572 1982 5628 sim-

393 5643 597 5716 plices,
623 5643 827 5716 quibus
860 5643 1181 5716 hujusmodi
1212 5644 1416 5713 viperae
1430 5658 1502 5716 ac
1530 5652 1817 5716 serpentes
1845 5644 1977 5716 boni

395 5712 606 5784 ominis
629 5712 1033 5781 existimentur,
1067 5712 1384 5784 ubicunque
1413 5712 1637 5783 degant,
1658 5715 1770 5784 ruri
1796 5714 1885 5769 vel
1918 5713 1974 5769 in

397 5783 571 5855 domo
592 5801 610 5855 ;
629 5784 961 5855 sinistraque
988 5783 1175 5841 omnia
1210 5783 1561 5855 portendere,
1585 5783 1629 5838 si
1661 5783 1973 5855 ahigantur,

394 5853 493 5937 fel
526 5853 1157 5937 etiam_necetitur;quo
1185 5853 1243 5909 in
1265 5868 1465 5937 διέξιθι-ε
1521 5853 1798 5937 singulare
1838 5854 1973 5937 quid

398 5922 476 5979 de
509 5921 806 5981 domestica
827 5925 1017 5994 vipera
1039 5921 1145 5982 sibi
1177 5921 1442 5981 accidisse
1502 5921 1689 5981 narrat
1734 5921 1970 5980 Leo'Al-

2089 4729 2278 4793 ctaque
2307 4721 2538 4793 Virgine,
2567 4720 2764 4776 nullius
2807 4721 3116 4792 contagione
3139 4718 3336 4790 peccati
3357 4718 3554 4790 factum
3572 4718 3666 4791 ho-

2087 4874 2183 4931 lat.
2224 4890 2351 4932 cum
2384 4874 2705 4931 adolescens
2741 4880 2909 4936 esset,
2949 4873 3049 4929 lib.
3081 4871 3159 4943 De
3186 4872 3481 4943 peregrinis
3520 4870 3655 4943 Grie-

2086 4961 2271 5002 corum
2298 4946 2651 5016 opinionibus,
2674 4941 3196 5016 vaticinanteinde
3226 4941 3411 4998 vetula
3438 4957 3562 5016 qua:
3584 4942 3665 5016 illi

2086 5015 2221 5071 satis
2292 5012 2555 5086 prospera
2610 5029 2847 5070 evenere
2880 5053 2895 5077 ,
2968 5013 3266 5086 adventum
3297 5053 3312 5077 ,
3342 5012 3659 5086 profectio.

2084 5099 2235 5155 nem,
2256 5082 2392 5151 etc.,
2422 5082 2547 5155 quae
2580 5100 2693 5140 non
2718 5092 2945 5140 careant
2979 5082 3387 5155 superstitionis
3420 5083 3564 5137 labe.
3587 5082 3663 5136 De

2084 5153 2364 5225 Hierapoli
2387 5153 2458 5211 et‘
2471 5164 2793 5225 serpentum
2817 5155 2877 5210 in
2902 5169 2969 5210 ea
3011 5153 3163 5225 cultu
3224 5159 3552 5225 argumento
3580 5158 3662 5206 est

2083 5221 2373 5295 antiquum
2402 5221 2652 5281 civitatis
2666 5240 2888 5290 nomen,
2934 5224 3084 5295 quod
3116 5221 3459 5295 tradit'apud
3484 5222 3658 5295 Mota:

2116 5292 2355 5367 hrastem
2372 5295 2577 5367 Joseph
2611 5295 2848 5367 Humilis
2871 5292 3125 5367 Oratione
3143 5294 3200 5348 in
3242 5292 3456 5367 laudem
3478 5292 3657 5345 sancti

2117 5309 2355 5350 nrastem
2372 5309 2577 5367 Josepn
2611 5309 2848 5350 uumms
2871 5309 3125 5350 aratione
3143 5310 3200 5348 tn
3242 5309 3456 5347 tauaem
3478 5309 3656 5345 sancu

2075 5309 2452 5437 Bartholomtei
2466 5383 2492 5432 ;-
2515 5380 2715 5437 nempe
2746 5364 3103 5437 Ophioryma,
3156 5362 3315 5437 quasi
3336 5361 3506 5437 dicas,
3539 5375 3660 5437 ser-

2078 5435 2263 5506 pentis
2286 5451 2352 5508 ac
2380 5430 2578 5508 anguis
2609 5430 2863 5508 tutamen
2878 5430 3014 5508 _séu
3058 5430 3418 5508 praesidium.
3457 5430 3661 5487 Confer

2078 5500 2267 5561 nostra
2294 5506 2413 5562 haec
2439 5500 2564 5563 c'um
2592 5505 2755 5561 dictis
2780 5505 2849 5576 ad
2878 5500 3158 5576 Hippolyti
3187 5500 3517 5576 Synopsim;
3557 5515 3660 5556 nec

2079 5583 2135 5630 te
2158 5577 2412 5631 censuris
2456 5576 2729 5633 eiusmodi
2788 5571 2967 5630 facile
2988 5571 3204 5629 ~abduci
3230 5571 3413 5627 sinas.
3442 5571 3660 5627 Durum

2081 5660 2215 5725 sane
2262 5645 2430 5725 unius
2464 5641 2635 5701 ductu
2685 5645 2881 5702 calami
2919 5644 3057 5725 ⁸ηονί
3087 5641 3346 5725 hominis
3393 5641 3657 5725 expungi,

2082 5716 2353 5787 quidquid
2415 5731 2631 5772 summa
2678 5713 3045 5787 consensione
3081 5720 3185 5787 tot_
3216 5720 3372 5768 retro
3418 5713 3659 5787 saeculis,

2081 5781 2331 5914 Engltiittis
2372 5787 2511 5844 actis
2538 5801 2601 5843 ac
2657 5784 2979 5842 auctoribus
3033 5784 3427 5857 consignatum
3490 5781 3655 5840 tidem

2121 5857 2297 5914 abuit.
