4094 6406
542 444 642 511 179

1703 438 1995 500 NICET/E
2034 432 2563 497 PAPHLAGONIS

3661 434 3757 498 180

535 557 752 620 minem,
771 550 915 607 nobis
962 551 1199 622 praebuit.
1225 550 1276 607 Is
1299 553 1569 606 hominum
1588 551 1776 604 similis
1821 564 2103 619 apparens,

2209 543 2636 613 ἀναμαρτήτως
2689 539 3200 608 ἀνθρωπιζόμενον
3253 535 3600 607 παρέσχετο.
3669 544 3759 608 Ὃς

533 645 770 698 veritatis
830 644 1151 699 sermonibus
1174 659 1236 697 ac
1263 645 1506 715 potentia:
1537 643 1799 712 Operibus,
1825 640 2002 693 Patris
2024 641 2110 693 sui

535 736 680 788 nobis
718 733 943 804 gloriam
967 752 1028 789 ac
1055 736 1323 798 notitiam,
1356 734 1522 804 aﬂ'usa
1561 733 1763 787 srelitus
1788 732 1899 784 luce
1929 732 2108 784 mani-

534 829 787 896 festavit;
827 829 1020 896 quique
1065 826 1129 880 ab
1177 827 1320 879 omni
1363 825 1613 878 immunis
1662 824 1902 893 passione
1952 830 2108 883 esset,

533 917 867 985 passionibus
887 918 1050 970 nostri
1066 933 1249 977 causa,
1271 930 1520 984 cruceque
1539 922 1585 966 et
1614 921 1778 965 morte.
1801 911 2110 980 perfunctus

532 1016 694 1076 atque
721 1009 778 1060 in
803 1007 910 1060 illis
938 1014 1175 1060 versatus
1211 1005 1420 1074 (quippe
1439 1005 1592 1056 homo
1614 1019 1731 1055 cum
1753 1003 1905 1070 esset)
1932 1016 2112 1053 resur-

533 1100 668 1152 rexit
694 1099 849 1151 tertia
868 1099 950 1151 die
973 1115 1035 1151 ac
1060 1114 1116 1150 se
1132 1097 1276 1149 nobis
1295 1095 1628 1164 conspicuum
1670 1094 1812 1160 fecit,
1860 1092 2113 1157 nobisque

532 1187 864 1241 cernentibus
891 1187 946 1239 in
990 1184 1176 1239 caelum
1207 1195 1436 1254 receptus
1465 1194 1541 1239 est
1588 1183 1800 1252 (quippe
1829 1183 1919 1252 qui
1966 1181 2110 1235 Deus

530 1283 706 1347 esset).
737 1279 900 1344 Quem
922 1287 970 1332 et
1001 1294 1183 1332 rursus
1216 1289 1487 1332 venturum
1509 1294 1536 1330 e
1561 1277 1701 1330 ccelis
1724 1285 2107 1346 exspectamus,

529 1387 624 1438 pro
643 1385 703 1422 eo
735 1387 796 1423 ac
815 1369 1073 1439 pollicitus
1097 1378 1193 1433 est,
1226 1377 1280 1422 ut
1317 1371 1611 1422 humanum
1649 1383 1803 1420 omne
1829 1383 1993 1436 genus
2027 1381 2112 1418 ea;-

528 1461 758 1523 suscitet,
780 1461 1081 1530 judicetque
1130 1477 1192 1513 ac
1215 1460 1398 1512 reddat
1419 1458 1699 1528 unicuique
1721 1473 1813 1527 pro
1834 1473 1892 1510 eo
1908 1472 1971 1510 ac
1993 1471 2112 1526 ges-

525 1553 612 1606 sit.
641 1552 814 1614 Hunc,
861 1554 1166 1615 hortamur,
1207 1552 1489 1622 agnoscite.
1523 1550 1698 1614 Hunc,
1739 1549 2108 1611 obsecramus,

522 1643 780 1708 colite;et
810 1645 862 1697 in
893 1645 1103 1697 nomine
1132 1645 1244 1714 ejus
1290 1643 1565 1714 baptizati,
1610 1641 1674 1695 ab
1729 1641 1871 1694 omni
1913 1637 2112 1694 scelere

520 1733 835 1805 impuraque
865 1737 1008 1789 omni
1050 1736 1363 1790 cazremonia
1396 1733 1793 1797 emundamini;
1836 1731 2112 1800 omnisque

518 1827 706 1896 gratim
734 1829 1015 1896 participes
1039 1827 1221 1897 eﬂ'ecti,
1251 1834 1410 1896 atque
1445 1825 1592 1879 illius
1627 1833 1890 1878 consortes
1906 1822 2110 1876 sancti-

525 1918 666 1981 tatis,
701 1919 823 1972 vita:
850 1927 1062 1973 (eterna:
1089 1935 1150 1972 ac
1168 1919 1313 1990 regni
1335 1917 1694 1974 haereditatem
1706 1913 2105 1986 consequimini,

520 2005 577 2060 in
608 2004 814 2061 Christo
844 2007 992 2062 Jesu.
1021 2007 1212 2062 Amen.

594 2269 983 2341 Huiuscemodi
1033 2269 1120 2323 vir
1141 2268 1494 2324 beatissimus
1518 2267 1724 2324 divinis
1752 2267 2105 2339 praedicatio-

522 2365 687 2418 nibus
711 2362 1034 2427 admonens,
1067 2361 1368 2417 adhortans
1390 2361 1756 2432 privatimque
1791 2375 1858 2415 ac
1878 2359 2106 2431 publica

521 2452 789 2508 concione
807 2451 1355 2519 doctrinamiustitiae
1385 2449 1627 2515 tradens,
1656 2450 1875 2504 turbam
1906 2463 2109 2503 nume-

520 2557 586 2598 ro
616 2542 959 2612 superiorem
1025 2556 1307 2595 assensum
1347 2541 1708 2610 prazbentem,
1744 2539 1962 2594 veritati
2005 2537 2106 2592 ad-

518 2632 719 2704 iunxit.
754 2631 975 2701 Hosque
1001 2631 1139 2686 adeo
1171 2647 1268 2702 per
1317 2645 1517 2700 aquam
1559 2642 1614 2684 et
1635 2629 1900 2699 Spiritum
1949 2643 2108 2698 rege-

520 2741 744 2788 nerans,
773 2740 838 2780 ac
864 2725 960 2794 qui
996 2724 1052 2778 in
1079 2723 1186 2779 illis
1219 2723 1413 2794 majori
1466 2722 1739 2792 pollerent
1781 2721 2101 2792 prudentia,

520 2818 896 2887 maioremque
921 2824 1107 2871 essent
1146 2816 1382 2870 assecuti
1425 2815 1657 2886 gratiam
1685 2853 1700 2878 ,
1742 2812 1798 2867 in
1825 2812 2108 2869 antistites

519 2923 586 2964 ac
613 2907 927 2962 sacerdotes
954 2905 1281 2976 praeﬁciens,
1308 2903 1611 2961 Ecclesiam
1632 2910 1875 2958 sanctam
1903 2903 2105 2958 imma-

519 3000 758 3054 culatam
789 2997 993 3053 excitat
1017 2995 1260 3052 Christo.

586 3091 658 3146 At
687 3105 799 3145 non
841 3089 988 3152 tulit,
1027 3094 1087 3144 ui.
1121 3089 1407 3144 veritatem
1433 3087 1514 3145 sic
1559 3098 1978 3159 prosperantem
2019 3086 2107 3143 vi-

511 3181 696 3246 deret,
727 3181 822 3252 qui
871 3181 1020 3236 illius
1047 3180 1398 3236 adversarius
1431 3189 1516 3235 est
1553 3197 1567 3233 :
1597 3179 1730 3250 quin
1764 3179 2108 3250 potentiores

519 3287 584 3326 ac
615 3271 887 3342 primores
925 3271 1166 3326 civitatis
1197 3270 1342 3324 illius
1395 3269 1698 3334 incessens,
1762 3270 2107 3340 ﬂammaeque

521 3364 695 3418 instar
723 3363 1128 3417 aamulationem
1147 3362 1202 3416 in
1240 3363 1321 3416 eis
1335 3362 1698 3427 succendens,
1723 3364 2107 3432 apparitorum

522 3461 749 3521 repente
778 3467 944 3506 manu
969 3467 1098 3506 eum
1142 3451 1394 3520 corripit,
1431 3451 1700 3521 saevisque
1761 3454 2106 3507 conscissum

523 3543 867 3606 verberibus,
885 3543 1008 3598 diro
1041 3557 1261 3598 carcere
1289 3542 1538 3596 includit.
1595 3542 1736 3597 Tum
1772 3542 2031 3600 funiculis
2073 3559 2107 3598 e

522 3636 794 3691 calcaneis
833 3636 1078 3690 vinctum
1115 3635 1172 3689 in
1208 3634 1429 3692 sublimi
1453 3650 1615 3689 verso
1678 3635 1734 3689 in
1772 3644 1974 3690 terram
2019 3650 2108 3690 ca-

521 3731 656 3801 pite,
690 3731 870 3786 virum
891 3732 1100 3802 justum
1130 3729 1494 3801 suspendunt.
1528 3730 1770 3800 Eratque
1796 3730 1985 3784 videre
2017 3743 2108 3781 ve-

522 3826 605 3883 lut
633 3840 830 3896 agnum
865 3824 1274 3886 immaculatum
1309 3824 1418 3878 alte
1446 3823 1498 3877 in
1530 3838 1658 3878 aere
1691 3822 1991 3878 sublatum.
2023 3821 2102 3876 Ac

520 3915 688 3987 pedes
717 3916 936 4006 quidem
966 3932 1208 3980 sursum,
1233 3916 1492 3970 deorsum
1545 3931 1680 3970 vero
1723 3912 2101 3969 venerandum

520 4017 686 4078 caput
732 4005 988 4073 habebat,
1010 4023 1187 4078 eoque
1214 4007 1405 4062 habitu
1440 4007 1646 4063 mentis
1686 4006 1743 4060 in
1775 4007 1975 4062 cmlum
1995 4005 2102 4059 iter

519 4113 583 4154 ac
615 4099 1133 4171 contemplationem
1156 4099 1307 4154 velut
1335 4099 1720 4154 adumbrabat.

594 4274 752 4330 [laud
796 4282 978 4330 tamen
1001 4289 1129 4329 eum
1153 4274 1421 4329 Dominus
1453 4273 1850 4329 consolationis
1897 4287 2099 4342 exper-

523 4375 634 4420 tem
676 4365 918 4435 reliquit.
951 4365 1315 4436 Propensiore
1359 4380 1596 4435 namque
1647 4363 1881 4419 mitioris
1913 4362 2102 4432 provi-

521 4457 722 4512 (lentia:
766 4457 1018 4522 consilio,
1079 4456 1298 4510 divinus
1354 4471 1572 4526 quoque
1647 4455 2097 4519 Bartholomteus,

2209 634 2279 688 ἐν
2313 631 2630 701 ὁμοιώματι
2669 630 2997 698 ἀνθρώπων
3027 628 3364 698 ἐπιφανεὶς,
3387 630 3590 696 ,πότοις
3625 629 3762 698 ἁλη-

2210 723 2371 786 θείας
2398 721 2496 774 καὶ
2533 721 2727 789 ἔργοις
2751 719 3080 786 δυνάμεως,
3132 718 3248 784 τὴν
3274 717 3570 785 πατρικὴν
3589 720 3760 773 αὐτοῦ

2209 811 2398 875 δόξαν
2426 809 2526 862 καὶ
2549 807 2798 878 γνῶσιν,
2827 806 3170 875 ὲνέλαμψεν
3198 803 3374 870 ἡμῖν·
3406 803 3502 856 καὶ
3524 803 3762 857 πάθεσιν

2210 907 2243 956 ό
2281 899 2541 968 ἀπαθὴς,
2575 900 2674 953 καί
2705 895 2943 964 σταυρῷ
2973 897 3073 949 καί
3109 895 3345 960 θανάτῳ
3400 897 3762 962 προσωμιλη-

2210 993 2326 1059 κὼς
2358 993 2509 1060 ὑπὲρ
2534 990 2700 1060 ἡμῶν
2754 990 3086 1058 (ἄνθρωπος
3128 987 3237 1056 τὰρ
3267 987 3390 1056 ἦν),
3429 984 3650 1051 ἀνέστη
3695 983 3763 1052 τῇ

2210 1084 2400 1153 ἡμέρᾳ
2430 1083 2507 1151 τῇ
2554 1084 2742 1151 τρίτῃ,
2783 1079 2880 1135 καί
2919 1077 3287 1148 ἐνεφάνισεν
3350 1077 3493 1147 ημῖν
3528 1076 3759 1130 ἑαυτόν·

2210 1176 2308 1230 καὶ
2328 1176 2689 1240 βλεπόντων
2715 1172 2905 1241 ἡμῶν.
2926 1171 3240 1240 ἀνελήφθη
3269 1171 3357 1233 είς
3390 1168 3495 1222 τόν
3523 1167 3766 1235 οὐρανόν

2211 1268 2378 1334 (Θεὸς
2410 1268 2520 1337 γὰρ
2551 1261 2670 1336 ἦν).
2721 1267 2831 1318 ’ον
2868 1263 2967 1317 καὶ
3011 1258 3448 1332 προσδοκῶμεν
3487 1259 3654 1326 ἥξειν
3674 1253 3768 1312 αὖ·

2218 1365 2331 1427 θις,
2369 1361 2450 1426 ώς
2482 1355 2673 1421 εἶπεν,
2715 1357 2783 1411 ἐκ
2812 1356 2930 1411 τῶν
2957 1355 3250 1426 οὐρανῶν,
3287 1353 3395 1408 τοῦ
3437 1349 3766 1418 ἀναστῆσαι

2211 1453 2459 1519 σύμπαν
2505 1449 2573 1504 τό
2609 1449 2881 1518 πλάσμα,
2932 1445 3036 1500 καὶ
3085 1446 3278 1514 κρῖναι
3316 1443 3412 1498 καί
3453 1441 3766 1497 ἀποδοῦναι

2209 1542 2442 1607 ἑκάστῳ
2457 1541 2608 1595 κατά
2630 1539 2744 1607 τὴν
2759 1539 2980 1607 πρᾶξιν
2996 1537 3207 1592 αὑτοῦ.
3231 1535 3453 1592 Τοῦτον
3472 1535 3765 1603 ἐπίτνωτε,

2218 1629 2644 1701 παραινοῦμεν.
2676 1631 2893 1684 Τοῦτον
2912 1629 3266 1695 σεϐάσθητε,
3296 1622 3764 1694 παρακαλοῦμεν·

2210 1724 2306 1777 καί
2333 1724 2402 1776 ἐν
2432 1721 2513 1787 τῷ
2548 1722 2793 1790 ὀνόματι
2821 1720 3037 1774 τούτου
3066 1717 3509 1786 βαπτιζόμενοι,
3545 1717 3768 1780 καθαρι-

2211 1813 2515 1880 σθήσεσθε
2539 1813 2656 1882 μὲν
2708 1812 2914 1879 πάσης
2941 1809 3196 1880 ἐναγοῦς
3233 1809 3332 1863 καὶ
3358 1805 3578 1878 μιαρᾶς
3617 1807 3766 1858 τελε-

2137 1879 2350 1974 Βτῆς·
2387 1879 2593 1972 πάσης
2639 1904 2709 1958 δὲ
2755 1903 2996 1974 χάριτος
3047 1879 3310 1970 μέτοχοι,
3357 1901 3460 1955 καὶ
3509 1894 3766 1952 κοινωνοί

2208 1997 2314 2064 τῆς
2357 1995 2546 2051 αὐτοῦ
2613 1998 2921 2066 Ιγενόμενοι
2993 1994 3360 2064 ἁγιωσύνης,
3415 1991 3766 2056 κληρονόμοι

2206 2090 2355 2158 ζωῆς
2406 2090 2651 2144 αἰωνίου
2706 2088 2804 2142 καὶ
2848 2089 3175 2154 βασιλείας
3230 2083 3763 2152 καταξιωθήσεσθε,

2205 2184 2274 2237 ἐν
2307 2181 2538 2251 Χριστῷ
2575 2181 2802 2249 Ἰησοῦ.
2842 2181 3048 2250 Ἀμήν.

2277 2274 2571 2340 Τοιαύταις
2596 2275 2625 2327 ό
2665 2273 3087 2345 μακαριώτατος
3123 2271 3439 2341 θεηγορίαις
3492 2265 3763 2323 νουθετῶν,

2205 2367 2509 2438 παραινῶν,
2551 2366 2657 2438 ἰδίᾳ
2677 2382 2738 2420 τε
2777 2364 2872 2420 καὶ
2895 2365 3133 2436 δημοσίᾳ
3159 2363 3252 2417 τὸν
3276 2363 3438 2432 λόγον
3465 2357 3765 2431 πρεσϐεύων

2203 2460 2303 2532 τῆς
2329 2457 2696 2529 δικαιοσύνης,
2749 2456 3157 2528 ἀναριθμήτους
3207 2454 3307 2525 μὲν
3358 2453 3562 2506 πείθων
3612 2464 3764 2520 προσ-

2206 2551 2370 2622 ήγετο
2396 2552 2464 2620 τῇ
2496 2546 2748 2619 ἀληθείᾳο
2783 2547 2851 2601 δι’
2880 2545 3071 2610 ὓδατος
3093 2545 3150 2599 δὲ
3176 2545 3271 2599 καὶ
3304 2544 3622 2613 Πνεύματος
3652 2538 3761 2592 τούς

2203 2659 2330 2706 τους
2360 2639 2693 2710 ἀναγεννῶν,
2730 2639 2824 2693 καὶ
2852 2639 2978 2702 τοὺς
3011 2636 3414 2706 συνετωτέρους
3467 2636 3525 2687 ὲν
3574 2631 3758 2692 αὐτοῖς,

2207 2731 2301 2784 καὶ
2323 2729 2544 2800 χάριτος
2575 2725 2819 2797 μείζονος
2856 2725 3211 2796 ἠξιωμένους,
3239 2724 3321 2787 είς
3348 2721 3661 2793 ἀρχιερέας,
3695 2716 3762 2778 ὡς

2206 2819 2388 2892 θέμις,
2413 2819 2508 2872 καὶ
2537 2817 2718 2888 ἱερέας
2740 2816 3197 2888 προϐαλλόμενος,
3230 2812 3562 2885 Ἐκκλησίαν
3594 2807 3756 2878 ἁγίαν,

2206 2911 2439 2983 ἄμωμον
2461 2910 2654 2982 ἀνίστη
2691 2908 2936 2981 Χριστῷ.

2289 3086 2431 3142 Ἀλλ’
2459 3088 2560 3140 οὐκ
2584 3085 2785 3156 ἤνεγκε
2818 3082 3035 3153 βλεπων
3065 3080 3242 3145 οὕτως
3287 3079 3648 3151 εὐοδουμένην
3676 3073 3761 3143 τὴν

2208 3177 2488 3248 ἀλήθειαν,
2520 3180 2549 3232 6
2593 3175 2799 3248 ταύτης
2847 3175 3070 3248 ἐχθρός·
3101 3176 3229 3238 τοὺς
3265 3173 3673 3234 δυνατωτάτους
3713 3167 3760 3220 δὲ

2208 3271 2302 3324 καὶ
2345 3269 2600 3342 πρώτους
2644 3269 2861 3340 ἐκείνης
2888 3271 2988 3338 τῆς
3045 3267 3254 3331 πόλεως
3299 3267 3528 3330 ὑποδὺς,
3558 3265 3648 3318 καὶ
3687 3260 3762 3314 τὸν

2207 3359 2367 3432 ζῆλον
2392 3363 2450 3414 ὲν
2483 3361 2672 3423 αὐτοῖς
2706 3358 3013 3428 ἀναφλέξας
3043 3358 3118 3422 ὼς
3142 3357 3278 3431 πῦρ,
3314 3355 3653 3428 συναρπάζει
3682 3357 3756 3423 μὲν

2208 3451 2371 3504 αὑτὸν
2408 3449 2641 3516 ἐξάπινα
2689 3448 2835 3520 χειρὶ
2885 3450 3286 3520 στρατιωτικῇ·
3325 3447 3585 3518 μαστιγοῖ
3613 3443 3667 3497 δὲ
3691 3458 3754 3493 ττι·

2205 3542 2374 3612 κρῶς,
2402 3541 2757 3611 καθείργνυσι
2790 3539 2848 3592 δὲ
2889 3539 3080 3602 δεινῶς
3099 3552 3115 3570 ⁸
3165 3538 3306 3610 μετά
3338 3538 3521 3593 ταῦτα
3551 3535 3606 3590 δὲ
3637 3547 3760 3603 σχοιο

2204 3636 2335 3696 νέοις
2373 3633 2677 3702 ἐξάψαντες
2725 3631 2870 3684 κατά
2923 3630 3031 3684 τῶν
3082 3630 3452 3701 ἀστραγάλων
3499 3627 3638 3700 (57),
3685 3619 3763 3676 ἐπὶ

2207 3724 2479 3795 μετεώρου
2511 3724 2600 3776 τὸν
2626 3722 2836 3777 δίκαιον
2859 3722 3174 3794 ὲκκρεμῶσι
3210 3722 3352 3776 κατά
3387 3721 3644 3792 κεφαλῆς.
3668 3711 3763 3770 Καὶ

2201 3811 2270 3885 ἦν
2299 3815 2488 3868 τοῦτον
2534 3815 2668 3884 όρᾷν
2719 3812 2974 3885 καθάπερ
3029 3813 3260 3884 ἄμωμον
3309 3814 3524 3885 ἀρνίον,
3555 3811 3642 3865 διὰ
3683 3801 3764 3859 τοῦ

2202 3909 2361 3977 ἀέρος
2385 3905 2820 3977 ἀπηωρημένονο
2859 3907 2954 3958 καὶ
2979 3903 3092 3959 ἀνω
3119 3907 3218 3976 μὲν
3252 3908 3386 3969 τοὺς
3418 3905 3604 3968 πόδας,
3635 3900 3767 3956 κάτω

2201 3999 2258 4052 δὲ
2293 3998 2390 4068 τὴν
2430 3997 2733 4068 σεϐασμίαν
2772 3995 2967 4067 ἔχοντα
3011 3997 3257 4069 κεφαλήν
3281 4016 3296 4032 ·
3345 4000 3448 4052 καὶ
3480 3997 3558 4066 τῷ
3596 3988 3764 4061 τοιῷδε

2203 4091 2440 4159 σχήματι
2496 4087 2593 4159 τὴν
2637 4087 2854 4158 ίθυτενῆ
2891 4088 3028 4158 πρὸς
3051 4089 3122 4142 τὰ
3150 4090 3263 4146 ἀνω
3300 4091 3398 4144 τοῦ
3433 4087 3527 4143 νοῦ
3554 4081 3763 4155 πορείαν

2203 4182 2295 4234 καὶ
2334 4180 2569 4250 θεωρίαν
2603 4179 3009 4250 ὑπογράφοντα.

2283 4271 2424 4324 Ἀλλ’
2447 4272 2547 4324 οὐκ
2578 4272 2789 4342 ἀφῆκεν
2819 4273 2982 4326 αὑτὸν
3008 4275 3035 4326 6
3067 4273 3270 4342 Κύριος
3311 4272 3730 4344 ἀπαρηγόρητον
3749 4279 3762 4295 ο

2201 4364 2483 4436 οἰκονομίᾳ
2541 4363 2598 4417 δὲ
2649 4365 2921 4436 κρείττονι
2973 4366 3066 4418 καὶ
3123 4364 3530 4436 Βαρθολομαῖος
3573 4363 3602 4415 6
3639 4359 3767 4418 θεῖος

2202 4455 2500 4519 ἀπόστολος
2537 4455 2716 4526 τούτῳ
2751 4455 3183 4524 συνεπαύρωτο.
3227 4457 3444 4510 Ἐκεῖσε
3482 4454 3593 4526 γὰρ
3621 4448 3768 4505 αὐτὸν

520 4549 642 4619 pari
676 4549 966 4603 damnatus
1015 4547 1265 4617 patibulo
1317 4548 1612 4618 pendebat.
1661 4547 1904 4619 Contigit
1949 4546 2099 4605 enim

2204 4548 2453 4619 ἐνδημεῖν
2477 4587 2493 4612 ,
2521 4549 2614 4602 καὶ
2635 4547 2827 4619 ὥσπερ
2850 4548 2942 4602 τοῦ
2977 4549 3310 4617 Εὑαγγελίου
3343 4549 3622 4610 κοινωνὸς,
3639 4541 3769 4598 οὕτω

520 4658 650 4698 eum
675 4650 804 4698 tunc
828 4641 905 4696 ibi
932 4640 1163 4705 versari,
1197 4657 1262 4696 ac
1291 4642 1436 4696 sicut
1457 4639 1881 4711 praedicationis,
1915 4639 1997 4696 sic
2036 4651 2096 4695 et

523 4735 796 4804 passionis
821 4732 1031 4789 socium
1061 4732 1220 4788 eluci.
1251 4733 1442 4804 Neque
1473 4733 1526 4788 id
1556 4731 1741 4797 modo,
1771 4731 1867 4787 sed
1893 4741 1951 4788 et
1975 4731 2095 4801 ipsa

589 4912 702 4980 (57)
714 4915 759 4965 Σ
764 4910 1007 4978 χοινίοις
1031 4908 1367 4978 ἐξάψαντες
1383 4909 1533 4964 κατὰ
1548 4909 1666 4964 τῶν
1680 4909 2096 4979 ἀστραγάλων.

525 4984 616 5040 Sic
665 4998 883 5051 quoque
927 4981 1194 5050 Metaphr.
1250 4995 1463 5035 necnon
1515 4980 1754 5046 Menasa,
1805 4982 1860 5034 in
1894 4980 2098 5051 quibus

523 5045 840 5122 expressius
869 5045 1110 5122 aliquid:
1159 5051 1276 5104 Ἐπὶ
1318 5053 1423 5122 τῆς
1447 5051 1707 5122 πλατείας
1736 5045 1952 5122 συρεὶς,
1979 5045 2099 5102 εἶτα

523 5119 650 5186 τοῦς
706 5119 1085 5192 ἀστραγάλους
1119 5119 1437 5192 τρυπηθεὶς,
1470 5123 1569 5192 snt,
1593 5119 1888 5192 τοῦαξύλου
1923 5121 2095 5192 ἀνῃρ-

523 5194 704 5264 τήθηῇ
745 5189 842 5244 καὶ
887 5191 1069 5264 οὓτωί
1124 5189 1456 5261 εὐξάμενος,
1505 5191 1582 5259 τῷ
1613 5190 1730 5259 Θεῷ
1771 5191 1832 5242 τὺ
1880 5189 2099 5264 πνεῦμα

521 5260 793 5332 παρέθετο
825 5279 840 5294 ο
878 5260 980 5332 Per
1013 5260 1270 5331 plateam
1293 5270 1514 5323 tractus,
1551 5271 1766 5332 tumque
1817 5260 2098 5332 perforatis

520 5330 779 5387 calcaneis
796 5335 851 5387 in
887 5330 1026 5402 ligno
1063 5348 1340 5400 suspensus
1377 5343 1473 5396 est,
1500 5340 1548 5384 et
1575 5334 1648 5385 sic
1675 5330 1858 5401 passus
1879 5330 2101 5402 Domino

523 5404 741 5457 tradidit
777 5401 1062 5474 spiritum:
1091 5403 1294 5471 quibus
1344 5410 1604 5474 constans
1647 5410 1750 5474 est,
1786 5401 2098 5474 Philippum

522 5474 700 5542 capite
757 5470 1020 5528 deorsum
1075 5470 1259 5536 verso,
1310 5481 1368 5526 et
1395 5471 1618 5541 quidem
1654 5471 1777 5542 talis
1807 5471 1886 5525 sic
1917 5470 2102 5540 perfo-

523 5541 680 5612 ratis.
717 5543 889 5612 stipiti
921 5559 984 5597 ac
1007 5543 1161 5598 cruci
1212 5543 1492 5611 alligatum
1525 5541 1849 5612 pependisse
1882 5559 1895 5595 :
1931 5555 2096 5609 quam

525 5611 663 5665 forte
687 5611 857 5679 ipsam
885 5629 1108 5667 crucem
1143 5613 1315 5666 velint
1344 5611 1607 5667 Romana
1640 5612 1858 5674 tabulte,
1899 5621 1957 5665 et
1986 5612 2096 5665 Eu-

525 5681 734 5735 sebiani
753 5683 1010 5753 Chronici
1034 5683 1415 5751 interpolator,
1448 5698 1515 5736 ex
1541 5699 1651 5753 quo
1691 5683 1809 5752 ipso
1835 5690 2094 5753 tanquam

527 5764 593 5802 ex
629 5765 759 5804 vero
805 5752 1043 5806 Eusebio
1089 5753 1426 5820 acceperint,
1455 5751 1573 5820 qui‘
1603 5751 1826 5807 easdem
1879 5751 2095 5806 tabulas

527 5829 824 5898 austerum,
860 5835 1168 5898 novasque
1203 5823 1938 5898 co.mposuerunt._Lapides
1965 5821 2094 5898 addi

527 5885 689 5942 facile
716 5888 823 5942 fuit
852 5885 1220 5946 tumultuaria:
1242 5885 1702 5959 illi'cruciﬁxioni,
1739 5885 1899 5962 plebe
1929 5897 1983 5951 in
2015 5893 2096 5948 fu-

2199 4639 2264 4712 δὴ
2287 4641 2381 4693 καὶ
2406 4640 2501 4693 τοῦ
2524 4640 2730 4704 πάθους
2759 4640 3107 4711 ὲγνωρίζετο.
3135 4643 3210 4695 Οὐ
3239 4641 3401 4712 μόνον
3425 4643 3504 4703 δὲ,
3529 4637 3659 4692 ἀλλὰ
3685 4631 3768 4686 καὶ

2201 4729 2342 4801 αὐτὴ
2380 4729 2615 4800 Μαριὰμ
2647 4731 2684 4801 ἡ
2726 4729 2996 4784 Φιλίππου
3029 4730 3233 4802 ἀδελφή
3276 4731 3424 4803 ('58)°
3454 4728 3656 4798 ἀδελφὴ
3682 4724 3771 4792 τὴν

2200 4925 2382 4963 rorem
2421 4918 2541 4964 acta
2574 4908 2840 4964 adversus
2871 4907 3153 4978 Sanctum,
3176 4910 3353 4966 donec
3376 4917 3688 4978 terrzemotu
3715 4917 3770 4957 ac

2201 4978 2385 5034 hiatus
2420 4979 2663 5048 periculo
2703 4979 2806 5033 fuit
2859 4977 3147 5036 deterrita.
3189 4981 3375 5036 Mitior
3425 4980 3594 5035 fuerit
3651 4977 3768 5028 Bar-

2203 5049 2480 5104 tholomtei
2513 5064 2648 5102 crux
2676 5057 2733 5103 et
2761 5049 2944 5104 Mariae
2999 5051 3207 5106 sororis
3227 5091 3242 5115 ,
3298 5051 3417 5107 sive
3470 5049 3770 5115 Mariamnge

2202 5120 2286 5188 (ut
2318 5118 2883 5191 Menaeaqvocanthut
2913 5120 3134 5176 licuerit
3191 5111 3395 5191 deponi
3438 5135 3504 5176 ac
3534 5111 3758 5188 supervi-

2200 5205 2352 5251 vere,
2381 5205 2504 5244 cum
2529 5189 2639 5258 jam
2675 5189 2958 5259 Philippus
2987 5191 3132 5246 diem
3167 5189 3484 5247 clausisset.

2277 5260 2387 5327 (58)
2418 5257 2582 5325 Αὐτὴ
2610 5257 2872 5327 Μαριὰμ,
2898 5262 2936 5328 ἠ
2971 5263 3270 5315 Φιλίππου
3302 5258 3562 5330 ἀδελφή.
3582 5257 3767 5330 Meneta

2207 5322 2578 5399 Μάριᾶμνην,
2609 5322 2720 5399 quo
2744 5322 3118 5386 etiam'modo
3147 5333 3415 5398 Metaphr.
3450 5322 3663 5399 fuitque
3698 5322 3760 5375 fa-

2205 5401 2320 5472 cile
2343 5400 2464 5472 ejus
2494 5400 2646 5472 vocis
2663 5399 2925 5472 ultimam
2939 5403 3201 5472 syllabam
3233 5403 3551 5470 antiquario
3579 5399 3768 5472 Mater.

2203 5463 2481 5525 excidere.
2515 5469 2884 5525 Consentiunt
2913 5463 3030 5525 haec
3061 5481 3208 5526 tanta
3241 5473 3310 5526 de
3341 5463 3510 5526 Maria
3537 5483 3632 5524 seu
3665 5463 3762 5518 Ma-

2204 5541 2438 5612 riamna,
2470 5540 2954 5612 sororeAPhilippi,
2988 5558 3096 5596 non
3135 5543 3331 5612 solum
3371 5527 3766 5612 fspiritali._.sc‘l

2200 5610 2368 5664 etiam
2397 5611 2638 5673 carnali,
2673 5605 2899 5680 hisiqu'ai
2931 5612 3100 5666 refert
3130 5611 3330 5666 Paulus
3351 5605 3425 5666 de
3441 5605 3699 5680 apostolis
3717 5607 3765 5655 et

2199 5680 2651 5749 praedicatoribus
2680 5679 2943 5746 llebraais,
2967 5679 3511 5737 circumducenlibus
3534 5683 3766 5733 sororem

2200 5751 2508 5815 mulierem,
2561 5766 2714 5804 more
2761 5751 2938 5820 gentis
2991 5751 3020 5806 Ι
3061 5752 3184 5807 Cor.
3212 5770 3284 5818 ut,
3335 5753 3400 5818 5;
3431 5766 3538 5820 qua
3598 5753 3765 5820 tamen

2202 5822 2250 5876 is
2276 5821 2499 5876 .icentia
2528 5817 3043 5894 minime'usussit,
3084 5839 3153 5878 ne
3204 5817 3392 5894 quam
3418 5817 3763 5894 θ’θξεηεξοηρῐιξ

2200 5900 2432 5963 poneret
2489 5892 2787 5962 gentibus,
2829 5887 3036 5964 quibus
3079 5887 3418 5964 pecuiiarius
3471 5887 3763 5945 destinatus
