  <div class='ocr_page' id='page_1' title='image "/cluster/home/n/w/nwhite01/storage/ocr_20150623/105/coo.31924054870096/104.png"; bbox 0 0 4094 6412; ppageno 0'>
   <div class='ocr_carea' id='block_1_1' title="bbox 376 433 3654 513">
    <p class='ocr_par' dir='ltr' id='par_1_1' title="bbox 376 433 3654 513">
     <span class='ocr_line' id='line_1_1' title="bbox 376 433 3654 513; baseline 0.003 -13"><span class='ocrx_word' id='word_1_1' title='bbox 376 433 483 500; x_wconf 85' lang='grc'><strong>181</strong></span> <span class='ocrx_word' id='word_1_2' title='bbox 1150 439 1436 501; x_wconf 80' lang='lat' dir='ltr'><strong>ORATIO</strong></span> <span class='ocrx_word' id='word_1_3' title='bbox 1476 439 1667 500; x_wconf 82' lang='lat' dir='ltr'><strong>lX.-</strong></span> <span class='ocrx_word' id='word_1_4' title='bbox 1696 437 1780 499; x_wconf 84' lang='lat' dir='ltr'><strong>IN</strong></span> <span class='ocrx_word' id='word_1_5' title='bbox 1817 439 2135 502; x_wconf 86' lang='lat' dir='ltr'><strong>LAUDEM</strong></span> <span class='ocrx_word' id='word_1_6' title='bbox 2171 441 2234 502; x_wconf 91' lang='lat' dir='ltr'><strong>S.</strong></span> <span class='ocrx_word' id='word_1_7' title='bbox 2278 439 2618 502; x_wconf 87' lang='lat' dir='ltr'><strong>PHILIPPI</strong></span> <span class='ocrx_word' id='word_1_8' title='bbox 2656 441 2913 505; x_wconf 86' lang='lat' dir='ltr'><strong>APOST.</strong></span> <span class='ocrx_word' id='word_1_9' title='bbox 3547 444 3654 513; x_wconf 77' lang='lat'><strong>182</strong></span> 
     </span>
    </p>
   </div>
   <div class='ocr_carea' id='block_1_2' title="bbox 377 546 2002 625">
    <p class='ocr_par' dir='ltr' id='par_1_2' title="bbox 377 546 2002 623">
     <span class='ocr_line' id='line_1_2' title="bbox 377 546 2002 623; baseline 0 -19"><span class='ocrx_word' id='word_1_10' title='bbox 377 549 568 620; x_wconf 85' lang='grc' dir='ltr'>φύσιν,</span> <span class='ocrx_word' id='word_1_11' title='bbox 597 547 821 622; x_wconf 84' lang='grc' dir='ltr'>’ἀδελφὴ</span> <span class='ocrx_word' id='word_1_12' title='bbox 866 546 966 620; x_wconf 78' lang='grc' dir='ltr'>τὴν</span> <span class='ocrx_word' id='word_1_13' title='bbox 993 549 1209 604; x_wconf 75' lang='grc' dir='ltr'>πίστινο</span> <span class='ocrx_word' id='word_1_14' title='bbox 1236 551 1331 606; x_wconf 80' lang='grc' dir='ltr'>τὸν</span> <span class='ocrx_word' id='word_1_15' title='bbox 1381 549 1574 622; x_wconf 79' lang='grc' dir='ltr'>ζῆλον,</span> <span class='ocrx_word' id='word_1_16' title='bbox 1614 549 1950 623; x_wconf 82' lang='grc' dir='ltr'>ὁμότροπος⁶</span> <span class='ocrx_word' id='word_1_17' title='bbox 1982 562 2002 612; x_wconf 67' lang='grc' dir='ltr'><em>Α</em></span> 
     </span>
    </p>
   </div>
   <div class='ocr_carea' id='block_1_3' title="bbox 2100 546 3650 625">
    <p class='ocr_par' dir='ltr' id='par_1_3' title="bbox 2100 549 3650 625">
     <span class='ocr_line' id='line_1_3' title="bbox 2100 549 3650 625; baseline 0.007 -21"><span class='ocrx_word' id='word_1_18' title='bbox 2100 549 2228 606; x_wconf 84' lang='lat' dir='ltr'><strong>[aria</strong></span> <span class='ocrx_word' id='word_1_19' title='bbox 2301 551 2540 622; x_wconf 83' lang='lat' dir='ltr'><strong>Philippi</strong></span> <span class='ocrx_word' id='word_1_20' title='bbox 2580 567 2803 620; x_wconf 86' lang='lat' dir='ltr'><strong>.soror,</strong></span> <span class='ocrx_word' id='word_1_21' title='bbox 2861 567 3063 625; x_wconf 85' lang='lat' dir='ltr'><strong>nempe</strong></span> <span class='ocrx_word' id='word_1_22' title='bbox 3113 569 3272 610; x_wconf 82' lang='lat' dir='ltr'><strong>soror</strong></span> <span class='ocrx_word' id='word_1_23' title='bbox 3326 562 3527 614; x_wconf 89' lang='lat' dir='ltr'><strong>natura</strong></span> <span class='ocrx_word' id='word_1_24' title='bbox 3585 575 3650 615; x_wconf 91' lang='lat' dir='ltr'><strong>ac</strong></span> 
     </span>
    </p>
   </div>
   <div class='ocr_carea' id='block_1_4' title="bbox 375 640 2002 716">
    <p class='ocr_par' dir='ltr' id='par_1_4' title="bbox 375 640 1952 716">
     <span class='ocr_line' id='line_1_4' title="bbox 375 640 1952 716; baseline 0.002 -20"><span class='ocrx_word' id='word_1_25' title='bbox 375 641 486 711; x_wconf 74' lang='grc' dir='ltr'>τὴν</span> <span class='ocrx_word' id='word_1_26' title='bbox 539 640 794 712; x_wconf 81' lang='grc' dir='ltr'><strong>ἀγάπην,</strong></span> <span class='ocrx_word' id='word_1_27' title='bbox 852 641 1214 714; x_wconf 82' lang='grc' dir='ltr'>ὁμόγνωμος·</span> <span class='ocrx_word' id='word_1_28' title='bbox 1271 644 1543 715; x_wconf 80' lang='grc' dir='ltr'><strong>παρθένος</strong></span> <span class='ocrx_word' id='word_1_29' title='bbox 1597 644 1698 716; x_wconf 83' lang='grc' dir='ltr'>τὴν</span> <span class='ocrx_word' id='word_1_30' title='bbox 1751 643 1952 716; x_wconf 82' lang='grc' dir='ltr'>ψυχὴν,</span> 
     </span>
    </p>
   </div>
   <div class='ocr_carea' id='block_1_5' title="bbox 2100 640 3654 716">
    <p class='ocr_par' dir='ltr' id='par_1_5' title="bbox 2100 643 3654 716">
     <span class='ocr_line' id='line_1_5' title="bbox 2100 643 3654 716; baseline 0.008 -20"><span class='ocrx_word' id='word_1_31' title='bbox 2100 644 2164 698; x_wconf 90' lang='lat' dir='ltr'><strong>de</strong></span> <span class='ocrx_word' id='word_1_32' title='bbox 2210 659 2408 712; x_wconf 88' lang='lat' dir='ltr'><strong>soror;</strong></span> <span class='ocrx_word' id='word_1_33' title='bbox 2448 643 2569 716; x_wconf 90' lang='lat' dir='ltr'><strong>pari</strong></span> <span class='ocrx_word' id='word_1_34' title='bbox 2622 661 2841 702; x_wconf 88' lang='lat' dir='ltr'><strong>morum</strong></span> <span class='ocrx_word' id='word_1_35' title='bbox 2899 647 3269 712; x_wconf 83' lang='lat' dir='ltr'><strong>aemulatione,</strong></span> <span class='ocrx_word' id='word_1_36' title='bbox 3296 650 3654 708; x_wconf 90' lang='lat' dir='ltr'><strong>consentiens</strong></span> 
     </span>
    </p>
   </div>
   <div class='ocr_carea' id='block_1_6' title="bbox 376 733 2002 810">
    <p class='ocr_par' dir='ltr' id='par_1_6' title="bbox 376 733 1956 808">
     <span class='ocr_line' id='line_1_6' title="bbox 376 733 1956 808; baseline 0.001 -20"><span class='ocrx_word' id='word_1_37' title='bbox 376 733 651 806; x_wconf 80' lang='grc' dir='ltr'><strong>παρθένος</strong></span> <span class='ocrx_word' id='word_1_38' title='bbox 697 733 761 788; x_wconf 82' lang='grc' dir='ltr'>τὸ</span> <span class='ocrx_word' id='word_1_39' title='bbox 807 734 1002 807; x_wconf 86' lang='grc' dir='ltr'>σῶμα,</span> <span class='ocrx_word' id='word_1_40' title='bbox 1051 735 1148 808; x_wconf 82' lang='grc' dir='ltr'>ὅλη</span> <span class='ocrx_word' id='word_1_41' title='bbox 1194 737 1515 808; x_wconf 87' lang='grc' dir='ltr'>τετρωμένη</span> <span class='ocrx_word' id='word_1_42' title='bbox 1581 736 1680 807; x_wconf 84' lang='grc' dir='ltr'><strong>τῆς</strong></span> <span class='ocrx_word' id='word_1_43' title='bbox 1736 737 1956 808; x_wconf 85' lang='grc' dir='ltr'><strong>ἀγάπης</strong></span> 
     </span>
    </p>
   </div>
   <div class='ocr_carea' id='block_1_7' title="bbox 2100 733 3647 810">
    <p class='ocr_par' dir='ltr' id='par_1_7' title="bbox 2100 735 3647 810">
     <span class='ocr_line' id='line_1_7' title="bbox 2100 735 3647 810; baseline 0.003 -20"><span class='ocrx_word' id='word_1_44' title='bbox 2100 735 2346 801; x_wconf 84' lang='lat' dir='ltr'><strong>haritate,</strong></span> <span class='ocrx_word' id='word_1_45' title='bbox 2381 737 2538 809; x_wconf 79' lang='lat' dir='ltr'><strong>virgo</strong></span> <span class='ocrx_word' id='word_1_46' title='bbox 2570 738 2776 804; x_wconf 91' lang='lat' dir='ltr'><strong>animo,</strong></span> <span class='ocrx_word' id='word_1_47' title='bbox 2816 738 2972 810; x_wconf 82' lang='lat' dir='ltr'><strong>virgo</strong></span> <span class='ocrx_word' id='word_1_48' title='bbox 2997 753 3245 810; x_wconf 85' lang='lat' dir='ltr'><strong>corpore,</strong></span> <span class='ocrx_word' id='word_1_49' title='bbox 3277 747 3390 796; x_wconf 86' lang='lat' dir='ltr'><strong>tota</strong></span> <span class='ocrx_word' id='word_1_50' title='bbox 3439 739 3647 797; x_wconf 78' lang='lat' dir='ltr'><strong>Christi</strong></span> 
     </span>
    </p>
   </div>
   <div class='ocr_carea' id='block_1_8' title="bbox 373 825 2002 900">
    <p class='ocr_par' dir='ltr' id='par_1_8' title="bbox 373 825 1959 900">
     <span class='ocr_line' id='line_1_8' title="bbox 373 825 1959 900; baseline 0.003 -22"><span class='ocrx_word' id='word_1_51' title='bbox 373 825 647 896; x_wconf 80' lang='grc' dir='ltr'><strong>Χριστοῦ.</strong></span> <span class='ocrx_word' id='word_1_52' title='bbox 679 827 938 899; x_wconf 83' lang='grc' dir='ltr'>Μαριὰμ,</span> <span class='ocrx_word' id='word_1_53' title='bbox 967 827 1167 900; x_wconf 86' lang='grc' dir='ltr'>γνησία</span> <span class='ocrx_word' id='word_1_54' title='bbox 1197 827 1436 900; x_wconf 81' lang='grc' dir='ltr'><strong>Χριστοῦ</strong></span> <span class='ocrx_word' id='word_1_55' title='bbox 1463 827 1804 900; x_wconf 72' lang='grc' dir='ltr'>θεραπαινὶς,</span> <span class='ocrx_word' id='word_1_56' title='bbox 1832 828 1959 894; x_wconf 81' lang='grc' dir='ltr'>ἀξία</span> 
     </span>
    </p>
   </div>
   <div class='ocr_carea' id='block_1_9' title="bbox 2100 825 3653 900">
    <p class='ocr_par' dir='ltr' id='par_1_9' title="bbox 2100 829 3653 898">
     <span class='ocr_line' id='line_1_9' title="bbox 2100 829 3653 898; baseline 0.006 -16"><span class='ocrx_word' id='word_1_57' title='bbox 2100 829 2347 884; x_wconf 89' lang='lat' dir='ltr'><strong>ulnerata</strong></span> <span class='ocrx_word' id='word_1_58' title='bbox 2394 829 2667 887; x_wconf 88' lang='lat' dir='ltr'><strong>charitate</strong></span> <span class='ocrx_word' id='word_1_59' title='bbox 2690 831 2760 886; x_wconf 73' lang='lat'><strong>&quot;.</strong></span> <span class='ocrx_word' id='word_1_60' title='bbox 2789 831 2978 898; x_wconf 81' lang='lat' dir='ltr'><strong>Maria,</strong></span> <span class='ocrx_word' id='word_1_61' title='bbox 3012 847 3142 888; x_wconf 86' lang='lat' dir='ltr'><strong>vera</strong></span> <span class='ocrx_word' id='word_1_62' title='bbox 3186 831 3391 888; x_wconf 77' lang='lat' dir='ltr'><strong>Christi</strong></span> <span class='ocrx_word' id='word_1_63' title='bbox 3428 833 3653 892; x_wconf 68' lang='lat' dir='ltr'><strong>ancilla.</strong></span> 
     </span>
    </p>
   </div>
   <div class='ocr_carea' id='block_1_10' title="bbox 373 916 2002 994">
    <p class='ocr_par' dir='ltr' id='par_1_10' title="bbox 373 916 1959 992">
     <span class='ocr_line' id='line_1_10' title="bbox 373 916 1959 992; baseline 0.001 -23"><span class='ocrx_word' id='word_1_64' title='bbox 373 916 520 970; x_wconf 85' lang='grc' dir='ltr'>Θεοῦ</span> <span class='ocrx_word' id='word_1_65' title='bbox 568 917 838 990; x_wconf 81' lang='grc' dir='ltr'><strong>θυγάτηρ,</strong></span> <span class='ocrx_word' id='word_1_66' title='bbox 872 919 971 990; x_wconf 82' lang='grc' dir='ltr'>ὅλη</span> <span class='ocrx_word' id='word_1_67' title='bbox 1013 918 1106 973; x_wconf 90' lang='grc' dir='ltr'><strong>τοῦ</strong></span> <span class='ocrx_word' id='word_1_68' title='bbox 1139 919 1406 989; x_wconf 87' lang='grc' dir='ltr'>παναγίου</span> <span class='ocrx_word' id='word_1_69' title='bbox 1429 919 1748 992; x_wconf 88' lang='grc' dir='ltr'>Πνεύματος</span> <span class='ocrx_word' id='word_1_70' title='bbox 1785 936 1959 991; x_wconf 89' lang='grc' dir='ltr'>μεμε-</span> 
     </span>
    </p>
   </div>
   <div class='ocr_carea' id='block_1_11' title="bbox 2100 916 3655 994">
    <p class='ocr_par' dir='ltr' id='par_1_11' title="bbox 2103 921 3655 994">
     <span class='ocr_line' id='line_1_11' title="bbox 2103 921 3655 994; baseline 0.001 -19"><span class='ocrx_word' id='word_1_71' title='bbox 2103 921 2225 991; x_wconf 82' lang='lat' dir='ltr'><strong>igna</strong></span> <span class='ocrx_word' id='word_1_72' title='bbox 2276 922 2372 977; x_wconf 89' lang='lat' dir='ltr'><strong>Dei</strong></span> <span class='ocrx_word' id='word_1_73' title='bbox 2427 923 2558 990; x_wconf 83' lang='lat' dir='ltr'><strong>filia,</strong></span> <span class='ocrx_word' id='word_1_74' title='bbox 2583 932 2697 980; x_wconf 88' lang='lat' dir='ltr'><strong>tota</strong></span> <span class='ocrx_word' id='word_1_75' title='bbox 2756 923 2967 994; x_wconf 88' lang='lat' dir='ltr'><strong>Spiritu</strong></span> <span class='ocrx_word' id='word_1_76' title='bbox 3016 933 3207 980; x_wconf 90' lang='lat' dir='ltr'><strong>sancto</strong></span> <span class='ocrx_word' id='word_1_77' title='bbox 3256 925 3438 994; x_wconf 89' lang='lat' dir='ltr'><strong>plena,</strong></span> <span class='ocrx_word' id='word_1_78' title='bbox 3471 922 3655 983; x_wconf 78' lang='lat' dir='ltr'><strong>ﬁdelis</strong></span> 
     </span>
    </p>
   </div>
   <div class='ocr_carea' id='block_1_12' title="bbox 374 1006 2002 1086">
    <p class='ocr_par' dir='ltr' id='par_1_12' title="bbox 374 1006 1962 1083">
     <span class='ocr_line' id='line_1_12' title="bbox 374 1006 1962 1083; baseline 0.001 -24"><span class='ocrx_word' id='word_1_79' title='bbox 374 1007 664 1078; x_wconf 85' lang='grc' dir='ltr'>στωμένη,</span> <span class='ocrx_word' id='word_1_80' title='bbox 689 1006 857 1080; x_wconf 79' lang='grc' dir='ltr'>πιστὴ</span> <span class='ocrx_word' id='word_1_81' title='bbox 887 1007 982 1063; x_wconf 84' lang='grc' dir='ltr'><strong>τοῦ</strong></span> <span class='ocrx_word' id='word_1_82' title='bbox 1007 1008 1339 1080; x_wconf 83' lang='grc' dir='ltr'>Εὐαγγελίου</span> <span class='ocrx_word' id='word_1_83' title='bbox 1369 1009 1667 1083; x_wconf 82' lang='grc' dir='ltr'><strong>μαθήτρια,</strong></span> <span class='ocrx_word' id='word_1_84' title='bbox 1696 1008 1962 1064; x_wconf 87' lang='grc' dir='ltr'>σπουδαία</span> 
     </span>
    </p>
   </div>
   <div class='ocr_carea' id='block_1_13' title="bbox 2100 1006 3658 1086">
    <p class='ocr_par' dir='ltr' id='par_1_13' title="bbox 2100 1013 3658 1086">
     <span class='ocr_line' id='line_1_13' title="bbox 2100 1013 3658 1086; baseline 0 -19"><span class='ocrx_word' id='word_1_85' title='bbox 2100 1014 2343 1085; x_wconf 71' lang='lat' dir='ltr'><strong>Lvangelii</strong></span> <span class='ocrx_word' id='word_1_86' title='bbox 2403 1014 2710 1086; x_wconf 88' lang='lat' dir='ltr'><strong>discipula,</strong></span> <span class='ocrx_word' id='word_1_87' title='bbox 2771 1015 2963 1071; x_wconf 92' lang='lat' dir='ltr'><strong>sedula</strong></span> <span class='ocrx_word' id='word_1_88' title='bbox 3035 1029 3317 1086; x_wconf 77' lang='lat' dir='ltr'><strong>gnavaque</strong></span> <span class='ocrx_word' id='word_1_89' title='bbox 3381 1013 3658 1084; x_wconf 89' lang='lat' dir='ltr'><strong>apostolo-</strong></span> 
     </span>
    </p>
   </div>
   <div class='ocr_carea' id='block_1_14' title="bbox 372 1096 2002 1173">
    <p class='ocr_par' dir='ltr' id='par_1_14' title="bbox 372 1099 1964 1173">
     <span class='ocr_line' id='line_1_14' title="bbox 372 1099 1964 1173; baseline 0.002 -22"><span class='ocrx_word' id='word_1_90' title='bbox 372 1099 490 1152; x_wconf 83' lang='grc' dir='ltr'><strong>τῶν</strong></span> <span class='ocrx_word' id='word_1_91' title='bbox 523 1099 841 1154; x_wconf 80' lang='grc' dir='ltr'><strong>ἀποστόλων</strong></span> <span class='ocrx_word' id='word_1_92' title='bbox 895 1100 1164 1168; x_wconf 86' lang='grc' dir='ltr'>διάκονος,</span> <span class='ocrx_word' id='word_1_93' title='bbox 1199 1102 1294 1156; x_wconf 79' lang='grc' dir='ltr'>καὶ</span> <span class='ocrx_word' id='word_1_94' title='bbox 1353 1100 1664 1173; x_wconf 86' lang='grc' dir='ltr'>θερμοτάτη</span> <span class='ocrx_word' id='word_1_95' title='bbox 1699 1100 1836 1172; x_wconf 82' lang='grc' dir='ltr'>πρὸς</span> <span class='ocrx_word' id='word_1_96' title='bbox 1864 1101 1964 1164; x_wconf 85' lang='grc' dir='ltr'><strong>τὰς</strong></span> 
     </span>
    </p>
   </div>
   <div class='ocr_carea' id='block_1_15' title="bbox 2100 1096 3657 1173">
    <p class='ocr_par' dir='ltr' id='par_1_15' title="bbox 2100 1096 3657 1171">
     <span class='ocr_line' id='line_1_15' title="bbox 2100 1096 3657 1171; baseline -0.003 -12"><span class='ocrx_word' id='word_1_97' title='bbox 2100 1096 2190 1159; x_wconf 74' lang='lat' dir='ltr'><strong>uin</strong></span> <span class='ocrx_word' id='word_1_98' title='bbox 2245 1105 2598 1171; x_wconf 89' lang='lat' dir='ltr'><strong>administra,</strong></span> <span class='ocrx_word' id='word_1_99' title='bbox 2634 1105 2951 1162; x_wconf 86' lang='lat' dir='ltr'><strong>ﬁdelissima</strong></span> <span class='ocrx_word' id='word_1_100' title='bbox 3003 1106 3072 1160; x_wconf 90' lang='lat' dir='ltr'><strong>ad</strong></span> <span class='ocrx_word' id='word_1_101' title='bbox 3127 1105 3343 1161; x_wconf 74' lang='lat' dir='ltr'><strong>Graecas</strong></span> <span class='ocrx_word' id='word_1_102' title='bbox 3393 1103 3657 1159; x_wconf 85' lang='lat' dir='ltr'><strong>mulieres</strong></span> 
     </span>
    </p>
   </div>
   <div class='ocr_carea' id='block_1_16' title="bbox 390 1191 2002 1268">
    <p class='ocr_par' dir='ltr' id='par_1_16' title="bbox 390 1191 1964 1268">
     <span class='ocr_line' id='line_1_16' title="bbox 390 1191 1964 1268; baseline 0.001 -22"><span class='ocrx_word' id='word_1_103' title='bbox 390 1191 711 1265; x_wconf 80' lang='grc' dir='ltr'>Ἑλληνίδας</span> <span class='ocrx_word' id='word_1_104' title='bbox 743 1192 837 1247; x_wconf 90' lang='grc' dir='ltr'><strong>τοῦ</strong></span> <span class='ocrx_word' id='word_1_105' title='bbox 871 1193 1051 1266; x_wconf 86' lang='grc' dir='ltr'>Ἰησοῦ</span> <span class='ocrx_word' id='word_1_106' title='bbox 1082 1194 1524 1268; x_wconf 83' lang='grc' dir='ltr'>εύαγγελίστρια.</span> <span class='ocrx_word' id='word_1_107' title='bbox 1563 1195 1808 1251; x_wconf 84' lang='grc' dir='ltr'>Ἀνωθεν</span> <span class='ocrx_word' id='word_1_108' title='bbox 1823 1193 1964 1265; x_wconf 81' lang='grc' dir='ltr'>αῦτη</span> 
     </span>
    </p>
   </div>
   <div class='ocr_carea' id='block_1_17' title="bbox 2100 1191 3656 1268">
    <p class='ocr_par' dir='ltr' id='par_1_17' title="bbox 2101 1195 3656 1268">
     <span class='ocr_line' id='line_1_17' title="bbox 2101 1195 3656 1268; baseline -0.004 -15"><span class='ocrx_word' id='word_1_109' title='bbox 2101 1212 2200 1253; x_wconf 90' lang='lat' dir='ltr'><strong>esu</strong></span> <span class='ocrx_word' id='word_1_110' title='bbox 2229 1212 2411 1268; x_wconf 74' lang='lat' dir='ltr'><strong>praaco</strong></span> <span class='ocrx_word' id='word_1_111' title='bbox 2437 1236 2452 1252; x_wconf 93' lang='lat'><strong>.</strong></span> <span class='ocrx_word' id='word_1_112' title='bbox 2484 1195 2612 1254; x_wconf 73' lang='lat' dir='ltr'><strong>Haec</strong></span> <span class='ocrx_word' id='word_1_113' title='bbox 2663 1198 2798 1254; x_wconf 90' lang='lat' dir='ltr'><strong>olim</strong></span> <span class='ocrx_word' id='word_1_114' title='bbox 2850 1197 3106 1268; x_wconf 91' lang='lat' dir='ltr'><strong>Philippo</strong></span> <span class='ocrx_word' id='word_1_115' title='bbox 3148 1196 3390 1261; x_wconf 90' lang='lat' dir='ltr'><strong>assidua,</strong></span> <span class='ocrx_word' id='word_1_116' title='bbox 3423 1210 3534 1266; x_wconf 89' lang='lat' dir='ltr'><strong>quo</strong></span> <span class='ocrx_word' id='word_1_117' title='bbox 3589 1209 3656 1248; x_wconf 89' lang='lat' dir='ltr'><strong>ex</strong></span> 
     </span>
    </p>
   </div>
   <div class='ocr_carea' id='block_1_18' title="bbox 382 1282 2002 1359">
    <p class='ocr_par' dir='ltr' id='par_1_18' title="bbox 382 1282 1968 1358">
     <span class='ocr_line' id='line_1_18' title="bbox 382 1282 1968 1358; baseline 0.001 -22"><span class='ocrx_word' id='word_1_118' title='bbox 382 1284 824 1356; x_wconf 76' lang='grc' dir='ltr'><strong>προσεκαρτέρει</strong></span> <span class='ocrx_word' id='word_1_119' title='bbox 844 1283 924 1356; x_wconf 83' lang='grc' dir='ltr'><strong>τῷ</strong></span> <span class='ocrx_word' id='word_1_120' title='bbox 947 1284 1221 1358; x_wconf 78' lang='grc' dir='ltr'>Φιλίππῳ,</span> <span class='ocrx_word' id='word_1_121' title='bbox 1246 1285 1309 1352; x_wconf 81' lang='grc' dir='ltr'>ἐξ</span> <span class='ocrx_word' id='word_1_122' title='bbox 1330 1282 1391 1342; x_wconf 80' lang='grc' dir='ltr'>οῦ</span> <span class='ocrx_word' id='word_1_123' title='bbox 1411 1286 1505 1340; x_wconf 78' lang='grc' dir='ltr'>τὸν</span> <span class='ocrx_word' id='word_1_124' title='bbox 1534 1285 1738 1357; x_wconf 88' lang='grc' dir='ltr'>κλῆρον</span> <span class='ocrx_word' id='word_1_125' title='bbox 1771 1285 1968 1356; x_wconf 78' lang='grc' dir='ltr'>εἴληφε</span> 
     </span>
    </p>
   </div>
   <div class='ocr_carea' id='block_1_19' title="bbox 2100 1282 3658 1359">
    <p class='ocr_par' dir='ltr' id='par_1_19' title="bbox 2100 1285 3658 1359">
     <span class='ocr_line' id='line_1_19' title="bbox 2100 1285 3658 1359; baseline -0.002 -17"><span class='ocrx_word' id='word_1_126' title='bbox 2100 1303 2319 1359; x_wconf 65' lang='lat' dir='ltr'><strong>tempore</strong></span> <span class='ocrx_word' id='word_1_127' title='bbox 2341 1290 2702 1359; x_wconf 88' lang='lat' dir='ltr'><strong>apostolicum</strong></span> <span class='ocrx_word' id='word_1_128' title='bbox 2724 1304 2926 1345; x_wconf 89' lang='lat' dir='ltr'><strong>munus</strong></span> <span class='ocrx_word' id='word_1_129' title='bbox 2982 1289 3184 1344; x_wconf 92' lang='lat' dir='ltr'><strong>inierat</strong></span> <span class='ocrx_word' id='word_1_130' title='bbox 3213 1305 3229 1356; x_wconf 92' lang='lat'><strong>;</strong></span> <span class='ocrx_word' id='word_1_131' title='bbox 3265 1303 3414 1352; x_wconf 92' lang='lat' dir='ltr'><strong>eum,</strong></span> <span class='ocrx_word' id='word_1_132' title='bbox 3465 1297 3527 1340; x_wconf 90' lang='lat' dir='ltr'><strong>ut</strong></span> <span class='ocrx_word' id='word_1_133' title='bbox 3548 1285 3658 1340; x_wconf 77' lang='lat' dir='ltr'><strong>fra-</strong></span> 
     </span>
    </p>
   </div>
   <div class='ocr_carea' id='block_1_20' title="bbox 385 1375 2002 1451">
    <p class='ocr_par' dir='ltr' id='par_1_20' title="bbox 385 1375 1971 1448">
     <span class='ocr_line' id='line_1_20' title="bbox 385 1375 1971 1448; baseline 0.001 -20"><span class='ocrx_word' id='word_1_134' title='bbox 385 1378 488 1447; x_wconf 78' lang='grc' dir='ltr'><strong>τῆς</strong></span> <span class='ocrx_word' id='word_1_135' title='bbox 525 1375 832 1447; x_wconf 80' lang='grc' dir='ltr'><strong>ἀποστολῆς</strong></span> <span class='ocrx_word' id='word_1_136' title='bbox 858 1392 873 1409; x_wconf 76' lang='grc' dir='ltr'><strong>ο</strong></span> <span class='ocrx_word' id='word_1_137' title='bbox 912 1376 1009 1430; x_wconf 75' lang='grc' dir='ltr'>καὶ</span> <span class='ocrx_word' id='word_1_138' title='bbox 1054 1377 1246 1434; x_wconf 91' lang='grc' dir='ltr'>τοῦτον</span> <span class='ocrx_word' id='word_1_139' title='bbox 1265 1416 1282 1440; x_wconf 84' lang='grc'><strong>,</strong></span> <span class='ocrx_word' id='word_1_140' title='bbox 1333 1376 1414 1442; x_wconf 84' lang='grc' dir='ltr'><strong>ὡς</strong></span> <span class='ocrx_word' id='word_1_141' title='bbox 1463 1378 1692 1448; x_wconf 81' lang='grc' dir='ltr'>ἀδελφὺν</span> <span class='ocrx_word' id='word_1_142' title='bbox 1753 1378 1849 1448; x_wconf 81' lang='grc' dir='ltr'>μὲν</span> <span class='ocrx_word' id='word_1_143' title='bbox 1909 1375 1971 1430; x_wconf 81' lang='grc' dir='ltr'>τὸ</span> 
     </span>
    </p>
   </div>
   <div class='ocr_carea' id='block_1_21' title="bbox 2100 1375 3654 1451">
    <p class='ocr_par' dir='ltr' id='par_1_21' title="bbox 2100 1379 3654 1451">
     <span class='ocr_line' id='line_1_21' title="bbox 2100 1379 3654 1451; baseline -0.001 -17"><span class='ocrx_word' id='word_1_144' title='bbox 2100 1395 2214 1435; x_wconf 93' lang='lat' dir='ltr'><strong>rem</strong></span> <span class='ocrx_word' id='word_1_145' title='bbox 2238 1379 2462 1450; x_wconf 86' lang='lat' dir='ltr'><strong>quidem</strong></span> <span class='ocrx_word' id='word_1_146' title='bbox 2479 1395 2730 1451; x_wconf 88' lang='lat' dir='ltr'><strong>corpore,</strong></span> <span class='ocrx_word' id='word_1_147' title='bbox 2749 1389 2810 1436; x_wconf 92' lang='lat' dir='ltr'><strong>ut</strong></span> <span class='ocrx_word' id='word_1_148' title='bbox 2835 1395 2967 1436; x_wconf 88' lang='lat' dir='ltr'><strong>vero</strong></span> <span class='ocrx_word' id='word_1_149' title='bbox 2989 1381 3209 1436; x_wconf 79' lang='lat' dir='ltr'><strong>Patrem</strong></span> <span class='ocrx_word' id='word_1_150' title='bbox 3236 1379 3433 1450; x_wconf 91' lang='lat' dir='ltr'><strong>spiritu</strong></span> <span class='ocrx_word' id='word_1_151' title='bbox 3447 1379 3654 1441; x_wconf 90' lang='lat' dir='ltr'><strong>colens,</strong></span> 
     </span>
    </p>
   </div>
   <div class='ocr_carea' id='block_1_22' title="bbox 386 1467 2002 1543">
    <p class='ocr_par' dir='ltr' id='par_1_22' title="bbox 386 1467 1971 1543">
     <span class='ocr_line' id='line_1_22' title="bbox 386 1467 1971 1543; baseline 0.001 -22"><span class='ocrx_word' id='word_1_152' title='bbox 386 1467 576 1540; x_wconf 83' lang='grc' dir='ltr'>σῶμα,</span> <span class='ocrx_word' id='word_1_153' title='bbox 606 1467 821 1540; x_wconf 81' lang='grc' dir='ltr'><strong>πατέρα</strong></span> <span class='ocrx_word' id='word_1_154' title='bbox 875 1468 934 1524; x_wconf 87' lang='grc' dir='ltr'><strong>δέ</strong></span> <span class='ocrx_word' id='word_1_155' title='bbox 965 1469 1026 1524; x_wconf 83' lang='grc' dir='ltr'>τὸ</span> <span class='ocrx_word' id='word_1_156' title='bbox 1060 1469 1280 1540; x_wconf 87' lang='grc' dir='ltr'>πνεῦμα</span> <span class='ocrx_word' id='word_1_157' title='bbox 1310 1471 1553 1543; x_wconf 80' lang='grc' dir='ltr'><strong>τιμῶσα,</strong></span> <span class='ocrx_word' id='word_1_158' title='bbox 1593 1472 1689 1526; x_wconf 75' lang='grc' dir='ltr'>καὶ</span> <span class='ocrx_word' id='word_1_159' title='bbox 1720 1470 1796 1536; x_wconf 84' lang='grc' dir='ltr'><strong>ὡς</strong></span> <span class='ocrx_word' id='word_1_160' title='bbox 1838 1470 1971 1542; x_wconf 86' lang='grc' dir='ltr'>δρα-</span> 
     </span>
    </p>
   </div>
   <div class='ocr_carea' id='block_1_23' title="bbox 2100 1467 3658 1543">
    <p class='ocr_par' dir='ltr' id='par_1_23' title="bbox 2100 1471 3658 1541">
     <span class='ocr_line' id='line_1_23' title="bbox 2100 1471 3658 1541; baseline -0.003 -13"><span class='ocrx_word' id='word_1_161' title='bbox 2100 1480 2129 1528; x_wconf 75' lang='lat' dir='ltr'><strong>:t</strong></span> <span class='ocrx_word' id='word_1_162' title='bbox 2151 1482 2213 1529; x_wconf 90' lang='lat' dir='ltr'><strong>ut</strong></span> <span class='ocrx_word' id='word_1_163' title='bbox 2236 1474 2434 1529; x_wconf 87' lang='lat' dir='ltr'><strong>ancilla</strong></span> <span class='ocrx_word' id='word_1_164' title='bbox 2450 1471 2644 1528; x_wconf 92' lang='lat' dir='ltr'><strong>sedulo</strong></span> <span class='ocrx_word' id='word_1_165' title='bbox 2664 1471 2905 1528; x_wconf 74' lang='lat' dir='ltr'><strong>ofﬁciosa</strong></span> <span class='ocrx_word' id='word_1_166' title='bbox 2924 1471 3267 1536; x_wconf 90' lang='lat' dir='ltr'><strong>ministrans,</strong></span> <span class='ocrx_word' id='word_1_167' title='bbox 3295 1471 3412 1541; x_wconf 90' lang='lat' dir='ltr'><strong>ipsa</strong></span> <span class='ocrx_word' id='word_1_168' title='bbox 3435 1483 3658 1540; x_wconf 89' lang='lat' dir='ltr'><strong>quoque</strong></span> 
     </span>
    </p>
   </div>
   <div class='ocr_carea' id='block_1_24' title="bbox 383 1560 2002 1637">
    <p class='ocr_par' dir='ltr' id='par_1_24' title="bbox 383 1561 1973 1635">
     <span class='ocr_line' id='line_1_24' title="bbox 383 1561 1973 1635; baseline 0.002 -21"><span class='ocrx_word' id='word_1_169' title='bbox 383 1561 615 1632; x_wconf 81' lang='grc' dir='ltr'>στήριος</span> <span class='ocrx_word' id='word_1_170' title='bbox 642 1561 1061 1634; x_wconf 85' lang='grc' dir='ltr'>ὑπηρετουμένη</span> <span class='ocrx_word' id='word_1_171' title='bbox 1094 1561 1422 1635; x_wconf 82' lang='grc' dir='ltr'>θεράπαινα,</span> <span class='ocrx_word' id='word_1_172' title='bbox 1455 1563 1672 1635; x_wconf 83' lang='grc' dir='ltr'>πλήρης</span> <span class='ocrx_word' id='word_1_173' title='bbox 1701 1563 1802 1632; x_wconf 85' lang='grc' dir='ltr'><strong>τῆς</strong></span> <span class='ocrx_word' id='word_1_174' title='bbox 1834 1563 1973 1617; x_wconf 83' lang='grc' dir='ltr'>ἀπο-</span> 
     </span>
    </p>
   </div>
   <div class='ocr_carea' id='block_1_25' title="bbox 2100 1560 3658 1637">
    <p class='ocr_par' dir='ltr' id='par_1_25' title="bbox 2100 1560 3658 1637">
     <span class='ocr_line' id='line_1_25' title="bbox 2100 1560 3658 1637; baseline -0.004 -16"><span class='ocrx_word' id='word_1_175' title='bbox 2100 1566 2376 1637; x_wconf 69' lang='grc' dir='ltr'>ιροειοιίοα</span> <span class='ocrx_word' id='word_1_176' title='bbox 2397 1566 2560 1636; x_wconf 89' lang='lat' dir='ltr'><strong>plena</strong></span> <span class='ocrx_word' id='word_1_177' title='bbox 2604 1564 2812 1620; x_wconf 90' lang='lat' dir='ltr'><strong>virtute</strong></span> <span class='ocrx_word' id='word_1_178' title='bbox 2843 1572 2984 1618; x_wconf 88' lang='lat' dir='ltr'><strong>erat.</strong></span> <span class='ocrx_word' id='word_1_179' title='bbox 3027 1561 3397 1630; x_wconf 86' lang='lat' dir='ltr'><strong>Quamobrem</strong></span> <span class='ocrx_word' id='word_1_180' title='bbox 3457 1560 3658 1632; x_wconf 65' lang='lat' dir='ltr'><strong>praedi—</strong></span> 
     </span>
    </p>
   </div>
   <div class='ocr_carea' id='block_1_26' title="bbox 386 1652 2002 1730">
    <p class='ocr_par' dir='ltr' id='par_1_26' title="bbox 386 1652 1974 1730">
     <span class='ocr_line' id='line_1_26' title="bbox 386 1652 1974 1730; baseline 0.003 -25"><span class='ocrx_word' id='word_1_181' title='bbox 386 1652 649 1725; x_wconf 86' lang='grc' dir='ltr'>στολικῆς</span> <span class='ocrx_word' id='word_1_182' title='bbox 676 1654 771 1708; x_wconf 75' lang='grc' dir='ltr'>καὶ</span> <span class='ocrx_word' id='word_1_183' title='bbox 811 1654 952 1724; x_wconf 82' lang='grc' dir='ltr'><strong>αὑτὴ</strong></span> <span class='ocrx_word' id='word_1_184' title='bbox 986 1656 1272 1727; x_wconf 84' lang='grc' dir='ltr'>δυνάμεως</span> <span class='ocrx_word' id='word_1_185' title='bbox 1302 1652 1393 1730; x_wconf 81' lang='grc' dir='ltr'><strong>ἦν.</strong></span> <span class='ocrx_word' id='word_1_186' title='bbox 1427 1657 1590 1712; x_wconf 85' lang='grc' dir='ltr'>Ὅθεν</span> <span class='ocrx_word' id='word_1_187' title='bbox 1622 1656 1974 1726; x_wconf 79' lang='grc' dir='ltr'>εὐαγγελιζο-</span> 
     </span>
    </p>
   </div>
   <div class='ocr_carea' id='block_1_27' title="bbox 2100 1652 3658 1730">
    <p class='ocr_par' dir='ltr' id='par_1_27' title="bbox 2100 1652 3658 1730">
     <span class='ocr_line' id='line_1_27' title="bbox 2100 1652 3658 1730; baseline -0.004 -15"><span class='ocrx_word' id='word_1_188' title='bbox 2100 1669 2294 1715; x_wconf 82' lang='lat' dir='ltr'><strong>:antem</strong></span> <span class='ocrx_word' id='word_1_189' title='bbox 2319 1659 2604 1730; x_wconf 85' lang='lat' dir='ltr'><strong>adjuvans,</strong></span> <span class='ocrx_word' id='word_1_190' title='bbox 2629 1657 2926 1726; x_wconf 86' lang='lat' dir='ltr'><strong>clausoque</strong></span> <span class='ocrx_word' id='word_1_191' title='bbox 2959 1671 3178 1711; x_wconf 86' lang='lat' dir='ltr'><strong>carcere</strong></span> <span class='ocrx_word' id='word_1_192' title='bbox 3200 1669 3384 1709; x_wconf 89' lang='lat' dir='ltr'><strong>comes</strong></span> <span class='ocrx_word' id='word_1_193' title='bbox 3437 1652 3658 1716; x_wconf 82' lang='lat' dir='ltr'><strong>effecta,</strong></span> 
     </span>
    </p>
   </div>
   <div class='ocr_carea' id='block_1_28' title="bbox 270 1743 1972 1822">
    <p class='ocr_par' dir='ltr' id='par_1_28' title="bbox 270 1743 1972 1822">
     <span class='ocr_line' id='line_1_28' title="bbox 270 1743 1972 1822; baseline 0.009 -26"><span class='ocrx_word' id='word_1_194' title='bbox 270 1786 276 1792; x_wconf 91' lang='lat'><strong>.</strong></span> <span class='ocrx_word' id='word_1_195' title='bbox 388 1743 545 1817; x_wconf 85' lang='grc' dir='ltr'>μένῳ</span> <span class='ocrx_word' id='word_1_196' title='bbox 565 1746 924 1817; x_wconf 81' lang='grc' dir='ltr'><strong>συνεργοῦσα,</strong></span> <span class='ocrx_word' id='word_1_197' title='bbox 938 1748 1235 1820; x_wconf 85' lang='grc' dir='ltr'>καθειργνυ</span> <span class='ocrx_word' id='word_1_198' title='bbox 1243 1760 1388 1820; x_wconf 81' lang='grc' dir='ltr'>μένῳ</span> <span class='ocrx_word' id='word_1_199' title='bbox 1407 1767 1470 1803; x_wconf 90' lang='grc' dir='ltr'>συ</span> <span class='ocrx_word' id='word_1_200' title='bbox 1479 1748 1972 1822; x_wconf 70' lang='grc' dir='ltr'>μπαρομαρτοῦσα,</span> 
     </span>
    </p>
   </div>
   <div class='ocr_carea' id='block_1_29' title="bbox 387 1838 1979 1914">
    <p class='ocr_par' dir='ltr' id='par_1_29' title="bbox 387 1838 1979 1914">
     <span class='ocr_line' id='line_1_29' title="bbox 387 1838 1979 1914; baseline 0.001 -22"><span class='ocrx_word' id='word_1_201' title='bbox 387 1839 492 1892; x_wconf 74' lang='grc' dir='ltr'>καὶ</span> <span class='ocrx_word' id='word_1_202' title='bbox 516 1839 641 1893; x_wconf 84' lang='grc' dir='ltr'>τότε</span> <span class='ocrx_word' id='word_1_203' title='bbox 687 1838 752 1912; x_wconf 81' lang='grc' dir='ltr'>δὴ</span> <span class='ocrx_word' id='word_1_204' title='bbox 811 1841 1154 1913; x_wconf 82' lang='grc' dir='ltr'>κρεμαμένῳ</span> <span class='ocrx_word' id='word_1_205' title='bbox 1198 1843 1580 1914; x_wconf 86' lang='grc' dir='ltr'>συνανιωμένη</span> <span class='ocrx_word' id='word_1_206' title='bbox 1610 1859 1672 1896; x_wconf 85' lang='grc' dir='ltr'><strong>τε</strong></span> <span class='ocrx_word' id='word_1_207' title='bbox 1714 1843 1810 1896; x_wconf 75' lang='grc' dir='ltr'>καὶ</span> <span class='ocrx_word' id='word_1_208' title='bbox 1853 1858 1979 1895; x_wconf 89' lang='grc' dir='ltr'>συν-</span> 
     </span>
    </p>
   </div>
   <div class='ocr_carea' id='block_1_30' title="bbox 2077 1745 3660 1820">
    <p class='ocr_par' dir='ltr' id='par_1_30' title="bbox 2077 1745 3660 1820">
     <span class='ocr_line' id='line_1_30' title="bbox 2077 1745 3660 1820; baseline -0.003 -15"><span class='ocrx_word' id='word_1_209' title='bbox 2077 1758 2214 1806; x_wconf 93' lang='lat' dir='ltr'><strong>tunc</strong></span> <span class='ocrx_word' id='word_1_210' title='bbox 2237 1765 2457 1820; x_wconf 89' lang='lat' dir='ltr'><strong>quoque</strong></span> <span class='ocrx_word' id='word_1_211' title='bbox 2487 1748 2748 1803; x_wconf 90' lang='lat' dir='ltr'><strong>nimirum</strong></span> <span class='ocrx_word' id='word_1_212' title='bbox 2781 1763 3049 1818; x_wconf 90' lang='lat' dir='ltr'><strong>suspenso</strong></span> <span class='ocrx_word' id='word_1_213' title='bbox 3072 1746 3394 1810; x_wconf 90' lang='lat' dir='ltr'><strong>condolens,</strong></span> <span class='ocrx_word' id='word_1_214' title='bbox 3424 1745 3660 1814; x_wconf 88' lang='lat' dir='ltr'><strong>diroque</strong></span> 
     </span>
    </p>
   </div>
   <div class='ocr_carea' id='block_1_31' title="bbox 2081 1836 3661 1905">
    <p class='ocr_par' dir='ltr' id='par_1_31' title="bbox 2081 1836 3661 1905">
     <span class='ocr_line' id='line_1_31' title="bbox 2081 1836 3661 1905; baseline -0.004 -8"><span class='ocrx_word' id='word_1_215' title='bbox 2081 1843 2231 1898; x_wconf 90' lang='lat' dir='ltr'><strong>illius</strong></span> <span class='ocrx_word' id='word_1_216' title='bbox 2261 1843 2510 1898; x_wconf 90' lang='lat' dir='ltr'><strong>cruciatu</strong></span> <span class='ocrx_word' id='word_1_217' title='bbox 2533 1855 2806 1905; x_wconf 72' lang='lat' dir='ltr'><strong>mterens,</strong></span> <span class='ocrx_word' id='word_1_218' title='bbox 2841 1839 2989 1895; x_wconf 92' lang='lat' dir='ltr'><strong>omni</strong></span> <span class='ocrx_word' id='word_1_219' title='bbox 3013 1839 3178 1894; x_wconf 89' lang='lat' dir='ltr'><strong>modo</strong></span> <span class='ocrx_word' id='word_1_220' title='bbox 3209 1837 3526 1894; x_wconf 88' lang='lat' dir='ltr'><strong>beatissima</strong></span> <span class='ocrx_word' id='word_1_221' title='bbox 3575 1836 3661 1890; x_wconf 83' lang='lat' dir='ltr'><strong>fe-</strong></span> 
     </span>
    </p>
   </div>
   <div class='ocr_carea' id='block_1_32' title="bbox 387 1913 2002 2008">
    <p class='ocr_par' dir='ltr' id='par_1_32' title="bbox 387 1913 1976 2008">
     <span class='ocr_line' id='line_1_32' title="bbox 387 1913 1976 2008; baseline 0.003 -24"><span class='ocrx_word' id='word_1_222' title='bbox 387 1931 734 2004; x_wconf 81' lang='grc' dir='ltr'>οδυνωμένη,</span> <span class='ocrx_word' id='word_1_223' title='bbox 767 1934 948 1990; x_wconf 81' lang='grc' dir='ltr'>πάντα</span> <span class='ocrx_word' id='word_1_224' title='bbox 985 1935 1192 2007; x_wconf 79' lang='grc' dir='ltr'>τρόπον</span> <span class='ocrx_word' id='word_1_225' title='bbox 1221 1913 1575 2008; x_wconf 85' lang='grc' dir='ltr'>συνέπασχεν</span> <span class='ocrx_word' id='word_1_226' title='bbox 1600 1938 1635 2007; x_wconf 84' lang='grc' dir='ltr'><strong>ἡ</strong></span> <span class='ocrx_word' id='word_1_227' title='bbox 1690 1952 1976 2007; x_wconf 87' lang='grc' dir='ltr'>μακαριω-</span> 
     </span>
    </p>
   </div>
   <div class='ocr_carea' id='block_1_33' title="bbox 2100 1913 3161 2008">
    <p class='ocr_par' dir='ltr' id='par_1_33' title="bbox 2100 1932 3161 2004">
     <span class='ocr_line' id='line_1_33' title="bbox 2100 1932 3161 2004; baseline -0.004 -15"><span class='ocrx_word' id='word_1_228' title='bbox 2100 1934 2228 1990; x_wconf 90' lang='lat' dir='ltr'><strong>nina</strong></span> <span class='ocrx_word' id='word_1_229' title='bbox 2253 1932 2460 1990; x_wconf 77' lang='lat' dir='ltr'><strong>Christi</strong></span> <span class='ocrx_word' id='word_1_230' title='bbox 2493 1933 2641 1990; x_wconf 90' lang='lat' dir='ltr'><strong>socia</strong></span> <span class='ocrx_word' id='word_1_231' title='bbox 2671 1932 2990 2004; x_wconf 87' lang='lat' dir='ltr'><strong>passionum</strong></span> <span class='ocrx_word' id='word_1_232' title='bbox 3021 1939 3161 1986; x_wconf 91' lang='lat' dir='ltr'><strong>erat.</strong></span> 
     </span>
    </p>
   </div>
   <div class='ocr_carea' id='block_1_34' title="bbox 385 2024 812 2097">
    <p class='ocr_par' dir='ltr' id='par_1_34' title="bbox 385 2024 812 2097">
     <span class='ocr_line' id='line_1_34' title="bbox 385 2024 812 2097; baseline 0.005 -19"><span class='ocrx_word' id='word_1_233' title='bbox 385 2024 535 2097; x_wconf 83' lang='grc' dir='ltr'>τάτη</span> <span class='ocrx_word' id='word_1_234' title='bbox 569 2025 812 2096; x_wconf 79' lang='grc' dir='ltr'><strong>Χριστῷ.</strong></span> 
     </span>
    </p>
   </div>
   <div class='ocr_carea' id='block_1_35' title="bbox 461 2115 1980 2194">
    <p class='ocr_par' dir='ltr' id='par_1_35' title="bbox 461 2115 1980 2194">
     <span class='ocr_line' id='line_1_35' title="bbox 461 2115 1980 2194; baseline 0.004 -25"><span class='ocrx_word' id='word_1_235' title='bbox 461 2115 685 2170; x_wconf 82' lang='grc' dir='ltr'>Γίνεται</span> <span class='ocrx_word' id='word_1_236' title='bbox 739 2117 797 2171; x_wconf 74' lang='grc' dir='ltr'>δὲ</span> <span class='ocrx_word' id='word_1_237' title='bbox 849 2117 975 2173; x_wconf 84' lang='grc' dir='ltr'>τότε</span> <span class='ocrx_word' id='word_1_238' title='bbox 1019 2118 1200 2191; x_wconf 87' lang='grc' dir='ltr'>θέαμα</span> <span class='ocrx_word' id='word_1_239' title='bbox 1245 2117 1416 2188; x_wconf 82' lang='grc' dir='ltr'>ξένον,</span> <span class='ocrx_word' id='word_1_240' title='bbox 1465 2121 1670 2194; x_wconf 83' lang='grc' dir='ltr'>φρίκης</span> <span class='ocrx_word' id='word_1_241' title='bbox 1703 2137 1764 2174; x_wconf 90' lang='grc' dir='ltr'><strong>τε</strong></span> <span class='ocrx_word' id='word_1_242' title='bbox 1795 2119 1980 2190; x_wconf 83' lang='grc' dir='ltr'>πάσης</span> 
     </span>
    </p>
   </div>
   <div class='ocr_carea' id='block_1_36' title="bbox 391 2207 1980 2284">
    <p class='ocr_par' dir='ltr' id='par_1_36' title="bbox 391 2207 1980 2284">
     <span class='ocr_line' id='line_1_36' title="bbox 391 2207 1980 2284; baseline 0.004 -24"><span class='ocrx_word' id='word_1_243' title='bbox 391 2207 492 2260; x_wconf 72' lang='grc' dir='ltr'>καὶ</span> <span class='ocrx_word' id='word_1_244' title='bbox 527 2207 769 2276; x_wconf 79' lang='grc' dir='ltr'><strong>ἀγωνίας</strong></span> <span class='ocrx_word' id='word_1_245' title='bbox 796 2209 986 2282; x_wconf 86' lang='grc' dir='ltr'>γέμον.</span> <span class='ocrx_word' id='word_1_246' title='bbox 1014 2211 1229 2266; x_wconf 86' lang='grc' dir='ltr'>Σείεται</span> <span class='ocrx_word' id='word_1_247' title='bbox 1261 2211 1363 2284; x_wconf 84' lang='grc' dir='ltr'>μὲν</span> <span class='ocrx_word' id='word_1_248' title='bbox 1399 2212 1664 2284; x_wconf 77' lang='grc' dir='ltr'>ἐξαίφνης</span> <span class='ocrx_word' id='word_1_249' title='bbox 1701 2214 1737 2284; x_wconf 76' lang='grc' dir='ltr'>ἡ</span> <span class='ocrx_word' id='word_1_250' title='bbox 1770 2212 1846 2284; x_wconf 90' lang='grc' dir='ltr'><strong>γῆ</strong></span> <span class='ocrx_word' id='word_1_251' title='bbox 1887 2213 1980 2267; x_wconf 75' lang='grc' dir='ltr'>καὶ</span> 
     </span>
    </p>
   </div>
   <div class='ocr_carea' id='block_1_37' title="bbox 395 2300 1976 2377">
    <p class='ocr_par' dir='ltr' id='par_1_37' title="bbox 395 2300 1976 2377">
     <span class='ocr_line' id='line_1_37' title="bbox 395 2300 1976 2377; baseline 0.003 -23"><span class='ocrx_word' id='word_1_252' title='bbox 395 2300 519 2364; x_wconf 75' lang='grc' dir='ltr'>ὅλος</span> <span class='ocrx_word' id='word_1_253' title='bbox 544 2302 573 2355; x_wconf 87' lang='grc' dir='ltr'>ὁ</span> <span class='ocrx_word' id='word_1_254' title='bbox 599 2302 758 2373; x_wconf 81' lang='grc' dir='ltr'>χορὸς</span> <span class='ocrx_word' id='word_1_255' title='bbox 780 2304 988 2369; x_wconf 85' lang='grc' dir='ltr'>ἐκεῖνος</span> <span class='ocrx_word' id='word_1_256' title='bbox 1016 2304 1378 2377; x_wconf 78' lang='grc' dir='ltr'>ὲκτιναχθεὶς,</span> <span class='ocrx_word' id='word_1_257' title='bbox 1439 2306 1522 2370; x_wconf 79' lang='grc' dir='ltr'>εἰς</span> <span class='ocrx_word' id='word_1_258' title='bbox 1552 2305 1720 2376; x_wconf 83' lang='grc' dir='ltr'>βάθος</span> <span class='ocrx_word' id='word_1_259' title='bbox 1755 2305 1976 2362; x_wconf 71' lang='grc' dir='ltr'>ὑπενό-</span> 
     </span>
    </p>
   </div>
   <div class='ocr_carea' id='block_1_38' title="bbox 400 2390 1978 2473">
    <p class='ocr_par' dir='ltr' id='par_1_38' title="bbox 400 2390 1978 2473">
     <span class='ocr_line' id='line_1_38' title="bbox 400 2390 1978 2473; baseline 0.006 -26"><span class='ocrx_word' id='word_1_260' title='bbox 400 2410 539 2458; x_wconf 85' lang='grc' dir='ltr'>στει,</span> <span class='ocrx_word' id='word_1_261' title='bbox 569 2395 630 2449; x_wconf 90' lang='grc' dir='ltr'><strong>ἐν</strong></span> <span class='ocrx_word' id='word_1_262' title='bbox 652 2390 697 2464; x_wconf 85' lang='grc' dir='ltr'>ᾧ</span> <span class='ocrx_word' id='word_1_263' title='bbox 725 2397 879 2452; x_wconf 82' lang='grc' dir='ltr'>πᾶσα</span> <span class='ocrx_word' id='word_1_264' title='bbox 909 2398 1110 2471; x_wconf 81' lang='grc' dir='ltr'>μικροῦ</span> <span class='ocrx_word' id='word_1_265' title='bbox 1139 2400 1248 2454; x_wconf 82' lang='grc' dir='ltr'>δεῖν</span> <span class='ocrx_word' id='word_1_266' title='bbox 1269 2401 1303 2471; x_wconf 82' lang='grc' dir='ltr'>ὴ</span> <span class='ocrx_word' id='word_1_267' title='bbox 1329 2399 1487 2464; x_wconf 85' lang='grc' dir='ltr'>πόλις</span> <span class='ocrx_word' id='word_1_268' title='bbox 1517 2400 1704 2473; x_wconf 82' lang='grc' dir='ltr'>ἐκείνη</span> <span class='ocrx_word' id='word_1_269' title='bbox 1737 2416 1978 2472; x_wconf 87' lang='grc' dir='ltr'>συναγη-</span> 
     </span>
    </p>
   </div>
   <div class='ocr_carea' id='block_1_39' title="bbox 395 2487 1982 2565">
    <p class='ocr_par' dir='ltr' id='par_1_39' title="bbox 395 2487 1982 2565">
     <span class='ocr_line' id='line_1_39' title="bbox 395 2487 1982 2565; baseline 0.003 -24"><span class='ocrx_word' id='word_1_270' title='bbox 395 2487 662 2558; x_wconf 82' lang='grc' dir='ltr'>γερμένη,</span> <span class='ocrx_word' id='word_1_271' title='bbox 693 2487 920 2560; x_wconf 86' lang='grc' dir='ltr'>θέατρον</span> <span class='ocrx_word' id='word_1_272' title='bbox 946 2489 1183 2545; x_wconf 86' lang='grc' dir='ltr'>ἐποιεῖτο</span> <span class='ocrx_word' id='word_1_273' title='bbox 1213 2492 1342 2557; x_wconf 82' lang='grc' dir='ltr'>τοὺς</span> <span class='ocrx_word' id='word_1_274' title='bbox 1366 2491 1678 2565; x_wconf 70' lang='grc' dir='ltr'>ἀνθρώπους</span> <span class='ocrx_word' id='word_1_275' title='bbox 1730 2491 1826 2548; x_wconf 85' lang='grc' dir='ltr'><strong>τοῦ</strong></span> <span class='ocrx_word' id='word_1_276' title='bbox 1874 2493 1982 2562; x_wconf 80' lang='grc' dir='ltr'>Ἰη-</span> 
     </span>
    </p>
   </div>
   <div class='ocr_carea' id='block_1_40' title="bbox 393 2576 1985 2654">
    <p class='ocr_par' dir='ltr' id='par_1_40' title="bbox 393 2576 1985 2654">
     <span class='ocr_line' id='line_1_40' title="bbox 393 2576 1985 2654; baseline 0.004 -22"><span class='ocrx_word' id='word_1_277' title='bbox 393 2576 498 2632; x_wconf 89' lang='grc' dir='ltr'>σοῦ</span> <span class='ocrx_word' id='word_1_278' title='bbox 520 2595 537 2610; x_wconf 84' lang='grc'>·</span> <span class='ocrx_word' id='word_1_279' title='bbox 569 2582 989 2650; x_wconf 83' lang='grc' dir='ltr'>συγκατεσπᾶτο</span> <span class='ocrx_word' id='word_1_280' title='bbox 1014 2582 1072 2636; x_wconf 85' lang='grc' dir='ltr'><strong>δέ</strong></span> <span class='ocrx_word' id='word_1_281' title='bbox 1115 2583 1195 2654; x_wconf 79' lang='grc' dir='ltr'>τῷ</span> <span class='ocrx_word' id='word_1_282' title='bbox 1244 2583 1431 2653; x_wconf 84' lang='grc' dir='ltr'>ἐδάφει</span> <span class='ocrx_word' id='word_1_283' title='bbox 1457 2585 1566 2649; x_wconf 81' lang='grc' dir='ltr'><strong>πᾶς</strong></span> <span class='ocrx_word' id='word_1_284' title='bbox 1608 2585 1638 2639; x_wconf 84' lang='grc' dir='ltr'>ὁ</span> <span class='ocrx_word' id='word_1_285' title='bbox 1680 2583 1830 2650; x_wconf 82' lang='grc' dir='ltr'>λαὸς,</span> <span class='ocrx_word' id='word_1_286' title='bbox 1888 2585 1985 2640; x_wconf 78' lang='grc' dir='ltr'>καὶ</span> 
     </span>
    </p>
   </div>
   <div class='ocr_carea' id='block_1_41' title="bbox 392 2671 1987 2750">
    <p class='ocr_par' dir='ltr' id='par_1_41' title="bbox 392 2671 1987 2750">
     <span class='ocr_line' id='line_1_41' title="bbox 392 2671 1987 2750; baseline 0.005 -25"><span class='ocrx_word' id='word_1_287' title='bbox 392 2671 594 2736; x_wconf 82' lang='grc' dir='ltr'>δεινῶς</span> <span class='ocrx_word' id='word_1_288' title='bbox 619 2673 914 2729; x_wconf 81' lang='grc' dir='ltr'>ἀπολέσθαι</span> <span class='ocrx_word' id='word_1_289' title='bbox 930 2675 1353 2742; x_wconf 80' lang='grc' dir='ltr'><strong>κινδυνεύοντες,</strong></span> <span class='ocrx_word' id='word_1_290' title='bbox 1381 2679 1508 2743; x_wconf 83' lang='grc' dir='ltr'>τοὺς</span> <span class='ocrx_word' id='word_1_291' title='bbox 1534 2678 1662 2750; x_wconf 73' lang='grc' dir='ltr'>περὶ</span> <span class='ocrx_word' id='word_1_292' title='bbox 1683 2677 1776 2733; x_wconf 84' lang='grc' dir='ltr'>τὸν</span> <span class='ocrx_word' id='word_1_293' title='bbox 1796 2677 1987 2732; x_wconf 82' lang='grc' dir='ltr'>Φίλιπ-</span> 
     </span>
    </p>
   </div>
   <div class='ocr_carea' id='block_1_42' title="bbox 395 2767 1984 2842">
    <p class='ocr_par' dir='ltr' id='par_1_42' title="bbox 395 2767 1984 2842">
     <span class='ocr_line' id='line_1_42' title="bbox 395 2767 1984 2842; baseline 0.004 -24"><span class='ocrx_word' id='word_1_294' title='bbox 395 2783 506 2820; x_wconf 83' lang='grc' dir='ltr'><strong>πον</strong></span> <span class='ocrx_word' id='word_1_295' title='bbox 533 2767 846 2822; x_wconf 77' lang='grc' dir='ltr'>ἐπεϐοῶντο</span> <span class='ocrx_word' id='word_1_296' title='bbox 869 2783 884 2801; x_wconf 72' lang='grc' dir='ltr'><strong>ο</strong></span> <span class='ocrx_word' id='word_1_297' title='bbox 917 2770 1014 2823; x_wconf 77' lang='grc' dir='ltr'>καὶ</span> <span class='ocrx_word' id='word_1_298' title='bbox 1044 2769 1218 2841; x_wconf 85' lang='grc' dir='ltr'>ταύτῃ</span> <span class='ocrx_word' id='word_1_299' title='bbox 1259 2785 1322 2839; x_wconf 87' lang='grc' dir='ltr'><strong>γε</strong></span> <span class='ocrx_word' id='word_1_300' title='bbox 1347 2769 1447 2840; x_wconf 85' lang='grc' dir='ltr'><strong>τῆς</strong></span> <span class='ocrx_word' id='word_1_301' title='bbox 1468 2769 1680 2842; x_wconf 85' lang='grc' dir='ltr'>πλάνης</span> <span class='ocrx_word' id='word_1_302' title='bbox 1723 2769 1822 2840; x_wconf 82' lang='grc' dir='ltr'>μὲν</span> <span class='ocrx_word' id='word_1_303' title='bbox 1847 2771 1984 2824; x_wconf 86' lang='grc' dir='ltr'>ἀπο-</span> 
     </span>
    </p>
   </div>
   <div class='ocr_carea' id='block_1_43' title="bbox 398 2859 1974 2932">
    <p class='ocr_par' dir='ltr' id='par_1_43' title="bbox 398 2859 1974 2932">
     <span class='ocr_line' id='line_1_43' title="bbox 398 2859 1974 2932; baseline 0.001 -18"><span class='ocrx_word' id='word_1_304' title='bbox 398 2859 722 2931; x_wconf 81' lang='grc' dir='ltr'>στήσεσθαι,</span> <span class='ocrx_word' id='word_1_305' title='bbox 752 2861 834 2932; x_wconf 80' lang='grc' dir='ltr'>τῷ</span> <span class='ocrx_word' id='word_1_306' title='bbox 880 2862 981 2932; x_wconf 84' lang='grc' dir='ltr'><strong>τῆς</strong></span> <span class='ocrx_word' id='word_1_307' title='bbox 1011 2862 1268 2931; x_wconf 85' lang='grc' dir='ltr'>ἀληθείας</span> <span class='ocrx_word' id='word_1_308' title='bbox 1293 2863 1353 2917; x_wconf 78' lang='grc' dir='ltr'>δὲ</span> <span class='ocrx_word' id='word_1_309' title='bbox 1406 2862 1696 2917; x_wconf 88' lang='grc' dir='ltr'>πιστεῦσαι</span> <span class='ocrx_word' id='word_1_310' title='bbox 1761 2863 1974 2917; x_wconf 87' lang='grc' dir='ltr'>καθυπ-</span> 
     </span>
    </p>
   </div>
   <div class='ocr_carea' id='block_1_44' title="bbox 401 2951 1989 3028">
    <p class='ocr_par' dir='ltr' id='par_1_44' title="bbox 401 2951 1989 3028">
     <span class='ocr_line' id='line_1_44' title="bbox 401 2951 1989 3028; baseline 0.001 -22"><span class='ocrx_word' id='word_1_311' title='bbox 401 2951 689 3022; x_wconf 83' lang='grc' dir='ltr'>ισχνοῦντο</span> <span class='ocrx_word' id='word_1_312' title='bbox 705 2953 846 3024; x_wconf 84' lang='grc' dir='ltr'>Θεῷ.</span> <span class='ocrx_word' id='word_1_313' title='bbox 867 2955 1007 3018; x_wconf 81' lang='grc' dir='ltr'>Τοὺς</span> <span class='ocrx_word' id='word_1_314' title='bbox 1020 2955 1076 3010; x_wconf 83' lang='grc' dir='ltr'>δὲ</span> <span class='ocrx_word' id='word_1_315' title='bbox 1100 2955 1403 3028; x_wconf 79' lang='grc' dir='ltr'>ἱκετηρίαις</span> <span class='ocrx_word' id='word_1_316' title='bbox 1426 2956 1525 3026; x_wconf 87' lang='grc' dir='ltr'>μὲν</span> <span class='ocrx_word' id='word_1_317' title='bbox 1540 2955 1818 3011; x_wconf 82' lang='grc' dir='ltr'>ἐκτενέσιν</span> <span class='ocrx_word' id='word_1_318' title='bbox 1833 2955 1989 3020; x_wconf 78' lang='grc' dir='ltr'>ἐξευ·</span> 
     </span>
    </p>
   </div>
   <div class='ocr_carea' id='block_1_45' title="bbox 401 3043 1993 3122">
    <p class='ocr_par' dir='ltr' id='par_1_45' title="bbox 401 3043 1993 3122">
     <span class='ocr_line' id='line_1_45' title="bbox 401 3043 1993 3122; baseline 0.003 -24"><span class='ocrx_word' id='word_1_319' title='bbox 401 3043 723 3116; x_wconf 78' lang='grc' dir='ltr'>μενίζεσθαι</span> <span class='ocrx_word' id='word_1_320' title='bbox 742 3045 835 3100; x_wconf 80' lang='grc' dir='ltr'>τὸν</span> <span class='ocrx_word' id='word_1_321' title='bbox 885 3047 1040 3112; x_wconf 66' lang='grc' dir='ltr'>θεὸν,</span> <span class='ocrx_word' id='word_1_322' title='bbox 1067 3049 1280 3120; x_wconf 80' lang='grc' dir='ltr'>ἀθρόως</span> <span class='ocrx_word' id='word_1_323' title='bbox 1310 3048 1367 3103; x_wconf 86' lang='grc' dir='ltr'><strong>δέ</strong></span> <span class='ocrx_word' id='word_1_324' title='bbox 1396 3049 1488 3104; x_wconf 82' lang='grc' dir='ltr'>τὸν</span> <span class='ocrx_word' id='word_1_325' title='bbox 1513 3049 1720 3122; x_wconf 83' lang='grc' dir='ltr'>Κύριον</span> <span class='ocrx_word' id='word_1_326' title='bbox 1757 3066 1993 3122; x_wconf 83' lang='grc' dir='ltr'>προσευ-</span> 
     </span>
    </p>
   </div>
   <div class='ocr_carea' id='block_1_46' title="bbox 403 3137 1993 3214">
    <p class='ocr_par' dir='ltr' id='par_1_46' title="bbox 403 3137 1993 3214">
     <span class='ocr_line' id='line_1_46' title="bbox 403 3137 1993 3214; baseline 0.001 -22"><span class='ocrx_word' id='word_1_327' title='bbox 403 3137 660 3208; x_wconf 77' lang='grc' dir='ltr'>χομένοις</span> <span class='ocrx_word' id='word_1_328' title='bbox 689 3139 874 3204; x_wconf 76' lang='grc' dir='ltr'>αὐτοῖς</span> <span class='ocrx_word' id='word_1_329' title='bbox 923 3141 1255 3211; x_wconf 82' lang='grc' dir='ltr'>ἐπιφανῆναι</span> <span class='ocrx_word' id='word_1_330' title='bbox 1285 3156 1302 3170; x_wconf 88' lang='grc'><strong>·</strong></span> <span class='ocrx_word' id='word_1_331' title='bbox 1335 3141 1431 3196; x_wconf 75' lang='grc' dir='ltr'>καὶ</span> <span class='ocrx_word' id='word_1_332' title='bbox 1485 3141 1844 3214; x_wconf 84' lang='grc' dir='ltr'>στηριχθῆναι</span> <span class='ocrx_word' id='word_1_333' title='bbox 1893 3141 1993 3212; x_wconf 80' lang='grc' dir='ltr'><strong>μέν</strong></span> 
     </span>
    </p>
   </div>
   <div class='ocr_carea' id='block_1_47' title="bbox 400 3234 2064 3320">
    <p class='ocr_par' dir='ltr' id='par_1_47' title="bbox 400 3234 2064 3320">
     <span class='ocr_line' id='line_1_47' title="bbox 400 3234 2064 3320; baseline 0.007 -34"><span class='ocrx_word' id='word_1_334' title='bbox 400 3234 612 3297; x_wconf 82' lang='grc' dir='ltr'>εὐθέως</span> <span class='ocrx_word' id='word_1_335' title='bbox 642 3234 743 3305; x_wconf 81' lang='grc' dir='ltr'>τὴν</span> <span class='ocrx_word' id='word_1_336' title='bbox 773 3234 880 3304; x_wconf 86' lang='grc' dir='ltr'><strong>γῆν</strong></span> <span class='ocrx_word' id='word_1_337' title='bbox 899 3234 998 3304; x_wconf 84' lang='grc' dir='ltr'><strong>τῆς</strong></span> <span class='ocrx_word' id='word_1_338' title='bbox 1023 3235 1116 3288; x_wconf 79' lang='grc' dir='ltr'>ἐπὶ</span> <span class='ocrx_word' id='word_1_339' title='bbox 1137 3234 1200 3289; x_wconf 86' lang='grc' dir='ltr'><strong>τδ</strong></span> <span class='ocrx_word' id='word_1_340' title='bbox 1226 3234 1494 3298; x_wconf 79' lang='grc' dir='ltr'>κάταντες</span> <span class='ocrx_word' id='word_1_341' title='bbox 1549 3234 1955 3305; x_wconf 80' lang='grc' dir='ltr'><strong>ὑποχωρήσεως</strong></span> <span class='ocrx_word' id='word_1_342' title='bbox 1973 3249 1991 3266; x_wconf 82' lang='grc'><strong>⁸</strong></span> <span class='ocrx_word' id='word_1_343' title='bbox 2019 3259 2064 3320; x_wconf 82' lang='lat' dir='ltr'>c</span> 
     </span>
    </p>
   </div>
   <div class='ocr_carea' id='block_1_48' title="bbox 400 3323 1991 3399">
    <p class='ocr_par' dir='ltr' id='par_1_48' title="bbox 400 3323 1991 3399">
     <span class='ocr_line' id='line_1_48' title="bbox 400 3323 1991 3399; baseline -0.002 -18"><span class='ocrx_word' id='word_1_344' title='bbox 400 3326 638 3396; x_wconf 87' lang='grc' dir='ltr'>δύναμιν</span> <span class='ocrx_word' id='word_1_345' title='bbox 661 3325 720 3379; x_wconf 79' lang='grc' dir='ltr'>δὲ</span> <span class='ocrx_word' id='word_1_346' title='bbox 748 3324 901 3381; x_wconf 90' lang='grc' dir='ltr'>θείαν</span> <span class='ocrx_word' id='word_1_347' title='bbox 949 3325 1220 3397; x_wconf 88' lang='grc' dir='ltr'>κλίμακος</span> <span class='ocrx_word' id='word_1_348' title='bbox 1273 3325 1477 3399; x_wconf 86' lang='grc' dir='ltr'>τρόπον</span> <span class='ocrx_word' id='word_1_349' title='bbox 1510 3328 1626 3390; x_wconf 88' lang='grc' dir='ltr'>τοῖς</span> <span class='ocrx_word' id='word_1_350' title='bbox 1681 3323 1991 3395; x_wconf 71' lang='grc' dir='ltr'>ἀπολλυμέο</span> 
     </span>
    </p>
   </div>
   <div class='ocr_carea' id='block_1_49' title="bbox 402 3413 1996 3490">
    <p class='ocr_par' dir='ltr' id='par_1_49' title="bbox 402 3413 1996 3490">
     <span class='ocr_line' id='line_1_49' title="bbox 402 3413 1996 3490; baseline -0.003 -18"><span class='ocrx_word' id='word_1_351' title='bbox 402 3433 524 3480; x_wconf 88' lang='grc' dir='ltr'>νοις</span> <span class='ocrx_word' id='word_1_352' title='bbox 550 3415 1012 3490; x_wconf 81' lang='grc' dir='ltr'>ὑποτεινομένην,</span> <span class='ocrx_word' id='word_1_353' title='bbox 1049 3416 1189 3487; x_wconf 85' lang='grc' dir='ltr'>πρὸς</span> <span class='ocrx_word' id='word_1_354' title='bbox 1222 3416 1502 3488; x_wconf 86' lang='grc' dir='ltr'>σωτηρίαν</span> <span class='ocrx_word' id='word_1_355' title='bbox 1556 3416 1847 3471; x_wconf 80' lang='grc' dir='ltr'>ὁδοποιεῖν.</span> <span class='ocrx_word' id='word_1_356' title='bbox 1883 3413 1996 3468; x_wconf 76' lang='grc' dir='ltr'><strong>Λῦ-</strong></span> 
     </span>
    </p>
   </div>
   <div class='ocr_carea' id='block_1_50' title="bbox 2149 2108 3661 2186">
    <p class='ocr_par' dir='ltr' id='par_1_50' title="bbox 2149 2108 3661 2186">
     <span class='ocr_line' id='line_1_50' title="bbox 2149 2108 3661 2186; baseline -0.007 -14"><span class='ocrx_word' id='word_1_357' title='bbox 2149 2114 2392 2186; x_wconf 80' lang='lat' dir='ltr'><strong>Contigit</strong></span> <span class='ocrx_word' id='word_1_358' title='bbox 2450 2129 2584 2170; x_wconf 90' lang='lat' dir='ltr'><strong>vero</strong></span> <span class='ocrx_word' id='word_1_359' title='bbox 2652 2128 2855 2168; x_wconf 91' lang='lat' dir='ltr'><strong>novum</strong></span> <span class='ocrx_word' id='word_1_360' title='bbox 2937 2110 3213 2183; x_wconf 88' lang='lat' dir='ltr'><strong>quoddam</strong></span> <span class='ocrx_word' id='word_1_361' title='bbox 3269 2108 3661 2180; x_wconf 84' lang='lat' dir='ltr'><strong>spectaculum,</strong></span> 
     </span>
    </p>
   </div>
   <div class='ocr_carea' id='block_1_51' title="bbox 2081 2201 3664 2277">
    <p class='ocr_par' dir='ltr' id='par_1_51' title="bbox 2081 2201 3664 2277">
     <span class='ocr_line' id='line_1_51' title="bbox 2081 2201 3664 2277; baseline -0.004 -14"><span class='ocrx_word' id='word_1_362' title='bbox 2081 2207 2420 2263; x_wconf 87' lang='lat' dir='ltr'><strong>horrendum</strong></span> <span class='ocrx_word' id='word_1_363' title='bbox 2433 2222 2566 2263; x_wconf 89' lang='lat' dir='ltr'><strong>sane</strong></span> <span class='ocrx_word' id='word_1_364' title='bbox 2593 2205 3052 2277; x_wconf 90' lang='lat' dir='ltr'><strong>tremendumque</strong></span> <span class='ocrx_word' id='word_1_365' title='bbox 3078 2220 3142 2260; x_wconf 91' lang='lat' dir='ltr'><strong>ac</strong></span> <span class='ocrx_word' id='word_1_366' title='bbox 3163 2201 3389 2260; x_wconf 89' lang='lat' dir='ltr'><strong>terroris</strong></span> <span class='ocrx_word' id='word_1_367' title='bbox 3417 2203 3664 2272; x_wconf 91' lang='lat' dir='ltr'><strong>plenum.</strong></span> 
     </span>
    </p>
   </div>
   <div class='ocr_carea' id='block_1_52' title="bbox 2082 2292 3667 2368">
    <p class='ocr_par' dir='ltr' id='par_1_52' title="bbox 2082 2292 3667 2368">
     <span class='ocr_line' id='line_1_52' title="bbox 2082 2292 3667 2368; baseline -0.005 -14"><span class='ocrx_word' id='word_1_368' title='bbox 2082 2299 2423 2356; x_wconf 72' lang='lat' dir='ltr'><strong>Terrtemotu</strong></span> <span class='ocrx_word' id='word_1_369' title='bbox 2464 2298 2652 2354; x_wconf 90' lang='lat' dir='ltr'><strong>subito</strong></span> <span class='ocrx_word' id='word_1_370' title='bbox 2711 2299 2868 2353; x_wconf 90' lang='lat' dir='ltr'><strong>locus</strong></span> <span class='ocrx_word' id='word_1_371' title='bbox 2931 2297 3217 2368; x_wconf 84' lang='lat' dir='ltr'><strong>quatitur,</strong></span> <span class='ocrx_word' id='word_1_372' title='bbox 3267 2301 3525 2364; x_wconf 92' lang='lat' dir='ltr'><strong>totusque</strong></span> <span class='ocrx_word' id='word_1_373' title='bbox 3573 2292 3667 2347; x_wconf 92' lang='lat' dir='ltr'><strong>ille</strong></span> 
     </span>
    </p>
   </div>
   <div class='ocr_carea' id='block_1_53' title="bbox 2082 2386 3668 2460">
    <p class='ocr_par' dir='ltr' id='par_1_53' title="bbox 2082 2386 3668 2460">
     <span class='ocr_line' id='line_1_53' title="bbox 2082 2386 3668 2460; baseline -0.006 -13"><span class='ocrx_word' id='word_1_374' title='bbox 2082 2405 2381 2448; x_wconf 83' lang='lat' dir='ltr'><strong>succussus</strong></span> <span class='ocrx_word' id='word_1_375' title='bbox 2403 2391 2610 2447; x_wconf 87' lang='lat' dir='ltr'><strong>chorus</strong></span> <span class='ocrx_word' id='word_1_376' title='bbox 2629 2391 2741 2445; x_wconf 89' lang='lat' dir='ltr'><strong>alta</strong></span> <span class='ocrx_word' id='word_1_377' title='bbox 2774 2389 3035 2460; x_wconf 83' lang='lat' dir='ltr'><strong>voragine</strong></span> <span class='ocrx_word' id='word_1_378' title='bbox 3058 2386 3399 2449; x_wconf 83' lang='lat' dir='ltr'><strong>subsidebat,</strong></span> <span class='ocrx_word' id='word_1_379' title='bbox 3429 2390 3668 2454; x_wconf 89' lang='lat' dir='ltr'><strong>quotota</strong></span> 
     </span>
    </p>
   </div>
   <div class='ocr_carea' id='block_1_54' title="bbox 2083 2478 3667 2548">
    <p class='ocr_par' dir='ltr' id='par_1_54' title="bbox 2083 2478 3667 2548">
     <span class='ocr_line' id='line_1_54' title="bbox 2083 2478 3667 2548; baseline -0.005 -10"><span class='ocrx_word' id='word_1_380' title='bbox 2083 2483 2201 2540; x_wconf 90' lang='lat' dir='ltr'><strong>fere</strong></span> <span class='ocrx_word' id='word_1_381' title='bbox 2229 2483 2444 2548; x_wconf 83' lang='lat' dir='ltr'><strong>civitas,</strong></span> <span class='ocrx_word' id='word_1_382' title='bbox 2477 2483 2608 2540; x_wconf 85' lang='lat' dir='ltr'><strong>Jesu</strong></span> <span class='ocrx_word' id='word_1_383' title='bbox 2635 2482 2888 2539; x_wconf 90' lang='lat' dir='ltr'><strong>homines</strong></span> <span class='ocrx_word' id='word_1_384' title='bbox 2921 2481 3138 2537; x_wconf 88' lang='lat' dir='ltr'><strong>theatro</strong></span> <span class='ocrx_word' id='word_1_385' title='bbox 3159 2478 3506 2540; x_wconf 85' lang='lat' dir='ltr'><strong>traductura,</strong></span> <span class='ocrx_word' id='word_1_386' title='bbox 3528 2491 3667 2531; x_wconf 89' lang='lat' dir='ltr'><strong>con-</strong></span> 
     </span>
    </p>
   </div>
   <div class='ocr_carea' id='block_1_55' title="bbox 2085 2567 3673 2646">
    <p class='ocr_par' dir='ltr' id='par_1_55' title="bbox 2085 2567 3673 2646">
     <span class='ocr_line' id='line_1_55' title="bbox 2085 2567 3673 2646; baseline -0.006 -16"><span class='ocrx_word' id='word_1_387' title='bbox 2085 2584 2362 2643; x_wconf 87' lang='lat' dir='ltr'><strong>cesserat;</strong></span> <span class='ocrx_word' id='word_1_388' title='bbox 2412 2591 2745 2646; x_wconf 88' lang='lat' dir='ltr'><strong>omnemquc</strong></span> <span class='ocrx_word' id='word_1_389' title='bbox 2777 2575 3040 2645; x_wconf 90' lang='lat' dir='ltr'><strong>populum</strong></span> <span class='ocrx_word' id='word_1_390' title='bbox 3092 2587 3237 2628; x_wconf 90' lang='lat' dir='ltr'><strong>unus</strong></span> <span class='ocrx_word' id='word_1_391' title='bbox 3253 2587 3376 2626; x_wconf 90' lang='lat' dir='ltr'><strong>cum</strong></span> <span class='ocrx_word' id='word_1_392' title='bbox 3409 2569 3525 2626; x_wconf 89' lang='lat' dir='ltr'><strong>solo</strong></span> <span class='ocrx_word' id='word_1_393' title='bbox 3549 2567 3673 2622; x_wconf 90' lang='lat' dir='ltr'><strong>hia-</strong></span> 
     </span>
    </p>
   </div>
   <div class='ocr_carea' id='block_1_56' title="bbox 2085 2660 3672 2737">
    <p class='ocr_par' dir='ltr' id='par_1_56' title="bbox 2085 2660 3672 2737">
     <span class='ocr_line' id='line_1_56' title="bbox 2085 2660 3672 2737; baseline -0.007 -14"><span class='ocrx_word' id='word_1_394' title='bbox 2085 2675 2178 2723; x_wconf 90' lang='lat' dir='ltr'><strong>tus</strong></span> <span class='ocrx_word' id='word_1_395' title='bbox 2205 2667 2556 2723; x_wconf 81' lang='lat' dir='ltr'><strong>absorbebat.</strong></span> <span class='ocrx_word' id='word_1_396' title='bbox 2601 2667 2721 2724; x_wconf 87' lang='lat' dir='ltr'><strong>Jam</strong></span> <span class='ocrx_word' id='word_1_397' title='bbox 2764 2666 2951 2736; x_wconf 88' lang='lat' dir='ltr'><strong>itaque</strong></span> <span class='ocrx_word' id='word_1_398' title='bbox 2981 2663 3136 2737; x_wconf 77' lang='lat' dir='ltr'><strong>gravi</strong></span> <span class='ocrx_word' id='word_1_399' title='bbox 3194 2661 3387 2719; x_wconf 88' lang='lat' dir='ltr'><strong>salutis</strong></span> <span class='ocrx_word' id='word_1_400' title='bbox 3433 2660 3672 2729; x_wconf 58' lang='lat' dir='ltr'><strong>vitaque</strong></span> 
     </span>
    </p>
   </div>
   <div class='ocr_carea' id='block_1_57' title="bbox 2087 2752 3674 2830">
    <p class='ocr_par' dir='ltr' id='par_1_57' title="bbox 2087 2752 3674 2830">
     <span class='ocr_line' id='line_1_57' title="bbox 2087 2752 3674 2830; baseline -0.006 -16"><span class='ocrx_word' id='word_1_401' title='bbox 2087 2759 2341 2830; x_wconf 90' lang='lat' dir='ltr'><strong>pulsante</strong></span> <span class='ocrx_word' id='word_1_402' title='bbox 2375 2759 2643 2830; x_wconf 91' lang='lat' dir='ltr'><strong>periculo,</strong></span> <span class='ocrx_word' id='word_1_403' title='bbox 2675 2758 2988 2830; x_wconf 90' lang='lat' dir='ltr'><strong>Philippum</strong></span> <span class='ocrx_word' id='word_1_404' title='bbox 3035 2771 3162 2812; x_wconf 90' lang='lat' dir='ltr'><strong>cum</strong></span> <span class='ocrx_word' id='word_1_405' title='bbox 3194 2754 3362 2813; x_wconf 85' lang='lat' dir='ltr'><strong>sociis</strong></span> <span class='ocrx_word' id='word_1_406' title='bbox 3406 2752 3674 2808; x_wconf 90' lang='lat' dir='ltr'><strong>inclama-</strong></span> 
     </span>
    </p>
   </div>
   <div class='ocr_carea' id='block_1_58' title="bbox 2087 2847 3673 2921">
    <p class='ocr_par' dir='ltr' id='par_1_58' title="bbox 2087 2847 3673 2921">
     <span class='ocr_line' id='line_1_58' title="bbox 2087 2847 3673 2921; baseline -0.004 -14"><span class='ocrx_word' id='word_1_407' title='bbox 2087 2850 2265 2918; x_wconf 88' lang='lat' dir='ltr'><strong>bant;</strong></span> <span class='ocrx_word' id='word_1_408' title='bbox 2307 2861 2471 2921; x_wconf 88' lang='lat' dir='ltr'><strong>atque</strong></span> <span class='ocrx_word' id='word_1_409' title='bbox 2498 2865 2565 2906; x_wconf 90' lang='lat' dir='ltr'><strong>ea</strong></span> <span class='ocrx_word' id='word_1_410' title='bbox 2600 2866 2660 2907; x_wconf 92' lang='lat' dir='ltr'><strong>se</strong></span> <span class='ocrx_word' id='word_1_411' title='bbox 2688 2850 2904 2906; x_wconf 88' lang='lat' dir='ltr'><strong>ratione</strong></span> <span class='ocrx_word' id='word_1_412' title='bbox 2942 2848 3013 2904; x_wconf 92' lang='lat' dir='ltr'><strong>ab</strong></span> <span class='ocrx_word' id='word_1_413' title='bbox 3051 2863 3240 2904; x_wconf 88' lang='lat' dir='ltr'><strong>errore</strong></span> <span class='ocrx_word' id='word_1_414' title='bbox 3293 2847 3673 2909; x_wconf 84' lang='lat' dir='ltr'><strong>abscessuros,</strong></span> 
     </span>
    </p>
   </div>
   <div class='ocr_carea' id='block_1_59' title="bbox 2088 2935 3673 3013">
    <p class='ocr_par' dir='ltr' id='par_1_59' title="bbox 2088 2935 3673 3013">
     <span class='ocr_line' id='line_1_59' title="bbox 2088 2935 3673 3013; baseline -0.006 -13"><span class='ocrx_word' id='word_1_415' title='bbox 2088 2957 2332 3013; x_wconf 85' lang='lat' dir='ltr'><strong>veroque</strong></span> <span class='ocrx_word' id='word_1_416' title='bbox 2355 2943 2464 2998; x_wconf 91' lang='lat' dir='ltr'><strong>Deo</strong></span> <span class='ocrx_word' id='word_1_417' title='bbox 2485 2941 2816 3006; x_wconf 88' lang='lat' dir='ltr'><strong>credituros,</strong></span> <span class='ocrx_word' id='word_1_418' title='bbox 2853 2941 3021 2996; x_wconf 90' lang='lat' dir='ltr'><strong>etiam</strong></span> <span class='ocrx_word' id='word_1_419' title='bbox 3043 2948 3210 3010; x_wconf 89' lang='lat' dir='ltr'><strong>atque</strong></span> <span class='ocrx_word' id='word_1_420' title='bbox 3239 2937 3406 2994; x_wconf 91' lang='lat' dir='ltr'><strong>etiam</strong></span> <span class='ocrx_word' id='word_1_421' title='bbox 3436 2935 3673 3007; x_wconf 89' lang='lat' dir='ltr'><strong>pollice-</strong></span> 
     </span>
    </p>
   </div>
   <div class='ocr_carea' id='block_1_60' title="bbox 2090 3029 3676 3105">
    <p class='ocr_par' dir='ltr' id='par_1_60' title="bbox 2090 3029 3676 3105">
     <span class='ocr_line' id='line_1_60' title="bbox 2090 3029 3676 3105; baseline -0.006 -14"><span class='ocrx_word' id='word_1_422' title='bbox 2090 3035 2312 3092; x_wconf 90' lang='lat' dir='ltr'><strong>bantur.</strong></span> <span class='ocrx_word' id='word_1_423' title='bbox 2344 3033 2416 3090; x_wconf 87' lang='lat' dir='ltr'><strong>At</strong></span> <span class='ocrx_word' id='word_1_424' title='bbox 2452 3033 2744 3105; x_wconf 87' lang='lat' dir='ltr'><strong>Philippus</strong></span> <span class='ocrx_word' id='word_1_425' title='bbox 2799 3033 3048 3103; x_wconf 87' lang='lat' dir='ltr'><strong>sociique</strong></span> <span class='ocrx_word' id='word_1_426' title='bbox 3096 3029 3446 3087; x_wconf 79' lang='lat' dir='ltr'><strong>ferventibus</strong></span> <span class='ocrx_word' id='word_1_427' title='bbox 3497 3029 3676 3084; x_wconf 90' lang='lat' dir='ltr'><strong>Deum</strong></span> 
     </span>
    </p>
   </div>
   <div class='ocr_carea' id='block_1_61' title="bbox 2093 3120 3676 3200">
    <p class='ocr_par' dir='ltr' id='par_1_61' title="bbox 2093 3120 3676 3200">
     <span class='ocr_line' id='line_1_61' title="bbox 2093 3120 3676 3200; baseline -0.008 -14"><span class='ocrx_word' id='word_1_428' title='bbox 2093 3127 2587 3200; x_wconf 86' lang='lat' dir='ltr'><strong>supplicationibus</strong></span> <span class='ocrx_word' id='word_1_429' title='bbox 2615 3126 2836 3196; x_wconf 88' lang='lat' dir='ltr'><strong>placare</strong></span> <span class='ocrx_word' id='word_1_430' title='bbox 2864 3142 2881 3192; x_wconf 86' lang='lat'><strong>;</strong></span> <span class='ocrx_word' id='word_1_431' title='bbox 2930 3123 3219 3180; x_wconf 88' lang='lat' dir='ltr'><strong>orantibus</strong></span> <span class='ocrx_word' id='word_1_432' title='bbox 3244 3120 3510 3178; x_wconf 91' lang='lat' dir='ltr'><strong>Dominus</strong></span> <span class='ocrx_word' id='word_1_433' title='bbox 3538 3135 3676 3176; x_wconf 89' lang='lat' dir='ltr'><strong>con-</strong></span> 
     </span>
    </p>
   </div>
   <div class='ocr_carea' id='block_1_62' title="bbox 2095 3221 3680 3292">
    <p class='ocr_par' dir='ltr' id='par_1_62' title="bbox 2095 3221 3680 3292">
     <span class='ocr_line' id='line_1_62' title="bbox 2095 3221 3680 3292; baseline -0.006 -16"><span class='ocrx_word' id='word_1_434' title='bbox 2095 3221 2276 3277; x_wconf 89' lang='lat' dir='ltr'><strong>festim</strong></span> <span class='ocrx_word' id='word_1_435' title='bbox 2307 3235 2594 3292; x_wconf 90' lang='lat' dir='ltr'><strong>apparere,</strong></span> <span class='ocrx_word' id='word_1_436' title='bbox 2626 3234 2864 3290; x_wconf 84' lang='lat' dir='ltr'><strong>moxque</strong></span> <span class='ocrx_word' id='word_1_437' title='bbox 2916 3227 3140 3282; x_wconf 89' lang='lat' dir='ltr'><strong>terram,</strong></span> <span class='ocrx_word' id='word_1_438' title='bbox 3201 3230 3272 3270; x_wconf 88' lang='lat' dir='ltr'><strong>ne</strong></span> <span class='ocrx_word' id='word_1_439' title='bbox 3330 3222 3680 3285; x_wconf 79' lang='lat' dir='ltr'><strong>mergeretur</strong></span> 
     </span>
    </p>
   </div>
   <div class='ocr_carea' id='block_1_63' title="bbox 2095 3305 3680 3385">
    <p class='ocr_par' dir='ltr' id='par_1_63' title="bbox 2095 3305 3680 3385">
     <span class='ocr_line' id='line_1_63' title="bbox 2095 3305 3680 3385; baseline -0.006 -15"><span class='ocrx_word' id='word_1_440' title='bbox 2095 3316 2360 3385; x_wconf 89' lang='lat' dir='ltr'><strong>hiatuque</strong></span> <span class='ocrx_word' id='word_1_441' title='bbox 2383 3313 2716 3378; x_wconf 86' lang='lat' dir='ltr'><strong>subsideret,</strong></span> <span class='ocrx_word' id='word_1_442' title='bbox 2765 3310 3103 3376; x_wconf 89' lang='lat' dir='ltr'><strong>confulcire;</strong></span> <span class='ocrx_word' id='word_1_443' title='bbox 3131 3307 3186 3362; x_wconf 91' lang='lat' dir='ltr'><strong>vi</strong></span> <span class='ocrx_word' id='word_1_444' title='bbox 3220 3307 3460 3376; x_wconf 89' lang='lat' dir='ltr'><strong>denique</strong></span> <span class='ocrx_word' id='word_1_445' title='bbox 3491 3305 3680 3360; x_wconf 90' lang='lat' dir='ltr'><strong>divina</strong></span> 
     </span>
    </p>
   </div>
   <div class='ocr_carea' id='block_1_64' title="bbox 2095 3397 3680 3474">
    <p class='ocr_par' dir='ltr' id='par_1_64' title="bbox 2095 3397 3680 3474">
     <span class='ocr_line' id='line_1_64' title="bbox 2095 3397 3680 3474; baseline -0.006 -13"><span class='ocrx_word' id='word_1_446' title='bbox 2095 3406 2269 3462; x_wconf 89' lang='lat' dir='ltr'><strong>instar</strong></span> <span class='ocrx_word' id='word_1_447' title='bbox 2298 3404 2458 3460; x_wconf 68' lang='lat' dir='ltr'><strong>scala:</strong></span> <span class='ocrx_word' id='word_1_448' title='bbox 2479 3402 2842 3474; x_wconf 90' lang='lat' dir='ltr'><strong>pereuntibus</strong></span> <span class='ocrx_word' id='word_1_449' title='bbox 2899 3400 3194 3466; x_wconf 88' lang='lat' dir='ltr'><strong>submissa,</strong></span> <span class='ocrx_word' id='word_1_450' title='bbox 3234 3399 3311 3453; x_wconf 91' lang='lat' dir='ltr'><strong>ita</strong></span> <span class='ocrx_word' id='word_1_451' title='bbox 3346 3397 3416 3452; x_wconf 89' lang='lat' dir='ltr'><strong>ad</strong></span> <span class='ocrx_word' id='word_1_452' title='bbox 3441 3398 3680 3453; x_wconf 88' lang='lat' dir='ltr'><strong>salutem</strong></span> 
     </span>
    </p>
   </div>
   <div class='ocr_carea' id='block_1_65' title="bbox 404 3490 2002 3584">
    <p class='ocr_par' dir='ltr' id='par_1_65' title="bbox 404 3505 1996 3584">
     <span class='ocr_line' id='line_1_65' title="bbox 404 3505 1996 3584; baseline -0.002 -22"><span class='ocrx_word' id='word_1_453' title='bbox 404 3525 483 3579; x_wconf 86' lang='grc' dir='ltr'><strong>τη</strong></span> <span class='ocrx_word' id='word_1_454' title='bbox 511 3508 720 3576; x_wconf 86' lang='grc' dir='ltr'>γίνεται</span> <span class='ocrx_word' id='word_1_455' title='bbox 747 3507 985 3574; x_wconf 88' lang='grc' dir='ltr'>πίστεως</span> <span class='ocrx_word' id='word_1_456' title='bbox 1009 3509 1125 3573; x_wconf 88' lang='grc' dir='ltr'>τοῖς</span> <span class='ocrx_word' id='word_1_457' title='bbox 1157 3508 1411 3574; x_wconf 81' lang='grc' dir='ltr'>ἀπίστοις</span> <span class='ocrx_word' id='word_1_458' title='bbox 1451 3508 1701 3584; x_wconf 86' lang='grc' dir='ltr'>ἀφορμή.</span> <span class='ocrx_word' id='word_1_459' title='bbox 1725 3506 1900 3561; x_wconf 88' lang='grc' dir='ltr'>Τοῦτο</span> <span class='ocrx_word' id='word_1_460' title='bbox 1929 3505 1996 3578; x_wconf 83' lang='grc' dir='ltr'>δὴ</span> 
     </span>
    </p>
   </div>
   <div class='ocr_carea' id='block_1_66' title="bbox 2100 3490 3681 3584">
    <p class='ocr_par' dir='ltr' id='par_1_66' title="bbox 2100 3490 3681 3554">
     <span class='ocr_line' id='line_1_66' title="bbox 2100 3490 3681 3554; baseline -0.007 0"><span class='ocrx_word' id='word_1_461' title='bbox 2100 3499 2333 3554; x_wconf 91' lang='lat' dir='ltr'><strong>munire.</strong></span> <span class='ocrx_word' id='word_1_462' title='bbox 2395 3496 2524 3553; x_wconf 64' lang='lat' dir='ltr'><strong>Haec</strong></span> <span class='ocrx_word' id='word_1_463' title='bbox 2569 3495 2872 3553; x_wconf 91' lang='lat' dir='ltr'><strong>incredulis</strong></span> <span class='ocrx_word' id='word_1_464' title='bbox 2906 3493 3034 3549; x_wconf 83' lang='lat' dir='ltr'><strong>ﬁdei</strong></span> <span class='ocrx_word' id='word_1_465' title='bbox 3069 3491 3308 3549; x_wconf 84' lang='lat' dir='ltr'><strong>occasio.</strong></span> <span class='ocrx_word' id='word_1_466' title='bbox 3354 3490 3681 3546; x_wconf 85' lang='lat' dir='ltr'><strong>Miraculum</strong></span> 
     </span>
    </p>
   </div>
   <div class='ocr_carea' id='block_1_67' title="bbox 406 3583 2002 3673">
    <p class='ocr_par' dir='ltr' id='par_1_67' title="bbox 406 3583 1997 3673">
     <span class='ocr_line' id='line_1_67' title="bbox 406 3583 1997 3673; baseline -0.002 -17"><span class='ocrx_word' id='word_1_467' title='bbox 406 3600 476 3656; x_wconf 81' lang='grc' dir='ltr'>τὸ</span> <span class='ocrx_word' id='word_1_468' title='bbox 512 3599 818 3672; x_wconf 76' lang='grc' dir='ltr'>θαυμάσιον</span> <span class='ocrx_word' id='word_1_469' title='bbox 874 3600 976 3672; x_wconf 80' lang='grc' dir='ltr'>τὴν</span> <span class='ocrx_word' id='word_1_470' title='bbox 1013 3600 1172 3656; x_wconf 86' lang='grc' dir='ltr'>πόλιν</span> <span class='ocrx_word' id='word_1_471' title='bbox 1201 3601 1421 3673; x_wconf 77' lang='grc' dir='ltr'>ἐκείνην</span> <span class='ocrx_word' id='word_1_472' title='bbox 1459 3583 1646 3670; x_wconf 84' lang='grc' dir='ltr'>όλίγου</span> <span class='ocrx_word' id='word_1_473' title='bbox 1668 3599 1784 3653; x_wconf 83' lang='grc' dir='ltr'>δεῖν</span> <span class='ocrx_word' id='word_1_474' title='bbox 1812 3599 1997 3653; x_wconf 80' lang='grc' dir='ltr'>πᾶσαν</span> 
     </span>
    </p>
   </div>
   <div class='ocr_carea' id='block_1_68' title="bbox 2100 3583 3683 3673">
    <p class='ocr_par' dir='ltr' id='par_1_68' title="bbox 2100 3583 3683 3660">
     <span class='ocr_line' id='line_1_68' title="bbox 2100 3583 3683 3660; baseline -0.006 -13"><span class='ocrx_word' id='word_1_475' title='bbox 2100 3591 2224 3659; x_wconf 90' lang='lat' dir='ltr'><strong>hoc,</strong></span> <span class='ocrx_word' id='word_1_476' title='bbox 2251 3605 2470 3647; x_wconf 92' lang='lat' dir='ltr'><strong>omnem</strong></span> <span class='ocrx_word' id='word_1_477' title='bbox 2494 3588 2611 3644; x_wconf 87' lang='lat' dir='ltr'><strong>fere</strong></span> <span class='ocrx_word' id='word_1_478' title='bbox 2641 3589 2789 3644; x_wconf 87' lang='lat' dir='ltr'><strong>illam</strong></span> <span class='ocrx_word' id='word_1_479' title='bbox 2814 3586 3090 3643; x_wconf 83' lang='lat' dir='ltr'><strong>civitatem</strong></span> <span class='ocrx_word' id='word_1_480' title='bbox 3141 3583 3391 3657; x_wconf 75' lang='lat' dir='ltr'><strong>adiunxit</strong></span> <span class='ocrx_word' id='word_1_481' title='bbox 3439 3583 3683 3660; x_wconf 89' lang='lat' dir='ltr'><strong>Philippi</strong></span> 
     </span>
    </p>
   </div>
   <div class='ocr_carea' id='block_1_69' title="bbox 405 3673 2002 3767">
    <p class='ocr_par' dir='ltr' id='par_1_69' title="bbox 405 3689 2001 3767">
     <span class='ocr_line' id='line_1_69' title="bbox 405 3689 2001 3767; baseline -0.003 -18"><span class='ocrx_word' id='word_1_482' title='bbox 405 3694 494 3766; x_wconf 81' lang='grc' dir='ltr'><strong>τῷ</strong></span> <span class='ocrx_word' id='word_1_483' title='bbox 524 3693 620 3748; x_wconf 87' lang='grc' dir='ltr'><strong>τοῦ</strong></span> <span class='ocrx_word' id='word_1_484' title='bbox 669 3692 934 3750; x_wconf 72' lang='grc' dir='ltr'>Φιλίππου</span> <span class='ocrx_word' id='word_1_485' title='bbox 963 3695 1209 3767; x_wconf 87' lang='grc' dir='ltr'>προσῆγε</span> <span class='ocrx_word' id='word_1_486' title='bbox 1239 3694 1378 3765; x_wconf 84' lang='grc' dir='ltr'>Θεῷ.</span> <span class='ocrx_word' id='word_1_487' title='bbox 1415 3693 1695 3748; x_wconf 79' lang='grc' dir='ltr'>Ἐντεῦθεν</span> <span class='ocrx_word' id='word_1_488' title='bbox 1722 3690 1872 3746; x_wconf 84' lang='grc' dir='ltr'>λύειν</span> <span class='ocrx_word' id='word_1_489' title='bbox 1901 3689 2001 3762; x_wconf 78' lang='grc' dir='ltr'>μὲν</span> 
     </span>
    </p>
   </div>
   <div class='ocr_carea' id='block_1_70' title="bbox 2100 3673 3684 3767">
    <p class='ocr_par' dir='ltr' id='par_1_70' title="bbox 2100 3673 3684 3751">
     <span class='ocr_line' id='line_1_70' title="bbox 2100 3673 3684 3751; baseline -0.007 -13"><span class='ocrx_word' id='word_1_490' title='bbox 2100 3682 2232 3738; x_wconf 90' lang='lat' dir='ltr'><strong>Deo.</strong></span> <span class='ocrx_word' id='word_1_491' title='bbox 2264 3681 2404 3736; x_wconf 83' lang='lat' dir='ltr'><strong>Hinc</strong></span> <span class='ocrx_word' id='word_1_492' title='bbox 2431 3679 2680 3751; x_wconf 89' lang='lat' dir='ltr'><strong>periculo</strong></span> <span class='ocrx_word' id='word_1_493' title='bbox 2708 3676 3001 3748; x_wconf 89' lang='lat' dir='ltr'><strong>redempti,</strong></span> <span class='ocrx_word' id='word_1_494' title='bbox 3033 3675 3239 3732; x_wconf 84' lang='lat' dir='ltr'><strong>Christi</strong></span> <span class='ocrx_word' id='word_1_495' title='bbox 3285 3674 3501 3730; x_wconf 91' lang='lat' dir='ltr'><strong>vinctos</strong></span> <span class='ocrx_word' id='word_1_496' title='bbox 3529 3673 3684 3728; x_wconf 82' lang='lat' dir='ltr'><strong>solu-</strong></span> 
     </span>
    </p>
   </div>
   <div class='ocr_carea' id='block_1_71' title="bbox 408 3766 2002 3860">
    <p class='ocr_par' dir='ltr' id='par_1_71' title="bbox 408 3766 2000 3860">
     <span class='ocr_line' id='line_1_71' title="bbox 408 3766 2000 3860; baseline -0.004 -18"><span class='ocrx_word' id='word_1_497' title='bbox 408 3789 544 3851; x_wconf 82' lang='grc' dir='ltr'>τοὺς</span> <span class='ocrx_word' id='word_1_498' title='bbox 563 3787 803 3860; x_wconf 82' lang='grc' dir='ltr'>Χριστοῦ</span> <span class='ocrx_word' id='word_1_499' title='bbox 830 3766 1086 3860; x_wconf 86' lang='grc' dir='ltr'>δεσμίους</span> <span class='ocrx_word' id='word_1_500' title='bbox 1113 3789 1165 3843; x_wconf 85' lang='grc' dir='ltr'>οῖ</span> <span class='ocrx_word' id='word_1_501' title='bbox 1202 3789 1572 3860; x_wconf 82' lang='grc' dir='ltr'>σεσωσμένοι,</span> <span class='ocrx_word' id='word_1_502' title='bbox 1612 3786 1711 3842; x_wconf 64' lang='grc' dir='ltr'><strong>καὶ¹</strong></span> <span class='ocrx_word' id='word_1_503' title='bbox 1765 3783 1863 3840; x_wconf 87' lang='grc' dir='ltr'><strong>τοῦ</strong></span> <span class='ocrx_word' id='word_1_504' title='bbox 1908 3783 2000 3849; x_wconf 82' lang='grc' dir='ltr'><strong>ξύ-</strong></span> 
     </span>
    </p>
   </div>
   <div class='ocr_carea' id='block_1_72' title="bbox 2100 3766 3686 3860">
    <p class='ocr_par' dir='ltr' id='par_1_72' title="bbox 2101 3766 3686 3844">
     <span class='ocr_line' id='line_1_72' title="bbox 2101 3766 3686 3844; baseline -0.008 -14"><span class='ocrx_word' id='word_1_505' title='bbox 2101 3784 2217 3830; x_wconf 90' lang='lat' dir='ltr'><strong>tum</strong></span> <span class='ocrx_word' id='word_1_506' title='bbox 2239 3773 2498 3844; x_wconf 79' lang='lat' dir='ltr'><strong>lignoque</strong></span> <span class='ocrx_word' id='word_1_507' title='bbox 2521 3769 2835 3840; x_wconf 90' lang='lat' dir='ltr'><strong>depositum</strong></span> <span class='ocrx_word' id='word_1_508' title='bbox 2886 3766 3127 3838; x_wconf 87' lang='lat' dir='ltr'><strong>prompti</strong></span> <span class='ocrx_word' id='word_1_509' title='bbox 3160 3766 3458 3831; x_wconf 88' lang='lat' dir='ltr'><strong>accedere;</strong></span> <span class='ocrx_word' id='word_1_510' title='bbox 3507 3771 3563 3818; x_wconf 89' lang='lat' dir='ltr'><strong>at</strong></span> <span class='ocrx_word' id='word_1_511' title='bbox 3587 3777 3686 3818; x_wconf 88' lang='lat' dir='ltr'><strong>co-</strong></span> 
     </span>
    </p>
   </div>
   <div class='ocr_carea' id='block_1_73' title="bbox 412 3856 2002 3952">
    <p class='ocr_par' dir='ltr' id='par_1_73' title="bbox 412 3856 2000 3952">
     <span class='ocr_line' id='line_1_73' title="bbox 412 3856 2000 3952; baseline -0.003 -19"><span class='ocrx_word' id='word_1_512' title='bbox 412 3881 512 3934; x_wconf 89' lang='grc' dir='ltr'><strong>λου</strong></span> <span class='ocrx_word' id='word_1_513' title='bbox 539 3856 784 3935; x_wconf 82' lang='grc' dir='ltr'>καθεῖναι</span> <span class='ocrx_word' id='word_1_514' title='bbox 806 3856 1114 3952; x_wconf 79' lang='grc' dir='ltr'>προσῄεσαν</span> <span class='ocrx_word' id='word_1_515' title='bbox 1143 3881 1348 3952; x_wconf 83' lang='grc' dir='ltr'>σπουδῇ</span> <span class='ocrx_word' id='word_1_516' title='bbox 1367 3856 1400 3911; x_wconf 30' lang='grc' dir='ltr'><strong>’ν</strong></span> <span class='ocrx_word' id='word_1_517' title='bbox 1419 3879 1704 3950; x_wconf 74' lang='grc' dir='ltr'>ἐπείχοντο</span> <span class='ocrx_word' id='word_1_518' title='bbox 1754 3876 1836 3941; x_wconf 80' lang='grc' dir='ltr'>δὲ,</span> <span class='ocrx_word' id='word_1_519' title='bbox 1900 3873 2000 3946; x_wconf 78' lang='grc' dir='ltr'>τὴν</span> 
     </span>
    </p>
   </div>
   <div class='ocr_carea' id='block_1_74' title="bbox 2100 3856 3688 3952">
    <p class='ocr_par' dir='ltr' id='par_1_74' title="bbox 2101 3856 3688 3935">
     <span class='ocr_line' id='line_1_74' title="bbox 2101 3856 3688 3935; baseline -0.006 -13"><span class='ocrx_word' id='word_1_520' title='bbox 2101 3867 2457 3931; x_wconf 87' lang='lat' dir='ltr'><strong>hibeban-tur,</strong></span> <span class='ocrx_word' id='word_1_521' title='bbox 2499 3863 2597 3935; x_wconf 91' lang='lat' dir='ltr'><strong>qui</strong></span> <span class='ocrx_word' id='word_1_522' title='bbox 2640 3876 2944 3933; x_wconf 90' lang='lat' dir='ltr'><strong>supernum</strong></span> <span class='ocrx_word' id='word_1_523' title='bbox 2989 3859 3060 3916; x_wconf 94' lang='lat' dir='ltr'><strong>de</strong></span> <span class='ocrx_word' id='word_1_524' title='bbox 3113 3859 3225 3916; x_wconf 88' lang='lat' dir='ltr'><strong>illis</strong></span> <span class='ocrx_word' id='word_1_525' title='bbox 3268 3858 3565 3915; x_wconf 89' lang='lat' dir='ltr'><strong>consilium</strong></span> <span class='ocrx_word' id='word_1_526' title='bbox 3599 3856 3688 3913; x_wconf 87' lang='lat' dir='ltr'><strong>in-</strong></span> 
     </span>
    </p>
   </div>
   <div class='ocr_carea' id='block_1_75' title="bbox 415 3958 2002 4043">
    <p class='ocr_par' dir='ltr' id='par_1_75' title="bbox 415 3969 1870 4043">
     <span class='ocr_line' id='line_1_75' title="bbox 415 3969 1870 4043; baseline -0.003 -17"><span class='ocrx_word' id='word_1_527' title='bbox 415 3972 550 4042; x_wconf 74' lang='grc' dir='ltr'>περὶ</span> <span class='ocrx_word' id='word_1_528' title='bbox 569 3971 749 4026; x_wconf 78' lang='grc' dir='ltr'>αὐτῶν</span> <span class='ocrx_word' id='word_1_529' title='bbox 772 3973 1071 4042; x_wconf 79' lang='grc' dir='ltr'>γενομένην</span> <span class='ocrx_word' id='word_1_530' title='bbox 1099 3971 1304 4027; x_wconf 82' lang='grc' dir='ltr'>ἀνωθεν</span> <span class='ocrx_word' id='word_1_531' title='bbox 1324 3972 1626 4041; x_wconf 74' lang='grc' dir='ltr'>ἐγνωκότες</span> <span class='ocrx_word' id='word_1_532' title='bbox 1653 3969 1870 4043; x_wconf 83' lang='grc' dir='ltr'>βουλήν.</span> 
     </span>
    </p>
   </div>
   <div class='ocr_carea' id='block_1_76' title="bbox 2100 3958 2440 4043">
    <p class='ocr_par' dir='ltr' id='par_1_76' title="bbox 2104 3958 2440 4028">
     <span class='ocr_line' id='line_1_76' title="bbox 2104 3958 2440 4028; baseline -0.009 -17"><span class='ocrx_word' id='word_1_533' title='bbox 2104 3958 2440 4028; x_wconf 86' lang='lat' dir='ltr'><strong>telligerent.</strong></span> 
     </span>
    </p>
   </div>
   <div class='ocr_carea' id='block_1_77' title="bbox 492 4041 2002 4135">
    <p class='ocr_par' dir='ltr' id='par_1_77' title="bbox 492 4041 2000 4135">
     <span class='ocr_line' id='line_1_77' title="bbox 492 4041 2000 4135; baseline 0 -19"><span class='ocrx_word' id='word_1_534' title='bbox 492 4041 567 4117; x_wconf 79' lang='grc' dir='ltr'><strong>Σὺ</strong></span> <span class='ocrx_word' id='word_1_535' title='bbox 605 4063 704 4135; x_wconf 82' lang='grc' dir='ltr'>μὲν</span> <span class='ocrx_word' id='word_1_536' title='bbox 724 4061 854 4134; x_wconf 83' lang='grc' dir='ltr'>γὰρ,</span> <span class='ocrx_word' id='word_1_537' title='bbox 941 4041 1462 4135; x_wconf 80' lang='grc' dir='ltr'>τρισμακαριὼτατε</span> <span class='ocrx_word' id='word_1_538' title='bbox 1503 4062 1614 4117; x_wconf 84' lang='grc' dir='ltr'><strong>τῶν</strong></span> <span class='ocrx_word' id='word_1_539' title='bbox 1655 4041 2000 4128; x_wconf 79' lang='grc' dir='ltr'>ἀποστόλων,</span> 
     </span>
    </p>
   </div>
   <div class='ocr_carea' id='block_1_78' title="bbox 2100 4041 3687 4135">
    <p class='ocr_par' dir='ltr' id='par_1_78' title="bbox 2179 4041 3687 4119">
     <span class='ocr_line' id='line_1_78' title="bbox 2179 4041 3687 4119; baseline -0.006 -15"><span class='ocrx_word' id='word_1_540' title='bbox 2179 4049 2262 4104; x_wconf 92' lang='lat' dir='ltr'><strong>Tu</strong></span> <span class='ocrx_word' id='word_1_541' title='bbox 2315 4048 2562 4119; x_wconf 89' lang='lat' dir='ltr'><strong>quidem,</strong></span> <span class='ocrx_word' id='word_1_542' title='bbox 2617 4045 2994 4118; x_wconf 88' lang='lat' dir='ltr'><strong>apostolorum</strong></span> <span class='ocrx_word' id='word_1_543' title='bbox 3037 4051 3125 4098; x_wconf 89' lang='lat' dir='ltr'><strong>ter</strong></span> <span class='ocrx_word' id='word_1_544' title='bbox 3167 4041 3504 4105; x_wconf 87' lang='lat' dir='ltr'><strong>beatissime,</strong></span> <span class='ocrx_word' id='word_1_545' title='bbox 3557 4054 3687 4095; x_wconf 92' lang='lat' dir='ltr'><strong>cum</strong></span> 
     </span>
    </p>
   </div>
   <div class='ocr_carea' id='block_1_79' title="bbox 419 4132 2002 4228">
    <p class='ocr_par' dir='ltr' id='par_1_79' title="bbox 419 4132 2002 4228">
     <span class='ocr_line' id='line_1_79' title="bbox 419 4132 2002 4228; baseline -0.002 -17"><span class='ocrx_word' id='word_1_546' title='bbox 419 4132 681 4225; x_wconf 82' lang='grc' dir='ltr'>ἀνεθῆναι</span> <span class='ocrx_word' id='word_1_547' title='bbox 803 4132 1244 4225; x_wconf 63' lang='grc' dir='ltr'>καταδεξάμενος</span> <span class='ocrx_word' id='word_1_548' title='bbox 1269 4155 1379 4210; x_wconf 71' lang='grc' dir='ltr'><strong>τῶν</strong></span> <span class='ocrx_word' id='word_1_549' title='bbox 1401 4155 1636 4226; x_wconf 83' lang='grc' dir='ltr'>δεσμῶν,</span> <span class='ocrx_word' id='word_1_550' title='bbox 1687 4155 2002 4228; x_wconf 77' lang='grc' dir='ltr'>ἐπισκήψας</span> 
     </span>
    </p>
   </div>
   <div class='ocr_carea' id='block_1_80' title="bbox 2100 4132 3688 4228">
    <p class='ocr_par' dir='ltr' id='par_1_80' title="bbox 2104 4132 3688 4206">
     <span class='ocr_line' id='line_1_80' title="bbox 2104 4132 3688 4206; baseline -0.007 -7"><span class='ocrx_word' id='word_1_551' title='bbox 2104 4143 2245 4199; x_wconf 86' lang='lat' dir='ltr'><strong>solvi</strong></span> <span class='ocrx_word' id='word_1_552' title='bbox 2282 4140 2826 4204; x_wconf 89' lang='lat' dir='ltr'><strong>vinculisnoluisses,</strong></span> <span class='ocrx_word' id='word_1_553' title='bbox 2853 4152 2921 4194; x_wconf 89' lang='lat' dir='ltr'><strong>ac</strong></span> <span class='ocrx_word' id='word_1_554' title='bbox 2944 4151 3069 4206; x_wconf 63' lang='lat' dir='ltr'><strong>quae</strong></span> <span class='ocrx_word' id='word_1_555' title='bbox 3094 4134 3260 4190; x_wconf 80' lang='lat' dir='ltr'><strong>oﬂicii</strong></span> <span class='ocrx_word' id='word_1_556' title='bbox 3292 4141 3451 4188; x_wconf 90' lang='lat' dir='ltr'><strong>erant</strong></span> <span class='ocrx_word' id='word_1_557' title='bbox 3473 4132 3688 4188; x_wconf 85' lang='lat' dir='ltr'><strong>civitati</strong></span> 
     </span>
    </p>
   </div>
   <div class='ocr_carea' id='block_1_81' title="bbox 417 4226 2002 4321">
    <p class='ocr_par' dir='ltr' id='par_1_81' title="bbox 417 4226 2002 4321">
     <span class='ocr_line' id='line_1_81' title="bbox 417 4226 2002 4321; baseline -0.002 -17"><span class='ocrx_word' id='word_1_558' title='bbox 417 4250 483 4304; x_wconf 83' lang='grc' dir='ltr'>δὲ</span> <span class='ocrx_word' id='word_1_559' title='bbox 520 4252 587 4321; x_wconf 78' lang='grc' dir='ltr'>τῇ</span> <span class='ocrx_word' id='word_1_560' title='bbox 620 4267 682 4303; x_wconf 91' lang='grc' dir='ltr'><strong>τε</strong></span> <span class='ocrx_word' id='word_1_561' title='bbox 706 4226 860 4305; x_wconf 81' lang='grc' dir='ltr'>πόλει</span> <span class='ocrx_word' id='word_1_562' title='bbox 885 4248 965 4306; x_wconf 76' lang='grc' dir='ltr'>ἶτά</span> <span class='ocrx_word' id='word_1_563' title='bbox 997 4248 1208 4315; x_wconf 84' lang='grc' dir='ltr'>δέοντα,</span> <span class='ocrx_word' id='word_1_564' title='bbox 1263 4250 1360 4304; x_wconf 76' lang='grc' dir='ltr'>καὶ</span> <span class='ocrx_word' id='word_1_565' title='bbox 1404 4250 1518 4312; x_wconf 87' lang='grc' dir='ltr'>τοῖς</span> <span class='ocrx_word' id='word_1_566' title='bbox 1565 4248 1819 4318; x_wconf 83' lang='grc' dir='ltr'>ἀδελφοῖς</span> <span class='ocrx_word' id='word_1_567' title='bbox 1868 4226 2002 4303; x_wconf 73' lang='grc' dir='ltr'>πᾶσι</span> 
     </span>
    </p>
   </div>
   <div class='ocr_carea' id='block_1_82' title="bbox 2100 4226 3688 4321">
    <p class='ocr_par' dir='ltr' id='par_1_82' title="bbox 2105 4226 3688 4304">
     <span class='ocr_line' id='line_1_82' title="bbox 2105 4226 3688 4304; baseline -0.008 -11"><span class='ocrx_word' id='word_1_568' title='bbox 2105 4237 2453 4302; x_wconf 88' lang='lat' dir='ltr'><strong>mandasses,</strong></span> <span class='ocrx_word' id='word_1_569' title='bbox 2511 4233 2839 4304; x_wconf 86' lang='lat' dir='ltr'><strong>cunctisque</strong></span> <span class='ocrx_word' id='word_1_570' title='bbox 2895 4230 3164 4288; x_wconf 84' lang='lat' dir='ltr'><strong>fratribus</strong></span> <span class='ocrx_word' id='word_1_571' title='bbox 3214 4236 3276 4284; x_wconf 94' lang='lat' dir='ltr'><strong>ut</strong></span> <span class='ocrx_word' id='word_1_572' title='bbox 3312 4228 3369 4284; x_wconf 93' lang='lat' dir='ltr'><strong>in</strong></span> <span class='ocrx_word' id='word_1_573' title='bbox 3401 4227 3507 4282; x_wconf 87' lang='lat' dir='ltr'><strong>fide</strong></span> <span class='ocrx_word' id='word_1_574' title='bbox 3555 4226 3688 4283; x_wconf 87' lang='lat' dir='ltr'><strong>Jesu</strong></span> 
     </span>
    </p>
   </div>
   <div class='ocr_carea' id='block_1_83' title="bbox 421 4320 2002 4414">
    <p class='ocr_par' dir='ltr' id='par_1_83' title="bbox 421 4320 2002 4414">
     <span class='ocr_line' id='line_1_83' title="bbox 421 4320 2002 4414; baseline -0.003 -18"><span class='ocrx_word' id='word_1_575' title='bbox 421 4320 760 4414; x_wconf 86' lang='grc' dir='ltr'>προσμένειν</span> <span class='ocrx_word' id='word_1_576' title='bbox 790 4343 858 4414; x_wconf 81' lang='grc' dir='ltr'><strong>τῇ</strong></span> <span class='ocrx_word' id='word_1_577' title='bbox 884 4341 1067 4396; x_wconf 86' lang='grc' dir='ltr'>πίστει</span> <span class='ocrx_word' id='word_1_578' title='bbox 1091 4340 1186 4395; x_wconf 92' lang='grc' dir='ltr'><strong>τοῦ</strong></span> <span class='ocrx_word' id='word_1_579' title='bbox 1223 4339 1425 4410; x_wconf 80' lang='grc' dir='ltr'>Ἰησοῦ,</span> <span class='ocrx_word' id='word_1_580' title='bbox 1461 4339 1563 4393; x_wconf 67' lang='grc' dir='ltr'>καὶ</span> <span class='ocrx_word' id='word_1_581' title='bbox 1589 4341 1712 4403; x_wconf 83' lang='grc' dir='ltr'>ταῖς</span> <span class='ocrx_word' id='word_1_582' title='bbox 1763 4338 2002 4403; x_wconf 78' lang='grc' dir='ltr'>ἐντολαῖς</span> 
     </span>
    </p>
   </div>
   <div class='ocr_carea' id='block_1_84' title="bbox 2100 4320 3692 4414">
    <p class='ocr_par' dir='ltr' id='par_1_84' title="bbox 2109 4320 3692 4403">
     <span class='ocr_line' id='line_1_84' title="bbox 2109 4320 3692 4403; baseline -0.009 -16"><span class='ocrx_word' id='word_1_583' title='bbox 2109 4337 2534 4403; x_wconf 87' lang='lat' dir='ltr'><strong>perseverarent</strong></span> <span class='ocrx_word' id='word_1_584' title='bbox 2587 4341 2656 4383; x_wconf 91' lang='lat' dir='ltr'><strong>ac</strong></span> <span class='ocrx_word' id='word_1_585' title='bbox 2717 4324 2993 4381; x_wconf 88' lang='lat' dir='ltr'><strong>mandatis</strong></span> <span class='ocrx_word' id='word_1_586' title='bbox 3043 4320 3253 4378; x_wconf 89' lang='lat' dir='ltr'><strong>assidui</strong></span> <span class='ocrx_word' id='word_1_587' title='bbox 3310 4327 3518 4384; x_wconf 90' lang='lat' dir='ltr'><strong>essent,</strong></span> <span class='ocrx_word' id='word_1_588' title='bbox 3552 4333 3692 4389; x_wconf 67' lang='lat' dir='ltr'><strong>prae-</strong></span> 
     </span>
    </p>
   </div>
   <div class='ocr_carea' id='block_1_85' title="bbox 422 4412 2002 4505">
    <p class='ocr_par' dir='ltr' id='par_1_85' title="bbox 422 4412 2002 4505">
     <span class='ocr_line' id='line_1_85' title="bbox 422 4412 2002 4505; baseline -0.004 -15"><span class='ocrx_word' id='word_1_589' title='bbox 422 4412 955 4505; x_wconf 74' lang='grc' dir='ltr'>παρεγγυησάμενος</span> <span class='ocrx_word' id='word_1_590' title='bbox 977 4432 1391 4504; x_wconf 60' lang='grc' dir='ltr'>προσλιπαρεῖν</span> <span class='ocrx_word' id='word_1_591' title='bbox 1417 4426 1562 4497; x_wconf 72' lang='grc' dir='ltr'>εἶτα,</span> <span class='ocrx_word' id='word_1_592' title='bbox 1605 4431 1789 4503; x_wconf 85' lang='grc' dir='ltr'>δέησιν</span> <span class='ocrx_word' id='word_1_593' title='bbox 1821 4431 2002 4503; x_wconf 77' lang='grc' dir='ltr'>ἱκετή-</span> 
     </span>
    </p>
   </div>
   <div class='ocr_carea' id='block_1_86' title="bbox 2100 4412 3694 4505">
    <p class='ocr_par' dir='ltr' id='par_1_86' title="bbox 2109 4412 3694 4494">
     <span class='ocr_line' id='line_1_86' title="bbox 2109 4412 3694 4494; baseline -0.008 -13"><span class='ocrx_word' id='word_1_594' title='bbox 2109 4423 2352 4494; x_wconf 89' lang='lat' dir='ltr'><strong>cepisses</strong></span> <span class='ocrx_word' id='word_1_595' title='bbox 2384 4438 2400 4476; x_wconf 88' lang='lat'><strong>:</strong></span> <span class='ocrx_word' id='word_1_596' title='bbox 2432 4429 2660 4490; x_wconf 91' lang='lat' dir='ltr'><strong>tumque</strong></span> <span class='ocrx_word' id='word_1_597' title='bbox 2684 4416 3042 4489; x_wconf 89' lang='lat' dir='ltr'><strong>supplicantis</strong></span> <span class='ocrx_word' id='word_1_598' title='bbox 3065 4414 3235 4470; x_wconf 89' lang='lat' dir='ltr'><strong>animi</strong></span> <span class='ocrx_word' id='word_1_599' title='bbox 3256 4412 3476 4482; x_wconf 63' lang='lat' dir='ltr'><strong>ipariter</strong></span> <span class='ocrx_word' id='word_1_600' title='bbox 3525 4419 3694 4481; x_wconf 89' lang='lat' dir='ltr'><strong>atque</strong></span> 
     </span>
    </p>
   </div>
   <div class='ocr_carea' id='block_1_87' title="bbox 427 4501 2002 4600">
    <p class='ocr_par' dir='ltr' id='par_1_87' title="bbox 427 4501 2002 4600">
     <span class='ocr_line' id='line_1_87' title="bbox 427 4501 2002 4600; baseline -0.001 -20"><span class='ocrx_word' id='word_1_601' title='bbox 427 4501 549 4600; x_wconf 80' lang='grc' dir='ltr'>ρίον</span> <span class='ocrx_word' id='word_1_602' title='bbox 665 4501 808 4598; x_wconf 67' lang='grc' dir='ltr'><strong>ἅμα⁷</strong></span> <span class='ocrx_word' id='word_1_603' title='bbox 829 4526 928 4581; x_wconf 81' lang='grc' dir='ltr'><strong>καὶ</strong></span> <span class='ocrx_word' id='word_1_604' title='bbox 980 4501 1422 4598; x_wconf 71' lang='grc' dir='ltr'>εύχαριστηριον,</span> <span class='ocrx_word' id='word_1_605' title='bbox 1472 4501 1898 4596; x_wconf 77' lang='grc' dir='ltr'>ἐμφανιζομένῳ</span> <span class='ocrx_word' id='word_1_606' title='bbox 1926 4501 2002 4578; x_wconf 86' lang='grc' dir='ltr'>σοι</span> 
     </span>
    </p>
   </div>
   <div class='ocr_carea' id='block_1_88' title="bbox 2100 4501 3696 4600">
    <p class='ocr_par' dir='ltr' id='par_1_88' title="bbox 2109 4501 3696 4589">
     <span class='ocr_line' id='line_1_88' title="bbox 2109 4501 3696 4589; baseline -0.01 -18"><span class='ocrx_word' id='word_1_607' title='bbox 2109 4515 2312 4589; x_wconf 77' lang='lat' dir='ltr'><strong>gratias</strong></span> <span class='ocrx_word' id='word_1_608' title='bbox 2332 4512 2545 4583; x_wconf 83' lang='lat' dir='ltr'><strong>agentis</strong></span> <span class='ocrx_word' id='word_1_609' title='bbox 2568 4510 2897 4574; x_wconf 89' lang='lat' dir='ltr'><strong>orationem,</strong></span> <span class='ocrx_word' id='word_1_610' title='bbox 2939 4509 3054 4563; x_wconf 90' lang='lat' dir='ltr'><strong>Deo</strong></span> <span class='ocrx_word' id='word_1_611' title='bbox 3088 4516 3206 4571; x_wconf 92' lang='lat' dir='ltr'><strong>tuo,</strong></span> <span class='ocrx_word' id='word_1_612' title='bbox 3239 4503 3375 4574; x_wconf 78' lang='lat' dir='ltr'><strong>Regi</strong></span> <span class='ocrx_word' id='word_1_613' title='bbox 3408 4512 3504 4558; x_wconf 91' lang='lat' dir='ltr'><strong>tuo</strong></span> <span class='ocrx_word' id='word_1_614' title='bbox 3529 4501 3696 4560; x_wconf 83' lang='lat' dir='ltr'><strong>Chri-</strong></span> 
     </span>
    </p>
   </div>
   <div class='ocr_carea' id='block_1_89' title="bbox 422 4599 2002 4692">
    <p class='ocr_par' dir='ltr' id='par_1_89' title="bbox 422 4599 2002 4692">
     <span class='ocr_line' id='line_1_89' title="bbox 422 4599 2002 4692; baseline -0.001 -19"><span class='ocrx_word' id='word_1_615' title='bbox 422 4599 633 4692; x_wconf 71' lang='grc' dir='ltr'>νοερῶς</span> <span class='ocrx_word' id='word_1_616' title='bbox 661 4619 756 4672; x_wconf 75' lang='grc' dir='ltr'>καὶ</span> <span class='ocrx_word' id='word_1_617' title='bbox 801 4617 1190 4690; x_wconf 84' lang='grc' dir='ltr'>ὑπερκοσμιως</span> <span class='ocrx_word' id='word_1_618' title='bbox 1231 4617 1310 4688; x_wconf 85' lang='grc' dir='ltr'><strong>τῷ</strong></span> <span class='ocrx_word' id='word_1_619' title='bbox 1327 4615 1448 4688; x_wconf 89' lang='grc' dir='ltr'><strong>Θεῷ</strong></span> <span class='ocrx_word' id='word_1_620' title='bbox 1493 4633 1588 4672; x_wconf 89' lang='grc' dir='ltr'>σου</span> <span class='ocrx_word' id='word_1_621' title='bbox 1645 4618 1742 4671; x_wconf 75' lang='grc' dir='ltr'>καὶ</span> <span class='ocrx_word' id='word_1_622' title='bbox 1799 4617 2002 4689; x_wconf 84' lang='grc' dir='ltr'>βασιλεῖ</span> 
     </span>
    </p>
   </div>
   <div class='ocr_carea' id='block_1_90' title="bbox 2100 4599 3693 4692">
    <p class='ocr_par' dir='ltr' id='par_1_90' title="bbox 2114 4599 3693 4676">
     <span class='ocr_line' id='line_1_90' title="bbox 2114 4599 3693 4676; baseline -0.011 -12"><span class='ocrx_word' id='word_1_623' title='bbox 2114 4617 2200 4664; x_wconf 91' lang='lat' dir='ltr'><strong>sto</strong></span> <span class='ocrx_word' id='word_1_624' title='bbox 2231 4604 2326 4676; x_wconf 91' lang='lat' dir='ltr'><strong>qui</strong></span> <span class='ocrx_word' id='word_1_625' title='bbox 2353 4611 2702 4676; x_wconf 85' lang='lat' dir='ltr'><strong>apparuerat,</strong></span> <span class='ocrx_word' id='word_1_626' title='bbox 2736 4599 2938 4656; x_wconf 91' lang='lat' dir='ltr'><strong>mentis</strong></span> <span class='ocrx_word' id='word_1_627' title='bbox 2990 4613 3175 4662; x_wconf 90' lang='lat' dir='ltr'><strong>sensu,</strong></span> <span class='ocrx_word' id='word_1_628' title='bbox 3226 4611 3291 4651; x_wconf 92' lang='lat' dir='ltr'><strong>ac</strong></span> <span class='ocrx_word' id='word_1_629' title='bbox 3319 4609 3483 4664; x_wconf 88' lang='lat' dir='ltr'><strong>supra</strong></span> <span class='ocrx_word' id='word_1_630' title='bbox 3527 4608 3693 4662; x_wconf 90' lang='lat' dir='ltr'><strong>quam</strong></span> 
     </span>
    </p>
   </div>
   <div class='ocr_carea' id='block_1_91' title="bbox 423 4708 2010 4782">
    <p class='ocr_par' dir='ltr' id='par_1_91' title="bbox 423 4708 2010 4782">
     <span class='ocr_line' id='line_1_91' title="bbox 423 4708 2010 4782; baseline -0.001 -17"><span class='ocrx_word' id='word_1_631' title='bbox 423 4728 526 4766; x_wconf 85' lang='grc' dir='ltr'>σου</span> <span class='ocrx_word' id='word_1_632' title='bbox 557 4709 938 4782; x_wconf 87' lang='grc' dir='ltr'>προσλαλήσας</span> <span class='ocrx_word' id='word_1_633' title='bbox 962 4708 1204 4782; x_wconf 81' lang='grc' dir='ltr'>Χριστῷ,</span> <span class='ocrx_word' id='word_1_634' title='bbox 1229 4711 1312 4774; x_wconf 87' lang='grc' dir='ltr'><strong>είς</strong></span> <span class='ocrx_word' id='word_1_635' title='bbox 1335 4711 1525 4781; x_wconf 86' lang='grc' dir='ltr'>χεῖρας</span> <span class='ocrx_word' id='word_1_636' title='bbox 1546 4708 1696 4780; x_wconf 87' lang='grc' dir='ltr'>αύτῷ</span> <span class='ocrx_word' id='word_1_637' title='bbox 1723 4708 1822 4780; x_wconf 75' lang='grc' dir='ltr'>τὴν</span> <span class='ocrx_word' id='word_1_638' title='bbox 1869 4726 2010 4763; x_wconf 84' lang='grc' dir='ltr'>παν-</span> 
     </span>
    </p>
   </div>
   <div class='ocr_carea' id='block_1_92' title="bbox 421 4800 2013 4874">
    <p class='ocr_par' dir='ltr' id='par_1_92' title="bbox 421 4800 2013 4874">
     <span class='ocr_line' id='line_1_92' title="bbox 421 4800 2013 4874; baseline -0.001 -16"><span class='ocrx_word' id='word_1_639' title='bbox 421 4803 617 4859; x_wconf 78' lang='grc' dir='ltr'>ολϐίαν</span> <span class='ocrx_word' id='word_1_640' title='bbox 661 4802 862 4858; x_wconf 86' lang='grc' dir='ltr'>ἀπέδου</span> <span class='ocrx_word' id='word_1_641' title='bbox 915 4802 1094 4874; x_wconf 80' lang='grc' dir='ltr'>ψυχήν</span> <span class='ocrx_word' id='word_1_642' title='bbox 1112 4817 1129 4835; x_wconf 80' lang='grc'><strong><em>⁸</em></strong></span> <span class='ocrx_word' id='word_1_643' title='bbox 1189 4801 1286 4857; x_wconf 74' lang='grc' dir='ltr'>καὶ</span> <span class='ocrx_word' id='word_1_644' title='bbox 1325 4803 1384 4856; x_wconf 83' lang='grc' dir='ltr'><strong>ἐν</strong></span> <span class='ocrx_word' id='word_1_645' title='bbox 1439 4803 1591 4873; x_wconf 77' lang='grc' dir='ltr'>φωνῇ</span> <span class='ocrx_word' id='word_1_646' title='bbox 1639 4800 2013 4872; x_wconf 83' lang='grc' dir='ltr'>ἀγαλλιάσεως</span> 
     </span>
    </p>
   </div>
   <div class='ocr_carea' id='block_1_93' title="bbox 423 4894 2010 4968">
    <p class='ocr_par' dir='ltr' id='par_1_93' title="bbox 423 4894 2010 4968">
     <span class='ocr_line' id='line_1_93' title="bbox 423 4894 2010 4968; baseline -0.003 -15"><span class='ocrx_word' id='word_1_647' title='bbox 423 4899 529 4953; x_wconf 76' lang='grc' dir='ltr'>καὶ</span> <span class='ocrx_word' id='word_1_648' title='bbox 552 4896 1020 4968; x_wconf 82' lang='grc' dir='ltr'>ἐξομολογήσεως,</span> <span class='ocrx_word' id='word_1_649' title='bbox 1049 4897 1109 4950; x_wconf 87' lang='grc' dir='ltr'><strong>ἐν</strong></span> <span class='ocrx_word' id='word_1_650' title='bbox 1138 4894 1257 4968; x_wconf 77' lang='grc' dir='ltr'>ῆχφ</span> <span class='ocrx_word' id='word_1_651' title='bbox 1289 4894 1658 4967; x_wconf 78' lang='grc' dir='ltr'>ἑορταζόντων</span> <span class='ocrx_word' id='word_1_652' title='bbox 1684 4911 1770 4948; x_wconf 89' lang='grc' dir='ltr'><strong>νοε</strong></span> <span class='ocrx_word' id='word_1_653' title='bbox 1779 4894 1888 4965; x_wconf 84' lang='grc' dir='ltr'>ρῶν</span> <span class='ocrx_word' id='word_1_654' title='bbox 1913 4895 2010 4949; x_wconf 76' lang='grc' dir='ltr'>καὶ</span> 
     </span>
    </p>
   </div>
   <div class='ocr_carea' id='block_1_94' title="bbox 428 4985 2008 5060">
    <p class='ocr_par' dir='ltr' id='par_1_94' title="bbox 428 4985 2008 5060">
     <span class='ocr_line' id='line_1_94' title="bbox 428 4985 2008 5060; baseline -0.004 -15"><span class='ocrx_word' id='word_1_655' title='bbox 428 4991 599 5046; x_wconf 81' lang='grc' dir='ltr'>θείων</span> <span class='ocrx_word' id='word_1_656' title='bbox 632 4989 946 5060; x_wconf 83' lang='grc' dir='ltr'>Δυνάμεων,</span> <span class='ocrx_word' id='word_1_657' title='bbox 987 4987 1128 5058; x_wconf 77' lang='grc' dir='ltr'>πρὸς</span> <span class='ocrx_word' id='word_1_658' title='bbox 1157 4987 1257 5050; x_wconf 82' lang='grc' dir='ltr'>τὰς</span> <span class='ocrx_word' id='word_1_659' title='bbox 1276 4987 1536 5057; x_wconf 81' lang='grc' dir='ltr'>οὐρανίας</span> <span class='ocrx_word' id='word_1_660' title='bbox 1557 4985 1705 5058; x_wconf 82' lang='grc' dir='ltr'>αὐτῷ</span> <span class='ocrx_word' id='word_1_661' title='bbox 1725 4987 1823 5041; x_wconf 73' lang='grc' dir='ltr'>καὶ</span> <span class='ocrx_word' id='word_1_662' title='bbox 1840 4985 2008 5054; x_wconf 61' lang='grc' dir='ltr'>ὑπερ.</span> 
     </span>
    </p>
   </div>
   <div class='ocr_carea' id='block_1_95' title="bbox 428 5081 1404 5156">
    <p class='ocr_par' dir='ltr' id='par_1_95' title="bbox 428 5081 1404 5156">
     <span class='ocr_line' id='line_1_95' title="bbox 428 5081 1404 5156; baseline -0.003 -18"><span class='ocrx_word' id='word_1_663' title='bbox 428 5085 748 5156; x_wconf 77' lang='grc' dir='ltr'>φυεστάτας</span> <span class='ocrx_word' id='word_1_664' title='bbox 780 5081 1189 5152; x_wconf 84' lang='grc' dir='ltr'>συνανελήφθης</span> <span class='ocrx_word' id='word_1_665' title='bbox 1213 5083 1404 5152; x_wconf 85' lang='grc' dir='ltr'>μονάς.</span> 
     </span>
    </p>
   </div>
   <div class='ocr_carea' id='block_1_96' title="bbox 509 5283 1422 5352">
    <p class='ocr_par' dir='ltr' id='par_1_96' title="bbox 509 5283 1422 5352">
     <span class='ocr_line' id='line_1_96' title="bbox 509 5283 1422 5352; baseline -0.004 -11"><span class='ocrx_word' id='word_1_666' title='bbox 509 5286 560 5319; x_wconf 72' lang='grc'><strong>⁸⁸</strong></span> <span class='ocrx_word' id='word_1_667' title='bbox 585 5284 744 5342; x_wconf 72' lang='lat' dir='ltr'><strong>Cant.</strong></span> <span class='ocrx_word' id='word_1_668' title='bbox 776 5301 840 5352; x_wconf 85' lang='grc' dir='ltr'><strong>ιι,</strong></span> <span class='ocrx_word' id='word_1_669' title='bbox 862 5285 917 5342; x_wconf 86' lang='grc'><strong>6.</strong></span> <span class='ocrx_word' id='word_1_670' title='bbox 991 5284 1039 5317; x_wconf 80' lang='grc'><strong>⁸⁸</strong></span> <span class='ocrx_word' id='word_1_671' title='bbox 1065 5283 1207 5340; x_wconf 89' lang='lat' dir='ltr'><strong>Psal.</strong></span> <span class='ocrx_word' id='word_1_672' title='bbox 1229 5299 1316 5338; x_wconf 77' lang='lat' dir='ltr'><strong>xu</strong></span> <span class='ocrx_word' id='word_1_673' title='bbox 1369 5284 1422 5338; x_wconf 85' lang='lat'><strong>5.</strong></span> 
     </span>
    </p>
   </div>
   <div class='ocr_carea' id='block_1_97' title="bbox 426 5409 2024 5498">
    <p class='ocr_par' dir='ltr' id='par_1_97' title="bbox 426 5409 2024 5498">
     <span class='ocr_line' id='line_1_97' title="bbox 426 5409 2024 5498; baseline -0.008 -22"><span class='ocrx_word' id='word_1_674' title='bbox 426 5427 568 5498; x_wconf 63' lang='lat' dir='ltr'><strong>erat</strong></span> <span class='ocrx_word' id='word_1_675' title='bbox 585 5417 930 5498; x_wconf 58' lang='lat' dir='ltr'><strong>praedicator.</strong></span> <span class='ocrx_word' id='word_1_676' title='bbox 957 5414 1188 5498; x_wconf 46' lang='lat' dir='ltr'><strong>saniora</strong></span> <span class='ocrx_word' id='word_1_677' title='bbox 1218 5416 1356 5481; x_wconf 64' lang='lat' dir='ltr'><strong>haec,</strong></span> <span class='ocrx_word' id='word_1_678' title='bbox 1391 5430 1558 5498; x_wconf 85' lang='lat' dir='ltr'><strong>quam</strong></span> <span class='ocrx_word' id='word_1_679' title='bbox 1596 5413 1685 5498; x_wconf 82' lang='lat' dir='ltr'><strong>il_l_a</strong></span> <span class='ocrx_word' id='word_1_680' title='bbox 1716 5409 2024 5498; x_wconf 44' lang='lat' dir='ltr'><strong>Abdigde</strong></span> 
     </span>
    </p>
   </div>
   <div class='ocr_carea' id='block_1_98' title="bbox 428 5483 2026 5618">
    <p class='ocr_par' dir='ltr' id='par_1_98' title="bbox 428 5483 2026 5618">
     <span class='ocr_line' id='line_1_98' title="bbox 428 5483 2026 5610; baseline -0.008 -62"><span class='ocrx_word' id='word_1_681' title='bbox 428 5483 659 5550; x_wconf 72' lang='lat' dir='ltr'><strong>duabus</strong></span> <span class='ocrx_word' id='word_1_682' title='bbox 692 5488 926 5560; x_wconf 90' lang='lat' dir='ltr'><strong>apostoli</strong></span> <span class='ocrx_word' id='word_1_683' title='bbox 970 5486 1210 5552; x_wconf 82' lang='lat' dir='ltr'><strong>filiabus,</strong></span> <span class='ocrx_word' id='word_1_684' title='bbox 1249 5501 1375 5557; x_wconf 75' lang='lat' dir='ltr'><strong>quae</strong></span> <span class='ocrx_word' id='word_1_685' title='bbox 1409 5483 1543 5610; x_wconf 33' lang='lat' dir='ltr'><strong>post</strong></span> <span class='ocrx_word' id='word_1_686' title='bbox 1591 5483 1904 5553; x_wconf 90' lang='lat' dir='ltr'><strong>aliquantos</strong></span> <span class='ocrx_word' id='word_1_687' title='bbox 1926 5496 2026 5536; x_wconf 86' lang='lat' dir='ltr'><strong>an-</strong></span> 
     </span>
     <span class='ocr_line' id='line_1_99' title="bbox 428 5551 2024 5618; baseline -0.007 -1"><span class='ocrx_word' id='word_1_688' title='bbox 428 5576 546 5618; x_wconf 85' lang='lat' dir='ltr'><strong>nos</strong></span> <span class='ocrx_word' id='word_1_689' title='bbox 573 5559 631 5615; x_wconf 91' lang='lat' dir='ltr'><strong>in</strong></span> <span class='ocrx_word' id='word_1_690' title='bbox 661 5560 936 5615; x_wconf 89' lang='lat' dir='ltr'><strong>tumulum</strong></span> <span class='ocrx_word' id='word_1_691' title='bbox 959 5558 1133 5618; x_wconf 81' lang='lat' dir='ltr'><strong>patris</strong></span> <span class='ocrx_word' id='word_1_692' title='bbox 1163 5565 1220 5612; x_wconf 93' lang='lat' dir='ltr'><strong>et</strong></span> <span class='ocrx_word' id='word_1_693' title='bbox 1240 5556 1370 5618; x_wconf 80' lang='lat' dir='ltr'><strong>ipsae</strong></span> <span class='ocrx_word' id='word_1_694' title='bbox 1394 5556 1410 5610; x_wconf 96' lang='lat' dir='ltr'><strong>i</strong></span> <span class='ocrx_word' id='word_1_695' title='bbox 1435 5557 1557 5611; x_wconf 79' lang='lat' dir='ltr'><strong>latae</strong></span> <span class='ocrx_word' id='word_1_696' title='bbox 1597 5553 1729 5618; x_wconf 89' lang='lat' dir='ltr'><strong>sint,</strong></span> <span class='ocrx_word' id='word_1_697' title='bbox 1756 5567 1788 5606; x_wconf 92' lang='lat' dir='ltr'><strong>a</strong></span> <span class='ocrx_word' id='word_1_698' title='bbox 1817 5551 2024 5606; x_wconf 86' lang='lat' dir='ltr'><strong>dextris</strong></span> 
     </span>
    </p>
   </div>
   <div class='ocr_carea' id='block_1_99' title="bbox 427 5556 1410 5628">
    <p class='ocr_par' dir='ltr' id='par_1_99' title="bbox 427 5556 1410 5628">
     <span class='ocr_line' id='line_1_100' title="bbox 427 5556 1410 5628; baseline -0.008 -10"><span class='ocrx_word' id='word_1_699' title='bbox 427 5576 546 5620; x_wconf 87' lang='lat' dir='ltr'><strong>nos</strong></span> <span class='ocrx_word' id='word_1_700' title='bbox 573 5559 631 5615; x_wconf 91' lang='lat' dir='ltr'><strong>in</strong></span> <span class='ocrx_word' id='word_1_701' title='bbox 661 5556 936 5615; x_wconf 78' lang='lat' dir='ltr'><strong>tumulum</strong></span> <span class='ocrx_word' id='word_1_702' title='bbox 959 5558 1147 5628; x_wconf 16' lang='lat' dir='ltr'><strong>patris,</strong></span> <span class='ocrx_word' id='word_1_703' title='bbox 1163 5565 1220 5612; x_wconf 94' lang='lat' dir='ltr'><strong>et</strong></span> <span class='ocrx_word' id='word_1_704' title='bbox 1240 5556 1370 5628; x_wconf 79' lang='lat' dir='ltr'><strong>ipsae</strong></span> <span class='ocrx_word' id='word_1_705' title='bbox 1394 5556 1410 5628; x_wconf 89' lang='lat' dir='ltr'><strong>i</strong></span> 
     </span>
    </p>
   </div>
   <div class='ocr_carea' id='block_1_100' title="bbox 427 5623 2023 5698">
    <p class='ocr_par' dir='ltr' id='par_1_100' title="bbox 427 5623 2023 5698">
     <span class='ocr_line' id='line_1_101' title="bbox 427 5623 2023 5698; baseline -0.009 -9"><span class='ocrx_word' id='word_1_706' title='bbox 427 5641 500 5689; x_wconf 87' lang='lat' dir='ltr'><strong>et</strong></span> <span class='ocrx_word' id='word_1_707' title='bbox 527 5646 558 5686; x_wconf 92' lang='lat' dir='ltr'><strong>a</strong></span> <span class='ocrx_word' id='word_1_708' title='bbox 591 5630 829 5686; x_wconf 86' lang='lat' dir='ltr'><strong>sinistris</strong></span> <span class='ocrx_word' id='word_1_709' title='bbox 863 5623 1015 5684; x_wconf 79' lang='lat' dir='ltr'><strong>illius</strong></span> <span class='ocrx_word' id='word_1_710' title='bbox 1032 5627 1226 5698; x_wconf 67' lang='lat' dir='ltr'><strong>positae</strong></span> <span class='ocrx_word' id='word_1_711' title='bbox 1260 5623 1330 5698; x_wconf 67' lang='lat' dir='ltr'><strong>ac</strong></span> <span class='ocrx_word' id='word_1_712' title='bbox 1343 5625 1625 5698; x_wconf 83' lang='lat' dir='ltr'><strong>miraculis</strong></span> <span class='ocrx_word' id='word_1_713' title='bbox 1650 5623 1848 5698; x_wconf 65' lang='lat' dir='ltr'><strong>clarae;</strong></span> <span class='ocrx_word' id='word_1_714' title='bbox 1870 5636 2023 5698; x_wconf 64' lang='lat' dir='ltr'><strong>quas</strong></span> 
     </span>
    </p>
   </div>
   <div class='ocr_carea' id='block_1_101' title="bbox 428 5690 2023 5771">
    <p class='ocr_par' dir='ltr' id='par_1_101' title="bbox 428 5690 2023 5771">
     <span class='ocr_line' id='line_1_102' title="bbox 428 5690 2023 5771; baseline -0.008 -11"><span class='ocrx_word' id='word_1_715' title='bbox 428 5701 746 5771; x_wconf 80' lang='lat' dir='ltr'><strong>ementitus</strong></span> <span class='ocrx_word' id='word_1_716' title='bbox 787 5690 1460 5771; x_wconf 33' lang='lat' dir='ltr'><strong>scriptor-nonhadvertit</strong></span> <span class='ocrx_word' id='word_1_717' title='bbox 1507 5693 1735 5771; x_wconf 68' lang='lat' dir='ltr'><strong>alterius</strong></span> 
     </span>
    </p>
   </div>
   <div class='ocr_carea' id='block_1_102' title="bbox 436 5759 2024 5836">
    <p class='ocr_par' dir='ltr' id='par_1_102' title="bbox 436 5759 2024 5836">
     <span class='ocr_line' id='line_1_103' title="bbox 436 5759 2024 5836; baseline -0.009 -8"><span class='ocrx_word' id='word_1_718' title='bbox 436 5759 588 5828; x_wconf 83' lang='lat' dir='ltr'><strong>ﬁlias</strong></span> <span class='ocrx_word' id='word_1_719' title='bbox 614 5759 929 5834; x_wconf 57' lang='lat' dir='ltr'><strong>exstitisse,</strong></span> <span class='ocrx_word' id='word_1_720' title='bbox 977 5768 1034 5824; x_wconf 90' lang='lat' dir='ltr'><strong>id</strong></span> <span class='ocrx_word' id='word_1_721' title='bbox 1065 5777 1149 5823; x_wconf 90' lang='lat' dir='ltr'><strong>est</strong></span> <span class='ocrx_word' id='word_1_722' title='bbox 1175 5765 1432 5833; x_wconf 88' lang='lat' dir='ltr'><strong>diaconi;</strong></span> <span class='ocrx_word' id='word_1_723' title='bbox 1463 5780 1594 5836; x_wconf 14' lang='lat' dir='ltr'><strong>qua,</strong></span> <span class='ocrx_word' id='word_1_724' title='bbox 1610 5763 1753 5818; x_wconf 90' lang='lat' dir='ltr'><strong>forte</strong></span> <span class='ocrx_word' id='word_1_725' title='bbox 1783 5759 2024 5836; x_wconf 82' lang='lat' dir='ltr'><strong>Philippi</strong></span> 
     </span>
    </p>
   </div>
   <div class='ocr_carea' id='block_1_103' title="bbox 439 5835 2027 5912">
    <p class='ocr_par' dir='ltr' id='par_1_103' title="bbox 439 5835 2027 5912">
     <span class='ocr_line' id='line_1_104' title="bbox 439 5835 2027 5912; baseline -0.008 -15"><span class='ocrx_word' id='word_1_726' title='bbox 439 5841 681 5912; x_wconf 85' lang='lat' dir='ltr'><strong>apostoli</strong></span> <span class='ocrx_word' id='word_1_727' title='bbox 725 5848 1023 5912; x_wconf 8' lang='lat' dir='ltr'><strong>amore,q_et</strong></span> <span class='ocrx_word' id='word_1_728' title='bbox 1045 5835 1688 5912; x_wconf 36' lang='lat' dir='ltr'><strong>quodhceiebris’civitas</strong></span> <span class='ocrx_word' id='word_1_729' title='bbox 1715 5835 2027 5912; x_wconf 33' lang='lat' dir='ltr'><strong>erat,_‘m_ul-</strong></span> 
     </span>
    </p>
   </div>
   <div class='ocr_carea' id='block_1_104' title="bbox 439 5902 2023 5984">
    <p class='ocr_par' dir='ltr' id='par_1_104' title="bbox 439 5902 2023 5984">
     <span class='ocr_line' id='line_1_105' title="bbox 439 5902 2023 5984; baseline -0.009 -14"><span class='ocrx_word' id='word_1_730' title='bbox 439 5902 646 5984; x_wconf 78' lang='lat' dir='ltr'><strong>tésque</strong></span> <span class='ocrx_word' id='word_1_731' title='bbox 667 5910 724 5968; x_wconf 90' lang='lat' dir='ltr'><strong>in</strong></span> <span class='ocrx_word' id='word_1_732' title='bbox 751 5925 816 5968; x_wconf 87' lang='lat' dir='ltr'><strong>ea</strong></span> <span class='ocrx_word' id='word_1_733' title='bbox 851 5902 1138 5982; x_wconf 78' lang='lat' dir='ltr'><strong>Philippus</strong></span> <span class='ocrx_word' id='word_1_734' title='bbox 1181 5906 1402 5966; x_wconf 87' lang='lat' dir='ltr'><strong>Christo</strong></span> <span class='ocrx_word' id='word_1_735' title='bbox 1439 5904 1789 5979; x_wconf 88' lang='lat' dir='ltr'><strong>acquisierat,</strong></span> <span class='ocrx_word' id='word_1_736' title='bbox 1849 5902 2023 5958; x_wconf 81' lang='lat' dir='ltr'><strong>Palae-</strong></span> 
     </span>
    </p>
   </div>
   <div class='ocr_carea' id='block_1_105' title="bbox 2116 4685 3697 4765">
    <p class='ocr_par' dir='ltr' id='par_1_105' title="bbox 2116 4685 3697 4765">
     <span class='ocr_line' id='line_1_106' title="bbox 2116 4685 3697 4765; baseline -0.008 -11"><span class='ocrx_word' id='word_1_737' title='bbox 2116 4698 2316 4754; x_wconf 90' lang='lat' dir='ltr'><strong>decore</strong></span> <span class='ocrx_word' id='word_1_738' title='bbox 2334 4697 2693 4765; x_wconf 87' lang='lat' dir='ltr'><strong>honesteque,</strong></span> <span class='ocrx_word' id='word_1_739' title='bbox 2719 4691 3042 4763; x_wconf 91' lang='lat' dir='ltr'><strong>prolocutus</strong></span> <span class='ocrx_word' id='word_1_740' title='bbox 3055 4703 3227 4751; x_wconf 90' lang='lat' dir='ltr'><strong>esses,</strong></span> <span class='ocrx_word' id='word_1_741' title='bbox 3255 4687 3310 4742; x_wconf 88' lang='lat' dir='ltr'><strong>in</strong></span> <span class='ocrx_word' id='word_1_742' title='bbox 3341 4685 3697 4741; x_wconf 86' lang='lat' dir='ltr'><strong>manusiliius</strong></span> 
     </span>
    </p>
   </div>
   <div class='ocr_carea' id='block_1_106' title="bbox 2117 4777 3701 4848">
    <p class='ocr_par' dir='ltr' id='par_1_106' title="bbox 2117 4777 3701 4848">
     <span class='ocr_line' id='line_1_107' title="bbox 2117 4777 3701 4848; baseline -0.011 -2"><span class='ocrx_word' id='word_1_743' title='bbox 2117 4788 2492 4846; x_wconf 87' lang='lat' dir='ltr'><strong>beatissimam</strong></span> <span class='ocrx_word' id='word_1_744' title='bbox 2541 4785 2783 4842; x_wconf 89' lang='lat' dir='ltr'><strong>animam</strong></span> <span class='ocrx_word' id='word_1_745' title='bbox 2843 4779 3121 4836; x_wconf 90' lang='lat' dir='ltr'><strong>tradidisti</strong></span> <span class='ocrx_word' id='word_1_746' title='bbox 3155 4795 3170 4833; x_wconf 90' lang='lat'><strong>:</strong></span> <span class='ocrx_word' id='word_1_747' title='bbox 3203 4777 3372 4848; x_wconf 89' lang='lat' dir='ltr'><strong>inque</strong></span> <span class='ocrx_word' id='word_1_748' title='bbox 3426 4790 3562 4832; x_wconf 90' lang='lat' dir='ltr'><strong>voce</strong></span> <span class='ocrx_word' id='word_1_749' title='bbox 3608 4789 3701 4830; x_wconf 83' lang='lat' dir='ltr'><strong>ex-</strong></span> 
     </span>
    </p>
   </div>
   <div class='ocr_carea' id='block_1_107' title="bbox 2117 4869 3702 4940">
    <p class='ocr_par' dir='ltr' id='par_1_107' title="bbox 2117 4869 3702 4940">
     <span class='ocr_line' id='line_1_108' title="bbox 2117 4869 3702 4940; baseline -0.011 0"><span class='ocrx_word' id='word_1_750' title='bbox 2117 4881 2430 4940; x_wconf 87' lang='lat' dir='ltr'><strong>sultationis</strong></span> <span class='ocrx_word' id='word_1_751' title='bbox 2468 4888 2526 4935; x_wconf 89' lang='lat' dir='ltr'><strong>et</strong></span> <span class='ocrx_word' id='word_1_752' title='bbox 2565 4874 2930 4935; x_wconf 87' lang='lat' dir='ltr'><strong>confessionis</strong></span> <span class='ocrx_word' id='word_1_753' title='bbox 2954 4873 3012 4928; x_wconf 91' lang='lat' dir='ltr'><strong>in</strong></span> <span class='ocrx_word' id='word_1_754' title='bbox 3041 4885 3179 4928; x_wconf 85' lang='lat' dir='ltr'><strong>sono</strong></span> <span class='ocrx_word' id='word_1_755' title='bbox 3239 4869 3508 4926; x_wconf 89' lang='lat' dir='ltr'><strong>mentium</strong></span> <span class='ocrx_word' id='word_1_756' title='bbox 3558 4883 3702 4938; x_wconf 89' lang='lat' dir='ltr'><strong>epu-</strong></span> 
     </span>
    </p>
   </div>
   <div class='ocr_carea' id='block_1_108' title="bbox 2115 4957 3703 5036">
    <p class='ocr_par' dir='ltr' id='par_1_108' title="bbox 2115 4957 3703 5036">
     <span class='ocr_line' id='line_1_109' title="bbox 2115 4957 3703 5036; baseline -0.011 -7"><span class='ocrx_word' id='word_1_757' title='bbox 2115 4972 2395 5029; x_wconf 75' lang='lat' dir='ltr'><strong>lantium”</strong></span> <span class='ocrx_word' id='word_1_758' title='bbox 2417 4969 2835 5036; x_wconf 88' lang='lat' dir='ltr'><strong>divinarumque</strong></span> <span class='ocrx_word' id='word_1_759' title='bbox 2854 4965 3214 5027; x_wconf 89' lang='lat' dir='ltr'><strong>Potestatum,</strong></span> <span class='ocrx_word' id='word_1_760' title='bbox 3238 4959 3293 5014; x_wconf 90' lang='lat' dir='ltr'><strong>in</strong></span> <span class='ocrx_word' id='word_1_761' title='bbox 3319 4959 3570 5015; x_wconf 74' lang='lat' dir='ltr'><strong>caelestes</strong></span> <span class='ocrx_word' id='word_1_762' title='bbox 3586 4957 3703 5013; x_wconf 87' lang='lat' dir='ltr'><strong>exi-</strong></span> 
     </span>
    </p>
   </div>
   <div class='ocr_carea' id='block_1_109' title="bbox 2119 5059 3700 5136">
    <p class='ocr_par' dir='ltr' id='par_1_109' title="bbox 2119 5059 3700 5136">
     <span class='ocr_line' id='line_1_110' title="bbox 2119 5059 3700 5136; baseline -0.011 -14"><span class='ocrx_word' id='word_1_763' title='bbox 2119 5067 2367 5136; x_wconf 88' lang='lat' dir='ltr'><strong>miasque</strong></span> <span class='ocrx_word' id='word_1_764' title='bbox 2408 5077 2473 5119; x_wconf 92' lang='lat' dir='ltr'><strong>ac</strong></span> <span class='ocrx_word' id='word_1_765' title='bbox 2495 5061 2731 5125; x_wconf 90' lang='lat' dir='ltr'><strong>divinas,</strong></span> <span class='ocrx_word' id='word_1_766' title='bbox 2761 5059 2857 5115; x_wconf 92' lang='lat' dir='ltr'><strong>illo</strong></span> <span class='ocrx_word' id='word_1_767' title='bbox 2877 5064 3129 5124; x_wconf 89' lang='lat' dir='ltr'><strong>auctore,</strong></span> <span class='ocrx_word' id='word_1_768' title='bbox 3163 5062 3426 5125; x_wconf 88' lang='lat' dir='ltr'><strong>receptus</strong></span> <span class='ocrx_word' id='word_1_769' title='bbox 3453 5067 3515 5108; x_wconf 90' lang='lat' dir='ltr'><strong>es</strong></span> <span class='ocrx_word' id='word_1_770' title='bbox 3540 5065 3700 5106; x_wconf 86' lang='lat' dir='ltr'><strong>man-</strong></span> 
     </span>
    </p>
   </div>
   <div class='ocr_carea' id='block_1_110' title="bbox 2119 5181 2321 5222">
    <p class='ocr_par' dir='ltr' id='par_1_110' title="bbox 2119 5181 2321 5222">
     <span class='ocr_line' id='line_1_111' title="bbox 2119 5181 2321 5222; baseline -0.015 0"><span class='ocrx_word' id='word_1_771' title='bbox 2119 5183 2163 5222; x_wconf 90' lang='lat' dir='ltr'><strong>Sl</strong></span> <span class='ocrx_word' id='word_1_772' title='bbox 2171 5181 2321 5222; x_wconf 72' lang='lat'><strong>01103.</strong></span> 
     </span>
    </p>
   </div>
   <div class='ocr_carea' id='block_1_111' title="bbox 2124 5392 3710 5470">
    <p class='ocr_par' dir='ltr' id='par_1_111' title="bbox 2124 5392 3710 5470">
     <span class='ocr_line' id='line_1_112' title="bbox 2124 5392 3710 5470; baseline -0.008 -8"><span class='ocrx_word' id='word_1_773' title='bbox 2124 5407 2269 5462; x_wconf 90' lang='lat' dir='ltr'><strong>stina</strong></span> <span class='ocrx_word' id='word_1_774' title='bbox 2290 5421 2322 5460; x_wconf 87' lang='lat' dir='ltr'><strong>a</strong></span> <span class='ocrx_word' id='word_1_775' title='bbox 2346 5403 2611 5460; x_wconf 80' lang='lat' dir='ltr'><strong>Romanis</strong></span> <span class='ocrx_word' id='word_1_776' title='bbox 2641 5409 2875 5468; x_wconf 88' lang='lat' dir='ltr'><strong>vastata,</strong></span> <span class='ocrx_word' id='word_1_777' title='bbox 2911 5399 3010 5457; x_wconf 90' lang='lat' dir='ltr'><strong>illo</strong></span> <span class='ocrx_word' id='word_1_778' title='bbox 3032 5399 3576 5470; x_wconf 75' lang='lat' dir='ltr'><strong>commigrarant,_ac</strong></span> <span class='ocrx_word' id='word_1_779' title='bbox 3599 5392 3710 5470; x_wconf 78' lang='lat' dir='ltr'><strong>ho-</strong></span> 
     </span>
    </p>
   </div>
   <div class='ocr_carea' id='block_1_112' title="bbox 2124 5463 3708 5549">
    <p class='ocr_par' dir='ltr' id='par_1_112' title="bbox 2124 5463 3708 5549">
     <span class='ocr_line' id='line_1_113' title="bbox 2124 5463 3708 5549; baseline -0.008 -17"><span class='ocrx_word' id='word_1_780' title='bbox 2124 5476 2298 5549; x_wconf 89' lang='lat' dir='ltr'><strong>spiti_i_</strong></span> <span class='ocrx_word' id='word_1_781' title='bbox 2321 5475 2506 5549; x_wconf 86' lang='lat' dir='ltr'><strong>locum</strong></span> <span class='ocrx_word' id='word_1_782' title='bbox 2548 5473 2628 5529; x_wconf 92' lang='lat' dir='ltr'><strong>ibi</strong></span> <span class='ocrx_word' id='word_1_783' title='bbox 2659 5463 3024 5549; x_wconf 42' lang='grc' dir='ltr'><strong>ἀφίξει-αξη..</strong></span> <span class='ocrx_word' id='word_1_784' title='bbox 3057 5469 3215 5549; x_wconf 65' lang='lat' dir='ltr'><strong>Quod</strong></span> <span class='ocrx_word' id='word_1_785' title='bbox 3237 5463 3458 5549; x_wconf 56' lang='lat' dir='ltr'><strong>&#39;etiam&quot;</strong></span> <span class='ocrx_word' id='word_1_786' title='bbox 3477 5463 3708 5549; x_wconf 46' lang='lat' dir='ltr'><strong>biaria‘m</strong></span> 
     </span>
    </p>
   </div>
   <div class='ocr_carea' id='block_1_113' title="bbox 2123 5535 3706 5611">
    <p class='ocr_par' dir='ltr' id='par_1_113' title="bbox 2123 5535 3706 5611">
     <span class='ocr_line' id='line_1_114' title="bbox 2123 5535 3706 5611; baseline -0.009 -9"><span class='ocrx_word' id='word_1_787' title='bbox 2123 5535 2222 5602; x_wconf 78' lang='lat' dir='ltr'><strong>seu</strong></span> <span class='ocrx_word' id='word_1_788' title='bbox 2249 5545 2604 5600; x_wconf 85' lang='lat' dir='ltr'><strong>Mariamnem</strong></span> <span class='ocrx_word' id='word_1_789' title='bbox 2623 5543 2724 5597; x_wconf 90' lang='grc' dir='ltr'><strong>τοῦ</strong></span> <span class='ocrx_word' id='word_1_790' title='bbox 2765 5535 2940 5611; x_wconf 73' lang='grc' dir='ltr'>Ἰησοῦ</span> <span class='ocrx_word' id='word_1_791' title='bbox 2970 5535 3382 5611; x_wconf 70' lang='grc' dir='ltr'>εὐαγελίστριαν</span> <span class='ocrx_word' id='word_1_792' title='bbox 3405 5535 3542 5611; x_wconf 82' lang='lat' dir='ltr'><strong>dicit</strong></span> <span class='ocrx_word' id='word_1_793' title='bbox 3564 5535 3706 5611; x_wconf 71' lang='grc' dir='ltr'>πρὸς</span> 
     </span>
    </p>
   </div>
   <div class='ocr_carea' id='block_1_114' title="bbox 2122 5604 3710 5684">
    <p class='ocr_par' dir='ltr' id='par_1_114' title="bbox 2122 5604 3710 5684">
     <span class='ocr_line' id='line_1_115' title="bbox 2122 5604 3710 5684; baseline -0.006 -13"><span class='ocrx_word' id='word_1_794' title='bbox 2122 5617 2223 5682; x_wconf 84' lang='grc' dir='ltr'><strong>τὰς</strong></span> <span class='ocrx_word' id='word_1_795' title='bbox 2265 5614 2597 5684; x_wconf 84' lang='grc' dir='ltr'>Ἑλληνίδας,</span> <span class='ocrx_word' id='word_1_796' title='bbox 2628 5604 2978 5684; x_wconf 16' lang='grc' dir='ltr'>,αηηιιηξὶαδεε</span> <span class='ocrx_word' id='word_1_797' title='bbox 3009 5604 3193 5665; x_wconf 65' lang='lat' dir='ltr'><strong>Iesum</strong></span> <span class='ocrx_word' id='word_1_798' title='bbox 3227 5604 3533 5684; x_wconf 61' lang='lat' dir='ltr'><strong>mulieribus</strong></span> <span class='ocrx_word' id='word_1_799' title='bbox 3558 5604 3710 5684; x_wconf 45' lang='lat' dir='ltr'><strong>(ira-</strong></span> 
     </span>
    </p>
   </div>
   <div class='ocr_carea' id='block_1_115' title="bbox 2120 5676 3714 5753">
    <p class='ocr_par' dir='ltr' id='par_1_115' title="bbox 2120 5676 3714 5753">
     <span class='ocr_line' id='line_1_116' title="bbox 2120 5676 3714 5753; baseline -0.008 -10"><span class='ocrx_word' id='word_1_800' title='bbox 2120 5676 2218 5753; x_wconf 67' lang='lat' dir='ltr'><strong>cis;</strong></span> <span class='ocrx_word' id='word_1_801' title='bbox 2233 5685 2384 5742; x_wconf 82' lang='lat' dir='ltr'><strong>sexui</strong></span> <span class='ocrx_word' id='word_1_802' title='bbox 2408 5676 3014 5753; x_wconf 78' lang='lat' dir='ltr'><strong>convenientissimum,</strong></span> <span class='ocrx_word' id='word_1_803' title='bbox 3038 5695 3142 5753; x_wconf 81' lang='lat' dir='ltr'><strong>nec</strong></span> <span class='ocrx_word' id='word_1_804' title='bbox 3157 5678 3425 5753; x_wconf 82' lang='lat' dir='ltr'><strong>privatam</strong></span> <span class='ocrx_word' id='word_1_805' title='bbox 3437 5676 3714 5753; x_wconf 77' lang='lat' dir='ltr'><strong>excedens</strong></span> 
     </span>
    </p>
   </div>
   <div class='ocr_carea' id='block_1_116' title="bbox 2129 5745 3718 5823">
    <p class='ocr_par' dir='ltr' id='par_1_116' title="bbox 2129 5745 3718 5823">
     <span class='ocr_line' id='line_1_117' title="bbox 2129 5745 3718 5823; baseline -0.006 -9"><span class='ocrx_word' id='word_1_806' title='bbox 2129 5745 2457 5816; x_wconf 74' lang='lat' dir='ltr'><strong>doctrinam,</strong></span> <span class='ocrx_word' id='word_1_807' title='bbox 2489 5768 2599 5823; x_wconf 91' lang='lat' dir='ltr'><strong>qua</strong></span> <span class='ocrx_word' id='word_1_808' title='bbox 2634 5751 2775 5807; x_wconf 92' lang='lat' dir='ltr'><strong>nihil</strong></span> <span class='ocrx_word' id='word_1_809' title='bbox 2796 5758 2945 5807; x_wconf 84' lang='lat' dir='ltr'><strong>vetat</strong></span> <span class='ocrx_word' id='word_1_810' title='bbox 2963 5745 3246 5823; x_wconf 78' lang='lat' dir='ltr'><strong>mulieres,</strong></span> <span class='ocrx_word' id='word_1_811' title='bbox 3285 5748 3452 5823; x_wconf 84' lang='lat' dir='ltr'><strong>etiam</strong></span> <span class='ocrx_word' id='word_1_812' title='bbox 3479 5745 3718 5804; x_wconf 73' lang='lat' dir='ltr'><strong>summis</strong></span> 
     </span>
    </p>
   </div>
   <div class='ocr_carea' id='block_1_117' title="bbox 2131 5819 3528 5902">
    <p class='ocr_par' dir='ltr' id='par_1_117' title="bbox 2131 5819 3528 5902">
     <span class='ocr_line' id='line_1_118' title="bbox 2131 5819 3528 5902; baseline -0.008 -16"><span class='ocrx_word' id='word_1_813' title='bbox 2131 5826 2392 5902; x_wconf 89' lang='lat' dir='ltr'><strong>apostolis</strong></span> <span class='ocrx_word' id='word_1_814' title='bbox 2415 5819 2711 5898; x_wconf 73' lang='lat' dir='ltr'><strong>adiutrices</strong></span> <span class='ocrx_word' id='word_1_815' title='bbox 2723 5835 2847 5880; x_wconf 86' lang='lat' dir='ltr'><strong>esse</strong></span> <span class='ocrx_word' id='word_1_816' title='bbox 2871 5820 3189 5894; x_wconf 77' lang='lat' dir='ltr'><strong>evangelica</strong></span> <span class='ocrx_word' id='word_1_817' title='bbox 3213 5819 3528 5879; x_wconf 85' lang='lat' dir='ltr'><strong>functione.</strong></span> 
     </span>
    </p>
   </div>
  </div>
