4094 6414
535 441 636 509 179

1693 436 1986 498 ΝΙϐΕΤιΕ
2025 432 2553 496 PAPHLAGONIS

3653 432 3749 496 180

528 554 745 620 minem,
765 548 910 606 nobis
957 550 1193 621 praebuit.
1217 549 1269 606 Is
1293 552 1562 605 hominum
1581 549 1768 603 similis
1812 563 2093 618 apparens,

2199 543 2626 613 ἀναμαρτήτως
2680 538 3192 608 ἀνθρωπιζόμενον
3245 535 3593 606 παρέσχετο.
3661 541 3752 607 ὀς

526 643 763 696 veritatis
823 643 1144 697 sermonibus
1167 659 1230 696 ac
1256 644 1499 714 potentia:
1530 641 1790 711 aperibus,
1817 639 1994 692 Patris
2015 639 2099 692 sui

527 734 673 787 nobis
710 731 934 802 gloriam
960 751 1022 788 ac
1049 735 1315 798 notitiam,
1349 733 1514 803 aﬂ'usa
1553 731 1754 786 caelitus
1780 731 1892 784 luce
1921 731 2098 784 mani-

526 826 734 894 festauit
760 843 778 889 ;
818 827 1012 895 quique
1058 825 1120 879 ab
1169 825 1312 878 omni
1356 825 1604 877 immunis
1653 823 1895 893 passione
1945 829 2096 883 esset,

525 915 858 984 passionibus
879 917 1043 970 nostri
1059 932 1240 976 causa,
1262 930 1513 984 cruceque
1532 921 1578 965 et
1605 920 1770 965 morte
1793 911 2098 980 perfunctus

524 1014 685 1074 atque
711 1006 768 1058 in
793 1005 902 1059 illis
930 1014 1166 1059 versatus
1202 1003 1414 1074 (quippe
1433 1005 1584 1057 homo
1606 1019 1724 1055 cum
1746 1002 1898 1070 esset)
1925 1016 2100 1054 resur-

524 1098 660 1151 rexit
686 1098 840 1150 tertia
859 1097 943 1150 die
965 1114 1028 1150 ac
1053 1113 1108 1150 se
1125 1095 1267 1149 nobis
1287 1095 1620 1164 conspicuum
1663 1093 1804 1161 fecit,
1852 1093 2100 1158 nobisque

524 1186 855 1240 cernentibus
882 1187 939 1238 in
983 1184 1167 1238 caelum
1199 1196 1430 1255 receptus
1459 1194 1535 1240 est
1581 1183 1792 1253 (quippe
1821 1185 1912 1253 qui
1957 1182 2098 1236 Deus

521 1282 697 1347 esset).
729 1278 893 1344 Quem
914 1287 962 1332 et
995 1294 1176 1332 rursus
1208 1289 1482 1332 venturum
1503 1295 1530 1330 e
1555 1277 1694 1332 caelis
1717 1285 2094 1347 exspectamus,

520 1385 616 1437 pro
635 1385 695 1422 eo
727 1387 788 1423 ac
806 1369 1067 1439 pollicitus
1090 1378 1186 1434 est,
1219 1378 1273 1422 ut
1311 1372 1605 1423 humanum
1642 1384 1796 1421 onme
1821 1383 1985 1438 genus
2018 1382 2100 1419 ea;-

519 1462 751 1523 suscitet,
771 1461 1074 1530 judicetque
1123 1477 1186 1514 ac
1208 1460 1392 1513 reddat
1413 1459 1692 1528 unicuique
1713 1474 1806 1528 pro
1827 1474 1884 1511 eo
1901 1473 1964 1510 ac
1985 1473 2100 1528 ges-

518 1553 604 1606 sit.
634 1552 808 1614 Ilunc,
855 1555 1158 1617 hortamur,
1199 1553 1483 1623 agnoscite.
1517 1551 1691 1615 Hunc,
1731 1550 2096 1613 obsecramus,

516 1643 775 1709 colite;et
804 1645 857 1698 in
887 1645 1096 1698 nomine
1125 1645 1237 1714 ejus
1283 1645 1558 1716 baptizati,
1603 1643 1667 1696 ab
1720 1643 1864 1696 omni
1906 1639 2100 1696 scelere

514 1732 829 1806 impuraque
861 1737 1002 1790 omni
1043 1738 1357 1790 cazremonia
1389 1735 1786 1799 emundamini;
1829 1732 2100 1802 omnisque

513 1827 701 1897 gratia:
729 1829 1008 1898 participes
1033 1829 1214 1898 effecti,
1245 1835 1404 1897 atque
1439 1826 1586 1880 illius
1619 1834 1882 1880 consortes
1899 1824 2098 1878 sancti-

521 1918 660 1981 tatis,
696 1920 817 1972 vitcc
845 1927 1054 1974 (eterna:
1081 1937 1142 1974 ac
1160 1921 1307 1991 regni
1329 1919 1686 1976 hereditatem
1698 1916 2093 1988 consequimini,

515 2006 571 2060 in
602 2005 808 2062 Christo
839 2007 986 2063 Jesu.
1015 2009 1205 2064 Amen.

588 2271 976 2342 Hujuscemodi
1026 2271 1111 2326 vir
1131 2271 1486 2327 beatissimus
1511 2270 1715 2327 divinis
1743 2270 2093 2342 praedicatio-

516 2365 681 2419 nibus
706 2363 1027 2430 admonens,
1059 2363 1360 2420 adhortans
1381 2364 1747 2435 privatimque
1783 2378 1850 2418 ac
1870 2363 2094 2434 publica

515 2454 782 2509 concione
801 2453 1105 2508 doctrinam
1122 2453 1347 2522 iustitia:
1377 2452 1619 2519 tradens,
1648 2453 1867 2508 turbam
1898 2467 2097 2507 nume-

514 2558 580 2599 ro
609 2543 951 2613 superiorem
1017 2559 1298 2598 assensum
1338 2544 1698 2613 praebentem,
1735 2542 1954 2597 veritati
1997 2541 2094 2596 ad-

511 2633 712 2706 iunxit.
747 2633 968 2704 Hosque
993 2634 1130 2689 adeo
1162 2650 1260 2704 per
1309 2649 1509 2704 aquam
1551 2645 1606 2688 et
1627 2632 1892 2704 Spiritum
1941 2647 2095 2702 rege-

514 2743 736 2790 nerans,
766 2741 832 2782 ac
857 2727 952 2796 qui
988 2726 1045 2780 in
1071 2726 1178 2782 illis
1211 2726 1404 2798 majori
1457 2726 1729 2796 pollerent
1771 2725 2088 2796 prudentia,

513 2820 889 2889 majoremque
914 2827 1098 2874 essent
1138 2819 1373 2874 assecuti
1416 2819 1648 2889 gratiam
1675 2857 1690 2882 ,
1732 2817 1789 2871 in
1816 2816 2094 2874 antistites

513 2925 578 2966 ac
605 2909 920 2964 sacerdotes
946 2908 1273 2979 praeﬁciens,
1299 2907 1604 2964 Ecclesiam
1624 2915 1866 2963 sanctam
1895 2907 2092 2962 imma-

512 3002 750 3056 culatam
781 3000 985 3056 excitat
1009 2999 1253 3055 Christo.

579 3093 650 3149 At
679 3108 791 3148 non
834 3093 979 3155 tulit,
1019 3098 1078 3147 ut
1111 3093 1399 3148 veritatem
1425 3092 1506 3149 sic
1550 3102 1970 3163 prosperantem
2011 3091 2094 3148 vi-

510 3183 688 3248 deret,
720 3185 814 3254 qui
863 3183 1011 3239 illius
1040 3183 1390 3239 adversarius
1423 3193 1508 3239 est
1545 3201 1560 3237 :
1589 3183 1721 3254 quin
1754 3183 2095 3254 potentiores

2198 634 2268 687 ὲν
2303 631 2620 701 ὁμοιώματι
2659 629 2991 698 ἀνθρώπων
3019 627 3356 698 ἐπιφανεὶς,
3380 629 3583 696 λόγοις
3617 628 3753 697 ἄλη..

2199 723 2361 786 θείας
2389 721 2487 774 καί
2523 721 2718 789 ἔργοις
2742 719 3072 787 δυνάμεως,
3125 717 3240 784 τὴν
3267 716 3563 785 πατρικὴν
3582 719 3752 772 αὑτοῦ

2198 811 2388 876 δόξαν
2416 809 2516 862 καὶ
2539 807 2790 879 γνῶσιν,
2819 807 3163 875 ἐνέλαμψεν
3191 803 3368 870 ἡμῖν·
3399 802 3495 856 καὶ
3517 802 3754 856 πάθεσιν

2198 907 2232 958 ό
2271 899 2532 969 ἀπαθὴς,
2565 899 2666 954 καί
2697 895 2936 965 σταυρῷ
2966 897 3066 949 καὶ
3102 894 3338 961 θανάτῳ
3393 897 3752 962 προσωμιλη·

2198 993 2316 1060 κὼς
2347 994 2499 1060 ὑπὲρ
2524 990 2692 1061 ἡμῶν
2745 990 3080 1060 (ἄνθρωπος
3122 987 3230 1056 τὰρ
3260 987 3383 1056 ἦν),
3422 984 3640 1051 ἀνέστη
3685 983 3753 1052 τῇ

2198 1085 2391 1154 ἡμέρᾳ
2420 1084 2497 1152 τῇ
2545 1085 2734 1152 τρίτῃ,
2775 1081 2874 1135 καί
2912 1077 3280 1148 ἐνεφάνισεν
3343 1077 3485 1148 ἡμῖν
3520 1076 3749 1130 ἑαυτόν·

2198 1177 2298 1232 καί
2318 1177 2680 1242 βλεπόντων
2706 1173 2898 1242 ἡμῶν.
2919 1171 3234 1241 ἀνελήφθη
3262 1171 3350 1234 είς
3383 1169 3487 1222 τὸν
3515 1167 3754 1236 οὐρανὸν

2199 1269 2368 1335 (Θεὸς
2400 1269 2511 1338 γὰρ
2542 1263 2662 1338 ἦν).
2713 1267 2824 1319 Ὃν
2861 1263 2960 1318 καὶ
3005 1259 3440 1333 προσδοκῶμεν
3478 1259 3644 1327 ἥξειν
3664 1253 3757 1313 αὖ·

2206 1366 2321 1429 θις,
2361 1362 2441 1428 ὡς
2473 1356 2664 1422 εἶπεν,
2707 1358 2776 1412 ἐκ
2805 1357 2923 1412 τῶν
2950 1355 3244 1426 οὐρανῶν,
3280 1354 3387 1409 τοῦ
3430 1350 3755 1419 ἀναστῆσαι

2199 1455 2450 1521 σύμπαν
2496 1451 2564 1505 τὸ
2601 1450 2874 1519 πλάσμα,
2925 1447 3029 1502 καὶ
3078 1446 3272 1516 κρῖναι
3310 1445 3404 1499 καί
3445 1442 3755 1498 ἀποδοῦναι

2197 1543 2434 1608 ἑκάστῳ
2449 1543 2599 1596 κατὰ
2621 1559 2648 1596 τ
2659 1541 2737 1608 ἡν
2752 1541 2974 1608 πρᾶξιν
2989 1538 3201 1593 αὐτοῦ.
3225 1537 3444 1594 Τοῦτον
3464 1536 3754 1604 ἐπίτνωτε,

2207 1631 2636 1703 παραινοῦμεν.
2669 1632 2886 1686 Τοῦτον
2905 1630 3260 1696 σεϐάσθητε,
3290 1623 3754 1696 παρακαλοῦμεν·

2198 1726 2297 1780 καί
2323 1726 2394 1778 ἐν
2424 1723 2504 1789 τῷ
2539 1724 2786 1791 ὀνόματι
2814 1721 3031 1776 τούτου
3059 1718 3501 1788 βαπτιζόμενοι,
3536 1718 3758 1782 καθαρι·

2199 1814 2507 1882 σθήσεσθε
2531 1814 2648 1884 μὲν
2700 1813 2907 1881 πάσης
2933 1811 3189 1882 ἐναγοῦς
3227 1811 3325 1865 καί
3351 1807 3569 1880 μιαρᾶς
3608 1809 3756 1860 τελε-

2124 1881 2171 1941 B
2197 1881 2340 1976 τῆς·
2379 1881 2584 1975 πάσης
2631 1906 2701 1960 δὲ
2747 1905 2990 1976 χάριτος
3041 1881 3304 1973 μέτοχοι,
3350 1902 3452 1956 καὶ
3501 1896 3756 1954 κοινωνοί

2196 1999 2304 2066 τῆς
2347 1997 2537 2054 αὐτοῦ
2604 2000 2915 2068 γενόμενοι
2988 1996 3352 2066 ἁγιωσύνης,
3406 1993 3756 2059 κληρονόμοι

2194 2093 2345 2162 ζωῆς
2397 2092 2642 2147 αίωνίου
2697 2090 2797 2145 καὶ
2841 2091 3168 2157 ,βασιλείας
3224 2084 3754 2154 καταξιωθήσεσθε,

2193 2187 2263 2241 ἐν
2297 2184 2530 2255 Χριστῷ
2565 2184 2794 2252 Ἰησοῦ.
2835 2183 3042 2252 Ἀμήν.

2267 2277 2562 2342 Τοιαὺταις
2587 2278 2616 2330 ὀ
2656 2275 3081 2348 μακαριώτατος
3117 2273 3432 2343 θεηγορίαις
3486 2267 3755 2326 νουθετῶν,

2193 2370 2500 2442 παραινῶν,
2541 2369 2648 2441 ίδίᾳ.
2667 2385 2730 2423 τε
2769 2367 2865 2423 καὶ
2888 2367 3127 2438 δημοσίᾳ
3153 2365 3245 2420 τὸν
3270 2365 3432 2434 λόγον
3459 2359 3758 2433 πρεσϐεύων

2190 2464 2292 2535 τῆς
2319 2461 2688 2533 δικαιοσύνης,
2741 2458 3150 2531 ἀναριθμήτους
3200 2456 3300 2528 μὲν
3350 2455 3556 2509 πείθων
3606 2467 3758 2524 προσ-

2193 2555 2360 2626 ήγετο
2385 2555 2454 2624 τῇ
2487 2550 2740 2623 ἀληθείᾳο
2775 2551 2843 2604 δι’
2873 2548 3064 2613 ὓδατος
3087 2548 3144 2602 δὲ
3169 2547 3264 2602 καὶ
3297 2546 3616 2616 Πνεύματος
3646 2542 3754 2596 τού-

2191 2663 2318 2710 τους
2349 2643 2684 2714 ἀναγεννῶν,
2721 2642 2816 2696 καὶ
2845 2642 2971 2705 τοὺς
3005 2638 3404 2708 συνετωτέρους
3463 2639 3520 2690 ὲν
3569 2635 3753 2697 αὐτοῖς,

2194 2734 2291 2788 καὶ
2311 2733 2534 2804 χάριτος
2566 2729 2812 2802 μείζονος
2849 2727 3205 2799 ἠξιωμένους,
3233 2727 3314 2790 είς
3341 2724 3654 2796 ἀρχιερέας,
3688 2721 3755 2783 ὡς

2193 2824 2378 2896 θέμις,
2403 2823 2498 2877 καὶ
2528 2821 2710 2893 ἱερέας
2731 2819 3190 2892 προϐαλλόμενος,
3223 2815 3554 2888 Ἐκκλησίαν
3586 2811 3749 2882 ἀγίαν,

2193 2916 2429 2988 ἄμωμον
2451 2915 2644 2986 ἀνίστη
2682 2911 2928 2986 Χριστῷ.

2278 3091 2421 3146 Ἀλλ’
2450 3092 2552 3144 οῦκ
2575 3090 2777 3160 ἤνεγκε
2810 3086 3028 3157 βλεπων
3058 3083 3235 3149 οὕτως
3280 3083 3639 3154 εὐοδουμένην
3668 3078 3753 3148 τὴν

2196 3183 2478 3253 αλήθειαν,
2512 3185 2541 3236 ὀ
2584 3180 2792 3252 ταύτης
2839 3179 3063 3252 ἐχθρός·
3094 3179 3222 3241 τοὺς
3258 3177 3665 3238 δυνατωτάτους
3705 3171 3752 3225 δὲ

511 3289 576 3328 ac
607 3273 879 3344 primores
917 3274 1158 3329 civitatis
1188 3274 1334 3329 illius
1386 3273 1690 3339 incessens,
1752 3275 2093 3345 ﬂammaeque

2195 3276 2293 3329 καὶ
2336 3274 2591 3346 πρώτους
2635 3275 2853 3344 ἐκείνης
2881 3275 2981 3342 τῆς
3038 3271 3247 3335 πόλεως
3292 3270 3519 3334 ὑποδὺς,
3549 3269 3640 3322 καὶ
3679 3265 3754 3318 τὸν

513 3366 688 3421 instar
715 3366 1120 3420 aemulationem
1138 3366 1194 3420 in
1232 3367 1312 3421 eis
1326 3367 1689 3431 succendens,
1715 3369 2093 3437 apparitorum

2195 3365 2358 3438 ζῆλον
2382 3367 2440 3418 ὲν
2475 3366 2663 3428 αὐτοῖς
2698 3361 3006 3432 ἀναφλέξας
3036 3362 3111 3426 ῶς
3135 3360 3271 3434 πῦρ,
3307 3360 3644 3432 συναρπάζει
3674 3362 3748 3428 μὲν

514 3463 741 3524 repente
770 3470 936 3509 manu
960 3470 1090 3509 eum
1134 3455 1385 3524 corripit,
1422 3455 1692 3526 saevisque
1751 3458 2093 3512 conscissum

2196 3455 2361 3510 αὑτὸν
2399 3453 2633 3521 ἐξάπινα
2681 3453 2828 3524 χειρὶ
2877 3454 3242 3523 στρατιωτικῇ
3265 3467 3279 3482 ο
3318 3451 3576 3522 μαστιγοῖ
3605 3447 3659 3501 δὲ
3683 3462 3746 3497 crt-

514 3547 858 3609 verberibus,
877 3547 1000 3602 diro
1033 3561 1252 3602 carcere
1280 3546 1531 3601 includit.
1589 3546 1728 3601 Tum
1762 3547 2022 3604 funiculis
2062 3564 2094 3604 e

515 3639 786 3694 calcaneis
824 3640 1071 3695 vinctum
1107 3638 1164 3693 in
1199 3639 1421 3696 sublimi
1445 3654 1608 3694 verso
1670 3639 1727 3694 in
1762 3649 1965 3695 terram
2009 3655 2096 3696 ca-

513 3734 648 3804 pite,
682 3733 862 3790 virum
883 3735 1092 3806 justum
1122 3734 1486 3806 suspendunt.
1521 3735 1761 3804 Eratque
1788 3735 1976 3788 videre
2008 3748 2096 3787 ve-

515 3829 597 3886 lut
626 3843 823 3900 agnum
857 3828 1267 3890 immaculatum
1301 3829 1410 3882 alte
1438 3828 1491 3882 in
1523 3842 1650 3882 aere
1684 3827 1982 3882 sublatum.
2015 3827 2091 3882 Ac

513 3919 682 3990 pedes
709 3919 929 3990 quidem
959 3936 1200 3984 sursum,
1226 3920 1484 3975 deorsum
1538 3935 1672 3974 vero
1715 3918 2090 3974 venerandum

513 3988 678 4082 caput
725 3988 980 4077 habebat,
1003 4026 1179 4082 eoque
1207 4011 1397 4066 habitu
1431 4010 1638 4067 mentis
1679 4011 1735 4066 in
1767 4011 1967 4068 caelum
1987 4010 2093 4065 iter

512 4117 577 4156 ac
608 4103 1126 4174 contemplationem
1148 4103 1300 4159 velut
1327 4103 1713 4158 adumbrabat.

588 4276 745 4332 llaud
789 4285 970 4333 tamen
994 4293 1121 4332 eum
1146 4278 1413 4333 Dominus
1445 4278 1842 4334 consolationis
1889 4292 2090 4348 exper-

517 4378 628 4423 tem
669 4368 911 4438 reliquit.
943 4370 1307 4440 Propensiore
1350 4385 1589 4440 namque
1638 4370 1873 4424 mitioris
1904 4369 2094 4439 provi-

515 4460 715 4514 dentia:
759 4461 1010 4526 consilio,
1072 4460 1291 4515 divinus
1347 4476 1564 4530 quoque
1639 4461 2089 4526 Bartholomseus,

2193 3547 2364 3618 κρῶς,
2393 3545 2749 3616 καθείργνυσι
2781 3543 2840 3596 δὲ
2881 3543 3073 3606 δεινῶς
3092 3555 3108 3573 ⁸
3159 3541 3299 3613 μετὰ
3331 3541 3512 3596 ταῦτα
3542 3540 3598 3594 δὲ
3629 3551 3752 3608 σχοιο

2192 3642 2326 3702 νίοις
2363 3637 2668 3707 ἐξάψαντες
2717 3635 2862 3690 κατὰ
2915 3635 3024 3689 τῶν
3075 3633 3443 3705 ἀστραγάλων
3491 3631 3630 3704 (37),
3677 3625 3755 3681 ἐπὶ

2196 3729 2470 3800 μετεώρου
2502 3729 2591 3782 τὸν
2618 3728 2827 3782 δίκαιον
2851 3726 3168 3798 ὲκκρεμῶσι
3204 3725 3345 3780 κατὰ
3375 3725 3636 3796 κεφαλῆς.
3661 3717 3755 3774 Καὶ

2191 3817 2261 3891 ἦν
2289 3821 2479 3874 τοῦτον
2526 3821 2659 3890 ὁρᾷν
2711 3818 2967 3890 καθάπερ
3022 3817 3253 3888 ἄμωμον
3303 3817 3515 3888 ἀρνίον,
3546 3816 3633 3869 διὰ
3675 3806 3757 3864 τοῦ

2192 3914 2352 3982 ἀέρος
2376 3911 2812 3982 ἀπηωρημένονο
2851 3911 2946 3963 καὶ
2973 3909 3086 3964 ἀνω
3112 3910 3212 3980 μὲν
3245 3911 3373 3972 τοὺς
3408 3909 3594 3972 πόδας,
3626 3905 3759 3960 κάτω

2191 4006 2249 4059 δὲ
2285 4004 2382 4074 τὴν
2421 4003 2724 4074 σεϐασμίαν
2764 4002 2960 4073 ἔχοντα
3005 4002 3250 4072 κεφαλήν
3274 4019 3289 4036 ο
3337 4003 3439 4055 καὶ
3471 4001 3550 4070 τῷ
3588 3993 3757 4066 τοιῷδε

2193 4097 2432 4166 σχήματι
2489 4094 2585 4164 τὴν
2629 4093 2847 4164 ίθυτενῆ
2884 4093 3021 4163 πρὸς
3045 4093 3114 4147 τὰ
3143 4094 3257 4149 ἀνω
3293 4093 3392 4146 τοῦ
3427 4091 3522 4146 νοῦ
3549 4087 3758 4160 πορείαν

2193 4189 2287 4240 καὶ
2326 4187 2561 4256 θεωρίαν
2596 4185 3002 4256 ὑπογράφοντα.

2275 4277 2417 4330 Ἀλλ’
2440 4279 2540 4330 οὐκ
2570 4279 2782 4348 ἀφῆκεν
2811 4279 2975 4332 αὑτὸν
3002 4280 3028 4332 ὁ
3060 4277 3263 4346 Κύριος
3305 4277 3756 4348 ἀπαρηγόρητον·

2192 4370 2477 4442 οἰκονομίᾳ
2535 4369 2590 4423 δὲ
2641 4371 2914 4442 κρείττονι
2966 4371 3059 4423 καὶ
3116 4367 3524 4439 Βαρθολομαῖος
3567 4368 3596 4420 ὁ
3633 4364 3762 4424 θεῖος

2195 4461 2494 4525 ἀπόστολος
2530 4461 2709 4532 τούτῳ
2744 4461 3178 4530 συνεσταύρωτο.
3221 4461 3437 4514 Ἐκείσε
3475 4459 3586 4531 γὰρ
3615 4453 3763 4511 αὐτὸν

513 4552 636 4622 pari
669 4551 958 4606 damnatus
1007 4552 1258 4622 patibulo
1309 4553 1606 4622 pendebat.
1654 4553 1898 4624 Contigit
1943 4552 2092 4611 enim

2195 4554 2446 4625 ἐνδημεῖν
2471 4593 2487 4618 ,
2515 4555 2608 4608 καὶ
2629 4553 2820 4625 ῶσπερ
2844 4554 2936 4608 τοῦ
2971 4553 3304 4622 Εὑαγγελίου
3335 4553 3616 4615 κοινωνὸς,
3633 4547 3764 4603 οὕτω

514 4659 642 4701 eum
667 4654 796 4701 tunc
821 4645 897 4699 ibi
923 4645 1154 4710 versari,
1190 4661 1254 4700 ac
1284 4647 1429 4700 sicut
1449 4644 1874 4716 praedicationis,
1909 4645 1991 4701 sic
2030 4657 2088 4701 et

516 4738 789 4806 passionis
813 4736 1023 4792 socium
1053 4736 1213 4792 eilici.
1243 4737 1436 4809 Neque
1467 4737 1520 4792 id
1549 4735 1735 4803 modo,
1764 4736 1860 4792 sed
1887 4746 1945 4792 et
1969 4737 2088 4806 ipsa

583 4915 695 4982 (57)
707 4917 752 4968 Σ
757 4915 1000 4981 χοινίοις
1024 4912 1362 4983 ἐξάψαντες
1377 4914 1526 4968 κατὰ
1541 4913 1660 4968 τῶν
1674 4915 2089 4985 ἀστραγάλων.

519 4987 610 5042 Sic
658 5001 876 5054 quoque
920 4986 1188 5054 Metaphr.
1243 4999 1456 5039 necnon
1509 4985 1748 5052 Menses,
1798 4987 1854 5040 in
1888 4985 2092 5054 quibus

517 5052 834 5125 expressius
863 5052 1103 5124 aliquid:
1152 5056 1270 5108 Ἐπὶ
1322 5058 1417 5124 τῆς
1441 5055 1700 5118 πλατείας
1742 5052 1946 5125 συρεὶς,
1973 5052 2092 5108 εἶτα

517 5129 645 5189 τοὺς
701 5125 1079 5196 ἀστραγᾴλους
1113 5126 1432 5196 τρυπηθεὶς,
1465 5128 1557 5178 ἐπὶ
1587 5125 1683 5178 τοῦ
1725 5125 1881 5190 ξύλου
1917 5127 2088 5196 ἀνηρ-

517 5197 698 5267 τήθημ·
740 5194 836 5248 καὶ
881 5194 1064 5267 οὕτως⁸
1118 5194 1450 5265 εὐξάμενος,
1499 5195 1577 5264 τῷ
1607 5196 1724 5264 Θεῷ
1763 5197 1825 5249 τὸ
1875 5194 2092 5263 πνεῦμα

515 5263 788 5336 παρέθετο
820 5283 835 5296 ο
873 5263 975 5337 Per
1008 5263 1266 5335 plateam'
1289 5274 1508 5328 tractus,
1547 5263 1759 5337 tumque
1810 5267 2091 5337 perforatis

515 5334 774 5390 calcaneis
791 5338 846 5390 in
881 5334 1021 5406 ligno
1057 5352 1335 5403 suspensus
1371 5347 1468 5401 est,
1494 5345 1543 5389 et
1570 5338 1642 5390 sic
1669 5334 1852 5407 passus
1873 5335 2095 5390 Domino

517 5407 736 5459 tradidit
772 5408 1058 5477 spiritum:
1086 5407 1288 5475 quibus
1338 5415 1598 5477 constans
1641 5416 1744 5471 est,
1780 5407 2092 5477 Philippum

517 5477 695 5545 capite
753 5476 1016 5532 deorsum
1071 5492 1254 5540 verso,
1305 5476 1612 5546 etquidem
1646 5477 1770 5531 talis
1801 5478 1881 5531 sic
1912 5476 2096 5546 perfo-

519 5547 691 5616 ratis,
712 5547 884 5615 stipiti
917 5563 981 5600 ac
1003 5546 1157 5602 cruci
1207 5547 1487 5616 alligatum
1519 5548 1843 5616 pependisse
1877 5564 1890 5600 :
1926 5562 2091 5615 quam

519 5613 658 5668 forte
682 5613 852 5682 ipsam
879 5633 1102 5671 crucem
1137 5613 1605 5673 velint'Romanse
1635 5618 1852 5680 tabulae,
1894 5613 1959 5670 et
1980 5618 2090 5671 Eu-

520 5684 730 5738 sebiani
749 5686 1006 5758 chronici
1029 5688 1410 5756 interpolator,
1444 5702 1510 5741 cx
1536 5704 1645 5757 quo
1685 5689 1803 5758 ipso
1831 5696 2088 5756 tanquam

522 5768 588 5806 ex
625 5769 754 5807 vero
799 5756 1038 5810 Eusebio
1083 5758 1422 5825 acceperint,
1451 5756 1566 5824 qui’
1599 5756 1822 5813 easdem
1875 5758 2090 5812 tabulas

522 5832 819 5901 gustarunt,
867 5839 1163 5901 novasque
1198 5828 1917 5901 co_mposueruut._Lapides
1960 5827 2090 5901 addi

523 5889 684 5946 facile
711 5892 818 5947 fuit
848 5889 1215 5950 tumultuaria:
1237 5889 1697 5963 illi—cruciﬁxioni,
1735 5889 1895 5967 plebe
1924 5903 1979 5956 in
2010 5898 2092 5953 fu-

2192 4645 2257 4718 δὴ
2280 4647 2374 4699 καὶ
2399 4646 2494 4700 τοῦ
2517 4647 2723 4710 πάθους
2752 4646 3102 4717 ὲγνωρίζετο.
3129 4647 3204 4700 Ob
3233 4645 3394 4716 μόνον
3417 4647 3497 4707 δὲ,
3522 4642 3653 4697 ἀλλὰ
3680 4636 3764 4692 καὶ

2194 4735 2336 4807 αὐτὴ
2372 4735 2609 4807 Μαριὰμ
2641 4738 2677 4807 ἠ
2719 4735 2990 4790 Φιλίππου
3023 4735 3226 4806 ἀδελφή
3271 4735 3416 4807 (58)·
3447 4732 3650 4804 ἀδελφὴ
3677 4729 3766 4798 τὴν

2194 4931 2374 4970 rorem
2413 4925 2535 4971 acta
2567 4915 2834 4970 adversus
2865 4913 3148 4984 Sanctum,
3171 4915 3347 4970 donec
3369 4922 3683 4984 terraemotu
3709 4923 3765 4962 ac

2194 4985 2378 5040 hiatus
2413 4986 2656 5056 periculo
2697 4985 2800 5056 fuit
2853 4982 3141 5042 deterrita;
3183 4986 3368 5041 Mitior
3418 4985 3595 5056 fuerit
3645 4982 3764 5034 Bar-

2197 5055 2474 5128 tholoméei
2506 5071 2643 5110 crux
2669 5055 2939 5128 et‘Mariae
2993 5057 3236 5128 sororis,
3292 5055 3410 5128 sive
3464 5055 3765 5128 Mariamnte

2195 5127 2279 5195 (ut
2311 5127 2512 5181 Menaea
2548 5124 2765 5194 vocant)
2817 5133 2877 5179 ut
2907 5127 3128 5182 licuerit
3185 5125 3389 5195 deponi
3432 5140 3498 5180 ac
3528 5124 3753 5192 supervi-

2193 5213 2346 5258 vere,
2375 5211 2498 5251 cum
2523 5196 2633 5266 jam
2669 5195 2953 5265 Philippus
2981 5196 3126 5252 diem
3162 5197 3477 5266 clausisset.

2270 5267 2380 5334 (58)
2411 5262 2576 5332 Αὐτὴ
2603 5262 2867 5334 Μαριὰμ,
2892 5268 2930 5335 ἠ
2966 5268 3264 5321 Φιλίππου
3296 5263 3555 5334 ἀδελφή.
3575 5262 3762 5335 Μϐῐὶξὲῧ

2201 5328 2572 5406 Μαριᾶμνην,
2603 5328 2714 5406 quo
2738 5328 3113 5391 etiam'modo
3141 5337 3408 5403 Mctaphr.
3443 5328 3657 5406 fuitque
3693 5328 3755 5381 fa-

2199 5407 2313 5478 cile
2336 5407 2458 5478 ejus
2488 5407 2640 5478 vocis
2657 5406 2917 5478 ultimam,
2933 5408 3196 5478 syllabam
3228 5406 3545 5478 antiquario
3574 5406 3763 5478 Mater.

2197 5469 2475 5532 excidere.
2509 5476 2878 5532 Conscntiunt
2907 5469 3024 5532 haec
3055 5487 3202 5533 tanta
3236 5478 3304 5531 de
3335 5469 3504 5530 Maria
3531 5489 3628 5528 seu
3661 5469 3757 5524 Ma-

2198 5547 2432 5620 riamna,
2464 5547 2950 5620 sorore‘Philippi,
2982 5564 3091 5620 non
3127 5549 3325 5620 solum
3364 5533 3762 5620 _spiritali._.sed

2195 5617 2362 5670 etiam
2392 5618 2633 5681 carnali,
2667 5617 2752 5672 his
2775 5611 2894 5686 qua}
2926 5617 3094 5672 refert
3125 5617 3325 5672 Paulus
3346 5611 3420 5686 de
3437 5611 3696 5684 apostolis
3714 5612 3762 5660 et

2194 5687 2646 5756 prmdicatoribus
2675 5685 2938 5752 Hebraeis,
2963 5685 3507 5743 circumducenlibus
3529 5689 3762 5738 sororem

2194 5758 2502 5828 mulierem,
2556 5773 2708 5828 more
2756 5758 2932 5828 gentis
2987 5758 3015 5812 Ι
3057 5758 3279 5822 (ἰσικιχ,
3330 5758 3393 5822 5;
3425 5770 3532 5828 qua
3593 5759 3761 5828 tamen

2196 5828 2245 5882 is
2271 5827 2494 5882 .icentia
2522 5823 2928 5882 minimc'usus
2949 5829 3039 5894 sit,
3079 5845 3148 5883 uc
3199 5842 3363 5898 quam
3411 5823 3759 5898 oliensionent

2195 5906 2427 5969 poneret
2483 5899 2782 5969 gentibus,
2825 5892 3031 5971 quibus
3075 5892 3411 5969 peculiarius
3465 5892 3759 5950 destinatus
