4094 6410
386 431 489 499 181
1157 438 1442 501 ORATIO
1482 439 1673 500 IX.--
1702 437 1786 499 IN
1824 440 2141 502 LAUDEM
2178 441 2241 503 S.
2285 441 2625 503 PHILIPPI
2662 443 2920 507 APOST.
3554 448 3660 516 182

386 547 574 618 φύσιν,
603 545 828 620 ῗάδελφὴ
872 545 972 619 τὴν
999 548 1215 603 πίστινο
1241 551 1337 605 τὸν
1387 548 1580 622 ζῆλον,
1620 550 1956 624 ὁμότροπος*
1988 589 1999 613 Α

2097 550 2234 606 [aria
2307 552 2546 624 Philippi
2586 569 2809 622 .soror,
2867 569 3069 628 nempe
3119 571 3278 613 soror
3333 565 3533 618 natura
3591 579 3656 619 ac

383 639 492 709 τὴν
545 639 800 711 ἀγάπην,
858 640 1220 713 ὁμόγνωμος·
1276 644 1549 714 παρθένος
1603 645 1704 717 τὴν
1756 643 1958 716 ψυχὴν,

2097 645 2170 698 (ιθ
2215 659 2414 714 soror;
2454 645 2575 717 pari
2627 662 2847 704 morum
2905 650 3275 715 aemulatione,
3303 653 3660 712 consentiens

383 732 657 805 παρθένος
703 731 767 787 τὸ
813 733 1008 806 σῶμα,
1057 735 1153 808 ὅλη
1199 737 1520 808 τετρωμένη
1587 736 1686 807 τῆς
1741 737 1962 808 ἀγάπης

2097 736 2352 802 haritate,
2387 738 2543 810 virgo
2576 739 2782 806 animo,
2821 740 2978 812 virgo
3003 756 3251 812 corpore,
3284 750 3395 798 tota
3445 742 3652 800 Christi

380 824 652 894 Χριστοῦ.
685 825 944 898 Μαριὰμ,
972 827 1173 898 γνησία
1202 827 1441 900 Χριστοῦ
1468 827 1810 900 θεραπαινὶς,
1838 829 1965 895 ἀξία

2097 829 2352 885 ιιιιιειοειιι
2399 831 2672 890 charitate
2696 833 2765 888 “.
2795 833 2983 901 Maria,
3018 849 3148 890 vera
3192 834 3396 891 Christi
3433 837 3659 895 ancilla.

379 914 525 968 Θεοῦ
573 915 843 988 θυγάτηρ,
877 918 976 990 ὅλη
1019 917 1112 972 τοῦ
1145 919 1412 988 παναγίου
1433 919 1753 992 Πνεύματος
1790 937 1964 991 μεμε-

2097 922 2230 992 ligna
2281 924 2378 979 Dei
2433 925 2564 992 ﬁlia,
2588 934 2702 982 tota
2761 925 2972 996 Spiritu
3021 936 3212 984 sancto
3261 928 3444 997 plena,
3477 926 3660 986 ﬁdelis

380 1004 669 1076 στωμὲνη,
693 1005 862 1079 πιστὴ
893 1006 988 1062 τοῦ
1011 1007 1344 1078 Εὐαγγελίου
1375 1010 1672 1082 μαθήτρια,
1701 1008 1967 1064 σπουδαία

2097 1014 2348 1086 ivangelii
2408 1016 2715 1088 discipula,
2776 1017 2968 1074 sedula
3041 1033 3322 1089 gnavaque
3387 1017 3663 1088 apostolo-

377 1097 496 1150 τῶν
528 1097 846 1152 ἀποστόλων
899 1099 1169 1167 διάκονος,
1204 1102 1299 1155 καὶ
1357 1100 1669 1173 θερμοτάτη
1703 1100 1840 1172 πρὸς
1869 1102 1968 1165 τὰς

2104 1097 2195 1160 um
2251 1107 2604 1173 administra,
2639 1108 2956 1164 ﬁdelissima
3008 1109 3076 1163 ad
3133 1107 3348 1164 Graecas
3397 1107 3662 1162 mulieres

396 1189 716 1263 Ἑλληνίδας
747 1191 842 1246 τοῦ
876 1192 1056 1265 Ἰησοῦ
1087 1194 1529 1268 εὐαγγελίστρια.
1568 1195 1813 1251 Ἀνωθεν
1829 1194 1969 1266 αὕτη

387 1283 829 1354 προσεκαρτέρει
849 1282 928 1355 τῷ
953 1283 1226 1357 Φιλίππῳ,
1251 1284 1314 1352 ἐξ
1335 1281 1396 1342 οῦ
1415 1285 1509 1340 τὸν
1538 1286 1742 1357 κλῆρον
1775 1285 1973 1357 εἴληφε

391 1376 493 1444 τῆς
530 1373 837 1446 ἀποστολῆς
863 1391 878 1407 ο
917 1375 1014 1430 καὶ⁹
1059 1376 1250 1433 τοῦτον
1270 1415 1286 1440 ,
1337 1376 1419 1442 ὡς
1468 1378 1696 1448 ἀδελφὸν
1757 1379 1854 1448 μὲν
1914 1376 1976 1431 τὸ

392 1465 580 1537 σῶμα,
611 1465 826 1538 πατέρα
879 1467 938 1523 δὲ
969 1468 1030 1522 τὸ
1064 1468 1284 1539 πνεῦμα
1314 1471 1557 1542 τιμῶσα,
1597 1472 1694 1526 καὶ
1724 1470 1801 1536 ὡς
1842 1470 1975 1542 δρα-

389 1559 619 1631 στήριος
646 1559 1065 1634 ὑπηρετουμένη
1098 1561 1426 1635 θεράπαινα,
1458 1563 1676 1636 πλήρης
1705 1563 1806 1633 τῆς
1838 1564 1977 1617 ἀπο-

391 1650 653 1722 στολικῆς
680 1653 775 1706 καὶ
815 1653 955 1724 αὑτὴ
990 1655 1276 1726 δυνάμεως
1306 1652 1397 1730 ἦν.
1431 1657 1595 1712 Ὅθεν
1626 1656 1978 1726 εὐαγγελιζο-

274 1784 280 1790 .
393 1741 549 1815 μένῳ
569 1745 928 1816 συνεργοῦσα,
942 1747 1100 1801 καθει
1108 1765 1238 1820 ργνυ
1246 1760 1392 1820 μένῳ
1409 1767 1473 1803 συ
1482 1767 1744 1822 μπαρομα
1754 1748 1976 1818 ρτοῦσατ

392 1837 496 1890 καὶ
521 1837 645 1891 τότε
690 1837 756 1910 δὴ
815 1840 1157 1912 κρεμαμένῳ
1201 1843 1584 1914 συνανιωμένη
1613 1859 1675 1896 τε
1717 1843 1814 1896 καὶ
1857 1859 1983 1896 συν-

2073 1196 2204 1254 Jesu
2233 1213 2416 1270 praeco
2442 1238 2458 1254 .
2488 1197 2617 1256 Hac
2667 1200 2803 1255 olim
2855 1200 3111 1271 Philippo
3153 1199 3394 1264 assidua,
3428 1214 3539 1269 quo
3594 1213 3662 1251 ex

2073 1297 2324 1360 tempore
2345 1292 2707 1360 apostolicum
2729 1306 2931 1348 munus
2986 1291 3188 1347 inierat
3218 1308 3234 1359 ;
3270 1306 3420 1356 eum,
3470 1300 3532 1344 ut
3553 1289 3662 1343 fra-

2075 1389 2219 1437 trem
2242 1380 2467 1451 quidem
2483 1397 2734 1452 corpore,
2754 1391 2814 1438 ut
2840 1397 2972 1438 vero
2993 1383 3214 1438 Patrem
3240 1382 3658 1453 spiritucolens,

2074 1481 2133 1529 et
2155 1483 2218 1530 ut
2240 1475 2439 1530 ancilla
2454 1473 2648 1530 sedulo
2669 1473 2909 1530 ofﬁciosa
2928 1473 3272 1539 ministrans,
3299 1473 3417 1544 ipsa
3439 1486 3662 1543 quoque

2079 1567 2380 1638 apostolica
2401 1567 2565 1637 plena
2609 1565 2817 1622 virtute
2847 1575 2988 1620 erat.
3031 1564 3401 1632 Quamobrem
3461 1563 3662 1635 praedi-

2081 1671 2298 1716 cantem
2323 1660 2608 1732 adjuvans,
2633 1659 2930 1728 clausoque
2963 1673 3182 1714 carcere
3204 1673 3388 1712 comes
3441 1655 3662 1719 eﬁ‘ecta.

2081 1759 2218 1807 tunc
2241 1767 2460 1822 quoque
2491 1750 2752 1805 nimirum
2785 1765 3053 1820 suspenso
3075 1749 3398 1813 condolens,
3428 1747 3664 1818 diroque

2084 1844 2234 1899 illius
2265 1844 2514 1899 cruciatu
2536 1857 2810 1907 mmrens,
2845 1841 2993 1897 omni
3017 1841 3182 1897 modo
3213 1840 3529 1897 beatissima
3579 1839 3665 1894 fe-

391 1929 737 2002 οδυνωμένη,
770 1932 951 1988 πάντα
989 1934 1195 2006 τρόπον
1225 1936 1568 2008 συνέπασχεν
1603 1938 1638 2007 ή
1693 1953 1980 2008 μακαριω-

2097 1935 2231 1991 nina
2257 1933 2464 1992 Christi
2497 1934 2645 1992 socia
2674 1934 2994 2006 passionum
3025 1941 3165 1989 erat.

389 2021 538 2094 τάτη
573 2023 814 2095 Χριστῷ.

464 2113 688 2169 Γίνεται
742 2115 800 2170 δὲ
853 2116 978 2172 τότε
1021 2117 1204 2190 θέαμα
1247 2116 1418 2188 ξένον,
1467 2121 1674 2194 φρίκης
1706 2137 1768 2174 τε
1799 2120 1983 2191 πάσης

394 2205 495 2258 καὶ
529 2205 772 2274 ἀγωνίας
800 2207 989 2280 γέμον.
1017 2210 1232 2266 Σείεται
1264 2211 1366 2284 μέν
1402 2211 1667 2285 ἐξαίφνης
1705 2215 1740 2284 ἡ
1773 2213 1848 2284 γῆ
1889 2214 1984 2267 καὶ

398 2298 522 2363 ὅλος
547 2300 576 2352 ὁ
602 2300 761 2372 χορὸς
783 2303 991 2368 ἐκεῖνος
1019 2303 1381 2376 ἐκτιναχθεὶς,
1441 2306 1525 2370 είς
1555 2305 1722 2377 βάθος
1759 2305 1978 2364 ,ὑπενό-

403 2409 542 2456 στει,
572 2393 633 2447 ἐν
655 2389 700 2462 ᾧ
727 2395 881 2450 πᾶσα
912 2397 1112 2470 μικροῦ
1141 2399 1250 2454 δεῖν
1271 2401 1306 2471 ἡ
1331 2399 1490 2464 πόλις
1519 2401 1707 2474 ἐκείνη
1740 2417 1981 2473 συναγηο

398 2485 664 2556 γερμένη,
696 2485 922 2559 θέατρον
949 2489 1186 2544 ἐποιεῖτο
1215 2491 1344 2557 τοὺς
1369 2491 1680 2564 ἀνθρώτους
1732 2491 1828 2548 τοῦ
1877 2493 1984 2563 *Ιη-

395 2575 500 2630 σοῦ
523 2593 540 2608 ·
571 2581 991 2648 συγκατεσπᾶτο
1017 2581 1074 2636 δὲ
1117 2582 1197 2654 τῷ
1247 2583 1434 2653 ἐδάφει
1459 2585 1569 2649 πᾶς
1611 2586 1640 2639 ὁ
1682 2584 1831 2651 λαὸς,
1890 2586 1988 2641 καὶ

395 2669 596 2735 δεινῶς
621 2672 916 2728 ἀπολέσθαι
932 2674 1355 2741 κινδυνεύοντες,
1383 2679 1510 2742 τοὺς
1537 2678 1665 2750 περῖ⁹
1685 2678 1778 2733 τὸν
1798 2677 1988 2733 Φίλιπ-

397 2781 508 2818 πον
536 2765 848 2820 ἐπεὸοῶντο
872 2782 886 2800 ⁸
919 2768 1016 2822 καὶ
1046 2768 1220 2841 ταύτῃ
1261 2785 1324 2838 γε
1349 2769 1448 2840 τῆς
1470 2769 1682 2842 πλάνης
1725 2769 1824 2841 μὲν
1849 2771 1986 2824 ἀπο-

400 2857 724 2929 στήσεσθαι,
754 2859 836 2931 τῷ
882 2861 983 2931 τῆς
1013 2861 1270 2930 ἀληθείας
1295 2863 1355 2916 δὲ
1408 2862 1697 2917 πιστεῦσαι
1763 2863 1976 2917 καθυπ-

402 2949 690 3021 ισχνοῦντο
707 2952 848 3022 Θεῷ.
869 2953 1008 3017 Τοὺς
1021 2954 1078 3008 δὲ
1101 2955 1404 3028 ἱκετηρίαις
1428 2955 1526 3026 μὲν
1541 2955 1819 3011 ἐκτενέσιν
1834 2956 1990 3021 ἐξευ-

403 3041 725 3114 μενίζεσθαι
743 3044 837 3098 τὸν
886 3046 1041 3110 Θεὸν,
1068 3047 1281 3119 ἀθρόως
1311 3048 1368 3103 δὲ
1397 3049 1490 3103 τὸν
1515 3049 1721 3122 Κύριον
1759 3067 1994 3122 προσευ-

405 3135 662 3207 χομένοις
690 3138 876 3203 αὐτοῖς
923 3140 1256 3210 ἐπιφανῆναι
1287 3155 1302 3170 ·
1336 3140 1432 3195 καὶ
1487 3141 1845 3213 στηριχθῆναι
1894 3141 1994 3212 μὲν

401 3232 614 3295 εὐθέως
644 3232 744 3303 τὴν
774 3233 880 3303 γῆν
901 3233 1000 3303 τῆς
1025 3234 1118 3286 ἐπὶ
1138 3233 1202 3288 τδ
1227 3233 1495 3298 κάταντες
1550 3234 1956 3305 ὑποχωρήσεως
1974 3249 1992 3267 ⁸
2019 3260 2064 3320 c

401 3324 639 3394 δύναμιν
662 3323 720 3377 δέ
749 3323 902 3380 θείαν
951 3325 1221 3396 κλίμακος
1274 3325 1478 3398 τρόπον
1511 3328 1626 3389 τοῖς
1683 3323 1992 3395 ἀπολλυμέ-

403 3431 526 3478 νοις
551 3413 1012 3488 ὕποτεινομένην,
1051 3415 1191 3485 πρὸς
1223 3416 1502 3488 σωτηρίαν
1557 3416 1848 3472 ὁδοποιεῖν.
1884 3414 1996 3468 Α’ύ-

405 3523 483 3577 τη
512 3506 721 3574 γίνεται
747 3505 986 3573 πίστεως
1011 3508 1126 3572 τοῖς
1158 3507 1412 3574 ἀπίστοις
1451 3509 1702 3584 ἀφορμή.
1726 3507 1900 3561 Τοῦτο
1930 3506 1996 3578 δὴ

406 3598 476 3654 τὺ
513 3598 819 3670 θαυμάσιον
875 3599 976 3671 τὴν
1014 3599 1173 3654 πόλιν
1202 3601 1422 3673 ἐκείνην
1459 3600 1646 3669 ὀλίγου
1669 3600 1784 3653 δεῖν
1813 3599 1997 3654 πᾶσαν

406 3691 494 3764 τῷ
525 3691 620 3746 τοῦ
669 3691 934 3748 Φιλίππου
963 3694 1210 3766 προσῆγε
1240 3694 1378 3765 Θεῷ.
1415 3692 1695 3748 Ἐντεῦθεν
1722 3690 1872 3746 λύειν
1901 3690 2001 3762 μὲν

409 3787 544 3849 τοὺς
564 3786 803 3858 Χριστοῦ
830 3785 1086 3859 δεσμίους
1114 3788 1165 3842 οῖ
1203 3788 1573 3859 σεσωσμένοι,
1613 3785 1712 3841 καὶ
1765 3783 1863 3840 τοῦ
1908 3783 2000 3850 ξύ-

413 3879 513 3932 λου
539 3877 784 3933 καθεῖναι
806 3879 1114 3951 προσῄεσαν
1144 3880 1382 3952 σπουδῇ*
1418 3879 1704 3950 ἐπείχοντο
1754 3876 1836 3941 δέ,
1900 3873 2000 3946 τὴν

415 3970 550 4040 περὶ
569 3969 749 4024 αὐτῶν
772 3971 1071 4041 γενομένην
1099 3970 1304 4026 ἀνωθεν
1323 3971 1626 4041 ἐγνωκότες
1653 3969 1870 4043 βουλήν.

492 4061 566 4115 Σὺ
604 4061 704 4133 μὲν
723 4060 854 4133 γὰρ,
875 4057 920 4115 ὧ
941 4061 1462 4134 τρισμακαριώτατε
1503 4062 1614 4117 τῶν
1661 4063 1999 4129 ἀποστόλων,

419 4153 680 4223 ἀνεθῆναι
708 4153 784 4225 μὴ
807 4151 1244 4224 καταδεξάμενος
1268 4153 1378 4210 τῶν
1400 4154 1636 4226 δεσμῶν,
1687 4155 2004 4228 ἐπισκήψας

417 4248 482 4302 δὲ
519 4250 586 4319 τῇ
620 4264 681 4301 τε
705 4247 860 4304 πόλει
884 4247 964 4304 ῑτά
996 4247 1208 4314 δέοντα,
1262 4249 1360 4303 καὶ
1403 4250 1518 4312 τοῖς
1564 4248 1818 4319 ἀδελφοῖς
1867 4249 2006 4304 πᾶσι

421 4339 759 4412 προσμένειν
789 4341 857 4412 τῇ
883 4340 1066 4394 πίστει
1089 4339 1185 4394 τοῦ
1223 4337 1424 4409 Ἰησοῦ,
1460 4339 1562 4393 καὶ
1588 4341 1711 4404 ταῖς
1762 4339 2007 4403 ἐντολαῖς

421 4431 954 4504 παρεγγυησάμενος
975 4430 1390 4502 προσλιπαρεῖνο
1416 4426 1560 4497 εἶτα,
1603 4431 1788 4503 δέησιν
1819 4431 2007 4504 ἱκετή-

425 4525 548 4597 ρίον
567 4542 628 4578 τε
664 4525 784 4596 ἅμα
828 4524 927 4578 καὶ
979 4524 1420 4596 εὐχαριστήριον,
1471 4523 1897 4596 ἐμφανιζομένῳ
1924 4542 2010 4579 σοι

2153 2115 2395 2188 Contigit
2454 2131 2587 2172 vero
2655 2130 2858 2170 novum
2941 2113 3216 2186 quoddam
3271 2111 3665 2184 spectaculum,

2084 2208 2422 2264 horrendum
2437 2223 2569 2264 sane
2596 2208 3055 2278 tremendumque
3081 2223 3145 2263 ac
3167 2205 3392 2263 terroris
3420 2207 3667 2276 plenum.

2085 2299 2426 2357 Terrtemotu
2467 2300 2655 2356 subito
2714 2301 2871 2356 locus
2933 2299 3220 2370 quatitur,
3270 2305 3528 2368 totusque
3576 2296 3670 2350 ille

2085 2407 2384 2449 succussus
2406 2392 2612 2448 chorus
2632 2392 2744 2446 alta
2777 2391 3037 2462 voragine
3061 2389 3402 2452 subsidebat,
3433 2403 3543 2458 quo
3557 2394 3671 2442 tota

2085 2483 2204 2541 fere
2232 2485 2447 2550 civitas,
2480 2485 2610 2542 Jesu
2636 2484 2890 2541 homines
2924 2483 3141 2540 theatro
3162 2481 3508 2544 traductura,
3530 2494 3669 2534 con-

2087 2585 2364 2644 cesserat;
2414 2592 2748 2648 omnemque
2779 2577 3042 2647 populum
3095 2590 3239 2630 unus
3255 2589 3379 2629 cum
3412 2573 3528 2628 solo
3551 2570 3675 2625 hia-

2088 2676 2180 2724 tus
2207 2668 2558 2725 absorbebat.
2603 2669 2723 2725 Jam
2766 2668 2953 2738 itaque
2983 2666 3138 2739 gravi
3196 2665 3390 2722 salutis
3436 2663 3673 2732 vitaeque

2089 2760 2342 2831 pulsante
2376 2759 2646 2831 periculo,
2677 2760 2990 2831 Philippum
3037 2773 3164 2815 cum
3196 2757 3364 2816 sociis
3408 2755 3676 2811 inclama-

2089 2851 2267 2919 bant;
2308 2862 2473 2922 atque
2500 2867 2566 2908 ea
2602 2867 2662 2908 se
2690 2852 2906 2908 ratione
2944 2850 3015 2907 ab
3053 2865 3242 2906 errore
3295 2850 3674 2912 abscessuros,

2089 2959 2334 3014 veroque
2357 2944 2466 3000 Deo
2487 2943 2818 3008 credituros,
2854 2943 3023 2998 etiam
3046 2951 3212 3012 atque
3240 2940 3408 2997 etiam
3438 2937 3674 3010 pollice-

2092 3036 2314 3092 bantur.
2345 3034 2417 3091 At
2453 3035 2745 3106 Philippus
2800 3035 3049 3106 sociique
3097 3033 3448 3090 ferventibus
3499 3031 3677 3087 Deum

2094 3128 2588 3201 supplicationibus
2617 3128 2837 3198 placare
2866 3143 2882 3194 ;
2931 3126 3220 3182 orantibus
3245 3123 3512 3181 Dominus
3539 3139 3678 3179 con-

2095 3222 2277 3278 festim
2309 3237 2594 3293 apparere,
2627 3236 2865 3292 moxque
2917 3230 3142 3284 terram,
3202 3233 3273 3273 ne
3332 3226 3680 3288 mergeretur

2095 3317 2361 3386 hiatuque
2384 3314 2716 3379 subsideret,
2766 3313 3105 3378 confulcire;
3132 3310 3186 3365 vi
3221 3310 3461 3380 denique
3492 3308 3680 3363 divina

2095 3407 2270 3462 instar
2299 3405 2458 3461 scala:
2480 3404 2843 3476 pereuntibus
2901 3403 3195 3469 submissa,
3235 3402 3312 3456 ita
3347 3401 3416 3455 ad
3442 3401 3680 3456 salutem

2096 3499 2334 3556 munire.
2396 3498 2524 3554 Haec
2570 3497 2872 3555 incredulis
2907 3496 3035 3552 ﬁdei
3069 3494 3309 3552 occasio.
3355 3493 3682 3548 Miraculum

2097 3593 2224 3659 hoc,
2252 3607 2471 3648 omnem
2495 3590 2612 3646 fere
2641 3591 2790 3646 illam
2814 3589 3091 3644 civitatem
3142 3587 3392 3660 adiunxit
3440 3586 3684 3663 Philippi

2097 3683 2232 3739 Deo.
2264 3682 2404 3737 Hinc
2431 3681 2680 3753 periculo
2708 3679 3002 3750 redempti,
3033 3677 3240 3735 Christi
3286 3677 3501 3733 vinctos
3530 3677 3684 3732 solu-

2101 3785 2216 3830 tum
2239 3775 2498 3845 lignoque
2521 3772 2836 3842 depositum
2886 3769 3127 3841 prompti
3160 3769 3458 3834 accedere;
3507 3774 3564 3822 at
3587 3781 3687 3821 co-

2101 3867 2457 3933 hibebantur,
2499 3865 2597 3936 qui
2640 3878 2944 3935 supernum
2989 3862 3059 3918 de
3113 3861 3225 3919 illis
3268 3861 3564 3918 consilium
3599 3859 3688 3917 in-

2103 3959 2440 4028 telligerent.

2179 4051 2261 4105 Tu
2315 4049 2562 4120 quidem,
2617 4047 2993 4120 apostolorum
3037 4053 3125 4101 ter
3167 4043 3504 4109 beatissime,
3557 4058 3687 4098 cum

2103 4144 2245 4200 solvi
2281 4141 2825 4206 vinculisnoluisses,
2853 4154 2921 4195 ac
2943 4153 3068 4209 quae
3093 4137 3259 4193 oﬁicii
3292 4145 3450 4191 erant
3472 4135 3688 4191 civitati

2104 4238 2453 4304 mandasses,
2510 4235 2838 4306 cunctisque
2894 4233 3163 4290 fratribus
3213 4239 3275 4287 ut
3311 4231 3368 4287 in
3401 4230 3507 4286 ﬁde
3555 4229 3688 4286 Jesu

2108 4339 2533 4404 perseverarent
2586 4343 2654 4385 ac
2717 4326 2992 4383 mandatis
3043 4323 3253 4381 assidui
3309 4330 3517 4388 essent,
3551 4337 3691 4393 pras-

2109 4423 2351 4495 cepisses
2383 4439 2399 4477 :
2432 4431 2660 4492 tumque
2683 4418 3041 4491 supplicantis
3064 4417 3234 4473 animi
3256 4415 3476 4486 ipariter
3525 4423 3694 4485 atque

2107 4515 2311 4589 gratias
2331 4513 2543 4585 agentis
2566 4511 2896 4576 orationem,
2939 4511 3053 4566 Deo
3087 4519 3206 4574 tuo,
3238 4507 3374 4578 Regi
3407 4516 3503 4561 tuo
3528 4505 3695 4564 Chri-

420 4615 632 4688 νοερῶς
660 4617 754 4670 καὶ
799 4615 1189 4689 ύπερκοσμίως
1229 4615 1308 4686 τῷ
1326 4614 1447 4687 Θεῷ
1493 4633 1588 4671 σου
1644 4618 1741 4671 καὶ
1798 4617 1999 4688 βασιλεῖ

2113 4618 2199 4664 sto
2230 4605 2326 4677 qui
2351 4613 2701 4677 apparuerat,
2734 4602 2937 4658 mentis
2989 4615 3174 4664 sensu,
3225 4615 3290 4654 ac
3318 4613 3482 4668 supra
3526 4611 3692 4666 quam

421 4725 525 4764 σου
555 4707 936 4780 προσλαλήσας
961 4707 1202 4780 Χριστῷ,
1228 4710 1310 4772 είς
1333 4711 1523 4780 χεῖρας
1545 4708 1695 4781 αὐτῷ
1721 4709 1820 4780 τὴν
1867 4726 2009 4764 παν-ν

419 4801 615 4856 ολϐίαν
659 4801 860 4856 ἀπέδου
913 4801 1092 4872 ψυχήν
1110 4815 1127 4834 ο
1189 4799 1284 4855 καὶ
1323 4802 1382 4854 ἐν
1422 4802 1589 4872 φωνῇ
1638 4800 2011 4872 ἀγαλλιάσεως

421 4896 528 4951 καὶ
550 4894 1018 4966 ἐξομολογήσεως,
1047 4896 1107 4949 ἐν
1135 4893 1255 4966 ἧχῳ
1287 4894 1657 4967 ἑορταζόντων
1682 4911 1768 4948 νοε
1778 4894 1887 4965 ρῶν
1911 4895 2009 4950 καὶ

426 4988 597 5043 οείων
629 4987 944 5059 Δυνάμεων,
984 4985 1125 5056 πρὸς
1155 4985 1255 5049 τὰς
1275 4987 1534 5057 οὐρανίας
1555 4985 1703 5058 αὐτῷ
1724 4987 1822 5041 καὶ
1839 4986 2007 5054 ὑπερ-ι

426 5083 746 5153 φυεοτάτας
778 5080 1187 5151 συνανελήφθης
1211 5081 1402 5151 μονάς.

507 5284 557 5317 ⁸⁸
583 5282 742 5340 Cant.
774 5299 837 5351 ιι,
859 5284 914 5340 6.
989 5282 1037 5316 ⁸⁸
1062 5283 1205 5338 Psal.
1227 5299 1314 5337 xu
1367 5283 1419 5337 5.

424 5425 563 5490 erat
583 5415 927 5490 praedicator.
954 5413 1186 5490 S_ani_ora
1215 5415 1352 5480 haec,
1389 5429 1555 5487 quam
1593 5413 1682 5490 il_l_a
1713 5410 1922 5475 Abdiaa,
1950 5409 2022 5465 de

426 5483 657 5570 duabus
690 5487 923 5558 apostoli
966 5485 1207 5568 ﬁliabus,
1237 5501 1372 5568 quae
1393 5483 1540 5610 ipost
1589 5483 1900 5564 aiiquantos
1923 5496 2024 5563 an-

426 5574 543 5610 nos
571 5574 629 5610 m
658 5559 932 5610 tumulum
956 5565 1130 5610 patris
1160 5564 1217 5610 et
1237 5571 1367 5610 ιιιεω
1390 5573 1406 5610 ι
1432 5557 1554 5610 latae
1593 5561 1726 5610 sint.
1753 5567 1784 5606 a
1813 5552 2021 5606 dextris

425 5574 543 5617 nos
571 5557 629 5614 in
658 5552 932 5614 tumulum
956 5557 1143 5627 patris
1160 5564 1217 5611 et
1237 5552 1367 5627 ipsa)
1390 5552 1726 5627 illatae__sint,
1753 5567 1784 5606 a
1813 5552 2021 5606 dextris

425 5638 496 5687 et
524 5643 556 5683 a
588 5628 826 5684 sinistris
860 5623 1012 5698 illius
1028 5626 1222 5698 positae
1257 5623 1327 5698 ac
1340 5624 1622 5698 miraculis
1646 5623 1844 5698 iclarag;
1867 5637 2020 5698 quas

425 5699 739 5757 ementitus
789 5691 1457 5769 scriptor'nonnadvertit
1504 5693 1732 5769 alterius
1779 5691 2020 5769 Phiiippi

433 5769 585 5825 ﬁlias
611 5760 926 5832 exstitisse,
974 5767 1031 5823 id
1061 5776 1146 5822 est
1171 5765 1388 5823 diaconi
1413 5782 1428 5833 ;
1459 5780 1590 5836 quae,
1607 5763 1750 5819 forte
1780 5760 2020 5836 Philippi

435 5839 678 5910 apostoli
722 5847 1020 5910 amore,_et
1042 5835 1684 5910 quodhcelebris’civitas
1711 5835 2024 5910 erat,_m_ul-

437 5902 644 5983 tosque
663 5908 720 5966 in
749 5925 812 5967 ea
847 5902 1134 5981 Philippus
1177 5905 1398 5965 Christo
1436 5904 1786 5978 acquisierat,
1845 5902 2019 5960 Palae-

2115 4699 2315 4755 decore
2332 4697 2691 4766 honesteque,
2717 4694 3041 4765 prolocutus
3054 4706 3226 4755 esses,
3253 4690 3309 4746 in
3339 4703 3534 4744 manus
3547 4688 3696 4745 illius

2115 4789 2490 4847 beatissimam
2540 4787 2782 4843 animam
2841 4782 3120 4840 tradidisti
3154 4798 3168 4836 :
3202 4780 3370 4852 inque
3425 4793 3560 4835 voce
3606 4793 3699 4834 ex-

2115 4882 2429 4940 sultationis
2466 4889 2524 4936 et
2564 4875 2928 4936 confessionis
2953 4876 3010 4932 in
3039 4889 3177 4930 sono
3237 4873 3506 4929 mentium
3557 4886 3700 4942 epu-

2113 4973 2393 5030 lantium”
2415 4970 2834 5038 divinarumque
2852 4967 3213 5029 Potestatum,
3236 4962 3292 5017 in
3318 4962 3568 5018 caelestes
3584 4961 3702 5016 exi-

2117 5067 2366 5137 miasque
2407 5079 2472 5120 ac
2493 5062 2729 5127 divinas,
2758 5061 2855 5118 illo
2876 5067 3127 5126 auctore,
3161 5065 3423 5128 receptus
3451 5069 3513 5112 es
3538 5069 3698 5109 man-

2117 5182 2319 5224 $101188.

2121 5409 2267 5463 stina
2288 5421 2320 5460 a
2343 5403 2608 5462 Romanis
2638 5410 2872 5470 vastata,
2909 5403 3007 5459 illo
3029 5402 3573 5473 commigraraut,_ac
3596 5395 3707 5473 ho-

2121 5476 2296 5550 spiti_i_
2318 5476 2504 5550 locum
2546 5475 2626 5530 ibi
2656 5467 3021 5550 delegerant._
3054 5471 3213 5550 Quod
3236 5467 3456 5550 'etiam"
3475 5467 3706 5550 Mariam

2120 5537 2219 5603 séu
2246 5546 2602 5601 Mariamnem
2620 5544 2721 5599 τοῦ
2762 5537 2938 5613 Ἰησοῦ
2967 5537 3380 5613 εύᾼαγελίστριαν
3403 5537 3538 5613 dicit
3561 5539 3703 5613 πρὸς

2119 5618 2220 5683 τὰς
2263 5615 2594 5685 Ἑλληνίδας,
2627 5608 2976 5685 annuntians
3007 5608 3190 5668 Iesum
3223 5608 3530 5685 mulieribus
3555 5608 3707 5685 Gra-

2117 5680 2214 5753 cia,
2230 5687 2382 5744 sexui
2405 5680 3011 5746 convenientissimum,
3035 5697 3139 5753 nec
3155 5681 3422 5753 privatam
3435 5680 3711 5753 excedens

2125 5749 2454 5817 doctrinam.
2486 5769 2595 5824 qua
2631 5753 2772 5808 nihil
2793 5761 2942 5809 vetat
2961 5749 3243 5824 mulieres,
3282 5751 3449 5824 etiam
3475 5749 3714 5808 summis

2127 5827 2389 5902 apostolis
2411 5822 2708 5899 adiutrices
2720 5837 2844 5881 esse
2868 5823 3186 5897 evangelica
3210 5822 3525 5883 iunctione.
