4094 6408
536 442 637 510 179

1695 435 1988 498 NICET/E
2027 431 2554 495 PAPHLAGONIS

3654 429 3750 493 180

529 555 746 621 minem,
767 549 912 607 nobis
958 550 1194 622 prtebuit.
1219 549 1271 606 Is
1295 552 1563 605 hominum
1582 548 1769 602 similis
1814 562 2099 618 apparens,

2201 541 2628 612 ἀναμαρτήτως
2681 536 3194 606 ἀνθρωπιζόμενον
3247 532 3594 603 παρέσχετο.
3663 539 3752 604 Ὃς

528 644 764 698 veritatis
825 643 1147 698 sermonibus
1169 658 1232 696 ac
1258 643 1501 714 potentia:
1531 641 1792 710 aperibus,
1819 638 1996 692 Patris
2017 639 2100 691 sui

529 735 675 788 nobis
712 733 938 804 gloriam
961 752 1024 788 ac
1051 735 1318 798 notitiam,
1351 733 1516 803 affusa
1555 731 1756 785 caelitus
1782 731 1894 783 luce
1923 730 2099 782 mani-

529 828 736 895 festavit
761 845 780 890 ;
821 828 1014 896 quique
1060 825 1124 879 ab
1171 826 1314 878 omni
1358 824 1606 877 immunis
1655 823 1897 892 passione
1947 829 2098 882 esset,

528 917 860 986 passionibus
881 917 1045 970 nostri
1061 933 1243 976 causa,
1265 929 1516 982 cruceque
1534 921 1580 965 et
1607 920 1772 965 morte
1796 910 2100 979 perfunctus

527 1015 688 1076 atque
714 1007 770 1059 in
795 1006 904 1060 illis
933 1014 1168 1059 versatus
1204 1004 1416 1074 (quippe
1436 1005 1586 1057 homo
1609 1019 1726 1054 cum
1748 1001 1900 1069 esset)
1927 1015 2103 1053 resur-

526 1099 663 1152 rexit
688 1099 842 1151 tertia
862 1098 946 1151 die
967 1114 1031 1151 ac
1056 1114 1111 1150 se
1127 1096 1269 1149 nobis
1290 1095 1622 1164 conspicuum
1665 1093 1808 1161 fecit,
1855 1092 2103 1156 nobisque

526 1187 858 1241 cernentibus
885 1187 941 1239 in
985 1184 1171 1239 ccelum
1201 1195 1434 1255 receptus
1463 1194 1538 1239 est
1584 1183 1795 1253 (quippe
1825 1183 1915 1252 qui
1961 1181 2100 1235 Deus

524 1283 700 1348 esset).
731 1279 896 1344 Quem
918 1287 965 1332 et
997 1295 1178 1332 rursus
1211 1289 1485 1332 venturum
1505 1295 1533 1330 e
1557 1277 1697 1331 ccelis
1720 1284 2098 1347 exspectamus,

524 1387 620 1438 pro
639 1386 697 1423 eo
730 1387 791 1424 ac
809 1369 1070 1440 pollicitus
1094 1379 1189 1434 est,
1222 1378 1276 1422 ut
1313 1371 1608 1423 humanum
1645 1383 1799 1420 omne
1824 1383 1988 1438 genus
2021 1381 2103 1418 ea:-

523 1462 754 1524 suscitet,
775 1461 1078 1531 judicetque
1126 1477 1189 1514 ac
1211 1461 1396 1513 reddat
1417 1459 1696 1528 unicuique
1716 1473 1809 1528 pro
1831 1473 1888 1510 eo
1904 1473 1967 1510 ac
1989 1472 2104 1527 ges-

521 1554 609 1606 sit.
638 1553 811 1615 IIunc,
859 1555 1163 1617 hortamur,
1203 1553 1486 1624 agnoscite.
1521 1551 1694 1615 Hunc,
1735 1549 2100 1612 obsecramus,

519 1645 709 1711 colite;
730 1653 778 1698 et
806 1646 860 1698 in
891 1646 1100 1699 nomine
1129 1647 1241 1715 ejus
1287 1645 1562 1715 baptizati,
1607 1643 1671 1696 ab
1725 1641 1867 1695 omni
1909 1638 2103 1696 scelere

518 1734 833 1807 impuraque
863 1738 1005 1790 omni
1047 1737 1360 1791 caeremonia
1393 1735 1790 1798 emundamini;
1833 1731 2104 1801 omnisque

517 1829 705 1898 gratim
732 1830 1013 1898 participes
1036 1829 1219 1899 eﬂ'ecti,
1248 1836 1407 1898 atque
1443 1826 1589 1880 illius
1624 1833 1886 1879 consortes
1903 1823 2102 1877 sancti-

2199 633 2271 686 ἐν
2305 629 2622 700 ὁμοιώματι
2661 627 2992 696 ἀνθρώπων
3021 625 3358 695 ἐπιφανεὶς,
3381 627 3584 693 λότοις
3618 625 3754 694 (Mn--

2201 721 2363 784 θείας
2390 719 2488 772 καί
2525 719 2720 788 ἔργοις
2744 718 3074 784 δυνάμεως.
3126 715 3242 782 τὴν
3269 713 3563 782 πατρικὴν
3582 716 3752 768 αὑτοῦ

2200 810 2390 874 δόξαν
2418 807 2519 861 καὶ
2541 805 2792 877 γνῶσιν,
2821 805 3164 872 ἐνέλαμψεν
3193 800 3369 868 ἡμῖν·
3401 799 3496 853 καί
3518 799 3754 853 πάθεσιν

2200 906 2234 956 ὀ
2273 897 2533 967 ἀπαθὴς,
2567 898 2668 952 καί
2699 893 2938 962 σταυρῷ
2968 895 3069 947 καί
3104 891 3340 958 θανάτῳ
3395 893 3753 959 προσωμιλη·

2200 992 2318 1058 κὼς
2349 992 2501 1058 ὑπὲρ
2526 988 2694 1060 ἡμῶν
2748 988 3082 1058 (ἄνθρωπος
3124 984 3233 1054 γὰρ
3262 984 3386 1053 ἦν),
3425 981 3642 1048 ἀνέστη
3687 979 3754 1048 τῇ

2200 1083 2393 1152 ’ἡμέρᾳ
2423 1082 2500 1150 τῇ
2547 1083 2736 1150 τρίτῃ,
2777 1078 2876 1133 καί
2915 1075 3283 1146 ἐνεφάνισεν
3346 1074 3488 1144 ἡμῖν
3521 1073 3751 1127 ἑαυτόν·

2201 1175 2300 1230 καί
2321 1175 2683 1240 βλεπόντων
2709 1170 2900 1240 ἡμῶν.
2922 1169 3237 1238 ἀνελήφθη
3265 1169 3353 1231 είς
3386 1165 3489 1219 τὸν
3517 1163 3756 1232 οὐρανὸν

2202 1267 2371 1334 (Θεὸς
2402 1267 2513 1336 γὰρ
2544 1261 2664 1336 ἦν).
2715 1265 2826 1317 ‘Or
2863 1261 2963 1315 καὶ
3008 1255 3442 1330 προσδοκῶμεν
3482 1255 3646 1323 ἥξειν
3667 1249 3759 1310 αὖ·

2209 1365 2324 1428 θις,
2363 1360 2444 1426 ὠς
2475 1354 2668 1420 εἶπεν,
2710 1356 2779 1410 ὲκ
2807 1355 2926 1410 τῶν
2953 1352 3248 1424 οὐρανῶν,
3283 1351 3391 1406 τοῦ
3433 1347 3758 1416 ἀναστῆσαι

2202 1453 2453 1520 σύμπαν
2499 1449 2567 1503 τὸ
2603 1448 2878 1517 πλάσμα,
2928 1444 3032 1499 καί
3081 1443 3275 1513 κρῖναι
3313 1441 3407 1495 καί
3448 1438 3758 1495 ἀποδοῦναι

2201 1542 2437 1607 ἑκάστῳ
2452 1541 2603 1595 κατὰ
2624 1539 2740 1606 τὴν
2755 1538 2977 1606 πρᾶξιν
2993 1535 3204 1590 αὑτοῦ.
3228 1533 3447 1590 Τοῦτον
3467 1533 3756 1601 summa,

2210 1629 2639 1702 παραινοῦμεν.
2672 1630 2890 1684 Τοῦτον
2909 1627 3263 1694 σεϐάσθητε,
3293 1619 3756 1692 παρακαλοῦμεν·

2202 1725 2300 1778 καὶ
2327 1724 2397 1777 ἐν
2427 1722 2508 1788 τῷ
2543 1723 2790 1790 ὀνόματι
2817 1720 3034 1774 τούτου
3062 1715 3504 1785 βαπτιζόμενοι,
3539 1714 3760 1778 καθαρι-

2202 1813 2511 1880 σθήσεσθε
2535 1813 2652 1882 μὲν
2704 1812 2910 1879 πάσης
2937 1809 3192 1879 ἐναγοῦς
3230 1808 3329 1862 καί
3355 1803 3572 1877 μιαρᾶς
3611 1805 3758 1856 τελε-

524 1919 664 1982 latis,
700 1921 820 1973 vita:
848 1929 1058 1975 aeternae
1085 1937 1146 1973 ac
1164 1921 1310 1991 regni
1333 1919 1690 1975 hmreditatem
1703 1915 2097 1988 consequimini,

2201 1907 2344 1976 riic'
2382 1880 2588 1973 πάσης
2635 1904 2705 1958 δὲ
2751 1903 2994 1974 χάριτος
3044 1901 3307 1970 μέτοχοι,
3354 1899 3455 1953 καὶ
3504 1892 3759 1950 κοινωνοί

519 2007 575 2062 in
606 2006 812 2063 Christo
842 2008 990 2064 Jesu.
1018 2009 1209 2064 Amen.

592 2272 981 2343 Huiuscemodi
1030 2272 1116 2326 vir
1136 2271 1491 2327 beatissimus
1516 2270 1720 2326 divinis
1747 2269 2098 2342 praedicatio-

520 2367 685 2420 nibus
710 2365 1031 2431 admoncns,
1063 2364 1364 2420 adhortans
1387 2364 1752 2435 privatimque
1788 2377 1855 2417 ac
1875 2362 2099 2434 publica

520 2455 788 2510 concione
806 2453 1110 2509 doctrinam
1127 2453 1352 2523 iustitiae
1381 2452 1624 2519 tradens,
1652 2453 1872 2507 turbam
1903 2466 2102 2506 nume-

519 2560 585 2600 ro
614 2545 957 2614 superiorem
1022 2559 1304 2599 assensum
1343 2544 1703 2614 praebentem,
1740 2541 1958 2596 veritati
2001 2540 2098 2596 ad-

517 2635 717 2706 iunxit.
752 2634 973 2704 ﬂosque
999 2635 1136 2689 adeo
1167 2650 1265 2705 per
1314 2649 1514 2704 aquam
1556 2645 1612 2688 et
1631 2631 1896 2703 Spiritum
1946 2646 2100 2701 rege-

519 2743 741 2791 nerans,
771 2743 837 2782 ac
863 2727 958 2797 qui
993 2727 1050 2781 in
1076 2727 1184 2783 illis
1216 2726 1410 2798 majori
1462 2726 1735 2796 pollerent
1777 2725 2094 2796 prudentia,

518 2820 895 2890 maioremque
920 2827 1104 2874 essent
1143 2820 1378 2874 assecuti
1421 2819 1654 2889 gratiam
1681 2856 1696 2881 ,
1738 2815 1794 2870 in
1821 2815 2100 2873 antistites

518 2926 584 2967 ac
611 2909 926 2965 sacerdotes
952 2908 1278 2979 praeficiens,
1305 2907 1609 2964 Ecclesiam
1629 2914 1872 2962 sanctam
1901 2906 2097 2961 imma-

517 3003 757 3057 culatam
787 3000 991 3056 excitat
1014 2999 1258 3055 Christo.

585 3094 656 3150 At
685 3109 797 3149 non
839 3093 985 3155 tulit,
1025 3098 1085 3147 ut
1117 3093 1405 3148 veritatem
1431 3091 1512 3148 sic
1556 3102 1976 3164 prosperantem
2016 3091 2099 3146 vi-

509 3184 694 3249 deret,
726 3185 820 3255 qui
868 3184 1018 3239 illius
1045 3184 1396 3239 adversarius
1430 3193 1515 3239 est
1551 3201 1565 3237 :
1595 3183 1728 3253 quin
1760 3183 2100 3254 potentiores

517 3291 582 3330 ac
614 3274 884 3345 primores
923 3274 1164 3329 civitatis
1194 3274 1340 3329 illius
1392 3273 1696 3339 incessens,
1758 3274 2099 3344 ﬂammaeque

519 3368 694 3422 instar
722 3366 1127 3421 aemulationem
1145 3366 1200 3420 in
1239 3368 1318 3421 eis
1332 3367 1695 3431 succendens,
1721 3368 2100 3437 apparitorum

521 3464 748 3525 repente
777 3471 942 3510 manu
967 3471 1095 3510 eum
1140 3455 1392 3525 corripit,
1429 3455 1698 3525 saevisque
1757 3457 2099 3511 conscissum

521 3547 865 3611 verberibus,
883 3547 1006 3602 diro
1040 3562 1258 3603 carcere
1287 3547 1538 3601 includit.
1595 3546 1734 3601 Tum
1768 3547 2028 3603 funiculis
2069 3563 2101 3604 e

521 3640 794 3695 calcaneis
831 3641 1077 3695 vinctum
1113 3639 1171 3694 in
1206 3639 1428 3697 sublimi
1452 3654 1614 3694 verso
1676 3639 1733 3693 in
1769 3649 1972 3695 terram
2016 3655 2102 3695 ca-

519 3735 656 3805 pite,
689 3735 869 3790 virum
889 3736 1098 3807 iustum
1129 3735 1493 3806 suspendunt.
1529 3734 1768 3804 Eratque
1795 3734 1984 3788 videre
2014 3747 2103 3787 ve-

522 3831 604 3887 lut
633 3845 830 3901 agnum
864 3828 1274 3890 immaculatum
1308 3829 1418 3882 alte
1445 3828 1498 3881 in
1530 3841 1658 3881 aere
1691 3826 1989 3882 sublatum.
2022 3826 2098 3880 Ac

520 3920 689 3992 pedes
717 3921 936 4010 q'uidem
967 3937 1206 3985 sursum,
1233 3920 1492 3975 deorsum
1545 3935 1679 3974 vero
1722 3917 2098 3973 venerandum

521 4021 686 4083 caput
732 4009 988 4078 habebat,
1011 4027 1186 4082 eoque
1214 4012 1405 4066 habitu
1439 4010 1646 4067 mentis
1686 4011 1743 4065 in
1775 4009 2100 4067 caelumiter

519 4118 584 4158 ac
615 4103 1133 4175 contemplationem
1156 4103 1308 4159 velut
1335 4102 1720 4158 adumbrabat.

595 4278 752 4334 Ilaud
796 4287 978 4334 tamen
1001 4294 1129 4333 eum
1153 4279 1421 4334 Dominus
1453 4278 1850 4334 consolationis
1896 4291 2097 4346 exper-

525 4379 635 4424 tem
677 4369 919 4440 reliquit.
950 4371 1315 4441 Propensiore
1358 4385 1596 4440 namque
1646 4369 1882 4424 mitioris
1913 4367 2101 4438 provi-

523 4461 723 4516 dentia:
766 4462 1018 4526 consilio,
1080 4461 1299 4516 divinus
1355 4476 1572 4530 quoque
1647 4460 2097 4524 Bartholomzeus,

2199 1998 2308 2066 τῆς
2351 1995 2541 2052 αὑτοῦ
2608 1998 2918 2067 γενόμενοι
2991 1993 3356 2063 ἁγιωσύνης,
3410 1990 3758 2055 κληρονόμοι

2199 2091 2350 2160 ζωῆς
2401 2091 2647 2145 αίωνίου
2702 2088 2801 2143 καὶ
2845 2088 3172 2154 ,βασιλείας
3228 2081 3756 2151 καταξιωθήσεσθε,

2197 2186 2267 2239 ἐν
2301 2182 2534 2254 Χριστῷ
2569 2182 2798 2251 Ἰησοῦ.
2839 2181 3046 2250 Ἀμήν.

2271 2275 2566 2341 Τοιαύταις
2591 2277 2620 2328 ό
2660 2273 3085 2346 μακαριώτατος
3121 2270 3436 2340 θεηγορίαις
3489 2264 3756 2323 νουθετῶν.

2197 2368 2505 2440 παραινῶν,
2545 2367 2652 2439 ἰδίᾳ
2671 2383 2734 2421 τε
2773 2365 2869 2420 καὶ
2893 2363 3131 2435 δημοσίᾳ
3157 2362 3249 2417 τδν
3274 2362 3436 2431 λόγον
3461 2355 3758 2430 πρεσϐεύων

2195 2463 2297 2534 τῆς
2323 2459 2692 2531 δικαιοσύνης,
2746 2456 3155 2528 ἀναριθμήτους
3205 2453 3304 2525 μὲν
3355 2452 3558 2506 πείθων
3607 2463 3758 2520 προσ-

2199 2554 2365 2624 ήγετο
2391 2554 2460 2622 τῇ
2492 2547 2744 2621 ἀληθείᾳ·
2779 2548 2848 2602 δι’
2877 2545 3069 2610 ὕδατος
3091 2545 3148 2598 δὲ
3174 2545 3269 2599 καὶ
3302 2543 3617 2612 Πνεύματος
3647 2537 3755 2592 τού·

2196 2661 2324 2708 τους
2354 2641 2688 2712 ἀναγεννῶν,
2726 2640 2821 2694 καὶ
2850 2639 2976 2702 τοὺς
3009 2635 3410 2706 συνετωτέρους
3463 2636 3521 2687 ὲν
3570 2631 3753 2692 αὐτοῖς,

2200 2732 2296 2788 καὶ
2317 2731 2539 2803 χάριτος
2571 2727 2816 2800 μείζονος
2854 2725 3209 2796 ἠξιωμένους,
3237 2723 3319 2786 είς
3345 2720 3656 2792 ἀρχιερέας,
3690 2716 3756 2778 ὡς

2199 2823 2384 2894 Θέμις,
2408 2821 2503 2875 καὶ
2534 2819 2715 2890 ἱερέας
2736 2815 3195 2890 προϐαλλόμενος,
3228 2811 3558 2884 Ἐκκλησίαν
3590 2807 3752 2878 ἁγίαν,

2199 2915 2434 2986 ἄμωμον
2457 2913 2649 2985 ἀνίστη
2687 2909 2934 2983 Χριστῷ.

2283 3089 2426 3145 ’Δλλ⁹
2455 3091 2557 3143 οὐκ
2581 3088 2782 3158 ἠνεγκε
2815 3083 3033 3155 βλεπων
3063 3080 3240 3146 οὕτως
3285 3079 3644 3152 εὐοδουμένην
3671 3073 3756 3143 τὴν

2201 3181 2484 3252 αλήθειαν,
2517 3182 2546 3234 ό
2590 3177 2797 3250 ταύτης
2845 3177 3068 3249 ἐχθρός·
3100 3177 3228 3238 τοὺς
3264 3173 3668 3234 δυνατωτάτους
3709 3167 3755 3220 δὲ

2201 3275 2299 3328 καὶ
2341 3272 2597 3344 πρώτους
2641 3273 2858 3342 ἐκείνης
2886 3273 2986 3339 τῆς
3044 3268 3253 3331 πόλεως
3298 3266 3524 3329 ὑποδὺς,
3554 3265 3644 3318 καὶ
3682 3260 3757 3314 τὸν

2201 3363 2364 3436 δῆλον
2388 3365 2446 3417 ὲν
2481 3364 2670 3426 αὐτοῖς
2704 3359 3012 3430 ἀναφλέξας
3042 3359 3117 3423 ὡς
3141 3358 3277 3432 πῦρ,
3313 3355 3648 3428 συναρπάζει
3678 3357 3750 3423 μὲν

2202 3454 2368 3509 αὑτὸν
2405 3452 2639 3520 ἐξάπινα
2687 3451 2834 3522 χειρὶ
2883 3451 3285 3520 στρατιωτικῇ·
3324 3447 3581 3518 μαστιγοῖ
3609 3442 3663 3497 δὲ
3687 3457 3750 3493 πι-

2199 3546 2371 3617 κρῶς,
2399 3543 2755 3614 καθείργνυσι
2788 3541 2846 3594 δὲ
2888 3541 3079 3604 δεινῶς
3099 3553 3114 3570 ·
3165 3539 3306 3610 μετά
3337 3537 3518 3592 ταῦτα
3547 3535 3603 3590 δὲ
3633 3547 3756 3603 σχοιο

2199 3641 2333 3700 νέοις
2370 3636 2674 3706 ἐξάψαντες
2723 3633 2868 3688 κατά
2922 3632 3030 3686 τῶν
3081 3630 3449 3702 ἀστραγάλων
3497 3626 3634 3700 (57),
3681 3619 3758 3677 ἐπὶ

2203 3727 2476 3798 μετεώρου
2508 3727 2598 3780 τὸν
2625 3726 2834 3780 δίκαιον
2858 3723 3174 3796 ὲκκρεμῶσι
3210 3721 3352 3777 κατὰ
3381 3721 3641 3792 κεφαλῆς.
3665 3712 3758 3770 Kal

2197 3816 2268 3890 ἦν
2297 3819 2486 3872 τοῦτον
2533 3819 2666 3888 όρᾷν
2717 3816 2974 3887 καθάπερ
3029 3815 3260 3886 ἄμωμον
3309 3814 3520 3885 ἀρνίον,
3551 3811 3637 3865 διὰ
3679 3801 3760 3859 τοῦ

2199 3913 2359 3981 ἀέρος
2383 3909 2818 3980 ἀπῃωρημένον·
2857 3909 2953 3961 καὶ
2979 3906 3092 3962 ἄνω
3119 3907 3218 3977 μὲν
3252 3908 3380 3970 τοὺς
3413 3905 3598 3968 πόδας,
3629 3900 3760 3955 κάτω

2198 4005 2256 4057 δὲ
2292 4002 2389 4072 τὴν
2429 4001 2732 4071 σεϐασμίαν
2771 3999 2967 4070 ἔχοντα
3011 3999 3257 4070 κεφαλήν
3281 4016 3296 4032 ο
3345 3999 3444 4052 καὶ
3475 3997 3554 4066 τῷ
3591 3987 3758 4061 τοιῷδε

2201 4095 2439 4164 σχήματι
2495 4091 2592 4162 τὴν
2636 4091 2854 4162 ίθυτενῆ
2891 4091 3028 4160 πρὸς
3052 4091 3122 4144 τὰ
3151 4091 3264 4146 ἄνω
3301 4089 3397 4144 τοῦ
3431 4087 3525 4143 νοῦ
3552 4081 3760 4155 πορείαν

2201 4187 2294 4238 καὶ
2333 4185 2568 4254 θεωρίαν
2603 4182 3009 4254 ὑπογράφοντα.

2282 4275 2424 4328 Ἀλλ’
2447 4276 2548 4328 οὐκ
2577 4276 2790 4346 ἀφῆκεν
2818 4276 2982 4328 αὑτὸν
3009 4277 3036 4328 ό
3068 4274 3270 4343 Κύριος
3312 4273 3759 4344 ἀπαρηγόρητον·

2200 4369 2484 4440 οἰκονομίᾳ
2542 4367 2598 4421 δὲ
2649 4369 2922 4440 κρείττονι
2973 4369 3066 4420 καὶ
3123 4365 3529 4435 Βαρθολομαῖος
3573 4363 3601 4415 ό
3637 4359 3765 4418 θεῖος

2202 4460 2502 4523 ἀπόστολος
2538 4459 2716 4530 τούτῳ
2751 4458 3185 4528 συνεσταύρωτο.
3228 4457 3444 4511 Ἐκεῖσε
3481 4454 3592 4527 γὰρ
3620 4448 3766 4506 αὐτὸν

521 4554 644 4623 pari
677 4553 966 4608 damnatus
1015 4553 1266 4622 patibulo
1317 4553 1613 4622 pendebat.
1662 4551 1905 4623 Contigit
1951 4551 2100 4610 enim

2203 4553 2454 4623 ἐνδημεῖν
2479 4591 2494 4616 ,
2523 4553 2616 4606 καὶ
2636 4551 2828 4623 ὥσπερ
2851 4551 2944 4605 τοῦ
2979 4551 3312 4620 Εὑαγγελίου
3343 4549 3621 4610 κοινωνὸς,
3638 4541 3767 4598 οὕτω

522 4661 651 4702 eum
675 4655 804 4702 tunc
829 4646 906 4700 ibi
932 4645 1164 4710 versari,
1199 4661 1263 4701 ac
1292 4646 1437 4700 sicut
1457 4644 1882 4716 przedicationis,
1917 4644 1999 4700 sic
2038 4656 2096 4700 et

524 4739 797 4808 passionis
821 4736 1032 4793 socium
1062 4736 1222 4793 ellici.
1253 4737 1444 4808 Neque
1475 4737 1529 4792 id
1558 4735 1743 4803 modo,
1774 4735 1869 4791 sed
1896 4745 1954 4792 et
1978 4736 2096 4806 ipsa

591 4916 703 4984 (57)
717 4918 761 4969 Σ
766 4915 1009 4982 χοινίοις
1033 4913 1370 4983 ἐξάψαντες
1386 4913 1535 4968 κατὰ
1551 4913 1668 4968 τῶν
1683 4913 2097 4983 ἀστραγάλων.

527 4988 619 5044 Sic
667 5002 885 5055 quoque
929 4986 1196 5054 Metaphr.
1252 4999 1466 5039 necnon
1518 4985 1756 5051 Menaaa,
1807 4986 1863 5039 in
1897 4985 2100 5055 quibus

526 5051 843 5126 expressius
872 5051 1112 5124 aliquid:
1161 5056 1279 5108 ‘Eni
1332 5058 1426 5124 τῆς
1450 5055 1709 5126 πλατείας
1739 5051 1955 5126 συρεὶς,
1981 5051 2101 5107 εἶτα

527 5124 654 5190 τοῦς
709 5127 1088 5195 ἀστραγάλους
1122 5126 1440 5195 τρυπηθεὶς,
1473 5128 1566 5178 ἐπὶ
1596 5124 1692 5178 τοῦ
1733 5125 1890 5189 ξύλου
1927 5126 2097 5194 ἀνηρ-

527 5199 707 5268 τήθηᾼ·
748 5194 846 5248 καὶ
891 5194 1073 5268 οὕτωςΔ
1127 5194 1459 5265 εὐξάμενος,
1509 5196 1586 5264 τῷ
1616 5195 1732 5264 Θεῷ
1773 5196 1834 5248 τὸ
1883 5195 2101 5268 πνεῦμα

524 5264 797 5337 παρέθετο
829 5283 844 5298 ο
882 5265 984 5337 Per
1018 5264 1274 5336 plateam?
1297 5274 1518 5327 tractus,
1555 5275 1768 5337 tumque
1819 5265 2100 5337 perforatis

523 5335 784 5392 calcaneis
800 5339 856 5391 in
891 5335 1030 5407 ligno
1067 5352 1344 5404 suspensus
1380 5347 1478 5401 est,
1503 5345 1552 5389 et
1579 5339 1651 5390 sic
1677 5335 1860 5407 passus
1883 5335 2103 5407 Domino

527 5408 746 5461 tradidit
782 5406 1067 5478 spiritum:
1096 5407 1298 5475 quibus
1347 5415 1607 5478 constans
1650 5416 1753 5478 est,
1789 5406 2101 5478 Philippum

527 5478 704 5547 capite
762 5475 1025 5533 dcorsum
1080 5492 1263 5541 verso,
1314 5486 1372 5531 et
1399 5476 1621 5546 quidem
1657 5477 1780 5531 talis
1809 5477 1890 5530 sic
1921 5475 2106 5545 perfo-

527 5548 684 5616 ratis.
721 5548 895 5616 stipiti
926 5563 990 5601 ac
1012 5547 1167 5603 cruci
1217 5547 1496 5616 alligatum
1529 5547 1852 5616 pependisse
1885 5563 1899 5600 :
1935 5561 2100 5614 quam

529 5615 668 5669 forte
692 5615 861 5684 ipsam
890 5633 1112 5672 crucem
1147 5615 1329 5671 velint
1347 5615 1613 5672 Romana
1644 5617 1862 5680 tabulae,
1904 5626 1961 5670 et
1989 5618 2099 5671 Eu-

530 5685 740 5740 sebiani
758 5687 1015 5758 chronici
1038 5688 1420 5756 interpolator,
1453 5703 1520 5741 ex
1545 5703 1655 5757 quo
1694 5689 1813 5758 ipso
1840 5695 2098 5758 tanquam

531 5769 598 5807 ex
635 5770 764 5808 vero
809 5757 1048 5810 Eusebio
1093 5759 1432 5825 acceperint,
1461 5759 1554 5824 qui
1609 5757 1831 5812 easdem
1884 5757 2100 5811 tabulas

532 5834 829 5902 gnuerunt,
867 5839 1173 5902 novasque
1207 5827 1942 5902 co_mposuerunt._Lapides
1970 5826 2099 5902 addi

533 5890 695 5947 facile
722 5892 828 5948 fuit
857 5890 1225 5950 tumultuaria:
1247 5890 1707 5963 illi—cruciﬁxioni,
1744 5890 1904 5966 plebe
1934 5901 1989 5955 in
2020 5898 2102 5952 fu-

2200 4643 2265 4717 δὴ
2288 4645 2382 4698 καὶ
2407 4644 2502 4698 τοῦ
2525 4645 2731 4708 πάθους
2760 4643 3109 4715 ὲγνωρίζετο.
3136 4644 3212 4697 Οὐ
3241 4642 3402 4712 μόνον
3425 4643 3503 4703 δὲ,
3528 4637 3658 4692 ἀλλά
3684 4631 3766 4687 καὶ

2202 4734 2343 4806 αὐτὴ
2380 4734 2617 4806 Μαριὰμ
2649 4736 2685 4805 ἡ
2727 4733 2998 4788 Φιλίππου
3031 4733 3235 4804 ἀδελφή
3278 4731 3424 4804 (58)·
3454 4727 3654 4798 ἀδελφὴ
3681 4724 3769 4792 τὴν

2202 4930 2382 4968 rorem
2422 4923 2543 4969 acta
2576 4913 2842 4968 adversus
2873 4911 3156 4981 Sanctum,
3179 4911 3355 4967 donec
3377 4917 3687 4981 terraemotu
3713 4917 3768 4956 ac

2202 4984 2386 5039 hiatus
2421 4984 2665 5054 periculo
2705 4982 2808 5054 fuit
2862 4977 3151 5039 deterrita;
3191 4983 3376 5054 Mitior
3426 4981 3602 5054 fuerit
3651 4977 3767 5028 Bar-

2205 5049 2482 5109 tholoméei
2515 5069 2651 5108 crux
2678 5062 2736 5107 et
2763 5053 2946 5108 Mariae
3001 5053 3209 5108 sororis
3230 5093 3245 5116 ,
3301 5053 3418 5108 sive
3471 5049 3768 5122 Mariamnge

2204 5126 2288 5193 (ut
2319 5125 2522 5180 Menaea
2557 5122 2774 5192 vocant)
2826 5131 2885 5176 ut
2915 5124 3136 5179 licuerit
3194 5122 3397 5192 deponi
3439 5136 3505 5176 ac
3534 5128 3757 5188 supern-

2201 5211 2354 5256 vere,
2383 5210 2507 5249 cum
2531 5194 2642 5264 iam
2677 5193 2962 5263 Philippus
2990 5193 3135 5249 diem
3171 5194 3484 5264 clausisset.

2279 5266 2389 5332 (38)
2420 5257 2585 5330 Abii;
2612 5257 2876 5331 Μαριὰμ,
2901 5265 2939 5333 ἡ
2975 5266 3273 5318 Φιλίππου
3305 5258 3562 5333 ἀδελφή.
3582 5257 3766 5333 Μθηξεθ

2210 5322 2581 5404 Μάριᾶμνηνξ
2612 5322 2723 5403 (ιυό
2747 5322 2937 5388 etiain'
2955 5335 3121 5388 modo
3149 5334 3417 5404 Metaphr.
3451 5322 3662 5404 fuitque
3697 5322 3758 5375 ra-

2208 5403 2322 5476 cilei
2345 5403 2467 5476 eius
2497 5403 2649 5476 vocis
2666 5404 3205 5476 ultimamisyllaham
3237 5403 3552 5476 antiquario
3581 5403 3767 5476 Matt"-

2207 5463 2484 5530 excidere.
2519 5474 2888 5530 Consentiunt
2916 5463 3034 5529 haec
3063 5484 3211 5529 tanta
3245 5474 3313 5528 de
3344 5463 3510 5527 Maria
3538 5483 3633 5524 seu
3665 5463 3761 5530 Ma:

2207 5527 2662 5608 sanguine
2679 5527 3334 5615 7Philippi(non—"solum
3371 5527 3766 5615 _spiritali.nscq

2203 5615 2371 5669 etiam
2401 5605 2642 5679 carnali,
2677 5615 2762 5669 his
2785 5605 2904 5683 qua}
2936 5605 3104 5669 refert
3134 5615 3334 5669 Paulus
3355 5605 3428 5666 de
3444 5605 3699 5680 apostolis
3717 5606 3764 5654 et

2203 5685 2656 5754 praedicatoribus
2684 5684 2948 5750 Hebraeis,
2972 5683 3513 5739 circumducenlibus
3535 5683 3765 5754 sororem

2203 5751 2512 5820 mulierem,
2566 5771 2718 5810 more
2766 5755 2942 5825 gentis
2996 5755 3025 5808 Ι
3066 5755 3288 5819 Cor.tx,
3339 5754 3402 5818 5;
3433 5766 3539 5825 qua
3599 5751 3764 5825 tam?

2205 5827 2255 5880 is
2281 5817 2509 5880 .icentia
2532 5817 2938 5879 minimc'usus
2959 5825 3049 5890 sit,
3089 5842 3159 5880 ne
3209 5817 3395 5896 quam,
3420 5817 3762 5896 οἶξϐηδξοηέξῗ

2205 5905 2437 5967 poneret
2493 5897 2792 5968 gentibus,
2835 5887 3044 5968 quibus
3084 5887 3420 5966 peculiarius
3473 5887 3762 5945 destinatus
