4094 6410
378 430 482 497 181
1149 435 1435 499 ORATIO
1475 437 1666 497 ΙΧ.-
1695 434 1780 496 IN
1817 436 2134 499 LAUDEM
2171 438 2234 500 S.
2277 437 2618 499 PHILIPPI
2655 439 2913 503 APOST.

378 546 567 617 φύσιν,
596 543 820 619 έάδελφὴ
865 543 965 617 τὴν
991 546 1208 601 πίστιν·
1235 549 1330 603 τὸν
1379 545 1574 619 ζῆλον,
1613 547 1949 620 ὁμότροποςο
1981 567 1999 610 Α

2097 547 2227 603 [aria
2300 548 2538 620 Philippi
2579 565 2802 618 .soror,
2861 565 3062 623 nempe
3113 566 3272 608 soror
3326 560 3526 612 natura
3584 573 3649 614 ac

375 638 484 708 τὴν
538 637 793 709 ἀγάπην,
851 638 1213 711 ὁμόγνωμος·
1269 641 1542 712 παρθένος
1595 641 1698 714 τὴν
1749 640 1951 713 ψυχὴν,

2098 641 2163 695 de
2209 656 2408 710 soror;
2448 641 2568 713 pari
2621 658 2841 700 morum
2899 645 3269 710 aemulatione,
3295 648 3653 706 consentiens

376 730 650 804 παρθένος
696 730 761 785 τὸ
806 731 1001 804 σῶμα,
1050 733 1146 805 ὅλη
1192 734 1514 806 τετρωμένη
1580 734 1679 804 τῆς
1735 734 1955 805 ἀγάπης

2097 732 2346 799 haritate,
2380 734 2537 807 virgo
2569 735 2776 802 animo,
2815 736 2971 808 virgo
2997 751 3244 808 corpore,
3277 745 3389 794 tota
3438 737 3646 795 Christi

372 822 645 893 Χριστοῦ.
678 823 937 896 Μαριὰμ,
965 824 1166 896 γνησία
1195 824 1435 897 Χριστοῦ
1461 824 1804 897 θεραπαινὶς,
1831 826 1958 892 ἀξία

2097 826 2346 882 ulnerata
2393 827 2666 885 charitate
2690 829 2759 884 ⁸⁸.
2789 829 2976 896 Maria,
3012 845 3141 886 vera
3185 829 3390 886 Christi
3427 831 3652 890 ancilla.

372 912 519 966 Θεοῦ
566 913 836 987 θυγάτηρ,
871 916 970 988 ὅλη
1012 915 1106 970 τοῦ
1138 916 1406 986 παναγίου
1427 916 1747 989 Πνεύματος
1784 934 1958 989 μεμε-

2102 918 2224 989 lgna
2275 920 2371 975 Dei
2426 921 2558 989 ﬁlia,
2582 930 2696 978 tota
2755 921 2966 992 Spiritu
3015 932 3206 979 sancto
3255 923 3438 992 plena,
3470 921 3654 981 ﬁdelis

374 1003 662 1075 στωμένη,
687 1003 856 1077 πιστὴ
887 1004 982 1060 τοῦ
1005 1005 1338 1077 Εὑαγγελίου
1368 1007 1666 1080 μαθήτρια,
1695 1005 1961 1061 σπουδαία

2097 1011 2342 1083 ivangelii
2402 1012 2708 1084 discipula,
2769 1013 2962 1069 sedula
3034 1027 3316 1085 gnavaque
3380 1011 3656 1083 apostolo-

370 1095 489 1148 τῶν
522 1095 840 1151 ἀποστόλων
893 1097 1163 1165 διάκονος,
1198 1099 1292 1153 καὶ
1351 1097 1663 1171 θερμοτάτη
1697 1097 1834 1170 πρὸς
1863 1099 1962 1162 τὰς

2098 1094 2189 1157 um
2245 1103 2598 1169 administra,
2633 1103 2950 1160 fidelissima
3002 1104 3070 1159 ad
3127 1103 3342 1159 Graecas
3392 1101 3656 1157 mulieres

389 1187 710 1262 Ἑλληνίδας
741 1189 836 1244 τοῦ
870 1191 1050 1263 Ἰησοῦ
1081 1191 1523 1266 εὐαγγελίστρια.
1562 1193 1807 1249 Ἀνωθεν
1823 1191 1963 1263 αὕτη

2101 1210 2198 1250 esu
2228 1210 2410 1266 praeco
2436 1234 2452 1250 .
2482 1194 2611 1252 Haec
2662 1196 2797 1251 olim
2849 1195 3104 1266 Philippo
3147 1194 3388 1260 assidua,
3421 1209 3532 1264 quo
3588 1208 3656 1246 ex

381 1281 824 1353 προσεκαρτέρει
843 1280 922 1353 τῷ
947 1281 1220 1354 Φιλίππῳ,
1245 1282 1308 1350 ἐξ
1329 1279 1390 1339 οῦ
1409 1283 1503 1338 τὸν
1532 1283 1736 1355 κλῆρον
1770 1283 1967 1354 εἴληφε

2097 1301 2318 1356 rmpore
2340 1288 2701 1357 apostolicum
2723 1302 2925 1343 munus
2981 1287 3182 1342 inierat
3212 1303 3228 1354 ;
3264 1301 3413 1351 eum,
3464 1295 3526 1338 ut
3547 1283 3656 1338 fra-

385 1375 487 1444 τῆς
524 1372 832 1444 ἀποστολῆς
857 1389 872 1406 ο
911 1373 1008 1428 καὶ
1053 1374 1245 1431 τοῦτον
1264 1413 1280 1438 ,
1332 1374 1413 1440 ῶς
1462 1375 1691 1445 ἀδελφὺν
1751 1375 1848 1446 μέν
1908 1373 1970 1428 τὸ

2097 1392 2213 1433 rem
2237 1377 2461 1448 quidem
2478 1393 2728 1449 corpore,
2748 1387 2809 1434 ut
2834 1393 2966 1434 vero
2988 1379 3207 1434 Patrem
3234 1377 3432 1448 spiritu
3445 1377 3652 1439 colens,

386 1464 574 1536 σῶμα,
605 1464 820 1537 πατέρα
873 1466 932 1520 δὲ
963 1466 1025 1520 τὸ
1058 1466 1278 1537 πνεῦμα
1308 1468 1552 1540 τιμῶσα,
1592 1469 1688 1524 καὶ
1719 1467 1795 1534 ὡς
1837 1467 1970 1539 δρα-

2097 1478 2128 1525 :t
2150 1479 2212 1527 ut
2235 1471 2434 1526 ancilla
2449 1469 2642 1526 sedulo
2663 1469 2904 1526 ofﬁciosa
2923 1469 3266 1534 ministrans,
3293 1468 3411 1539 ipsa
3433 1481 3656 1538 quoque

383 1558 613 1630 στήριος
641 1557 1060 1632 ὑπηρετουμένη
1092 1559 1420 1632 θεράπαινα,
1453 1560 1670 1632 πλήρης
1699 1560 1801 1630 τῆς
1833 1561 1972 1614 ἀπο-

385 1649 647 1722 πολικῆς
674 1651 770 1705 καὶ
810 1651 950 1722 αὐτὴ
985 1653 1271 1724 δυνάμεως
1301 1649 1392 1727 ἦν.
1425 1654 1589 1709 Ὅθεν
1621 1653 1973 1724 εὐαγγελιζο-

269 1784 275 1788 .
387 1741 544 1814 μένῳ
563 1743 923 1814 συνεργοῦσα,
937 1745 1095 1800 καθει
1103 1763 1233 1818 ργνυ
1241 1757 1387 1817 μένῳ
1405 1764 1468 1800 συ
1477 1745 1972 1819 μπαρομαρτοῦσα,

387 1835 491 1890 καὶ
515 1835 640 1890 τότε
685 1835 751 1908 δὴ
811 1838 1152 1910 κρεμαμένῳ
1197 1841 1579 1911 συνανιωμένη
1608 1857 1671 1893 τε
1712 1841 1809 1894 καὶ¹
1852 1855 1978 1892 συν-

2073 1563 2375 1635 apostolica
2395 1563 2559 1634 plena
2603 1561 2812 1617 virtute
2842 1570 2982 1616 erat.
3025 1559 3395 1628 Quamobrem
3455 1557 3656 1630 praedi-

2075 1667 2292 1714 cantem
2317 1657 2603 1728 adjuvans,
2628 1655 2925 1724 clausoque
2957 1669 3176 1709 carcere
3199 1667 3383 1707 comes
3435 1650 3656 1713 effecta,

2077 1756 2213 1804 tunc
2236 1763 2455 1818 quoque
2486 1746 2747 1801 nimirum
2780 1761 3048 1815 suspenso
3070 1744 3392 1808 condolens,
3422 1743 3658 1812 diroque

2079 1840 2230 1896 illius
2260 1841 2510 1896 cruciatu
2531 1853 2806 1902 moerens,
2840 1837 2988 1892 omni
3012 1837 3177 1892 modo
3207 1835 3524 1892 beatissima
3573 1833 3659 1888 fe-

386 1928 732 2000 οδυνωμένη,
765 1931 946 1986 πάντα
984 1932 1190 2004 τρόπον
1220 1933 1563 2005 συνέπασχεν
1598 1935 1634 2004 ἡ
1689 1950 1975 2004 μακαριω-

2097 1932 2227 1988 nina
2251 1930 2459 1988 Christi
2492 1930 2640 1988 socia
2669 1930 2989 2001 passionum
3020 1937 3160 1984 erat.

384 2021 533 2093 τάτη
567 2021 810 2094 Χριστῷ.

460 2113 684 2168 Γίνεται
737 2114 795 2168 δέ
847 2114 973 2170 τότε
1017 2115 1199 2188 θέαμα
1243 2115 1414 2186 ξένον,
1463 2118 1669 2191 φρίκης
1702 2135 1763 2172 τε
1794 2117 1978 2188 πάσης

390 2205 491 2257 καὶ
525 2205 768 2274 ἀγωνίας
795 2206 985 2279 γέμον.
1013 2208 1228 2264 Σείεται
1259 2209 1361 2281 μέν
1398 2209 1663 2282 ἐξαίφνης
1700 2212 1736 2282 ἡ
1769 2209 1844 2280 γῆ
1885 2211 1980 2264 καὶ

393 2297 517 2362 ὅλος
542 2299 571 2352 ὁ
597 2299 756 2370 χορὸς
779 2301 986 2366 ἐκεῖνος
1015 2302 1377 2374 ἐκτιναχθεὶς,
1437 2304 1520 2368 είς
1551 2303 1718 2374 βάθος
1754 2302 1974 2360 ιὺπενό-

398 2407 537 2456 στει,
567 2392 628 2446 ἐν
650 2387 696 2461 ᾧ
723 2395 877 2448 πᾶσα
907 2395 1108 2468 μικροῦ
1137 2397 1246 2452 δεῖν
1267 2399 1302 2469 ἡ
1327 2396 1486 2462 πόλις
1515 2398 1702 2471 ἐκείνη
1736 2413 1977 2470 συναγη-

394 2484 660 2554 γερμένη,
692 2484 918 2558 θέατρον
945 2487 1182 2542 ἐποιεῖτο
1210 2489 1340 2554 τοὺς
1365 2488 1676 2562 ἀνθρώτους
1728 2488 1824 2545 τοῦ
1873 2490 1981 2560 *Ιη-

391 2573 496 2629 σοῦ
519 2592 535 2608 ’
567 2579 987 2647 συγκατεσπᾶτο
1012 2579 1070 2633 δὲ
1113 2580 1193 2652 τῷ
1242 2580 1430 2650 ἐδάφει
1455 2582 1566 2646 πᾶς
1607 2583 1636 2636 ό
1678 2581 1828 2648 λαὸς,
1886 2583 1984 2637 καὶ

390 2668 592 2734 δεινῶς
617 2670 912 2726 ἀπολέσθαι
928 2672 1352 2739 κινδυνεύοντες,
1380 2676 1507 2740 τοὺς
1533 2676 1661 2747 περὶ
1681 2675 1774 2730 τὸν
1794 2675 1985 2730 Φίλιπ-

393 2779 504 2817 πον
531 2764 844 2819 ἐπεϐοῶντο
867 2780 882 2798 ο
915 2767 1012 2820 καὶ⁴
1042 2766 1216 2839 ταύτῃ
1257 2783 1320 2836 γε
1345 2767 1445 2838 τῆς
1467 2767 1678 2839 πλάνης
1721 2767 1820 2838 μὲν
1845 2768 1983 2821 ἀπο-

396 2856 720 2928 στήσεσθαι,
750 2858 832 2930 τῷ
878 2859 978 2929 τῆς
1009 2859 1266 2928 ἀληθείας
1291 2861 1351 2914 δὲ
1404 2859 1693 2914 πιστεῦσαι
1759 2860 1972 2914 καθυπ-

398 2948 686 3020 ισχνοῦντο
704 2950 844 3021 Θεῷ.
865 2951 1004 3015 Τοὺς
1018 2952 1074 3007 δὲ
1097 2952 1400 3026 ἱκετηρίαις
1424 2953 1523 3024 μὲν
1538 2952 1816 3008 ἐκτενέσιν
1830 2953 1987 3018 ἐξευ-

398 3040 721 3112 μενίζεσθαι
740 3042 834 3097 τὸν
883 3044 1038 3109 Θεὸν,
1065 3045 1278 3117 ἀθρόως
1307 3045 1365 3100 δὲ
1393 3047 1486 3101 τὸν
1512 3046 1718 3119 Κύριον
1755 3063 1991 3120 προσευ-

401 3134 658 3205 χομένοις
687 3136 872 3201 αὐτοῖς
920 3139 1300 3209 ἐπιφανῆναι*
1333 3139 1429 3193 καὶ
1483 3138 1841 3211 στηριχθῆναι
1891 3137 1990 3209 μέν

398 3231 610 3293 εὐθέως
641 3231 741 3302 τὴν
771 3231 877 3301 γῆν
897 3231 996 3301 τῆς
1022 3233 1114 3285 ἐπὶ
1135 3231 1198 3286 τδ
1223 3231 1492 3295 κάταντες
1547 3231 1953 3302 ὑποχωρήσεως
1971 3247 1988 3264 ⁹
2017 3257 2061 3318 c

398 3323 636 3393 δύναμιν
659 3321 717 3376 δὲ
745 3321 899 3378 θείαν
947 3323 1218 3395 κλίμακος
1271 3323 1474 3396 τρόπον
1508 3325 1623 3387 τοῖς
1679 3321 1989 3392 ἀπολλυμέ-

400 3431 523 3477 νοις
548 3412 1010 3488 ὑποτεινομένην,
1047 3413 1188 3484 πρὸς
1220 3413 1499 3486 σωτηρίαν
1554 3414 1845 3469 ὁδοποιεῖν.
1881 3411 1994 3465 Aﬁ-

401 3522 480 3576 τη
509 3505 718 3573 γίνεται
744 3504 984 3571 πίστεως
1007 3506 1123 3570 τοῖς
1155 3505 1409 3571 ἀπίστοις
1448 3506 1698 3582 ἀφορμή.
1723 3504 1898 3558 Τοῦτο
1927 3503 1994 3575 δὴ

403 3597 474 3653 τὸ
510 3597 817 3669 θαυμάσιον
872 3597 974 3669 τὴν
1011 3597 1170 3652 πόλιν
1199 3599 1419 3670 ἐκείνην
1457 3598 1644 3667 ὀλίγου
1666 3597 1781 3651 δεῖν
1810 3597 1995 3651 πᾶσαν

403 3691 492 3763 τῷ
522 3690 618 3745 τοῦ
666 3689 932 3746 Φιλίππου
961 3692 1207 3764 προσῆγε
1237 3691 1376 3763 Θεῷ.
1412 3689 1692 3746 Ἐντεῦθεν
1719 3687 1870 3744 λύειν
1899 3687 1999 3760 μὲν

406 3786 542 3848 τοὺς
561 3784 801 3857 Χριστοῦ
828 3784 1084 3858 δεσμίους
1112 3786 1163 3840 οῖ
1201 3786 1570 3856 σεσωσμένοι,
1610 3783 1709 3839 καὶ
1763 3781 1861 3837 τοῦ
1905 3780 1997 3846 ξύ-

410 3878 510 3931 λου
536 3876 781 3932 καθεῖναι
803 3877 1112 3950 προσῄεσαν
1141 3878 1380 3950 σπουδῇ·
1417 3877 1702 3948 ἐπείχοντο
1752 3873 1834 3938 δέ,
1898 3871 1998 3944 τὴν

413 3969 548 4039 περὶ
567 3967 747 4023 αὐτῶν
770 3970 1069 4040 γενομένην
1097 3969 1302 4025 ἀνωθεν
1321 3969 1624 4038 ἐγνωκότες
1651 3966 1868 4040 βουλήν.

490 4061 564 4114 Σὺ
602 4060 702 4132 μὲν
722 4059 852 4132 γὰρ,
873 4055 918 4114 ὦ
939 4059 1460 4132 τρισμακαριώτατε
1501 4059 1612 4114 τῶν
1659 4060 1997 4126 ἀποστόλων,

417 4152 678 4222 ἀνεθῆναι
707 4151 782 4224 μὴ
805 4149 1242 4222 καταδεξάμενος
1266 4152 1376 4207 τῶν
1398 4152 1634 4224 δεσμῶν,
1685 4152 2002 4225 ἐπισκήψας

415 4247 481 4301 δὲ
517 4249 585 4318 τῇ
619 4263 680 4300 τε
703 4246 858 4302 πόλει
882 4245 962 4303 ἶτὰ
994 4246 1206 4312 δέοντα,
1261 4247 1358 4301 καὶ
1402 4248 1516 4310 τοῖς
1562 4245 1816 4316 ἀδελφοῖς
1866 4247 2005 4301 πᾶσι

419 4338 757 4411 προσμένειν
788 4340 856 4411 τῇ
881 4339 1065 4392 πίστει
1088 4337 1183 4392 τοῦ
1221 4336 1423 4406 Ἰησοῦ,
1459 4337 1561 4390 καὶ
1587 4339 1710 4401 ταῖς
1760 4335 2006 4400 ἐντολαῖς

419 4430 952 4502 παρεηυησάμενος
974 4429 1388 4501 προσλιπαρεῖν
1415 4424 1560 4495 εἶτα,
1602 4428 1786 4500 δέησιν
1817 4429 2005 4500 ἱκετή-

423 4525 547 4597 ρῖον
566 4541 627 4578 τε
663 4523 783 4595 ἅμα
827 4523 926 4578 καὶ
977 4523 1419 4595 εὐχαριστήριον,
1469 4521 1896 4593 ἐμφανιζομένῳ
1923 4539 2008 4576 σοι

2148 2112 2391 2184 Contigit
2449 2127 2582 2168 vero
2651 2126 2854 2166 novum
2935 2108 3212 2181 quoddam
3267 2105 3659 2178 spectaculum,

2079 2205 2418 2261 horrendum
2432 2219 2564 2260 sane
2591 2203 3050 2274 tremendumque
3077 2218 3140 2258 ac
3161 2200 3388 2258 terroris
3415 2201 3662 2270 plenum.

2081 2296 2422 2353 Terrazmotu
2463 2295 2651 2352 subito
2710 2297 2867 2351 locus
2929 2295 3215 2366 quatitur,
3265 2299 3523 2362 totusque
3571 2290 3665 2345 ille

2081 2403 2380 2445 succussus
2402 2389 2608 2445 chorus
2628 2388 2739 2442 alta
2772 2387 3033 2458 voragine
3057 2384 3397 2447 subsidebat,
3428 2398 3538 2452 quo
3551 2388 3666 2436 tota

2081 2480 2200 2537 fere
2228 2481 2442 2546 civitas,
2475 2481 2606 2538 Jesu
2632 2480 2886 2536 homines
2920 2479 3136 2535 theatro
3158 2476 3504 2539 traductura,
3526 2489 3664 2529 con-

2083 2581 2360 2641 cesserat;
2411 2588 2744 2643 omnemque
2775 2572 3038 2643 populum
3091 2585 3235 2625 unus
3251 2584 3375 2624 cum
3408 2567 3523 2624 solo
3547 2565 3670 2620 hia-

2084 2672 2176 2720 tus
2203 2664 2554 2721 absorbebat.
2599 2664 2720 2722 Jam
2762 2664 2950 2734 itaque
2980 2661 3134 2735 gravi
3192 2660 3386 2718 salutis
3432 2658 3669 2727 vitaque

2085 2757 2339 2828 pulsante
2373 2756 2642 2827 periculo,
2673 2756 2986 2828 Philippum
3033 2769 3160 2810 cum
3192 2752 3361 2811 sociis
3404 2750 3671 2806 inclama-

2085 2848 2263 2916 bant;
2305 2859 2469 2919 atque
2497 2864 2563 2904 ea
2598 2863 2658 2904 se
2686 2848 2902 2904 ratione
2940 2846 3011 2902 ab
3049 2861 3238 2901 errore
3292 2845 3670 2907 abscessuros,

2086 2955 2330 3010 veroque
2353 2940 2462 2996 Deo
2483 2938 2814 3004 credituros,
2851 2939 3019 2994 etiam
3042 2946 3208 3008 atque
3237 2935 3404 2992 etiam
3435 2933 3670 3005 pollice-

2088 3033 2311 3089 bantur.
2342 3031 2414 3088 At
2450 3031 2742 3102 Philippus
2797 3031 3046 3101 sociique
3093 3027 3445 3085 ferventibus
3496 3027 3673 3082 Deum

2091 3125 2585 3197 supplicationibus
2613 3124 2834 3194 placare
2862 3139 2879 3189 ;
2928 3121 3217 3178 orantibus
3241 3118 3508 3176 Dominus
3536 3133 3674 3174 con-

2092 3219 2274 3274 festim
2305 3233 2592 3289 apparere,
2624 3232 2862 3288 moxque
2914 3225 3138 3280 terram,
3198 3228 3270 3269 ne
3329 3220 3677 3283 mergeretur

2093 3313 2358 3382 hiatuque
2381 3310 2714 3376 subsideret,
2763 3308 3101 3374 confulcire;
3129 3305 3184 3360 vi
3218 3305 3458 3374 denique
3489 3303 3677 3358 divina

2092 3403 2267 3459 instar
2296 3402 2456 3458 scalae
2477 3400 2840 3472 pereuntibus
2897 3398 3192 3464 submissa,
3232 3397 3310 3451 ita
3345 3395 3414 3451 ad
3440 3397 3677 3451 salutem

2093 3497 2331 3552 munire.
2393 3494 2522 3550 Haec
2567 3493 2870 3550 incredulis
2905 3491 3032 3547 ﬁdei
3067 3489 3306 3547 occasio.
3352 3489 3679 3544 Miraculum

2095 3589 2222 3655 hoc,
2249 3603 2468 3644 omnem
2492 3586 2609 3642 fere
2639 3586 2787 3642 illam
2812 3584 3088 3641 civitatem
3139 3582 3389 3655 adiunxit
3437 3581 3681 3658 Philippi

2095 3680 2230 3736 Deo.
2262 3678 2402 3734 Hinc
2429 3677 2678 3749 periculo
2706 3674 3000 3746 redempti,
3030 3672 3237 3731 Christi
3283 3672 3499 3728 vinctos
3527 3671 3681 3727 solu-

2099 3781 2214 3827 tum
2237 3771 2496 3842 lignoque
2518 3767 2833 3838 depositum
2883 3765 3125 3837 prompti
3157 3764 3455 3829 accedere;
3505 3769 3561 3817 at
3585 3776 3684 3816 co-

2099 3864 2454 3929 hibebantur,
2497 3861 2595 3932 qui
2638 3874 2942 3931 supernum
2987 3858 3057 3914 de
3111 3857 3223 3914 illis
3266 3857 3562 3914 consilium
3597 3854 3685 3912 in-

2101 3955 2438 4025 telligerent.

2177 4047 2259 4102 Tu
2313 4045 2560 4117 quidem,
2615 4043 2992 4116 apostolorum
3034 4049 3122 4096 ter
3165 4039 3502 4104 beatissime,
3554 4053 3685 4094 cum

2102 4141 2242 4197 solvi
2279 4137 2823 4202 vinculisnoluisses,
2851 4150 2919 4192 ac
2942 4149 3066 4205 quae
3091 4132 3257 4188 oﬂicii
3290 4139 3448 4186 erant
3470 4130 3685 4186 civitati

2102 4234 2451 4301 mandasses,
2508 4231 2837 4302 cunctisque
2892 4228 3161 4286 fratribus
3212 4234 3274 4282 ut
3310 4226 3366 4282 in
3399 4225 3506 4281 fide
3553 4225 3686 4282 Jesu

2106 4335 2531 4401 perseverarent
2584 4339 2653 4381 ac
2715 4322 2991 4379 mandatis
3041 4318 3251 4376 assidui
3308 4325 3516 4382 essent,
3550 4332 3690 4388 pra:-

2107 4421 2349 4492 cepisses
2382 4436 2397 4473 :
2429 4427 2658 4488 tumque
2681 4414 3040 4486 supplicantis
3063 4413 3233 4468 animi
3254 4410 3474 4481 lpariter
3523 4417 3692 4480 atque

2106 4512 2310 4586 gratias
2330 4510 2542 4581 agentis
2565 4507 2894 4572 orationem,
2937 4507 3052 4561 Deo
3086 4514 3204 4570 tuo,
3237 4501 3373 4572 Regi
3407 4511 3502 4556 tuo
3527 4500 3694 4556 Chri-

419 4615 631 4688 νοερῶς
659 4616 754 4670 καὶ
799 4614 1188 4688 ὑπερκοσμίως
1228 4613 1308 4685 τῷ
1325 4613 1446 4686 Θεῷ
1491 4630 1586 4669 σου
1643 4615 1740 4668 καὶ
1797 4615 1999 4686 βασιλεῖ

2111 4615 2198 4661 sto
2229 4601 2324 4674 qui
2350 4608 2699 4673 apparuerat,
2733 4597 2936 4654 mentis
2987 4611 3172 4659 sensu,
3224 4609 3289 4649 ac
3317 4608 3481 4663 supra
3525 4607 3691 4661 quam

420 4725 524 4763 σου
554 4706 935 4780 προσλαλήσας
959 4705 1202 4779 Χριστῷ,
1227 4708 1309 4771 είς
1332 4709 1523 4778 χεῖρας
1544 4706 1694 4778 αύτῷ
1720 4706 1819 4778 τὴν
1866 4723 2008 4761 πανο

417 4800 614 4856 ολὸίαν
659 4799 860 4855 ἀπέδου
913 4799 1091 4871 ψυχήν
1109 4814 1126 4832 ο
1187 4798 1284 4854 καὶ
1323 4800 1382 4852 ἐν
1436 4800 1588 4870 φωνῇ
1636 4798 2010 4869 ἀγαλλιάσεως

421 4895 527 4950 καὶ
549 4894 1017 4965 ἐξομολογήσεως,
1046 4894 1106 4947 ἐν
1135 4892 1254 4966 ῆχῳ
1287 4891 1656 4965 ἑορταζόντων
1681 4891 1886 4963 νοερῶν
1911 4892 2008 4947 καὶ

425 4987 596 5042 Θείων
629 4986 943 5058 Δυνάμεων,
983 4984 1125 5056 πρὸς
1155 4984 1254 5047 τὰς
1274 4984 1534 5055 οὐρανίας
1555 4983 1702 5056 αύτῷ
1723 4985 1821 5038 καὶ
1838 4983 2006 5051 ὑπερ-

426 5082 746 5153 φυεστάτας
778 5079 1186 5150 συνανελήφθης
1211 5080 1401 5149 μονάς.

507 5283 557 5316 ⁸⁵
582 5281 742 5339 Cant.
774 5298 836 5349 ll,
859 5282 914 5339 6.
988 5281 1037 5314 ⁸⁸
1062 5281 1205 5337 Psal.
1227 5297 1314 5335 xu
1367 5281 1420 5335 5.

424 5424 562 5489 erat
582 5414 927 5489 praedicator.
954 5411 1186 5489 saniora
1215 5413 1352 5478 haec,
1388 5427 1555 5485 quam
1593 5411 1682 5489 illa
1713 5407 1922 5489 Abdiaa,
1951 5406 2022 5462 de

426 5481 657 5569 duabus
690 5485 923 5558 apostoli
967 5483 1208 5566 ﬁliabus,
1237 5499 1372 5566 quae
1393 5481 1540 5608 _’post
1588 5481 1900 5562 aliquantos
1923 5493 2024 5560 an-

426 5573 543 5608 nos
571 5573 629 5608 m
658 5557 932 5608 tumulum
956 5563 1131 5608 natris
1160 5562 1218 5608 et
1237 5569 1367 5608 1053?
1391 5571 1407 5608 1
1432 5555 1555 5608 latae
1594 5559 1726 5608 smt.
1753 5565 1784 5603 a
1814 5549 2021 5603 dextris

425 5573 543 5616 nos
571 5556 629 5612 in
658 5549 932 5612 tumulum
956 5549 1218 5625 patriset
1237 5549 1367 5625 ipsa)
1391 5549 1726 5625 illatausint,
1753 5565 1784 5603 a
1814 5549 2021 5603 dextris

425 5638 497 5686 et
524 5643 557 5683 a
588 5627 826 5684 sinistris
861 5621 1012 5696 illius
1028 5624 1223 5696 positae
1258 5621 1327 5696 ac
1340 5621 1622 5696 miraculis
1647 5621 1844 5696 clarae;
1867 5633 2020 5696 quas

426 5698 745 5768 ementitus,
784 5687 1457 5768 scriptor'non__advertit
1504 5691 1733 5768 alterius

434 5768 586 5824 ﬁlias
611 5757 926 5831 exstitisse,
974 5766 1032 5821 id
1062 5775 1147 5820 est
1173 5763 1429 5830 diaconi;
1460 5777 1591 5834 quae
1608 5761 1750 5816 forte
1780 5757 2022 5834 Philippi

436 5838 679 5909 apostoli
722 5845 1020 5909 amore,_et
1043 5832 1685 5909 quodhcelebris’civitas
1712 5832 2024 5909 erathul-

437 5898 644 5982 tosque
664 5907 721 5964 in
749 5923 813 5965 ea
848 5898 1136 5979 Philippus
1178 5903 1398 5963 Christo
1436 5901 1787 5976 acquisierat,
1846 5898 2020 5956 Palae-

2113 4696 2314 4752 decore
2332 4694 2690 4762 honesteque,
2717 4690 3040 4761 prolocutus
3053 4701 3225 4750 esses,
3252 4685 3308 4741 in
3338 4683 3695 4739 manusillius

2115 4786 2489 4844 beatissimam
2539 4783 2780 4839 animam
2840 4778 3119 4835 tradidisti
3153 4793 3167 4831 :
3201 4776 3370 4847 inque
3424 4788 3560 4830 voce
3605 4788 3698 4829 ex-

2114 4879 2428 4937 sultationis
2465 4886 2523 4933 et
2563 4872 2927 4932 confessionis
2951 4871 3010 4927 in
3038 4883 3176 4926 sono
3237 4868 3504 4924 mentium
3555 4881 3700 4936 epu-

2112 4970 2392 5027 lantium”
2414 4966 2833 5034 divinarumque
2851 4963 3212 5025 Potestatum,
3236 4957 3291 5012 in
3317 4958 3567 5013 caalestes
3583 4955 3700 5011 exi-

2116 5065 2365 5134 miasque
2405 5075 2470 5117 ac
2493 5059 2728 5124 divinas,
2758 5057 2854 5113 illo
2875 5062 3126 5121 auctore,
3160 5061 3423 5124 receptus
3450 5065 3512 5107 es
3538 5063 3697 5104 man-

2117 5179 2318 5220 SIOHCS.

2122 5405 2266 5460 stina
2288 5417 2319 5457 a
2343 5400 2608 5458 Romanis
2638 5407 2872 5466 vastata,
2908 5398 3006 5455 illo
3029 5397 3573 5468 commigrarant,_ac
3596 5391 3707 5468 ho-

2121 5473 2295 5546 spiti_i_
2318 5472 2504 5546 locum
2546 5471 2626 5527 ibi
2656 5462 3020 5546 delegerant._
3054 5467 3212 5546 Quod
3235 5462 3456 5546 'etiam“
3475 5462 3706 5546 Mariam

2120 5533 2220 5600 seu
2246 5543 2602 5597 Mariamnem
2620 5539 2721 5594 τοῦ
2763 5533 2938 5609 Ἰησοῦ
2967 5533 3379 5609 εύ-αγελίστριαν
3403 5533 3539 5609 dicit
3561 5534 3703 5609 πρὸς

2120 5614 2221 5680 τὰς
2263 5612 2594 5681 Ἑλληνίδας,
2629 5603 2976 5681 αηηιιηὶίαδεε
3007 5603 3189 5663 Iesum
3223 5603 3531 5681 mulieribus
3555 5603 3708 5681 Grc-

2118 5675 2215 5751 cis,
2230 5683 2382 5740 sexui
2405 5675 3011 5751 convenientissimum,
3035 5692 3139 5751 nec
3155 5675 3423 5751 privatam
3435 5675 3711 5751 excedens

2126 5745 2454 5813 doctrinam,
2486 5766 2595 5820 qua
2631 5749 2772 5804 nihil
2793 5757 2942 5805 vetat
2961 5745 3243 5820 mulieres,
3282 5746 3450 5820 etiam
3476 5745 3714 5802 summis

2128 5823 2389 5899 apostolis
2412 5817 2708 5895 adiutrices
2721 5833 2845 5878 esse
2868 5818 3186 5892 evangelica
3210 5817 3525 5877 iunctione.
