4094 6400
566 430 668 498 183

1728 436 2022 497 ΝΙΟΕἸἾΕ
2062 438 2137 498 ΡΑ

2241 416 2590 501 [LAGONIS
3702 443 3786 510 ist

632 552 1063 609 Bartholomaaus
1094 561 1280 608 autem
1317 569 1348 609 e
1381 554 1629 626 patibulo
1649 553 1956 624 depositus,
1999 570 2137 609 una-

2317 555 2729 628 Βαρθολομαῖος
2753 557 2810 612 δε
2841 556 2934 610 τοῦ
2976 555 3135 622 ξύλου
3168 555 3533 629 καθαιρεθεὶς,
3565 559 3652 621 xui
3692 562 3790 633 ἅμα

529 653 667 714 ‘que
709 643 1114 712 sapientissima
1152 645 1341 712 Maria,
1403 661 1529 701 cum
1567 645 1952 701 Christiferum
1997 647 2133 702 illud

561 735 978 792 tabernaculum
1017 739 1338 794 reverbnter
1367 739 1745 811 sepeliendum
1773 749 2137 796 curassentac

559 828 860 884 Ecclesiam
891 831 1327 898 confirmassent,
1373 848 1579 904 eosque
1639 832 1734 903 qui
1777 834 2139 890 accessissent

559 921 1001 990 illuminassent;
1051 940 1114 980 ac
1143 925 1187 980 si
1238 925 1369 995 quid
1427 925 1701 996 reliquum
1747 925 1815 979 ad
1860 923 2136 996 Evangelii

559 1012 900 1068 functionem
922 1015 1236 1084 videbatur,
1260 1016 1649 1086 complessent,
1698 1031 1853 1072 suam
1902 1017 2139 1088 quisque

559 1105 704 1160 viam
728 1121 1042 1176 perrexere.

630 1197 712 1253 Tu
738 1214 888 1266 vero,
914 1214 1127 1254 summe
1161 1199 1359 1271 inclyte
1393 1215 1458 1256 ac
1491 1199 1675 1255 divine
1709 1199 1806 1255 Dei
1835 1215 1994 1272 puer,
2027 1215 2124 1256 cce

559 1289 728 1346 lestes
776 1290 1006 1346 festivus
1037 1307 1166 1347 axes
1195 1291 1526 1347 inscendens
1570 1291 1883 1362 chorosque
1918 1307 2089 1362 agens
2123 1333 2138 1357 ,

558 1394 624 1435 ac
649 1394 772 1434 cum
795 1379 1055 1450 magistro
1081 1389 1246 1450 atque
1270 1380 1502 1436 Domino
1526 1381 1582 1434 in
1595 1389 1865 1436 aeternum
1888 1396 2137 1446 versans,

557 1470 733 1540 gaude
756 1472 1016 1526 aclaatare
1059 1481 1315 1542 tanquam
1344 1472 1442 1527 Dei
1467 1472 1613 1527 filius
1639 1471 1957 1543 adoptione,
1980 1471 2142 1542 quip-

557 1579 624 1632 pe
653 1563 747 1633 qui
790 1565 894 1619 hoc
921 1571 1117 1620 nactus
1143 1565 1239 1628 sis,
1268 1573 1331 1618 ut
1362 1579 1488 1619 cum
1517 1580 1584 1619 eo
1624 1565 1717 1634 qui
1740 1574 1938 1619 natura
1969 1565 2144 1619 Filius

554 1663 657 1717 est,
692 1669 886 1724 regnes
913 1655 1200 1725 vivasque,
1237 1662 1296 1710 et
1323 1655 1381 1710 in
1408 1654 1811 1725 sempiternum
1837 1655 2043 1711 laateris
2078 1670 2143 1710 ac

553 1746 844 1813 praesentia
875 1746 1098 1802 fruaris.

625 1838 834 1904 Gaude,
869 1840 1018 1910 quod
1052 1841 1269 1896 Patrem
1322 1839 1595 1896 luminum
1644 1841 1833 1896 videre
1863 1839 2087 1911 cupiisti
2125 1857 2141 1907 ;

553 1944 792 2001 eumque
819 1932 1015 1987 videns
1029 1933 1097 1998 ⁸⁸,
1116 1943 1473 2005 prototypum
1505 1934 1563 1989 in
1603 1933 1764 2001 Filio,
1790 1951 1855 1990 ac
1882 1945 2140 2004 tanquam

555 2017 612 2069 in
641 2016 876 2087 imagine
904 2017 1125 2083 vidisti;
1159 2020 1419 2089 velutque
1442 2020 1498 2074 in
1536 2021 1711 2087 radio,
1737 2021 1978 2076 solcmin
2002 2020 2139 2077 Uni-

554 2107 762 2179 genito,
809 2109 1126 2166 Genitorem
1160 2111 1491 2182 intelligens,
1522 2129 1668 2168 vera:
1727 2114 1923 2183 plenus
1961 2113 2137 2178 lucis,

553 2204 711 2270 quasi
740 2202 1051 2261 filiuslucis
1094 2213 1258 2276 atque
1283 2222 1412 2262 vere
1468 2206 1585 2277 ipse
1635 2207 1729 2261 lux
1786 2207 2060 2262 enituisti.

625 2383 833 2446 Gaude,
865 2383 1071 2440 Christi
1099 2399 1368 2455 equorum
1427 2385 1832 2441 ferventissime
1861 2400 1926 2439 ac
1953 2384 2140 2454 perni-

555 2477 798 2542 cissime,
821 2494 985 2548 quem
1027 2479 1117 2533 ille
1153 2480 1558 2544 conscendens,
1585 2494 1650 2533 ac
1682 2480 1738 2533 in
1796 2494 1950 2533 mare
1990 2478 2138 2548 quod

554 2579 739 2625 mente
771 2570 1119 2642 intelligitur,
1176 2570 1470 2635 inducens,
1518 2572 1768 2641 miraque
1802 2572 2012 2625 ratione
2046 2587 2139 2626 re-

555 2676 711 2732 gens,
742 2661 942 2716 multas
969 2678 1138 2732 aquas
1171 2670 1260 2716 tua
1277 2678 1446 2732 opera
1484 2663 1746 2732 (absurda
1769 2663 1980 2718 scilicet
2005 2679 2139 2734 gen-

555 2753 695 2808 tium
721 2768 881 2808 sensa
897 2767 962 2808 ac
991 2752 1240 2824 consilia)
1269 2754 1625 2808 conturbavit
1659 2755 1726 2808 ⁸⁷.

624 2845 832 2910 Gaude,
870 2846 1019 2917 quod
1059 2846 1390 2916 spiritalium
1419 2847 1514 2902 Dei
1537 2862 1805 2918 equorum
1841 2848 2140 2919 (angelica-

2236 650 2303 720 τῆ
2341 651 2631 724 σοφωτάτῃ
2668 650 2924 720 Μαριὰμ,
2979 651 3043 704 τὸ
3073 651 3448 720 Χριστοφόρον
3509 651 3790 722 σεϐασμίως

2237 739 2632 812 κεκηδευκότες
2648 741 2865 810 σκῆνος,
2885 740 2976 795 καὶ
2992 741 3090 812 τὴν
3106 740 3433 812 Ἐκκλησίαν
3449 742 3790 812 στηρίξαντες,

2238 832 2335 885 xui
2355 834 2483 895 τοὺς
2515 833 2842 903 προσιόντας
2872 833 3212 899 φωτίσαντες
3239 873 3254 896 ,
3313 832 3408 885 καὶ
3448 833 3501 885 εί
3537 850 3586 885 τι
3631 834 3792 886 λεῖπον

2239 924 2336 994 τῆς
2373 924 2686 996 ἱερουργίας
2711 923 2806 977 τοῦ
2852 921 3186 992 Εὑαγγελίου
3234 922 3680 990 συντετελεκότες,
3713 924 3792 978 οὓ-

2241 1033 2321 1069 τω
2355 1017 2490 1086 πρὸς
2511 1017 2610 1087 τὴν
2641 1016 2763 1071 κατ’
2799 1016 2998 1079 αὐτοὺς
3023 1015 3265 1086 ἐχώρουν
3291 1013 3428 1069 ὁδόν.

2313 1194 2386 1248 Σὺ
2417 1194 2473 1248 δέ
2503 1212 2614 1266 μοι,
2644 1196 2965 1267 παναοίδιμε
2996 1197 3092 1250 xui
3117 1196 3371 1250 Θεσπέσιε
3403 1195 3496 1249 τοῦ
3533 1194 3663 1248 Θεοῦ
3688 1198 3790 1258 παῖ,

2240 1287 2340 1352 τὰς
2362 1289 2620 1359 οὐρανίας
2643 1290 2826 1354 ἑστίας
2843 1289 3175 1361 χοροσατῶν,
3200 1293 3299 1342 xui.
3321 1287 3400 1359 τῷ
3418 1287 3711 1356 διδασκάλῳ
3734 1287 3791 1340 δι’

2241 1382 2436 1450 αίῷνος
2468 1382 2566 1436 xui
2605 1383 2797 1453 Κυρίῳ
2833 1383 3028 1448 συνὼν,
3094 1385 3273 1453 χαῖρε,
3329 1383 3424 1435 xui
3472 1380 3790 1451 κατατέρπου

2242 1475 2318 1538 ὡς
2362 1474 2476 1539 υίὸς
2502 1473 2636 1528 Θεοῦ
2671 1474 2838 1541 θέσει,
2867 1475 2949 1545 τῷ
3007 1475 3146 1528 κατὰ
3178 1475 3338 1542 φύσιν
3388 1474 3504 1545 Υίῷ
3556 1474 3792 1544 συμϐασιο

2243 1564 2422 1619 λεύειν
2455 1564 2655 1636 λαχὼν,
2675 1565 2771 1619 xui
2798 1565 2978 1630 συζῶν
3003 1567 3097 1620 xui
3128 1567 3652 1638 συνευφραινόμενος
3686 1565 3793 1634 ἀλη-

2246 1675 2350 1712 κτα
2381 1658 2479 1712 xui
2507 1658 2835 1730 συνομιλῶν.

2315 1841 2510 1912 Χαῖρε,
2567 1840 2650 1895 ὃτι
2683 1840 2777 1895 τὸν
2810 1840 3032 1913 Πατέρα
3068 1840 3176 1895 τῶν
3224 1839 3423 1911 φώτων
3470 1841 3795 1912 ἐπεθύμησας

2242 1933 2506 2001 κατιδεῖν,
2540 1934 2633 1988 καὶ
2677 1933 2866 1988 τοῦτον
2901 1934 3066 2005 ὁρῶν,
3121 1934 3408 2005 ἐδιδάχθης
3463 1937 3522 1988 ἑν
3578 1935 3653 2006 τῷ
3702 1934 3797 2002 Titii

2243 2027 2338 2080 xui
2393 2028 2470 2092 ὡς
2518 2029 2577 2081 ὲν
2607 2027 2778 2081 εικόνι
2807 2027 2868 2081 τὺ
2900 2026 3242 2100 ἀρχέτυπον*
3291 2027 3390 2082 xui
3437 2027 3513 2092 ὡς
3541 2027 3600 2083 ὲν
3645 2028 3798 2082 ἀπαυ-

2241 2120 2508 2191 γάσματι,
2531 2118 2623 2174 τὸν
2650 2120 2831 2191 ἥλιον·
2873 2121 2931 2174 ὲν
2983 2120 3063 2192 τῷ
3118 2120 3445 2190 Μονογενεῒ,
3493 2120 3584 2174 τὸν
3626 2121 3794 2190 γεννή-

2241 2228 2376 2281 τορα
2406 2211 2712 2276 κατανοῶν,
2745 2213 2967 2284 πλήρης
3018 2210 3069 2266 εί
3109 2213 3290 2282 φωτὸς
3321 2211 3579 2285 ἀληθοῦς,
3605 2212 3675 2276 ὡς
3704 2212 3796 2274 υίὸς

2252 2305 2442 2374 ρωτὺς,
2476 2305 2570 2358 xui
2597 2305 2846 2374 αὐτοφῶς
2878 2305 3160 2377 πεφηνιὶκ.

2313 2398 2508 2466 Χαῖρε,
2582 2397 2715 2451 ίππε
2754 2397 3000 2468 ¹Χριστοῦ
3055 2397 3362 2469 θερμότατε
3404 2397 3500 2451 xui
3535 2396 3793 2468 ταχύτατε,

2243 2489 2305 2542 ὃν
2339 2489 2536 2552 ἐπιϐὰς
2565 2491 2794 2554 ἐκεῖνος,
2822 2491 2917 2543 xui
2940 2491 3020 2552 είς
3043 2489 3144 2560 τὴν
3173 2490 3372 2560 νοητὴν
3400 2489 3670 2544 Θάλασσαν
3694 2489 3790 2540 ὲπι·

2245 2582 2440 2647 6ι6ῶν,
2471 2583 2569 2637 xui
2625 2583 2948 2654 θαυμασίως
2999 2581 3254 2654 ἡνιοχῶν,
3291 2581 3464 2636 ὕδατα
3518 2583 3681 2636 πολλὰ
3724 2581 3793 2634 διὰ

2245 2674 2363 2740 σοῦ,
2396 2675 2464 2728 τὰ
2494 2676 2670 2730 ἀτοπα
2693 2677 2945 2747 νοήματα
2981 2674 3346 2748 συνετάραξεν
3380 2675 3495 2729 τῶν
3523 2674 3701 2730 ὲθνῶν.

2318 2854 2515 2925 Χαιρε,
2551 2868 2634 2908 οτι
2673 2854 2780 2907 τῶν
2806 2855 3013 2926 νοητῶν
3043 2854 3138 2909 τοῦ
3165 2853 3303 2908 Θεοῦ
3333 2853 3520 2908 ἵππων
3541 2895 3555 2919 ,
3614 2853 3701 2907 εἴτ’
3721 2851 3793 2906 οὖν

550 2954 676 2994 rum
727 2939 942 2996 scilicet
969 2939 1330 3011 potestatum)
1364 2941 1647 2996 volatilem
1699 2941 1941 2998 indolem
1973 2954 2137 3011 atque

2242 2946 2557 3015 ἀγγελικῶν
2588 2947 2874 3018 δυνάμεων
2924 2948 3021 3019 τὴν
3079 2948 3292 3018 πτηνὴν
3348 2945 3515 3013 φύσιν
3557 2947 3646 2999 xui
3689 2960 3792 3012 γορ·

546 3032 776 3099 agilem,
799 3049 1094 3105 acremque
1125 3050 1189 3090 ac
1206 3034 1444 3090 alacrem
1475 3035 1762 3090 mmulatus
1793 3043 1958 3105 atque
1988 3049 2137 3090 amo-

2242 3039 2371 3110 γὴν,
2439 3040 2532 3093 xui
2588 3039 2916 3110 δραστήριον
2977 3038 3270 3110 ἐζηλωκὼς
3326 3043 3428 3096 xui
3494 3035 3792 3109 πεφιληκὼςο

547 3140 609 3180 re
639 3134 986 3193 prosecutus,
1011 3141 1113 3195 pro
1127 3125 1369 3181 nominis
1393 3127 1592 3181 merito
1615 3125 1831 3180 ratione
1851 3124 2137 3195 Philippus

2251 3128 2500 3192 εἰκότως
2539 3130 2807 3192 Φίλιππος
2850 3131 3322 3204 προσηγορεύθης,
3358 3131 3463 3186 xui
3515 3133 3658 3201 ἅρμα
3685 3123 3790 3180 Θεοῦ

545 3217 852 3286 appeltatus
877 3233 959 3283 es,
980 3218 1188 3288 Deique
1219 3233 1436 3283 currus,
1469 3225 1530 3271 ut
1561 3217 1845 3288 Scriptura
1869 3217 2137 3287 loquitur,

2253 3221 2654 3292 μυριοπλάσιον
2684 3222 3025 3292 ἀνεδείχθης,
3083 3221 3226 3276 κατὰ
3269 3223 3368 3294 τὴν
3422 3223 3658 3294 Γραφὴν,
3684 3209 3790 3284 ὲνῷ

546 3309 739 3364 decem
769 3310 1017 3364 millibus
1045 3309 1333 3379 multiplex
1375 3309 1683 3375 effectus“;
1714 3309 1769 3363 in
1810 3323 1922 3380 quo
1968 3307 2137 3363 millia

2244 3313 2481 3384 χιλιάδες
2510 3315 2618 3368 τῶν
2643 3314 2732 3368 διὰ
2760 3315 2853 3368 σοῦ
2885 3314 3105 3386 Χριστῷ
3131 3314 3562 3378 πιστευσάντων,
3602 3315 3653 3367 αί
3697 3311 3778 3362 Ἐκ-

545 3413 762 3465 eorum,
786 3402 879 3470 qui
902 3411 953 3455 te
971 3410 1195 3456 auctore
1217 3400 1574 3457 crediderunt
1589 3400 1867 3472 (Ecclesiae
1887 3399 2142 3471 scilicet),

547 3493 895 3548 abundantes
934 3494 1048 3548 Deo
1081 3493 1322 3570 Sabaoth
1354 3493 1583 3564 gloriam
1607 3495 1928 3548 concinunt.

623 3581 784 3639 Salve
816 3585 912 3647 sis,
948 3593 1005 3638 et
1037 3584 1254 3653 exsulta
1294 3599 1359 3639 ac
1407 3585 1608 3639 choros
1677 3584 1883 3648 ducito,
1935 3583 2029 3654 qui
2085 3583 2141 3638 in

549 3675 738 3730 medio
766 3677 1182 3748 coryphazorum
1207 3692 1472 3732 consessu
1503 3677 1762 3731 thronum
1809 3677 1996 3748 glorise
2023 3691 2142 3731 sor-

549 3769 688 3824 titus
706 3784 787 3833 es,
812 3783 874 3824 ac
897 3769 1093 3840 primis
1109 3769 1370 3839 apostolis
1393 3777 1827 3824 connumeratus
1853 3787 1866 3823 :
1897 3770 2135 3840 primum

549 3857 792 3930 denique
825 3860 971 3930 apud
1002 3876 1324 3931 supremum
1352 3861 1598 3915 omnium
1615 3860 1842 3931 Regem,
1871 3861 2137 3916 honorem

549 3962 903 4007 consecutus.

618 4043 777 4098 Salve
815 4045 1100 4115 gaudeque
1127 4082 1142 4107 ,
1177 4059 1242 4100 ac
1289 4043 1451 4098 nobis
1506 4059 1728 4114 quoque
1777 4043 1995 4098 alliictis
2041 4058 2138 4096 ex-

547 4133 775 4190 sultatio
800 4143 856 4189 et
882 4135 1072 4191 laetitia
1112 4142 1169 4190 et
1202 4134 1462 4206 gaudium
1485 4143 1628 4190 esto.
1671 4135 1982 4205 Pauperum
2015 4149 2137 4187 mo—

545 4225 737 4281 lestias
764 4227 884 4281 leva
915 4244 930 4293 ;
959 4226 1223 4282 Ecclesiis
1247 4242 1437 4297 pacem
1454 4226 1708 4287 restitue,
1733 4241 1797 4281 ac
1824 4225 2139 4294 tranquillis

548 4317 802 4372 moribus
839 4317 1102 4387 pietatem
1133 4325 1529 4387 :nostramque
1560 4316 1707 4369 hanc
1741 4317 2135 4387 exiguamlau-

548 4409 829 4465 dationem
851 4417 1135 4479 acceptam
1168 4409 1400 4475 habens,
1458 4409 1779 4466 beatissime
1831 4418 1889 4463 tu
1929 4409 2138 4478 Deique

545 4515 781 4556 munere
823 4499 1164 4564 felicissime,
1239 4499 1388 4570 quod
1430 4516 1499 4555 ex
1551 4500 1878 4556 Christianae
1914 4498 2138 4570 pietatis

2246 3404 2468 3474 κλησίαι
2506 3404 2854 3475 εὐθηνοῦσαι,
2897 3406 3057 3473 δόξαν
3113 3405 3516 3477 ἀνακρούονται
3581 3403 3656 3474 τῷ
3694 3395 3775 3466 Θεῷ

2246 3497 2494 3551 Σαϐαὼθ.

2316 3588 2492 3660 Χαῖρὲ
2528 3606 2618 3659 μοι
2653 3588 2751 3644 xui
2782 3589 2982 3660 σκίρτα
3010 3590 3104 3642 xui
3162 3589 3381 3660 χόρευε,
3426 3590 3617 3660 θρόνου
3662 3583 3783 3651 δόξης

2245 3679 2304 3730 ὲν
2344 3678 2495 3746 μέσῳ
2531 3678 2640 3732 τῶν
2665 3678 2982 3748 κορυφαίων
3004 3676 3376 3750 εὐμοιρηκὼς,
3409 3680 3506 3731 καὶ
3530 3678 3640 3738 τοῖς
3663 3671 3787 3740 πρώ-

2243 3787 2358 3833 τοις
2371 3769 2480 3822 τῶν
2495 3770 2812 3823 ἀποστόλων
2837 3786 2969 3841 συνη
2979 3769 3062 3840 ριθ
3071 3787 3144 3840 μη
3154 3770 3335 3841 μένος,
3367 3771 3580 3839 καὶτῆς
3604 3765 3787 3838 πρώτης

2245 3860 2399 3932 παρά
2430 3860 2508 3933 τῷ
2541 3861 2888 3932 Παμΰασιλεί
2919 3860 3332 3933 κατηξιωμένος
3353 3862 3547 3934 τιμῆς.

2314 4040 2510 4112 Χαῖρε,
2567 4039 2704 4094 ἀλλά
2771 4039 2866 4120 xui
2931 4040 3066 4111 ἡμῖν
3113 4038 3456 4110 θλιϐομένοις
3511 4032 3790 4106 ἀγαλλίασις

2243 4133 2396 4201 γίνου
2428 4132 2522 4186 xui
2557 4133 2870 4202 εὐφροσύνη
2905 4132 3000 4185 xui.
3026 4131 3189 4202 χαρά.
3224 4132 3351 4194 Τοῖς
3407 4133 3652 4202 πένησιν,
3690 4127 3790 4178 sm-

2243 4223 2506 4293 κούφισον
2533 4224 2633 4288 τὰς
2656 4225 2972 4295 δυσχερείας
2993 4239 3008 4254 ⁸
3027 4227 3149 4287 ταῖς
3181 4222 3535 4294 Ἐκκλησίαις
3551 4214 3792 4276 ἀποκατά-

2234 4335 2446 4388 .στησον
2474 4317 2573 4388 τὴν
2623 4319 2849 4387 εἰρήνην
2902 4317 2999 4370 καὶ
3033 4315 3132 4388 τὴν
3178 4316 3439 4386 εὐνομίαν
3465 4334 3478 4348 ·
3535 4315 3626 4370 xui.
3664 4306 3794 4380 ἡμῶν

2239 4410 2342 4480 τὴν
2364 4409 2553 4480 ὀλίγην
2580 4409 2788 4480 ταύτην
2816 4409 3022 4462 αῐνεσιν
3051 4408 3479 4479 ἀποδεξάμενος,
3514 4408 3790 4477 πλήρωσον,

2241 4491 2288 4552 ὧ
2320 4496 2594 4567 τρισόλϐιε
2649 4497 2741 4550 xui
2770 4496 3196 4567 θεομακάριστε,
3247 4495 3348 4566 τὴν
3402 4495 3545 4550 κατὰ
3590 4487 3790 4562 Χριστὸν

545 4590 858 4646 rationibus
885 4600 989 4655 est,
1029 4589 1372 4646 desiderium
1401 4589 1870 4660 imple,bonzequc
1898 4591 2137 4647 etbene-

2243 4590 2542 4660 ἐπιθυμίαν
2565 4607 2578 4621 ·
2624 4592 2718 4643 xui
2747 4591 2887 4660 πρὸς
2911 4590 2972 4643 τὸ
2995 4589 3200 4659 ἀγαθὸν
3253 4591 3351 4644 xui
3404 4591 3690 4661 εὐάρεστον
3717 4579 3789 4636 καὶ

547 4678 786 4746 placenti
815 4687 979 4748 atque
1011 4677 1269 4749 perfectae
1310 4686 1506 4748 aptans
1558 4677 1776 4732 Domini
1824 4678 2128 4741 voluntati,

547 4771 904 4828 inconfusum
924 4771 1037 4826 Deo
1067 4770 1268 4826 exhibe
1303 4788 1316 4823 :
1371 4769 1428 4823 in
1470 4769 1696 4825 Christo
1724 4769 1857 4825 Jesu
1898 4770 2134 4824 Domino

547 4869 764 4927 nostro,
789 4861 1061 4933 cuigloria
1078 4869 1136 4916 et
1159 4859 1453 4930 imperium
1476 4859 1536 4914 in
1563 4859 1760 4914 saacula
1783 4859 2132 4918 saeculorum.

548 4955 746 5012 Amen.

873 5086 957 5141 Ex
991 5087 1262 5142 miraculis
1291 5087 1524 5159 Philippi
1558 5084 1804 5158 apostoli.

624 5201 1056 5257 Lucidissimum
1124 5203 1280 5259 sidus
1339 5203 1446 5258 hoc
1508 5217 1851 5274 magnusque
1913 5197 2135 5256 Domini

553 5295 866 5368 apostolus,
890 5312 1016 5352 cum
1051 5298 1109 5353 in
1142 5297 1418 5353 Galilwam
1451 5297 1558 5352 iret
1587 5297 1926 5368 pratdicans,
1954 5295 2137 5350 adhuc

2239 4681 2446 4735 τέλειον
2475 4680 2692 4752 θέλημα
2724 4681 2818 4736 τοῦ
2868 4684 3141 4737 Δεσπότου
3195 4684 3562 4754 συμὸιὸάσας,
3593 4675 3783 4737 ἀκαται-

2243 4790 2474 4843 σχυντον
2509 4774 2864 4845 παράστησον
2887 4775 2967 4847 τῷ
2991 4776 3131 4847 Θεῷ·
3164 4777 3223 4829 ὲν
3254 4777 3480 4848 Χριστῷ
3519 4773 3687 4846 Ἰησοῦ
3730 4768 3785 4836 τῷ

2241 4863 2437 4935 Κυρίῳ
2460 4863 2642 4934 ἢμῶνν
2674 4858 2720 4933 ᾧ
2749 4864 2930 4935 ἡδόξα
2962 4866 3059 4922 καὶ
3088 4866 3148 4921 τὸ
3179 4867 3380 4938 κράτος
3415 4869 3498 4931 είς
3532 4866 3656 4928 τοὺς
3679 4855 3789 4916 αίῶ-

2243 4972 2342 5016 νας
2373 4955 2480 5009 τῶν
2508 4956 2742 5030 αἰώνων.
2778 4957 2974 5029 Ἀμήν.

2397 5089 2501 5143 Ἐκ
2533 5088 2651 5144 τῶν
2680 5090 2998 5160 θαυμάτων
3028 5090 3136 5146 τοῦ
3168 5091 3522 5147 ἀποστόλου
3557 5088 3683 5161 (59).

2314 5195 2483 5265 Οὗτος
2524 5205 2553 5256 ὁ
2596 5204 2948 5272 φαεινότατος
2980 5206 3156 5277 ἀστὴρ
3199 5205 3292 5259 xui
3339 5205 3514 5276 μέίας
3554 5201 3644 5256 τοῦ
3695 5197 3788 5250 Κυ-

2246 5294 2365 5368 ρίου
2404 5296 2738 5363 ἀπόστολος,
2785 5298 2862 5362 ὡς
2911 5298 2999 5352 ἐπ’
3049 5299 3218 5368 αὐτὴν
3267 5286 3360 5369 ᾔει
3386 5297 3486 5369 τὴν
3530 5289 3788 5350 Γαλιλαίαν

622 5480 672 5514 ⁸⁸
698 5480 859 5539 Joan.
888 5498 1000 5548 xiv,
1025 5482 1080 5537 8.
1155 5483 1200 5516 ⁸⁷
1258 5483 1465 5542 Hahae.
1515 5500 1599 5552 ιιι,
1644 5483 1697 5540 8.
1752 5485 1821 5517 ’⁸⁸
1849 5467 1994 5542 Psal.
2041 5499 2205 5545 vau,
2241 5484 2328 5539 18.

629 5637 741 5708 ('59)
780 5640 1033 5696 Narratio
1085 5641 1223 5707 haec,
1257 5642 1339 5697 sic
1370 5641 1687 5697 Graecorum
1735 5641 1957 5698 Menaeis
2005 5657 2138 5697 con-

557 5719 793 5783 secrata,
845 5713 1136 5783 maximam
1178 5713 1368 5782 procul
1398 5713 1568 5767 dubio
1616 5713 1735 5768 veri
1767 5713 2004 5783 speciem
2039 5711 2138 5765 ha-

557 5775 677 5843 bet,
713 5775 1248 5854 consentientissima
1295 5783 1418 5838 aliis
1477 5775 1836 5854 quatingAci.
1869 5783 2138 5854 adversus

560 5849 842 5928 apostolos
861 5859 1010 5928 gesta
1036 5853 1417 5928 legimus,__vel
1465 5849 1588 5928 quae
1632 5853 1799 5928 etiam
1825 5851 2136 5928 a_prob_atis

554 5918 876 5974 auctoribus
911 5918 1246 5978 referuntur.
1284 5918 1500 5979 Nomen
1524 5923 1778 5980 Archelai
1823 5918 2137 5994 Obrepsisse

2245 5641 2606 5713 typographo,
2632 5640 2758 5713 sive
2784 5641 2951 5696 etiam
2993 5641 3324 5713 antiquario,
3355 5656 3423 5695 ex
3450 5653 3558 5713 quo
3588 5636 3672 5713 ille
3702 5644 3784 5713 ex-

2283 5702 2848 5786 ressit,'maiiifestul_11
2900 5720 3022 5778 est;
3066 5702 3172 5786 nec
3211 5702 3360 5786 enim
3393 5702 3578 5786 tandiu
3606 5702 3786 5786 ᾼῐοὶξξ·

2265 5797 2363 5835 aus
2418 5769 2696 5851 superstes
2743 5782 2866 5846 fuit,
2925 5769 3021 5836 aut
3051 5783 3192 5835 alius
3211 5783 3329 5850 ejus
3361 5780 3596 5835 nominis
3622 5776 3671 5828 in
3703 5769 3786 5846 Ju-

2242 5852 2817 5927 d_a:a,_ea_tempestate
2847 5867 2943 5906 rex
2976 5852 3236 5927 fu_it_,_qui_
3261 5853 3361 5927 jus
3400 5851 3524 5927 vita:
3559 5862 3621 5927 ao
3656 5851 3784 5927 {lic}?

2239 5923 2347 5980 sibi
2378 5915 2707 5994 indulgeret,
2736 5922 2792 5979 in
2821 5937 2918 5980 eos
2943 5923 3037 5993 qui
3074 5915 3319 5978 Mosaicae
3347 5919 3481 5991 legis
3520 5915 3784 6008 violatores
