4094 6426
372 481 476 546 135
574 466 581 469 ’

1117 479 1400 541 ORATIO
1434 477 1538 540 IX.
1570 503 1640 514 -
1666 476 1751 539 IN
1786 475 2096 538 LAUDEM
2136 478 2197 537 S.
2234 475 2574 538 PHILIPPI
2609 476 2863 537 APOST.

3528 478 3631 541 186

360 597 688 670 κηρύσσων,
720 595 800 651 ἔτι
831 596 911 670 τῷ
939 597 1037 671 βίῳ
1067 601 1274 672 περιὼν
1294 644 1309 670 ,
1336 603 1557 673 γύναιον
1591 602 1739 674 αὐτῷ
1772 620 1937 673 προσ-

2047 604 2175 659 vitae
2210 612 2521 672 superstes,
2552 600 2753 655 mulier
2799 597 3047 671 quaedam
3085 598 3162 654 illi
3196 598 3413 654 obviam
3441 596 3627 662 venit,

358 690 612 761 υπαντᾷ,
665 690 959 761 ἐκκομίζον
994 692 1207 748 παιδίον
1247 695 1546 764 τεθνηκός·
1587 695 1682 748 καὶ
1712 691 1799 748 οἷα
1837 696 1940 765 μή-

351 801 466 852 τηρ
485 823 502 847 ,
556 783 811 852 ἀμέτρως
858 784 1142 839 ὲκὸπτετο.
1171 785 1388 855 Ταύτην
1433 788 1460 839 ὁ
1484 785 1776 856 κηρύσσων
1807 804 1941 839 κατ-

348 874 677 944 οικτείρας,
713 876 806 927 καὶ
834 876 931 946 τὴν
975 876 1154 942 δεξιὰν
1205 878 1283 949 τῷ
1308 878 1593 948 τεθνηκότι
1628 878 1940 948 προτείνας,

353 967 629 1034 ’Ξῖ-ειρε,
664 966 905 1019 κελεύει
936 982 1036 1021 σοι
1071 970 1103 1021 ὁ
1142 967 1245 1020 ὑπ’
1280 969 1425 1037 ἐμοῦ
1469 970 1939 1038 κηρυττόμενος,

345 1054 584 1124 ἔφησεν,
638 1056 882 1122 Ἰησοῦς
922 1060 956 1111 d
986 1060 1242 1126 Χριστός
1265 1077 1278 1090 ο
1310 1060 1404 1113 καὶ
1443 1062 1471 1114 ὁ
1515 1060 1672 1130 λόγος
1704 1061 1942 1133 ζωτικὴν

349 1146 509 1217 αὐτῷ
541 1146 741 1199 ἔδωκεν
762 1136 1075 1218 ἀνέγερσιν,
1092 1148 1188 1202 καὶ
1216 1151 1283 1220 τῇ
1337 1151 1607 1223 πενθούσῃ
1638 1152 1943 1222 βακτηρίαν

354 1238 452 1291 τὸν
476 1238 786 1292 ἀναστάντα
810 1239 1065 1308 γενέσθαι
1092 1242 1230 1314 πρὸς
1264 1242 1362 1314 τὴν
1389 1244 1567 1297 οίκίαν
1601 1249 1945 1318 παρεσκεύα-

358 1346 477 1384 σεν.
516 1328 580 1383 Ἦ
608 1330 688 1391 δὲ,
710 1329 819 1382 τῶν
851 1331 1012 1401 ἰχνων
1032 1330 1127 1384 τοῦ
1158 1330 1580 1403 θαυματουργοῢ
1606 1333 1939 1403 δραξαμένη,

361 1422 476 1473 ’ον
514 1421 895 1488 ἀνέστησας,
932 1421 1083 1491 ἔλεγε
1105 1461 1121 1486 ,
1152 1424 1227 1477 δι’
1265 1423 1483 1490 ὓδατος
1525 1424 1942 1495 ἀναγέννησον

348 1510 484 1565 σὺν
530 1511 681 1580 ἐμοί.
738 1513 848 1565 Καὶ
904 1514 1149 1583 τυχοῦσα
1195 1515 1294 1585 ’ἧς
1336 1515 1592 1586 χάριτος,
1619 1517 1943 1581 ’ἀπόστολος

348 1603 623 1670 ἐγεγόνει,
659 1604 824 1658 πᾶσιν
850 1605 1320 1679 εὐαγγελιζομὲνη
1364 1608 1457 1662 τοῦ
1489 1608 1606 1663 υἱοῦ
1644 1611 1814 1682 αὐτῆς
1842 1611 1941 1682 τὴν

345 1695 677 1752 ἀνάστασιν.

419 1776 572 1850 ἾῘγε
626 1786 682 1840 δὲ
733 1788 923 1841 τοῦτον
979 1790 1075 1844 καὶ
1136 1791 1222 1843 ἐπ’
1283 1790 1595 1863 Ἀθήνῃσιν.
1657 1793 1826 1848 Ἔνθα
1882 1793 1942 1848 τὸ

341 1877 563 1931 ἁπλοῦν
586 1878 682 1932 τοῦ
712 1878 872 1946 λόγου
909 1881 1012 1935 κᾶν
1046 1882 1341 1944 εὐτελίζειν
1370 1885 1419 1936 οί
1467 1884 1741 1953 Ἀθηναῖοι
1780 1884 1939 1939 ἐϐούο

341 1969 530 2033 λοντο,
559 1972 592 2042 ἡ
627 1973 825 2042 πρᾶξις
862 1974 971 2027 τῶν
999 1975 1320 2045 παραδόξων
1351 1975 1564 2040 τούτοις
1593 1978 1938 2048 ἀντεπισχεῖν

342 2062 560 2119 ἔπειθε.
613 2066 723 2118 Καὶ
774 2065 981 2131 λοιπὸν,
1045 2067 1107 2121 Τί
1144 2067 1220 2135 δὴ
1255 2068 1536 2134 πράττειν
1580 2070 1933 2137 ὀφείλομεν,

346 2154 560 2224 ελεγον,
589 2157 760 2225 ἡμεῖς
792 2161 847 2212 ol
880 2156 1014 2228 περὶ
1037 2158 1181 2224 τοὺς
1216 2160 1439 2229 λόγους
1468 2159 1933 2228 ἐσπουδακότες,

354 2251 574 2303 τούτου
626 2250 753 2316 τοῖς
807 2254 1015 2320 λόγοις
1068 2251 1394 2321 ἡττώμενοι
1418 2270 1440 2318 ;
1487 2253 1595 2306 Καὶ
1655 2253 1802 2323 γὰρ,
1858 2255 1937 2320 ώς

354 2339 560 2410 δρᾶτε,
607 2341 888 2409 ἄγροικος
934 2337 1113 2407 οὗτος
1156 2343 1255 2395 καὶ
1305 2341 1516 2409 ἄπολις
1543 2385 1559 2411 ,
1605 2344 1674 2397 ἐν
1707 2344 1774 2398 δὲ
1813 2346 1937 2412 τοῖς

348 2433 550 2501 ἔργοις
582 2431 753 2501 ἡμῶν
789 2433 1087 2502 ἐγκρατὴς
1117 2433 1216 2487 καὶ
1257 2436 1595 2503 περιφανὴς
1633 2436 1938 2491 ἐνδείκνυ-

344 2541 466 2578 ται.
532 2526 852 2594 Τοιγαροῦν
902 2525 977 2579 δι’
1033 2526 1366 2598 ἐπιστολῆς
1422 2530 1817 2598 σημανοῦμεν
1858 2528 1939 2595 τῷ

337 2616 824 2687 ἀρχιγραμματεῖ
856 2615 977 2670 τῶν
1035 2617 1333 2674 Ἰουδαίων
1368 2622 1437 2675 ἐν
1498 2622 1898 2693 Ἰερουσαλήμ
1921 2640 1935 2654 ο

336 2711 441 2762 καὶ
476 2709 542 2761 τὸ
577 2709 736 2776 δόξαν
772 2701 919 2765 οὗτοι
946 2711 1336 2783 κρατύναντες,
1370 2717 1555 2770 ἱκανὸν
1594 2716 1730 2788 πρὸς
1763 2718 1825 2771 τὸ
1853 2719 1940 2772 λέ-

336 2820 467 2871 γειν
501 2802 1011 2868 ἐξαποστέλλουσιν.
1054 2804 1112 2857 'O
1138 2803 1270 2872 γοῦν
1302 2804 1628 2872 ἀποσταλεὶς
1647 2850 1661 2873 ,
1693 2808 1801 2862 ἔσω
1839 2811 1937 2880 τῆς

346 2894 720 2966 Ἰερουσαλὴμ
756 2897 1028 2965 γεγονὼς,
1077 2898 1217 2967 μετὰ
1254 2898 1353 2969 τὴν
1387 2899 1629 2952 ἐπίδοσιν
1659 2900 1758 2972 τῆς
1800 2917 1937 2972 γρα-

334 2988 480 3061 φῆς,
528 2986 618 3040 διὰ
650 2987 825 3057 λόγων
854 2990 968 3050 τοῖς
1015 2988 1276 3059 ἄρχουσιν
1320 2992 1669 3062 ὲπετρὰνωσε
1723 2993 1791 3045 τὰ
1838 2993 1939 3063 τῆς

330 3079 593 3149 γραφῆς,
622 3077 819 3147 λέγων·
851 3080 1120 3151 Τοῦνομα
1144 3082 1444 3147 Φίλιππος
1470 3083 1538 3137 ἐκ
1563 3083 1682 3136 τῶν
1702 3077 1820 3138 ὦδέ
1849 3101 1939 3151 τις

330 3171 548 3240 λέγων
576 3167 758 3236 εἶναι,
815 3171 1064 3240 ἀφίκετο
1097 3174 1247 3241 πρὸς
1297 3172 1496 3242 ἡμᾶς·
1546 3174 1614 3240 ὃς
1658 3174 1941 3243 ἄγροικον

2045 711 2168 767 qua:
2202 693 2379 748 filium
2415 708 2577 747 suum
2607 691 2931 747 defunctum
2965 690 3189 746 efferret
3221 708 3236 744 :
3273 697 3630 757 maternaque

2043 786 2248 856 pietate
2283 800 2346 839 ac
2391 799 2557 838 sensu
2627 797 2796 852 supra
2835 780 3058 836 modum
3103 780 3414 850 plangebat.
3452 778 3627 848 Hujus

2043 877 2247 934 Christi
2284 891 2462 946 praeco
2491 876 2773 939 misertus,
2803 873 3112 943 dextraque
3142 873 3402 927 defuncto
3425 886 3625 940 expor-

2045 982 2195 1025 recta
2223 989 2235 1023 :
2263 968 2453 1039 Surge,
2476 968 2674 1037 inquit,
2688 967 2837 1038 jubet
2863 967 2953 1020 tibi
2982 967 3072 1037 qui
3103 983 3135 1019 a
3170 981 3252 1018 me
3279 963 3624 1035 praedicatur,

2042 1062 2194 1118 Iesus
2225 1061 2463 1116 Christus
2488 1076 2507 1114 :
2533 1059 2774 1128 fecitque
2805 1073 3010 1122 sermo,
3041 1065 3101 1112 ut
3130 1071 3267 1126 puer
3292 1056 3453 1109 vivus
3480 1054 3626 1109 exci-

2047 1163 2289 1222 taretur;
2332 1163 2389 1209 et
2433 1161 2493 1208 ut
2532 1153 2628 1225 qui
2671 1151 2969 1206 suscitatus
3016 1159 3166 1215 erat,
3201 1149 3411 1219 lugenti
3461 1147 3625 1201 matri

2043 1237 2276 1304 baculus
2328 1245 2701 1302 sustentandae
2746 1244 2937 1299 domui
2991 1242 3340 1299 redderetur.
3385 1241 3453 1295 At
3502 1240 3625 1305 illa,

2043 1345 2164 1412 ejus
2213 1341 2309 1411 qui
2364 1339 2691 1394 miraculum
2744 1343 2990 1407 patrarat
3033 1333 3283 1404 vestigiis
3338 1332 3556 1387 admota
3609 1349 3625 1387 :

2044 1433 2209 1500 Quem
2235 1433 2520 1497 suscitasti,
2541 1431 2743 1496 aiebat,
2767 1446 2877 1483 una
2903 1444 3108 1482 mecum
3133 1442 3228 1497 per
3258 1442 3455 1495 aquam
3482 1440 3631 1494 rege-

2047 1542 2202 1581 nera.
2239 1525 2547 1593 Munusque
2585 1529 2909 1585 consecuta,
2943 1519 3225 1590 apostolus
3260 1517 3459 1584 evasit,
3492 1516 3625 1572 dum

2043 1616 2144 1672 filii
2173 1616 2589 1672 suscitationem
2620 1612 2837 1668 cunctis
2866 1610 3174 1667 annuntiat.

2108 1791 2280 1848 Duxit
2302 1805 2436 1846 vero
2460 1799 2517 1845 et
2542 1789 2789 1845 Athenas
2819 1790 3150 1858 apostolum.
3179 1789 3284 1854 lbi,
3310 1803 3626 1859 quanquam

2042 1898 2110 1939 eo
2142 1883 2327 1938 animo
2361 1892 2518 1939 erant
2546 1883 2917 1957 Athenienses
2948 1891 3009 1937 ut
3040 1898 3143 1952 pro
3181 1882 3455 1938 sermonis
3487 1882 3625 1937 sim-

2046 1976 2292 2048 plicitate
2313 1983 2751 2040 contemnerent,
2770 1976 3163 2046 stupendarum
3188 1983 3373 2031 tamen
3395 1992 3457 2032 ac
3477 1976 3629 2031 inau-

2047 2068 2284 2123 ditarum
2308 2083 2493 2123 rerum
2518 2067 2778 2138 patratio,
2803 2067 2983 2123 obniti
3012 2083 3110 2122 eos
3134 2067 3401 2123 doctrinae
3427 2068 3626 2124 suade-

2044 2160 2157 2215 bat.
2189 2159 2267 2215 Ac
2295 2160 2517 2214 demum
2551 2175 2567 2214 :
2601 2158 2891 2226 Quidnam,
2925 2160 3167 2225 aiebant,
3200 2160 3393 2230 facturi
3423 2178 3623 2229 sumus,

2044 2269 2137 2306 nos
2170 2254 2261 2321 qui
2297 2252 2606 2322 eloquentia:
2641 2270 2704 2306 ac
2735 2252 2986 2307 doctrinis
3020 2269 3237 2322 Operam
3269 2254 3478 2319 damus,
3508 2270 3626 2307 cum

2043 2344 2199 2414 hujus
2246 2342 2573 2397 sermonibus
2628 2341 2946 2396 vincamur?
2998 2340 3251 2407 Etenim,
3293 2349 3353 2394 ut
3407 2342 3627 2407 videtis,

2043 2437 2266 2489 rusticus
2302 2437 2400 2490 iste
2431 2436 2747 2506 incertisque
2777 2435 2980 2489 sedibus
3015 2452 3211 2506 vagus,
3247 2448 3465 2505 operum
3514 2434 3631 2489 luce

2044 2529 2212 2581 nostri
2253 2544 2460 2598 compos
2498 2526 2826 2598 illustrisque
2864 2528 3100 2597 efﬁcitur.
3137 2526 3471 2599 Quapropter
3502 2545 3632 2583 con-

2043 2621 2241 2691 scripta
2290 2618 2515 2691 epistola
2565 2619 2917 2691 signiﬁcemus
2970 2617 3275 2674 Scribarum
3327 2618 3634 2675 Judrrorum

2046 2711 2427 2784 Hierosolymis
2453 2713 2700 2784 principi.
2724 2712 2966 2767 Firmata
2992 2727 3158 2777 porro
3190 2712 3304 2767 illis
3332 2712 3630 2780 sententia,

2044 2806 2138 2876 qui
2184 2789 2265 2860 rei
2310 2806 2635 2875 cloquendae
2671 2804 2904 2860 idoneus
2946 2813 3113 2865 esset.
3143 2805 3387 2860 mittunt.
3420 2804 3470 2860 Is
3500 2821 3635 2861 vero

2044 2914 2169 2954 cum
2204 2898 2639 2968 Hierosolymam
2669 2897 2937 2961 venisset,
2971 2896 3185 2951 reddita
3220 2897 3471 2967 epistola,
3502 2912 3633 2952 ver-

2046 2991 2134 3046 bis
2164 2988 2494 3060 explanahat
2527 3005 2649 3059 quae
2682 2989 2774 3043 illa
2808 2988 3245 3053 continerentur,
3276 2988 3466 3043 dicens
3500 3004 3515 3041 :
3543 2988 3635 3043 Vir

2045 3084 2294 3153 quidam,
2326 3083 2415 3154 qui
2449 3098 2505 3136 se
2537 3081 2841 3152 Philippum
2873 3082 3051 3136 vocari
3083 3081 3253 3143 dicat,
3287 3080 3357 3135 ad
3389 3096 3483 3134 nos
3514 3081 3635 3137 hinc

2046 3175 2304 3247 profectus
2331 3184 2426 3229 est.
2447 3174 2545 3229 Est
2574 3173 2667 3227 ille
2691 3174 2901 3243 quidem
2933 3173 3052 3227 rudi
3087 3174 3383 3243 rusticoque
3405 3172 3634 3241 eloquio,

330 3260 465 3331 μὲν
503 3259 844 3329 ἐπιφέρεται
899 3261 1007 3313 τὸν
1061 3262 1284 3330 λόγον,
1347 3263 1419 3316 οὐ
1455 3262 1672 3331 μικρὸν
1710 3263 1779 3315 δὲ
1827 3261 1937 3329 τὴν

2047 3282 2148 3335 quo
2208 3273 2387 3319 tamen
2444 3281 2549 3318 non
2602 3280 2796 3335 parum
2849 3264 3010 3318 corda
3063 3271 3247 3317 nostra
3298 3265 3635 3335 patriumque

330 3348 524 3421 ἡμῶν
552 3351 898 3404 ἐπισείοντα
926 3350 1042 3418 τὴν
1073 3351 1327 3420 καρδίαν
1360 3353 1457 3406 καὶ
1489 3354 1777 3421 πατρίδα,
1813 3371 1937 3409 και-

331 3443 466 3497 νὸν
494 3441 868 3512 διαγγέλλων
896 3444 1105 3512 ὄνομα,
1143 3444 1408 3511 Ἰησοῦν,
1434 3439 1482 3512 ᾧ
1513 3446 1611 3499 καὶ
1632 3446 1938 3516 χρώμενος

336 3534 456 3589 ἐπὶ
498 3533 765 3604 γλώττης
791 3575 803 3599 ,
863 3535 1276 3604 ἀποτρόπαιον
1322 3535 1449 3603 ἔχει
1493 3536 1792 3603 δαιμόνων
1838 3537 1938 3591 καὶ

333 3622 717 3694 νοσημάτων
747 3623 1168 3677 παντοδαπῶν,
1215 3623 1403 3677 Ἀλλά
1433 3640 1501 3693 γε
1530 3623 1653 3677 σὺν
1681 3625 1934 3688 τούτοις,

334 3716 454 3771 καὶ
482 3716 549 3770 τὸ
579 3716 972 3785 κατέσφαξεν.
1013 3714 1347 3770 Ἀπολιπών
1377 3732 1469 3780 τις
1501 3715 1609 3769 τὸν
1637 3715 1812 3781 βίονξ
1838 3714 1937 3770 καὶ

332 3807 507 3879 πρὸς
527 3808 635 3861 τὸν
660 3806 857 3878 χῶρον
881 3805 1001 3861 τῶν
1021 3805 1358 3861 τεθνεώτων
1380 3807 1837 3876 μεταχωρήσας,
1861 3805 1937 3876 τῇ

330 3898 461 3954 τοῦ
511 3897 715 3966 Ἰησοῦ
741 3900 1115 3968 προσηγορίᾳ
1145 3897 1471 3965 ἀνέστησε.
1519 3900 1796 3953 Λείπεται
1831 3917 1939 3953 τοι·

328 3990 582 4062 γαροῦν
614 3989 888 4059 οἴχεσθαι
914 3990 987 4043 τὰ
1015 3988 1214 4066 ἡμῶν,
1248 3989 1349 4044 καὶ
1388 3990 1461 4045 τὰ
1501 3992 1720 4045 τούτου
1749 3990 1938 4055 αὺξά-

328 4085 565 4138 νεσθαι
583 4122 597 4147 ,
623 4085 673 4137 εί
693 4082 779 4153 μὴ
811 4082 1020 4152 τάχιόν
1054 4099 1146 4148 τις
1171 4081 1322 4150 πρὸς
1350 4079 1505 4151 ἡμᾶς
1532 4080 1602 4147 ἐξ
1625 4080 1795 4151 ὑμῶν
1822 4095 1935 4135 πα-

329 4173 680 4246 ραγένοιτο.

418 4266 535 4319 Καὶ
587 4265 652 4337 δὴ
701 4264 936 4335 ἐξαυτῆς
983 4265 1121 4334 μετὰ
1165 4266 1405 4335 σοϐαρᾶς
1453 4265 1548 4319 καὶ
1603 4263 1932 4334 ἀλαζονικῆς

333 4354 655 4426 φαντασίας
678 4355 777 4426 τὴν
815 4354 1041 4409 Ἐλλάδα
1069 4357 1098 4408 ὁ
1128 4355 1625 4427 ἀρχιγραμματεὺς
1649 4352 1936 4425 καταλαμ-

332 4448 530 4513 ϐάνει,
559 4448 700 4501 κατὰ
727 4447 996 4501 Φιλίππου
1020 4448 1224 4519 σφόδρα
1257 4448 1632 4519 χαλεπαίνων*
1667 4447 1761 4500 καὶ
1795 4449 1933 4517 μήτε

334 4542 521 4612 ἄρτου
568 4539 908 4611 γευσάμενος
967 4541 1108 4612 μήτε
1161 4541 1313 4607 τινὸς·
1354 4539 1516 4596 ἄλλου
1562 4539 1673 4595 τῶν
1720 4537 1933 4610 σώματι

2046 3364 2388 3421 commoveat,
2417 3356 2542 3409 dum
2575 3371 2766 3409 novum
2796 3371 2985 3408 nomen
3015 3353 3214 3423 (Jesum
3243 3352 3459 3423 scilicet)
3492 3371 3635 3426 prte-

2002 3450 2007 3453 ’
2047 3447 2221 3512 dicat;
2249 3463 2403 3517 quem
2433 3453 2483 3499 et
2507 3447 2563 3499 in
2596 3445 2780 3515 lingua
2809 3444 3023 3507 habens,
3049 3445 3331 3510 daemones,
3363 3445 3634 3516 omnisque

2043 3537 2246 3606 generis
2281 3537 2488 3589 morbos
2518 3534 2781 3589 deturbat.
2801 3532 2905 3589 Sed
2934 3544 2981 3586 et
3007 3550 3126 3587 cum
3155 3535 3293 3598 istis,
3316 3550 3426 3587 rem
3449 3542 3634 3605 patra-

2042 3628 2134 3687 vit,
2164 3642 2281 3697 qum
2310 3634 2580 3696 stuporem
2614 3625 2846 3691 injiciat.
2882 3623 3143 3676 Humanis
3167 3624 3432 3694 quispiam
3457 3639 3634 3678 exem-

2044 3727 2163 3791 ptus
2193 3728 2329 3784 erm,
2354 3726 2512 3789 atque
2540 3717 2610 3772 ad
2637 3716 3003 3786 defunctorum
3030 3714 3202 3770 [ocimi
3229 3718 3633 3788 commigraret.

2042 3813 2197 3867 Hunc
2229 3812 2320 3866 ille
2357 3812 2628 3866 suscitavit
2668 3812 2910 3864 invocato
2951 3809 3079 3863 Jesu
3116 3811 3346 3864 nomine.
3380 3809 3633 3880 Superest

2041 3906 2221 3975 itaque
2252 3910 2309 3956 ut
2343 3912 2524 3957 nostra
2561 3899 2721 3973 plane
2753 3899 3069 3954 aboleantur
3100 3911 3150 3954 et
3182 3903 3478 3967 intereant;
3511 3918 3632 3973 qua

2042 4011 2164 4049 vero
2186 3994 2334 4049 illius
2355 4001 2503 4061 sunt,
2527 4001 2847 4065 augeantur,
2872 3994 2974 4047 nisi
2998 3994 3151 4047 citius
3178 4009 3243 4049 ex
3264 3995 3406 4049 vobis
3435 3993 3631 4067 aliquis

2044 4087 2115 4140 ad
2144 4103 2236 4140 nos
2260 4087 2457 4141 veniat.

2113 4262 2308 4317 Statim
2345 4275 2479 4331 ergo
2525 4259 2689 4331 pleno
2730 4259 2936 4327 fastus,
2969 4259 3322 4330 superboque
3359 4268 3629 4330 apparatu

2041 4353 2358 4410 Scribarum
2396 4352 2656 4422 princeps
2687 4351 2952 4409 Graeciam
2994 4351 3165 4422 petit,
3193 4350 3459 4407 adversus
3491 4352 3628 4408 Phi-u

2039 4446 2249 4516 lippum
2275 4444 2435 4499 valde
2468 4443 2794 4515 indignans;
2828 4459 2892 4499 ac
2921 4459 3104 4513 neque
3136 4458 3280 4513 pane
3312 4443 3626 4515 degustato,

2039 4554 2223 4611 neque
2256 4538 2369 4594 ullo
2402 4538 2532 4604 alio,
2561 4537 2709 4609 quod
2743 4538 2960 4608 corpori
2991 4536 3363 4609 indulgeatur,
3384 4537 3628 4595 sublime

337 4737 700 4821 viderentur,
722 4747 779 4821 et
806 4740 875 4821 ab
897 4755 964 4821 ea
994 4739 1248 4821 homines
1276 4755 1526 4821 avocare.
1569 4739 1683 4821 Hoc
1708 4740 1932 4821 nomine
1969 4744 2011 4799 D
2040 4755 2163 4821 quae
2197 4739 2316 4821 ipsa
2333 4738 2564 4821 Athenis
2587 4736 2836 4821 sullicefe
2858 4737 3123 4819 Apostolo
3146 4745 3382 4821 poterat,
3411 4744 3474 4792 ut
3497 4752 3623 4793 mo-

340 4809 538 4881 clarus
570 4809 814 4865 Herodes
850 4812 1056 4881 iunior.
1085 4812 1180 4880 qui
1207 4810 1471 4866 Jacobum
1500 4811 1704 4865 occidit
1732 4812 1933 4881 gladio,

341 4879 639 4949 voluitque
663 4879 918 4936 occidere
934 4891 991 4938 et
1013 4879 1257 4945 Petrum,
1307 4882 1413 4936 etsi
1452 4882 1657 4938 Iudaeis
1684 4879 1753 4935 in'
1776 4881 1935 4938 Chri-

346 4961 471 5006 tum
494 4951 823 5020 religiosior,
844 4967 914 5006 ne
935 4967 1001 5006 ea
1052 4967 1188 5006 nece
1242 4951 1477 5007 foedaret
1528 4951 1931 5007 solemnitatem

353 5019 710 5093 paschalem._
734 5021 950 5076 distulit
992 5032 1118 5092 post
1176 5020 1295 5076 dies
1335 5036 1674 5093 azymorum,
1707 5022 1929 5091 quando

353 5090 419 5146 et
444 5090 641 5145 Petrus
663 5090 733 5162 ab
758 5093 951 5162 angelo
978 5090 1246 5147 liberatus
1261 5100 1364 5147 est.
1400 5090 1665 5162 Agrippas
1685 5107 1926 5162 quoque,

353 5107 419 5146 et
444 5107 641 5145 retrus
663 5107 733 5145 ao
758 5107 951 5162 angelo
980 5107 1246 5147 liberatus
1261 5107 1364 5147 esr.
1400 5107 1665 5162 Agrippas
1685 5107 1926 5216 quoque,

345 5163 472 5233 ipse
506 5162 561 5215 iu
585 5161 869 5217 Judaismo
915 5162 1376 5233 religiosissimus,
1408 5177 1686 5233 regnoque
1731 5162 1796 5218 Ju
1840 5177 1935 5217 asa:

345 5231 588 5300 aliisque
625 5233 926 5301 provinciis
980 5231 1355 5287 Romanorum
1406 5231 1792 5288 benevolentia
1838 5249 1938 5287 au-

346 5301 787 5383 ctusrsiepotuit
806 5303 859 5383 in
889 5303 1165 5383 apostolos
1179 5302 1600 5383 excandescere,
1623 5317 1937 5383 quan-quam

352 5375 421 5428 in
454 5372 683 5426 Paulum
708 5373 896 5428 mitior
915 5372 1190 5439 videatur,
1217 5388 1345 5428 cum
1370 5372 1643 5427 dicentem
1671 5372 1935 5435 audisset,

341 5444 465 5515 jam
495 5443 894 5515 vinctum,_sed
942 5444 1036 5513 qui
1074 5443 1345 5515 Caesarem
1393 5443 1739 5515 appellasset.
1762 5458 1936 5515 eaque

346 5511 574 5567 ratione
600 5528 710 5582 nec
737 5512 806 5567 ab
841 5511 976 5578 illo,“
1020 5529 1174 5568 neca
1202 5513 1363 5567 Festo
1403 5511 1636 5581 praeside
1696 5511 1933 5582 iudicari

346 5581 758 5655 posset._Trahi
790 5582 1217 5655 Hierosolymam
1242 5599 1321 5655 ex;
1338 5582 1461 5655 aliis
1491 5582 1683 5655 procul
1703 5598 1938 5653 synago-

349 5652 778 5724 gis__religionis
842 5669 987 5717 reos,
1014 5652 1132 5724 ipsa
1172 5653 1324 5708 Pauli
1390 5652 1589 5724 legatio
1617 5652 1941 5724 Damascum

2042 4807 2119 4865 ris
2145 4807 2264 4865 erat
2287 4809 2953 4877 Judaeissumptusfacere
2980 4808 3096 4863 suis
3120 4807 3436 4878 magistris:
3459 4823 3625 4878 quam

2039 4880 2296 4936 Christus
2322 4879 2784 4935 consuetudinem
2814 4894 2925 4933 non
2957 4877 3333 4948 sustulit.sed
3380 4877 3628 4948 disCipu-

2038 4951 2108 5005 lis
2137 4952 2251 5006 suis
2285 4950 2516 5005 liberam
2541 4950 2689 5019 fecit.
2720 4949 2823 5015 Qui
2859 4950 3025 5003 toties
3046 4947 3294 5018 pontifex
3334 4947 3626 5019 ἀρχιερεὺς

2036 5029 2094 5077 et
2124 5020 2614 5091 ἀρχιγραμματεὺς
2639 5018 2863 5091 dicitur.
2894 5032 3015 5091 non
3036 5019 3151 5089 ipse
3203 5018 3624 5091 summuspon-

2038 5087 2175 5146 tifex'
2199 5087 2559 5145 ’Hebrz'eorum
2595 5088 2890 5158 putandus,
2923 5087 3019 5143 sed
3058 5087 3236 5158 quem
3303 5087 3620 5160 synedrium

2042 5161 2599 5233 Hierosolymitanum
2651 5160 2971 5233 __d_tnocro).ov
3006 5160 3298 5233 mitteret,
3343 5167 3399 5233 et
3456 5160 3616 5233 quasi

2042 5232 2269 5303 ἔξαρχον
2295 5228 2313 5295 ξ
2346 5232 2527 5303 virum
2585 5229 2798 5289 scilicet
2820 5229 3048 5303 generis
3069 5229 3425 5303 sacerdotalis
3454 5239 3510 5283 et
3538 5228 3621 5303 le-

2079 5300 2388 5375 ispcritum,
2411 5300 2654 5375 legisque
2672 5301 3074 5375 inmutationem
3106 5300 3422 5375 habentem,
3442 5300 3623 5366 qualis

2067 5369 2147 5427 uit
2193 5371 2395 5427 Paulus
2448 5372 2650 5425 missus
2689 5371 2755 5424 ad
2813 5383 3113 5440 synagogas
3161 5369 3216 5423 in
3270 5370 3619 5440 Damascum,

2043 5456 2359 5511 quanquam
2421 5441 2529 5495 hoc
2559 5441 2635 5494 illi
2687 5436 2897 5511 deerat,
2925 5436 2985 5494 ult
3019 5436 3166 5511 esset
3193 5455 3268 5511 ex_
3290 5436 3620 5511 sacerdotali

2084 5505 2444 5582 rosapianui
2469 5510 2664 5582 seipse
2702 5509 2771 5582 de
2826 5511 2971 5563 tribu
3030 5505 3621 5582 Benjaminpflirmat.

2084 5528 2444 5582 rosapiauqm
2482 5528 2664 5577 seipse
2702 5528 2771 5563 ae
2826 5528 2971 5563 trtDu
3030 5528 3311 5576 Dcnjalnlu
3364 5528 3621 5563 amrluat.

2043 5528 2164 5636 Εὗρε
2198 5581 2361 5635 modo
2386 5580 2629 5635 Hebraeis
2687 5580 2889 5634 desunt
2950 5577 3180 5646 apostoli
3216 5592 3280 5631 ac
3320 5576 3624 5644 disciplinae

2049 5651 2186 5721 legis
2205 5650 2468 5719 praefecti,
2494 5665 2633 5719 quos
2652 5665 2718 5703 ex
2749 5647 3005 5721 synedrio
3021 5647 3105 5721 vel
3125 5646 3624 5716 Hierosolymitano

351 5717 569 5792 indicio
592 5717 698 5788 est,
724 5738 850 5778 cum
902 5717 1111 5779 irarum
1170 5724 1367 5792 plenus
1393 5717 1471 5778 ae'
1499 5723 1679 5777 minas
1722 5723 1948 5792 spirans
2048 5717 2768 5792 avelB’abylonico'mittant
2787 5717 2878 5772 'ad
2914 5717 3190 5792 subjectus
3231 5732 3535 5789 synagogas
3560 5733 3623 5773 ac

354 5793 419 5848 in
435 5791 735 5862 discipulos
749 5794 969 5849 Domini
988 5790 1201 5863 (utique
1213 5790 1831 5863 exJudmisconversos)
1849 5792 1950 5846 fer-

358 5871 539 5932 retur.
554 5865 743 5932 quales
758 5875 816 5919 et
832 5864 888 5919 hi
902 5862 1266 5919 Athenienscs
1275 5863 1438 5917 viden
1448 5871 1538 5917 tur
1550 5862 1572 5917 f
1573 5864 1739 5923 uisse,
1754 5878 1817 5915 ac
1838 5877 1951 5914 mu-

368 5931 475 5990 lier
502 5931 659 6019 cuius
690 5932 866 5990 ﬁlium
892 5933 951 5990 in
969 5933 1190 5992 Galilzea
1219 5934 1513 6004 Apostolus
1546 5935 1909 5989 suscitaverat
1934 5950 1946 5985 :

2051 5791 2261 5872 plebes,
2282 5785 2377 5872 qui
2400 5789 2649 5872 severius
2674 5789 2729 5872 in
2753 5788 2928 5872 legem
2955 5785 3275 5872 commissa,
3298 5796 3356 5842 et
3375 5785 3623 5858 quorum

2051 5858 2445 5943 indulgentiam
2477 5876 2585 5943 non
2634 5858 2864 5943 habent.
2897 5873 2996 5943 per
3036 5858 3282 5940 gentium
3304 5873 3622 5943 pressuram

2051 5947 2123 5989 ex
2152 5927 2269 5990 suis
2288 5931 2640 6004 legisperitis,
2670 5927 2965 5985 emendem
2998 5944 3060 5983 ac
3089 5927 3341 6000 puniant.
