4094 6404
516 439 616 505 187

1712 433 2006 494 NlCETzE
2043 431 2570 494 PAPHLAGONIS

3676 433 3775 497 188

513 552 616 607 sibi
645 548 890 605 tribunal
919 547 1102 619 parari
1132 546 1322 618 jubet;
1359 547 1767 616 mutatoriaque
1798 544 2098 616 pontificali

2210 543 2580 614 χαριζομένων
2599 584 2616 608 ,
2668 542 2875 613 ὑψηλὸν
2904 543 3053 615 αὺτῷ
3081 543 3336 613 γενέσθαι
3376 543 3526 616 βῆμα
3563 560 3779 617 παρηγ-

510 641 800 712 chlamyde
826 647 1130 709 assumpta,
1152 636 1412 708 superbia
1434 646 1671 703 tumens,
1689 637 1883 709 judicii
1908 637 2095 692 sedem

511 733 863 795 conscendit,
909 731 1126 786 cunctis
1169 732 1290 802 ejus
1338 730 1534 800 patriae
1581 729 1850 794 eruditis,
1894 743 1960 784 ac
2001 728 2097 800 qui

509 834 776 880 venerant
809 841 935 880 cum
974 841 1070 889 eo,
1110 823 1302 878 timore
1347 824 1670 878 astantibus.
1707 823 1944 878 Vocatus
1992 823 2099 877 ita—

510 936 618 989 que
652 920 953 989 apostolus,
981 917 1196 972 medius
1224 916 1396 982 stetit,
1421 915 1680 986 pontifici
1698 930 2091 984 responsurus.

511 1013 593 1065 Ad
624 1027 788 1081 quem
831 1011 1077 1080 pontifex
1114 1011 1168 1063 in
1205 1010 1322 1063 haec
1352 1008 1519 1063 verba
1552 1015 1949 1079 percontatur:
1980 1006 2100 1061 Non

513 1108 646 1158 satis
693 1106 893 1165 uisum,
932 1113 1241 1157 cunctorum
1291 1103 1582 1156 miserrime
1629 1102 1928 1164 hominum,
1963 1099 2101 1170 quod

514 1197 717 1252 Iudaea:
770 1207 819 1250 et
880 1195 1120 1252 Galilaza:
1175 1205 1222 1249 et
1276 1193 1539 1249 Samaria
1590 1195 1853 1264 pravitate
1913 1193 2101 1247 mentis

518 1289 832 1360 obrepseris,
884 1289 1330 1358 simplicioresque
1359 1289 1415 1340 in
1448 1287 1522 1341 eis
1555 1303 1733 1340 errore
1759 1286 2100 1352 dementaris,

515 1383 607 1436 sed
639 1390 688 1435 et
714 1383 1040 1437 Athenarum
1075 1381 1216 1435 urbis
1248 1381 1511 1452 sapientes
1545 1387 1748 1434 tentare
1780 1379 1992 1434 molitus
2024 1394 2101 1444 es,

517 1473 828 1527 existimans
862 1473 1115 1526 nimirum
1149 1473 1286 1526 viros
1321 1478 1466 1525 catos
1501 1477 1659 1541 atque
1695 1469 1974 1541 prudentes
2011 1469 2102 1522 abs

519 1575 568 1619 te
591 1567 863 1619 seductum
888 1565 976 1619 iri.
1013 1566 1086 1619 Ac
1118 1565 1326 1636 quidem
1357 1572 1426 1628 te,
1456 1563 1597 1618 velut
1623 1565 1713 1634 qui
1744 1580 1920 1617 errore
1948 1563 2105 1617 sedu-

517 1666 630 1711 ctus
669 1658 760 1721 sis,
790 1657 860 1710 ad
899 1672 1126 1726 praesens
1171 1657 1365 1708 omisso
1405 1662 1700 1725 spretoque,
1732 1654 1801 1708 ad
1837 1656 1973 1708 viros
2011 1670 2104 1707 sa-

516 1750 736 1816 pientes,
759 1764 874 1815 qua:
899 1757 1002 1802 tua:
1025 1748 1288 1818 opinionis
1312 1754 1458 1812 sunt,
1481 1747 1792 1812 edisserens,
1812 1762 2106 1801 sermonem

517 1840 735 1894 habebo.
790 1874 796 1884 ι

596 2102 728 2171 Ejus
788 2103 1072 2172 magister,
1125 2104 1429 2170 auditores,
1481 2123 1600 2164 cum
1659 2108 1948 2164 evertenda:
2005 2109 2107 2180 lcgl

519 2189 766 2246 Mosaicae
793 2193 946 2246 daret
977 2211 1214 2265 operam,
1233 2197 1389 2264 justa
1425 2215 1456 2252 a
1489 2199 1634 2253 nobis
1670 2199 1779 2270 lege
1815 2210 1870 2254 ut
1902 2217 2107 2256 crucem

522 2283 704 2350 ferret,
730 2283 1015 2338 damnatus
1049 2295 1122 2338 est
1144 2327 1157 2339 .
1185 2287 1456 2358 nudusque
1485 2287 1596 2343 alto
1625 2290 1800 2360 stipite
1825 2306 2107 2360 suspensus

521 2373 820 2441 derelictus,
846 2376 906 2430 ob
937 2377 1039 2432 diei
1069 2378 1441 2445 celebritatem,
1466 2380 1665 2445 Pilato,
1691 2380 1900 2452 Iosephi
1927 2384 2112 2452 cujus-

522 2465 648 2518 dam
670 2466 768 2519 viri
791 2467 964 2521 divitis
987 2468 1372 2538 supplicatione
1393 2471 1632 2533 inducto,
1652 2468 1942 2539 sepultura:
1965 2471 2109 2524 tradi

521 2557 807 2622 permissus
840 2565 934 2611 est.
965 2556 1330 2628 Amicitiazque
1365 2557 1476 2629 lege
1511 2575 1629 2612 cum
1665 2567 1968 2613 tenerentur
1997 2560 2111 2630 ejus

523 2645 790 2715 discipuli,
820 2648 1018 2702 occulte
1047 2651 1361 2720 intempesta
1388 2660 1536 2704 nocte
1562 2667 1680 2706 eum
1710 2651 1992 2721 furantur;
2015 2655 2112 2708 hoc

524 2752 708 2806 nempe
727 2750 1019 2794 commento
1042 2741 1226 2812 vulgus
1248 2742 1493 2796 seducere
1515 2752 1787 2813 parantes.
1807 2742 2114 2816 Sparsaque

523 2828 713 2900 ubique
753 2831 922 2900 fama,
953 2849 1073 2886 eum
1119 2851 1151 2887 a
1197 2836 1416 2889 mortuis
1453 2837 1761 2902 surrexisse,
1795 2837 2110 2908 magistrum

521 2921 620 2975 sibi
670 2931 827 2994 atque
871 2925 1136 2980 doctorem
1182 2927 1446 2981 hominem
1496 2938 1770 3000 arrogant.
1805 2929 1890 2984 Ea:
1930 2947 2112 2985 eorum

523 3014 742 3086 collegio
767 3033 902 3071 unus
926 3027 1000 3072 est
1022 3028 1072 3072 et
1092 3017 1372 3090 Philippus
1399 3022 1516 3085 iste,
1537 3023 1686 3091 cujus
1711 3038 1802 3075 rex
1822 3021 2113 3076 Archelaus

523 3106 788 3161 desiderat
829 3119 1122 3180 compotem
1161 3109 1316 3178 ﬁeri,
1351 3111 1654 3166 ulciscenda
1697 3113 1840 3183 vulgi
1876 3115 2110 3185 injuria,

2198 637 2399 704 γυᾶτοο
2430 636 2525 688 καὶ
2561 634 2660 708 τὴν
2690 635 2910 701 έξαλλον
2943 637 3043 707 τῆς
3095 637 3490 707 ἀρχιερατικῆς
3535 638 3780 708 χλαμύδα

2201 724 2534 796 περιϐαλὼν,
2567 728 2648 789 εἰς
2685 727 2776 780 τὸν
2808 727 3124 781 δικαστικὸν
3156 728 3572 798 πεφυσιωμένος
3607 730 3780 784 ἄνεισι

2201 816 2426 887 θρόνον,
2473 815 2692 872 πάντων
2732 818 2844 873 τῶν
2873 819 3175 890 ἐλλογίμων
3202 819 3305 889 τῆς
3355 819 3652 889 πατρίδος,
3692 823 3784 875 καὶ

2200 910 2311 964 τῶν
2364 912 2461 964 σὺν
2505 910 2654 981 αὺτῷ
2707 911 3210 983 παραγενομένων,
3263 912 3403 982 μετά
3455 913 3607 976 δέους
3647 929 3783 982 παρ-

2201 1001 2535 1072 εστηκότων.
2569 1001 2757 1070 Ὅμως
2791 1001 3159 1073 προσκληθεὶς
3185 1003 3214 1055 ό
3242 1000 3560 1067 ἀπόστολος,
3595 1001 3780 1072 μέσον,

2199 1093 2278 1164 τῷ
2317 1094 2565 1166 ἀρχιερεῖ
2607 1093 3083 1164 ἀπολογησόμενος
3132 1094 3319 1147 ἵστατο
3340 1110 3356 1126 ο
3391 1094 3488 1147 καὶ
3519 1093 3661 1164 πρὸς
3694 1092 3782 1146 τὸν

2200 1183 2498 1238 ἀπόστολον
2542 1185 2572 1238 ό
2598 1185 2890 1257 ἀρχιερεὺς
2933 1183 3077 1239 οὕτω
3110 1185 3438 1255 προσήρετοο
3483 1187 3608 1254 Οὐχ
3658 1186 3782 1238 ικα-

2201 1277 2323 1344 νῶς
2365 1278 2532 1346 ἐχειν
2558 1276 2766 1344 ἔδοξε,
2808 1277 2880 1332 τὸ
2909 1274 3224 1347 μοχθηρῶς
3255 1278 3648 1333 ὑπεισελθεῖν
3679 1294 3781 1343 σε,

2203 1369 2526 1425 ἁθλιώτατε
2565 1369 2813 1424 πάντων
2859 1369 3220 1438 ἀνθρώπων,
3268 1368 3346 1440 τῇ
3389 1369 3641 1438 Ἰουδαίᾳ
3688 1371 3783 1424 καὶ

2203 1462 2504 1529 Γαλιλαίᾳ
2559 1461 2661 1516 καὶ
2711 1461 3042 1530 Σαμαρείᾳ,
3096 1461 3192 1515 καὶ
3238 1461 3380 1527 τοὺς
3429 1462 3523 1515 ἐπ’
3575 1461 3784 1528 αὐταῖς

2204 1553 2702 1624 ἀσφαλεστέρους
2753 1553 3187 1622 ἀποπλανῆσαι
3212 1593 3226 1616 ,
3280 1551 3443 1610 ἀλλὰ
3491 1554 3591 1608 καὶ
3645 1554 3784 1621 τοὺς

2205 1646 2440 1716 σοφοὺς
2489 1645 2608 1700 τῶν
2665 1644 2921 1712 Ἀθηνῶν
2965 1645 3316 1714 ὐπενοήσω,
3369 1645 3785 1716 μεμελετηκὼς

2205 1739 2321 1807 τὴν
2360 1738 2632 1807 ἀπάτην,
2689 1737 3200 1807 πεπυκνωμένους
3241 1737 3468 1807 ἄνδρας
3519 1739 3786 1808 οιόμενος

2206 1829 2464 1899 ἁπατᾷν.
2490 1831 2598 1886 Καὶ
2638 1831 2718 1896 ὡς
2745 1828 3158 1899 ἠπατημένον,
3189 1829 3540 1900 καταφρονῶ
3573 1846 3694 1885 σου
3726 1831 3790 1884 τὸ

2207 1924 2433 1991 παρόν
2468 1923 2566 1976 ἐπὶ
2607 1921 2676 1976 δὲ
2712 1922 2856 1989 τοὺς
2885 1921 3154 1991 σοφοὺς,
3194 1921 3504 1977 διδάσκων
3533 1924 3607 1978 τὰ
3645 1925 3791 1978 κατὰ

2206 2015 2300 2080 σὲ,
2331 2018 2438 2068 τὸν
2465 2015 2652 2084 λόγον
2681 2013 3034 2082 ποιήσομαι.

2289 2107 2352 2160 '0
2382 2107 2598 2160 τούτου
2649 2105 3021 2172 διδάσκαλος
3045 2145 3062 2170 ,
3094 2101 3142 2161 ὦ
3181 2104 3435 2174 ἄνδρες,
3465 2105 3564 2160 ἐπὶ
3603 2123 3791 2174 παρα⁹

2206 2197 2398 2268 τροπῇ
2428 2197 2534 2252 τοῦ
2559 2195 2886 2252 Μωσαϊκοῦ
2915 2199 3105 2266 νόμου
3129 2200 3474 2268 γενόμενος,
3500 2198 3604 2267 ὑφ’
3629 2197 3793 2268 ήμῶν

2207 2290 2450 2361 στατιρῷ
2487 2291 2767 2347 τεθνάναι
2815 2291 3046 2361 εὐλόγῳ
3079 2291 3240 2360 νόμῳ
3287 2291 3605 2358 κατεκρίθη
3635 2307 3648 2321 ·
3698 2293 3791 2346 καὶ

2207 2382 2437 2452 γυμνός
2486 2381 2568 2448 τῷ
2624 2381 2790 2448 ξύλῳ
2847 2380 3282 2450 άπῃωρημένος
3335 2382 3789 2451 καταλειφθεὶς,

2209 2472 2308 2527 διὰ
2336 2471 2403 2526 τὸ
2449 2471 2562 2540 τῆς
2585 2471 2811 2543 ἡμέρας
2844 2471 3169 2540 ἐπίσημον,
3198 2471 3305 2526 τοῦ
3331 2471 3622 2538 Πιλάτου,
3677 2473 3789 2527 Ἰω·

2210 2565 2342 2634 origo
2400 2581 2567 2631 τινος
2610 2562 2916 2618 πλουσίου
2963 2562 3230 2630 ἱκετηρία
3279 2561 3790 2633 ἐπικαμφθέντος,

2209 2656 2379 2726 τάφῳ
2409 2655 2882 2726 συγκεχώρηται.
2929 2654 3041 2710 Kal
3065 2657 3228 2724 νόμῳ
3255 2655 3462 2724 φιλίας
3485 2657 3540 2709 οι
3577 2657 3789 2711 τούτου

2211 2749 2600 2820 κρατούμενοι
2614 2748 2896 2818 μαθηταὶ,
2919 2749 3220 2817 λαθραίως
3240 2746 3384 2816 ἀωρὶ
3409 2746 3628 2802 τοῦτον
3659 2748 3792 2801 ἀπο-

2212 2841 2540 2903 συλοῦσιν,
2571 2841 2659 2906 εὶς
2679 2836 2933 2894 πολλῶν
2945 2837 3206 2906 ἀπάτην,
3227 2837 3791 2908 ἐπιτεχνευσάμενοι

2211 2933 2389 2987 τοῦτο
2409 2946 2424 2960 ·
2464 2931 2565 2985 καὶ
2603 2929 2919 2998 πανταχοῦ
2962 2929 3426 2997 ἐπισπείραντες
3466 2928 3537 2982 ἐκ
3571 2928 3790 2997 νεκρῶν

2213 3022 2528 3095 ἐγηγέρθαι
2547 3063 2561 3090 ,
2606 3024 2714 3077 τὸν
2751 3021 2986 3078 ἑαυτῶν
3025 3021 3450 3092 ἐπιφημίζουσι
3504 3023 3787 3079 διδάσκα-

2213 3119 2349 3172 λον.
2400 3115 2498 3179 Ἐξ
2526 3113 2728 3169 αὐτῶν
2760 3109 2849 3182 εἷς
2880 3113 3014 3168 ἐστι
3042 3115 3144 3169 καὶ
3175 3118 3208 3169 ό
3247 3115 3550 3184 Φίλιππος
3583 3112 3785 3183 οὗτος,

526 3198 674 3252 mala
719 3215 840 3254 eum
875 3213 1043 3256 morte
1076 3205 1381 3273 perditurus
1417 3221 1434 3261 :
1469 3221 1624 3277 quem
1652 3207 1700 3262 si
1731 3205 1918 3274 vultis,
1951 3224 2110 3280 quam

2217 3203 2290 3263 οὗ
2341 3205 2703 3274 περικρατὴς
2751 3209 2786 3262 ὁ
2835 3205 3136 3273 βασιλεὺς
3186 3206 3467 3277 ἐπιθυμεῖ
3521 3209 3784 3278 γενέσθαι

525 3292 628 3344 cito
653 3293 883 3348 vinctum
917 3294 1336 3368 Hierosolymam
1369 3298 1626 3353 abducite.

605 3560 683 3616 Ac
711 3576 866 3627 vero,
900 3570 1148 3617 cessante
1180 3562 1329 3634 loqui
1363 3563 1623 3634 pontifice
1656 3571 1898 3621 astantes
1929 3565 2110 3620 inten-

533 3655 602 3712 tis
635 3654 812 3709 oculis
846 3656 901 3710 in
935 3655 1250 3725 Philippum
1290 3665 1480 3721 erant,
1512 3656 1643 3727 quid
1678 3657 1899 3712 demum
1936 3658 2027 3713 ille
2059 3659 2111 3714 ei

533 3744 916 3815 responderet.
937 3744 1152 3801 Sensim
1181 3746 1368 3817 itaque
1394 3748 1684 3818 leniusque
1705 3747 1908 3818 apertis
1929 3749 2109 3816 labiis,

533 3839 818 3909 Philippus
865 3839 940 3894 ita
961 3839 1206 3909 pontiﬁci
1256 3840 1378 3895 infit
1413 3859 1427 3894 :
1461 3841 1564 3896 Fili
1606 3842 1856 3908 hominis,
1887 3851 1945 3896 ut
1989 3843 2114 3913 quid

532 3933 709 4003 diligis
736 3934 1027 3988 vanitatem
1053 3943 1102 3987 et
1131 3934 1357 4005 loqueris
1387 3933 1762 3989 mendacium?
1790 3934 1854 3989 Ut
1875 3935 2002 4006 quid
2026 3952 2115 3989 cor

533 4034 679 4078 tuum
715 4043 906 4096 gravas
939 4027 996 4080 in
1027 4026 1308 4080 vanitate?
1340 4025 1529 4080 Nonne
1571 4034 1626 4078 tu
1668 4041 1802 4080 auro
1838 4027 2115 4080 custodum

533 4134 722 4171 manus
763 4117 1023 4188 implesti,
1052 4128 1108 4171 ut
1147 4120 1568 4182 resurrectionis,
1602 4119 1773 4189 afﬁcta
1812 4119 2114 4186 calumnia,

533 4211 692 4279 ﬁdem
734 4211 1044 4264 abolerent?
1088 4209 1264 4264 Nescis
1309 4226 1424 4280 qua:
1463 4209 1735 4280 signacula
1781 4219 2117 4264 monumento

536 4303 870 4372 apposuisti?
912 4302 1038 4356 Haec
1088 4303 1339 4356 nimirum
1390 4304 1446 4356 in
1490 4303 1571 4356 die
1611 4303 1708 4355 ira:
1755 4311 1904 4357 tuum
1949 4301 2118 4357 scelus

536 4395 824 4464 ignominia
863 4393 1156 4448 traducent.

2229 3298 2578 3370 Ἀρχέλαος,
2647 3300 2735 3364 είς
2789 3297 3040 3354 πολλῶν
3101 3298 3420 3366 ἐκδίκησιν
3477 3300 3779 3355 ἁπολέσων

2209 3393 2397 3447 αὐτόν
2421 3409 2435 3423 ⁸
2470 3391 2655 3461 ὅνπερ
2685 3393 2736 3446 sl
2763 3390 3094 3456 βούλεσθε,
3126 3390 3276 3460 πρὸς
3302 3388 3491 3444 αὐτὸν
3525 3391 3596 3446 τὸ
3621 3390 3767 3460 τάχος

2211 3484 2468 3552 δέσμιον
2493 3486 2580 3551 είς
2621 3482 3026 3553 Ἰερουσαλὴμ
3051 3481 3390 3553 ἀπαγάγετε

2282 3578 2393 3631 Καὶ
2427 3575 2493 3647 δὴ
2552 3576 2643 3630 τοῦ
2675 3575 2979 3648 ἀρχιερέως
3017 3574 3328 3640 παύσαντος
3363 3572 3459 3630 τοῦ
3513 3574 3713 3646 λόγου,
3744 3572 3786 3626 οι

2212 3667 2563 3738 παρεστῶτες
2595 3663 2906 3737 ὲνητένιζον
2937 3663 3016 3735 τῷ
3052 3663 3326 3737 Φιλίππῳ,
3352 3664 3406 3718 τί
3447 3665 3589 3736 πρὸς
3628 3664 3783 3720 αὐτὸν

2217 3757 2454 3828 ἀντερεῖ.
2502 3755 2716 3828 Ἠρέμα
2761 3756 2818 3810 δέ
2866 3773 2985 3819 πως
3014 3757 3125 3820 τοῖς
3171 3756 3408 3826 χείλεσιν
3435 3756 3734 3824 ὑπανοίξας
3761 3755 3787 3808 ό

2212 3847 2479 3910 Φίλιππος
2519 3846 2597 3917 τῷ
2637 3849 2891 3918 ἀρχιερεῖ
2930 3846 3131 3917 ἔφησεν
3171 3847 3390 3900 οὑτωσίο
3435 3847 3532 3902 Υἱὲ
3577 3848 3791 3916 ἀνθρὼ-

2213 3956 2367 4000 που,
2409 3939 2512 3991 ἵνα
2581 3937 2639 3992 τί
2708 3936 2950 4005 ἀγαπᾷς
2996 3939 3396 4008 ματαιότητα,
3443 3939 3545 3994 καὶ
3591 3937 3793 4004 λαλεῖς

2214 4028 2477 4098 ψεῦδος;
2506 4029 2632 4082 Ἵνα
2658 4029 2715 4082 τί
2737 4028 2836 4081 ἐπὶ
2860 4030 3092 4098 ματαίῳ
3118 4028 3232 4097 τὴν
3254 4028 3507 4097 καρδίαν
3538 4044 3658 4084 σου
3690 4029 3790 4095 ,βα-

2207 4123 2451 4191 ρύνεις;
2488 4121 2571 4175 Οὐ
2609 4119 2842 4190 χρυσοῦ
2871 4119 2954 4174 σὺ
2983 4119 3101 4174 τῶν
3130 4121 3423 4190 φυλάκων
3460 4122 3567 4188 τὰς
3597 4122 3793 4191 χεῖρας

2215 4215 2494 4280 ἐπλησας
2512 4251 2527 4277 ,
2553 4213 2642 4278 είς
2669 4210 2739 4266 τὸ
2769 4210 3125 4266 πλάσασθαι
3152 4209 3264 4279 τῆς
3293 4211 3584 4280 ὲ-γ-έρσεως
3610 4225 3797 4264 συκο⁸

2217 4307 2516 4375 φαντίαν;
2550 4304 2663 4358 οὐκ
2705 4297 2874 4370 οἶδας
2902 4301 2976 4369 ἀς
3013 4301 3311 4357 ἐναπέθου
3347 4301 3683 4372 σφραγίδας
3720 4295 3799 4366 τῷ

2217 4395 2484 4466 μνήματι
2504 4413 2524 4462 ;
2553 4391 2734 4451 αὗταί
2767 4408 2884 4449 σου
2922 4393 2993 4449 ἐν
3040 4391 3234 4464 ἡμέρᾳ
3259 4391 3444 4464 ὀργῆς
3483 4391 3798 4462 στηλιτεῦ-

2218 4503 2403 4543 σουσι
2433 4488 2500 4542 τὸ
2533 4487 2834 4558 ἀνόμημα.

608 4593 706 4648 llis
735 4593 980 4662 pontifex
1011 4593 1268 4663 majorem
1305 4593 1358 4645 in
1393 4593 1615 4646 modum
1657 4593 1929 4659 turbatus,
1957 4593 2110 4649 furo-

2291 4599 2476 4652 Ταῦτα
2512 4599 2603 4652 τὸν
2631 4597 2894 4670 ἀρχιερέα
2923 4598 3174 4670 μεγάλως
3205 4597 3505 4669 ἐτάραξανο
3552 4597 3798 4670 θυμικῶς

538 4701 707 4760 reque
733 4686 952 4740 irruens
978 4693 1039 4740 ut
1069 4685 1316 4754 apostolo
1342 4700 1535 4740 manus
1560 4684 1812 4748 inferret,
1841 4702 1956 4740 rem
1979 4702 2118 4756 pra:-

537 4783 690 4830 stare
726 4789 837 4830 non
872 4775 1076 4846 potuit.
1114 4774 1307 4829 Statim
1344 4775 1491 4829 enim
1524 4776 1645 4846 ejus
1678 4775 1899 4845 pupilla:
1927 4777 2116 4832 oculo-

536 4881 660 4926 rum
703 4867 1007 4922 obscuratae
1049 4873 1205 4929 sunt,
1244 4882 1309 4922 ac
1350 4882 1553 4936 corpus
1593 4867 1868 4936 reliquum
1921 4869 2117 4924 inutile

537 4958 837 5014 redditum.
868 4960 997 5014 Visa
1032 4976 1121 5014 res
1156 4959 1446 5030 prmstigiac
1467 5001 1482 5026 ,
1514 4959 1602 5015 his
1635 4960 1729 5030 qui
1764 4960 2017 5016 aderant.
2048 4962 2119 5018 Ut

538 5062 721 5108 tamen
770 5055 826 5108 in
871 5055 1183 5125 apostolum
1233 5053 1499 5125 impetum
1550 5055 1834 5122 fecerunt,
1867 5057 2116 5129 ejusdem

537 5146 643 5216 ipsi
695 5148 958 5203 caecitatis
1007 5148 1316 5218 periculum
1371 5158 1745 5220 sumpserunt.
1783 5149 1940 5215 Quod
1985 5165 2118 5206 vero

538 5239 820 5308 apostolus
861 5257 972 5295 non
1012 5241 1254 5296 nesciret
1297 5240 1516 5295 illorum
1563 5241 2001 5296 incredulitatem
2056 5257 2121 5297 ac

539 5328 934 5398 .guorantiam,
947 5329 1095 5399 quod
1112 5329 1196 5383 vis
1212 5329 1520 5383 daemonum
1542 5329 1597 5383 in
1622 5330 1731 5384 illis
1752 5331 2116 5401 praepolleret,

539 5436 660 5474 eam
695 5421 751 5479 in
783 5436 900 5476 rem
934 5420 1140 5491 ingenti
1179 5422 1384 5491 gemitu
1422 5439 1435 5474 :
1471 5421 1600 5486 Tua,
1626 5421 1876 5479 Domine.
1909 5421 2118 5485 aiebat,

542 5513 870 5582 benignitas,
912 5513 1030 5583 ipsa
1077 5519 1126 5566 te
1170 5520 1410 5577 moveat,
1456 5529 1740 5583 eorumque
1783 5515 2120 5567 contritiones

541 5619 700 5666 sana,
727 5611 775 5655 et
808 5611 865 5656 ut
899 5609 947 5656 te
983 5612 1271 5673 agnoscant
1304 5603 1644 5675 credantque,
1668 5603 1885 5658 illorum
1918 5605 2126 5658 animos

543 5692 787 5746 immuta.

619 5781 661 5834 E
717 5785 878 5839 terris
932 5783 1116 5853 itaque
1164 5786 1411 5855 apostolo
1464 5787 1772 5842 orationem
1823 5784 2119 5849 fundente,

553 5868 760 5927 indulta
791 5891 820 5929 e
847 5874 1025 5938 ccelis,
1051 5875 1135 5932 his
1158 5878 1250 5947 qui
1278 5879 1524 5948 percussi
1557 5879 1794 5944 fuerant,
1825 5877 2032 5933 sanitas
2063 5892 2126 5932 ac

2215 4693 2274 4748 δὲ
2321 4691 2620 4762 διορμὴσας
2669 4690 3110 4762 διαχειρίσασθαι
3161 4691 3254 4745 τὸν
3304 4690 3642 4756 ἀπόστολον,
3702 4692 3800 4744 οὑν

2216 4783 2479 4855 ἠδυνήθη.
2541 4781 2797 4852 Παρευθὺ
2859 4782 2969 4854 γὰρ
3019 4783 3077 4836 αἱ
3133 4784 3294 4852 κόραι
3340 4782 3450 4836 τῶν
3503 4783 3799 4853 ὀφθαλμῶν

2216 4874 2383 4928 αὐτοῦ
2430 4873 2959 4947 ἀπημαυρὼθησαν,
3002 4876 3102 4929 καὶ
3161 4877 3224 4930 τὸ
3268 4875 3586 4947 περίλοιπον
3634 4876 3794 4946 σῶμα

2217 4969 2491 5039 ἄχρηστον
2533 4967 2800 5036 ἐγεγόνει.
2857 4968 2994 5022 Τότε
3041 4970 3156 5034 τοῖς
3188 4967 3566 5040 παρατυχοῦσι
3599 4968 3662 5023 τὺ
3704 4985 3798 5038 γε-

2218 5059 2374 5128 γονὸς
2418 5059 2645 5130 γοητεία
2688 5059 3084 5130 προσεδοκᾶτο.
3123 5059 3320 5130 Ὅμως
3351 5061 3496 5115 κατά
3527 5059 3622 5114 τοῦ
3667 5062 3798 5115 ἀπο-

2219 5152 2407 5206 στόλου
2437 5153 2801 5223 όρμήσαντες,
2835 5153 2930 5206 καὶ
2965 5153 3120 5207 αὐτοὶ
3153 5153 3256 5224 τῆς
3293 5153 3463 5224 αὐτῆς
3495 5153 3800 5224 πηρώσεως

2219 5243 2412 5311 πεῖραν
2436 5239 2650 5296 ἔλαϐον.
2690 5240 2832 5294 Ἀλλ’
2863 5240 2988 5293 ἐπεὶ
3014 5241 3116 5296 οὐκ
3137 5242 3388 5313 ἠγνοεῖτο
3411 5240 3490 5312 τῷ
3518 5242 3799 5311 ἀποστόλῳ

2218 5333 2255 5404 ἡ
2285 5333 2518 5386 ἀπιστία
2571 5333 2666 5386 καὶ
2711 5331 2994 5406 ήάγνοια,
3042 5333 3125 5388 ὅτι
3170 5333 3494 5404 ἐπικράτεια
3532 5333 3800 5403 δαιμόνων

2219 5419 2397 5474 ἔνεστι
2431 5421 2643 5486 τούτοις
2662 5461 2678 5487 ,
2709 5421 2805 5494 ἐπὶ
2835 5421 3012 5492 τούτῳ
3037 5421 3282 5491 οἰμώξας
3316 5421 3480 5492 μέγα,
3511 5420 3800 5486 Δυσωπή-

2221 5515 2356 5580 θητι
2386 5512 2504 5566 ὑπὸ
2542 5513 2654 5582 τῆς
2681 5511 2803 5582 σῆς
2831 5512 3219 5583 ἀγαθότητος,
3256 5513 3455 5582 Κύριε,
3490 5511 3667 5580 ἔλεγε,
3704 5509 3800 5562 καὶ

2220 5603 2567 5673 ἀμφοτέρων
2597 5605 2767 5659 ἴασαι
2804 5605 2877 5658 τὰ
2900 5605 3336 5676 συντρίμματα,
3371 5604 3469 5659 καὶ
3499 5601 3651 5671 πρὸς
3689 5599 3800 5666 τὴν

2221 5695 2346 5763 σὴν
2377 5696 2706 5765 ἐπίγνωσιν
2733 5695 2959 5762 αὐτοὺς
2979 5696 3416 5766 μεταποίησον.

2293 5786 2553 5848 Κάτωθεν
2602 5787 2696 5841 οὖν
2743 5786 2839 5840 τοῦ
2887 5787 3188 5841 ἀποστόλου
3235 5787 3336 5858 τὴν
3379 5786 3547 5859 εὐχὴν
3582 5783 3795 5839 ποιοῦνο

2221 5894 2336 5946 τος,
2368 5878 2662 5951 οὐρανόθεν
2704 5881 2740 5950 ἡ
2777 5879 2945 5953 ρῶσις
2984 5881 3097 5946 τοῖς
3146 5879 3437 5950 πληγεῖσιν
3471 5879 3791 5954 ἐχαρίζετοο
