4094 6462
593 467 695 541 191

1796 475 2089 539 ΝΙΟΕΉΕ
2125 476 2194 538 Pi

2288 471 2656 536 HLAGONIS
3696 478 3765 545 19?.

589 585 999 657 vit.Validaque
1026 591 1349 657 tempestate
1375 586 1579 658 iactata
1601 584 1749 652 navl,
1766 584 1951 641 lucida
1982 583 2169 641 statim

2288 582 2517 648 Ἄζωτον
2539 579 2695 633 ἔπλει
2726 578 2852 649 νηὸς
2875 577 3073 644 ἐπιϐάς
3096 593 3111 610 ο
3143 580 3239 634 καὶ
3274 580 3501 654 σφοδρᾶς
3522 585 3766 655 natantis;

587 679 772 736 crucis
816 678 989 750 ﬁgura
1038 679 1109 733 ab
1160 679 1279 749 ipso
1327 681 1546 752 navigio
1588 679 1779 735 aﬂ‘usis
1827 679 2175 751 fulgoribus,

593 770 772 826 noctis
817 769 1107 841 caliginem
1151 770 1432 825 lustravit.
1468 770 1712 839 Navique
1753 768 2172 835 exscendentes,

586 862 657 916 ab
698 862 929 916 Azotide
970 862 1207 931 quodam
1257 863 1313 915 in
1361 861 1794 915 mediterraneas
1836 858 1987 914 illius
2031 859 2178 916 sedes

590 954 865 1010 deductus
888 956 1188 1024 apostolus,
1216 954 1304 1009 die
1329 954 1441 1025 jam
1473 955 1527 1008 in
1552 968 1836 1024 vesperam
1865 953 2176 1015 desinente,

592 1061 789 1114 preces
818 1047 1178 1116 producebat.
1218 1044 1464 1116 Hospitis
1488 1045 1671 1115 itaque
1696 1043 1805 1099 ﬁlia
1834 1061 2005 1115 prope
2029 1043 2182 1099 fene-

594 1146 767 1191 stram
802 1153 833 1192 e
867 1138 1055 1193 vicino
1093 1147 1274 1204 stans,
1306 1140 1452 1193 oculi
1486 1140 1678 1195 dolore
1711 1136 2178 1195 discruciabatur.

594 1228 687 1283 Sic
716 1237 899 1284 tamen
933 1232 1168 1300 apostoli
1194 1230 1378 1285 verbis
1406 1232 1684 1286 lenocinio
1706 1231 1944 1303 quodam
1975 1233 2184 1287 mulce-

592 1321 780 1388 batur,
814 1333 877 1378 ut
918 1324 1030 1377 vim
1081 1325 1251 1394 ipsam
1306 1325 1515 1381 doloris
1554 1326 1998 1381 oblivisceretur.
2030 1324 2171 1379 Tum

596 1413 689 1468 illa
722 1414 789 1468 ad
820 1423 1033 1484 patrem
1058 1416 1348 1483 accedens,
1371 1417 1517 1471 oculi
1547 1417 1813 1486 probrum
1841 1432 1965 1472 cum
1992 1415 2184 1472 dolore

596 1506 958 1575 conjunctum
995 1510 1405 1578 expostulabat,
1439 1517 1502 1564 ut
1534 1512 1698 1580 cujus
1731 1511 1875 1565 serio
1904 1526 2037 1564 cura
2070 1524 2183 1563 non

591 1607 865 1666 ageretur.
898 1599 980 1654 Ad
1011 1616 1174 1670 quam
1210 1611 1366 1670 pater
1398 1619 1412 1656 :
1445 1600 1555 1655 Pro
1584 1610 1632 1655 te
1665 1602 1910 1672 forsitan,
1937 1600 2077 1669 lilia,
2102 1600 2185 1656 vel

592 1689 784 1758 ipsam,
806 1688 1006 1759 inquit,
1029 1690 1191 1745 libens
1219 1693 1459 1745 animam
1483 1707 1817 1761 exponerem,
1838 1693 1883 1745 si
1906 1693 2021 1763 quis
2049 1690 2186 1745 oculi

594 1783 669 1835 tui
692 1782 933 1848 dedecus,
958 1781 1228 1853 labemque
1252 1791 1420 1852 posset
1444 1783 1672 1853 auferre.
1692 1783 1793 1839 Cui
1820 1782 1927 1837 ﬁlia
1952 1784 2184 1854 gratiose

595 1872 849 1927 arridens
891 1889 905 1927 :
949 1872 1068 1938 Est,
1102 1882 1274 1943 pater,
1305 1876 1457 1927 modo
1487 1872 1635 1940 uelis,
1662 1874 1752 1945 qui
1784 1883 1832 1927 et
1865 1873 2102 1927 dolorem
2135 1880 2185 1926 et

597 1962 768 2018 labem
791 1980 984 2018 curare
1014 1940 1193 2034 possit.
1223 1965 1447 2020 Ubinam
1472 1982 1615 2027 vero,
1635 1940 1733 2030 ait,
1751 1966 1864 2034 ﬁlia
1885 1967 1910 2019 ?
1936 1966 2002 2021 In
2028 1966 2189 2019 medi-
2216 1940 2261 1999 Β

600 2058 863 2109 terraneis
908 2056 1139 2121 ardibus,
1173 2058 1460 2126 respondit
1497 2058 1618 2123 illa,
1662 2074 1817 2129 quem
1854 2059 1967 2112 heri
2008 2074 2124 2112 sero
2161 2074 2188 2111 ε

599 2150 810 2218 navigio
859 2149 1003 2203 domi
1042 2152 1337 2219 suscepisti.
1401 2151 1632 2220 Moxque
1678 2151 1988 2221 apostolum
2030 2151 2190 2222 jubet

599 2238 878 2293 accersiri.
904 2238 1223 2309 lnsertaque
1253 2240 1346 2310 qui
1368 2241 1671 2295 accersitus
1697 2249 1837 2307 erat,
1866 2240 2014 2301 dulci
2038 2240 2190 2295 veri-

601 2331 733 2383 tatis
758 2329 1030 2396 doctrina,
1055 2345 1308 2386 sermone
1336 2330 1595 2386 delinitos
1622 2348 1746 2386 cum
1772 2331 1922 2386 omni
1948 2331 2181 2397 familia,

599 2420 875 2490 baptismo
903 2421 1145 2478 intinxit.
1171 2422 1417 2492 Cumque
1436 2424 1614 2493 puella
1642 2440 1711 2478 ex
1742 2433 1898 2495 patre
1917 2423 2063 2479 oculi
2082 2439 2184 2478 cu-

598 2513 871 2567 rationem
892 2514 1229 2584 exquireret,
1262 2515 1337 2568 ait
1371 2516 1687 2584 apostolus:
1710 2514 1953 2570 Sanandi
1989 2533 2180 2571 munus

600 2604 694 2658 tibi
718 2607 971 2672 tribuam,
995 2609 1294 2677 cunctisque
1320 2609 1409 2677 qui
1435 2607 1766 2677 baptismatis
1796 2608 1990 2662 donum
2013 2624 2188 2661 susce-

599 2696 791 2766 perint.
813 2695 971 2751 Mane
992 2699 1168 2769 itaque
1188 2714 1426 2768 surgens,
1450 2716 1480 2751 ο
1505 2697 1707 2770 puella,
1728 2701 1968 2753 invocato
1992 2697 2187 2755 Christi

597 2789 831 2851 nomine,
863 2786 1133 2843 laboranti
1175 2788 1324 2843 oculo
1364 2806 1584 2843 manum
1625 2792 1852 2862 impone,
1884 2793 2188 2863 integerque

595 2895 660 2933 ac
686 2896 871 2947 sanus,
901 2883 991 2952 qui
1018 2881 1171 2937 lcesus
1205 2889 1302 2948 est,
1329 2881 1509 2937 oculus
1540 2884 1739 2937 evadet.
1768 2883 1923 2949 Quod
1954 2900 2080 2939 cum
2113 2884 2187 2940 ita

592 2971 841 3032 fecisset.
863 2982 925 3028 ut
946 2976 1205 3046 magister
1225 2975 1607 3039 admonuerat.
1626 2976 2005 3045 aegritudinem
2030 2991 2187 3031 suam

592 3065 829 3121 curavit.
852 3065 974 3133 Quo
986 3082 1064 3121 ex
1093 3076 1341 3137 tempore
1365 3068 1583 3137 sapiens
1608 3067 1911 3133 Charitina,
1934 3066 2187 3139 adjutore

591 3164 752 3228 patre
796 3173 898 3213 suo
938 3159 1217 3225 Nicolide,
1251 3162 1562 3230 apostolum
1602 3167 1793 3216 secuta
1830 3167 1916 3215 est
1953 3174 2080 3215 cum
2119 3172 2188 3214 eo

592 3246 829 3305 laudans
854 3266 918 3305 ac
946 3251 1282 3307 benedicens
1311 3253 1506 3306 Deum.

2280 671 2712 741 κλυδωνιζούσης
2754 671 2854 743 τὴν
2898 671 3052 738 ναῦν,
3088 674 3410 745 φωτοφανὴς
3444 674 3622 730 αὐτίκα
3655 693 3771 731 atau-

2282 766 2377 837 ροῦ
2405 767 2573 829 τύπος
2603 765 2695 818 ὑπ’
2725 762 2867 837 [ἀπ’]
2900 765 3071 838 αὐτῆς
3112 767 3213 837 τῆς
3255 766 3471 832 ὁλκάδος
3504 767 3595 839 τῆς
3631 770 3774 836 νυκτδς

2278 857 2341 912 τὸ
2395 855 2631 925 ζοφῶδες
2666 856 2951 927 ἐπέλαμψε
2976 872 2993 888 ο
3036 858 3130 912 καὶ
3157 858 3455 923 ἀποϐάντες
3485 859 3571 915 τοῦ
3606 860 3777 927 πλοίου,

2281 949 2372 1002 ὑπ’
2412 947 2699 1013 Ἀζωτίδος
2725 948 2867 1013 τινὸς
2890 950 2949 1003 ὲν
2970 950 3249 1021 μεσογαίῳ
3275 951 3527 1022 οἰκήματι
3548 952 3780 1022 καταχθεὶς

2280 1040 2311 1095 ό
2341 1040 2659 1103 ἀπόστολος,
2689 1042 2790 1111 τῆς
2822 1041 3039 1113 ἡμέρας
3076 1041 3178 1113 ήδη
3211 1041 3348 1114 πρὸς
3385 1042 3605 1112 ἑσπέραν
3641 1043 3780 1114 διαλη-

2281 1132 2521 1205 γούσης,
2553 1133 2653 1202 τήν
2683 1128 2849 1204 εὐχὴν
2894 1133 3205 1204 παρέτεινε.
3263 1133 3338 1187 Τὸ
3378 1133 3506 1203 γοῦν
3555 1134 3782 1206 θυγάτριον

2280 1225 2375 1280 τοῦ
2401 1223 2679 1294 ξενοδόχου
2706 1225 2763 1279 ὲν
2788 1223 2906 1296 χρῷ
2932 1225 3031 1296 τῆς
3055 1225 3323 1295 σύνεγγυς
3348 1224 3554 1297 θυρίδος
3583 1225 3782 1281 καθιστά-

2286 1334 2447 1389 μενον
2471 1356 2487 1383 ,
2517 1316 2757 1371 ὠδυνᾶτο
2784 1317 2878 1371 τὸν
2907 1316 3209 1389 ὀφθαλμόν.
3250 1317 3405 1373 Οῦτω
3436 1317 3490 1371 δὲ
3522 1320 3621 1382 τοῖς
3651 1319 3782 1388 λόγοις
3890 1316 3893 1379 ξ

2282 1407 2377 1461 τοῦ
2412 1407 2714 1461 ἀποστόλου
2749 1404 3003 1478 ήδύνετο,
3039 1408 3115 1472 ὡς
3148 1406 3243 1463 καὶ
3274 1409 3341 1461 τὸ
3373 1407 3470 1477 τῆς
3496 1407 3668 1480 ὀδύνης
3700 1412 3782 1464 ἐπι-

2284 1499 2564 1554 λαθέσθαι.
2617 1495 2751 1554 Εἶτα
2789 1499 3167 1572 προσελθοῦσα
3194 1502 3274 1574 τῷ
3318 1501 3499 1574 οἰκείῳ
3528 1502 3691 1573 πατρὶ,
3719 1502 3783 1556 τοῦ

2284 1592 2564 1663 ὀφθαλμοῦ
2589 1593 2688 1663 τήν
2713 1591 2977 1664 αἰσχύνην
3001 1594 3097 1647 σὺν
3125 1596 3192 1664 τῇ
3215 1592 3398 1666 ὀδύνῃ,
3424 1593 3494 1658 ὡς
3519 1594 3785 1665 ἀμεληθεῖσα

2286 1685 2695 1755 προσενεκάλει.
2739 1683 2798 1737 ’0
2827 1684 2883 1737 δὲ
2916 1685 3053 1756 πρὸς
3083 1685 3253 1756 αὐτὴν
3273 1727 3289 1753 ,
3332 1685 3508 1756 ’Υπὲρ
3538 1685 3641 1741 σοῦ
3663 1684 3786 1755 τάχα,

2284 1775 2520 1841 τέκνον,
2554 1776 2679 1845 ἔφη,
2708 1777 3018 1846 προθύμως
3043 1777 3120 1831 ἂν
3154 1776 3255 1831 καί
3282 1776 3396 1846 τὴν
3428 1776 3626 1847 ψυχὴν
3645 1776 3788 1844 apoll-

2280 1886 2437 1939 μην,
2467 1870 2518 1923 εί
2549 1868 2653 1922 τοῦ
2679 1868 2795 1922 σοῦ
2829 1869 3142 1938 ὀφθαλμοῦ
3172 1868 3239 1923 τὸ
3277 1867 3547 1935 δυσειδὲς
3589 1866 3792 1935 ἠδύνατο

2290 1978 2382 2027 τις
2429 1959 2891 2028 διορθώσασθαι.
2951 1961 3065 2014 Καὶ
3116 1961 3152 2033 ή
3200 1962 3334 2025 παῖς
3380 1958 3791 2033 χαριεντιξομένη.
3908 2032 3909 2045 η

2287 2053 2526 2115 Ἔστιν,
2557 2050 2763 2119 πάτερ,
2792 2052 2843 2104 εί
2864 2050 3081 2115 βούλει
3100 2092 3116 2118 ,
3163 2052 3197 2105 ὀ
3233 2049 3345 2121 τῆς
3382 2051 3593 2119 ὀδύνης
3620 2047 3700 2103 καί
3720 2045 3795 2101 τοῦ

2285 2144 2516 2210 πάθους
2561 2141 2953 2211 θεραπευτής.
2988 2143 3099 2197 Καὶ
3133 2141 3253 2198 ποῦ
3293 2142 3535 2207 τέκνον,
3578 2140 3699 2210 ἔφης
3730 2138 3797 2191 ‘E’r

2285 2234 2368 2302 τῷ
2401 2236 2705 2307 μεσογαίῳ
2741 2235 3035 2306 οἰκήματι,
3072 2235 3106 2307 ή
3152 2235 3283 2301 παῖς
3319 2234 3623 2303 ἀντεπάγει,
3662 2230 3720 2284 ὃν
3748 2229 3795 2281 ἐι

2288 2329 2399 2384 τοῦ
2427 2329 2648 2383 πλοίου
2688 2326 2765 2398 τῇ
2795 2328 2939 2399 χθὲς
2966 2327 3294 2397 ὀψιαθέντα
3323 2324 3694 2390 καθυπεδέξω.
3720 2322 3798 2376 Kal

2289 2420 2538 2490 παρευθὺ
2570 2420 2663 2473 τὸν
2699 2418 2997 2474 ἀπόστολον
3037 2418 3452 2491 προσκληθῆναι
3493 2415 3694 2474 κελεύει.
3723 2411 3799 2466 Kal

2288 2512 2503 2576 τούτοις
2532 2512 2623 2565 τὴν
2654 2511 2785 2581 ἡδὺν
2823 2512 2925 2580 τῆς
2958 2510 3220 2582 ἀληθείας
3265 2513 3294 2565 ό
3334 2507 3672 2583 προσκληθεὶς
3698 2505 3799 2558 ἐνει-

2295 2606 2531 2679 ράμενος
2562 2604 2742 2674 λόγον,
2790 2604 3011 2657 πανοικὶ
3052 2602 3397 2669 καταθέλξας
3442 2602 3694 2658 “annos.
3720 2593 3800 2663 τῆς

2291 2698 2350 2752 δὲ
2400 2698 2606 2769 κόρης,
2656 2695 2750 2750 τοῦ
2805 2694 3089 2768 ὀφθαλμοῦ
3143 2694 3535 2768 ἐπιζητοῦντος
3582 2692 3668 2762 τήν
3699 2689 3802 2741 ἴασιν

2291 2789 2389 2845 τοῦ
2421 2788 2628 2862 πατρὸς
2657 2789 2851 2858 αὐτῆς,
2886 2788 2991 2860 ἔφη
3036 2790 3064 2842 ό
3094 2787 3398 2855 ἀπόστολος
3423 2803 3437 2817 '
3475 2785 3567 2861 Σοί
3599 2782 3695 2852 τὴν
3711 2779 3801 2834 ἐπι·

2294 2881 2536 2952 στήμην
2587 2880 2698 2950 τῆς
2746 2881 2955 2951 ὑγείας
3013 2879 3339 2950 χαρίσομαι
3385 2880 3483 2934 καὶ
3539 2874 3669 2932 πᾶσι
3713 2868 3801 2933 τοῖς

2294 2974 2815 3043 προσδεξαμένοις
2866 2972 2935 3027 τὸ
2980 2972 3250 3043 χάρισμα
3286 2972 3397 3027 τοῦ
3431 2969 3796 3039 βαπτίσματος-

2291 3069 2525 3137 Πρωτας
2571 3064 2928 3130 ἀναστᾶσα,
2973 3060 3021 3120 ὦ
3064 3065 3245 3135 κόρη,
3296 3064 3380 3132 τῷ
3425 3063 3691 3133 πάσχοντι
3729 3056 3798 3123 ὀρ-

2294 3157 2502 3228 θαλμῷ
2551 3157 2661 3212 τὸν
2690 3157 2952 3227 Χριστὸν
2979 3156 3343 3227 ὀνομάσασα
3389 3156 3497 3225 τὴν
3546 3152 3687 3225 χεῖρα
3708 3145 3795 3203 ἐπί·

2294 3251 2418 3314 θες,
2453 3246 2552 3301 καί
2583 3247 2785 3315 ἄρτιος
2828 3249 2862 3301 ὀ
2894 3247 3322 3317 ,βεϐλημμένος
3365 3244 3654 3318 ὀφθαλμὸς
3676 3234 3789 3310 γενή-

595 3356 790 3397 σεται.
814 3340 1002 3405 Οὕτως
1026 3344 1060 3413 ή
1094 3343 1369 3414 μαθήτρια
1397 3344 1676 3412 ποιήσασα
1699 3341 1776 3405 ὡς
1804 3342 1833 3394 ὁ
1860 3339 2181 3402 διδάσκαλος
2212 3336 2475 3403 ὑπέθετο,
2524 3336 2585 3389 τὸ
2625 3337 2825 3389 οἰκεῖον
2883 3335 3221 3407 ἀθεράπευσε
3271 3336 3467 3400 πάθος.
3518 3334 3621 3389 Kal
3664 3330 3781 3383 imm

595 3436 634 3507 ἡ
671 3434 811 3507 σοφὴ
849 3436 1139 3506 Χαριτίνα,
1182 3436 1471 3508 συνεργεία
1503 3434 1598 3491 τοῦ
1639 3437 1846 3509 πατρὸς
1916 3436 2087 3503 αὐτῆς
2132 3433 2498 3501 Νικολείδους,
2556 3432 2758 3496 όπαδὸς
2785 3430 2881 3486 τοῦ
2938 3432 3243 3487 ἀποστόλου
3313 3433 3554 3503 ἐγένετο,
3583 3422 3783 3494 δοξάῖιοειιστι

600 3531 702 3588 σὺν
732 3529 882 3599 αὐτῷ
906 3530 1003 3585 καὶ
1031 3529 1332 3599 εὐλογοῦσα
1362 3530 1453 3585 τὸν
1481 3531 1634 3587 Θεόν.

606 3644 615 3653 ⁸
671 3623 913 3681 Veniens
950 3632 1137 3678 autem
1171 3625 1457 3694 apostolus
1493 3624 1782 3695 Philippus
1822 3623 2193 3696 Hierapolim,

2369 3622 2482 3695 Τὴν
2515 3623 2573 3676 δὲ
2623 3622 2928 3695 Ἰεράπολιν
2953 3619 3281 3677 καταλαϐὼν
3309 3623 3341 3676 ό
3369 3618 3650 3679 ἀπόστολος
3673 3608 3801 3665 illm-

600 3714 865 3771 monebat
902 3716 998 3785 qui
1041 3723 1201 3770 erant
1240 3715 1492 3782 comites,
1518 3730 1590 3771 ne
1631 3716 2031 3773 tentationibns
2068 3715 2194 3770 ani-

602 3819 753 3860 mum
795 3804 1221 3875 desponderent.
1252 3806 1402 3861 Inter
1443 3822 1566 3877 qua:
1604 3806 1877 3878 indigenae
1916 3814 1979 3861 ut
2016 3805 2198 3876 impo-

602 3906 806 3953 storem
856 3895 985 3953 dolo
1034 3914 1238 3954 necare
1282 3899 1577 3963 volebant,
1622 3915 1694 3955 ne
1748 3899 1962 3955 scilicet
2004 3911 2197 3953 eorum

601 4002 828 4053 uxores,
858 3987 1011 4043 velut
1047 3989 1214 4044 etiam
1256 3989 1491 4044 aliorum
1533 3990 1858 4054 multorum,
1885 3988 2198 4045 seduceret.

603 4077 837 4146 Quidam
877 4095 1009 4136 vero
1052 4082 1247 4148 Heros,
1282 4082 1519 4154 ingenua
1562 4099 1677 4153 ιιι-ιε
1714 4082 1947 4154 reliquis
1983 4082 2200 4139 civibus

605 4169 856 4234 fortuna.
883 4174 1196 4243 apostolum
1219 4189 1290 4230 ne
1314 4174 1655 4244 lapidaretur
1679 4175 1904 4231 liberari
1932 4174 2165 4230 studens
2180 4212 2196 4238 ,

609 4266 668 4318 in
706 4265 823 4320 haec
865 4264 981 4321 fere
1015 4268 1186 4322 verba
1237 4268 1453 4324 sodales
1487 4268 1872 4339 probabilibus
1913 4283 2201 4339 aggressus

613 4362 719 4409 est.
747 4355 857 4410 Viri
901 4358 1056 4423 cives,
1079 4375 1253 4413 meum
1298 4358 1575 4413 consilium
1617 4360 1830 4413 noscite.
1861 4357 2010 4413 Nihil
2053 4359 2200 4414 nobis

612 4449 871 4519 injustam
902 4468 1020 4506 cum
1058 4454 1332 4522 peregrino
1365 4454 1466 4507 ista
1500 4453 1710 4507 homine
1744 4470 1764 4508 .'
1799 4452 1923 4519 sed,
1946 4453 1993 4506 si
2028 4451 2201 4516 lubet,

614 4540 763 4595 illius
787 4543 1151 4597 examinemus
1181 4543 1497 4608 doctrinam,
1525 4559 1654 4597 num
1684 4543 1753 4597 ad
1783 4545 1949 4598 animi
1974 4543 2204 4598 salutem

619 4631 823 4704 aliquid
869 4636 1126 4705 conferat.
1168 4638 1307 4692 Cum
1354 4652 1519 4693 nemo
1566 4637 1732 4693 Ileroi
1783 4640 2019 4711 (quippe
2068 4654 2203 4695 vero

619 4722 851 4791 illustri)
882 4727 1264 4783 contradicere
1288 4744 1457 4784 ausus
1483 4738 1650 4796 esset,
1678 4730 1901 4800 primus
1926 4731 2044 4800 ipse
2072 4746 2207 4802 apo-

618 4817 748 4871 stoli
805 4819 978 4890 pedes
1031 4822 1388 4891 complexus,
1438 4830 1691 4877 sanctum
1744 4823 1974 4894 rogabat
2026 4832 2090 4878 ut
2147 4823 2202 4879 in

619 4907 846 4964 domum
894 4926 1049 4966 suam
1092 4912 1416 4970 diverteret.
1455 4913 1726 4985 Ingressis
1772 4914 1913 4980 illis,
1951 4915 2203 4972 Marcella

622 4999 820 5057 Herois
851 5018 991 5058 uxor
1027 5004 1303 5076 indignari
1341 5006 1607 5062 adversus
1639 5005 1848 5073 virum,
1871 5007 2205 5078 divortiique

620 5091 869 5148 libellum
901 5095 1121 5161 oﬂ‘erre,
1143 5107 1200 5152 et
1221 5107 1282 5153 ut
1306 5096 1407 5153 dos
1434 5099 1502 5153 ad
1534 5098 1711 5169 ipsam
1739 5110 2069 5168 revertatur,
2093 5101 2201 5157 nisi

621 5181 671 5237 is
715 5182 1032 5255 Philippum
1078 5187 1242 5244 domo
1285 5189 1498 5261 ejiciat,
1541 5191 1689 5247 serio
1730 5207 1949 5265 rogare.
1988 5191 2201 5250 Videns

621 5360 855 5437 éaotum
882 5372 1138 5437 _venent,
1170 5362 1511 5437 Charitinam
1532 5436 1537 5437 ί
1558 5380 1686 5421 cum
1733 5377 1893 5437 patre
1921 5376 1977 5422 et
1995 5367 2205 5424 familia

621 5429 843 5510 {inristo
882 5432 1199 5510 lucraturus
1216 5433 1579 5510 ?___Sequen_tia
1603 5429 1773 5510 etiam
1806 5439 1875 5493 de
1900 5439 2204 5510 Hierapoli.

626 5499 768 5555 forte
815 5510 1076 5579 spectent
1122 5504 1194 5579 ad
1238 5499 1569 5575 Hierapolim
1600 5507 1827 5579 _Syrize,
1873 5499 2083 5565 itinere'
2109 5508 2209 5579 de-

628 5570 1015 5648 cem.di‘e_.rum
1069 5589 1109 5648 a_
1162 5570 1459 5648 Damasci),
1529 5570 1726 5632 urbem
1791 5570 2041 5648 archiep.
2104 5577 2209 5633 sub

630 5639 943 5731 asangm
981 5628 1389 5731 ιριίοςιιεεισξ
1408 5628 1726 5731 satis:
1754 5628 2213 5731 pessimi

633 5711 776 5787 perii
832 5711 1074 5789 Turcici,
1106 5715 1204 5789 ubi
1253 5716 1437 5789 tantis
1476 5718 1587 5773 illis
1634 5711 1885 5788 patratis,
1928 5711 1985 5773 in
2033 5720 2210 5789 Phry-

633 5780 782 5847 giam
806 5789 864 5833 et
887 5780 1211 5852 Lycaoniam
1253 5787 1470 5859 venerit
1492 5828 1507 5852 ,
1557 5780 1749 5859 rut-hic
1785 5780 2021 5854 dicitur;
2057 5780 2214 5859 post-

638 5860 796 5928 remo
832 5863 1244 5908 consummatus
1294 5854 1893 5930 llierapoli__Phrygi:n,
1938 5854 2213 5929 quas-om-

641 5925 797 5973 nium
850 5929 1071 5991 recepta
1100 5925 1373 5980 sententia
1420 5935 1525 5983 est.
1574 5925 2019 5999 Hac,'q'uantu'm
2061 5944 2213 5986 asse-'-

2300 3733 2421 3781 πος,
2455 3715 2701 3771 ἐδίδασκε
2732 3715 2859 3779 τοὺς
2890 3713 3288 3785 συνεπομένους
3323 3713 3476 3786 αὐτῷ
3507 3711 3580 3783 μὴ
3617 3696 3804 3761 taxauit

2298 3809 2414 3871 τοῖς
2462 3809 2812 3878 πειρασμοῖς.
2860 3808 2971 3861 Καὶ
3000 3806 3096 3860 ἐπὶ
3144 3805 3325 3875 τούτῳ
3373 3807 3423 3860 οί
3455 3803 3685 3876 ἐγχώριοι
3708 3790 3809 3847 ἄλλο·

2300 3898 2538 3969 φονῆσαι
2576 3900 2763 3954 τοῦτον
2808 3898 3093 3953 ἀϐούλοντο
3116 3898 3194 3963 ὡς
3243 3897 3561 3961 ἀπατεῶνα,
3607 3884 3812 3962 προφάσει

2304 3992 2381 4063 μὴ
2412 3994 2507 4045 καὶ
2530 3990 2632 4055 τὰς
2660 3990 2844 4045 αὐτῶν
2873 3993 3142 4061 γυναῖκας
3172 3990 3545 4064 ἀπατηθῆναι,
3575 3985 3732 4051 ὥσπερ
3753 3972 3818 4064 Ital

2301 4085 2478 4143 ἄλλων
2511 4082 2748 4139 πολλῶν.
2792 4082 2984 4156 Ἥρως
3016 4083 3074 4138 δέ
3102 4100 3213 4150 τις,
3248 4063 3361 4138 τῶν
3399 4079 3622 4137 πολιτῶν
3646 4074 3727 4143 τὴν
3750 4063 3819 4120 τύο

2301 4194 2405 4250 χην
2434 4174 2878 4248 αίδεσιμώτερος,
2910 4174 3105 4246 ἐξᾶραι
3144 4174 3319 4229 θέλων
3351 4174 3446 4229 τοῦ
3500 4161 3733 4237 λιθασμοῦ
3757 4156 3823 4211 τδν

2300 4268 2601 4324 ἀπόστολον
2626 4309 2641 4335 ,
2673 4267 2811 4338 πρὸς
2839 4266 2967 4332 τοὺς
3002 4266 3100 4321 σὺν
3140 4265 3290 4337 αύτῷ
3321 4259 3823 4331 πιθανολογούμενοςο

2301 4359 2445 4416 οὕτω
2470 4370 2589 4425 πως
2611 4359 2737 4432 ἔφη·
2779 4358 3024 4429 Ἄνδρες
3054 4357 3318 4426 πολῖται,
3346 4360 3415 4414 τὸ
3439 4358 3541 4415 ὑπ’
3569 4346 3826 4440 ἐμοῦ

2300 4453 2638 4521 ,πενόμενον
2685 4451 2929 4522 μάθετε.
2966 4449 3177 4519 Μηδὲν
3225 4451 3376 4521 ἡμῖν
3407 4450 3613 4505 (idem
3649 4437 3735 4497 καί
3771 4437 3828 4494 τῷ

2304 4544 2459 4610 ξένῳ
2494 4543 2670 4613 ἀνδρί
2693 4556 2708 4573 ⁸
2742 4544 2882 4599 ἀλλ’
2919 4545 2972 4599 εί
3009 4543 3192 4611 δοκεῖ,
3226 4543 3345 4612 τὴν
3385 4538 3571 4597 αὑτοῦ
3596 4534 3828 4592 διδασκα-

2302 4637 2449 4694 λίαν
2488 4636 2945 4709 δοκιμάσωμεν,
2976 4637 3100 4708 εἴτε
3138 4640 3225 4704 είς
3260 4635 3539 4707 ⁴ψυχικὴν
3580 4621 3828 4698 περιποίη·

2303 4746 2411 4787 σιν
2455 4730 2647 4786 ἔσται.
2688 4732 2802 4786 Καὶ
2850 4731 2927 4796 ὡς
2972 4731 3234 4803 ἐπισήμῳ
3268 4730 3356 4802 τῷ
3396 4730 3575 4799 Ἥρωῖ
3611 4713 3827 4808 ἀντειπεῖξ

2304 4822 2404 4876 οὐκ
2450 4822 2778 4893 ἐτόλμησαν,
2812 4822 2910 4877 καὶ
2960 4822 3126 4887 αὐτὸς
3171 4823 3392 4893 πρῶτος
3425 4820 3534 4873 τῶν
3570 4811 3731 4870 ποδῶν
3765 4818 3827 4858 του

2306 4914 2609 4970 ἀποστόλου
2640 4914 2978 4986 δραξάμενος
2999 4955 3016 4982 ,
3052 4913 3321 4971 ἐδυσώπει
3369 4913 3463 4968 τδν
3491 4910 3640 4981 ἆῨιον
3676 4905 3743 4965 εἰς
3765 4894 3836 4963 τὴν

2307 5008 2487 5063 οίκίαν
2529 5006 2697 5062 αὐτοῦ
2742 5008 3069 5065 καταλῦσαι.
3111 5008 3222 5063 Καὶ
3246 5006 3573 5078 ἀμφοτέρων
3616 4987 3837 5068 item?“

2307 5118 2436 5168 νων,
2461 5101 2758 5174 Μάρκελλα
2779 5104 2813 5171 ἡ
2838 5100 2935 5155 τοῦ
2956 5102 3176 5173 Ἥρωος
3196 5077 3416 5171 γαμετὴ
3441 5094 3711 5165 ἐδυσφόρει
3732 5077 3840 5174 κατὰ

2305 5192 2403 5248 τοῦ
2439 5193 2718 5260 συνεύνου,
2749 5191 2907 5249 λύσιν
2954 5193 3051 5250 τοῦ
3101 5192 3443 5249 συνοικεσίου
3485 5184 3707 5259 ζητοῦσα
3734 5172 3838 5249 (ιε).

2311 5370 2409 5441 qui
2430 5369 2580 5436 licet,
2617 5371 2673 5426 in
2698 5370 2855 5442 resic
2869 5370 3118 5442 antiqua,
3145 5369 3410 5442 nulloque
3438 5375 3692 5442 praeterea
3720 5359 3842 5442 θεεφ

2313 5424 2465 5496 ceae
2485 5424 3255 5511 assessaia'ﬁnﬁum
3280 5424 3456 5511 favet.
3487 5436 3617 5511 illud
3653 5432 3714 5487 de
3742 5424 3843 5511 Ρῐξίζ

2314 5493 2466 5582 nisi,
2496 5493 2911 5582 assistam
2933 5493 3343 5582 sanatam
3392 5493 3576 5582 invia
3626 5493 3843 5582 ςιιηοςξο

2315 5574 2584 5653 ϐἓιὶιάοοὶε
2606 5582 2808 5652 reginae
2826 5574 3170 5653 Ethiopum',
3203 5580 3334 5635 dum
3378 5580 3585 5653 rediret
3627 5574 3842 5653 ᾼῑοῑυξὲἶν

2317 5665 2351 5705 a
2402 5649 2615 5735 Spiritu
2661 5645 2870 5735 ξορεας.
2905 5645 3173 5735 εειξᾼςι.
3215 5666 3337 5734 vn},
3395 5652 3500 5717 27;
3534 5645 3672 5735 qui}?
3696 5646 3845 5735 ﬁtﬁt

2319 5713 2507 5776 men-to
2538 5730 2643 5787 est,
2662 5713 2833 5778 fuisse
2856 5724 2975 5779 loca
2998 5713 3153 5778 'satis
3205 5713 3408 5784 vicina,
3444 5713 3568 5790 quas
3589 5717 3663 5771 sic
3692 5713 3845 5790 eos}?

2318 5806 2429 5846 nue
2463 5777 2748 5861 Philippus
2798 5777 3082 5864 apostolus
3128 5777 3590 5864 pomerit'di'vina
3621 5777 3846 5857 pradica'

2318 5862 2471 5916 tione
2493 5861 2750 5916 lustrare.
3705 5914 3715 5916 _

2318 5870 2471 5917 tione
2493 5870 2750 5918 lustrare.

2392 5914 2509 6003 (4Ξῇ
2522 5914 2750 5988 “item;
2805 5933 2910 5989 τοῦ
2947 5932 3341 5990 συνοικεσίου
3371 5927 3642 5999 ζητοῦσα.
3687 5914 3845 5983 Qu”?

3899 1698 3901 1765 ἵ
