  <div class='ocr_page' id='page_1' title='image "/cluster/home/n/w/nwhite01/storage/ocr_20150623/105/coo.31924054870096/115.png"; bbox 0 0 4094 6420; ppageno 0'>
   <div class='ocr_carea' id='block_1_1' title="bbox 529 464 630 538">
    <p class='ocr_par' dir='ltr' id='par_1_1' title="bbox 529 464 630 538">
     <span class='ocr_line' id='line_1_1' title="bbox 529 464 630 538; baseline 0.04 -5"><span class='ocrx_word' id='word_1_1' title='bbox 529 464 630 538; x_wconf 85' lang='grc'><strong>191</strong></span> 
     </span>
    </p>
   </div>
   <div class='ocr_carea' id='block_1_2' title="bbox 1729 472 2589 539">
    <p class='ocr_par' dir='ltr' id='par_1_2' title="bbox 1729 472 2589 539">
     <span class='ocr_line' id='line_1_2' title="bbox 1729 472 2589 539; baseline -0.007 -1"><span class='ocrx_word' id='word_1_2' title='bbox 1729 476 2023 539; x_wconf 70' lang='grc' dir='ltr'><strong>ΝΙΟΕΤΑΞ</strong></span> <span class='ocrx_word' id='word_1_3' title='bbox 2058 472 2589 538; x_wconf 83' lang='lat' dir='ltr'><strong>PAPHLAGONIS</strong></span> 
     </span>
    </p>
   </div>
   <div class='ocr_carea' id='block_1_3' title="bbox 3683 473 3787 540">
    <p class='ocr_par' dir='ltr' id='par_1_3' title="bbox 3683 473 3787 540">
     <span class='ocr_line' id='line_1_3' title="bbox 3683 473 3787 540; baseline 0.019 -2"><span class='ocrx_word' id='word_1_4' title='bbox 3683 473 3787 540; x_wconf 77' lang='lat'><strong>192</strong></span> 
     </span>
    </p>
   </div>
   <div class='ocr_carea' id='block_1_4' title="bbox 524 579 2125 656">
    <p class='ocr_par' dir='ltr' id='par_1_4' title="bbox 524 582 2103 656">
     <span class='ocr_line' id='line_1_4' title="bbox 524 582 2103 656; baseline -0.001 -16"><span class='ocrx_word' id='word_1_5' title='bbox 524 582 933 654; x_wconf 85' lang='lat' dir='ltr'><strong>vit.Validaque</strong></span> <span class='ocrx_word' id='word_1_6' title='bbox 961 589 1284 654; x_wconf 86' lang='lat' dir='ltr'><strong>tempestate</strong></span> <span class='ocrx_word' id='word_1_7' title='bbox 1309 584 1514 656; x_wconf 73' lang='lat' dir='ltr'><strong>iactata</strong></span> <span class='ocrx_word' id='word_1_8' title='bbox 1535 583 1683 651; x_wconf 82' lang='lat' dir='ltr'><strong>navi,</strong></span> <span class='ocrx_word' id='word_1_9' title='bbox 1701 583 1885 640; x_wconf 89' lang='lat' dir='ltr'><strong>lucida</strong></span> <span class='ocrx_word' id='word_1_10' title='bbox 1916 583 2103 640; x_wconf 87' lang='lat' dir='ltr'><strong>statim</strong></span> 
     </span>
    </p>
   </div>
   <div class='ocr_carea' id='block_1_5' title="bbox 2226 579 3784 656">
    <p class='ocr_par' dir='ltr' id='par_1_5' title="bbox 2226 579 3784 655">
     <span class='ocr_line' id='line_1_5' title="bbox 2226 579 3784 655; baseline 0 -19"><span class='ocrx_word' id='word_1_11' title='bbox 2226 582 2451 648; x_wconf 75' lang='grc' dir='ltr'>Ἀζωτρν</span> <span class='ocrx_word' id='word_1_12' title='bbox 2473 580 2628 634; x_wconf 74' lang='grc' dir='ltr'>ἔπλει</span> <span class='ocrx_word' id='word_1_13' title='bbox 2660 579 2785 651; x_wconf 75' lang='grc' dir='ltr'>νηὸς</span> <span class='ocrx_word' id='word_1_14' title='bbox 2809 579 3006 645; x_wconf 72' lang='grc' dir='ltr'>ἐπιϐάς</span> <span class='ocrx_word' id='word_1_15' title='bbox 3030 595 3044 612; x_wconf 77' lang='grc'><em>’</em></span> <span class='ocrx_word' id='word_1_16' title='bbox 3077 581 3173 636; x_wconf 77' lang='grc' dir='ltr'>καὶ</span> <span class='ocrx_word' id='word_1_17' title='bbox 3208 581 3447 655; x_wconf 68' lang='grc' dir='ltr'>σφοδρᾶς</span> <span class='ocrx_word' id='word_1_18' title='bbox 3470 582 3784 653; x_wconf 80' lang='grc' dir='ltr'>καταιγίδος</span> 
     </span>
    </p>
   </div>
   <div class='ocr_carea' id='block_1_6' title="bbox 522 675 2109 750">
    <p class='ocr_par' dir='ltr' id='par_1_6' title="bbox 522 675 2109 750">
     <span class='ocr_line' id='line_1_6' title="bbox 522 675 2109 750; baseline 0.002 -18"><span class='ocrx_word' id='word_1_19' title='bbox 522 676 708 733; x_wconf 89' lang='lat' dir='ltr'><strong>crucis</strong></span> <span class='ocrx_word' id='word_1_20' title='bbox 751 675 923 747; x_wconf 79' lang='lat' dir='ltr'><strong>figura</strong></span> <span class='ocrx_word' id='word_1_21' title='bbox 972 676 1043 730; x_wconf 86' lang='lat' dir='ltr'><strong>ab</strong></span> <span class='ocrx_word' id='word_1_22' title='bbox 1094 676 1213 747; x_wconf 91' lang='lat' dir='ltr'><strong>ipso</strong></span> <span class='ocrx_word' id='word_1_23' title='bbox 1261 679 1480 750; x_wconf 84' lang='lat' dir='ltr'><strong>navigio</strong></span> <span class='ocrx_word' id='word_1_24' title='bbox 1522 678 1714 734; x_wconf 76' lang='lat' dir='ltr'><strong>aﬂ‘usis</strong></span> <span class='ocrx_word' id='word_1_25' title='bbox 1761 677 2109 750; x_wconf 76' lang='lat' dir='ltr'><strong>fulgoribus,</strong></span> 
     </span>
    </p>
   </div>
   <div class='ocr_carea' id='block_1_7' title="bbox 528 766 2105 838">
    <p class='ocr_par' dir='ltr' id='par_1_7' title="bbox 528 766 2105 838">
     <span class='ocr_line' id='line_1_7' title="bbox 528 766 2105 838; baseline 0.001 -16"><span class='ocrx_word' id='word_1_26' title='bbox 528 767 708 823; x_wconf 89' lang='lat' dir='ltr'><strong>noctis</strong></span> <span class='ocrx_word' id='word_1_27' title='bbox 752 766 1041 838; x_wconf 66' lang='lat' dir='ltr'><strong>caliginem</strong></span> <span class='ocrx_word' id='word_1_28' title='bbox 1086 768 1365 822; x_wconf 89' lang='lat' dir='ltr'><strong>lustravit.</strong></span> <span class='ocrx_word' id='word_1_29' title='bbox 1402 768 1645 838; x_wconf 88' lang='lat' dir='ltr'><strong>Navique</strong></span> <span class='ocrx_word' id='word_1_30' title='bbox 1687 767 2105 835; x_wconf 85' lang='lat' dir='ltr'><strong>exscendentes,</strong></span> 
     </span>
    </p>
   </div>
   <div class='ocr_carea' id='block_1_8' title="bbox 520 858 2111 929">
    <p class='ocr_par' dir='ltr' id='par_1_8' title="bbox 520 858 2111 929">
     <span class='ocr_line' id='line_1_8' title="bbox 520 858 2111 929; baseline 0.001 -17"><span class='ocrx_word' id='word_1_31' title='bbox 520 859 592 912; x_wconf 88' lang='lat' dir='ltr'><strong>ab</strong></span> <span class='ocrx_word' id='word_1_32' title='bbox 632 859 862 913; x_wconf 83' lang='lat' dir='ltr'><strong>Azotide</strong></span> <span class='ocrx_word' id='word_1_33' title='bbox 904 859 1141 929; x_wconf 88' lang='lat' dir='ltr'><strong>quodam</strong></span> <span class='ocrx_word' id='word_1_34' title='bbox 1191 859 1248 913; x_wconf 93' lang='lat' dir='ltr'><strong>in</strong></span> <span class='ocrx_word' id='word_1_35' title='bbox 1295 859 1728 914; x_wconf 89' lang='lat' dir='ltr'><strong>mediterraneas</strong></span> <span class='ocrx_word' id='word_1_36' title='bbox 1770 858 1921 914; x_wconf 89' lang='lat' dir='ltr'><strong>illius</strong></span> <span class='ocrx_word' id='word_1_37' title='bbox 1964 859 2111 915; x_wconf 66' lang='lat' dir='ltr'><strong>aedes</strong></span> 
     </span>
    </p>
   </div>
   <div class='ocr_carea' id='block_1_9' title="bbox 524 951 2109 1022">
    <p class='ocr_par' dir='ltr' id='par_1_9' title="bbox 524 951 2109 1022">
     <span class='ocr_line' id='line_1_9' title="bbox 524 951 2109 1022; baseline 0.002 -17"><span class='ocrx_word' id='word_1_38' title='bbox 524 951 798 1006; x_wconf 86' lang='lat' dir='ltr'><strong>deductus</strong></span> <span class='ocrx_word' id='word_1_39' title='bbox 821 953 1123 1022; x_wconf 80' lang='lat' dir='ltr'><strong>apostolus,</strong></span> <span class='ocrx_word' id='word_1_40' title='bbox 1151 952 1239 1007; x_wconf 91' lang='lat' dir='ltr'><strong>die</strong></span> <span class='ocrx_word' id='word_1_41' title='bbox 1264 953 1375 1022; x_wconf 86' lang='lat' dir='ltr'><strong>jam</strong></span> <span class='ocrx_word' id='word_1_42' title='bbox 1407 953 1461 1006; x_wconf 92' lang='lat' dir='ltr'><strong>in</strong></span> <span class='ocrx_word' id='word_1_43' title='bbox 1487 966 1770 1022; x_wconf 83' lang='lat' dir='ltr'><strong>vesperam</strong></span> <span class='ocrx_word' id='word_1_44' title='bbox 1798 953 2109 1015; x_wconf 86' lang='lat' dir='ltr'><strong>desinente,</strong></span> 
     </span>
    </p>
   </div>
   <div class='ocr_carea' id='block_1_10' title="bbox 525 1041 2115 1115">
    <p class='ocr_par' dir='ltr' id='par_1_10' title="bbox 525 1041 2115 1115">
     <span class='ocr_line' id='line_1_10' title="bbox 525 1041 2115 1115; baseline 0.002 -19"><span class='ocrx_word' id='word_1_45' title='bbox 525 1058 723 1111; x_wconf 82' lang='lat' dir='ltr'><strong>preces</strong></span> <span class='ocrx_word' id='word_1_46' title='bbox 750 1044 1112 1113; x_wconf 86' lang='lat' dir='ltr'><strong>producebat.</strong></span> <span class='ocrx_word' id='word_1_47' title='bbox 1152 1042 1398 1114; x_wconf 82' lang='lat' dir='ltr'><strong>Hospitis</strong></span> <span class='ocrx_word' id='word_1_48' title='bbox 1422 1044 1605 1113; x_wconf 85' lang='lat' dir='ltr'><strong>itaque</strong></span> <span class='ocrx_word' id='word_1_49' title='bbox 1630 1041 1740 1097; x_wconf 86' lang='lat' dir='ltr'><strong>ﬁlia</strong></span> <span class='ocrx_word' id='word_1_50' title='bbox 1767 1060 1939 1115; x_wconf 87' lang='lat' dir='ltr'><strong>prope</strong></span> <span class='ocrx_word' id='word_1_51' title='bbox 1962 1043 2115 1099; x_wconf 78' lang='lat' dir='ltr'><strong>lene-</strong></span> 
     </span>
    </p>
   </div>
   <div class='ocr_carea' id='block_1_11' title="bbox 527 1135 2110 1202">
    <p class='ocr_par' dir='ltr' id='par_1_11' title="bbox 527 1135 2110 1202">
     <span class='ocr_line' id='line_1_11' title="bbox 527 1135 2110 1202; baseline 0.004 -14"><span class='ocrx_word' id='word_1_52' title='bbox 527 1143 701 1189; x_wconf 82' lang='lat' dir='ltr'><strong>stram</strong></span> <span class='ocrx_word' id='word_1_53' title='bbox 735 1150 766 1190; x_wconf 90' lang='lat' dir='ltr'><strong>e</strong></span> <span class='ocrx_word' id='word_1_54' title='bbox 800 1136 988 1190; x_wconf 86' lang='lat' dir='ltr'><strong>vicino</strong></span> <span class='ocrx_word' id='word_1_55' title='bbox 1027 1144 1209 1202; x_wconf 86' lang='lat' dir='ltr'><strong>stans,</strong></span> <span class='ocrx_word' id='word_1_56' title='bbox 1241 1137 1387 1191; x_wconf 90' lang='lat' dir='ltr'><strong>oculi</strong></span> <span class='ocrx_word' id='word_1_57' title='bbox 1421 1137 1613 1193; x_wconf 89' lang='lat' dir='ltr'><strong>dolore</strong></span> <span class='ocrx_word' id='word_1_58' title='bbox 1646 1135 2110 1195; x_wconf 87' lang='lat' dir='ltr'><strong>discruciabatur.</strong></span> 
     </span>
    </p>
   </div>
   <div class='ocr_carea' id='block_1_12' title="bbox 527 1224 2116 1301">
    <p class='ocr_par' dir='ltr' id='par_1_12' title="bbox 527 1224 2116 1301">
     <span class='ocr_line' id='line_1_12' title="bbox 527 1224 2116 1301; baseline 0.004 -21"><span class='ocrx_word' id='word_1_59' title='bbox 527 1224 621 1280; x_wconf 90' lang='lat' dir='ltr'><strong>Sic</strong></span> <span class='ocrx_word' id='word_1_60' title='bbox 650 1234 832 1281; x_wconf 91' lang='lat' dir='ltr'><strong>tamen</strong></span> <span class='ocrx_word' id='word_1_61' title='bbox 865 1229 1103 1297; x_wconf 89' lang='lat' dir='ltr'><strong>apostoli</strong></span> <span class='ocrx_word' id='word_1_62' title='bbox 1128 1227 1313 1283; x_wconf 86' lang='lat' dir='ltr'><strong>verbis</strong></span> <span class='ocrx_word' id='word_1_63' title='bbox 1340 1230 1618 1285; x_wconf 89' lang='lat' dir='ltr'><strong>lenocinio</strong></span> <span class='ocrx_word' id='word_1_64' title='bbox 1640 1230 1877 1301; x_wconf 91' lang='lat' dir='ltr'><strong>quodam</strong></span> <span class='ocrx_word' id='word_1_65' title='bbox 1908 1232 2116 1287; x_wconf 89' lang='lat' dir='ltr'><strong>mulce-</strong></span> 
     </span>
    </p>
   </div>
   <div class='ocr_carea' id='block_1_13' title="bbox 525 1318 2104 1392">
    <p class='ocr_par' dir='ltr' id='par_1_13' title="bbox 525 1318 2104 1392">
     <span class='ocr_line' id='line_1_13' title="bbox 525 1318 2104 1392; baseline 0.004 -19"><span class='ocrx_word' id='word_1_66' title='bbox 525 1318 713 1385; x_wconf 89' lang='lat' dir='ltr'><strong>batur,</strong></span> <span class='ocrx_word' id='word_1_67' title='bbox 746 1329 809 1375; x_wconf 90' lang='lat' dir='ltr'><strong>ut</strong></span> <span class='ocrx_word' id='word_1_68' title='bbox 850 1321 961 1375; x_wconf 78' lang='lat' dir='ltr'><strong>vim</strong></span> <span class='ocrx_word' id='word_1_69' title='bbox 1014 1323 1186 1392; x_wconf 85' lang='lat' dir='ltr'><strong>ipsam</strong></span> <span class='ocrx_word' id='word_1_70' title='bbox 1240 1322 1449 1379; x_wconf 91' lang='lat' dir='ltr'><strong>doloris</strong></span> <span class='ocrx_word' id='word_1_71' title='bbox 1489 1324 1931 1380; x_wconf 86' lang='lat' dir='ltr'><strong>oblivisceretur.</strong></span> <span class='ocrx_word' id='word_1_72' title='bbox 1963 1324 2104 1379; x_wconf 91' lang='lat' dir='ltr'><strong>Tum</strong></span> 
     </span>
    </p>
   </div>
   <div class='ocr_carea' id='block_1_14' title="bbox 528 1410 2116 1484">
    <p class='ocr_par' dir='ltr' id='par_1_14' title="bbox 528 1410 2116 1484">
     <span class='ocr_line' id='line_1_14' title="bbox 528 1410 2116 1484; baseline 0.004 -20"><span class='ocrx_word' id='word_1_73' title='bbox 528 1410 621 1465; x_wconf 91' lang='lat' dir='ltr'><strong>illa</strong></span> <span class='ocrx_word' id='word_1_74' title='bbox 655 1411 722 1465; x_wconf 89' lang='lat' dir='ltr'><strong>ad</strong></span> <span class='ocrx_word' id='word_1_75' title='bbox 752 1421 965 1481; x_wconf 84' lang='lat' dir='ltr'><strong>patrem</strong></span> <span class='ocrx_word' id='word_1_76' title='bbox 991 1414 1282 1481; x_wconf 86' lang='lat' dir='ltr'><strong>accedens,</strong></span> <span class='ocrx_word' id='word_1_77' title='bbox 1306 1416 1452 1469; x_wconf 86' lang='lat' dir='ltr'><strong>oculi</strong></span> <span class='ocrx_word' id='word_1_78' title='bbox 1480 1416 1747 1484; x_wconf 86' lang='lat' dir='ltr'><strong>probrum</strong></span> <span class='ocrx_word' id='word_1_79' title='bbox 1774 1431 1899 1471; x_wconf 91' lang='lat' dir='ltr'><strong>cum</strong></span> <span class='ocrx_word' id='word_1_80' title='bbox 1924 1415 2116 1471; x_wconf 90' lang='lat' dir='ltr'><strong>dolore</strong></span> 
     </span>
    </p>
   </div>
   <div class='ocr_carea' id='block_1_15' title="bbox 528 1503 2115 1578">
    <p class='ocr_par' dir='ltr' id='par_1_15' title="bbox 528 1503 2115 1578">
     <span class='ocr_line' id='line_1_15' title="bbox 528 1503 2115 1578; baseline 0.004 -22"><span class='ocrx_word' id='word_1_81' title='bbox 528 1503 891 1573; x_wconf 89' lang='lat' dir='ltr'><strong>eonjunetum</strong></span> <span class='ocrx_word' id='word_1_82' title='bbox 928 1507 1340 1575; x_wconf 81' lang='lat' dir='ltr'><strong>expostulabat,</strong></span> <span class='ocrx_word' id='word_1_83' title='bbox 1373 1515 1436 1562; x_wconf 92' lang='lat' dir='ltr'><strong>ut</strong></span> <span class='ocrx_word' id='word_1_84' title='bbox 1468 1510 1631 1578; x_wconf 88' lang='lat' dir='ltr'><strong>cujus</strong></span> <span class='ocrx_word' id='word_1_85' title='bbox 1664 1510 1808 1564; x_wconf 88' lang='lat' dir='ltr'><strong>serio</strong></span> <span class='ocrx_word' id='word_1_86' title='bbox 1837 1524 1970 1563; x_wconf 89' lang='lat' dir='ltr'><strong>cura</strong></span> <span class='ocrx_word' id='word_1_87' title='bbox 2002 1523 2115 1563; x_wconf 89' lang='lat' dir='ltr'><strong>non</strong></span> 
     </span>
    </p>
   </div>
   <div class='ocr_carea' id='block_1_16' title="bbox 523 1597 2117 1670">
    <p class='ocr_par' dir='ltr' id='par_1_16' title="bbox 523 1597 2117 1670">
     <span class='ocr_line' id='line_1_16' title="bbox 523 1597 2117 1670; baseline 0.004 -22"><span class='ocrx_word' id='word_1_88' title='bbox 523 1604 799 1663; x_wconf 83' lang='lat' dir='ltr'><strong>ageretur.</strong></span> <span class='ocrx_word' id='word_1_89' title='bbox 832 1597 914 1651; x_wconf 85' lang='lat' dir='ltr'><strong>Ad</strong></span> <span class='ocrx_word' id='word_1_90' title='bbox 944 1614 1109 1667; x_wconf 89' lang='lat' dir='ltr'><strong>quam</strong></span> <span class='ocrx_word' id='word_1_91' title='bbox 1143 1607 1300 1668; x_wconf 90' lang='lat' dir='ltr'><strong>pater</strong></span> <span class='ocrx_word' id='word_1_92' title='bbox 1331 1617 1345 1653; x_wconf 89' lang='lat'><strong>:</strong></span> <span class='ocrx_word' id='word_1_93' title='bbox 1378 1598 1488 1653; x_wconf 89' lang='lat' dir='ltr'><strong>Pro</strong></span> <span class='ocrx_word' id='word_1_94' title='bbox 1517 1608 1565 1654; x_wconf 86' lang='lat' dir='ltr'><strong>te</strong></span> <span class='ocrx_word' id='word_1_95' title='bbox 1597 1599 1843 1670; x_wconf 78' lang='lat' dir='ltr'><strong>forsitan,</strong></span> <span class='ocrx_word' id='word_1_96' title='bbox 1869 1599 2009 1669; x_wconf 80' lang='lat' dir='ltr'><strong>ﬁlia,</strong></span> <span class='ocrx_word' id='word_1_97' title='bbox 2034 1599 2117 1655; x_wconf 81' lang='lat' dir='ltr'><strong>vel</strong></span> 
     </span>
    </p>
   </div>
   <div class='ocr_carea' id='block_1_17' title="bbox 523 1686 2118 1762">
    <p class='ocr_par' dir='ltr' id='par_1_17' title="bbox 523 1686 2118 1762">
     <span class='ocr_line' id='line_1_17' title="bbox 523 1686 2118 1762; baseline 0.004 -23"><span class='ocrx_word' id='word_1_98' title='bbox 523 1686 718 1755; x_wconf 91' lang='lat' dir='ltr'><strong>ipsam,</strong></span> <span class='ocrx_word' id='word_1_99' title='bbox 740 1686 939 1757; x_wconf 90' lang='lat' dir='ltr'><strong>inquit,</strong></span> <span class='ocrx_word' id='word_1_100' title='bbox 962 1687 1125 1743; x_wconf 86' lang='lat' dir='ltr'><strong>libens</strong></span> <span class='ocrx_word' id='word_1_101' title='bbox 1152 1690 1392 1742; x_wconf 88' lang='lat' dir='ltr'><strong>animam</strong></span> <span class='ocrx_word' id='word_1_102' title='bbox 1416 1705 1749 1760; x_wconf 77' lang='lat' dir='ltr'><strong>exponerem,</strong></span> <span class='ocrx_word' id='word_1_103' title='bbox 1770 1691 1816 1744; x_wconf 89' lang='lat' dir='ltr'><strong>si</strong></span> <span class='ocrx_word' id='word_1_104' title='bbox 1837 1692 1952 1762; x_wconf 90' lang='lat' dir='ltr'><strong>quis</strong></span> <span class='ocrx_word' id='word_1_105' title='bbox 1980 1690 2118 1745; x_wconf 87' lang='lat' dir='ltr'><strong>oculi</strong></span> 
     </span>
    </p>
   </div>
   <div class='ocr_carea' id='block_1_18' title="bbox 526 1779 2116 1853">
    <p class='ocr_par' dir='ltr' id='par_1_18' title="bbox 526 1779 2116 1853">
     <span class='ocr_line' id='line_1_18' title="bbox 526 1779 2116 1853; baseline 0.004 -21"><span class='ocrx_word' id='word_1_106' title='bbox 526 1780 603 1833; x_wconf 89' lang='lat' dir='ltr'><strong>tui</strong></span> <span class='ocrx_word' id='word_1_107' title='bbox 625 1779 865 1845; x_wconf 86' lang='lat' dir='ltr'><strong>dedecus,</strong></span> <span class='ocrx_word' id='word_1_108' title='bbox 890 1779 1161 1851; x_wconf 83' lang='lat' dir='ltr'><strong>labemque</strong></span> <span class='ocrx_word' id='word_1_109' title='bbox 1183 1789 1353 1851; x_wconf 79' lang='lat' dir='ltr'><strong>posset</strong></span> <span class='ocrx_word' id='word_1_110' title='bbox 1376 1781 1604 1851; x_wconf 79' lang='lat' dir='ltr'><strong>auferre.</strong></span> <span class='ocrx_word' id='word_1_111' title='bbox 1624 1780 1723 1837; x_wconf 87' lang='lat' dir='ltr'><strong>Cui</strong></span> <span class='ocrx_word' id='word_1_112' title='bbox 1750 1781 1858 1836; x_wconf 81' lang='lat' dir='ltr'><strong>filia</strong></span> <span class='ocrx_word' id='word_1_113' title='bbox 1881 1783 2116 1853; x_wconf 82' lang='lat' dir='ltr'><strong>gratiose</strong></span> 
     </span>
    </p>
   </div>
   <div class='ocr_carea' id='block_1_19' title="bbox 526 1869 2116 1943">
    <p class='ocr_par' dir='ltr' id='par_1_19' title="bbox 526 1869 2116 1943">
     <span class='ocr_line' id='line_1_19' title="bbox 526 1869 2116 1943; baseline 0.002 -22"><span class='ocrx_word' id='word_1_114' title='bbox 526 1869 780 1925; x_wconf 87' lang='lat' dir='ltr'><strong>arridens</strong></span> <span class='ocrx_word' id='word_1_115' title='bbox 822 1887 837 1924; x_wconf 89' lang='lat'><strong>:</strong></span> <span class='ocrx_word' id='word_1_116' title='bbox 880 1870 998 1935; x_wconf 81' lang='lat' dir='ltr'><strong>Est,</strong></span> <span class='ocrx_word' id='word_1_117' title='bbox 1032 1879 1204 1941; x_wconf 83' lang='lat' dir='ltr'><strong>pater,</strong></span> <span class='ocrx_word' id='word_1_118' title='bbox 1235 1874 1388 1924; x_wconf 87' lang='lat' dir='ltr'><strong>modo</strong></span> <span class='ocrx_word' id='word_1_119' title='bbox 1419 1870 1566 1938; x_wconf 82' lang='lat' dir='ltr'><strong>velis,</strong></span> <span class='ocrx_word' id='word_1_120' title='bbox 1593 1873 1683 1943; x_wconf 90' lang='lat' dir='ltr'><strong>qui</strong></span> <span class='ocrx_word' id='word_1_121' title='bbox 1715 1881 1763 1926; x_wconf 93' lang='lat' dir='ltr'><strong>et</strong></span> <span class='ocrx_word' id='word_1_122' title='bbox 1796 1872 2032 1927; x_wconf 85' lang='lat' dir='ltr'><strong>dolorem</strong></span> <span class='ocrx_word' id='word_1_123' title='bbox 2067 1879 2116 1926; x_wconf 91' lang='lat' dir='ltr'><strong>et</strong></span> 
     </span>
    </p>
   </div>
   <div class='ocr_carea' id='block_1_20' title="bbox 527 1940 2193 2033">
    <p class='ocr_par' dir='ltr' id='par_1_20' title="bbox 527 1940 2193 2033">
     <span class='ocr_line' id='line_1_20' title="bbox 527 1940 2193 2033; baseline 0.002 -18"><span class='ocrx_word' id='word_1_124' title='bbox 527 1959 699 2015; x_wconf 83' lang='lat' dir='ltr'><strong>labem</strong></span> <span class='ocrx_word' id='word_1_125' title='bbox 722 1977 914 2014; x_wconf 86' lang='lat' dir='ltr'><strong>curare</strong></span> <span class='ocrx_word' id='word_1_126' title='bbox 943 1964 1123 2032; x_wconf 79' lang='lat' dir='ltr'><strong>possit.</strong></span> <span class='ocrx_word' id='word_1_127' title='bbox 1154 1962 1378 2018; x_wconf 79' lang='lat' dir='ltr'><strong>Ubinam</strong></span> <span class='ocrx_word' id='word_1_128' title='bbox 1403 1980 1546 2026; x_wconf 88' lang='lat' dir='ltr'><strong>vero,</strong></span> <span class='ocrx_word' id='word_1_129' title='bbox 1565 1940 1663 2029; x_wconf 88' lang='lat' dir='ltr'><strong>ait,</strong></span> <span class='ocrx_word' id='word_1_130' title='bbox 1682 1964 1841 2033; x_wconf 83' lang='lat' dir='ltr'><strong>ﬁlia?</strong></span> <span class='ocrx_word' id='word_1_131' title='bbox 1867 1965 1932 2020; x_wconf 87' lang='lat' dir='ltr'><strong>In</strong></span> <span class='ocrx_word' id='word_1_132' title='bbox 1958 1966 2120 2019; x_wconf 88' lang='lat' dir='ltr'><strong>medi-</strong></span> <span class='ocrx_word' id='word_1_133' title='bbox 2146 1940 2193 1999; x_wconf 79' lang='grc' dir='ltr'><strong>Β</strong></span> 
     </span>
    </p>
   </div>
   <div class='ocr_carea' id='block_1_21' title="bbox 529 2053 2120 2128">
    <p class='ocr_par' dir='ltr' id='par_1_21' title="bbox 529 2053 2120 2128">
     <span class='ocr_line' id='line_1_21' title="bbox 529 2053 2120 2128; baseline 0.003 -21"><span class='ocrx_word' id='word_1_134' title='bbox 529 2054 793 2107; x_wconf 88' lang='lat' dir='ltr'><strong>terraneis</strong></span> <span class='ocrx_word' id='word_1_135' title='bbox 838 2053 1068 2119; x_wconf 69' lang='lat' dir='ltr'><strong>ardibus,</strong></span> <span class='ocrx_word' id='word_1_136' title='bbox 1103 2055 1390 2124; x_wconf 84' lang='lat' dir='ltr'><strong>respondit</strong></span> <span class='ocrx_word' id='word_1_137' title='bbox 1428 2057 1549 2121; x_wconf 88' lang='lat' dir='ltr'><strong>illa,</strong></span> <span class='ocrx_word' id='word_1_138' title='bbox 1593 2073 1749 2128; x_wconf 86' lang='lat' dir='ltr'><strong>quem</strong></span> <span class='ocrx_word' id='word_1_139' title='bbox 1786 2058 1898 2111; x_wconf 83' lang='lat' dir='ltr'><strong>heri</strong></span> <span class='ocrx_word' id='word_1_140' title='bbox 1938 2074 2054 2112; x_wconf 86' lang='lat' dir='ltr'><strong>sero</strong></span> <span class='ocrx_word' id='word_1_141' title='bbox 2091 2073 2120 2111; x_wconf 77' lang='grc' dir='ltr'><strong>ο</strong></span> 
     </span>
    </p>
   </div>
   <div class='ocr_carea' id='block_1_22' title="bbox 528 2146 2121 2222">
    <p class='ocr_par' dir='ltr' id='par_1_22' title="bbox 528 2146 2121 2222">
     <span class='ocr_line' id='line_1_22' title="bbox 528 2146 2121 2222; baseline 0.004 -23"><span class='ocrx_word' id='word_1_142' title='bbox 528 2146 740 2215; x_wconf 78' lang='lat' dir='ltr'><strong>navigio</strong></span> <span class='ocrx_word' id='word_1_143' title='bbox 790 2146 933 2199; x_wconf 89' lang='lat' dir='ltr'><strong>domi</strong></span> <span class='ocrx_word' id='word_1_144' title='bbox 972 2149 1267 2216; x_wconf 81' lang='lat' dir='ltr'><strong>suscepisti.</strong></span> <span class='ocrx_word' id='word_1_145' title='bbox 1332 2148 1563 2218; x_wconf 79' lang='lat' dir='ltr'><strong>Moxque</strong></span> <span class='ocrx_word' id='word_1_146' title='bbox 1610 2150 1918 2219; x_wconf 82' lang='lat' dir='ltr'><strong>apostolum</strong></span> <span class='ocrx_word' id='word_1_147' title='bbox 1961 2150 2121 2222; x_wconf 90' lang='lat' dir='ltr'><strong>jubet</strong></span> 
     </span>
    </p>
   </div>
   <div class='ocr_carea' id='block_1_23' title="bbox 528 2235 2121 2307">
    <p class='ocr_par' dir='ltr' id='par_1_23' title="bbox 528 2235 2121 2307">
     <span class='ocr_line' id='line_1_23' title="bbox 528 2235 2121 2307; baseline 0.003 -18"><span class='ocrx_word' id='word_1_148' title='bbox 528 2235 809 2289; x_wconf 88' lang='lat' dir='ltr'><strong>accersiri.</strong></span> <span class='ocrx_word' id='word_1_149' title='bbox 834 2235 1153 2307; x_wconf 88' lang='lat' dir='ltr'><strong>lnsertaque</strong></span> <span class='ocrx_word' id='word_1_150' title='bbox 1183 2238 1277 2307; x_wconf 92' lang='lat' dir='ltr'><strong>qui</strong></span> <span class='ocrx_word' id='word_1_151' title='bbox 1299 2239 1602 2294; x_wconf 86' lang='lat' dir='ltr'><strong>accersitus</strong></span> <span class='ocrx_word' id='word_1_152' title='bbox 1629 2248 1770 2307; x_wconf 88' lang='lat' dir='ltr'><strong>erat,</strong></span> <span class='ocrx_word' id='word_1_153' title='bbox 1797 2239 1945 2301; x_wconf 88' lang='lat' dir='ltr'><strong>dulci</strong></span> <span class='ocrx_word' id='word_1_154' title='bbox 1970 2240 2121 2295; x_wconf 88' lang='lat' dir='ltr'><strong>veri-</strong></span> 
     </span>
    </p>
   </div>
   <div class='ocr_carea' id='block_1_24' title="bbox 531 2326 2111 2397">
    <p class='ocr_par' dir='ltr' id='par_1_24' title="bbox 531 2326 2111 2397">
     <span class='ocr_line' id='line_1_24' title="bbox 531 2326 2111 2397; baseline 0.004 -18"><span class='ocrx_word' id='word_1_155' title='bbox 531 2327 663 2380; x_wconf 85' lang='lat' dir='ltr'><strong>tatis</strong></span> <span class='ocrx_word' id='word_1_156' title='bbox 688 2326 960 2393; x_wconf 83' lang='lat' dir='ltr'><strong>doctrina,</strong></span> <span class='ocrx_word' id='word_1_157' title='bbox 985 2343 1239 2384; x_wconf 87' lang='lat' dir='ltr'><strong>sermone</strong></span> <span class='ocrx_word' id='word_1_158' title='bbox 1266 2328 1526 2385; x_wconf 91' lang='lat' dir='ltr'><strong>delinitos</strong></span> <span class='ocrx_word' id='word_1_159' title='bbox 1554 2346 1678 2385; x_wconf 92' lang='lat' dir='ltr'><strong>cum</strong></span> <span class='ocrx_word' id='word_1_160' title='bbox 1704 2330 1854 2386; x_wconf 93' lang='lat' dir='ltr'><strong>omni</strong></span> <span class='ocrx_word' id='word_1_161' title='bbox 1879 2331 2111 2397; x_wconf 81' lang='lat' dir='ltr'><strong>familia,</strong></span> 
     </span>
    </p>
   </div>
   <div class='ocr_carea' id='block_1_25' title="bbox 530 2416 2114 2492">
    <p class='ocr_par' dir='ltr' id='par_1_25' title="bbox 530 2416 2114 2492">
     <span class='ocr_line' id='line_1_25' title="bbox 530 2416 2114 2492; baseline 0.003 -20"><span class='ocrx_word' id='word_1_162' title='bbox 530 2416 805 2487; x_wconf 83' lang='lat' dir='ltr'><strong>baptismo</strong></span> <span class='ocrx_word' id='word_1_163' title='bbox 834 2418 1076 2475; x_wconf 78' lang='lat' dir='ltr'><strong>intinxit.</strong></span> <span class='ocrx_word' id='word_1_164' title='bbox 1102 2419 1349 2491; x_wconf 87' lang='lat' dir='ltr'><strong>Cumque</strong></span> <span class='ocrx_word' id='word_1_165' title='bbox 1368 2423 1546 2491; x_wconf 89' lang='lat' dir='ltr'><strong>puella</strong></span> <span class='ocrx_word' id='word_1_166' title='bbox 1574 2438 1643 2477; x_wconf 83' lang='lat' dir='ltr'><strong>ex</strong></span> <span class='ocrx_word' id='word_1_167' title='bbox 1674 2431 1830 2492; x_wconf 85' lang='lat' dir='ltr'><strong>patre</strong></span> <span class='ocrx_word' id='word_1_168' title='bbox 1848 2422 1994 2477; x_wconf 91' lang='lat' dir='ltr'><strong>oculi</strong></span> <span class='ocrx_word' id='word_1_169' title='bbox 2012 2438 2114 2477; x_wconf 86' lang='lat' dir='ltr'><strong>eu-</strong></span> 
     </span>
    </p>
   </div>
   <div class='ocr_carea' id='block_1_26' title="bbox 528 2510 2110 2582">
    <p class='ocr_par' dir='ltr' id='par_1_26' title="bbox 528 2510 2110 2582">
     <span class='ocr_line' id='line_1_26' title="bbox 528 2510 2110 2582; baseline 0.004 -21"><span class='ocrx_word' id='word_1_170' title='bbox 528 2510 802 2564; x_wconf 88' lang='lat' dir='ltr'><strong>rationem</strong></span> <span class='ocrx_word' id='word_1_171' title='bbox 824 2510 1160 2581; x_wconf 79' lang='lat' dir='ltr'><strong>exquireret,</strong></span> <span class='ocrx_word' id='word_1_172' title='bbox 1192 2512 1268 2566; x_wconf 90' lang='lat' dir='ltr'><strong>ait</strong></span> <span class='ocrx_word' id='word_1_173' title='bbox 1303 2512 1885 2582; x_wconf 84' lang='lat' dir='ltr'><strong>apostolus:Sanandi</strong></span> <span class='ocrx_word' id='word_1_174' title='bbox 1919 2531 2110 2568; x_wconf 88' lang='lat' dir='ltr'><strong>munus</strong></span> 
     </span>
    </p>
   </div>
   <div class='ocr_carea' id='block_1_27' title="bbox 530 2601 2118 2675">
    <p class='ocr_par' dir='ltr' id='par_1_27' title="bbox 530 2601 2118 2675">
     <span class='ocr_line' id='line_1_27' title="bbox 530 2601 2118 2675; baseline 0.004 -22"><span class='ocrx_word' id='word_1_175' title='bbox 530 2601 625 2654; x_wconf 91' lang='lat' dir='ltr'><strong>tibi</strong></span> <span class='ocrx_word' id='word_1_176' title='bbox 648 2603 901 2669; x_wconf 86' lang='lat' dir='ltr'><strong>tribuam,</strong></span> <span class='ocrx_word' id='word_1_177' title='bbox 924 2606 1224 2673; x_wconf 81' lang='lat' dir='ltr'><strong>cunctisque</strong></span> <span class='ocrx_word' id='word_1_178' title='bbox 1250 2606 1340 2674; x_wconf 88' lang='lat' dir='ltr'><strong>qui</strong></span> <span class='ocrx_word' id='word_1_179' title='bbox 1365 2605 1697 2675; x_wconf 81' lang='lat' dir='ltr'><strong>baptismatis</strong></span> <span class='ocrx_word' id='word_1_180' title='bbox 1728 2606 1921 2659; x_wconf 89' lang='lat' dir='ltr'><strong>donum</strong></span> <span class='ocrx_word' id='word_1_181' title='bbox 1944 2622 2118 2659; x_wconf 87' lang='lat' dir='ltr'><strong>susce-</strong></span> 
     </span>
    </p>
   </div>
   <div class='ocr_carea' id='block_1_28' title="bbox 528 2692 2118 2766">
    <p class='ocr_par' dir='ltr' id='par_1_28' title="bbox 528 2692 2118 2766">
     <span class='ocr_line' id='line_1_28' title="bbox 528 2692 2118 2766; baseline 0.003 -21"><span class='ocrx_word' id='word_1_182' title='bbox 528 2693 721 2762; x_wconf 82' lang='lat' dir='ltr'><strong>perint.</strong></span> <span class='ocrx_word' id='word_1_183' title='bbox 743 2692 901 2748; x_wconf 82' lang='lat' dir='ltr'><strong>Mane</strong></span> <span class='ocrx_word' id='word_1_184' title='bbox 921 2695 1098 2765; x_wconf 86' lang='lat' dir='ltr'><strong>itaque</strong></span> <span class='ocrx_word' id='word_1_185' title='bbox 1118 2712 1356 2766; x_wconf 86' lang='lat' dir='ltr'><strong>surgens,</strong></span> <span class='ocrx_word' id='word_1_186' title='bbox 1380 2712 1411 2748; x_wconf 91' lang='grc' dir='ltr'><strong>ο</strong></span> <span class='ocrx_word' id='word_1_187' title='bbox 1434 2695 1636 2766; x_wconf 86' lang='lat' dir='ltr'><strong>puella,</strong></span> <span class='ocrx_word' id='word_1_188' title='bbox 1660 2698 1899 2751; x_wconf 85' lang='lat' dir='ltr'><strong>invocato</strong></span> <span class='ocrx_word' id='word_1_189' title='bbox 1923 2695 2118 2752; x_wconf 84' lang='lat' dir='ltr'><strong>Christi</strong></span> 
     </span>
    </p>
   </div>
   <div class='ocr_carea' id='block_1_29' title="bbox 527 2782 2118 2861">
    <p class='ocr_par' dir='ltr' id='par_1_29' title="bbox 527 2782 2118 2861">
     <span class='ocr_line' id='line_1_29' title="bbox 527 2782 2118 2861; baseline 0.004 -25"><span class='ocrx_word' id='word_1_190' title='bbox 527 2785 761 2849; x_wconf 85' lang='lat' dir='ltr'><strong>nomine,</strong></span> <span class='ocrx_word' id='word_1_191' title='bbox 793 2782 1062 2840; x_wconf 85' lang='lat' dir='ltr'><strong>laboranti</strong></span> <span class='ocrx_word' id='word_1_192' title='bbox 1104 2785 1255 2840; x_wconf 83' lang='lat' dir='ltr'><strong>oculo</strong></span> <span class='ocrx_word' id='word_1_193' title='bbox 1294 2804 1514 2841; x_wconf 88' lang='lat' dir='ltr'><strong>manum</strong></span> <span class='ocrx_word' id='word_1_194' title='bbox 1555 2790 1783 2859; x_wconf 86' lang='lat' dir='ltr'><strong>impone,</strong></span> <span class='ocrx_word' id='word_1_195' title='bbox 1815 2790 2118 2861; x_wconf 86' lang='lat' dir='ltr'><strong>integerque</strong></span> 
     </span>
    </p>
   </div>
   <div class='ocr_carea' id='block_1_30' title="bbox 526 2878 2117 2949">
    <p class='ocr_par' dir='ltr' id='par_1_30' title="bbox 526 2878 2117 2949">
     <span class='ocr_line' id='line_1_30' title="bbox 526 2878 2117 2949; baseline 0.004 -19"><span class='ocrx_word' id='word_1_196' title='bbox 526 2892 591 2930; x_wconf 89' lang='lat' dir='ltr'><strong>ac</strong></span> <span class='ocrx_word' id='word_1_197' title='bbox 617 2892 801 2945; x_wconf 88' lang='lat' dir='ltr'><strong>sanus,</strong></span> <span class='ocrx_word' id='word_1_198' title='bbox 830 2880 921 2949; x_wconf 89' lang='lat' dir='ltr'><strong>qui</strong></span> <span class='ocrx_word' id='word_1_199' title='bbox 949 2879 1101 2933; x_wconf 73' lang='lat' dir='ltr'><strong>lazsus</strong></span> <span class='ocrx_word' id='word_1_200' title='bbox 1136 2886 1232 2945; x_wconf 86' lang='lat' dir='ltr'><strong>est,</strong></span> <span class='ocrx_word' id='word_1_201' title='bbox 1260 2878 1439 2934; x_wconf 89' lang='lat' dir='ltr'><strong>oculus</strong></span> <span class='ocrx_word' id='word_1_202' title='bbox 1471 2881 1669 2935; x_wconf 82' lang='lat' dir='ltr'><strong>evadet.</strong></span> <span class='ocrx_word' id='word_1_203' title='bbox 1699 2880 1855 2947; x_wconf 88' lang='lat' dir='ltr'><strong>Quod</strong></span> <span class='ocrx_word' id='word_1_204' title='bbox 1886 2897 2010 2936; x_wconf 91' lang='lat' dir='ltr'><strong>cum</strong></span> <span class='ocrx_word' id='word_1_205' title='bbox 2042 2881 2117 2937; x_wconf 88' lang='lat' dir='ltr'><strong>ita</strong></span> 
     </span>
    </p>
   </div>
   <div class='ocr_carea' id='block_1_31' title="bbox 523 2968 2117 3043">
    <p class='ocr_par' dir='ltr' id='par_1_31' title="bbox 523 2968 2117 3043">
     <span class='ocr_line' id='line_1_31' title="bbox 523 2968 2117 3043; baseline 0.003 -20"><span class='ocrx_word' id='word_1_206' title='bbox 523 2968 772 3028; x_wconf 79' lang='lat' dir='ltr'><strong>fecisset.</strong></span> <span class='ocrx_word' id='word_1_207' title='bbox 793 2980 855 3025; x_wconf 92' lang='lat' dir='ltr'><strong>ut</strong></span> <span class='ocrx_word' id='word_1_208' title='bbox 877 2973 1136 3043; x_wconf 83' lang='lat' dir='ltr'><strong>magister</strong></span> <span class='ocrx_word' id='word_1_209' title='bbox 1157 2972 1537 3036; x_wconf 85' lang='lat' dir='ltr'><strong>admonuerat,</strong></span> <span class='ocrx_word' id='word_1_210' title='bbox 1556 2973 1936 3043; x_wconf 81' lang='lat' dir='ltr'><strong>aegritudinem</strong></span> <span class='ocrx_word' id='word_1_211' title='bbox 1962 2988 2117 3028; x_wconf 89' lang='lat' dir='ltr'><strong>suam</strong></span> 
     </span>
    </p>
   </div>
   <div class='ocr_carea' id='block_1_32' title="bbox 525 3061 2117 3137">
    <p class='ocr_par' dir='ltr' id='par_1_32' title="bbox 525 3061 2117 3137">
     <span class='ocr_line' id='line_1_32' title="bbox 525 3061 2117 3137; baseline 0.001 -19"><span class='ocrx_word' id='word_1_212' title='bbox 525 3062 761 3118; x_wconf 85' lang='lat' dir='ltr'><strong>curavit.</strong></span> <span class='ocrx_word' id='word_1_213' title='bbox 783 3061 904 3130; x_wconf 85' lang='lat' dir='ltr'><strong>Quo</strong></span> <span class='ocrx_word' id='word_1_214' title='bbox 918 3079 996 3119; x_wconf 78' lang='lat' dir='ltr'><strong>ex</strong></span> <span class='ocrx_word' id='word_1_215' title='bbox 1025 3072 1273 3134; x_wconf 89' lang='lat' dir='ltr'><strong>tempore</strong></span> <span class='ocrx_word' id='word_1_216' title='bbox 1297 3065 1514 3135; x_wconf 89' lang='lat' dir='ltr'><strong>sapiens</strong></span> <span class='ocrx_word' id='word_1_217' title='bbox 1539 3063 1843 3130; x_wconf 89' lang='lat' dir='ltr'><strong>Charitina,</strong></span> <span class='ocrx_word' id='word_1_218' title='bbox 1865 3063 2117 3137; x_wconf 87' lang='lat' dir='ltr'><strong>adjutore</strong></span> 
     </span>
    </p>
   </div>
   <div class='ocr_carea' id='block_1_33' title="bbox 524 3155 2117 3226">
    <p class='ocr_par' dir='ltr' id='par_1_33' title="bbox 524 3155 2117 3226">
     <span class='ocr_line' id='line_1_33' title="bbox 524 3155 2117 3226; baseline 0.002 -18"><span class='ocrx_word' id='word_1_219' title='bbox 524 3162 684 3224; x_wconf 88' lang='lat' dir='ltr'><strong>patre</strong></span> <span class='ocrx_word' id='word_1_220' title='bbox 728 3169 829 3210; x_wconf 91' lang='lat' dir='ltr'><strong>suo</strong></span> <span class='ocrx_word' id='word_1_221' title='bbox 869 3155 1149 3221; x_wconf 87' lang='lat' dir='ltr'><strong>Nicolide,</strong></span> <span class='ocrx_word' id='word_1_222' title='bbox 1183 3158 1493 3226; x_wconf 88' lang='lat' dir='ltr'><strong>apostolum</strong></span> <span class='ocrx_word' id='word_1_223' title='bbox 1533 3163 1724 3212; x_wconf 87' lang='lat' dir='ltr'><strong>secuta</strong></span> <span class='ocrx_word' id='word_1_224' title='bbox 1762 3165 1847 3211; x_wconf 88' lang='lat' dir='ltr'><strong>est</strong></span> <span class='ocrx_word' id='word_1_225' title='bbox 1884 3171 2010 3211; x_wconf 90' lang='lat' dir='ltr'><strong>cum</strong></span> <span class='ocrx_word' id='word_1_226' title='bbox 2048 3170 2117 3211; x_wconf 90' lang='lat' dir='ltr'><strong>eo</strong></span> 
     </span>
    </p>
   </div>
   <div class='ocr_carea' id='block_1_34' title="bbox 523 3243 1437 3304">
    <p class='ocr_par' dir='ltr' id='par_1_34' title="bbox 523 3243 1437 3304">
     <span class='ocr_line' id='line_1_34' title="bbox 523 3243 1437 3304; baseline 0.002 -3"><span class='ocrx_word' id='word_1_227' title='bbox 523 3243 761 3302; x_wconf 87' lang='lat' dir='ltr'><strong>laudans</strong></span> <span class='ocrx_word' id='word_1_228' title='bbox 785 3262 849 3303; x_wconf 88' lang='lat' dir='ltr'><strong>ac</strong></span> <span class='ocrx_word' id='word_1_229' title='bbox 876 3247 1213 3304; x_wconf 87' lang='lat' dir='ltr'><strong>benedicens</strong></span> <span class='ocrx_word' id='word_1_230' title='bbox 1241 3249 1437 3303; x_wconf 90' lang='lat' dir='ltr'><strong>Deum.</strong></span> 
     </span>
    </p>
   </div>
   <div class='ocr_carea' id='block_1_35' title="bbox 2213 671 3789 746">
    <p class='ocr_par' dir='ltr' id='par_1_35' title="bbox 2213 671 3789 746">
     <span class='ocr_line' id='line_1_35' title="bbox 2213 671 3789 746; baseline 0 -18"><span class='ocrx_word' id='word_1_231' title='bbox 2213 671 2645 742; x_wconf 75' lang='grc' dir='ltr'>κλυδωνιζούσης</span> <span class='ocrx_word' id='word_1_232' title='bbox 2688 672 2787 744; x_wconf 84' lang='grc' dir='ltr'>τὴν</span> <span class='ocrx_word' id='word_1_233' title='bbox 2831 672 2984 740; x_wconf 94' lang='grc' dir='ltr'>ναῦν,</span> <span class='ocrx_word' id='word_1_234' title='bbox 3021 675 3348 746; x_wconf 81' lang='grc' dir='ltr'>φωτοφανὴς</span> <span class='ocrx_word' id='word_1_235' title='bbox 3384 674 3585 729; x_wconf 81' lang='grc' dir='ltr'>αὐτίκα</span> <span class='ocrx_word' id='word_1_236' title='bbox 3626 691 3789 729; x_wconf 81' lang='grc' dir='ltr'>σταυ-</span> 
     </span>
    </p>
   </div>
   <div class='ocr_carea' id='block_1_36' title="bbox 2216 763 3791 840">
    <p class='ocr_par' dir='ltr' id='par_1_36' title="bbox 2216 763 3791 840">
     <span class='ocr_line' id='line_1_36' title="bbox 2216 763 3791 840; baseline 0.001 -20"><span class='ocrx_word' id='word_1_237' title='bbox 2216 766 2310 836; x_wconf 93' lang='grc' dir='ltr'><strong>ροῦ</strong></span> <span class='ocrx_word' id='word_1_238' title='bbox 2338 766 2506 829; x_wconf 85' lang='grc' dir='ltr'><strong>τύπος</strong></span> <span class='ocrx_word' id='word_1_239' title='bbox 2536 766 2628 819; x_wconf 82' lang='grc' dir='ltr'>ὑπ’</span> <span class='ocrx_word' id='word_1_240' title='bbox 2658 763 2799 838; x_wconf 87' lang='grc' dir='ltr'>[ἀπ’]</span> <span class='ocrx_word' id='word_1_241' title='bbox 2832 766 3003 840; x_wconf 81' lang='grc' dir='ltr'>αὐτῆς</span> <span class='ocrx_word' id='word_1_242' title='bbox 3045 768 3146 839; x_wconf 89' lang='grc' dir='ltr'>τῆς</span> <span class='ocrx_word' id='word_1_243' title='bbox 3187 767 3413 833; x_wconf 81' lang='grc' dir='ltr'>ὁλκάδος</span> <span class='ocrx_word' id='word_1_244' title='bbox 3449 767 3552 839; x_wconf 84' lang='grc' dir='ltr'>τῆς</span> <span class='ocrx_word' id='word_1_245' title='bbox 3595 767 3791 834; x_wconf 76' lang='grc' dir='ltr'>νυκτὸς</span> 
     </span>
    </p>
   </div>
   <div class='ocr_carea' id='block_1_37' title="bbox 2212 856 3791 929">
    <p class='ocr_par' dir='ltr' id='par_1_37' title="bbox 2212 856 3791 929">
     <span class='ocr_line' id='line_1_37' title="bbox 2212 856 3791 929; baseline 0.001 -18"><span class='ocrx_word' id='word_1_246' title='bbox 2212 857 2275 912; x_wconf 80' lang='grc' dir='ltr'>τὸ</span> <span class='ocrx_word' id='word_1_247' title='bbox 2327 856 2565 925; x_wconf 80' lang='grc' dir='ltr'>ζοφῶδες</span> <span class='ocrx_word' id='word_1_248' title='bbox 2600 857 2884 929; x_wconf 73' lang='grc' dir='ltr'><strong>ἐπέλαμψε</strong></span> <span class='ocrx_word' id='word_1_249' title='bbox 2909 874 2926 889; x_wconf 88' lang='grc'><strong>·</strong></span> <span class='ocrx_word' id='word_1_250' title='bbox 2968 859 3063 913; x_wconf 82' lang='grc' dir='ltr'>καὶ</span> <span class='ocrx_word' id='word_1_251' title='bbox 3090 859 3396 924; x_wconf 74' lang='grc' dir='ltr'>ἀποϐάντες</span> <span class='ocrx_word' id='word_1_252' title='bbox 3427 859 3522 916; x_wconf 89' lang='grc' dir='ltr'><strong>τοῦ</strong></span> <span class='ocrx_word' id='word_1_253' title='bbox 3563 859 3750 914; x_wconf 91' lang='grc' dir='ltr'>πλοίου</span> <span class='ocrx_word' id='word_1_254' title='bbox 3772 900 3791 926; x_wconf 95' lang='grc'><strong>,</strong></span> 
     </span>
    </p>
   </div>
   <div class='ocr_carea' id='block_1_38' title="bbox 2214 948 3794 1023">
    <p class='ocr_par' dir='ltr' id='par_1_38' title="bbox 2214 948 3794 1023">
     <span class='ocr_line' id='line_1_38' title="bbox 2214 948 3794 1023; baseline 0 -20"><span class='ocrx_word' id='word_1_255' title='bbox 2214 948 2306 1003; x_wconf 83' lang='grc' dir='ltr'><strong>ὑπ’</strong></span> <span class='ocrx_word' id='word_1_256' title='bbox 2344 948 2632 1014; x_wconf 79' lang='grc' dir='ltr'>Ἀζωτίδος</span> <span class='ocrx_word' id='word_1_257' title='bbox 2658 949 2800 1014; x_wconf 83' lang='grc' dir='ltr'>τινὸς</span> <span class='ocrx_word' id='word_1_258' title='bbox 2823 952 2881 1005; x_wconf 84' lang='grc' dir='ltr'><strong>ἐν</strong></span> <span class='ocrx_word' id='word_1_259' title='bbox 2904 952 3181 1022; x_wconf 72' lang='grc' dir='ltr'>μεσογαίῳ</span> <span class='ocrx_word' id='word_1_260' title='bbox 3207 952 3471 1023; x_wconf 79' lang='grc' dir='ltr'>οἰκήματι</span> <span class='ocrx_word' id='word_1_261' title='bbox 3496 951 3794 1023; x_wconf 74' lang='grc' dir='ltr'>καταχθεὶς</span> 
     </span>
    </p>
   </div>
   <div class='ocr_carea' id='block_1_39' title="bbox 2213 1040 3794 1116">
    <p class='ocr_par' dir='ltr' id='par_1_39' title="bbox 2213 1040 3794 1116">
     <span class='ocr_line' id='line_1_39' title="bbox 2213 1040 3794 1116; baseline 0.001 -21"><span class='ocrx_word' id='word_1_262' title='bbox 2213 1041 2244 1094; x_wconf 85' lang='grc' dir='ltr'><strong>ό</strong></span> <span class='ocrx_word' id='word_1_263' title='bbox 2274 1040 2592 1104; x_wconf 83' lang='grc' dir='ltr'><strong>ἀπόστολος,</strong></span> <span class='ocrx_word' id='word_1_264' title='bbox 2622 1043 2723 1113; x_wconf 86' lang='grc' dir='ltr'>τῆς</span> <span class='ocrx_word' id='word_1_265' title='bbox 2756 1042 2971 1115; x_wconf 78' lang='grc' dir='ltr'>ἡμέρας</span> <span class='ocrx_word' id='word_1_266' title='bbox 3009 1042 3110 1114; x_wconf 78' lang='grc' dir='ltr'><strong>ήδη</strong></span> <span class='ocrx_word' id='word_1_267' title='bbox 3143 1043 3282 1116; x_wconf 79' lang='grc' dir='ltr'>πρὸς</span> <span class='ocrx_word' id='word_1_268' title='bbox 3320 1044 3560 1114; x_wconf 75' lang='grc' dir='ltr'><strong>ἑσπέραν</strong></span> <span class='ocrx_word' id='word_1_269' title='bbox 3602 1043 3794 1115; x_wconf 82' lang='grc' dir='ltr'>διαλη-</span> 
     </span>
    </p>
   </div>
   <div class='ocr_carea' id='block_1_40' title="bbox 2214 1128 3796 1206">
    <p class='ocr_par' dir='ltr' id='par_1_40' title="bbox 2214 1128 3796 1206">
     <span class='ocr_line' id='line_1_40' title="bbox 2214 1128 3796 1206; baseline -0.001 -19"><span class='ocrx_word' id='word_1_270' title='bbox 2214 1134 2454 1205; x_wconf 88' lang='grc' dir='ltr'>γούσης,</span> <span class='ocrx_word' id='word_1_271' title='bbox 2486 1134 2586 1203; x_wconf 76' lang='grc' dir='ltr'><strong>τήν</strong></span> <span class='ocrx_word' id='word_1_272' title='bbox 2616 1128 2782 1205; x_wconf 78' lang='grc' dir='ltr'>εὐχὴν</span> <span class='ocrx_word' id='word_1_273' title='bbox 2827 1135 3138 1206; x_wconf 85' lang='grc' dir='ltr'>παρέτεινε.</span> <span class='ocrx_word' id='word_1_274' title='bbox 3195 1135 3271 1189; x_wconf 86' lang='grc' dir='ltr'><strong>Τὸ</strong></span> <span class='ocrx_word' id='word_1_275' title='bbox 3313 1135 3447 1204; x_wconf 89' lang='grc' dir='ltr'>γοῦν</span> <span class='ocrx_word' id='word_1_276' title='bbox 3502 1134 3796 1206; x_wconf 86' lang='grc' dir='ltr'>θυγάτριον</span> 
     </span>
    </p>
   </div>
   <div class='ocr_carea' id='block_1_41' title="bbox 2213 1224 3798 1298">
    <p class='ocr_par' dir='ltr' id='par_1_41' title="bbox 2213 1224 3798 1298">
     <span class='ocr_line' id='line_1_41' title="bbox 2213 1224 3798 1298; baseline -0.001 -18"><span class='ocrx_word' id='word_1_277' title='bbox 2213 1225 2308 1280; x_wconf 90' lang='grc' dir='ltr'><strong>τοῦ</strong></span> <span class='ocrx_word' id='word_1_278' title='bbox 2334 1224 2611 1295; x_wconf 81' lang='grc' dir='ltr'>ξενοδόχου</span> <span class='ocrx_word' id='word_1_279' title='bbox 2639 1227 2696 1280; x_wconf 85' lang='grc' dir='ltr'><strong>ἐν</strong></span> <span class='ocrx_word' id='word_1_280' title='bbox 2720 1224 2839 1297; x_wconf 82' lang='grc' dir='ltr'><strong>χρῷ</strong></span> <span class='ocrx_word' id='word_1_281' title='bbox 2865 1227 2964 1298; x_wconf 81' lang='grc' dir='ltr'>τῆς</span> <span class='ocrx_word' id='word_1_282' title='bbox 2987 1226 3256 1297; x_wconf 84' lang='grc' dir='ltr'>σύνεγγυς</span> <span class='ocrx_word' id='word_1_283' title='bbox 3281 1227 3499 1298; x_wconf 84' lang='grc' dir='ltr'><strong>θυρίδος</strong></span> <span class='ocrx_word' id='word_1_284' title='bbox 3532 1224 3798 1285; x_wconf 82' lang='grc' dir='ltr'>καθιστά-</span> 
     </span>
    </p>
   </div>
   <div class='ocr_carea' id='block_1_42' title="bbox 2220 1316 3796 1390">
    <p class='ocr_par' dir='ltr' id='par_1_42' title="bbox 2220 1316 3796 1390">
     <span class='ocr_line' id='line_1_42' title="bbox 2220 1316 3796 1390; baseline 0.001 -18"><span class='ocrx_word' id='word_1_285' title='bbox 2220 1333 2380 1389; x_wconf 87' lang='grc' dir='ltr'>μενον</span> <span class='ocrx_word' id='word_1_286' title='bbox 2404 1357 2421 1384; x_wconf 95' lang='grc'><strong>,</strong></span> <span class='ocrx_word' id='word_1_287' title='bbox 2450 1316 2689 1372; x_wconf 80' lang='grc' dir='ltr'><strong>ὠδυνᾶτο</strong></span> <span class='ocrx_word' id='word_1_288' title='bbox 2717 1318 2811 1372; x_wconf 85' lang='grc' dir='ltr'>τὸν</span> <span class='ocrx_word' id='word_1_289' title='bbox 2840 1318 3141 1390; x_wconf 79' lang='grc' dir='ltr'>ὀφθαλμόν.</span> <span class='ocrx_word' id='word_1_290' title='bbox 3183 1319 3340 1374; x_wconf 80' lang='grc' dir='ltr'>Οῦτω</span> <span class='ocrx_word' id='word_1_291' title='bbox 3373 1319 3430 1373; x_wconf 84' lang='grc' dir='ltr'><strong>δέ</strong></span> <span class='ocrx_word' id='word_1_292' title='bbox 3464 1322 3575 1384; x_wconf 84' lang='grc' dir='ltr'>τοῖς</span> <span class='ocrx_word' id='word_1_293' title='bbox 3611 1320 3796 1389; x_wconf 85' lang='grc' dir='ltr'>λόγοις</span> 
     </span>
    </p>
   </div>
   <div class='ocr_carea' id='block_1_43' title="bbox 2214 1405 3797 1482">
    <p class='ocr_par' dir='ltr' id='par_1_43' title="bbox 2214 1405 3797 1482">
     <span class='ocr_line' id='line_1_43' title="bbox 2214 1405 3797 1482; baseline 0.001 -21"><span class='ocrx_word' id='word_1_294' title='bbox 2214 1408 2309 1461; x_wconf 90' lang='grc' dir='ltr'><strong>τοῦ</strong></span> <span class='ocrx_word' id='word_1_295' title='bbox 2346 1408 2645 1462; x_wconf 74' lang='grc' dir='ltr'>ἀποστόλου</span> <span class='ocrx_word' id='word_1_296' title='bbox 2681 1405 2935 1480; x_wconf 81' lang='grc' dir='ltr'>ἡδύνετο,</span> <span class='ocrx_word' id='word_1_297' title='bbox 2971 1409 3047 1473; x_wconf 89' lang='grc' dir='ltr'><strong>ώς</strong></span> <span class='ocrx_word' id='word_1_298' title='bbox 3080 1408 3175 1464; x_wconf 77' lang='grc' dir='ltr'>καὶ</span> <span class='ocrx_word' id='word_1_299' title='bbox 3206 1411 3277 1463; x_wconf 55' lang='lat' dir='ltr'><strong>es</strong></span> <span class='ocrx_word' id='word_1_300' title='bbox 3308 1410 3408 1479; x_wconf 85' lang='grc' dir='ltr'>τῆς</span> <span class='ocrx_word' id='word_1_301' title='bbox 3437 1408 3631 1482; x_wconf 84' lang='grc' dir='ltr'>ὀδύνης</span> <span class='ocrx_word' id='word_1_302' title='bbox 3672 1413 3797 1465; x_wconf 86' lang='grc' dir='ltr'>ἐπι-</span> 
     </span>
    </p>
   </div>
   <div class='ocr_carea' id='block_1_44' title="bbox 2216 1496 3795 1576">
    <p class='ocr_par' dir='ltr' id='par_1_44' title="bbox 2216 1496 3795 1576">
     <span class='ocr_line' id='line_1_44' title="bbox 2216 1496 3795 1576; baseline 0.003 -23"><span class='ocrx_word' id='word_1_303' title='bbox 2216 1499 2497 1555; x_wconf 80' lang='grc' dir='ltr'>λαθέσθαι.</span> <span class='ocrx_word' id='word_1_304' title='bbox 2549 1496 2683 1555; x_wconf 61' lang='lat' dir='ltr'><strong>Elea</strong></span> <span class='ocrx_word' id='word_1_305' title='bbox 2721 1501 3099 1573; x_wconf 79' lang='grc' dir='ltr'><strong>προσελθοῦσα</strong></span> <span class='ocrx_word' id='word_1_306' title='bbox 3125 1503 3206 1576; x_wconf 84' lang='grc' dir='ltr'><strong>τῷ</strong></span> <span class='ocrx_word' id='word_1_307' title='bbox 3250 1503 3438 1575; x_wconf 76' lang='grc' dir='ltr'>οἰκείῳ</span> <span class='ocrx_word' id='word_1_308' title='bbox 3469 1504 3659 1575; x_wconf 77' lang='grc' dir='ltr'>πατρὶ,</span> <span class='ocrx_word' id='word_1_309' title='bbox 3698 1504 3795 1559; x_wconf 90' lang='grc' dir='ltr'><strong>τοῦ</strong></span> 
     </span>
    </p>
   </div>
   <div class='ocr_carea' id='block_1_45' title="bbox 2216 1592 3798 1668">
    <p class='ocr_par' dir='ltr' id='par_1_45' title="bbox 2216 1592 3798 1668">
     <span class='ocr_line' id='line_1_45' title="bbox 2216 1592 3798 1668; baseline 0.003 -22"><span class='ocrx_word' id='word_1_310' title='bbox 2216 1592 2497 1663; x_wconf 80' lang='grc' dir='ltr'><strong>ὀφθαλμοῦ</strong></span> <span class='ocrx_word' id='word_1_311' title='bbox 2522 1593 2619 1663; x_wconf 79' lang='grc' dir='ltr'>τὴν</span> <span class='ocrx_word' id='word_1_312' title='bbox 2645 1592 2909 1665; x_wconf 76' lang='grc' dir='ltr'><strong>αἰσχύνην</strong></span> <span class='ocrx_word' id='word_1_313' title='bbox 2933 1596 3029 1649; x_wconf 78' lang='grc' dir='ltr'>σὺν</span> <span class='ocrx_word' id='word_1_314' title='bbox 3057 1597 3123 1666; x_wconf 83' lang='grc' dir='ltr'>τῇ</span> <span class='ocrx_word' id='word_1_315' title='bbox 3147 1594 3330 1668; x_wconf 80' lang='grc' dir='ltr'><strong>ὀδύνῃ,</strong></span> <span class='ocrx_word' id='word_1_316' title='bbox 3358 1595 3433 1660; x_wconf 85' lang='grc' dir='ltr'><strong>ὡς</strong></span> <span class='ocrx_word' id='word_1_317' title='bbox 3459 1596 3798 1668; x_wconf 80' lang='grc' dir='ltr'><strong>ἀμεληθεῖσα</strong></span> 
     </span>
    </p>
   </div>
   <div class='ocr_carea' id='block_1_46' title="bbox 2218 1684 3797 1758">
    <p class='ocr_par' dir='ltr' id='par_1_46' title="bbox 2218 1684 3797 1758">
     <span class='ocr_line' id='line_1_46' title="bbox 2218 1684 3797 1758; baseline 0.003 -20"><span class='ocrx_word' id='word_1_318' title='bbox 2218 1685 2627 1755; x_wconf 81' lang='grc' dir='ltr'><strong>προσενεκάλει.</strong></span> <span class='ocrx_word' id='word_1_319' title='bbox 2671 1684 2729 1738; x_wconf 90' lang='lat'><strong>&#39;0</strong></span> <span class='ocrx_word' id='word_1_320' title='bbox 2759 1685 2815 1739; x_wconf 89' lang='grc' dir='ltr'><strong>δέ</strong></span> <span class='ocrx_word' id='word_1_321' title='bbox 2848 1686 2985 1758; x_wconf 83' lang='grc' dir='ltr'>πρὸς</span> <span class='ocrx_word' id='word_1_322' title='bbox 3014 1686 3185 1757; x_wconf 80' lang='grc' dir='ltr'>αὐτὴν</span> <span class='ocrx_word' id='word_1_323' title='bbox 3205 1728 3221 1754; x_wconf 94' lang='grc'><strong>,</strong></span> <span class='ocrx_word' id='word_1_324' title='bbox 3264 1687 3446 1757; x_wconf 80' lang='grc' dir='ltr'>Ὑπὲρ</span> <span class='ocrx_word' id='word_1_325' title='bbox 3480 1687 3595 1743; x_wconf 88' lang='grc' dir='ltr'><strong>σοῦ</strong></span> <span class='ocrx_word' id='word_1_326' title='bbox 3622 1686 3797 1758; x_wconf 79' lang='grc' dir='ltr'>τάχα,</span> 
     </span>
    </p>
   </div>
   <div class='ocr_carea' id='block_1_47' title="bbox 2216 1775 3799 1848">
    <p class='ocr_par' dir='ltr' id='par_1_47' title="bbox 2216 1775 3799 1848">
     <span class='ocr_line' id='line_1_47' title="bbox 2216 1775 3799 1848; baseline 0.002 -18"><span class='ocrx_word' id='word_1_327' title='bbox 2216 1775 2452 1842; x_wconf 74' lang='grc' dir='ltr'>τέκνον,</span> <span class='ocrx_word' id='word_1_328' title='bbox 2485 1775 2612 1845; x_wconf 77' lang='grc' dir='ltr'>ἔφη,</span> <span class='ocrx_word' id='word_1_329' title='bbox 2639 1777 2950 1847; x_wconf 84' lang='grc' dir='ltr'>προθύμως</span> <span class='ocrx_word' id='word_1_330' title='bbox 2975 1777 3052 1832; x_wconf 81' lang='grc' dir='ltr'><strong>ἂν</strong></span> <span class='ocrx_word' id='word_1_331' title='bbox 3086 1777 3188 1833; x_wconf 77' lang='grc' dir='ltr'>καὶ</span> <span class='ocrx_word' id='word_1_332' title='bbox 3214 1777 3329 1847; x_wconf 79' lang='grc' dir='ltr'><strong>τὴν</strong></span> <span class='ocrx_word' id='word_1_333' title='bbox 3362 1779 3578 1848; x_wconf 70' lang='grc' dir='ltr'><strong>ψυχὴν</strong></span> <span class='ocrx_word' id='word_1_334' title='bbox 3600 1779 3799 1848; x_wconf 77' lang='grc' dir='ltr'>προτέο</span> 
     </span>
    </p>
   </div>
   <div class='ocr_carea' id='block_1_48' title="bbox 2212 1868 3804 1939">
    <p class='ocr_par' dir='ltr' id='par_1_48' title="bbox 2212 1868 3804 1939">
     <span class='ocr_line' id='line_1_48' title="bbox 2212 1868 3804 1939; baseline 0.002 -17"><span class='ocrx_word' id='word_1_335' title='bbox 2212 1886 2368 1939; x_wconf 85' lang='grc' dir='ltr'>μην,</span> <span class='ocrx_word' id='word_1_336' title='bbox 2399 1870 2451 1923; x_wconf 82' lang='grc' dir='ltr'><strong>εί</strong></span> <span class='ocrx_word' id='word_1_337' title='bbox 2481 1868 2585 1923; x_wconf 86' lang='grc' dir='ltr'><strong>τοῦ</strong></span> <span class='ocrx_word' id='word_1_338' title='bbox 2611 1869 2727 1923; x_wconf 87' lang='grc' dir='ltr'><strong>σοῦ</strong></span> <span class='ocrx_word' id='word_1_339' title='bbox 2760 1869 3075 1939; x_wconf 74' lang='grc' dir='ltr'><strong>ὀφθαλμοῦ</strong></span> <span class='ocrx_word' id='word_1_340' title='bbox 3104 1870 3171 1924; x_wconf 87' lang='grc' dir='ltr'>τὸ</span> <span class='ocrx_word' id='word_1_341' title='bbox 3208 1869 3488 1936; x_wconf 81' lang='grc' dir='ltr'>δυσειδὲς</span> <span class='ocrx_word' id='word_1_342' title='bbox 3534 1870 3804 1938; x_wconf 76' lang='grc' dir='ltr'>ἠδύνατό</span> 
     </span>
    </p>
   </div>
   <div class='ocr_carea' id='block_1_49' title="bbox 2222 1960 3798 2034">
    <p class='ocr_par' dir='ltr' id='par_1_49' title="bbox 2222 1960 3798 2034">
     <span class='ocr_line' id='line_1_49' title="bbox 2222 1960 3798 2034; baseline 0 -20"><span class='ocrx_word' id='word_1_343' title='bbox 2222 1977 2313 2027; x_wconf 86' lang='grc' dir='ltr'><strong>τις</strong></span> <span class='ocrx_word' id='word_1_344' title='bbox 2361 1960 2823 2029; x_wconf 82' lang='grc' dir='ltr'><strong>διορθώσασθαι.</strong></span> <span class='ocrx_word' id='word_1_345' title='bbox 2883 1962 2997 2016; x_wconf 78' lang='grc' dir='ltr'><strong>Καὶ</strong></span> <span class='ocrx_word' id='word_1_346' title='bbox 3048 1963 3083 2034; x_wconf 76' lang='grc' dir='ltr'><strong>ἡ</strong></span> <span class='ocrx_word' id='word_1_347' title='bbox 3131 1963 3265 2026; x_wconf 86' lang='grc' dir='ltr'>παῖς</span> <span class='ocrx_word' id='word_1_348' title='bbox 3311 1960 3798 2034; x_wconf 78' lang='grc' dir='ltr'>χαριεντιςομένη,</span> 
     </span>
    </p>
   </div>
   <div class='ocr_carea' id='block_1_50' title="bbox 2218 2050 3802 2122">
    <p class='ocr_par' dir='ltr' id='par_1_50' title="bbox 2218 2050 3802 2122">
     <span class='ocr_line' id='line_1_50' title="bbox 2218 2050 3802 2122; baseline 0 -16"><span class='ocrx_word' id='word_1_349' title='bbox 2218 2052 2456 2116; x_wconf 77' lang='grc' dir='ltr'>Ἔστιν,</span> <span class='ocrx_word' id='word_1_350' title='bbox 2488 2050 2695 2121; x_wconf 84' lang='grc' dir='ltr'>πάτερ,</span> <span class='ocrx_word' id='word_1_351' title='bbox 2723 2053 2775 2105; x_wconf 81' lang='grc' dir='ltr'><strong>εί</strong></span> <span class='ocrx_word' id='word_1_352' title='bbox 2794 2050 3011 2117; x_wconf 73' lang='grc' dir='ltr'>,βούλει</span> <span class='ocrx_word' id='word_1_353' title='bbox 3031 2093 3046 2120; x_wconf 93' lang='grc'><strong>,</strong></span> <span class='ocrx_word' id='word_1_354' title='bbox 3094 2054 3128 2107; x_wconf 84' lang='grc' dir='ltr'><em>ὀ</em></span> <span class='ocrx_word' id='word_1_355' title='bbox 3164 2051 3275 2122; x_wconf 82' lang='grc' dir='ltr'>τῆς</span> <span class='ocrx_word' id='word_1_356' title='bbox 3313 2052 3537 2121; x_wconf 79' lang='grc' dir='ltr'>ὀδύνης</span> <span class='ocrx_word' id='word_1_357' title='bbox 3569 2050 3802 2107; x_wconf 72' lang='grc' dir='ltr'>καὶτοῦ</span> 
     </span>
    </p>
   </div>
   <div class='ocr_carea' id='block_1_51' title="bbox 2216 2142 3807 2214">
    <p class='ocr_par' dir='ltr' id='par_1_51' title="bbox 2216 2142 3807 2214">
     <span class='ocr_line' id='line_1_51' title="bbox 2216 2142 3807 2214; baseline -0.001 -17"><span class='ocrx_word' id='word_1_358' title='bbox 2216 2143 2446 2211; x_wconf 85' lang='grc' dir='ltr'>πάθους</span> <span class='ocrx_word' id='word_1_359' title='bbox 2491 2142 2884 2212; x_wconf 81' lang='grc' dir='ltr'>θεραπευτής.</span> <span class='ocrx_word' id='word_1_360' title='bbox 2919 2144 3031 2198; x_wconf 82' lang='lat' dir='ltr'><strong>Kal</strong></span> <span class='ocrx_word' id='word_1_361' title='bbox 3064 2143 3184 2200; x_wconf 80' lang='grc' dir='ltr'><strong>ποῦ</strong></span> <span class='ocrx_word' id='word_1_362' title='bbox 3224 2143 3472 2210; x_wconf 78' lang='grc' dir='ltr'>τέκνον,</span> <span class='ocrx_word' id='word_1_363' title='bbox 3521 2143 3663 2214; x_wconf 76' lang='grc' dir='ltr'>ἔφης</span> <span class='ocrx_word' id='word_1_364' title='bbox 3706 2143 3807 2197; x_wconf 72' lang='grc' dir='ltr'><strong>Ἑν</strong></span> 
     </span>
    </p>
   </div>
   <div class='ocr_carea' id='block_1_52' title="bbox 2216 2233 3803 2308">
    <p class='ocr_par' dir='ltr' id='par_1_52' title="bbox 2216 2233 3803 2308">
     <span class='ocr_line' id='line_1_52' title="bbox 2216 2233 3803 2308; baseline -0.003 -16"><span class='ocrx_word' id='word_1_365' title='bbox 2216 2235 2298 2303; x_wconf 82' lang='grc' dir='ltr'>τῷ</span> <span class='ocrx_word' id='word_1_366' title='bbox 2331 2236 2634 2307; x_wconf 76' lang='grc' dir='ltr'><strong>μεσογαίῳ</strong></span> <span class='ocrx_word' id='word_1_367' title='bbox 2671 2236 2965 2307; x_wconf 70' lang='grc' dir='ltr'>οἰκήματι,</span> <span class='ocrx_word' id='word_1_368' title='bbox 3002 2237 3037 2308; x_wconf 82' lang='grc' dir='ltr'><strong>ἡ</strong></span> <span class='ocrx_word' id='word_1_369' title='bbox 3082 2238 3213 2302; x_wconf 85' lang='grc' dir='ltr'>παῖς</span> <span class='ocrx_word' id='word_1_370' title='bbox 3248 2238 3571 2306; x_wconf 84' lang='grc' dir='ltr'>ἀντεπάγει,</span> <span class='ocrx_word' id='word_1_371' title='bbox 3617 2235 3691 2289; x_wconf 80' lang='grc' dir='ltr'><strong>ὃν</strong></span> <span class='ocrx_word' id='word_1_372' title='bbox 3730 2233 3803 2287; x_wconf 77' lang='grc' dir='ltr'><strong>ἐκ</strong></span> 
     </span>
    </p>
   </div>
   <div class='ocr_carea' id='block_1_53' title="bbox 2219 2327 3808 2399">
    <p class='ocr_par' dir='ltr' id='par_1_53' title="bbox 2219 2327 3808 2399">
     <span class='ocr_line' id='line_1_53' title="bbox 2219 2327 3808 2399; baseline -0.003 -15"><span class='ocrx_word' id='word_1_373' title='bbox 2219 2330 2329 2384; x_wconf 89' lang='grc' dir='ltr'><strong>τοῦ</strong></span> <span class='ocrx_word' id='word_1_374' title='bbox 2357 2330 2578 2384; x_wconf 72' lang='grc' dir='ltr'>πλοίου</span> <span class='ocrx_word' id='word_1_375' title='bbox 2618 2328 2695 2399; x_wconf 77' lang='grc' dir='ltr'>τῇ</span> <span class='ocrx_word' id='word_1_376' title='bbox 2726 2329 2870 2399; x_wconf 85' lang='grc' dir='ltr'>χθὲς</span> <span class='ocrx_word' id='word_1_377' title='bbox 2896 2329 3224 2398; x_wconf 69' lang='grc' dir='ltr'>ὀψωθέντα</span> <span class='ocrx_word' id='word_1_378' title='bbox 3252 2328 3656 2395; x_wconf 80' lang='grc' dir='ltr'>καθυπεδέεω.</span> <span class='ocrx_word' id='word_1_379' title='bbox 3691 2327 3808 2382; x_wconf 79' lang='grc' dir='ltr'><strong>Καὶ</strong></span> 
     </span>
    </p>
   </div>
   <div class='ocr_carea' id='block_1_54' title="bbox 2220 2417 3810 2492">
    <p class='ocr_par' dir='ltr' id='par_1_54' title="bbox 2220 2417 3810 2492">
     <span class='ocr_line' id='line_1_54' title="bbox 2220 2417 3810 2492; baseline -0.001 -20"><span class='ocrx_word' id='word_1_380' title='bbox 2220 2420 2468 2490; x_wconf 80' lang='grc' dir='ltr'>παρευθὺ</span> <span class='ocrx_word' id='word_1_381' title='bbox 2500 2421 2593 2473; x_wconf 80' lang='grc' dir='ltr'>τὸν</span> <span class='ocrx_word' id='word_1_382' title='bbox 2630 2419 2928 2475; x_wconf 85' lang='grc' dir='ltr'>ἀπόστολον</span> <span class='ocrx_word' id='word_1_383' title='bbox 2966 2419 3382 2492; x_wconf 85' lang='grc' dir='ltr'>προσκληθῆναι</span> <span class='ocrx_word' id='word_1_384' title='bbox 3425 2419 3656 2475; x_wconf 83' lang='grc' dir='ltr'>κελεύει.</span> <span class='ocrx_word' id='word_1_385' title='bbox 3694 2417 3810 2471; x_wconf 84' lang='grc' dir='ltr'><strong>Καὶ</strong></span> 
     </span>
    </p>
   </div>
   <div class='ocr_carea' id='block_1_55' title="bbox 2219 2509 3810 2582">
    <p class='ocr_par' dir='ltr' id='par_1_55' title="bbox 2219 2509 3810 2582">
     <span class='ocr_line' id='line_1_55' title="bbox 2219 2509 3810 2582; baseline -0.003 -18"><span class='ocrx_word' id='word_1_386' title='bbox 2219 2511 2433 2574; x_wconf 79' lang='grc' dir='ltr'>τούτοις</span> <span class='ocrx_word' id='word_1_387' title='bbox 2461 2511 2553 2563; x_wconf 63' lang='grc' dir='ltr'>τὴν</span> <span class='ocrx_word' id='word_1_388' title='bbox 2584 2510 2715 2579; x_wconf 79' lang='grc' dir='ltr'>ἡδὺν</span> <span class='ocrx_word' id='word_1_389' title='bbox 2754 2511 2856 2579; x_wconf 81' lang='grc' dir='ltr'>τῆς</span> <span class='ocrx_word' id='word_1_390' title='bbox 2889 2511 3151 2581; x_wconf 82' lang='grc' dir='ltr'>ἀληθείας</span> <span class='ocrx_word' id='word_1_391' title='bbox 3196 2513 3224 2565; x_wconf 86' lang='grc' dir='ltr'><strong>ό</strong></span> <span class='ocrx_word' id='word_1_392' title='bbox 3261 2509 3628 2582; x_wconf 74' lang='grc' dir='ltr'>προσκληθεὶς</span> <span class='ocrx_word' id='word_1_393' title='bbox 3661 2510 3810 2563; x_wconf 87' lang='grc' dir='ltr'>ἐνει-</span> 
     </span>
    </p>
   </div>
   <div class='ocr_carea' id='block_1_56' title="bbox 2226 2597 3811 2676">
    <p class='ocr_par' dir='ltr' id='par_1_56' title="bbox 2226 2597 3811 2676">
     <span class='ocr_line' id='line_1_56' title="bbox 2226 2597 3811 2676; baseline -0.004 -19"><span class='ocrx_word' id='word_1_394' title='bbox 2226 2604 2461 2676; x_wconf 88' lang='grc' dir='ltr'>ράμενος</span> <span class='ocrx_word' id='word_1_395' title='bbox 2492 2602 2673 2672; x_wconf 81' lang='grc' dir='ltr'>λόγον,</span> <span class='ocrx_word' id='word_1_396' title='bbox 2721 2601 2942 2655; x_wconf 76' lang='grc' dir='ltr'>πανοικὶ</span> <span class='ocrx_word' id='word_1_397' title='bbox 2983 2600 3324 2666; x_wconf 79' lang='grc' dir='ltr'>καταθέλξας</span> <span class='ocrx_word' id='word_1_398' title='bbox 3370 2600 3654 2656; x_wconf 76' lang='grc' dir='ltr'>ἐϐάπτισε.</span> <span class='ocrx_word' id='word_1_399' title='bbox 3690 2597 3811 2667; x_wconf 85' lang='grc' dir='ltr'><strong>Τῆς</strong></span> 
     </span>
    </p>
   </div>
   <div class='ocr_carea' id='block_1_57' title="bbox 2223 2690 3812 2767">
    <p class='ocr_par' dir='ltr' id='par_1_57' title="bbox 2223 2690 3812 2767">
     <span class='ocr_line' id='line_1_57' title="bbox 2223 2690 3812 2767; baseline -0.004 -18"><span class='ocrx_word' id='word_1_400' title='bbox 2223 2696 2281 2749; x_wconf 85' lang='grc' dir='ltr'><strong>δέ</strong></span> <span class='ocrx_word' id='word_1_401' title='bbox 2330 2695 2537 2767; x_wconf 84' lang='grc' dir='ltr'>κόρης,</span> <span class='ocrx_word' id='word_1_402' title='bbox 2586 2693 2682 2747; x_wconf 93' lang='grc' dir='ltr'><strong>τοῦ</strong></span> <span class='ocrx_word' id='word_1_403' title='bbox 2735 2692 3019 2765; x_wconf 78' lang='grc' dir='ltr'>ὀφθαλμοῦ</span> <span class='ocrx_word' id='word_1_404' title='bbox 3074 2693 3466 2765; x_wconf 74' lang='grc' dir='ltr'>ἐπιζητοῦντος</span> <span class='ocrx_word' id='word_1_405' title='bbox 3518 2691 3619 2762; x_wconf 80' lang='grc' dir='ltr'>τὴν</span> <span class='ocrx_word' id='word_1_406' title='bbox 3661 2690 3812 2743; x_wconf 83' lang='grc' dir='ltr'>ῐασιν</span> 
     </span>
    </p>
   </div>
   <div class='ocr_carea' id='block_1_58' title="bbox 2222 2781 3811 2861">
    <p class='ocr_par' dir='ltr' id='par_1_58' title="bbox 2222 2781 3811 2861">
     <span class='ocr_line' id='line_1_58' title="bbox 2222 2781 3811 2861; baseline -0.006 -18"><span class='ocrx_word' id='word_1_407' title='bbox 2222 2787 2319 2843; x_wconf 87' lang='grc' dir='ltr'><strong>τοῦ</strong></span> <span class='ocrx_word' id='word_1_408' title='bbox 2350 2784 2559 2859; x_wconf 69' lang='grc' dir='ltr'>πατρὸς</span> <span class='ocrx_word' id='word_1_409' title='bbox 2587 2786 2781 2855; x_wconf 80' lang='grc' dir='ltr'>αὐτῆς,</span> <span class='ocrx_word' id='word_1_410' title='bbox 2817 2786 2921 2857; x_wconf 78' lang='grc' dir='ltr'>ἔφη</span> <span class='ocrx_word' id='word_1_411' title='bbox 2967 2788 2994 2839; x_wconf 88' lang='grc' dir='ltr'><strong>ό</strong></span> <span class='ocrx_word' id='word_1_412' title='bbox 3024 2785 3322 2850; x_wconf 76' lang='grc' dir='ltr'>ἀπόστολος</span> <span class='ocrx_word' id='word_1_413' title='bbox 3347 2800 3361 2813; x_wconf 84' lang='grc'><strong>·</strong></span> <span class='ocrx_word' id='word_1_414' title='bbox 3401 2783 3499 2861; x_wconf 62' lang='grc' dir='ltr'><strong>Σοὶ</strong></span> <span class='ocrx_word' id='word_1_415' title='bbox 3536 2782 3653 2851; x_wconf 81' lang='grc' dir='ltr'><strong>τὴν</strong></span> <span class='ocrx_word' id='word_1_416' title='bbox 3676 2781 3811 2835; x_wconf 78' lang='grc' dir='ltr'>ἐπι-</span> 
     </span>
    </p>
   </div>
   <div class='ocr_carea' id='block_1_59' title="bbox 2224 2870 3814 2949">
    <p class='ocr_par' dir='ltr' id='par_1_59' title="bbox 2224 2870 3814 2949">
     <span class='ocr_line' id='line_1_59' title="bbox 2224 2870 3814 2949; baseline -0.007 -14"><span class='ocrx_word' id='word_1_417' title='bbox 2224 2878 2466 2948; x_wconf 80' lang='grc' dir='ltr'>στήμην</span> <span class='ocrx_word' id='word_1_418' title='bbox 2517 2878 2628 2946; x_wconf 85' lang='grc' dir='ltr'>τῆς</span> <span class='ocrx_word' id='word_1_419' title='bbox 2675 2878 2884 2949; x_wconf 75' lang='grc' dir='ltr'>ὑγείας</span> <span class='ocrx_word' id='word_1_420' title='bbox 2942 2876 3264 2946; x_wconf 83' lang='grc' dir='ltr'>χαρίσομαι</span> <span class='ocrx_word' id='word_1_421' title='bbox 3309 2876 3410 2930; x_wconf 79' lang='grc' dir='ltr'><strong>καὶ</strong></span> <span class='ocrx_word' id='word_1_422' title='bbox 3469 2872 3623 2930; x_wconf 79' lang='grc' dir='ltr'>πᾶσι</span> <span class='ocrx_word' id='word_1_423' title='bbox 3681 2870 3814 2939; x_wconf 85' lang='grc' dir='ltr'>τοῖς</span> 
     </span>
    </p>
   </div>
   <div class='ocr_carea' id='block_1_60' title="bbox 2224 2967 3806 3040">
    <p class='ocr_par' dir='ltr' id='par_1_60' title="bbox 2224 2967 3806 3040">
     <span class='ocr_line' id='line_1_60' title="bbox 2224 2967 3806 3040; baseline -0.003 -14"><span class='ocrx_word' id='word_1_424' title='bbox 2224 2971 2745 3040; x_wconf 76' lang='grc' dir='ltr'>προσδεξαμένοις</span> <span class='ocrx_word' id='word_1_425' title='bbox 2796 2969 2864 3023; x_wconf 87' lang='grc' dir='ltr'>τὸ</span> <span class='ocrx_word' id='word_1_426' title='bbox 2909 2969 3180 3039; x_wconf 80' lang='grc' dir='ltr'>χάρισμα</span> <span class='ocrx_word' id='word_1_427' title='bbox 3215 2967 3324 3022; x_wconf 89' lang='grc' dir='ltr'><strong>τοῦ</strong></span> <span class='ocrx_word' id='word_1_428' title='bbox 3357 2967 3806 3038; x_wconf 76' lang='grc' dir='ltr'>βαπτίσματος.</span> 
     </span>
    </p>
   </div>
   <div class='ocr_carea' id='block_1_61' title="bbox 2221 3056 3811 3134">
    <p class='ocr_par' dir='ltr' id='par_1_61' title="bbox 2221 3056 3811 3134">
     <span class='ocr_line' id='line_1_61' title="bbox 2221 3056 3811 3134; baseline -0.006 -13"><span class='ocrx_word' id='word_1_429' title='bbox 2221 3065 2454 3134; x_wconf 85' lang='grc' dir='ltr'>Πρωτας</span> <span class='ocrx_word' id='word_1_430' title='bbox 2501 3061 2858 3126; x_wconf 82' lang='grc' dir='ltr'>ἀναστᾶσα,</span> <span class='ocrx_word' id='word_1_431' title='bbox 2902 3056 2950 3117; x_wconf 87' lang='grc' dir='ltr'>ὧ</span> <span class='ocrx_word' id='word_1_432' title='bbox 2993 3061 3174 3131; x_wconf 75' lang='grc' dir='ltr'>κόρη,</span> <span class='ocrx_word' id='word_1_433' title='bbox 3224 3059 3306 3127; x_wconf 84' lang='grc' dir='ltr'>τῷ</span> <span class='ocrx_word' id='word_1_434' title='bbox 3350 3059 3652 3129; x_wconf 81' lang='grc' dir='ltr'>πάσχοντι</span> <span class='ocrx_word' id='word_1_435' title='bbox 3705 3058 3811 3127; x_wconf 70' lang='grc' dir='ltr'><strong>όφ-</strong></span> 
     </span>
    </p>
   </div>
   <div class='ocr_carea' id='block_1_62' title="bbox 2224 3149 3809 3225">
    <p class='ocr_par' dir='ltr' id='par_1_62' title="bbox 2224 3149 3809 3225">
     <span class='ocr_line' id='line_1_62' title="bbox 2224 3149 3809 3225; baseline -0.005 -13"><span class='ocrx_word' id='word_1_436' title='bbox 2224 3153 2431 3225; x_wconf 77' lang='grc' dir='ltr'>θαλμῷ</span> <span class='ocrx_word' id='word_1_437' title='bbox 2480 3154 2590 3208; x_wconf 78' lang='grc' dir='ltr'><strong>τὸν</strong></span> <span class='ocrx_word' id='word_1_438' title='bbox 2619 3153 2880 3224; x_wconf 78' lang='grc' dir='ltr'>Χριστὸν</span> <span class='ocrx_word' id='word_1_439' title='bbox 2908 3151 3269 3222; x_wconf 79' lang='grc' dir='ltr'>ὀνομάσασα</span> <span class='ocrx_word' id='word_1_440' title='bbox 3315 3151 3425 3219; x_wconf 71' lang='grc' dir='ltr'><strong>τὴν</strong></span> <span class='ocrx_word' id='word_1_441' title='bbox 3475 3150 3645 3221; x_wconf 81' lang='grc' dir='ltr'>χεῖρα</span> <span class='ocrx_word' id='word_1_442' title='bbox 3676 3149 3809 3205; x_wconf 78' lang='grc' dir='ltr'>ἐπι-</span> 
     </span>
    </p>
   </div>
   <div class='ocr_carea' id='block_1_63' title="bbox 2224 3240 3806 3313">
    <p class='ocr_par' dir='ltr' id='par_1_63' title="bbox 2224 3240 3806 3313">
     <span class='ocr_line' id='line_1_63' title="bbox 2224 3240 3806 3313; baseline -0.006 -14"><span class='ocrx_word' id='word_1_443' title='bbox 2224 3248 2347 3311; x_wconf 84' lang='grc' dir='ltr'>θες,</span> <span class='ocrx_word' id='word_1_444' title='bbox 2381 3243 2482 3298; x_wconf 75' lang='grc' dir='ltr'>καὶ</span> <span class='ocrx_word' id='word_1_445' title='bbox 2512 3242 2714 3311; x_wconf 76' lang='grc' dir='ltr'>ἄρτιος</span> <span class='ocrx_word' id='word_1_446' title='bbox 2758 3245 2792 3297; x_wconf 82' lang='grc' dir='ltr'><em>ὁ</em></span> <span class='ocrx_word' id='word_1_447' title='bbox 2823 3242 3249 3312; x_wconf 71' lang='grc' dir='ltr'>βεϐλημμένος</span> <span class='ocrx_word' id='word_1_448' title='bbox 3291 3242 3600 3313; x_wconf 70' lang='grc' dir='ltr'>ὀφθαλμὸς</span> <span class='ocrx_word' id='word_1_449' title='bbox 3630 3240 3806 3311; x_wconf 70' lang='grc' dir='ltr'>γενή-</span> 
     </span>
    </p>
   </div>
   <div class='ocr_carea' id='block_1_64' title="bbox 527 3330 3805 3410">
    <p class='ocr_par' dir='ltr' id='par_1_64' title="bbox 527 3330 3805 3410">
     <span class='ocr_line' id='line_1_64' title="bbox 527 3330 3805 3410; baseline -0.003 -16"><span class='ocrx_word' id='word_1_450' title='bbox 527 3353 720 3394; x_wconf 81' lang='grc' dir='ltr'>σεται.</span> <span class='ocrx_word' id='word_1_451' title='bbox 745 3337 931 3402; x_wconf 81' lang='grc' dir='ltr'>Οὕτως</span> <span class='ocrx_word' id='word_1_452' title='bbox 956 3341 990 3410; x_wconf 86' lang='grc' dir='ltr'><strong>ή</strong></span> <span class='ocrx_word' id='word_1_453' title='bbox 1024 3339 1299 3410; x_wconf 85' lang='grc' dir='ltr'>μαθήτρια</span> <span class='ocrx_word' id='word_1_454' title='bbox 1328 3341 1607 3409; x_wconf 78' lang='grc' dir='ltr'>ποιήσασα</span> <span class='ocrx_word' id='word_1_455' title='bbox 1631 3338 1708 3401; x_wconf 82' lang='grc' dir='ltr'><strong>ὡς</strong></span> <span class='ocrx_word' id='word_1_456' title='bbox 1734 3338 1764 3390; x_wconf 86' lang='grc' dir='ltr'><strong>ό</strong></span> <span class='ocrx_word' id='word_1_457' title='bbox 1791 3335 2110 3398; x_wconf 85' lang='grc' dir='ltr'>διδάσκαλος</span> <span class='ocrx_word' id='word_1_458' title='bbox 2141 3333 2405 3398; x_wconf 75' lang='grc' dir='ltr'>ὑπέθετο,</span> <span class='ocrx_word' id='word_1_459' title='bbox 2454 3331 2515 3385; x_wconf 81' lang='grc' dir='ltr'>τὸ</span> <span class='ocrx_word' id='word_1_460' title='bbox 2555 3333 2756 3385; x_wconf 78' lang='grc' dir='ltr'>οἰκεῖον</span> <span class='ocrx_word' id='word_1_461' title='bbox 2813 3330 3150 3403; x_wconf 68' lang='grc' dir='ltr'>ἐθεράπευσε</span> <span class='ocrx_word' id='word_1_462' title='bbox 3201 3330 3393 3395; x_wconf 85' lang='grc' dir='ltr'>πάθος.</span> <span class='ocrx_word' id='word_1_463' title='bbox 3446 3331 3557 3384; x_wconf 78' lang='grc' dir='ltr'><strong>Καὶ</strong></span> <span class='ocrx_word' id='word_1_464' title='bbox 3621 3330 3805 3385; x_wconf 79' lang='grc' dir='ltr'>ἔκτοτε</span> 
     </span>
    </p>
   </div>
   <div class='ocr_carea' id='block_1_65' title="bbox 526 3424 3809 3504">
    <p class='ocr_par' dir='ltr' id='par_1_65' title="bbox 526 3424 3809 3504">
     <span class='ocr_line' id='line_1_65' title="bbox 526 3424 3809 3504; baseline -0.002 -19"><span class='ocrx_word' id='word_1_465' title='bbox 526 3433 564 3504; x_wconf 71' lang='grc' dir='ltr'><strong>ἡ</strong></span> <span class='ocrx_word' id='word_1_466' title='bbox 600 3430 740 3503; x_wconf 82' lang='grc' dir='ltr'>σοφὴ</span> <span class='ocrx_word' id='word_1_467' title='bbox 778 3432 1069 3503; x_wconf 86' lang='grc' dir='ltr'>Χαριτίνα,</span> <span class='ocrx_word' id='word_1_468' title='bbox 1112 3431 1401 3504; x_wconf 79' lang='grc' dir='ltr'>συνεργείᾳ</span> <span class='ocrx_word' id='word_1_469' title='bbox 1433 3430 1529 3486; x_wconf 88' lang='grc' dir='ltr'><strong>τοῦ</strong></span> <span class='ocrx_word' id='word_1_470' title='bbox 1568 3433 1777 3504; x_wconf 72' lang='grc' dir='ltr'>πατρὸς</span> <span class='ocrx_word' id='word_1_471' title='bbox 1847 3432 2017 3499; x_wconf 79' lang='grc' dir='ltr'>αὐτῆς</span> <span class='ocrx_word' id='word_1_472' title='bbox 2061 3428 2429 3496; x_wconf 88' lang='grc' dir='ltr'>Νικολείδους,</span> <span class='ocrx_word' id='word_1_473' title='bbox 2487 3427 2689 3490; x_wconf 84' lang='grc' dir='ltr'>ὀπαδὸς</span> <span class='ocrx_word' id='word_1_474' title='bbox 2716 3425 2811 3481; x_wconf 83' lang='grc' dir='ltr'><strong>τοῦ</strong></span> <span class='ocrx_word' id='word_1_475' title='bbox 2869 3426 3173 3482; x_wconf 85' lang='grc' dir='ltr'>ἀποστόλου</span> <span class='ocrx_word' id='word_1_476' title='bbox 3242 3427 3483 3497; x_wconf 83' lang='grc' dir='ltr'>ἐγένετο,</span> <span class='ocrx_word' id='word_1_477' title='bbox 3514 3424 3809 3493; x_wconf 73' lang='grc' dir='ltr'>δοξάζουσα</span> 
     </span>
    </p>
   </div>
   <div class='ocr_carea' id='block_1_66' title="bbox 530 3525 1564 3596">
    <p class='ocr_par' dir='ltr' id='par_1_66' title="bbox 530 3525 1564 3596">
     <span class='ocr_line' id='line_1_66' title="bbox 530 3525 1564 3596; baseline -0.002 -12"><span class='ocrx_word' id='word_1_478' title='bbox 530 3528 630 3584; x_wconf 80' lang='grc' dir='ltr'>σὺν</span> <span class='ocrx_word' id='word_1_479' title='bbox 661 3525 811 3596; x_wconf 83' lang='grc' dir='ltr'><strong>αύτῷ</strong></span> <span class='ocrx_word' id='word_1_480' title='bbox 836 3527 932 3581; x_wconf 81' lang='grc' dir='ltr'>καὶ</span> <span class='ocrx_word' id='word_1_481' title='bbox 960 3525 1261 3595; x_wconf 85' lang='grc' dir='ltr'>εὐλογοῦσα</span> <span class='ocrx_word' id='word_1_482' title='bbox 1291 3525 1383 3580; x_wconf 79' lang='grc' dir='ltr'>τὸν</span> <span class='ocrx_word' id='word_1_483' title='bbox 1411 3527 1564 3582; x_wconf 87' lang='grc' dir='ltr'>Θεόν.</span> 
     </span>
    </p>
   </div>
   <div class='ocr_carea' id='block_1_67' title="bbox 538 3612 2125 3691">
    <p class='ocr_par' dir='ltr' id='par_1_67' title="bbox 538 3618 2123 3691">
     <span class='ocr_line' id='line_1_67' title="bbox 538 3618 2123 3691; baseline -0.003 -13"><span class='ocrx_word' id='word_1_484' title='bbox 538 3642 545 3649; x_wconf 95' lang='grc'>·</span> <span class='ocrx_word' id='word_1_485' title='bbox 601 3620 842 3678; x_wconf 74' lang='lat' dir='ltr'><strong>Veniens</strong></span> <span class='ocrx_word' id='word_1_486' title='bbox 880 3628 1067 3675; x_wconf 86' lang='lat' dir='ltr'><strong>autem</strong></span> <span class='ocrx_word' id='word_1_487' title='bbox 1101 3620 1387 3690; x_wconf 85' lang='lat' dir='ltr'><strong>apostolus</strong></span> <span class='ocrx_word' id='word_1_488' title='bbox 1422 3620 1713 3691; x_wconf 88' lang='lat' dir='ltr'><strong>Philippus</strong></span> <span class='ocrx_word' id='word_1_489' title='bbox 1752 3618 2123 3691; x_wconf 84' lang='lat' dir='ltr'><strong>Hierapolim,</strong></span> 
     </span>
    </p>
   </div>
   <div class='ocr_carea' id='block_1_68' title="bbox 2226 3612 3817 3691">
    <p class='ocr_par' dir='ltr' id='par_1_68' title="bbox 2300 3612 3817 3689">
     <span class='ocr_line' id='line_1_68' title="bbox 2300 3612 3817 3689; baseline -0.003 -19"><span class='ocrx_word' id='word_1_490' title='bbox 2300 3617 2414 3689; x_wconf 85' lang='grc' dir='ltr'><strong>Τὴν</strong></span> <span class='ocrx_word' id='word_1_491' title='bbox 2447 3617 2505 3670; x_wconf 83' lang='grc' dir='ltr'><strong>δέ</strong></span> <span class='ocrx_word' id='word_1_492' title='bbox 2555 3616 2859 3689; x_wconf 86' lang='grc' dir='ltr'>Ἰεράπολιν</span> <span class='ocrx_word' id='word_1_493' title='bbox 2884 3614 3211 3671; x_wconf 75' lang='grc' dir='ltr'>καταλαϐὼν</span> <span class='ocrx_word' id='word_1_494' title='bbox 3239 3617 3267 3670; x_wconf 87' lang='grc' dir='ltr'><strong>ό</strong></span> <span class='ocrx_word' id='word_1_495' title='bbox 3295 3614 3594 3677; x_wconf 83' lang='grc' dir='ltr'>ἀπόστολος</span> <span class='ocrx_word' id='word_1_496' title='bbox 3625 3612 3817 3668; x_wconf 74' lang='grc' dir='ltr'>Φίλιπ-</span> 
     </span>
    </p>
   </div>
   <div class='ocr_carea' id='block_1_69' title="bbox 531 3709 2125 3781">
    <p class='ocr_par' dir='ltr' id='par_1_69' title="bbox 531 3709 2125 3781">
     <span class='ocr_line' id='line_1_69' title="bbox 531 3709 2125 3781; baseline -0.002 -14"><span class='ocrx_word' id='word_1_497' title='bbox 531 3711 795 3767; x_wconf 87' lang='lat' dir='ltr'><strong>monebat</strong></span> <span class='ocrx_word' id='word_1_498' title='bbox 832 3711 928 3781; x_wconf 88' lang='lat' dir='ltr'><strong>qui</strong></span> <span class='ocrx_word' id='word_1_499' title='bbox 970 3719 1131 3766; x_wconf 89' lang='lat' dir='ltr'><strong>erant</strong></span> <span class='ocrx_word' id='word_1_500' title='bbox 1170 3711 1421 3777; x_wconf 87' lang='lat' dir='ltr'><strong>comites,</strong></span> <span class='ocrx_word' id='word_1_501' title='bbox 1448 3726 1520 3767; x_wconf 91' lang='lat' dir='ltr'><strong>ne</strong></span> <span class='ocrx_word' id='word_1_502' title='bbox 1562 3711 1962 3767; x_wconf 83' lang='lat' dir='ltr'><strong>tentationibus</strong></span> <span class='ocrx_word' id='word_1_503' title='bbox 2000 3709 2125 3765; x_wconf 89' lang='lat' dir='ltr'><strong>ani-</strong></span> 
     </span>
    </p>
   </div>
   <div class='ocr_carea' id='block_1_70' title="bbox 533 3800 2129 3873">
    <p class='ocr_par' dir='ltr' id='par_1_70' title="bbox 533 3800 2129 3873">
     <span class='ocr_line' id='line_1_70' title="bbox 533 3800 2129 3873; baseline -0.001 -17"><span class='ocrx_word' id='word_1_504' title='bbox 533 3816 684 3856; x_wconf 89' lang='lat' dir='ltr'><strong>mum</strong></span> <span class='ocrx_word' id='word_1_505' title='bbox 725 3800 1152 3871; x_wconf 88' lang='lat' dir='ltr'><strong>desponderent.</strong></span> <span class='ocrx_word' id='word_1_506' title='bbox 1182 3801 1332 3857; x_wconf 89' lang='lat' dir='ltr'><strong>Inter</strong></span> <span class='ocrx_word' id='word_1_507' title='bbox 1373 3818 1497 3873; x_wconf 72' lang='lat' dir='ltr'><strong>qua:</strong></span> <span class='ocrx_word' id='word_1_508' title='bbox 1535 3800 1808 3872; x_wconf 66' lang='lat' dir='ltr'><strong>indigena:</strong></span> <span class='ocrx_word' id='word_1_509' title='bbox 1848 3809 1909 3856; x_wconf 90' lang='lat' dir='ltr'><strong>ut</strong></span> <span class='ocrx_word' id='word_1_510' title='bbox 1947 3800 2129 3870; x_wconf 91' lang='lat' dir='ltr'><strong>impo-</strong></span> 
     </span>
    </p>
   </div>
   <div class='ocr_carea' id='block_1_71' title="bbox 534 3892 2128 3959">
    <p class='ocr_par' dir='ltr' id='par_1_71' title="bbox 534 3892 2128 3959">
     <span class='ocr_line' id='line_1_71' title="bbox 534 3892 2128 3959; baseline -0.001 -10"><span class='ocrx_word' id='word_1_511' title='bbox 534 3902 736 3950; x_wconf 85' lang='lat' dir='ltr'><strong>storem</strong></span> <span class='ocrx_word' id='word_1_512' title='bbox 787 3892 916 3948; x_wconf 95' lang='lat' dir='ltr'><strong>dolo</strong></span> <span class='ocrx_word' id='word_1_513' title='bbox 964 3909 1169 3949; x_wconf 89' lang='lat' dir='ltr'><strong>necare</strong></span> <span class='ocrx_word' id='word_1_514' title='bbox 1213 3894 1508 3959; x_wconf 89' lang='lat' dir='ltr'><strong>volebant,</strong></span> <span class='ocrx_word' id='word_1_515' title='bbox 1554 3909 1626 3949; x_wconf 90' lang='lat' dir='ltr'><strong>ne</strong></span> <span class='ocrx_word' id='word_1_516' title='bbox 1681 3893 1893 3948; x_wconf 82' lang='lat' dir='ltr'><strong>scilicet</strong></span> <span class='ocrx_word' id='word_1_517' title='bbox 1935 3906 2128 3949; x_wconf 88' lang='lat' dir='ltr'><strong>eorum</strong></span> 
     </span>
    </p>
   </div>
   <div class='ocr_carea' id='block_1_72' title="bbox 533 3982 2129 4049">
    <p class='ocr_par' dir='ltr' id='par_1_72' title="bbox 533 3982 2129 4049">
     <span class='ocr_line' id='line_1_72' title="bbox 533 3982 2129 4049; baseline 0.001 -11"><span class='ocrx_word' id='word_1_518' title='bbox 533 3998 759 4049; x_wconf 81' lang='lat' dir='ltr'><strong>uxores,</strong></span> <span class='ocrx_word' id='word_1_519' title='bbox 788 3982 943 4039; x_wconf 89' lang='lat' dir='ltr'><strong>velut</strong></span> <span class='ocrx_word' id='word_1_520' title='bbox 978 3985 1146 4040; x_wconf 88' lang='lat' dir='ltr'><strong>etiam</strong></span> <span class='ocrx_word' id='word_1_521' title='bbox 1188 3984 1423 4040; x_wconf 89' lang='lat' dir='ltr'><strong>aliorum</strong></span> <span class='ocrx_word' id='word_1_522' title='bbox 1464 3985 1791 4048; x_wconf 89' lang='lat' dir='ltr'><strong>multorum,</strong></span> <span class='ocrx_word' id='word_1_523' title='bbox 1818 3983 2129 4039; x_wconf 88' lang='lat' dir='ltr'><strong>seduceret.</strong></span> 
     </span>
    </p>
   </div>
   <div class='ocr_carea' id='block_1_73' title="bbox 536 4074 2131 4149">
    <p class='ocr_par' dir='ltr' id='par_1_73' title="bbox 536 4074 2131 4149">
     <span class='ocr_line' id='line_1_73' title="bbox 536 4074 2131 4149; baseline 0.003 -19"><span class='ocrx_word' id='word_1_524' title='bbox 536 4074 770 4143; x_wconf 85' lang='lat' dir='ltr'><strong>Quidam</strong></span> <span class='ocrx_word' id='word_1_525' title='bbox 808 4091 941 4132; x_wconf 87' lang='lat' dir='ltr'><strong>vero</strong></span> <span class='ocrx_word' id='word_1_526' title='bbox 983 4078 1178 4143; x_wconf 85' lang='lat' dir='ltr'><strong>Heros,</strong></span> <span class='ocrx_word' id='word_1_527' title='bbox 1214 4078 1451 4149; x_wconf 85' lang='lat' dir='ltr'><strong>ingenua</strong></span> <span class='ocrx_word' id='word_1_528' title='bbox 1493 4094 1609 4149; x_wconf 85' lang='lat' dir='ltr'><strong>prae</strong></span> <span class='ocrx_word' id='word_1_529' title='bbox 1647 4076 1879 4148; x_wconf 86' lang='lat' dir='ltr'><strong>reliquis</strong></span> <span class='ocrx_word' id='word_1_530' title='bbox 1914 4077 2131 4135; x_wconf 90' lang='lat' dir='ltr'><strong>civibus</strong></span> 
     </span>
    </p>
   </div>
   <div class='ocr_carea' id='block_1_74' title="bbox 537 4166 2127 4240">
    <p class='ocr_par' dir='ltr' id='par_1_74' title="bbox 537 4166 2127 4240">
     <span class='ocr_line' id='line_1_74' title="bbox 537 4166 2127 4240; baseline 0.001 -19"><span class='ocrx_word' id='word_1_531' title='bbox 537 4166 788 4230; x_wconf 76' lang='lat' dir='ltr'><strong>fortuna,</strong></span> <span class='ocrx_word' id='word_1_532' title='bbox 815 4170 1127 4239; x_wconf 82' lang='lat' dir='ltr'><strong>apostolum</strong></span> <span class='ocrx_word' id='word_1_533' title='bbox 1151 4185 1222 4225; x_wconf 90' lang='lat' dir='ltr'><strong>ne</strong></span> <span class='ocrx_word' id='word_1_534' title='bbox 1244 4170 1587 4240; x_wconf 88' lang='lat' dir='ltr'><strong>lapidaretur</strong></span> <span class='ocrx_word' id='word_1_535' title='bbox 1610 4169 1837 4225; x_wconf 89' lang='lat' dir='ltr'><strong>liberari</strong></span> <span class='ocrx_word' id='word_1_536' title='bbox 1864 4168 2096 4225; x_wconf 87' lang='lat' dir='ltr'><strong>studens</strong></span> <span class='ocrx_word' id='word_1_537' title='bbox 2111 4207 2127 4233; x_wconf 92' lang='lat'><strong>,</strong></span> 
     </span>
    </p>
   </div>
   <div class='ocr_carea' id='block_1_75' title="bbox 541 4261 2133 4334">
    <p class='ocr_par' dir='ltr' id='par_1_75' title="bbox 541 4261 2133 4334">
     <span class='ocr_line' id='line_1_75' title="bbox 541 4261 2133 4334; baseline 0.002 -19"><span class='ocrx_word' id='word_1_538' title='bbox 541 4262 600 4315; x_wconf 89' lang='lat' dir='ltr'><strong>in</strong></span> <span class='ocrx_word' id='word_1_539' title='bbox 639 4261 755 4316; x_wconf 72' lang='lat' dir='ltr'><strong>haec</strong></span> <span class='ocrx_word' id='word_1_540' title='bbox 796 4261 912 4317; x_wconf 88' lang='lat' dir='ltr'><strong>fere</strong></span> <span class='ocrx_word' id='word_1_541' title='bbox 948 4264 1118 4318; x_wconf 86' lang='lat' dir='ltr'><strong>verba</strong></span> <span class='ocrx_word' id='word_1_542' title='bbox 1169 4263 1385 4319; x_wconf 90' lang='lat' dir='ltr'><strong>sodales</strong></span> <span class='ocrx_word' id='word_1_543' title='bbox 1420 4263 1804 4334; x_wconf 90' lang='lat' dir='ltr'><strong>probabilibus</strong></span> <span class='ocrx_word' id='word_1_544' title='bbox 1846 4278 2133 4334; x_wconf 79' lang='lat' dir='ltr'><strong>aggressus</strong></span> 
     </span>
    </p>
   </div>
   <div class='ocr_carea' id='block_1_76' title="bbox 545 4352 2131 4419">
    <p class='ocr_par' dir='ltr' id='par_1_76' title="bbox 545 4352 2131 4419">
     <span class='ocr_line' id='line_1_76' title="bbox 545 4352 2131 4419; baseline 0.001 -13"><span class='ocrx_word' id='word_1_545' title='bbox 545 4359 650 4406; x_wconf 90' lang='lat' dir='ltr'><strong>est.</strong></span> <span class='ocrx_word' id='word_1_546' title='bbox 679 4352 788 4407; x_wconf 88' lang='lat' dir='ltr'><strong>Viri</strong></span> <span class='ocrx_word' id='word_1_547' title='bbox 833 4354 987 4419; x_wconf 84' lang='lat' dir='ltr'><strong>cives,</strong></span> <span class='ocrx_word' id='word_1_548' title='bbox 1011 4371 1185 4409; x_wconf 88' lang='lat' dir='ltr'><strong>meum</strong></span> <span class='ocrx_word' id='word_1_549' title='bbox 1230 4355 1507 4409; x_wconf 84' lang='lat' dir='ltr'><strong>consilium</strong></span> <span class='ocrx_word' id='word_1_550' title='bbox 1548 4354 1762 4409; x_wconf 74' lang='lat' dir='ltr'><strong>noscite.</strong></span> <span class='ocrx_word' id='word_1_551' title='bbox 1793 4352 1941 4408; x_wconf 88' lang='lat' dir='ltr'><strong>Nihil</strong></span> <span class='ocrx_word' id='word_1_552' title='bbox 1985 4354 2131 4409; x_wconf 88' lang='lat' dir='ltr'><strong>nobis</strong></span> 
     </span>
    </p>
   </div>
   <div class='ocr_carea' id='block_1_77' title="bbox 543 4445 2131 4519">
    <p class='ocr_par' dir='ltr' id='par_1_77' title="bbox 543 4445 2131 4519">
     <span class='ocr_line' id='line_1_77' title="bbox 543 4445 2131 4519; baseline 0 -18"><span class='ocrx_word' id='word_1_553' title='bbox 543 4445 803 4515; x_wconf 79' lang='lat' dir='ltr'><strong>injustam</strong></span> <span class='ocrx_word' id='word_1_554' title='bbox 833 4464 953 4502; x_wconf 91' lang='lat' dir='ltr'><strong>cum</strong></span> <span class='ocrx_word' id='word_1_555' title='bbox 989 4450 1263 4519; x_wconf 83' lang='lat' dir='ltr'><strong>peregrino</strong></span> <span class='ocrx_word' id='word_1_556' title='bbox 1297 4450 1398 4503; x_wconf 87' lang='lat' dir='ltr'><strong>isto</strong></span> <span class='ocrx_word' id='word_1_557' title='bbox 1431 4449 1642 4503; x_wconf 85' lang='lat' dir='ltr'><strong>homine</strong></span> <span class='ocrx_word' id='word_1_558' title='bbox 1676 4464 1696 4502; x_wconf 90' lang='lat'><strong><em>:</em></strong></span> <span class='ocrx_word' id='word_1_559' title='bbox 1732 4446 1855 4513; x_wconf 86' lang='lat' dir='ltr'><strong>sed,</strong></span> <span class='ocrx_word' id='word_1_560' title='bbox 1878 4448 1925 4501; x_wconf 88' lang='lat' dir='ltr'><strong>si</strong></span> <span class='ocrx_word' id='word_1_561' title='bbox 1960 4446 2131 4511; x_wconf 83' lang='lat' dir='ltr'><strong>lubet,</strong></span> 
     </span>
    </p>
   </div>
   <div class='ocr_carea' id='block_1_78' title="bbox 546 4536 2135 4603">
    <p class='ocr_par' dir='ltr' id='par_1_78' title="bbox 546 4536 2135 4603">
     <span class='ocr_line' id='line_1_78' title="bbox 546 4536 2135 4603; baseline 0.001 -11"><span class='ocrx_word' id='word_1_562' title='bbox 546 4536 695 4592; x_wconf 88' lang='lat' dir='ltr'><strong>illius</strong></span> <span class='ocrx_word' id='word_1_563' title='bbox 719 4539 1081 4594; x_wconf 74' lang='lat' dir='ltr'><strong>examinemus</strong></span> <span class='ocrx_word' id='word_1_564' title='bbox 1111 4539 1427 4603; x_wconf 89' lang='lat' dir='ltr'><strong>doctrinam,</strong></span> <span class='ocrx_word' id='word_1_565' title='bbox 1456 4555 1585 4593; x_wconf 88' lang='lat' dir='ltr'><strong>num</strong></span> <span class='ocrx_word' id='word_1_566' title='bbox 1614 4538 1685 4592; x_wconf 83' lang='lat' dir='ltr'><strong>ad</strong></span> <span class='ocrx_word' id='word_1_567' title='bbox 1712 4539 1881 4592; x_wconf 90' lang='lat' dir='ltr'><strong>animi</strong></span> <span class='ocrx_word' id='word_1_568' title='bbox 1905 4537 2135 4593; x_wconf 86' lang='lat' dir='ltr'><strong>salutem</strong></span> 
     </span>
    </p>
   </div>
   <div class='ocr_carea' id='block_1_79' title="bbox 551 4628 2135 4705">
    <p class='ocr_par' dir='ltr' id='par_1_79' title="bbox 551 4628 2135 4705">
     <span class='ocr_line' id='line_1_79' title="bbox 551 4628 2135 4705; baseline 0.004 -21"><span class='ocrx_word' id='word_1_569' title='bbox 551 4628 754 4701; x_wconf 86' lang='lat' dir='ltr'><strong>aliquid</strong></span> <span class='ocrx_word' id='word_1_570' title='bbox 801 4632 1056 4702; x_wconf 84' lang='lat' dir='ltr'><strong>conferat.</strong></span> <span class='ocrx_word' id='word_1_571' title='bbox 1099 4634 1237 4688; x_wconf 91' lang='lat' dir='ltr'><strong>Cum</strong></span> <span class='ocrx_word' id='word_1_572' title='bbox 1285 4648 1450 4688; x_wconf 92' lang='lat' dir='ltr'><strong>nemo</strong></span> <span class='ocrx_word' id='word_1_573' title='bbox 1497 4632 1664 4689; x_wconf 84' lang='lat' dir='ltr'><strong>Heroi</strong></span> <span class='ocrx_word' id='word_1_574' title='bbox 1716 4635 1952 4705; x_wconf 90' lang='lat' dir='ltr'><strong>(quippe</strong></span> <span class='ocrx_word' id='word_1_575' title='bbox 1999 4649 2135 4690; x_wconf 85' lang='lat' dir='ltr'><strong>vero</strong></span> 
     </span>
    </p>
   </div>
   <div class='ocr_carea' id='block_1_80' title="bbox 550 4718 2138 4797">
    <p class='ocr_par' dir='ltr' id='par_1_80' title="bbox 550 4718 2138 4797">
     <span class='ocr_line' id='line_1_80' title="bbox 550 4718 2138 4797; baseline 0.006 -24"><span class='ocrx_word' id='word_1_576' title='bbox 550 4718 782 4789; x_wconf 87' lang='lat' dir='ltr'><strong>illustri)</strong></span> <span class='ocrx_word' id='word_1_577' title='bbox 813 4723 1195 4779; x_wconf 88' lang='lat' dir='ltr'><strong>contradicere</strong></span> <span class='ocrx_word' id='word_1_578' title='bbox 1219 4739 1389 4780; x_wconf 88' lang='lat' dir='ltr'><strong>ausus</strong></span> <span class='ocrx_word' id='word_1_579' title='bbox 1415 4733 1581 4792; x_wconf 87' lang='lat' dir='ltr'><strong>esset,</strong></span> <span class='ocrx_word' id='word_1_580' title='bbox 1610 4725 1833 4795; x_wconf 72' lang='lat' dir='ltr'><strong>primus</strong></span> <span class='ocrx_word' id='word_1_581' title='bbox 1858 4725 1975 4795; x_wconf 91' lang='lat' dir='ltr'><strong>ipse</strong></span> <span class='ocrx_word' id='word_1_582' title='bbox 2003 4740 2138 4797; x_wconf 86' lang='lat' dir='ltr'><strong>apo-</strong></span> 
     </span>
    </p>
   </div>
   <div class='ocr_carea' id='block_1_81' title="bbox 550 4813 2134 4888">
    <p class='ocr_par' dir='ltr' id='par_1_81' title="bbox 550 4813 2134 4888">
     <span class='ocr_line' id='line_1_81' title="bbox 550 4813 2134 4888; baseline 0.004 -20"><span class='ocrx_word' id='word_1_583' title='bbox 550 4813 679 4868; x_wconf 88' lang='lat' dir='ltr'><strong>stoli</strong></span> <span class='ocrx_word' id='word_1_584' title='bbox 736 4815 909 4886; x_wconf 90' lang='lat' dir='ltr'><strong>pedes</strong></span> <span class='ocrx_word' id='word_1_585' title='bbox 962 4818 1319 4887; x_wconf 84' lang='lat' dir='ltr'><strong>complexus,</strong></span> <span class='ocrx_word' id='word_1_586' title='bbox 1370 4825 1623 4872; x_wconf 90' lang='lat' dir='ltr'><strong>sanctum</strong></span> <span class='ocrx_word' id='word_1_587' title='bbox 1676 4817 1907 4888; x_wconf 86' lang='lat' dir='ltr'><strong>rogabat</strong></span> <span class='ocrx_word' id='word_1_588' title='bbox 1958 4826 2021 4873; x_wconf 89' lang='lat' dir='ltr'><strong>ut</strong></span> <span class='ocrx_word' id='word_1_589' title='bbox 2078 4819 2134 4874; x_wconf 91' lang='lat' dir='ltr'><strong>in</strong></span> 
     </span>
    </p>
   </div>
   <div class='ocr_carea' id='block_1_82' title="bbox 2232 3705 3815 3780">
    <p class='ocr_par' dir='ltr' id='par_1_82' title="bbox 2232 3705 3815 3780">
     <span class='ocr_line' id='line_1_82' title="bbox 2232 3705 3815 3780; baseline -0.005 -16"><span class='ocrx_word' id='word_1_590' title='bbox 2232 3727 2352 3776; x_wconf 86' lang='grc' dir='ltr'>πος,</span> <span class='ocrx_word' id='word_1_591' title='bbox 2386 3710 2632 3764; x_wconf 85' lang='grc' dir='ltr'>ἐδίδασκε</span> <span class='ocrx_word' id='word_1_592' title='bbox 2663 3708 2790 3774; x_wconf 76' lang='grc' dir='ltr'>τοὺς</span> <span class='ocrx_word' id='word_1_593' title='bbox 2820 3707 3219 3779; x_wconf 83' lang='grc' dir='ltr'>συνεπομένους</span> <span class='ocrx_word' id='word_1_594' title='bbox 3251 3707 3401 3780; x_wconf 77' lang='grc' dir='ltr'>αὐτῷ</span> <span class='ocrx_word' id='word_1_595' title='bbox 3433 3706 3511 3778; x_wconf 87' lang='grc' dir='ltr'><strong>μὴ</strong></span> <span class='ocrx_word' id='word_1_596' title='bbox 3554 3705 3815 3761; x_wconf 84' lang='grc' dir='ltr'>ἐκκακεῖν</span> 
     </span>
    </p>
   </div>
   <div class='ocr_carea' id='block_1_83' title="bbox 2230 3797 3817 3873">
    <p class='ocr_par' dir='ltr' id='par_1_83' title="bbox 2230 3797 3817 3873">
     <span class='ocr_line' id='line_1_83' title="bbox 2230 3797 3817 3873; baseline -0.003 -17"><span class='ocrx_word' id='word_1_597' title='bbox 2230 3803 2346 3866; x_wconf 80' lang='grc' dir='ltr'>τοῖς</span> <span class='ocrx_word' id='word_1_598' title='bbox 2393 3803 2742 3873; x_wconf 88' lang='grc' dir='ltr'>πειρασμοῖς.</span> <span class='ocrx_word' id='word_1_599' title='bbox 2790 3803 2901 3855; x_wconf 78' lang='grc' dir='ltr'><strong>Καὶ</strong></span> <span class='ocrx_word' id='word_1_600' title='bbox 2930 3801 3026 3854; x_wconf 76' lang='grc' dir='ltr'>ἐπὶ</span> <span class='ocrx_word' id='word_1_601' title='bbox 3074 3799 3252 3869; x_wconf 82' lang='grc' dir='ltr'>τούτῳ</span> <span class='ocrx_word' id='word_1_602' title='bbox 3300 3801 3348 3853; x_wconf 77' lang='grc' dir='ltr'>οἱ</span> <span class='ocrx_word' id='word_1_603' title='bbox 3380 3799 3636 3871; x_wconf 82' lang='grc' dir='ltr'>ἐγχώριοι</span> <span class='ocrx_word' id='word_1_604' title='bbox 3666 3797 3817 3851; x_wconf 86' lang='grc' dir='ltr'>δολο·</span> 
     </span>
    </p>
   </div>
   <div class='ocr_carea' id='block_1_84' title="bbox 2232 3889 3816 3964">
    <p class='ocr_par' dir='ltr' id='par_1_84' title="bbox 2232 3889 3816 3964">
     <span class='ocr_line' id='line_1_84' title="bbox 2232 3889 3816 3964; baseline -0.004 -17"><span class='ocrx_word' id='word_1_605' title='bbox 2232 3892 2469 3964; x_wconf 76' lang='grc' dir='ltr'>φονῆσαι</span> <span class='ocrx_word' id='word_1_606' title='bbox 2507 3893 2694 3948; x_wconf 83' lang='grc' dir='ltr'>τοῦτον</span> <span class='ocrx_word' id='word_1_607' title='bbox 2738 3892 3023 3948; x_wconf 80' lang='grc' dir='ltr'>ἐϐούλοντο</span> <span class='ocrx_word' id='word_1_608' title='bbox 3046 3892 3125 3957; x_wconf 81' lang='grc' dir='ltr'><strong>ὡς</strong></span> <span class='ocrx_word' id='word_1_609' title='bbox 3173 3891 3491 3956; x_wconf 86' lang='grc' dir='ltr'>ἀπατεῶνα,</span> <span class='ocrx_word' id='word_1_610' title='bbox 3541 3889 3816 3961; x_wconf 79' lang='grc' dir='ltr'>προφάσει</span> 
     </span>
    </p>
   </div>
   <div class='ocr_carea' id='block_1_85' title="bbox 2235 3982 3821 4058">
    <p class='ocr_par' dir='ltr' id='par_1_85' title="bbox 2235 3982 3821 4058">
     <span class='ocr_line' id='line_1_85' title="bbox 2235 3982 3821 4058; baseline -0.003 -18"><span class='ocrx_word' id='word_1_611' title='bbox 2235 3986 2312 4058; x_wconf 81' lang='grc' dir='ltr'>μὴ</span> <span class='ocrx_word' id='word_1_612' title='bbox 2343 3988 2438 4040; x_wconf 65' lang='grc' dir='ltr'>καὶ</span> <span class='ocrx_word' id='word_1_613' title='bbox 2461 3985 2563 4049; x_wconf 86' lang='grc' dir='ltr'><strong>τὰς</strong></span> <span class='ocrx_word' id='word_1_614' title='bbox 2591 3985 2774 4040; x_wconf 85' lang='grc' dir='ltr'>αὐτῶν</span> <span class='ocrx_word' id='word_1_615' title='bbox 2804 3988 3072 4056; x_wconf 81' lang='grc' dir='ltr'>γυναῖκας</span> <span class='ocrx_word' id='word_1_616' title='bbox 3103 3983 3474 4057; x_wconf 86' lang='grc' dir='ltr'>ἀπατηθῆναι,</span> <span class='ocrx_word' id='word_1_617' title='bbox 3507 3982 3695 4055; x_wconf 85' lang='grc' dir='ltr'>ὥσπερ</span> <span class='ocrx_word' id='word_1_618' title='bbox 3723 3982 3821 4036; x_wconf 72' lang='grc' dir='ltr'>καὶ</span> 
     </span>
    </p>
   </div>
   <div class='ocr_carea' id='block_1_86' title="bbox 2232 4073 3820 4151">
    <p class='ocr_par' dir='ltr' id='par_1_86' title="bbox 2232 4073 3820 4151">
     <span class='ocr_line' id='line_1_86' title="bbox 2232 4073 3820 4151; baseline -0.005 -15"><span class='ocrx_word' id='word_1_619' title='bbox 2232 4080 2409 4137; x_wconf 80' lang='grc' dir='ltr'>ἄλλων</span> <span class='ocrx_word' id='word_1_620' title='bbox 2441 4078 2678 4134; x_wconf 86' lang='grc' dir='ltr'>πολλῶν.</span> <span class='ocrx_word' id='word_1_621' title='bbox 2723 4077 2914 4151; x_wconf 86' lang='grc' dir='ltr'>Ἥρως</span> <span class='ocrx_word' id='word_1_622' title='bbox 2947 4078 3006 4132; x_wconf 80' lang='grc' dir='ltr'><strong>δέ</strong></span> <span class='ocrx_word' id='word_1_623' title='bbox 3033 4095 3143 4144; x_wconf 86' lang='grc' dir='ltr'>τις,</span> <span class='ocrx_word' id='word_1_624' title='bbox 3178 4075 3289 4131; x_wconf 85' lang='grc' dir='ltr'><strong>τῶν</strong></span> <span class='ocrx_word' id='word_1_625' title='bbox 3326 4075 3560 4130; x_wconf 88' lang='grc' dir='ltr'>πολιτῶν</span> <span class='ocrx_word' id='word_1_626' title='bbox 3588 4075 3688 4146; x_wconf 84' lang='grc' dir='ltr'>τὴν</span> <span class='ocrx_word' id='word_1_627' title='bbox 3718 4073 3820 4128; x_wconf 75' lang='grc' dir='ltr'>τύο</span> 
     </span>
    </p>
   </div>
   <div class='ocr_carea' id='block_1_87' title="bbox 2232 4165 3822 4245">
    <p class='ocr_par' dir='ltr' id='par_1_87' title="bbox 2232 4165 3822 4245">
     <span class='ocr_line' id='line_1_87' title="bbox 2232 4165 3822 4245; baseline -0.004 -20"><span class='ocrx_word' id='word_1_628' title='bbox 2232 4190 2335 4245; x_wconf 83' lang='grc' dir='ltr'><strong>χήν</strong></span> <span class='ocrx_word' id='word_1_629' title='bbox 2364 4170 2809 4243; x_wconf 80' lang='grc' dir='ltr'>αίδεσιμώτερος,</span> <span class='ocrx_word' id='word_1_630' title='bbox 2840 4169 3036 4241; x_wconf 79' lang='grc' dir='ltr'>ἐξᾶραι</span> <span class='ocrx_word' id='word_1_631' title='bbox 3075 4169 3249 4223; x_wconf 79' lang='grc' dir='ltr'>θέλων</span> <span class='ocrx_word' id='word_1_632' title='bbox 3279 4167 3374 4222; x_wconf 88' lang='grc' dir='ltr'><strong>τοῦ</strong></span> <span class='ocrx_word' id='word_1_633' title='bbox 3427 4165 3692 4238; x_wconf 88' lang='grc' dir='ltr'>λιθασμοῦ</span> <span class='ocrx_word' id='word_1_634' title='bbox 3725 4166 3822 4219; x_wconf 82' lang='grc' dir='ltr'>τὸν</span> 
     </span>
    </p>
   </div>
   <div class='ocr_carea' id='block_1_88' title="bbox 2231 4259 3818 4334">
    <p class='ocr_par' dir='ltr' id='par_1_88' title="bbox 2231 4259 3818 4334">
     <span class='ocr_line' id='line_1_88' title="bbox 2231 4259 3818 4334; baseline -0.006 -15"><span class='ocrx_word' id='word_1_635' title='bbox 2231 4264 2532 4319; x_wconf 84' lang='grc' dir='ltr'>ἀπόστολον</span> <span class='ocrx_word' id='word_1_636' title='bbox 2557 4304 2572 4330; x_wconf 93' lang='grc'><strong>,</strong></span> <span class='ocrx_word' id='word_1_637' title='bbox 2604 4262 2742 4334; x_wconf 84' lang='grc' dir='ltr'>πρὸς</span> <span class='ocrx_word' id='word_1_638' title='bbox 2770 4262 2898 4327; x_wconf 81' lang='grc' dir='ltr'>τοὺς</span> <span class='ocrx_word' id='word_1_639' title='bbox 2932 4262 3031 4316; x_wconf 76' lang='grc' dir='ltr'><strong>σὺν</strong></span> <span class='ocrx_word' id='word_1_640' title='bbox 3071 4259 3221 4331; x_wconf 78' lang='grc' dir='ltr'>αὐτῷ</span> <span class='ocrx_word' id='word_1_641' title='bbox 3251 4259 3782 4330; x_wconf 88' lang='grc' dir='ltr'>πιθανολογούμενος</span> <span class='ocrx_word' id='word_1_642' title='bbox 3802 4299 3818 4321; x_wconf 87' lang='grc'><strong>,</strong></span> 
     </span>
    </p>
   </div>
   <div class='ocr_carea' id='block_1_89' title="bbox 2232 4351 3821 4427">
    <p class='ocr_par' dir='ltr' id='par_1_89' title="bbox 2232 4351 3821 4427">
     <span class='ocr_line' id='line_1_89' title="bbox 2232 4351 3821 4427; baseline -0.004 -17"><span class='ocrx_word' id='word_1_643' title='bbox 2232 4354 2376 4411; x_wconf 69' lang='grc' dir='ltr'>οὕτω</span> <span class='ocrx_word' id='word_1_644' title='bbox 2400 4366 2521 4419; x_wconf 82' lang='grc' dir='ltr'><strong>πως</strong></span> <span class='ocrx_word' id='word_1_645' title='bbox 2542 4354 2669 4427; x_wconf 75' lang='grc' dir='ltr'>ἔφη’</span> <span class='ocrx_word' id='word_1_646' title='bbox 2710 4354 2954 4424; x_wconf 77' lang='grc' dir='ltr'>Ἄνδρες</span> <span class='ocrx_word' id='word_1_647' title='bbox 2985 4352 3248 4420; x_wconf 73' lang='grc' dir='ltr'>πολῖται,</span> <span class='ocrx_word' id='word_1_648' title='bbox 3275 4353 3343 4407; x_wconf 89' lang='grc' dir='ltr'>τὸ</span> <span class='ocrx_word' id='word_1_649' title='bbox 3366 4352 3471 4409; x_wconf 81' lang='grc' dir='ltr'><strong>ὑπ’</strong></span> <span class='ocrx_word' id='word_1_650' title='bbox 3500 4352 3647 4422; x_wconf 80' lang='grc' dir='ltr'>ἐμοῦ</span> <span class='ocrx_word' id='word_1_651' title='bbox 3663 4351 3821 4416; x_wconf 80' lang='grc' dir='ltr'>,Βουο</span> 
     </span>
    </p>
   </div>
   <div class='ocr_carea' id='block_1_90' title="bbox 2232 4441 3823 4517">
    <p class='ocr_par' dir='ltr' id='par_1_90' title="bbox 2232 4441 3823 4517">
     <span class='ocr_line' id='line_1_90' title="bbox 2232 4441 3823 4517; baseline -0.003 -15"><span class='ocrx_word' id='word_1_652' title='bbox 2232 4447 2571 4517; x_wconf 66' lang='grc' dir='ltr'>λουόμενον</span> <span class='ocrx_word' id='word_1_653' title='bbox 2616 4446 2861 4516; x_wconf 77' lang='grc' dir='ltr'>μάθετε.</span> <span class='ocrx_word' id='word_1_654' title='bbox 2897 4445 3108 4513; x_wconf 76' lang='grc' dir='ltr'>Μηδὲν</span> <span class='ocrx_word' id='word_1_655' title='bbox 3156 4445 3305 4516; x_wconf 72' lang='grc' dir='ltr'><strong>ἡμῖν</strong></span> <span class='ocrx_word' id='word_1_656' title='bbox 3335 4445 3549 4499; x_wconf 75' lang='grc' dir='ltr'>ἀδικον</span> <span class='ocrx_word' id='word_1_657' title='bbox 3589 4442 3691 4499; x_wconf 73' lang='grc' dir='ltr'>καὶ</span> <span class='ocrx_word' id='word_1_658' title='bbox 3741 4441 3823 4508; x_wconf 82' lang='grc' dir='ltr'>τῷ</span> 
     </span>
    </p>
   </div>
   <div class='ocr_carea' id='block_1_91' title="bbox 2236 4530 3821 4608">
    <p class='ocr_par' dir='ltr' id='par_1_91' title="bbox 2236 4530 3821 4608">
     <span class='ocr_line' id='line_1_91' title="bbox 2236 4530 3821 4608; baseline -0.003 -14"><span class='ocrx_word' id='word_1_659' title='bbox 2236 4539 2390 4604; x_wconf 78' lang='grc' dir='ltr'><strong>ξένῳ</strong></span> <span class='ocrx_word' id='word_1_660' title='bbox 2426 4537 2640 4608; x_wconf 81' lang='grc' dir='ltr'>ἀνδρί·</span> <span class='ocrx_word' id='word_1_661' title='bbox 2674 4538 2814 4593; x_wconf 69' lang='grc' dir='ltr'><strong>ἀλλ’</strong></span> <span class='ocrx_word' id='word_1_662' title='bbox 2851 4539 2903 4593; x_wconf 82' lang='grc' dir='ltr'><strong>εί</strong></span> <span class='ocrx_word' id='word_1_663' title='bbox 2940 4537 3123 4605; x_wconf 85' lang='grc' dir='ltr'>δοκεῖ,</span> <span class='ocrx_word' id='word_1_664' title='bbox 3157 4538 3275 4606; x_wconf 81' lang='grc' dir='ltr'><strong>τὴν</strong></span> <span class='ocrx_word' id='word_1_665' title='bbox 3314 4530 3502 4592; x_wconf 80' lang='grc' dir='ltr'>αὑτοῦ</span> <span class='ocrx_word' id='word_1_666' title='bbox 3529 4534 3821 4590; x_wconf 83' lang='grc' dir='ltr'>διδασκα-</span> 
     </span>
    </p>
   </div>
   <div class='ocr_carea' id='block_1_92' title="bbox 2234 4629 3822 4702">
    <p class='ocr_par' dir='ltr' id='par_1_92' title="bbox 2234 4629 3822 4702">
     <span class='ocr_line' id='line_1_92' title="bbox 2234 4629 3822 4702; baseline -0.003 -14"><span class='ocrx_word' id='word_1_667' title='bbox 2234 4632 2381 4688; x_wconf 75' lang='grc' dir='ltr'>λίαν</span> <span class='ocrx_word' id='word_1_668' title='bbox 2420 4630 2877 4702; x_wconf 74' lang='grc' dir='ltr'>δοκιμάσωμεν,</span> <span class='ocrx_word' id='word_1_669' title='bbox 2907 4631 3032 4702; x_wconf 76' lang='grc' dir='ltr'>εἴτε</span> <span class='ocrx_word' id='word_1_670' title='bbox 3069 4634 3156 4698; x_wconf 77' lang='grc' dir='ltr'><strong>εις</strong></span> <span class='ocrx_word' id='word_1_671' title='bbox 3191 4629 3469 4701; x_wconf 69' lang='grc' dir='ltr'>ψυχικὴν</span> <span class='ocrx_word' id='word_1_672' title='bbox 3511 4630 3822 4698; x_wconf 74' lang='grc' dir='ltr'>περιποίη-</span> 
     </span>
    </p>
   </div>
   <div class='ocr_carea' id='block_1_93' title="bbox 2236 4723 3821 4797">
    <p class='ocr_par' dir='ltr' id='par_1_93' title="bbox 2236 4723 3821 4797">
     <span class='ocr_line' id='line_1_93' title="bbox 2236 4723 3821 4797; baseline -0.003 -17"><span class='ocrx_word' id='word_1_673' title='bbox 2236 4740 2343 4780; x_wconf 83' lang='grc' dir='ltr'>σιν</span> <span class='ocrx_word' id='word_1_674' title='bbox 2387 4724 2579 4780; x_wconf 72' lang='grc' dir='ltr'>ἔσται.</span> <span class='ocrx_word' id='word_1_675' title='bbox 2620 4726 2735 4779; x_wconf 72' lang='grc' dir='ltr'>Καὶ</span> <span class='ocrx_word' id='word_1_676' title='bbox 2782 4725 2859 4790; x_wconf 82' lang='grc' dir='ltr'>ὡς</span> <span class='ocrx_word' id='word_1_677' title='bbox 2904 4725 3165 4797; x_wconf 78' lang='grc' dir='ltr'>ἐπισήμῳ</span> <span class='ocrx_word' id='word_1_678' title='bbox 3200 4724 3286 4796; x_wconf 83' lang='grc' dir='ltr'>τῷ</span> <span class='ocrx_word' id='word_1_679' title='bbox 3325 4724 3507 4794; x_wconf 85' lang='grc' dir='ltr'>Ἦρωῖ</span> <span class='ocrx_word' id='word_1_680' title='bbox 3546 4723 3821 4778; x_wconf 84' lang='grc' dir='ltr'>ἀντειπεῖν</span> 
     </span>
    </p>
   </div>
   <div class='ocr_carea' id='block_1_94' title="bbox 2236 4812 3820 4888">
    <p class='ocr_par' dir='ltr' id='par_1_94' title="bbox 2236 4812 3820 4888">
     <span class='ocr_line' id='line_1_94' title="bbox 2236 4812 3820 4888; baseline -0.003 -18"><span class='ocrx_word' id='word_1_681' title='bbox 2236 4816 2337 4870; x_wconf 85' lang='grc' dir='ltr'>οὐκ</span> <span class='ocrx_word' id='word_1_682' title='bbox 2382 4815 2710 4887; x_wconf 81' lang='grc' dir='ltr'>ἐτόλμησαν,</span> <span class='ocrx_word' id='word_1_683' title='bbox 2744 4815 2841 4871; x_wconf 74' lang='grc' dir='ltr'>καὶ</span> <span class='ocrx_word' id='word_1_684' title='bbox 2891 4816 3057 4881; x_wconf 79' lang='grc' dir='ltr'>αὐτὸς</span> <span class='ocrx_word' id='word_1_685' title='bbox 3103 4817 3321 4888; x_wconf 87' lang='grc' dir='ltr'>πρῶτος</span> <span class='ocrx_word' id='word_1_686' title='bbox 3354 4815 3464 4869; x_wconf 88' lang='grc' dir='ltr'><strong>τῶν</strong></span> <span class='ocrx_word' id='word_1_687' title='bbox 3502 4813 3680 4869; x_wconf 88' lang='grc' dir='ltr'>ποδῶν</span> <span class='ocrx_word' id='word_1_688' title='bbox 3726 4812 3820 4868; x_wconf 91' lang='grc' dir='ltr'><strong>τοῦ</strong></span> 
     </span>
    </p>
   </div>
   <div class='ocr_carea' id='block_1_95' title="bbox 551 4904 2125 5016">
    <p class='ocr_par' dir='ltr' id='par_1_95' title="bbox 551 4904 2125 4980">
     <span class='ocr_line' id='line_1_95' title="bbox 551 4904 2125 4980; baseline 0.006 -23"><span class='ocrx_word' id='word_1_689' title='bbox 551 4904 777 4961; x_wconf 85' lang='lat' dir='ltr'><strong>domum</strong></span> <span class='ocrx_word' id='word_1_690' title='bbox 825 4922 980 4962; x_wconf 89' lang='lat' dir='ltr'><strong>suam</strong></span> <span class='ocrx_word' id='word_1_691' title='bbox 1024 4909 1348 4965; x_wconf 86' lang='lat' dir='ltr'><strong>diverteret.</strong></span> <span class='ocrx_word' id='word_1_692' title='bbox 1388 4907 1657 4980; x_wconf 82' lang='lat' dir='ltr'><strong>Ingressis</strong></span> <span class='ocrx_word' id='word_1_693' title='bbox 1705 4908 1845 4974; x_wconf 90' lang='lat' dir='ltr'><strong>illis,</strong></span> <span class='ocrx_word' id='word_1_694' title='bbox 1882 4909 2125 4966; x_wconf 82' lang='lat' dir='ltr'><strong>Marcella</strong></span> 
     </span>
    </p>
   </div>
   <div class='ocr_carea' id='block_1_96' title="bbox 2226 4904 3823 5016">
    <p class='ocr_par' dir='ltr' id='par_1_96' title="bbox 2239 4906 3823 4981">
     <span class='ocr_line' id='line_1_96' title="bbox 2239 4906 3823 4981; baseline -0.001 -20"><span class='ocrx_word' id='word_1_695' title='bbox 2239 4907 2541 4962; x_wconf 88' lang='grc' dir='ltr'>ἀποστόλου</span> <span class='ocrx_word' id='word_1_696' title='bbox 2571 4908 2909 4981; x_wconf 82' lang='grc' dir='ltr'>δραξάμενος</span> <span class='ocrx_word' id='word_1_697' title='bbox 2929 4950 2946 4977; x_wconf 90' lang='grc'><strong>,</strong></span> <span class='ocrx_word' id='word_1_698' title='bbox 2982 4908 3252 4965; x_wconf 83' lang='grc' dir='ltr'>ἐδυσώπει</span> <span class='ocrx_word' id='word_1_699' title='bbox 3299 4907 3392 4963; x_wconf 79' lang='grc' dir='ltr'>τὸν</span> <span class='ocrx_word' id='word_1_700' title='bbox 3421 4906 3575 4977; x_wconf 44' lang='lat' dir='ltr'><strong>eam</strong></span> <span class='ocrx_word' id='word_1_701' title='bbox 3614 4909 3696 4970; x_wconf 86' lang='grc' dir='ltr'><strong>εἰς</strong></span> <span class='ocrx_word' id='word_1_702' title='bbox 3724 4906 3823 4977; x_wconf 81' lang='grc' dir='ltr'>τὴν</span> 
     </span>
    </p>
   </div>
   <div class='ocr_carea' id='block_1_97' title="bbox 553 4995 2125 5073">
    <p class='ocr_par' dir='ltr' id='par_1_97' title="bbox 553 4995 2125 5073">
     <span class='ocr_line' id='line_1_97' title="bbox 553 4995 2125 5073; baseline 0.006 -23"><span class='ocrx_word' id='word_1_703' title='bbox 553 4995 750 5053; x_wconf 87' lang='lat' dir='ltr'><strong>Herois</strong></span> <span class='ocrx_word' id='word_1_704' title='bbox 782 5014 922 5054; x_wconf 76' lang='lat' dir='ltr'><strong>uxor</strong></span> <span class='ocrx_word' id='word_1_705' title='bbox 958 5000 1235 5072; x_wconf 89' lang='lat' dir='ltr'><strong>indignari</strong></span> <span class='ocrx_word' id='word_1_706' title='bbox 1272 5000 1539 5057; x_wconf 81' lang='lat' dir='ltr'><strong>adversus</strong></span> <span class='ocrx_word' id='word_1_707' title='bbox 1570 5000 1781 5067; x_wconf 87' lang='lat' dir='ltr'><strong>virum,</strong></span> <span class='ocrx_word' id='word_1_708' title='bbox 1805 5001 2125 5073; x_wconf 82' lang='lat' dir='ltr'><strong>divortiique</strong></span> 
     </span>
    </p>
   </div>
   <div class='ocr_carea' id='block_1_98' title="bbox 2226 4995 3820 5073">
    <p class='ocr_par' dir='ltr' id='par_1_98' title="bbox 2239 5000 3820 5073">
     <span class='ocr_line' id='line_1_98' title="bbox 2239 5000 3820 5073; baseline -0.002 -17"><span class='ocrx_word' id='word_1_709' title='bbox 2239 5002 2418 5056; x_wconf 79' lang='grc' dir='ltr'>οἰκίαν</span> <span class='ocrx_word' id='word_1_710' title='bbox 2460 5000 2629 5056; x_wconf 83' lang='grc' dir='ltr'>αὑτοῦ</span> <span class='ocrx_word' id='word_1_711' title='bbox 2673 5003 3000 5059; x_wconf 87' lang='grc' dir='ltr'>καταλῦσαι.</span> <span class='ocrx_word' id='word_1_712' title='bbox 3041 5002 3154 5057; x_wconf 75' lang='grc' dir='ltr'><strong>Καὶ</strong></span> <span class='ocrx_word' id='word_1_713' title='bbox 3178 5001 3505 5073; x_wconf 84' lang='grc' dir='ltr'>ἀμφοτέρων</span> <span class='ocrx_word' id='word_1_714' title='bbox 3550 5000 3820 5070; x_wconf 82' lang='grc' dir='ltr'>ἀφικομέ-</span> 
     </span>
    </p>
   </div>
   <div class='ocr_carea' id='block_1_99' title="bbox 551 5087 2125 5168">
    <p class='ocr_par' dir='ltr' id='par_1_99' title="bbox 551 5087 2125 5163">
     <span class='ocr_line' id='line_1_99' title="bbox 551 5087 2125 5163; baseline 0.006 -21"><span class='ocrx_word' id='word_1_715' title='bbox 551 5087 801 5143; x_wconf 88' lang='lat' dir='ltr'><strong>libellum</strong></span> <span class='ocrx_word' id='word_1_716' title='bbox 832 5091 1052 5157; x_wconf 69' lang='lat' dir='ltr'><strong>offerre,</strong></span> <span class='ocrx_word' id='word_1_717' title='bbox 1075 5102 1131 5147; x_wconf 88' lang='lat' dir='ltr'><strong>et</strong></span> <span class='ocrx_word' id='word_1_718' title='bbox 1152 5103 1214 5149; x_wconf 93' lang='lat' dir='ltr'><strong>ut</strong></span> <span class='ocrx_word' id='word_1_719' title='bbox 1237 5093 1339 5148; x_wconf 91' lang='lat' dir='ltr'><strong>dos</strong></span> <span class='ocrx_word' id='word_1_720' title='bbox 1366 5093 1435 5148; x_wconf 91' lang='lat' dir='ltr'><strong>ad</strong></span> <span class='ocrx_word' id='word_1_721' title='bbox 1467 5093 1643 5163; x_wconf 88' lang='lat' dir='ltr'><strong>ipsam</strong></span> <span class='ocrx_word' id='word_1_722' title='bbox 1670 5104 2002 5161; x_wconf 89' lang='lat' dir='ltr'><strong>revertatur,</strong></span> <span class='ocrx_word' id='word_1_723' title='bbox 2025 5096 2125 5151; x_wconf 90' lang='lat' dir='ltr'><strong>nisi</strong></span> 
     </span>
    </p>
   </div>
   <div class='ocr_carea' id='block_1_100' title="bbox 2226 5087 3822 5168">
    <p class='ocr_par' dir='ltr' id='par_1_100' title="bbox 2239 5091 3822 5168">
     <span class='ocr_line' id='line_1_100' title="bbox 2239 5091 3822 5168; baseline -0.001 -21"><span class='ocrx_word' id='word_1_724' title='bbox 2239 5112 2367 5163; x_wconf 88' lang='grc' dir='ltr'>νων,</span> <span class='ocrx_word' id='word_1_725' title='bbox 2392 5095 2689 5168; x_wconf 83' lang='grc' dir='ltr'>Μάρκελλα</span> <span class='ocrx_word' id='word_1_726' title='bbox 2709 5099 2742 5166; x_wconf 84' lang='grc' dir='ltr'><strong>ἡ</strong></span> <span class='ocrx_word' id='word_1_727' title='bbox 2768 5095 2864 5150; x_wconf 90' lang='grc' dir='ltr'><strong>τοῦ</strong></span> <span class='ocrx_word' id='word_1_728' title='bbox 2886 5097 3107 5167; x_wconf 83' lang='grc' dir='ltr'>’Ἥρωος</span> <span class='ocrx_word' id='word_1_729' title='bbox 3128 5094 3345 5167; x_wconf 76' lang='grc' dir='ltr'>γαμετὴ</span> <span class='ocrx_word' id='word_1_730' title='bbox 3371 5093 3657 5164; x_wconf 83' lang='grc' dir='ltr'>ἐδυσφόρει</span> <span class='ocrx_word' id='word_1_731' title='bbox 3683 5091 3822 5147; x_wconf 78' lang='grc' dir='ltr'>κατὰ</span> 
     </span>
    </p>
   </div>
   <div class='ocr_carea' id='block_1_101' title="bbox 554 5177 2125 5259">
    <p class='ocr_par' dir='ltr' id='par_1_101' title="bbox 554 5177 2125 5259">
     <span class='ocr_line' id='line_1_101' title="bbox 554 5177 2125 5259; baseline 0.008 -27"><span class='ocrx_word' id='word_1_732' title='bbox 554 5177 603 5233; x_wconf 90' lang='lat' dir='ltr'><strong>is</strong></span> <span class='ocrx_word' id='word_1_733' title='bbox 646 5179 963 5252; x_wconf 89' lang='lat' dir='ltr'><strong>Philippum</strong></span> <span class='ocrx_word' id='word_1_734' title='bbox 1009 5184 1173 5239; x_wconf 91' lang='lat' dir='ltr'><strong>domo</strong></span> <span class='ocrx_word' id='word_1_735' title='bbox 1216 5184 1430 5256; x_wconf 89' lang='lat' dir='ltr'><strong>ejiciat,</strong></span> <span class='ocrx_word' id='word_1_736' title='bbox 1473 5186 1621 5242; x_wconf 86' lang='lat' dir='ltr'><strong>serio</strong></span> <span class='ocrx_word' id='word_1_737' title='bbox 1662 5202 1881 5259; x_wconf 86' lang='lat' dir='ltr'><strong>rogare.</strong></span> <span class='ocrx_word' id='word_1_738' title='bbox 1921 5186 2125 5245; x_wconf 81' lang='lat' dir='ltr'><strong>Videns</strong></span> 
     </span>
    </p>
   </div>
   <div class='ocr_carea' id='block_1_102' title="bbox 2226 5177 3817 5259">
    <p class='ocr_par' dir='ltr' id='par_1_102' title="bbox 2237 5184 3817 5258">
     <span class='ocr_line' id='line_1_102' title="bbox 2237 5184 3817 5258; baseline 0 -17"><span class='ocrx_word' id='word_1_739' title='bbox 2237 5186 2335 5242; x_wconf 86' lang='grc' dir='ltr'><strong>τοῦ</strong></span> <span class='ocrx_word' id='word_1_740' title='bbox 2370 5188 2649 5255; x_wconf 87' lang='grc' dir='ltr'>συνεύνου,</span> <span class='ocrx_word' id='word_1_741' title='bbox 2679 5186 2837 5244; x_wconf 81' lang='grc' dir='ltr'>λύσιν</span> <span class='ocrx_word' id='word_1_742' title='bbox 2885 5186 2982 5244; x_wconf 90' lang='grc' dir='ltr'><strong>τοῦ</strong></span> <span class='ocrx_word' id='word_1_743' title='bbox 3032 5187 3372 5243; x_wconf 86' lang='grc' dir='ltr'>συνοικεσίου</span> <span class='ocrx_word' id='word_1_744' title='bbox 3414 5184 3652 5256; x_wconf 82' lang='grc' dir='ltr'>ζητοῦσα</span> <span class='ocrx_word' id='word_1_745' title='bbox 3685 5185 3817 5258; x_wconf 67' lang='grc'><strong>(42),</strong></span> 
     </span>
    </p>
   </div>
   <div class='ocr_carea' id='block_1_103' title="bbox 555 5355 2135 5432">
    <p class='ocr_par' dir='ltr' id='par_1_103' title="bbox 555 5355 2135 5432">
     <span class='ocr_line' id='line_1_103' title="bbox 555 5355 2135 5432; baseline 0.006 -23"><span class='ocrx_word' id='word_1_746' title='bbox 555 5355 788 5432; x_wconf 45' lang='lat' dir='ltr'><strong>gotum</strong></span> <span class='ocrx_word' id='word_1_747' title='bbox 814 5369 1070 5432; x_wconf 82' lang='lat' dir='ltr'><strong>_venertt,</strong></span> <span class='ocrx_word' id='word_1_748' title='bbox 1102 5358 1442 5432; x_wconf 66' lang='lat' dir='ltr'><strong>Cbagitinam</strong></span> <span class='ocrx_word' id='word_1_749' title='bbox 1464 5431 1471 5432; x_wconf 15' lang='grc' dir='ltr'>ί</span> <span class='ocrx_word' id='word_1_750' title='bbox 1491 5375 1618 5416; x_wconf 86' lang='lat' dir='ltr'><strong>cum</strong></span> <span class='ocrx_word' id='word_1_751' title='bbox 1665 5370 1826 5432; x_wconf 89' lang='lat' dir='ltr'><strong>patre</strong></span> <span class='ocrx_word' id='word_1_752' title='bbox 1853 5370 1910 5417; x_wconf 93' lang='lat' dir='ltr'><strong>et</strong></span> <span class='ocrx_word' id='word_1_753' title='bbox 1927 5363 2135 5419; x_wconf 80' lang='lat' dir='ltr'><strong>familia</strong></span> 
     </span>
    </p>
   </div>
   <div class='ocr_carea' id='block_1_104' title="bbox 555 5425 2134 5504">
    <p class='ocr_par' dir='ltr' id='par_1_104' title="bbox 555 5425 2134 5504">
     <span class='ocr_line' id='line_1_104' title="bbox 555 5425 2134 5504; baseline 0.009 -26"><span class='ocrx_word' id='word_1_754' title='bbox 555 5425 776 5504; x_wconf 61' lang='lat' dir='ltr'><strong>9hristo</strong></span> <span class='ocrx_word' id='word_1_755' title='bbox 814 5428 1132 5504; x_wconf 80' lang='lat' dir='ltr'><strong>lucraturus</strong></span> <span class='ocrx_word' id='word_1_756' title='bbox 1148 5429 1513 5504; x_wconf 76' lang='lat' dir='ltr'><strong>?__$equen_tia</strong></span> <span class='ocrx_word' id='word_1_757' title='bbox 1535 5425 1706 5504; x_wconf 77' lang='lat' dir='ltr'><strong>etiam</strong></span> <span class='ocrx_word' id='word_1_758' title='bbox 1738 5433 1807 5487; x_wconf 91' lang='lat' dir='ltr'><strong>de</strong></span> <span class='ocrx_word' id='word_1_759' title='bbox 1831 5433 2134 5504; x_wconf 83' lang='lat' dir='ltr'><strong>Hierapoli.</strong></span> 
     </span>
    </p>
   </div>
   <div class='ocr_carea' id='block_1_105' title="bbox 559 5497 2139 5574">
    <p class='ocr_par' dir='ltr' id='par_1_105' title="bbox 559 5497 2139 5574">
     <span class='ocr_line' id='line_1_105' title="bbox 559 5497 2139 5574; baseline 0.006 -25"><span class='ocrx_word' id='word_1_760' title='bbox 559 5497 702 5551; x_wconf 83' lang='lat' dir='ltr'><strong>forte</strong></span> <span class='ocrx_word' id='word_1_761' title='bbox 749 5506 1010 5574; x_wconf 70' lang='lat' dir='ltr'><strong>spectent</strong></span> <span class='ocrx_word' id='word_1_762' title='bbox 1056 5500 1129 5574; x_wconf 67' lang='lat' dir='ltr'><strong>ad</strong></span> <span class='ocrx_word' id='word_1_763' title='bbox 1170 5497 1502 5570; x_wconf 77' lang='lat' dir='ltr'><strong>Hierapolim</strong></span> <span class='ocrx_word' id='word_1_764' title='bbox 1533 5502 1759 5574; x_wconf 51' lang='grc' dir='ltr'>εντα,</span> <span class='ocrx_word' id='word_1_765' title='bbox 1806 5497 2014 5559; x_wconf 66' lang='grc' dir='ltr'>ἰιίηοτέ</span> <span class='ocrx_word' id='word_1_766' title='bbox 2039 5504 2139 5559; x_wconf 85' lang='lat' dir='ltr'><strong>de.-</strong></span> 
     </span>
    </p>
   </div>
   <div class='ocr_carea' id='block_1_106' title="bbox 559 5566 2139 5643">
    <p class='ocr_par' dir='ltr' id='par_1_106' title="bbox 559 5566 2139 5643">
     <span class='ocr_line' id='line_1_106' title="bbox 559 5566 2139 5643; baseline 0.004 -21"><span class='ocrx_word' id='word_1_767' title='bbox 559 5566 949 5643; x_wconf 31' lang='lat' dir='ltr'><strong>eem‘di&#39;erum</strong></span> <span class='ocrx_word' id='word_1_768' title='bbox 1003 5584 1043 5643; x_wconf 88' lang='lat' dir='ltr'><strong>a_</strong></span> <span class='ocrx_word' id='word_1_769' title='bbox 1097 5566 1392 5643; x_wconf 67' lang='lat' dir='ltr'><strong>Damasci),</strong></span> <span class='ocrx_word' id='word_1_770' title='bbox 1461 5566 1658 5627; x_wconf 80' lang='lat' dir='ltr'><strong>urbem</strong></span> <span class='ocrx_word' id='word_1_771' title='bbox 1724 5566 1972 5643; x_wconf 85' lang='lat' dir='ltr'><strong>archiep.</strong></span> <span class='ocrx_word' id='word_1_772' title='bbox 2034 5574 2139 5629; x_wconf 90' lang='lat' dir='ltr'><strong>sub</strong></span> 
     </span>
    </p>
   </div>
   <div class='ocr_carea' id='block_1_107' title="bbox 562 5623 2143 5726">
    <p class='ocr_par' dir='ltr' id='par_1_107' title="bbox 562 5623 2143 5726">
     <span class='ocr_line' id='line_1_107' title="bbox 562 5623 2143 5726; baseline 0.007 -39"><span class='ocrx_word' id='word_1_773' title='bbox 562 5636 877 5726; x_wconf 54' lang='lat' dir='ltr'><strong>patriarcha</strong></span> <span class='ocrx_word' id='word_1_774' title='bbox 916 5623 1322 5726; x_wconf 51' lang='lat' dir='ltr'><strong>Antiocheno</strong></span> <span class='ocrx_word' id='word_1_775' title='bbox 1339 5623 1560 5726; x_wconf 51' lang='lat' dir='ltr'><strong>unam—</strong></span> <span class='ocrx_word' id='word_1_776' title='bbox 1572 5623 1658 5698; x_wconf 67' lang='grc' dir='ltr'><strong>ὲῐ</strong></span> <span class='ocrx_word' id='word_1_777' title='bbox 1687 5623 2143 5726; x_wconf 45' lang='lat' dir='ltr'><strong>‘im:</strong></span> 
     </span>
    </p>
   </div>
   <div class='ocr_carea' id='block_1_108' title="bbox 563 5706 2141 5784">
    <p class='ocr_par' dir='ltr' id='par_1_108' title="bbox 563 5706 2141 5784">
     <span class='ocr_line' id='line_1_108' title="bbox 563 5706 2141 5784; baseline 0.007 -26"><span class='ocrx_word' id='word_1_778' title='bbox 563 5706 707 5784; x_wconf 77' lang='lat' dir='ltr'><strong>perii</strong></span> <span class='ocrx_word' id='word_1_779' title='bbox 765 5709 1008 5784; x_wconf 75' lang='lat' dir='ltr'><strong>Tui-cici,</strong></span> <span class='ocrx_word' id='word_1_780' title='bbox 1041 5710 1139 5784; x_wconf 82' lang='lat' dir='ltr'><strong>ubi</strong></span> <span class='ocrx_word' id='word_1_781' title='bbox 1189 5711 1371 5784; x_wconf 13' lang='lat' dir='ltr'><strong>tantis,</strong></span> <span class='ocrx_word' id='word_1_782' title='bbox 1410 5712 1519 5767; x_wconf 89' lang='lat' dir='ltr'><strong>illis</strong></span> <span class='ocrx_word' id='word_1_783' title='bbox 1567 5706 1817 5782; x_wconf 78' lang='lat' dir='ltr'><strong>patratis,</strong></span> <span class='ocrx_word' id='word_1_784' title='bbox 1860 5706 1918 5768; x_wconf 79' lang='lat' dir='ltr'><strong>in</strong></span> <span class='ocrx_word' id='word_1_785' title='bbox 1964 5714 2141 5784; x_wconf 83' lang='lat' dir='ltr'><strong>Phry-</strong></span> 
     </span>
    </p>
   </div>
   <div class='ocr_carea' id='block_1_109' title="bbox 564 5775 2145 5853">
    <p class='ocr_par' dir='ltr' id='par_1_109' title="bbox 564 5775 2145 5853">
     <span class='ocr_line' id='line_1_109' title="bbox 564 5775 2145 5853; baseline 0.007 -26"><span class='ocrx_word' id='word_1_786' title='bbox 564 5775 712 5845; x_wconf 83' lang='lat' dir='ltr'><strong>giam</strong></span> <span class='ocrx_word' id='word_1_787' title='bbox 736 5787 795 5832; x_wconf 87' lang='lat' dir='ltr'><strong>et</strong></span> <span class='ocrx_word' id='word_1_788' title='bbox 818 5778 1145 5851; x_wconf 83' lang='lat' dir='ltr'><strong>Lycaoniam</strong></span> <span class='ocrx_word' id='word_1_789' title='bbox 1186 5783 1403 5853; x_wconf 74' lang='lat' dir='ltr'><strong>venerit</strong></span> <span class='ocrx_word' id='word_1_790' title='bbox 1425 5822 1441 5847; x_wconf 96' lang='lat'><strong>,</strong></span> <span class='ocrx_word' id='word_1_791' title='bbox 1490 5775 1681 5853; x_wconf 12' lang='lat' dir='ltr'><strong>rut-hic</strong></span> <span class='ocrx_word' id='word_1_792' title='bbox 1717 5775 1954 5848; x_wconf 86' lang='lat' dir='ltr'><strong>dicitur;</strong></span> <span class='ocrx_word' id='word_1_793' title='bbox 1989 5775 2145 5853; x_wconf 74' lang='lat' dir='ltr'><strong>post-</strong></span> 
     </span>
    </p>
   </div>
   <div class='ocr_carea' id='block_1_110' title="bbox 569 5850 2145 5926">
    <p class='ocr_par' dir='ltr' id='par_1_110' title="bbox 569 5850 2145 5926">
     <span class='ocr_line' id='line_1_110' title="bbox 569 5850 2145 5926; baseline 0.006 -29"><span class='ocrx_word' id='word_1_794' title='bbox 569 5859 726 5926; x_wconf 74' lang='lat' dir='ltr'><strong>remo</strong></span> <span class='ocrx_word' id='word_1_795' title='bbox 762 5850 1177 5905; x_wconf 87' lang='lat' dir='ltr'><strong>consummatus</strong></span> <span class='ocrx_word' id='word_1_796' title='bbox 1226 5850 1825 5926; x_wconf 64' lang='lat' dir='ltr'><strong>Hierapoli__Phrygiae,</strong></span> <span class='ocrx_word' id='word_1_797' title='bbox 1870 5850 2145 5923; x_wconf 39' lang='lat' dir='ltr'><strong>quae—om-</strong></span> 
     </span>
    </p>
   </div>
   <div class='ocr_carea' id='block_1_111' title="bbox 572 5920 2145 5995">
    <p class='ocr_par' dir='ltr' id='par_1_111' title="bbox 572 5920 2145 5995">
     <span class='ocr_line' id='line_1_111' title="bbox 572 5920 2145 5995; baseline 0.008 -25"><span class='ocrx_word' id='word_1_798' title='bbox 572 5920 728 5972; x_wconf 84' lang='lat' dir='ltr'><strong>nium</strong></span> <span class='ocrx_word' id='word_1_799' title='bbox 780 5929 999 5992; x_wconf 88' lang='lat' dir='ltr'><strong>recepta</strong></span> <span class='ocrx_word' id='word_1_800' title='bbox 1030 5920 1305 5978; x_wconf 83' lang='lat' dir='ltr'><strong>sententia</strong></span> <span class='ocrx_word' id='word_1_801' title='bbox 1352 5920 1457 5979; x_wconf 82' lang='lat' dir='ltr'><strong>est.</strong></span> <span class='ocrx_word' id='word_1_802' title='bbox 1506 5920 1951 5995; x_wconf 55' lang='lat' dir='ltr'><strong>“tumquantum</strong></span> <span class='ocrx_word' id='word_1_803' title='bbox 1993 5938 2145 5981; x_wconf 78' lang='lat' dir='ltr'><strong>asse-’-</strong></span> 
     </span>
    </p>
   </div>
   <div class='ocr_carea' id='block_1_112' title="bbox 2243 5364 3821 5437">
    <p class='ocr_par' dir='ltr' id='par_1_112' title="bbox 2243 5364 3821 5437">
     <span class='ocr_line' id='line_1_112' title="bbox 2243 5364 3821 5437; baseline -0.001 -17"><span class='ocrx_word' id='word_1_804' title='bbox 2243 5365 2340 5435; x_wconf 89' lang='lat' dir='ltr'><strong>qui</strong></span> <span class='ocrx_word' id='word_1_805' title='bbox 2360 5364 2511 5430; x_wconf 88' lang='lat' dir='ltr'><strong>licet,</strong></span> <span class='ocrx_word' id='word_1_806' title='bbox 2548 5366 2604 5420; x_wconf 90' lang='lat' dir='ltr'><strong>in</strong></span> <span class='ocrx_word' id='word_1_807' title='bbox 2630 5364 2787 5437; x_wconf 83' lang='lat' dir='ltr'><strong>resic</strong></span> <span class='ocrx_word' id='word_1_808' title='bbox 2801 5364 3048 5437; x_wconf 88' lang='lat' dir='ltr'><strong>antiqua,</strong></span> <span class='ocrx_word' id='word_1_809' title='bbox 3075 5364 3340 5437; x_wconf 79' lang='lat' dir='ltr'><strong>nulloque</strong></span> <span class='ocrx_word' id='word_1_810' title='bbox 3368 5373 3634 5437; x_wconf 71' lang='lat' dir='ltr'><strong>praeterea</strong></span> <span class='ocrx_word' id='word_1_811' title='bbox 3668 5372 3821 5437; x_wconf 76' lang='lat' dir='ltr'><strong>certo</strong></span> 
     </span>
    </p>
   </div>
   <div class='ocr_carea' id='block_1_113' title="bbox 2244 5435 3822 5506">
    <p class='ocr_par' dir='ltr' id='par_1_113' title="bbox 2244 5435 3822 5506">
     <span class='ocr_line' id='line_1_113' title="bbox 2244 5435 3822 5506; baseline -0.002 -15"><span class='ocrx_word' id='word_1_812' title='bbox 2244 5445 2385 5491; x_wconf 82' lang='lat' dir='ltr'><strong>teste</strong></span> <span class='ocrx_word' id='word_1_813' title='bbox 2416 5436 2806 5506; x_wconf 87' lang='lat' dir='ltr'><strong>comprobata:</strong></span> <span class='ocrx_word' id='word_1_814' title='bbox 2856 5435 3173 5506; x_wconf 86' lang='lat' dir='ltr'><strong>quanquam</strong></span> <span class='ocrx_word' id='word_1_815' title='bbox 3222 5435 3378 5491; x_wconf 81' lang='lat' dir='ltr'><strong>favet</strong></span> <span class='ocrx_word' id='word_1_816' title='bbox 3417 5436 3553 5491; x_wconf 88' lang='lat' dir='ltr'><strong>illud</strong></span> <span class='ocrx_word' id='word_1_817' title='bbox 3592 5435 3661 5491; x_wconf 92' lang='lat' dir='ltr'><strong>de</strong></span> <span class='ocrx_word' id='word_1_818' title='bbox 3694 5435 3822 5506; x_wconf 89' lang='lat' dir='ltr'><strong>Phi-</strong></span> 
     </span>
    </p>
   </div>
   <div class='ocr_carea' id='block_1_114' title="bbox 2244 5505 3820 5576">
    <p class='ocr_par' dir='ltr' id='par_1_114' title="bbox 2244 5505 3820 5576">
     <span class='ocr_line' id='line_1_114' title="bbox 2244 5505 3820 5576; baseline -0.002 -16"><span class='ocrx_word' id='word_1_819' title='bbox 2244 5506 2398 5576; x_wconf 82' lang='lat' dir='ltr'><strong>lippo</strong></span> <span class='ocrx_word' id='word_1_820' title='bbox 2451 5505 2707 5569; x_wconf 88' lang='lat' dir='ltr'><strong>diacono,</strong></span> <span class='ocrx_word' id='word_1_821' title='bbox 2747 5506 2843 5576; x_wconf 89' lang='lat' dir='ltr'><strong>qui</strong></span> <span class='ocrx_word' id='word_1_822' title='bbox 2876 5505 2971 5561; x_wconf 30' lang='lat' dir='ltr'><strong>’sic</strong></span> <span class='ocrx_word' id='word_1_823' title='bbox 2999 5505 3274 5576; x_wconf 85' lang='lat' dir='ltr'><strong>baptizato</strong></span> <span class='ocrx_word' id='word_1_824' title='bbox 3335 5507 3390 5560; x_wconf 93' lang='lat' dir='ltr'><strong>in</strong></span> <span class='ocrx_word' id='word_1_825' title='bbox 3420 5507 3510 5562; x_wconf 88' lang='lat' dir='ltr'><strong>via</strong></span> <span class='ocrx_word' id='word_1_826' title='bbox 3562 5505 3820 5561; x_wconf 87' lang='lat' dir='ltr'><strong>eunucho</strong></span> 
     </span>
    </p>
   </div>
   <div class='ocr_carea' id='block_1_115' title="bbox 2245 5575 3819 5648">
    <p class='ocr_par' dir='ltr' id='par_1_115' title="bbox 2245 5575 3819 5648">
     <span class='ocr_line' id='line_1_115' title="bbox 2245 5575 3819 5648; baseline -0.002 -18"><span class='ocrx_word' id='word_1_827' title='bbox 2245 5575 2516 5648; x_wconf 74' lang='lat' dir='ltr'><strong>Candacis</strong></span> <span class='ocrx_word' id='word_1_828' title='bbox 2538 5576 2739 5646; x_wconf 73' lang='lat' dir='ltr'><strong>reginae</strong></span> <span class='ocrx_word' id='word_1_829' title='bbox 2757 5575 3101 5648; x_wconf 33' lang='lat' dir='ltr'><strong>Ethiopum’,</strong></span> <span class='ocrx_word' id='word_1_830' title='bbox 3133 5576 3265 5631; x_wconf 91' lang='lat' dir='ltr'><strong>dum</strong></span> <span class='ocrx_word' id='word_1_831' title='bbox 3308 5578 3519 5636; x_wconf 87' lang='lat' dir='ltr'><strong>rediret</strong></span> <span class='ocrx_word' id='word_1_832' title='bbox 3563 5577 3819 5641; x_wconf 84' lang='lat' dir='ltr'><strong>Azotum,</strong></span> 
     </span>
    </p>
   </div>
   <div class='ocr_carea' id='block_1_116' title="bbox 2248 5644 3822 5725">
    <p class='ocr_par' dir='ltr' id='par_1_116' title="bbox 2248 5644 3822 5725">
     <span class='ocr_line' id='line_1_116' title="bbox 2248 5644 3822 5725; baseline 0 -26"><span class='ocrx_word' id='word_1_833' title='bbox 2248 5660 2283 5699; x_wconf 88' lang='lat' dir='ltr'><strong>a</strong></span> <span class='ocrx_word' id='word_1_834' title='bbox 2333 5644 2547 5725; x_wconf 10' lang='lat' dir='ltr'><strong>Spiritu,</strong></span> <span class='ocrx_word' id='word_1_835' title='bbox 2593 5644 2802 5725; x_wconf 36' lang='lat' dir='ltr'><strong>raptus.</strong></span> <span class='ocrx_word' id='word_1_836' title='bbox 2836 5644 3104 5725; x_wconf 44' lang='lat' dir='ltr'><strong>esu—Aet.</strong></span> <span class='ocrx_word' id='word_1_837' title='bbox 3146 5661 3268 5725; x_wconf 67' lang='lat' dir='ltr'><strong>vni,</strong></span> <span class='ocrx_word' id='word_1_838' title='bbox 3325 5648 3430 5714; x_wconf 69' lang='lat'><strong>27;</strong></span> <span class='ocrx_word' id='word_1_839' title='bbox 3466 5648 3613 5725; x_wconf 84' lang='lat' dir='ltr'><strong>quod</strong></span> <span class='ocrx_word' id='word_1_840' title='bbox 3661 5661 3822 5725; x_wconf 78' lang='lat' dir='ltr'><strong>argu-</strong></span> 
     </span>
    </p>
   </div>
   <div class='ocr_carea' id='block_1_117' title="bbox 2250 5716 3820 5787">
    <p class='ocr_par' dir='ltr' id='par_1_117' title="bbox 2250 5716 3820 5787">
     <span class='ocr_line' id='line_1_117' title="bbox 2250 5716 3820 5787; baseline -0.001 -18"><span class='ocrx_word' id='word_1_841' title='bbox 2250 5727 2447 5787; x_wconf 14' lang='lat' dir='ltr'><strong>mento,</strong></span> <span class='ocrx_word' id='word_1_842' title='bbox 2470 5724 2574 5787; x_wconf 88' lang='lat' dir='ltr'><strong>est,</strong></span> <span class='ocrx_word' id='word_1_843' title='bbox 2594 5716 2764 5772; x_wconf 82' lang='lat' dir='ltr'><strong>fuisse</strong></span> <span class='ocrx_word' id='word_1_844' title='bbox 2788 5717 2907 5773; x_wconf 77' lang='lat' dir='ltr'><strong>loca</strong></span> <span class='ocrx_word' id='word_1_845' title='bbox 2950 5718 3083 5774; x_wconf 88' lang='lat' dir='ltr'><strong>satis</strong></span> <span class='ocrx_word' id='word_1_846' title='bbox 3137 5718 3337 5781; x_wconf 87' lang='lat' dir='ltr'><strong>vicina,</strong></span> <span class='ocrx_word' id='word_1_847' title='bbox 3374 5716 3499 5787; x_wconf 63' lang='lat' dir='ltr'><strong>quaé</strong></span> <span class='ocrx_word' id='word_1_848' title='bbox 3524 5718 3605 5773; x_wconf 86' lang='lat' dir='ltr'><strong>sic</strong></span> <span class='ocrx_word' id='word_1_849' title='bbox 3636 5716 3820 5772; x_wconf 88' lang='lat' dir='ltr'><strong>conti—</strong></span> 
     </span>
    </p>
   </div>
   <div class='ocr_carea' id='block_1_118' title="bbox 2250 5786 3821 5910">
    <p class='ocr_par' dir='ltr' id='par_1_118' title="bbox 2250 5786 3821 5910">
     <span class='ocr_line' id='line_1_118' title="bbox 2250 5786 3821 5859; baseline -0.002 -19"><span class='ocrx_word' id='word_1_850' title='bbox 2250 5800 2361 5840; x_wconf 91' lang='lat' dir='ltr'><strong>nue</strong></span> <span class='ocrx_word' id='word_1_851' title='bbox 2394 5786 2680 5855; x_wconf 84' lang='lat' dir='ltr'><strong>Philippus</strong></span> <span class='ocrx_word' id='word_1_852' title='bbox 2730 5788 3012 5859; x_wconf 87' lang='lat' dir='ltr'><strong>apostolus</strong></span> <span class='ocrx_word' id='word_1_853' title='bbox 3058 5788 3305 5859; x_wconf 86' lang='lat' dir='ltr'><strong>potuerit</strong></span> <span class='ocrx_word' id='word_1_854' title='bbox 3338 5786 3525 5844; x_wconf 81' lang='lat' dir='ltr'><strong>divina</strong></span> <span class='ocrx_word' id='word_1_855' title='bbox 3558 5787 3821 5859; x_wconf 61' lang='lat' dir='ltr'><strong>pradica—</strong></span> 
     </span>
     <span class='ocr_line' id='line_1_119' title="bbox 2251 5855 2682 5910; baseline 0.002 -1"><span class='ocrx_word' id='word_1_856' title='bbox 2251 5855 2404 5910; x_wconf 91' lang='lat' dir='ltr'><strong>tione</strong></span> <span class='ocrx_word' id='word_1_857' title='bbox 2424 5855 2682 5910; x_wconf 88' lang='lat' dir='ltr'><strong>lustrare.</strong></span> 
     </span>
    </p>
   </div>
   <div class='ocr_carea' id='block_1_119' title="bbox 2251 5855 2682 5912">
    <p class='ocr_par' dir='ltr' id='par_1_119' title="bbox 2251 5855 2682 5912">
     <span class='ocr_line' id='line_1_120' title="bbox 2251 5855 2682 5912; baseline 0 -2"><span class='ocrx_word' id='word_1_858' title='bbox 2251 5855 2404 5910; x_wconf 91' lang='lat' dir='ltr'><strong>tione</strong></span> <span class='ocrx_word' id='word_1_859' title='bbox 2424 5855 2682 5912; x_wconf 88' lang='lat' dir='ltr'><strong>lustrare.</strong></span> 
     </span>
    </p>
   </div>
   <div class='ocr_carea' id='block_1_120' title="bbox 2325 5922 3819 5997">
    <p class='ocr_par' dir='ltr' id='par_1_120' title="bbox 2325 5922 3819 5997">
     <span class='ocr_line' id='line_1_121' title="bbox 2325 5922 3819 5997; baseline -0.003 -16"><span class='ocrx_word' id='word_1_860' title='bbox 2325 5924 2437 5997; x_wconf 71' lang='grc'><strong>(42)</strong></span> <span class='ocrx_word' id='word_1_861' title='bbox 2483 5926 2682 5982; x_wconf 74' lang='grc' dir='ltr'>Λύσιν</span> <span class='ocrx_word' id='word_1_862' title='bbox 2736 5927 2841 5983; x_wconf 82' lang='grc' dir='ltr'><strong>τοῦ</strong></span> <span class='ocrx_word' id='word_1_863' title='bbox 2879 5928 3272 5984; x_wconf 82' lang='grc' dir='ltr'>συνοικεσιου</span> <span class='ocrx_word' id='word_1_864' title='bbox 3303 5925 3581 5996; x_wconf 81' lang='grc' dir='ltr'>ζητοῦσα.</span> <span class='ocrx_word' id='word_1_865' title='bbox 3632 5922 3819 5992; x_wconf 74' lang='lat' dir='ltr'><strong>Qual-</strong></span> 
     </span>
    </p>
   </div>
  </div>
