4094 6406
302 357 406 424 193

1072 354 1355 417 ORATIO
1389 355 1496 417 IX.
1524 380 1593 393 --
1627 356 1710 419 ΙΝ
1749 357 2067 421 LAUDEM
2100 359 2161 421 S.
2201 352 2545 421 PHILIPPI
2582 356 2839 419 APOST.

3470 353 3576 422 194

294 479 391 532 καὶ
427 473 528 543 τὴν
575 469 942 543 ἀντιστροφὴν
970 468 1072 538 τῆς
1104 470 1351 540 προικὸς,
1387 471 1437 527 εί
1471 470 1549 541 μὴ
1577 471 1677 542 τῆς
1705 471 1880 536 οίκίας

1984 474 2175 546 itaque
2218 472 2503 545 apostolus
2543 471 2675 527 inde
2737 471 2924 526 animo
2964 468 3222 538 anxium,
3254 476 3319 527 ut
3364 470 3422 527 in
3466 472 3575 529 ﬁde

295 566 401 633 ἔξω
427 562 616 636 βάλλει
647 562 739 615 τὸν
770 561 1057 614 Φίλιππον.
1097 561 1251 614 Ἐπεὶ
1275 560 1334 615 δὲ
1362 560 1656 631 ἐναγώνιον
1680 565 1709 616 6
1741 562 1879 618 ἀπό-

296 658 483 721 στολος
529 656 622 710 τὸν
670 654 867 725 Ἥρωα
916 654 1191 725 ἑωράκει,
1250 653 1414 708 αὑτὸν
1466 654 1883 727 παρεθάρρυνεν

295 750 578 820 ἐπιμένειν
606 751 673 819 τῇ
711 746 915 801 πίστει.
949 746 1120 811 Αὐτὸς
1147 747 1203 800 δὲ
1233 748 1555 817 γονυκλίνας
1580 748 1676 803 καὶ
1708 765 1883 819 προσ-

222 832 227 838 ’
293 842 613 911 ευξάμενος,
660 838 759 910 τὴν
807 838 916 909 πρὸ
947 837 1145 910 μικροῦ
1192 840 1651 910 χαλεπαίνουσαν,
1712 841 1884 896 ἱκέτιν

291 933 387 990 τοῦ
414 933 623 1005 ταύτης
655 933 849 1004 ἀνδρὸς
892 931 1331 1003 παρεσκεύασεν,
1378 929 1455 988 Ὦ
1491 933 1635 1004 ἄνερ
1663 936 1885 1006 γλυκύ-

291 1043 454 1094 τατε,
482 1026 743 1096 λέγουσα,
785 1023 975 1080 πόθεν
1003 1027 1038 1079 ό
1063 1026 1410 1095 θαυμαστὸς
1444 1022 1624 1093 οὗτος
1646 1028 1884 1099 ἐγένετο

293 1121 611 1189 ἄνθρωπος
628 1134 648 1183 ;
697 1120 796 1185 Ὠς
832 1116 990 1186 ἡδὺς
1020 1120 1056 1173 ὁ
1078 1118 1299 1173 τούτου
1327 1120 1513 1190 λόγος
1560 1121 1660 1174 καὶ
1694 1122 1735 1189 ἠ
1763 1119 1885 1176 τῶν

293 1210 453 1282 ἠθῶν
482 1209 895 1275 κατάστασις]
914 1209 1196 1280 Μεγάλου
1215 1211 1386 1276 Θεοῦ,
1412 1212 1443 1265 6
1470 1211 1661 1283 Ἥρως
1688 1211 1883 1284 ἔφησε,

298 1302 707 1373 καταγγελεὺς
749 1297 948 1368 οὗτος,
977 1296 1026 1357 ὦ
1054 1302 1252 1372 γύναι,
1291 1302 1390 1357 καί
1427 1305 1671 1359 αίωνίου
1694 1305 1880 1369 ,ϐασι-

295 1393 468 1459 λείας
520 1390 897 1461 προξενητής
918 1407 935 1423 ⁸
971 1389 1070 1445 καί
1105 1392 1161 1445 εί
1200 1390 1399 1458 δοκεῖ,
1436 1391 1881 1463 ἀνενδοιάστως

296 1484 729 1555 προσέλθωμεν
762 1481 842 1549 τῷ
871 1484 1087 1539 τούτου
1129 1483 1251 1551 Θεῷ
1272 1501 1289 1517 ·
1319 1485 1415 1539 κα)⁸
1441 1485 1608 1555 ἄμφω
1635 1503 1882 1557 προσπε-

1980 575 2241 623 constans
2280 571 2670 636 perseveraret
2706 563 3002 619 excitabat.
3035 554 3174 619 Tum
3222 564 3340 634 ipse
3377 564 3574 634 positis

1977 658 2213 730 genibus
2270 672 2466 722 orans,
2514 673 2636 713 eam
2690 672 2813 727 qua:
2870 657 3036 726 paulo
3093 664 3221 710 ante
3272 656 3567 725 indignans

1978 749 2357 821 obstrepebat,
2382 749 2504 805 viro
2533 749 2838 819 supplicem
2882 747 3032 803 fecit.
3071 747 3115 802 0
3144 750 3223 802 vir
3253 746 3573 817 dulcissime,

1979 843 2193 909 aiebat,
2223 842 2361 897 unde
2400 844 2540 897 venit
2570 839 2831 896 mirabilis
2864 842 2946 895 hic
2971 840 3165 894 homo?
3193 839 3367 905 Quam
3397 845 3575 896 suavis

1981 935 2130 991 illius
2155 952 2328 990 sermo
2351 951 2663 1006 morumque
2685 936 3027 990 constitutio!
3050 933 3232 1005 Magni
3254 933 3371 997 Dei,
3394 934 3579 988 aiebat

1985 1026 2200 1092 Heres,
2240 1043 2271 1081 o
2316 1026 2533 1091 mulier,
2580 1026 2796 1079 nuntius
2844 1033 2920 1078 est
2971 1040 3033 1077 ac
3078 1038 3282 1093 praeco,
3326 1024 3578 1092 regnique

1985 1118 2209 1174 celestis
2255 1119 2489 1190 parandi
2532 1128 2736 1174 auctor.
2772 1118 2876 1185 Ac,
2910 1118 2956 1172 si
3000 1116 3152 1181 libet,
3186 1118 3322 1170 citra
3368 1132 3578 1169 omnem

1986 1211 2367 1266 dubitationem
2395 1211 2706 1265 accedamus
2733 1208 2880 1264 illius
2913 1209 3056 1275 Deo;
3090 1209 3363 1279 amboque
3393 1192 3575 1278 proci;

1986 1303 2184 1359 dentes
2216 1303 2488 1374 apostolo,
2521 1302 2995 1375 regenerationem
3032 1317 3156 1372 quae
3198 1317 3267 1357 ex
3310 1316 3453 1372 aqua
3493 1308 3578 1355 est

1987 1404 2047 1453 et
2088 1394 2323 1467 Spiritu,
2354 1396 2639 1467 accipiunt
2675 1409 2801 1450 cum
2845 1402 2959 1450 tota
2995 1394 3183 1449 domo.
3217 1393 3336 1460 Quo
3371 1397 3577 1448 tactum

1987 1496 2093 1555 est,
2116 1498 2182 1543 ut
2203 1496 2262 1543 et
2286 1487 2456 1543 vicini
2486 1488 2646 1542 multi
2675 1486 2744 1542 ad
2772 1486 3068 1542 Dominum
3094 1485 3412 1539 transirent.

296 1582 483 1645 σόντες
513 1580 817 1652 ἀποστόλῳ,
851 1580 1070 1635 πανοικὶ
1093 1580 1431 1653 λαμόἀνουσι
1462 1582 1562 1655 τὴν
1594 1582 1653 1651 ἐξ
1680 1581 1874 1648 ὕδατος
1910 1584 2005 1638 καὶ⁵
2051 1583 2373 1656 Πνεύματος
2422 1583 2806 1655 ἀναγὲννησιν.
2856 1582 2952 1636 Ἐκ
3010 1579 3069 1633 δὲ
3131 1578 3342 1644 τούτου,
3391 1574 3579 1631 πολλοὶ

292 1673 396 1745 τῆς
425 1672 757 1744 περιοικίδας
791 1672 928 1744 πρὸς
958 1672 1162 1745 Κύριον
1200 1675 1584 1745 μετετάξαντο.

378 1764 519 1818 Ἀλλ’
562 1765 591 1817 6
623 1764 724 1835 τῆς
759 1763 962 1828 κακίας
1007 1764 1330 1836 ὲφευρετὴς,
1357 1765 1435 1830 ώς
1465 1765 1660 1821 ἑαυτὸν
1690 1766 1868 1838 ἠττώ-

2041 1766 2249 1824 Verum
2281 1764 2509 1822 malitiae
2536 1772 2753 1830 auctor,
2792 1770 2855 1818 ut
2882 1777 2942 1818 se
2968 1761 3118 1818 vinci
3145 1761 3308 1828 vidit,
3336 1777 3578 1834 suosque

293 1872 457 1929 μενον
485 1852 616 1921 εἶδε,
645 1854 743 1909 καὶ
775 1859 903 1918 τοὺς
929 1857 1124 1911 ἑαυτοῦ
1152 1857 1257 1911 ὑπὸ
1280 1858 1375 1911 τοῦ
1405 1858 1711 1913 ἀποστόλου
1747 1858 1884 1924 ἐζω-

287 1947 645 2021 γρημένους,
703 1946 1056 2018 πυρπολῆσαι
1107 1946 1208 2020 τὴν
1267 1949 1445 2003 οἰκίαν
1499 1950 1595 2006 τοῦ
1664 1950 1883 2022 Ἥρωος

287 2043 504 2113 ἧγειρε.
536 2039 650 2093 Καὶ
675 2040 842 2107 γνοὺς
874 2040 954 2111 τῷ
997 2038 1274 2111 πνεύματι
1303 2043 1333 2095 6
1359 2040 1681 2109 ἀπόστολος,
1718 2043 1882 2115 ἀτρό-

295 2146 413 2200 μως
461 2128 630 2196 ἔξεισι
659 2129 801 2200 πρὸς
829 2128 1030 2192 αὐτούς
1052 2144 1068 2160 ο
1098 2128 1158 2182 ὃν
1200 2129 1497 2202 ἀνημέρως
1533 2133 1883 2203 ἑπικαυχῶν-

292 2237 409 2285 τες,
441 2221 522 2284 είς
545 2220 608 2273 τδ
629 2221 944 2275 δικαστικὸν
969 2219 1355 2293 βουλευτήριον
1379 2224 1609 2293 ἧγαγον.
1654 2223 1883 2295 Ἐμϐριο

293 2311 406 2375 θῶς
452 2310 510 2364 δὲ
556 2310 635 2381 τῷ
695 2310 983 2382 ἀποστόλῳ
1044 2311 1403 2383 ’Δρίσταρχος
1441 2314 1472 2365 6
1514 2312 1745 2385 ἔξαρχος
1785 2313 1883 2368 τοῦ

294 2403 681 2476 βουλευτηρίου
736 2403 1014 2476 προσχὼν,
1062 2401 1209 2463 Οἶδά
1233 2420 1309 2461 σε
1330 2405 1462 2473 ταῖς
1477 2408 1759 2478 μαγείαις
1784 2408 1884 2462 ἐν·

291 2496 725 2566 αόρυνόμενον,
757 2495 913 2566 ἔλεγε
936 2512 951 2528 ·
983 2496 1123 2554 ἀλλ’
1146 2500 1199 2553 εί
1223 2497 1310 2569 μὴ
1333 2499 1709 2570 ἀποθέμενος
1740 2502 1883 2556 ταύ-

292 2603 402 2654 τας
434 2586 553 2656 ἔσῃ
575 2627 591 2653 ,
640 2585 918 2658 ,λιθασμῷ
963 2587 1153 2657 πικρῷ
1186 2604 1262 2643 σε
1304 2589 1610 2647 ἀπολέσω.
1648 2592 1726 2647 Τὰ
1772 2593 1883 2663 γὰρ

294 2680 428 2750 περι
463 2681 572 2736 τοῦ
598 2678 1051 2750 σταυρωθέντπ
1085 2682 1235 2737 Θεοῦ
1263 2695 1384 2738 σου
1432 2684 1726 2754 εὐκαίρως
1750 2686 1882 2740 ἐπι-

297 2771 655 2843 ζητήσομεν,
687 2772 859 2842 λέγει,
891 2773 989 2827 καὶ
1015 2774 1118 2845 τῆς
1146 2775 1519 2846 ἀποστολικῆς
1545 2776 1885 2849 δραξάμενος

298 2863 513 2933 κόμης,
561 2863 720 2919 ὠθῶν
768 2864 933 2918 αὐτὸν
971 2866 1472 2938 προππηλάκιζεν.
1525 2868 1884 2940 Ἀριστάρχου

296 2954 358 3009 δὲ
388 2955 450 3010 τὸ
484 2955 720 3011 ἄτακτον
747 2958 1276 3029 ὲπιτεχνευσάμενος
1310 2958 1665 3030 σωφρονῆσαι
1709 2960 1739 3013 6
1776 2976 1885 3030 μα·-

299 3048 495 3116 κάριος
524 3048 815 3113 Φίλιππος,
854 3048 986 3114 ἴσως
1017 3049 1112 3104 καὶ
1149 3050 1239 3105 διὰ
1270 3051 1399 3115 τοὺς
1432 3052 1885 3123 παρατυγχάνον-

1983 1857 2300 1930 apostolicis
2334 1866 2525 1929 captos
2558 1855 3122 1926 cassibus'cognovit,
3150 1862 3212 1909 ut
3250 1854 3446 1909 Herois
3474 1855 3577 1909 do-

1982 1965 2137 2006 mum
2175 1949 2539 2006 incenderent
2566 1949 2847 2004 excitavit.
2880 1946 3022 2001 Tum
3059 1945 3343 2016 apostolus
3378 1946 3578 2015 spiritu

1984 2059 2103 2099 rem
2132 2043 2469 2115 intelligens,
2495 2042 2564 2098 ad
2593 2056 2691 2097 eos
2715 2040 3027 2111 intrepidus
3052 2039 3117 2093 iit
3148 2055 3162 2093 :
3190 2053 3355 2109 quem
3385 2037 3580 2092 imma-

1983 2133 2135 2189 niter
2162 2132 2500 2198 insultando,
2533 2131 2604 2187 ad
2638 2131 2850 2187 curiam
2888 2128 3244 2199 tribunalque
3274 2128 3577 2182 duxerunt.

1983 2224 2305 2295 Aspereque
2333 2238 2400 2278 ac
2430 2221 2723 2278 minaciter
2752 2220 3004 2291 apostolo
3058 2218 3412 2273 Aristarchus
3440 2232 3581 2286 prae-

1983 2315 2162 2373 fectus
2190 2316 2362 2371 curiae
2393 2330 2605 2386 praeses
2636 2331 2651 2369 :
2682 2313 2818 2369 Novi
2849 2322 2919 2378 te,
2948 2312 3152 2377 aiebat,
3180 2312 3371 2382 magia:
3405 2311 3580 2363 virtu-

1983 2407 2121 2462 tibus
2149 2407 2403 2479 gloriari;
2433 2416 2510 2473 at,
2541 2408 2643 2461 nisi
2671 2422 2761 2461 eas
2789 2406 3066 2477 abjeceris,
3101 2404 3289 2459 acerbo
3324 2412 3375 2457 te
3408 2403 3579 2457 imbre

1986 2498 2225 2569 lapidum
2262 2498 2504 2570 perdam.
2545 2496 2677 2562 Quia
2718 2498 2856 2551 enim
2898 2495 2969 2549 ad
3004 2494 3175 2549 Deum
3219 2502 3370 2547 tuum
3406 2494 3579 2547 cruci-

1981 2588 2153 2658 ﬁxum
2205 2598 2473 2661 spectant,
2516 2596 2814 2660 opportune
2866 2586 3319 2653 examinabimus,
3364 2585 3577 2655 inquit,

1984 2697 2252 2752 comaque
2266 2681 2672 2753 apprehensum
2703 2680 3010 2751 apostolum
3037 2678 3297 2744 ,trudens
3326 2678 3584 2749 suggilla-

1984 2772 2102 2828 bat.
2131 2772 2373 2829 Studens
2409 2780 2594 2827 autem
2620 2772 2709 2826 vir
2738 2771 2933 2826 beatus
2984 2769 3294 2825 Aristarchi
3330 2768 3578 2823 insolen~

1988 2866 2122 2921 tiam
2148 2865 2435 2937 castigare,
2463 2864 2606 2921 forte
2634 2879 2765 2921 vero
2792 2864 2960 2919 etiam
2987 2870 3215 2934 pr0pter
3236 2877 3332 2917 eos
3357 2862 3450 2932 qui
3481 2861 3581 2916 ad-

1986 2966 2169 3022 erant,
2200 2971 2264 3013 ut
2295 2957 2673 3028 intelligerent
2700 2957 2944 3027 potentis
2972 2956 3071 3011 Dei
3098 2971 3227 3011 eum
3255 2955 3579 3010 ministrum

1988 3061 2138 3111 esse,
2170 3046 2389 3102 cunctis
2430 3046 2786 3101 audientibus
2829 3046 2886 3100 in
2932 3046 3083 3101 hunc
3123 3046 3349 3102 modum
3385 3060 3581 3101 vocem

298 3155 422 3201 τας,
446 3138 533 3192 ἴνα
558 3140 757 3207 γνῶσιν
782 3141 865 3196 ὅτι
885 3141 1114 3196 δυνατοῦ
1139 3142 1275 3196 Θεοῦ
1303 3144 1453 3197 ὲστιν
1477 3143 1779 3216 ὑπηρέτης,
1807 3145 1880 3209 είς

1986 3137 2206 3193 extulit.
2235 3136 2339 3204 Qui
2362 3139 2596 3193 omnium
2622 3146 2858 3193 nostrum
2884 3138 3162 3210 sigillatim
3189 3138 3350 3193 corda
3376 3138 3580 3209 forma-

304 3232 545 3303 ἐπήκοον
575 3233 796 3287 πάντων
822 3233 968 3289 οὕτω
986 3252 1106 3299 πως
1126 3234 1494 3307 ἐξεφώνησεν,
1526 3236 1590 3290 '0
1613 3237 1723 3303 τὰς
1745 3255 1888 3307 καρ-

299 3321 437 3389 δίας
471 3323 642 3393 ἠμῶν
676 3324 924 3391 πλάσας
954 3328 1319 3397 καταμόνας,
1351 3327 1585 3394 καὶτὰς
1613 3329 1888 3397 κινήσεις

297 3413 504 3469 αὐτῶν
524 3415 676 3485 πρὸς
712 3418 1079 3472 ὀπωσανοῦν
1109 3421 1497 3490 τρεπόμενος,
1527 3420 1638 3473 τὸν
1663 3421 1732 3474 ἐκ
1774 3419 1887 3489 τῆς

296 3502 452 3575 ἐμῆς
506 3507 756 3575 καρδίας
800 3508 883 3574 ὡς
932 3508 1119 3579 ὀργῆς
1161 3510 1463 3580 ἀμέτοχον
1507 3510 1886 3582 ἀναγόμενον

295 3601 486 3671 λόγον
508 3600 661 3670 ἔργῳ
697 3602 1050 3672 πλήρωσον,
1076 3603 1273 3671 Κύριε,
1304 3603 1403 3657 καὶ
1438 3602 1709 3672 γενέσθω
1732 3602 1885 3659 πᾶσι

294 3694 745 3764 σωφρονισμός.
794 3695 867 3749 Ἠ
910 3695 1276 3765 προταθεῖσα
1311 3696 1445 3765 χεὶρ
1503 3696 1604 3750 ἐπὶ
1640 3695 1757 3766 τὴν
1782 3698 1883 3751 κό-

291 3800 447 3853 μην,
498 3779 574 3854 ἧς
612 3786 876 3855 ήγίασας
921 3785 1226 3856 κεφαλῆς,
1260 3788 1588 3856 παρεθήτω.
1649 3787 1884 3860 Ἐπηκο-

289 3874 481 3929 λούθει
519 3876 577 3929 δὲ
625 3877 705 3947 τῷ
751 3877 899 3949 λόγῳ
955 3879 991 3950 ἡ
1038 3878 1133 3933 τοῦ
1172 3880 1410 3934 ἀτάκτου
1443 3880 1741 3954 διαστροφὴ
1772 3883 1882 3936 τῶν

288 3962 505 4035 μελῶν.
535 3966 792 4037 Παρευθὺ
817 3967 926 4038 γὰρ
955 3969 989 4038 ἡ
1020 3966 1213 4022 τούτου
1241 3968 1595 4042 ἀπεξηράνθη
1628 3972 1753 4043 χεὶρ
1786 3971 1881 4025 καὶ

280 4056 326 4109 ὀ
359 4056 500 4126 πρὸς
528 4056 700 4130 αὐτὴν
719 4058 1000 4131 ὀφθαλμὸς
1028 4060 1409 4132 ἀπετύφλωτο,
1434 4064 1530 4117 καὶ
1559 4066 1683 4118 κατ’
1713 4064 1882 4133 ἄμφω

277 4144 600 4215 κεκώφωτο
626 4150 761 4212 ,τοῖς
786 4148 910 4205 ὠσί.
943 4150 1114 4205 Τοῦτο
1140 4153 1267 4216 τοὺς
1299 4153 1752 4224 συνειλεγμένους
1794 4154 1883 4220 te-

277 4238 516 4309 έστησε,
547 4239 644 4294 καὶ⁹
678 4241 820 4310 μετὰ
853 4241 1010 4306 δέους
1041 4243 1286 4296 ἱκέτευον
1313 4244 1500 4298 δοῦναι
1541 4242 1880 4314 συγγνώμην

280 4326 371 4399 τῷ
402 4327 885 4402 πλημμελήσαντι.
925 4331 1040 4385 Καὶ
1066 4334 1095 4385 6
1139 4332 1439 4396 ἀπόστολος
1482 4333 1622 4404 πρὸς
1653 4332 1876 4396 αὐτούς·

1988 3232 2381 3303 sti,eorumque
2401 3232 2456 3284 in
2478 3232 2683 3302 quosvis
2705 3232 2864 3285 vertis
2885 3240 3076 3293 motus,
3090 3246 3156 3285 ea:
3175 3246 3290 3285 meo
3310 3242 3577 3300 erumpenv

1989 3335 2094 3379 tem
2122 3325 2279 3380 corde
2308 3341 2625 3390 sermonem,
2655 3324 2847 3396 quippe
2877 3325 2973 3379 ira:
3006 3331 3296 3395 expertem,
3327 3321 3579 3389 Domine,

1987 3437 2143 3493 opere
2164 3420 2418 3492 adimple,
2432 3421 2604 3490 sitque
2624 3419 2866 3474 omnibus
2882 3420 3052 3491 justa:
3075 3418 3292 3473 ultionis
3319 3415 3578 3487 exemplo.

1986 3511 2119 3579 Qua:
2139 3515 2197 3568 in
2218 3529 2424 3568 comam
2447 3513 2563 3584 ejus
2583 3513 2794 3585 capitis,
2812 3512 2953 3584 quod
2976 3510 3343 3580 sanctiﬁcasti,
3364 3518 3579 3564 extensa

1985 3624 2179 3662 manus
2218 3614 2325 3674 est,
2363 3606 2705 3662 dissolvatur.
2740 3607 2995 3673 Dixerat,
3029 3605 3248 3676 virique
3286 3604 3579 3661 insolentis

1985 3701 2368 3757 membrorum
2412 3700 2673 3756 distortio
2714 3709 2961 3755 actutum
3007 3698 3179 3753 verba
3229 3706 3418 3754 secuta
3465 3706 3573 3753 est.

1985 3790 2186 3847 Statim
2225 3792 2374 3847 enim
2411 3792 2535 3862 ejus
2568 3806 2764 3846 manus
2792 3790 3047 3857 exaruit;
3077 3790 3320 3859 positum
3354 3788 3421 3843 ad
3450 3803 3575 3843 eam

1986 3881 2211 3937 oculum
2240 3880 2443 3937 invasit
2468 3882 2708 3945 caecitas,
2733 3895 3011 3949 auresque
3045 3881 3222 3935 amba:
3258 3879 3573 3935 obsurdue-

1986 3981 2140 4028 runt.
2170 3973 2248 4028 Ea
2282 3987 2395 4038 res,
2425 3988 2522 4029 eos
2552 3974 2648 4044 qui
2678 3972 2992 4044 congregati
3019 3980 3182 4026 erant
3211 3971 3269 4026 in
3293 3978 3574 4041 stuporem

1983 4063 2119 4134 egit,
2145 4070 2411 4133 metuque
2448 4060 2513 4118 ac
2544 4072 2787 4118 tremore
2820 4062 3009 4117 delicti
3044 4077 3142 4117 reo
3173 4062 3392 4118 veniam
3430 4077 3574 4131 prae-

1985 4154 2121 4208 stari
2167 4154 2574 4225 supplicabant.
2604 4154 2688 4209 Ad
2734 4169 2875 4225 quos
2922 4153 3222 4224 Apostolus
3268 4170 3282 4207 :
3331 4153 3574 4208 Distorta

1984 4246 2245 4309 membra;
2270 4248 2509 4300 humana
2539 4262 2635 4317 ape
2664 4262 2771 4300 non
2799 4245 2978 4301 valent
3008 4245 3274 4315 reparari.
3305 4243 3408 4309 Qui
3435 4245 3573 4298 enim

1985 4339 2233 4393 restituat
2259 4345 2416 4409 atque
2439 4340 2722 4405 instauret,
2748 4355 2882 4392 unus
2911 4345 3006 4401 est,
3036 4337 3127 4408 qui
3158 4353 3192 4391 a
3224 4336 3483 4407 principio
3510 4349 3572 4390 es

287 4422 366 4476 At
399 4419 521 4475 τῶν
541 4423 748 4491 μελῶν
772 4423 1129 4507 διαστροφαὶ
1167 4426 1551 4495 ἀνθρωπίνης
1588 4426 1880 4495 βοηθείας

1984 4427 2197 4495 pulvere
2228 4430 2494 4484 hominem
2532 4430 2607 4484 sic
2644 4428 2892 4484 membris
2929 4429 3248 4482 instructum
3283 4427 3572 4498 fabricatus

287 4513 735 4581 ἐπαποροῦσιν.
785 4516 848 4570 '0
872 4516 985 4586 γὰρ
1043 4517 1270 4571 τούτων
1320 4515 1642 4585 διορθωτὴς
1683 4511 1772 4581 εἷς
1817 4515 1879 4570 ἑ-

286 4620 457 4669 στιν,
491 4608 526 4660 d
546 4606 616 4661 ἐκ
647 4609 791 4678 χοὸς
806 4609 1109 4680 κατάρχεις
1132 4609 1495 4680 διαρθρώσας
1520 4612 1628 4665 τὸν
1660 4608 1884 4678 ἄνθρω-

286 4713 437 4753 πον.
479 4697 578 4765 Ὠς
608 4702 662 4754 εί
689 4700 778 4770 μὴ
816 4702 1213 4772 προσέλθητε,
1247 4703 1348 4758 καὶ
1374 4703 1560 4770 αὐτὸς
1587 4705 1621 4756 d
1650 4701 1880 4767 παθὼν,

284 4792 363 4845 οὐ
388 4788 634 4855 τεύξετε
659 4792 772 4862 τῆς
805 4793 1040 4863 ἰάσεως.

362 4883 480 4937 Καὶ
514 4883 655 4954 πρὸς
675 4886 869 4958 τούτῳ,
906 4887 1143 4953 τεθνεώς
1198 4906 1284 4953 τις
1343 4885 1691 4960 ἐξεκομίζετο
1740 4887 1882 4959 πρὸς

283 4975 475 5047 ταφήν
501 4989 517 5005 ⁸
544 4977 636 5031 καὶ
674 4980 1040 5052 κατασχόντες
1054 4980 1155 5053 τὴν
1186 4980 1375 5053 κλίνην
1398 4982 1450 5035 οἱ
1488 4980 1877 5052 συμπαρόντες

282 5150 460 5208 quam
514 5136 751 5207 apostoli
807 5136 1103 5208 consilium
1145 5144 1285 5208 erat,
1336 5151 1407 5193 ne
1435 5146 1701 5206 suscepta
1746 5136 1878 5194 ﬁdei

280 5207 459 5263 eausa
507 5222 711 5262 uxores
743 5222 774 5262 a
815 5208 953 5263 viris
1002 5207 1374 5272 discederent,
1429 5208 1515 5262 vel
1561 5208 1729 5263 etiam
1763 5208 1875 5264 viri

280 5292 499 5351 uxores
557 5277 968 5351 relinquerent,
1016 5276 1036 5331 ι
1081 5275 1215 5351 ‘Cor.
1257 5293 1359 5342 vn,
1410 5277 1499 5342 12,
1534 5276 1747 5351 (litteris
1780 5295 1874 5351 ego

277 5348 425 5418 dico,
453 5363 560 5402 non
586 5347 845 5402 Dominus
871 5365 890 5403 :
913 5347 971 5404 Si
1000 5348 1117 5418 quis
1151 5348 1320 5418 frater
1360 5363 1580 5401 uxorem
1606 5348 1761 5403 habet
1786 5347 1874 5409 in-

274 5417 524 5488 ﬁdelem,
559 5427 691 5483 etc.,
714 5420 902 5488 plures
938 5417 1119 5473 tamen
1145 5417 1307 5472 Simul
1336 5426 1591 5488 suscepta
1618 5417 1745 5485 fide,
1776 5435 1873 5475 ca-

278 5487 497 5545 Stitatis
547 5487 891 5559 propositum
942 5489 1438 5559 amplectebantur,
1497 5487 1700 5559 quibus
1728 5506 1873 5545 non-

277 5563 577 5641 nunquam
601 5628 613 5641 _
638 5558 873 5629 apostoli
914 5558 1653 5641 annuebantaquan‘doque
1699 5561 1869 5641 etiam

278 5630 391 5699 ipsi
426 5627 698 5692 inﬁdeles,
749 5638 1008 5698 suscepto
1068 5628 1195 5683 ﬁdei
1236 5627 1385 5695 odio,
1446 5627 1745 5686 divortium
1782 5630 1868 5687 fa-

279 5698 538 5764 ciebant,
566 5709 627 5754 ut
648 5699 741 5755 hic
782 5698 1035 5755 Marcella
1064 5707 1308 5755 tentasse
1350 5699 1702 5765 describitur,
1759 5700 1869 5758 nisi

279 5770 715 5851 viroapostolica
732 5769 1168 5851 vestigiadomo
1226 5770 1470 5851 ejiceret.
1508 5771 1871 5851 Proinde‘ve-

288 5838 406 5895 reri
437 5831 700 5911 poterant
731 5831 1107 5912 Hierapolim,
1161 5855 1229 5897 ne
1245 5831 1477 5897 illorum
1508 5857 1709 5900 uxores
1736 5842 1867 5900 Phi-

1982 4529 2079 4576 est.
2107 4520 2461 4588 Quamobrem
2490 4521 2594 4577 nisi
2619 4520 2965 4584 accesseritis,
2994 4520 3141 4592 isque
3165 4520 3278 4591 ipse
3300 4518 3390 4590 qui
3422 4515 3571 4572 labo-

1978 4622 2088 4683 rat,
2114 4615 2401 4670 sanitatem
2429 4631 2535 4669 non
2564 4612 2963 4686 consequimini.

2069 4886 2306 4951 Interea,
2352 4884 2597 4941 defuncti
2646 4882 2933 4956 cujusdam
2983 4880 3152 4937 funus
3198 4879 3563 4949 efferebatur;

1978 4988 2340 5052 tenentesque
2385 4978 2650 5039 feretrum
2694 4977 2789 5048 qui
2830 4975 3047 5033 sodales
3090 4972 3409 5030 Aristarcho
3462 4974 3565 5029 ad-

1983 5135 2182 5206 lippus,
2220 5129 2889 5206 seduceret,_adduce_ndo
2940 5129 3009 5185 ad
3035 5127 3221 5206 ﬁdem,
3282 5128 3429 5206 unde
3469 5128 3563 5206 illa

1983 5200 2223 5261 divortia
2255 5205 2470 5260 fierent.
2503 5203 2594 5260 Sic
2645 5202 2911 5257 nimirum
2952 5202 3102 5256 venit
3146 5200 3414 5255 Dominus
3441 5200 3559 5269 gla.

1982 5277 2134 5332 dium
2191 5276 2428 5339 mittere,
2462 5272 2653 5330 Matth.
2715 5289 2769 5333 x,
2801 5273 2891 5338 35,
2921 5287 3023 5326 nec
3068 5280 3153 5326 est
3198 5270 3295 5325 illo
3338 5271 3559 5339 dignus.

1981 5347 2079 5411 qui
2134 5347 2221 5402 vel
2268 5362 2519 5410 uxorem,
2574 5344 2661 5398 vel
2716 5343 2887 5398 alium
2920 5357 3253 5413 quemquam
3306 5339 3560 5413 plusillo

1986 5406 2129 5496 {ngat
2151 5435 2166 5482 ;
2186 5416 2340 5496 _qu_o_d
2370 5406 2561 5486 utique
2589 5414 2741 5496 facit,
2777 5413 2901 5496 qui"
2926 5406 3203 5496 consentit
3260 5406 3560 5496 cumn‘inﬁ-

1980 5488 2091 5560 deli
2115 5478 2437 5560 cohabitare
2465 5478 2592 5541 cum
2637 5478 2839 5560 iniuria
2867 5482 3185 5560 Salvatoris,
3235 5496 3357 5560 quae
3386 5478 3557 5560 plane

1979 5559 2036 5614 in
2060 5557 2290 5628 proclivi
2316 5564 2435 5628 est,
2454 5572 2579 5611 cum
2610 5551 3069 5628 altereonjuguni
3105 5551 3285 5628 errori
3314 5551 3554 5619 pristino

1976 5645 2040 5684 ac
2061 5621 2441 5699 superstitioni
2474 5635 2660 5681 manet
2700 5621 3227 5699 addictior._Mo_duli
3280 5635 3344 5699 a_c
3369 5634 3555 5699 canon

1975 5689 2177 5769 praeter
2203 5697 2575 5769 apostolorum
2626 5708 2966 5769 communes
2992 5690 3184 5769 laudes
3217 5699 3274 5747 et
3300 5689 3552 5769 labores,

1976 5760 2041 5851 ac
2063 5760 2309 5851 Philippi
2329 5782 2576 5851 crucem,
2603 5764 2754 5840 quod
2772 5762 3019 5822 historia:
3040 5763 3224 5820 lucem
3260 5761 3428 5819 ullam
3466 5760 3553 5817 af-

1976 5840 2139 5907 ferat,
2173 5839 2313 5896 nihil
2347 5839 2571 5895 habent.
