4094 6440
524 366 621 426 195

1737 355 2031 416 ΝΙΟΕΤΑΞ
2071 353 2265 415 PAPH
2275 355 2601 416 LAGONIS

3683 359 3781 424 196

523 476 711 532 erant,
734 465 1028 521 illudentes
1053 465 1302 537 apostolo
1327 465 1617 521 dicebant:
1646 465 1796 520 Hunc
1821 467 1868 518 si
1891 466 2116 518 suscita-

2231 463 2596 536 Ἀριστάρχῳ,
2631 465 2984 535 χλευάζοντες
3015 466 3200 537 ελεγον
3224 468 3303 538 τῷ
3354 469 3639 540 ἀποστόλῳ
3667 486 3683 502 ·
3715 473 3783 525 Et

522 564 680 626 veris,
709 576 888 613 omnes
904 575 1021 612 cum
1036 559 1364 622 Aristarcho,
1389 559 1497 612 Deo
1513 568 1603 612 tuo
1627 558 1826 611 cultum
1840 558 2108 612 adhibebi-
2135 619 2144 628 _

523 668 659 706 mus.
691 650 926 705 Sanctus
955 666 1084 704 vero
1115 650 1342 705 intentis
1368 650 1424 703 in
1450 650 1649 705 cmlum
1673 649 1870 714 oculis,
1898 649 2108 718 prolixe

523 759 715 808 orans,
762 743 873 797 leni
907 742 1130 796 demum
1180 759 1315 797 voce
1353 745 1624 814 jacentcm
1671 745 1726 798 in
1769 743 1975 798 feretro
2022 743 2110 797 his

526 838 848 908 alloquitur,
879 836 1174 906 Theophile.
1202 836 1508 906 Statimque
1557 837 1762 891 resedit
1803 847 1858 891 et
1893 837 2110 905 aperuit

527 934 740 988 oculos.
789 931 1518 1001 Adjicicnsquexapostolus,
1543 930 1678 984 dixit
1714 949 1726 984 :
1761 929 1993 986 Christus
2018 931 2110 984 tibi

525 1026 668 1093 iubet
693 1043 711 1080 :
751 1040 908 1094 surge
933 1065 948 1090 ,
983 1025 1254 1091 omnisque
1291 1024 1650 1092 impedimenti
1682 1023 1830 1087 liber,
1873 1022 2106 1092 loquere.

527 1119 596 1171 At
625 1119 718 1172 ille
745 1132 1008 1171 excussus
1033 1133 1062 1170 e
1081 1116 1310 1180 feretro,
1329 1116 1578 1184 apostolo
1594 1116 1851 1185 procidit,
1879 1117 2066 1170 dicens
2093 1133 2107 1168 :

527 1210 741 1265 Gratias
764 1209 925 1262 habeo
945 1249 958 1271 ,
989 1217 1167 1261 sancte
1188 1207 1304 1271 Dei,
1333 1207 1470 1278 quod
1499 1224 1563 1261 eo:
1590 1208 1768 1262 multis
1797 1207 1951 1260 malis
1981 1209 2111 1262 hora

527 1303 626 1355 hac
659 1301 938 1354 liberabor.
970 1299 1182 1353 Duobus
1208 1301 1347 1353 enim
1371 1299 1602 1353 obscuris
1635 1299 1872 1370 {wdoque
1901 1309 2114 1369 aspectu.

529 1412 592 1448 uc
616 1394 898 1447 immitibus
926 1393 1177 1446 violenter
1207 1394 1555 1458 trahentibus,
1571 1393 1829 1463 jamjam,
1849 1394 1950 1446 nisi
1968 1393 2114 1463 prior

528 1486 775 1548 venisses,
808 1485 864 1537 in
893 1493 1088 1536 tetrum
1123 1484 1502 1554 exitiosumque
1533 1492 1802 1537 tartarum
1829 1483 2114 1554 projicien-

527 1575 626 1629 dus
661 1593 828 1629 eram.
871 1576 1011 1629 Tum
1064 1591 1153 1630 res
1199 1576 1446 1631 inaudita
1487 1585 1718 1630 cunctos
1747 1576 1799 1629 in
1835 1585 2114 1645 stuporem

528 1670 659 1739 egit,
692 1669 940 1722 dicentes
967 1686 978 1722 :
1015 1667 1285 1732 Quomodo
1318 1685 1472 1736 quem
1504 1684 1777 1737 nunquam
1804 1669 2028 1730 viderat,
2055 1682 2118 1719 ea;

530 1761 739 1814 nomine
769 1775 983 1822 vocans,
1024 1760 1343 1813 suscitavit?
1375 1758 1501 1814 Vere
1530 1776 1682 1830 quem
1726 1758 1889 1812 Deum
1929 1758 2117 1828 fortem

530 1861 580 1905 et
615 1853 740 1906 dicit
787 1861 836 1904 et
889 1852 1145 1923 prwdicat
1181 1867 1244 1905 ac
1279 1853 1596 1916 annuntiat,
1643 1861 1824 1923 potens
1865 1869 1928 1905 ac
1967 1868 2119 1906 verus
2155 1831 2191 1886 Β

528 1953 629 2007 est;
651 1961 844 2016 nosque
875 1943 1236 1997 indubitanter
1263 1961 1604 1998 occurramus
1634 1953 1793 2015 atque
1821 1943 2116 1998 credamus.

531 2037 744 2092 Exinde
795 2036 1079 2106 apostolus
1113 2036 1321 2089 indicto
1351 2051 1517 2090 manu
1563 2036 1785 2090 silentio
1824 2036 2120 2090 tumultum

532 2131 753 2196 sedans,
783 2131 941 2202 jubet
977 2129 1163 2196 lleroi,
1200 2138 1258 2184 ut
1283 2145 1448 2185 manu
1479 2131 1662 2184 crucis
1691 2130 1907 2200 signum
1934 2129 2118 2197 expri-

535 2239 691 2278 mens
739 2239 908 2293 super
934 2224 1274 2283 Aristarcho,
1318 2231 1520 2277 sancta:
1549 2220 1838 2276 Trinitatis
1866 2221 2120 2276 invocato

535 2315 781 2379 nomine,
831 2313 1031 2368 oblaesa
1062 2313 1303 2368 membra
1333 2313 1484 2366 illius
1513 2312 1781 2377 fatuitate,
1813 2329 1943 2368 sana
1969 2327 2118 2367 com-

535 2415 786 2474 poneret.
838 2401 958 2468 Quo
1006 2402 1151 2457 facto
1205 2401 1380 2457 Hcros
1422 2402 1804 2457 Aristarchum
1859 2402 2123 2458 membris

534 2496 796 2550 omnibus
825 2494 1101 2566 integrum
1131 2509 1441 2564 sanumque
1470 2493 1730 2548 reddidit.
1760 2494 1820 2547 ln
1858 2493 1964 2547 hoc
1989 2508 2125 2546 cun-

535 2589 608 2641 cti
662 2587 911 2658 apostolo
961 2586 1293 2656 procidunt,
1346 2589 1403 2641 in
1463 2585 1668 2654 quibus
1722 2594 1779 2639 et
1830 2585 2124 2652 praefectus

539 2679 710 2750 (illius
749 2686 906 2748 pater
951 2677 1048 2747 qui
1088 2693 1118 2731 a
1164 2677 1400 2731 mortuis
1429 2676 1611 2730 fuerat
1658 2675 1977 2739 suscitatus,
2010 2675 2126 2744 pri—

539 2787 663 2826 mus
693 2771 838 2826 inter
880 2785 978 2826 eos
1007 2770 1101 2841 qui
1132 2767 1530 2837 convenerant)
1562 2783 1687 2822 cum
1724 2767 1956 2837 conjuge
1989 2783 2125 2837 apo-

537 2865 682 2920 stolo
708 2864 960 2926 accessit,
1005 2863 1278 2932 facileque
1319 2871 1575 2930 suscepta
1615 2859 1742 2914 ﬁdei
1776 2859 2028 2914 doctrina
2061 2875 2127 2915 ac

539 2959 904 3026 institutione,
953 2973 1019 3014 ac
1062 2958 1192 3012 fidei
1234 2972 1346 3012 suae
1390 2957 1608 3011 firmum
1651 2954 1950 3026 specimen,
1987 2970 2126 3025 quos

538 3052 760 3107 colebat
793 3051 1089 3108 duodecim
1139 3051 1276 3106 deos
1307 3065 1508 3104 aureos
1547 3048 1603 3103 in
1641 3063 1848 3119 egenos
1890 3048 2124 3117 apostoli

2210 556 2426 610 τοῦτον
2443 558 2933 628 ἐγερεῖςμπάντες
2958 560 3081 616 σὺν
3127 561 3494 630 Ἀριστάρχῳ
3517 575 3784 630 προσκυ·

2207 656 2482 725 νήσομεν
2504 653 2585 720 τῷ
2624 653 2746 718 Θεῷ
2769 670 2906 708 σου.
2946 653 3007 709 Ὁ
3053 655 3109 708 δὲ
3150 654 3306 722 ἅγιος
3367 654 3507 724 πρὸς
3558 655 3787 724 οὐρανὸν

2212 749 2342 812 τοὺς
2373 748 2689 817 ὀφθαλμοὺς
2710 747 2983 812 ἀτενίσας,
3023 746 3369 818 προσηύξατο
3415 745 3508 800 ἐπὶ
3568 745 3786 798 ίκανόνο

2212 842 2306 894 καὶ
2331 840 2467 910 πρὸς
2497 841 2590 892 τὸν
2621 839 2952 910 βεϐλημένον
2980 841 3046 910 τῇ
3087 839 3266 911 κλίνῃ,
3298 839 3512 910 πραείᾳ
3542 839 3610 908 τῇ
3635 839 3785 907 φωνῇ

2211 931 2384 1000 λέγει,
2405 931 2675 1000 Θεόφιλε.
2703 932 2814 985 Καὶ
2841 931 3004 994 εὐθὺς
3036 931 3350 996 ἁνεκάθισε,
3404 930 3499 984 καὶ
3529 931 3656 987 τοὺς
3692 929 3791 996 όφ-

2213 1024 2454 1094 θαλμοὺς
2514 1023 2818 1094 ύπανέῳξε.
2878 1024 2989 1077 Καὶ
3048 1023 3307 1096 προσθεὶς
3371 1025 3400 1075 6
3466 1021 3788 1085 ἀπόστολος,

2213 1113 2367 1170 εἶπεν
2401 1133 2414 1147 ·
2451 1117 2512 1170 '0
2535 1119 2789 1184 Χριστός
2833 1133 2934 1170 σοι
2973 1119 3243 1171 κελεύει·
3307 1114 3638 1182 Ἀνάστηθι,
3693 1113 3792 1168 καὶ

2213 1209 2534 1274 ἀκωλύτως
2563 1210 2938 1278 προσομίλει.
2986 1209 3044 1263 '0
3080 1209 3139 1262 δὲ
3187 1209 3399 1272 ἀποϐὰς
3427 1209 3524 1278 τῆς
3579 1207 3792 1277 κλίνης,

2213 1299 2292 1370 τῷ
2322 1300 2602 1371 ἀποστόλῳ
2632 1300 2962 1371 προσέπεσε,
3013 1301 3188 1368 λέγων
3214 1317 3227 1330 ·
3284 1301 3369 1352 Εὐ
3373 1297 3636 1368 χαριστῶ
3671 1313 3794 1361 σοι,

2215 1393 2346 1463 ἅγιε
2385 1393 2492 1447 τοῦ
2525 1394 2695 1460 Θεοῦ,
2729 1394 2818 1447 ὅτι
2848 1394 2916 1447 ἐκ
2961 1392 3210 1447 πολλῶν
3231 1391 3432 1446 κακῶν
3459 1393 3694 1461 ἐρῤύσω
3721 1407 3798 1461 με

2216 1481 2291 1550 τῇ
2337 1482 2459 1550 ὥρᾳ
2504 1484 2713 1551 ταύτῃ.
2750 1485 2901 1537 ’Υπὸ
2941 1484 3051 1537 δύο
3081 1484 3192 1553 γὰρ
3236 1482 3647 1552 ζεζοφωμένων
3695 1483 3797 1536 καὶ

2217 1575 2515 1630 δυσειδῶν
2544 1578 2642 1633 καί
2679 1577 3093 1647 ἀσπλάγχνων
3112 1577 3509 1642 ἐξελκόμενος
3557 1575 3795 1642 βιαιως,

2218 1669 2306 1722 ἔτι
2338 1668 2574 1738 μικρὸν,
2622 1671 2674 1723 εί
2722 1671 2834 1724 οὐκ
2886 1669 3180 1738 ἔφθασας,
3233 1669 3573 1738 ἁπερῤίφην
3600 1667 3677 1722 ἂν
3711 1669 3802 1732 εις

2219 1761 2516 1831 τάρταρον
2559 1761 2812 1830 δυσειδῆ
2845 1762 2945 1815 καὶ
2975 1762 3268 1829 ὀλέθριον.
3326 1763 3457 1814 Τότε
3502 1762 3564 1814 τὸ
3616 1760 3801 1830 παρά·

2220 1853 2368 1919 δοξον
2386 1854 2544 1908 τοῦτο
2560 1855 2819 1924 ἐξέστησε
2838 1854 3043 1918 πάντας
3073 1854 3330 1924 λέγοντας
3349 1871 3364 1886 ο
3392 1853 3525 1919 Πῶς
3545 1852 3619 1906 ὃν
3637 1851 3804 1907 οὺδέ-

2223 1963 2367 2000 ποτε
2404 1943 2586 2013 εἶδεν,
2635 1949 2704 2013 ἐξ
2751 1949 3042 2019 ὀνόματος
3085 1947 3374 2017 φωνήσας
3419 1946 3802 2014 ἀνέστησεν;

2234 2039 2360 2094 Ἐπ’
2385 2041 2676 2108 ἀληθείας
2704 2041 2778 2096 ὃν
2810 2042 3069 2111 ἰσχυρὸν
3112 2040 3212 2095 καὶ
3249 2041 3414 2110 λέγει
3442 2038 3544 2095 καὶ
3588 2038 3806 2105 κηρύτ-

2221 2150 2306 2187 τει
2345 2133 2444 2186 καὶ
2475 2133 2626 2187 Θεὸν
2659 2134 3074 2203 καταγγέλλει,
3125 2133 3386 2199 δυνατός
3424 2133 3525 2187 καί
3567 2131 3804 2200 ἀληθής

2220 2229 2375 2290 ἐστι,
2415 2228 2514 2281 καὶ
2555 2227 2730 2298 ἡμεῖς
2772 2227 3150 2294 ἀδιστάκτως
3190 2225 3653 2297 προστρέχωμεν
3703 2221 3804 2276 καὶ

2222 2323 2619 2392 πιστεύωμεν.
2669 2322 2781 2375 Καὶ
2807 2325 2876 2392 τῇ
2907 2322 3051 2392 χειρὶ
3077 2321 3106 2373 6
3157 2317 3456 2381 ἀπόστολος
3494 2313 3804 2385 κατασιγή-

2223 2430 2326 2477 σας
2347 2414 2442 2466 τὸν
2477 2413 2725 2482 θόρυϐον,
2762 2409 3233 2479 διακελεύεταιτῷ
3259 2409 3460 2478 Ἥρωῖο
3498 2407 3626 2460 Ἐπὶ
3655 2405 3813 2475 ’Δρι-

2225 2506 2449 2574 στάρχῳ
2479 2508 2546 2574 τῇ
2569 2505 2715 2574 χειρί
2739 2519 2834 2556 σου
2864 2501 3104 2573 σταυροῦ
3139 2501 3312 2554 τύπον
3331 2499 3692 2568 ὲπιχαράξας,
3727 2495 3812 2565 τῷ

2225 2598 2324 2666 τῆς
2355 2595 2518 2662 ἁγίας
2541 2594 2772 2664 Τριάδος
2806 2593 3055 2663 ὀνόματι,
3080 2591 3190 2644 τῶν
3217 2589 3398 2660 μελῶν
3421 2588 3490 2642 τὰ
3536 2585 3813 2657 βλαϐέντα

2227 2689 2292 2741 ἐκ
2324 2688 2423 2757 τῆς
2447 2686 2611 2739 αὑτοῦ
2645 2685 2903 2754 ἀφελείας
2927 2684 3238 2754 ἀνόρθωσον
3273 2697 3288 2713 ο
3322 2681 3419 2734 καὶ
3451 2680 3612 2733 τοῦτο
3640 2677 3810 2745 ποιή-

2229 2793 2327 2840 σας
2354 2779 2382 2830 6
2415 2776 2626 2846 Ἥρως,
2657 2775 2751 2828 τὸν
2791 2774 3148 2846 Ἀρίσταρχον
3197 2771 3535 2826 ἀπετέλεσεν
3590 2769 3802 2836 ἄρτιον.

2240 2868 2366 2923 Ἐπὶ
2382 2868 2558 2938 τούτῳ
2587 2867 2789 2930 πάντες
2817 2867 2893 2936 τῷ
2926 2865 3208 2937 ἀποστόλῳ
3259 2864 3716 2936 προσπίπτουσιν,
3749 2859 3810 2910 ὲν

2226 2957 2308 3026 οἷς
2355 2961 2452 3015 καὶ
2499 2960 2829 3031 πρέφεκτος,
2879 2961 2907 3012 6
2955 2957 3050 3012 τοῦ
3101 2959 3167 3010 ὲκ
3207 2955 3420 3026 νεκρῶν
3477 2952 3812 3013 ἀναστάντος

2236 3054 2485 3124 γενέτης,
2525 3051 2594 3106 τὰ
2630 3051 2827 3123 πρῶτα
2849 3051 2943 3104 ἐπὶ
2985 3051 3120 3104 πᾶσι
3155 3051 3336 3121 φέρων
3361 3048 3476 3110 τοῖς
3532 3043 3808 3109 συνειλεγ-

539 3147 694 3201 curis
727 3143 1142 3200 distribuendos
1187 3143 1419 3215 profert.
1473 3141 1580 3197 Sed
1609 3151 1667 3197 et
1708 3141 1796 3195 his
1820 3156 1943 3211 qua:
1970 3148 2128 3195 erant

2233 3147 2439 3216 μένοις,
2463 3145 2561 3199 σὺν
2585 3147 2652 3216 τῇ
2690 3147 2906 3215 γαμετῇ
2942 3143 3222 3216 προσῆλθε
3256 3140 3335 3212 τῷ
3355 3138 3662 3204 ἀποστόλῳ,
3713 3133 3811 3188 καὶ⁸

543 3237 757 3306 reliqua
809 3236 983 3306 probe
1046 3236 1414 3306 dispensatis,
1473 3246 1639 3294 rectae
1697 3235 1826 3292 fidei
1885 3235 2130 3306 regulam

546 3337 868 3383 constanter
899 3328 1141 3383 tenebat.

2231 3240 2331 3309 τῆς
2362 3241 2717 3309 κατηχήσεως
2753 3237 3012 3308 εὐμαρῶς
3039 3237 3132 3290 τὸν
3159 3235 3316 3303 λόγον
3361 3231 3672 3301 δεξάμενος,
3733 3228 3812 3289 εἰς

2239 3329 2466 3399 βεϐαίαν
2493 3328 2595 3398 τῆς
2633 3326 2830 3382 ἑαυτοῦ
2855 3327 3095 3390 πίστεως
3128 3325 3377 3391 ἔνδειξιν,
3425 3323 3552 3385 τοὺς
3590 3319 3682 3372 ὑπ’
3714 3317 3810 3371 αύ-

545 3422 641 3474 τοῦ
694 3422 1022 3492 σεϐομένους
1052 3422 1266 3477 δώδεκα
1317 3425 1586 3494 χρυσέους
1634 3425 1792 3488 θεοὺς
1850 3425 1962 3478 τῶν
2015 3424 2210 3479 ἐνδεῶν
2247 3427 2328 3489 είς
2385 3423 2648 3494 διανομὴν
2702 3422 2783 3494 τῷ
2821 3422 3105 3494 ἀποστόλῳ
3155 3423 3410 3492 γενέσθαι
3471 3416 3804 3490 προτίθησιν.

548 3518 624 3570 Οὐ
659 3515 765 3586 μὴν
785 3515 843 3568 δὲ
864 3515 1004 3572 ἀλλὰ
1027 3519 1121 3568 καὶ
1149 3516 1217 3569 τὰ
1247 3517 1666 3586 περιλειφθέντα
1696 3516 1879 3578 καλῶς
1926 3518 2312 3587 οἰκονομήσας,
2339 3519 2442 3588 τῆς
2463 3515 2631 3588 ὀρθῆς
2668 3515 3008 3578 ἀδιστάκτως
3046 3515 3224 3585 εἴχετο
3253 3513 3510 3574 πίστεως.

620 3605 917 3675 Apostolus
945 3620 1078 3659 vero
1105 3605 1322 3660 cunctis
1353 3605 1430 3659 ibi
1462 3607 1518 3661 in
1549 3615 1702 3661 recta
1740 3605 1850 3660 fide
1879 3605 2141 3676 perfectis

552 3697 733 3753 flet-oe
788 3696 898 3751 illis
947 3696 1202 3752 ordinato
1251 3697 1536 3769 episcopo,
1567 3698 1879 3768 creatisque
1919 3713 1986 3753 ex
2033 3697 2142 3752 illis

552 3789 894 3861 presbyteris
939 3799 997 3844 et
1032 3789 1281 3845 diaconis
1326 3809 1339 3844 :
1390 3806 1630 3861 cumque
1661 3790 1730 3846 ad
1771 3792 1890 3844 haec
1937 3790 2141 3860 templa

553 3880 800 3935 construi
835 3879 1170 3946 mandasset,
1202 3881 1429 3952 ipseque
1455 3882 1738 3945 erexisset,
1761 3890 1926 3951 atque
1950 3895 2142 3936 omnes

556 3973 685 4028 fidei
735 3974 986 4029 doctrina
1030 3973 1362 4041 imbuisset,
1426 3975 1680 4045 beneque
1725 3975 1836 4029 illis
1883 3982 2141 4044 precatus

551 4075 722 4129 esset,
747 4065 802 4120 in
827 4065 1117 4138 Phrygiam
1143 4067 1296 4122 venit
1315 4077 1372 4122 et
1391 4067 1718 4138 Lycaoniam
1746 4076 1912 4135 atque
1935 4063 2138 4126 Asiam,

553 4157 858 4228 praedicans
886 4174 951 4214 ac
975 4159 1366 4230 evangelizans
1407 4157 1728 4224 Christum;
1758 4159 1848 4213 cui
1884 4156 2056 4227 gloria
2086 4155 2141 4209 in

551 4250 774 4306 saecula.
808 4250 1004 4306 Amen.

1171 4470 1432 4526 ORATIO
1467 4471 1535 4526 Χ.

2311 3605 2663 3675 Καταρτίσας
2698 3605 2758 3658 δὲ
2799 3607 2828 3659 6
2878 3605 3175 3668 ἀπόστολος
3229 3605 3354 3666 τοὺς
3386 3605 3567 3657 ἐκεῖσε
3609 3602 3814 3665 πάντας

2240 3694 2380 3766 πρὸς
2411 3696 2511 3766 τὴν
2536 3694 2816 3764 όρθόδοξον
2848 3695 3053 3760 πίστιν,
3079 3694 3170 3748 τὸν
3219 3693 3416 3764 Ἥρωα
3457 3691 3668 3752 τούτοις
3702 3707 3817 3761 χει-

2243 3788 2538 3858 ροτονήσας
2572 3788 2888 3854 ἐπίσκοπον,
2914 3788 3008 3841 καὶ
3037 3786 3445 3857 πρεσϐυτέρους
3498 3785 3592 3838 καὶ
3631 3783 3815 3836 διακόο

2239 3894 2361 3939 νους
2397 3877 2456 3942 ἐξ
2485 3877 2698 3931 αὐτῶνθ
2735 3876 2817 3929 ἔτι
2844 3877 2902 3930 δὲ
2937 3877 3033 3929 καὶ
3085 3878 3248 3938 ναοὺς
3299 3871 3610 3943 προστάξας
3663 3868 3819 3937 γενέ-

2247 3969 2396 4036 σθαι,
2452 3970 2547 4023 καὶ
2597 3968 2822 4032 τούτους
2869 3967 3226 4039 καθιδρύσας,
3283 3965 3380 4019 καὶ
3420 3965 3632 4026 πάντας
3684 3977 3819 4015 κατ-

2243 4063 2459 4134 ηχήσας
2509 4061 2607 4114 καὶ
2637 4061 3030 4131 ἐπευξάμενος,
3077 4058 3240 4121 αὐτὸς
3274 4057 3335 4109 ὲν
3396 4053 3608 4126 Φρυγίᾳ
3647 4067 3820 4120 προσ-

2241 4155 2401 4208 έϐαλε
2433 4153 2550 4224 ἅμα
2575 4156 2642 4223 τῇ
2676 4155 2950 4222 Λυκαονία
2970 4151 3065 4204 καὶ
3096 4153 3164 4221 τῇ
3211 4150 3390 4219 Ἀσίᾳ,
3418 4148 3704 4220 κηρύττων
3724 4144 3822 4198 καὶ

2241 4244 2728 4314 εὐαγγελιζόμενος
2775 4245 2871 4296 τὸν
2922 4241 3158 4312 Χριστόν
3188 4256 3203 4272 °
3245 4232 3290 4308 ᾧ
3319 4240 3354 4310 ἡ
3393 4237 3522 4303 δόξα
3569 4237 3649 4299 είς
3694 4234 3823 4295 τοὺς

2246 4336 2474 4399 αἰῶνας.
2515 4337 2713 4407 Ἀμήν.

2877 4467 3096 4522 ΛΟΓΟΣ
3124 4464 3184 4519 ι’.

557 4585 820 4642 Laudatio
915 4587 1087 4641 sancti
1161 4604 1223 4640 ac
1287 4586 1685 4677 celebratissimi
1764 4587 2130 4647 Bartholomaz:

2245 4583 2348 4650 Εις
2369 4582 2478 4638 τὸν
2500 4584 2673 4656 ἅγιον
2701 4586 2943 4677 uulnera?
2953 4579 3624 4677 edgnjzprﬂdndorolor
3673 4577 3823 4644 Bap-

1223 4658 1470 4728 apostoli.

630 4770 938 4824 Accensum
982 4767 1342 4836 desiderium,
1389 4779 1445 4826 at
1479 4788 1634 4827 mens
1668 4773 1887 4828 tenuis:
1924 4774 2145 4830 fervens

561 4879 741 4918 amor.
795 4871 852 4917 at
917 4863 1043 4918 vilis
1099 4864 1295 4918 oratio.
1351 4865 1570 4920 Etenim
1628 4867 1861 4937 spiritus
1917 4869 2142 4938 quidem

2788 4651 3116 4723 θολομαῖον
3159 4651 3295 4721 (45).

2330 4769 2545 4842 Θερμὸς
2603 4771 2632 4822 6
2664 4769 2851 4837 πόθος,
2891 4768 3008 4823 ἀλλ’
3060 4768 3301 4839 ἀδρανὴς
3333 4765 3362 4818 6
3405 4762 3533 4827 νοῦς
3562 4777 3578 4792 ⁶
3625 4761 3765 4827 ζέων
3798 4760 3825 4812 6

2253 4869 2419 4940 ἔρως,
2447 4868 2568 4922 ἀλλ’
2597 4867 2823 4938 εὐτελὴς
2861 4869 2889 4920 6
2928 4866 3124 4932 λόγος·
3157 4863 3252 4916 καὶ
3309 4861 3420 4931 γὰρ
3465 4857 3826 4930 προθυμεῖται

637 5020 921 5099 (“imm
955 5021 1132 5099 amid
1159 5021 1366 5099 δυβιὲεί
1391 5023 1531 5099 ίεεῑο
1557 5026 2152 5099 colantBartholomasi
2261 5045 2383 5099 qua:
2420 5037 2672 5098 spectant
2705 5027 2773 5082 ad
2800 5026 3028 5081 alteram
3062 5022 3216 5099 _inde
3266 5019 3678 5099 translationem
3732 5017 3828 5099 Be-

565 5093 800 5163 apostoli
836 5093 1195 5165 memoriam,
1255 5094 1430 5149 altero
1454 5097 1575 5165 ejus
1620 5098 1822 5152 natalis
1872 5098 1931 5151 Η
1967 5097 2141 5162 Junii,

565 5167 740 5237 altero
775 5163 1119 5237 miraculosa:
1145 5163 1499 5237 advectionis'
1551 5166 1726 5236 ipsius
1779 5167 2144 5237 reliquiarum

563 5236 630 5289 ad
655 5234 900 5306 Liparim
925 5234 1182 5300 insulam,
1215 5235 1303 5288 die
1341 5234 1410 5290 (ΞΒ
1435 5234 1687 5306 Augusti,
1724 5238 1819 5306 qui
1859 5234 2006 5292 unus
2036 5239 2143 5292 La-

567 5305 698 5378 tinis
728 5305 1009 5378 solemnis
1027 5312 1148 5378 est,
1161 5307 1282 5378 sive
1306 5307 1470 5360 etiam
1507 5305 1682 5375 pridie
1710 5305 1830 5377 ejus
1858 5324 1959 5378 pro
1990 5309 2146 5361 vario

565 5375 936 5431 Ecclesiarum
967 5375 1099 5440 ritu,
1132 5375 1352 5431 Nicetas
1388 5386 1538 5432 totus
1580 5378 1635 5430 in
1670 5375 1990 5432 exornando
2013 5379 2143 5431 Bar-

568 5445 844 5499 tholomazi
878 5446 1047 5499 natali
1075 5455 1180 5510 est,
1212 5461 1277 5500 ac
1328 5462 1397 5500 ne
1428 5447 1681 5500 meminit
1737 5448 1963 5516 quidem
1996 5449 2150 5503 illius

566 5516 836 5587 stupendi
856 5516 1132 5580 miraculi,
1160 5517 1217 5568 in
1248 5532 1359 5586 quo
1401 5525 1587 5571 tamen
1616 5533 1686 5571 ex
1736 5518 2150 5587 antiquioribus

565 5595 623 5638 et
644 5586 1118 5640 emendatioribus
1151 5588 1274 5654 ejus
1296 5588 1449 5640 Actis
1489 5588 1802 5648 referendo,
1829 5586 2039 5642 multus
2063 5596 2149 5641 est

568 5654 934 5724 Theophorus
963 5655 1183 5711 Studita
1214 5657 1379 5726 paulo
1409 5657 1599 5712 Niecta
1652 5659 1956 5726 antiquior,
1995 5660 2153 5727 cujus

570 5738 880 5780 sermonem
905 5728 1226 5780 Anastasius
1250 5727 1512 5792 reddidit,
1546 5739 1602 5782 et
1636 5729 1696 5783 D.
1731 5730 1909 5783 Lucas
1937 5728 2149 5782 Dache-

573 5792 621 5848 ri
641 5794 696 5849 in
725 5794 975 5866 Spicileg.
1009 5804 1051 5849 t.
1083 5795 1154 5851 Ill
1197 5798 1652 5868 repraesentavit;
1708 5799 1941 5870 adjectis
1984 5799 2152 5854 etiam

2251 5090 2572 5164 neventum,
2641 5099 2882 5155 desolata
2925 5112 3024 5166 per
3057 5095 3361 5166 Saracenos
3389 5091 3574 5160 Lipari
3627 5090 3825 5166 insula.

2251 5175 2433 5239 Atque
2457 5161 2668 5224 utinam
2700 5170 2757 5222 in
2785 5161 3042 5239 inanibus
3071 5173 3241 5239 e_sset__
3268 5163 3518 5239 Graecum
3533 5161 3826 5239 exemplar

2253 5229 2419 5310 hujus
2443 5241 2720 5294 sermonis
2764 5237 3044 5310 Theodori
3087 5234 3339 5310 Studitae,
3389 5231 3479 5310 _veI_
3531 5229 3828 5310 Sirmundo

2247 5302 2507 5364 "licuisset
2541 5326 2668 5364 eum
2695 5308 3131 5379 ipsumejusque
3165 5302 3829 5379 omnia__(etiam_majorcs

2253 5379 2605 5450 Catecheses)
2629 5373 2770 5450 juris
2803 5373 3007 5450 publici
3031 5373 3236 5450 facere,
3277 5374 3478 5444 quibus
3532 5373 3828 5450 plurimum

2249 5449 2565 5505 Christiana
2588 5443 2779 5529 pictas
2803 5443 2820 5448 “
2835 5449 3180 5529 profecisset,
3229 5459 3481 5529 novoque
3535 5443 3830 5529 clypeos}

2249 5513 2889 5583 armatura,’Ecclesia
2965 5517 3238 5573 catholica
3297 5513 3563 5568 adversus
3646 5513 3828 5564 hostes

2250 5605 2382 5644 suos
2440 5600 2556 5644 tuta
2614 5590 2832 5651 fuisset,
2887 5588 3019 5643 dum
3075 5603 3202 5658 eum
3244 5585 3434 5658 blattis
3460 5594 3516 5658 e_t
3548 5583 3711 5658 tineis
3737 5594 3830 5658 pu-

2251 5672 2421 5730 gnant
2456 5677 2622 5715 manu
2652 5659 2862 5716 exarati
2891 5659 3136 5730 codices,
3173 5655 3343 5710 futuri
3373 5665 3430 5730 et
3482 5654 3586 5724 ipsi
3633 5653 3830 5720 injuria

2251 5727 2519 5800 temporis
2571 5731 2894 5788 excedentis
2960 5728 3164 5792 omnia,
3210 5742 3321 5800 non
3373 5727 3623 5800 ita_po_st
3674 5734 3828 5800 pro}:

2252 5816 2346 5857 sus
2369 5788 2619 5858 inutiles.
2651 5802 2797 5858 Bene
2828 5810 3010 5856 tamen
3033 5788 3322 5869 est,'quod
3376 5788 3690 5864 antiquiora
3741 5788 3830 5845 illa
