4094 6416
318 428 429 496 201

1005 435 1288 496 ORATIO
1323 439 1393 498 X.
1416 463 1482 474 -
1515 439 1598 500 ΙΝ
1636 441 1950 503 LAUDEM
1987 444 2046 503 S.
2090 445 2653 513 BARTHOLOM/EI
2687 456 2945 518 APOST.

3477 473 3588 541 202

319 556 476 613 μενοι
507 539 776 611 κεφαλὴν,
826 541 1064 612 μετρίως
1097 544 1164 598 ἂν
1197 545 1394 610 οὓτως,
1429 543 1608 618 οἴμαι,
1645 567 1858 621 παραμι

1961 552 2261 612 ιιεῦἰιιιιιιι.
2311 556 2468 613 Nulla
2511 561 2660 615 enim
2705 564 2845 620 adeo
2894 583 2955 623 re
3000 569 3225 629 divinus
3273 575 3586 638 divinorum

317 631 633 701 θησαίμεθα
669 630 762 684 τὸν
791 632 978 686 πόθον.
1017 634 1210 688 Οὖδενὶ
1239 637 1349 706 γὰρ
1374 638 1520 692 οὕτω
1547 641 1577 691 ὁ
1611 640 1756 704 θεῖος
1791 642 1902 694 τῶν

319 723 481 777 θείων
509 722 668 794 ἔρως,
699 723 776 787 ὡς
796 725 1007 795 ἐπαίνῳ
1037 727 1147 778 τῶν
1172 729 1606 800 ἐπιθυμημένων
1657 733 1756 786 καὶ
1799 752 1903 787 πα-

321 814 642 884 ρακαλεῖται
671 815 764 867 καὶ
795 817 1232 886 παραμυθεῖται.

383 901 554 972 Δεῦρο
583 903 648 974 δὴ
671 899 785 969 οῦν,
822 899 868 957 ὦ
899 906 1313 976 σεϐασμιώτατε
1341 910 1436 964 καὶ
1500 910 1854 982 λαμπρότατε
1879 929 1896 947 ο

314 993 478 1064 δεῦρό
505 1013 616 1065 μοι,
651 996 860 1066 πάρεσο
904 999 1200 1067 πνεύματι,
1255 1000 1332 1063 ώς
1381 1001 1600 1071 πνεῦμα
1646 1003 1898 1074 καθαρώ-

312 1101 477 1140 τατον
536 1086 634 1139 καὶ
697 1087 1115 1154 παναγέστατον
1161 1088 1258 1156 ὣν,
1291 1093 1387 1145 καὶ
1441 1093 1538 1146 τοῦ
1593 1093 1750 1160 ἁγίου
1803 1096 1898 1147 καὶ

314 1174 612 1245 θεαρχικοῦ
663 1176 982 1247 Πνεύματος
1017 1181 1263 1249 γέννημα
1296 1182 1393 1236 καὶ
1440 1181 1718 1253 ὁμοίωμα.
1750 1186 1894 1254 Ἔμ-

280 1279 546 1317 κπνευσον
573 1265 720 1330 νοῦν,
759 1266 1071 1336 ἐμπνευσον
1121 1269 1280 1338 λόγον
1307 1288 1320 1301 ·
1353 1271 1499 1337 νοῦν,
1559 1273 1893 1345 θεωρητικὸν

307 1357 406 1424 τῆς
432 1355 530 1424 σῆς
559 1356 957 1426 ἀγιοπρεπείας
977 1360 1072 1411 καὶ
1105 1359 1360 1432 θεότητος
1389 1377 1404 1390 °
1435 1362 1614 1430 λόγον,
1634 1363 1734 1434 τῆς
1757 1365 1892 1434 ὑμε-

305 1445 471 1515 τέρας
519 1447 916 1516 ἐκφαντορικὸν
965 1449 1430 1522 θαυμασιότητος,
1488 1454 1555 1506 ἵν’
1597 1455 1890 1525 ἀμφότερα

303 1537 397 1589 καὶ
416 1536 541 1600 νοῦς
567 1539 663 1592 καὶ
692 1539 850 1607 λόγος
879 1543 1015 1612 ἡμῖν
1052 1544 1351 1613 ἀγιάζηται
1402 1545 1496 1598 καὶ
1523 1547 1887 1619 ’λαμπρύνηιο

302 1641 418 1691 ται,
450 1626 517 1679 τὰ
545 1628 614 1679 σὰ
645 1627 928 1696 θαυμάσια
970 1632 1066 1684 καὶ
1102 1632 1506 1702 διανοουμένοις
1537 1636 1631 1688 καὶ
1660 1636 1884 1705 διηγου-

306 1714 489 1781 μένοις
524 1731 538 1745 ·
567 1716 694 1768 ἐπεὶ
746 1718 840 1770 καὶ
908 1719 971 1770 τὸ
1026 1721 1118 1772 ἐπὶ
1174 1723 1396 1791 μνήμης
1456 1723 1617 1792 μόνον
1670 1724 1879 1790 λαϐεῖν,

301 1804 574 1874 ἁγιασμός
595 1823 655 1858 τε
678 1807 772 1859 καὶ
788 1808 1089 1878 φωτισμός,
1112 1811 1210 1880 οὐχ
1237 1805 1400 1882 ἦττον
1430 1814 1568 1882 ἡμῖν
1618 1817 1734 1879 τοῖς
1783 1817 1882 1886 μό-

2007 657 2184 708 amor,
2212 660 2276 699 ac
2301 661 2493 702 eorum
2518 650 2679 706 laude
2705 653 2800 722 qui
2829 658 3002 712 amori
3028 660 3325 733 habentur,
3348 669 3588 728 lenimen

2006 740 2173 802 atque
2209 736 2453 793 solamen
2482 742 2844 799 naneiscitur.

2075 909 2281 965 Adesto
2324 913 2512 983 igitur,
2555 931 2589 970 o
2625 919 3098 980 venerabilissime
3138 942 3204 982 ac
3245 931 3583 1003 clarissime;

2003 999 2215 1066 adesto,
2273 1016 2475 1071 przrsto
2525 1009 2602 1062 sis
2644 1009 2863 1078 spiritu,
2907 1021 2968 1067 ut
3014 1017 3108 1084 qui
3151 1021 3479 1087 purissimus
3521 999 3587 1081 ac

2004 1091 2382 1150 sanctissimus
2423 1097 2650 1165 spiritus
2675 1101 2770 1165 sis,
2799 1107 3085 1175 sanctique
3114 1124 3178 1162 ac
3213 1111 3385 1168 divini
3411 1115 3584 1186 Spiri-

2002 1188 2094 1236 tus
2132 1184 2351 1240 soboles
2378 1201 2443 1240 ac
2469 1188 2850 1245 simulacrum.
2893 1195 3088 1265 Aspira
3126 1215 3368 1268 sensum,
3401 1207 3582 1274 aspira

1999 1271 2347 1327 orationem:
2397 1291 2622 1332 sensum
2669 1282 2982 1352 mentisque
3033 1286 3473 1361 intelligentiam,
3511 1299 3582 1351 ad

1999 1362 2308 1419 sanctitatis
2333 1380 2399 1420 ac
2427 1367 2650 1424 deitatis
2677 1380 2783 1426 tua:
2812 1378 3287 1447 contemplandam
3329 1387 3582 1455 magniﬁ-

1997 1454 2266 1520 centiam;
2321 1460 2660 1525 orationem,
2702 1463 2770 1517 ad
2807 1465 3119 1524 mirabilem
3168 1473 3280 1526 oris
3325 1489 3578 1534 sermone

1993 1541 2395 1608 explanandam
2455 1557 2694 1603 vestram
2752 1557 3157 1625 prazstantiam;
3211 1577 3322 1630 quo
3367 1566 3578 1623 scilicet

1994 1638 2296 1702 utrumque
2345 1634 2563 1707 (sensus
2595 1642 2804 1709 pariter
2848 1653 3012 1714 atque
3050 1665 3226 1717 mens,
3274 1661 3330 1706 et
3375 1659 3574 1728 oratio)

1991 1723 2362 1793 cogitantibus
2407 1729 2571 1784 nubis
2613 1746 2677 1785 ac
2726 1732 3083 1802 loquentibus
3135 1749 3228 1795 tua
3276 1723 3570 1813 mirabilia,

1989 1815 2366 1872 sanctiﬂcetur
2397 1834 2462 1874 ac
2493 1822 2876 1890 splendescat:
2929 1829 3130 1899 quippe
3163 1847 3287 1888 cum
3327 1838 3412 1891 vel
3455 1839 3572 1908 ipsa

300 1911 376 1965 νῳ
438 1897 959 1973 κατοπτριζομένοις
998 1901 1079 1969 τῷ
1135 1903 1430 1971 πνεύματι,
1493 1905 1527 1974 ἢ
1585 1908 1700 1968 τοῖς
1751 1909 1858 1977 πρὶε

1984 1903 2251 1961 duntaxat
2279 1908 2464 1963 animo
2502 1922 2784 1982 assumpta
2821 1915 2898 1970 tui
2936 1922 3219 1986 memoria,
3264 1928 3571 1983 sanctifica-

307 1988 446 2055 μετὰ
503 1987 599 2040 τοῦ
659 1988 807 2061 ἱεροῦ
863 1991 1098 2061 σκήνους
1153 1993 1355 2064 ὁρῶσιν
1405 1996 1884 2068 ἀναστρεφόμενον

301 2077 546 2152 E33371:-

364 2336 477 2391 Καὶ
505 2337 614 2410 γὰρ
647 2340 898 2409 νηπιόθεν
931 2341 1050 2406 ὅλος
1078 2345 1458 2416 ἀφιερωμένος
1491 2347 1570 2420 τῷ
1600 2349 1743 2420 Θεῷ,
1777 2353 1876 2405 καὶ

294 2428 534 2497 σχήματι
583 2430 870 2496 εὐλαϐείας
921 2436 1016 2488 καὶ
1073 2437 1361 2506 πράγματι
1417 2439 1731 2505 θεοσεόείας
1780 2443 1874 2496 καὶ

254 2512 386 2566 ιτοῦ
430 2514 596 2584 νόμου
645 2519 846 2593 μελέτῃ
875 2523 970 2576 καὶ
1009 2523 1118 2578 τῶν
1160 2527 1395 2582 ἐντολῶν
1441 2529 1680 2602 φυλακῇ,
1733 2532 1872 2603 πρὸς

286 2601 388 2672 τὴν
416 2605 762 2679 τελειοτέραν
794 2615 1462 2686 προπαρασκευαζόμενος
1496 2601 1832 2687 θεογνωσίαν
1853 2637 1869 2653 ⁶

283 2687 426 2749 οἶδεν
464 2697 574 2768 γὰρ
605 2699 814 2771 Κύριος
864 2704 974 2757 ἀπὸ
1027 2708 1265 2778 γαστρὸς
1321 2710 1568 2778 ἅγιάζειν
1619 2715 1747 2777 τοὺς
1787 2717 1868 2768 ol—

284 2785 485 2849 κείους,
516 2791 612 2844 καὶ
657 2792 776 2861 ἅμα
825 2796 890 2864 τῇ
939 2796 1131 2868 πρώτῃ
1180 2802 1508 2854 συνεισιέναι
1543 2802 1740 2856 πλάσει
1774 2806 1869 2859 καὶ

280 2876 528 2947 ἀοράτως
579 2881 903 2949 ἐφέπεσθαι,
937 2887 1033 2939 καὶ
1079 2889 1217 2959 πρὸς
1271 2891 1467 2944 ἐαυτὸν
1516 2893 1868 2948 κατευθύνειν

280 2968 377 3020 καὶ
415 2970 700 3041 ποδηγεῖν,
731 2974 922 3044 ἐπειδὴ
962 2977 1002 3028 ὃ
1043 2978 1144 3047 τῆς
1187 2979 1426 3043 πίστεως
1477 2982 1721 3053 ἀρχηγὸς
1773 2986 1868 3039 καὶ

277 3055 572 3126 τελειωτὴς
625 3060 874 3132 ἐπεφάνη
927 3065 1204 3134 Χριστὸς,
1243 3069 1337 3121 καὶ
1379 3070 1562 3124 πᾶσαν
1615 3070 1716 3142 μὲν
1763 3074 1866 3143 τὴν

291 3144 554 3199 Ἰουδαίαν
585 3151 678 3202 καὶ
703 3150 994 3208 Γαλιλαίαν
1015 3156 1303 3225 ἐπεφοίτα,
1337 3160 1440 3229 τὴν
1470 3162 1581 3214 τῶν
1613 3164 1863 3234 οὐρανῶν

279 3236 560 3305 βασιλείαν
636 3241 1156 3316 εὐαγγελιζόμενοςο
1209 3252 1302 3304 καὶ
1363 3251 1693 3322 θαυμασίοις
1753 3257 1853 3326 μὲν

275 3323 478 3393 λόγοις,
514 3327 991 3403 θαυμασιωτέροις
1029 3336 1086 3390 δέ
1109 3337 1314 3406 ἔργοις,
1338 3341 1440 3410 τὴν
1466 3342 1576 3396 τῶν
1608 3323 1856 3415 Εὐαγγε-

272 3413 403 3468 λίων
450 3419 711 3488 ἀλήθειαν
742 3424 1129 3495 πιστούμενος,
1155 3429 1226 3482 τὰ
1252 3429 1571 3487 ἀπολωλότα
1602 3413 1853 3505 πρόϐατα

270 3509 408 3578 πρὸς
434 3511 629 3566 ἐαυτὸν
658 3516 960 3588 ἐπισυνῆγε
1012 3519 1110 3573 τοῦ
1149 3521 1401 3593 Ἰσραήλ⁹
1456 3525 1578 3579 τότε
1618 3527 1704 3598 δὴ,
1728 3531 1851 3586 τότε

269 3598 366 3650 καὶ
397 3599 488 3651 τὸν
535 3600 787 3672 ἀληθινὸν
829 3608 1020 3660 τοῦτον
1062 3609 1403 3684 Ἰσραηλίτην
1423 3615 1683 3672 ἐκάλεσεν
1705 3619 1849 3691 Βαρ-

267 3687 574 3758 θολομαῖον.

340 3778 407 3832 Τί
437 3777 531 3834 οὖν
585 3778 776 3852 οὗτος;
810 3783 940 3859 'Ap‘
970 3792 1286 3864 ἀπηνήνατο
1315 3797 1407 3852 τὸν
1437 3799 1779 3871 κεκληκότα;
1810 3804 1843 3874 ἦ

263 3871 516 3925 πιστεύει
570 3875 690 3943 μὲν,
721 3878 819 3948 οὐχ
869 3880 1062 3935 ἕπεται
1117 3883 1208 3950 δέ;
1248 3887 1282 3955 ἢ
1327 3887 1519 3942 ἐπεται
1562 3893 1684 3960 μὲν,
1715 3871 1844 3964 ἄχρι

260 3963 458 4032 καιροῦ
490 3964 585 4032 δέ;
621 3967 656 4038 ἢ
711 3969 873 4040 μέχρι
914 3972 1012 4040 μὲν
1042 3973 1250 4045 τέλους,
1280 3977 1356 4041 ώς
1382 3973 1462 4042 εἷς
1492 3979 1550 4034 δὲ
1582 3983 1674 4036 τοῦ
1701 3963 1840 4055 πλή-

259 4053 387 4116 θους
419 4055 512 4107 καὶ
542 4056 651 4109 τῶν
677 4061 918 4126 πιστῶν;
955 4064 986 4131 ἢ
1018 4067 1129 4127 τοῖς
1183 4067 1452 4136 μαθηταῖς
1486 4072 1586 4139 μὲν
1619 4053 1842 4144 συνηρι-

258 4143 474 4213 ομεῖτο,
509 4148 608 4215 τῆς
632 4149 893 4221 δευτέρας
920 4153 978 4207 δὲ
1007 4157 1218 4220 τάξεως
1254 4161 1404 4230 παρὰ
1425 4161 1503 4231 τῷ
1533 4143 1840 4238 διδασκάλῳ

257 4234 638 4302 καθεστῶσιν;
691 4242 978 4311 Οὐδαμῶς.
1014 4246 1207 4316 Ὁμοῦ.
1237 4249 1292 4303 δὲ
1323 4251 1416 4304 τὸν
1469 4255 1706 4323 ποιμένα
1746 4234 1837 4312 τὸν

254 4325 425 4378 καλὸν
453 4322 612 4393 εἶδεν,
645 4331 743 4384 καὶ
771 4326 927 4397 οὗτος
953 4336 1114 4390 αὑτὸν
1165 4340 1309 4392 κατὰ
1335 4341 1398 4393 τὸ
1432 4322 1593 4411 βάθος
1619 4347 1836 4414 ἐπέγνω

252 4416 518 4485 διανοίας,
567 4421 888 4496 ἐπεγνώσθη
930 4443 989 4479 τε
1037 4429 1169 4499 παρ’
1207 4430 1398 4496 αὑτοῦ,
1429 4433 1505 4494 ὡς
1555 4435 1656 4505 τῆς
1694 4439 1834 4491 ἀνω-

250 4507 404 4560 τάτω
454 4509 550 4562 καὶ
605 4511 828 4581 πρώτης
866 4515 1096 4586 ἐκλογῆς
1145 4519 1538 4589 κατηξιῶσθαι,
1561 4525 1671 4577 ’καὶ
1719 4531 1832 4592 τοῖς

253 4601 579 4670 κορυφαίοις
603 4606 712 4657 τῶν
737 4608 1055 4664 ἀποστόλων
1099 4615 1478 4685 συντετάχθαι,
1506 4621 1602 4673 καὶ
1631 4621 1730 4689 τὴν
1761 4621 1835 4673 ἱε-

254 4686 358 4755 ρὰν
399 4692 494 4744 καὶ
538 4695 728 4764 τιμίαν
781 4699 1078 4755 δυοδεκάδα
1127 4706 1518 4778 συμπληροῦν
1578 4686 1830 4765 ἐντεῦθεν

248 4777 381 4848 ὃλην
410 4782 829 4856 ἁπανηνάμενος
860 4790 958 4862 τὴν
989 4795 1179 4864 κτῆσιν
1202 4796 1313 4849 τῶν
1339 4777 1434 4852 ἐπὶ
1481 4800 1602 4870 γῆς,
1631 4803 1832 4872 πατρί-

245 4867 336 4931 δα,
367 4875 564 4939 γονεῖς,
599 4882 905 4946 συγγενεῖς,
938 4884 1147 4952 φίλους,
1172 4887 1280 4940 πᾶν
1303 4888 1332 4940 ὃ
1352 4905 1402 4942 τι
1427 4867 1590 4943 καλόν
1616 4867 1828 4962 ἀνθρώ-

252 4974 379 5021 ποις
407 4966 503 5018 καὶ
529 4970 1001 5038 περισπούδαστον
1023 4993 1036 5006 ο
1069 4976 1150 5029 ἔτι
1176 4978 1235 5031 δὲ
1267 4980 1360 5032 καὶ
1388 4981 1488 5052 τὴν
1516 4983 1680 5035 αὐτοῦ
1718 4984 1824 5053 ψυ-

245 5050 352 5118 χὴν
378 5051 407 5103 ὁ
439 5052 742 5124 θαυμάσιος
774 5063 1161 5137 ἀπηρνημένος
1182 5085 1196 5099 ⁸
1238 5073 1419 5124 πᾶσαν
1444 5050 1540 5127 τοῦ
1567 5050 1818 5144 σώματος

243 5140 567 5210 ἐπιθυμίαν,
607 5149 701 5200 καὶ
719 5147 926 5209 Ἶπᾶσαν
977 5157 1199 5229 θέλησιν
1253 5161 1350 5232 τῆς
1408 5162 1544 5228 ιδίας
1595 5140 1822 5236 καρδίας

238 5231 613 5304 ἁπερῤίψατο,
650 5238 739 5294 ἵνα
783 5244 882 5312 τῆς
922 5248 1094 5317 Ἰησοῦ
1118 5231 1322 5317 φιλίας,
1351 5255 1444 5307 καὶ
1468 5231 1811 5328 τελειοτέρας

236 5320 500 5388 γνώσεως
527 5329 588 5382 ἐν
624 5335 884 5406 μετουσία
917 5345 1183 5411 καταστῇ.

322 5503 606 5563 Ἐντεῦθεν
649 5515 794 5568 κατὰ
831 5520 1034 5574 σκοπὸν
1087 5522 1301 5579 διώκων
1327 5528 1420 5581 καὶ
1451 5529 1810 5601 καταλαμϐά-

231 5612 365 5662 νων,
397 5595 492 5651 ἆτε
528 5601 803 5674 πνεύματι
849 5606 957 5671 ζῶν
1012 5612 1353 5684 ἁκραιφνῶς,
1383 5619 1478 5670 καὶ
1536 5622 1808 5690 πνεύματι

1988 1993 2192 2049 tionem
2227 2005 2452 2064 praestet
2489 2014 2554 2054 ac
2599 1999 3082 2073 illuminationem,
3125 2019 3241 2065 tum
3280 2013 3440 2070 nobis
3470 2019 3564 2086 qui

1983 2083 2102 2138 solo
2152 2086 2349 2155 Spiritu
2395 2090 2548 2145 velut
2587 2092 2643 2146 in
2673 2096 2899 2162 speculo
2950 2100 3285 2158 relucentem
3332 2107 3565 2164 formam

1981 2181 2334 2242 contuemur,
2363 2187 2480 2233 tum
2512 2181 2578 2237 iis
2600 2184 2695 2252 qui
2715 2185 2846 2238 olim
2871 2202 2997 2243 cum
3021 2202 3212 2249 sancto
3235 2202 3564 2269 corpusculo

1980 2275 2292 2322 versantem
2324 2268 2382 2323 in
2411 2279 2560 2326 terra
2589 2274 2870 2330 viderunt.

2044 2356 2090 2410 A
2123 2373 2297 2426 puero
2319 2376 2557 2431 namque
2593 2372 2742 2421 totus
2769 2369 2883 2423 Deo
2912 2385 3286 2443 consecratus,
3309 2380 3561 2449 pietatis-

1976 2460 2084 2515 que
2115 2446 2293 2503 l‘orma
2342 2465 2409 2506 ac
2455 2452 2660 2517 indole;
2709 2465 2768 2511 et
2815 2473 2943 2514 vera
3000 2463 3268 2534 religione
3309 2446 3366 2524 et
3424 2471 3560 2542 legis

1974 2537 2337 2596 meditatione
2369 2553 2427 2598 et
2468 2547 2856 2604 mandatorum
2887 2553 3256 2624 observantia,
3304 2563 3377 2616 ad
3426 2537 3557 2634 per-

1972 2626 2259 2685 fectiorem
2306 2633 2402 2688 Dei
2450 2637 2738 2693 scientiam
2795 2641 3068 2714 iidemque
3102 2649 3387 2708 institutus
3426 2626 3557 2712 cum

1969 2724 2116 2770 esset
2144 2719 2324 2788 (novit
2349 2723 2496 2777 enim
2526 2726 2792 2793 Dominus
2818 2747 2886 2786 ex
2912 2742 3074 2791 utero
3105 2739 3200 2807 qui
3239 2742 3324 2796 sui
3354 2743 3466 2798 sint
3490 2761 3557 2802 ac

1968 2809 2294 2874 necessarii,
2344 2826 2413 2866 ex
2463 2823 2623 2869 utero
2669 2820 3040 2890 sanctiﬁcare,
3094 2836 3259 2898 atque
3296 2845 3326 2884 a
3376 2834 3555 2902 prima

1968 2898 2153 2952 statim
2199 2900 2529 2960 formatione
2562 2907 2670 2962 illis
2707 2909 2880 2976 illabi,
2927 2929 3098 2984 seque
3145 2920 3230 2974 eis
3272 2898 3554 2994 inaspecta

1967 2986 2181 3043 ratione
2211 2992 2470 3047 comitem
2504 3010 2790 3064 praestare,
2830 3011 2996 3070 atque
3031 3007 3100 3060 ad
3138 2986 3552 3079 “ipsum-diri-

1965 3091 2093 3146 gere
2116 3088 2173 3134 et
2200 3079 2449 3153 ducere),
2493 3087 2638 3154 quod
2671 3087 2797 3143 ﬁdei
2828 3101 3022 3147 auctor
3052 3104 3111 3150 et
3139 3112 3552 3161 consummator

1963 3167 2216 3225 Christus
2246 3179 2662 3242 apparuerat”,
2691 3194 3022 3253 omnemque
3049 3187 3291 3246 Iudaeam
3324 3203 3381 3249 et
3403 3197 3550 3254 Gali-

1964 3257 2142 3324 imam,
2190 3261 2620 3332 evangelizando
2662 3280 2891 3335 regnum
2915 3271 3177 3328 caelorum
3201 3283 3539 3350 peragrabat,

1961 3347 2415 3422 admirandisque
2443 3356 2795 3411 sermonibus
2829 3362 3202 3434 maioremque
3227 3347 3546 3430 admiratio;

1960 3454 2086 3494 nem
2105 3440 2437 3499 facientibus
2453 3447 2715 3515 operibus
2739 3448 3032 3524 Evangelio
3069 3455 3232 3512 fidem
3267 3470 3541 3532 astruens,

1958 3544 2220 3602 ovesquaa
2231 3536 2511 3604 perierant
2521 3539 2738 3596 israelis
2752 3543 2818 3597 ad
2835 3559 2893 3599 se
2905 3550 3274 3620 congregabat
3286 3553 3352 3586 ”‘
3372 3572 3386 3622 ;
3411 3564 3542 3615 tunc

1955 3623 2136 3689 plane,
2172 3633 2302 3679 tunc
2330 3643 2551 3698 quoque
2578 3647 2772 3687 verum
2803 3635 2951 3692 hunc
2979 3637 3282 3698 lsraelitam
3307 3646 3530 3704 Bartbo-

1952 3707 2208 3766 lomzeum
2239 3717 2457 3770 vocavit
2477 3719 2543 3771 9‘.

2022 3820 2165 3888 Quid
2212 3825 2380 3895 igitur
2429 3827 2568 3883 ille?
2611 3830 2753 3886 Num
2797 3845 3086 3893 vocantem
3142 3846 3398 3914 respuit?
3441 3862 3536 3906 aut

1950 3913 2128 3968 credit
2172 3916 2418 3984 quidem,
2453 3934 2563 3973 non
2601 3931 2783 3976 tamen
2825 3913 3247 3996 sequitur?aut
3284 3942 3535 4008 sequitur

1948 4001 2192 4068 quidem,
2239 4019 2429 4058 verum
2477 4007 2544 4061 ad
2596 4018 2844 4080 tempus;
2883 4025 2980 4069 aut
3021 4019 3077 4073 in
3125 4021 3285 4077 ﬁnem
3334 4001 3530 4099 usque,

1946 4089 2100 4142 velut
2134 4099 2312 4146 tamen
2344 4109 2488 4148 unus
2531 4111 2562 4150 e
2602 4099 2768 4169 vulgo
2807 4116 2872 4156 ac
2917 4106 3078 4161 turba
3120 4089 3532 4175 ﬁdelium‘faut

1945 4179 2154 4235 relatus
2189 4182 2410 4251 quidem
2439 4195 2525 4240 est
2563 4187 2618 4241 in
2662 4189 3059 4260 discipulorum
3085 4200 3295 4267 album,
3331 4221 3524 4266 verum

1943 4265 2163 4324 illorum
2233 4274 2328 4343 qui
2388 4277 2615 4331 secundi
2668 4281 2879 4338 ordinis
2933 4301 3092 4342 erant
3152 4265 3299 4362 apud
3357 4302 3528 4368 magi-

1941 4369 2115 4413 strum
2133 4363 2247 4416 W?
2293 4365 2684 4437 Nequaquam;
2720 4373 2850 4442 quin
2897 4377 3059 4434 simul
3105 4393 3270 4453 atque
3315 4387 3522 4448 bonum

1939 4460 2214 4517 pastorem
2245 4455 2402 4521 vidit,
2430 4459 2619 4529 sicque
2648 4477 2774 4516 eum
2815 4468 2924 4522 alta
2968 4481 3150 4528 mente
3187 4483 3442 4547 cognovit.
3465 4495 3523 4540 et

1859 4561 1913 4619 D
1939 4542 2007 4596 ab
2037 4559 2103 4597 eo
2135 4547 2355 4615 agnitus
2375 4557 2480 4613 est,
2509 4560 2570 4605 ut
2601 4568 2873 4623 supremas
2902 4559 3201 4634 primaeque
3230 4542 3521 4630 electionis

1937 4633 2138 4702 dignus
2179 4636 2502 4712 haberetur,
2537 4656 2602 4698 ac
2631 4644 2778 4700 inter
2817 4633 3190 4718 apostolorum
3241 4662 3519 4733 principes

1936 4737 2345 4792 acccnseretur,
2384 4747 2711 4804 sacrumque
2732 4752 2796 4792 ac
2821 4744 3188 4801 venerabilem
3223 4751 3514 4811 duodecim

1933 4814 2166 4870 chorum
2213 4821 2539 4890 compleret;
2588 4826 2785 4881 exinde
2845 4833 2993 4884 omni
3056 4842 3270 4894 terrena
3331 4855 3512 4912 spreta

1931 4905 2260 4968 substantia.
2310 4912 2506 4978 patria.
2556 4916 2908 4992 parentibus,
2958 4926 3224 4993 cognatis,
3281 4905 3510 5000 amicis;

1929 4995 2198 5064 quidquid
2242 4999 2557 5056 hominibus
2609 5006 2900 5072 pulchrum
2949 5012 3172 5068 videtur
3204 5034 3268 5073 ac
3311 4995 3510 5082 studiis

1927 5087 2413 5154 prosequendum;
2461 5091 2529 5143 ad
2565 5093 2682 5147 llaec
2724 5109 2856 5158 vero
2903 5099 3068 5155 etiam
3108 5103 3372 5178 abnegata
3423 5116 3509 5171 vir

1928 5173 2286 5232 admirandus
2311 5179 2492 5234 anima
2519 5196 2639 5248 sua,
2670 5198 2889 5240 omnem
2917 5195 3163 5260 corporis
3194 5197 3502 5269 libidinem,

1927 5281 2258 5338 omnemque
2323 5273 2508 5326 cordis
2571 5277 2778 5344 proprii
2833 5281 3171 5341 voluntatem
3232 5294 3500 5364 projecit,

1929 5367 1991 5412 ut
2015 5358 2147 5413 Jesu
2171 5361 2450 5429 amicitia,
2472 5379 2536 5418 ac
2572 5366 2815 5422 scientia:
2845 5372 3196 5440 perfectioris
3223 5358 3500 5455 particeps

1925 5447 2082 5503 ﬁeret
2100 5451 2166 5502 ’³.

1990 5539 2122 5594 lude
2142 5540 2300 5610 juxta
2327 5541 2658 5628 destinatum
2687 5564 3020 5620 persequens
3043 5568 3108 5608 ac
3135 5562 3496 5628 comprehen-

1917 5625 2074 5690 dens,
2124 5628 2274 5682 velut
2317 5630 2413 5699 qui
2455 5612 2670 5689 sincere
2687 5612 2897 5706 spiritu
2925 5640 3154 5710 viveret,
3182 5612 3378 5718 spirritu
3407 5655 3494 5711 in.

340 5773 388 5806 '°
411 5771 576 5831 llebr.
608 5793 706 5842 xu,
737 5779 794 5833 2.
869 5783 1149 5844 “'Matth.
1180 5807 1270 5858 xv,
1301 5792 1391 5848 ‘24.
1454 5795 1672 5852 "Joan.
1702 5813 1740 5865 ι,
1776 5799 1858 5854 47.

1961 5805 2006 5834 ¹¹⁶
2031 5805 2188 5862 Joan.
2223 5826 2277 5876 ιι,
2319 5811 2407 5868 il.
2483 5817 2529 5849 "
2555 5817 2790 5891 Philipp.
2823 5837 2904 5888 ιιι,
2941 5821 3026 5878 14.

561 5870 833 5936 Ριτιιοι..
871 5877 985 5937 Gn.
1020 5882 1145 5943 CV.

3081 5916 3119 5977 7
