4094 6458
557 410 668 476 203

1738 411 2033 472 ΝΙΟΕΤᾸΞ
2072 410 2602 471 PAPIILAGONIS

3718 406 3832 473 θοι

562 523 787 577 cederet
813 528 872 576 et
898 518 1226 580 ambularet.
1260 518 1355 573 Dei
1392 519 1614 588 quidem
1648 521 1860 575 amicus
1901 536 1966 575 ac
2001 520 2149 575 ﬁlius

2256 522 2450 592 λοιχῶν
2495 523 2589 574 καὶ
2637 519 2978 592 περιπατῶν,
3032 519 3185 588 φίλος
3224 519 3324 588 μὲν
3365 515 3500 570 Θεοῦ
3553 517 3652 570 καὶ
3677 517 3835 572 θέσει

559 609 876 680 adoptione,
919 608 1108 679 gratias
1149 622 1280 662 vero
1313 607 1460 662 dono
1497 609 1775 679 Unigeniti
1813 609 1983 663 frater
2011 623 2143 663 eon-

561 700 830 755 stituitur.
867 695 973 764 Qui
1000 704 1186 751 autem
1230 695 1451 752 Christo
1483 712 1595 751 non
1626 697 1962 752 domesticus
2001 696 2146 750 foret

561 799 618 845 et
639 787 1058 844 contubernalis
1081 801 1148 841 ae
1169 787 1578 850 commensalis,
1609 785 1820 856 visaque
1843 801 1908 840 ac
1932 785 2146 840 institu-

529 880 735 937 .tionis
775 878 1006 935 socius?
1051 877 1342 932 fandorum
1384 879 1627 932 omnium
1676 893 1740 932 ac
1783 877 2144 934 nefandorum

532 969 976 1040 =mysteriorum,
1025 967 1383 1035 omniumque
1431 966 1525 1022 Dei
1571 981 1802 1036 aperum
1838 981 1903 1022 ac
1935 982 2146 1022 sermo-

564 1075 734 1125 num,
787 1073 910 1128 quzn
958 1057 1102 1113 Patri
1154 1057 1427 1111 luminum
1461 1057 1670 1127 placuit
1720 1066 1782 1113 ut
1817 1057 2146 1112 mortalibus

563 1149 822 1220 aperiret,
851 1148 1129 1203 conscius.

637 1238 834 1293 Beatos
869 1237 1037 1309 igitur
1066 1235 1304 1306 praedico
1341 1245 1465 1291 tuos
1505 1238 1720 1300 oculos,
1756 1253 1790 1292 ο
1821 1237 1986 1292 Verbi
2027 1237 2145 1308 ipse

565 1326 634 1383 iis
681 1335 956 1397 spectator
1009 1335 1067 1380 et
1104 1335 1277 1396 mysta
1323 1325 1619 1396 divineque
1661 1327 1950 1397 discipule,
1994 1327 2144 1397 quod

565 1418 830 1474 inacccssi
916 1415 1134 1471 decoris
1220 1418 1638 1486 superctelestis
1715 1417 2146 1488 pulchritudinis

563 1506 800 1578 speciosi
817 1505 992 1560 forma
1014 1521 1126 1575 pm
1150 1503 1278 1561 filiis
1305 1506 1590 1561 hominum
1607 1508 1676 1567 ”.
1695 1516 1920 1578 aspectu
1937 1509 2145 1579 potitus

563 1614 644 1654 es.
694 1596 888 1652 Beatas
940 1595 1183 1665 praedico
1226 1611 1416 1662 aures,
1463 1596 1611 1666 quod
1645 1597 1743 1651 Dei
1779 1597 1894 1653 oris
1916 1598 2146 1653 vocibus

563 1705 628 1744 ac
655 1688 860 1744 Christi
901 1689 1135 1758 mystico
1167 1687 1358 1742 auditu
1389 1687 1746 1758 alloquioque
1779 1688 2038 1760 impletus
2059 1706 2140 1746 es.

562 1777 994 1834 Circuinfundor
1017 1777 1216 1846 spiritu
1240 1777 1578 1832 beatissimis
1604 1780 1714 1834 tuis
1743 1779 1906 1835 labiis
1924 1781 2142 1850 orique;

2247 614 2380 679 υίὸς,
2407 613 2636 680 ἀδελφὸς
2667 613 2726 666 δὲ
2753 615 2820 683 τῇ
2851 614 3034 682 χάριτι
3079 611 3432 680 καθειστήκει
3453 608 3551 661 τοῦ
3581 610 3834 677 Mavors-

2246 701 2404 764 νοῦςο
2439 704 2537 754 καὶ
2584 700 2703 764 πῶς
2742 702 2844 754 οὐκ
2903 702 2970 753 ἂν
3027 698 3337 768 ὁμοδίαιτος
3368 697 3585 767 ὑπῆρχε
3608 696 3838 767 Χριστῷ

2247 793 2341 847 καὶ
2373 794 2667 862 δμόροφος,
2701 791 2976 855 σύσσιτος,
3015 789 3322 860 συνόμιλος,
3349 789 3450 857 τῆς
3504 788 3677 856 αὐτῆς
3707 786 3836 842 ὁδοῦ

2246 884 2344 938 καὶ
2386 884 2610 952 ἀγωγῆς
2637 883 2738 951 τῆς
2775 882 2978 951 αὐτῆςο
3012 879 3270 941 κοινωνὸς
3323 879 3550 934 πάντων
3615 877 3835 949 ῥητέων

2246 975 2342 1028 καὶ
2371 973 2701 1046 ἀπορρήτων
2756 971 3110 1042 μυστηρίωνο
3156 969 3416 1032 κοινωνὸς
3463 970 3643 1040 ἔργων
3686 968 3830 1022 Θεοῦ

2246 1066 2340 1119 καὶ
2355 1064 2550 1132 λόγων,
2580 1057 2653 1117 ὧν
2687 1063 2978 1132 εὐδόκησεν
3007 1063 3242 1130 ὲκφᾶναι
3272 1063 3385 1124 τοῖς
3419 1061 3632 1130 βροτοῖς
3660 1061 3690 1114 δ
3720 1060 3836 1113 τῶν

2246 1157 2441 1226 φώτων
2467 1155 2658 1226 Πατήρ
2684 1171 2700 1219 ;

2316 1247 2510 1300 Τοίνυν
2553 1243 2845 1316 μακαρίζω
2871 1260 2967 1296 σου
2995 1243 3094 1313 τὴν
3131 1242 3345 1312 ὅρασιν,
3376 1234 3422 1296 ὦ
3449 1237 3696 1294 αὐτόπτα
3735 1236 3836 1291 τοῦ

2244 1339 2418 1406 Λόγου
2441 1336 2534 1390 καὶ
2556 1335 2756 1403 μύστα,
2775 1336 2870 1388 καὶ
2887 1335 3116 1404 θεηγόρε
3137 1333 3374 1404 μαθητὰ,
3397 1332 3480 1385 ὅτι
3500 1331 3595 1384 τοῦ
3617 1331 3835 1400 ἀπροσ-

2248 1427 2360 1480 ίτου
2391 1426 2622 1488 κάλλους
2655 1425 2755 1495 τῆς
2795 1425 3198 1494 ὑπερουρανίας
3218 1421 3471 1489 ἀγλαίας,
3497 1414 3595 1473 τοῦ
3626 1419 3835 1488 ὡραίου

2247 1517 2433 1572 κάλλει
2456 1518 2606 1588 παρὰ
2627 1517 2750 1573 τοὺς
2773 1516 2921 1577 υίοὺς
2942 1515 3054 1568 τῶν
3081 1513 3406 1584 ἀνθρώπιον,
3427 1513 3522 1582 τῆ;
3542 1510 3672 1574 θέας
3691 1525 3831 1564 κατ-

2245 1610 2575 1682 ετρύφησας.
2611 1607 2917 1678 Μακαρίζω
2974 1622 3070 1658 σου
3137 1603 3236 1674 τὴν
3287 1605 3478 1671 ἀκοὴν,
3528 1601 3612 1654 ὅτι
3641 1600 3838 1669 φωνῶν

2247 1701 2516 1771 στόματος
2548 1698 2707 1756 Θέοῦ.
2730 1697 2825 1749 καὶ
2857 1695 3125 1766 μυστικῆς
3151 1694 3469 1763 ἀκροάσεως
3499 1692 3594 1744 καὶ
3618 1690 3838 1761 ὁμιλίας

2245 1793 2466 1862 άμέσως
2495 1788 2839 1858 ὲνεπλήσθης
2904 1786 3166 1857 Χριστοῦ.
3228 1782 3683 1852 Περιπτύσσομαί
3729 1798 3827 1835 σου

563 1867 788 1923 osculor
825 1873 884 1920 et
920 1881 1089 1937 genas
1133 1873 1190 1922 et
1234 1866 1503 1937 linguam.
1551 1868 1704 1922 velut
1744 1869 2152 1924 divinissimum

2265 1883 2345 1955 τῷ
2395 1881 2667 1950 πνεύματι
2723 1880 2792 1932 τὰ
2840 1877 3234 1947 μακαριώτατα
3280 1874 3434 1944 χείλη
3491 1873 3589 1927 καὶ
3627 1872 3835 1942 στόμα·

566 1959 724 2014 illum
779 1957 928 2012 haud
959 1971 1084 2013 raro
1133 1958 1403 2024 osculata,
1449 1973 1513 2014 ac
1553 1974 1678 2030 qua:
1727 1959 1876 2016 illius
1935 1960 2152 2031 impleri

565 2053 865 2110 dulcedine
906 2052 1194 2122 imbuique
1237 2053 1527 2108 sanctitate
1556 2062 1902 2110 meruerunt.
1925 2054 2153 2109 Beatum

568 2145 809 2216 praedico
861 2154 1020 2200 tuum
1073 2153 1297 2215 gustum
1359 2144 1733 2216 olfactumque
1789 2155 1850 2201 et
1905 2154 2153 2213 tactum;

567 2238 810 2308 priorem
834 2235 1082 2307 quidem,
1124 2234 1273 2305 quod
1301 2235 1550 2306 ejusdem
1583 2251 1648 2291 ac
1677 2235 1920 2291 Verbum
1951 2251 2155 2291 mensae

2255 1970 2572 2043 ἀσπάζομαι
2625 1970 2721 2024 καὶ
2774 1969 2874 2032 τὰς
2909 1969 3165 2035 σιαγόνας
3187 1966 3283 2019 καὶ⁷
3316 1963 3416 2034 τὴν
3449 1963 3724 2031 γλῶσσαν,
3754 1962 3833 2025 ὡς

2255 2066 2346 2118 τὸν
2381 2060 2823 2132 θεαρχικώτατον
2855 2057 3142 2120 πλεονάκις
3196 2054 3584 2123 ἀσπασάμενα,
3619 2054 3840 2123 καὶτῆς

2255 2155 2466 2209 ἐκείνου
2500 2153 2863 2222 τερπνότητος
2909 2147 3366 2218 ἐμπεπλησμένα,
3396 2145 3494 2199 καὶ
3535 2146 3638 2214 τῆς
3683 2143 3840 2212 άγιό-

2253 2259 2416 2314 τητος
2438 2241 2740 2311 ἠξιωμένα.
2779 2238 3086 2309 Μακαρίζω
3116 2254 3209 2291 σου
3247 2237 3348 2306 τὴν
3383 2235 3574 2304 γεῦσιν
3621 2236 3716 2288 καὶ
3737 2234 3839 2306 τήν

567 2325 847 2398 particeps
888 2325 1062 2380 fueris
1100 2325 1436 2395 eosdemque
1475 2327 1619 2381 sales
1665 2327 2010 2396 perceperis;
2051 2341 2153 2381 nec

2256 2331 2524 2399 δσφρησιν
2551 2329 2648 2383 καὶ
2675 2327 2775 2398 τὴν
2801 2328 2976 2398 άφήψ
3007 2329 3098 2379 τὸν
3139 2325 3263 2396 μὲν,
3311 2325 3393 2378 ὅτι
3447 2325 3729 2396 τραπέζης
3759 2324 3842 2395 τῷ

566 2413 679 2469 dici
711 2420 896 2484 potest
921 2411 1143 2480 qu0ties
1187 2410 1382 2466 eodem
1413 2426 1543 2466 cum
1584 2413 1876 2466 Servatore
1907 2412 2153 2468 sensibili

2256 2420 2414 2490 Λόγῳ
2439 2417 2849 2487 κεκοινώνηκας
2868 2419 2968 2488 τῆς
2989 2415 3181 2485 αὐτῆς,
3217 2416 3314 2469 καὶ
3342 2415 3488 2468 ἁλῶν
3509 2413 3617 2466 τῶν
3636 2414 3838 2468 αὐτῶν⁸

566 2505 778 2576 pariter
827 2519 893 2559 ac
921 2501 1155 2572 spiritali
1203 2511 1481 2557 saturatos
1525 2501 1691 2571 epulo
1737 2501 1835 2557 sis.
1883 2502 2153 2568 Alterum,

2261 2509 2528 2580 αίσθητῆς
2564 2523 2626 2560 τε
2649 2507 2745 2561 καὶ
2765 2506 2962 2577 νοητῆς
2985 2505 3352 2577 έστιατορίας,
3395 2504 3496 2558 οὐκ
3523 2504 3670 2557 εστιν
3703 2504 3840 2559 όσάο

568 2594 720 2666 quod
776 2592 1124 2650 intemeratis
1177 2593 1508 2662 unguentis;
1558 2607 1624 2647 ac
1663 2592 1897 2662 spiritali
1949 2593 2153 2648 summi

2259 2615 2350 2658 κις
2378 2599 2574 2661 εἰπεῖν,
2624 2596 2725 2665 τῆς
2748 2595 2922 2665 αὐτῆς
2957 2595 3293 2667 ινεφορήθης
3341 2593 3419 2664 τῷ
3451 2594 3662 2663 Σωτῆρι
3686 2608 3700 2622 ·
3737 2593 3842 2664 τὴν

569 2684 820 2742 omnium
883 2683 1052 2754 Regis
1100 2683 1346 2738 scientia:
1399 2682 1700 2752 fragrantia
1755 2683 2016 2754 impletus
2057 2685 2153 2739 sis.

570 2774 800 2830 Taetum
844 2772 1106 2842 denique,
1154 2772 1302 2842 quod
1357 2773 1559 2842 saepius
1608 2773 2154 2829 intemeratissimum

569 2879 773 2934 corpus
817 2863 1146 2928 intemerato
1193 2862 1648 2928 contreetaveris,
1697 2863 2156 2933 tremendumque

567 2953 874 3011 Cherubim
897 2967 966 3009 ac
989 2951 1280 3022 Serapbim
1315 2953 1483 3008 etiam
1509 2963 1676 3024 atque
1694 2955 1864 3010 etiam
1886 2969 2157 3010 veneran-

569 3044 725 3110 dum,
779 3042 891 3098 tuis
935 3043 1054 3112 ipse
1091 3041 1348 3098 manibus
1394 3043 1736 3110 ministrans,
1788 3053 1850 3100 ut
1901 3060 2001 3116 par
2045 3055 2151 3110 est,

2255 2685 2334 2748 δὲ,
2373 2684 2455 2738 δτι
2483 2683 2592 2737 τῶν
2629 2683 2916 2753 άχράντων
2973 2684 3161 2753 μύρων
3215 2682 3439 2752 καὶτῆς
3498 2682 3694 2750 νοητῆς
3740 2681 3842 2735 εὑ-

2257 2774 2418 2838 ωδίας
2432 2775 2534 2844 τῆς
2554 2774 2804 2842 γνώσεως
2815 2773 2910 2828 τοῦ
2927 2773 3008 2827 Πα
3017 2773 3320 2844 μσασιλέως
3341 2772 3842 2844 ὑπερενεπλήσθης·

2260 2865 2358 2936 τὴν
2382 2865 2528 2936 ἁφὴν
2555 2865 2638 2932 δὲ,
2665 2866 2749 2920 δτι
2779 2865 3068 2929 πλεονάκις
3115 2864 3211 2918 τοῦ
3239 2863 3618 2934 παναχράντου
3651 2861 3843 2932 σῶμα.

2256 2974 2348 3021 τος
2376 2957 2663 3029 άχράντως
2682 2957 2810 3029 ῆψω
2829 2973 2842 2987 ·
2867 2957 2965 3010 καὶ
3001 2955 3062 3009 τὸ
3088 2955 3317 3026 φρικτὸν
3365 2956 3466 3025 μὲν
3497 2957 3610 3016 τοῖς
3632 2955 3840 3024 Χερου-

2257 3047 2408 3118 δεὶμ,
2430 3047 2712 3116 αἰδέσιμον
2737 3047 2796 3100 δὲ
2829 3046 3040 3117 σφόδρα
3070 3049 3182 3108 τοῖς
3213 3044 3490 3114 Σεραφὶμ,
3517 3045 3638 3106 ταῖς
3673 3043 3837 3106 ἰδίαις

570 3133 796 3203 propior
844 3133 1021 3188 factus
1081 3132 1538 3202 apprehenderis,
1580 3134 1902 3205 cunctisque
1934 3135 2153 3205 penitus

2257 3139 2448 3209 χερσὶν
2493 3138 2956 3209 ὑπηρετούμενος,
2989 3137 3132 3191 κατὰ
3157 3136 3221 3189 τὸ
3252 3136 3432 3205 hirtos.
3470 3133 3706 3203 ἑγγίζων
3741 3134 3842 3186 επ·

573 3223 858 3288 sensibus,
915 3237 1144 3279 accessu
1198 3223 1269 3279 ad
1325 3239 1453 3278 eum
1512 3224 1609 3293 qui
1665 3185 1889 3281 omnem
1934 3185 2153 3282 excedit

2260 3185 2456 3284 32ὲῶ
2479 3185 3218 3291 ο’ξέἷ’έὶᾇῖ’ἁζο’ὶέῶ⁷”τὰέ
3254 3185 3562 3296 sane;
3589 3185 3671 3293 ἐῶ
3688 3185 3840 3294 sui,

576 3329 836 3380 sensum,
899 3328 1080 3383 eoque
1137 3313 1468 3369 familiarius
1526 3323 1726 3387 utens,
1783 3317 2153 3373 sanetiticatus

2261 3319 2445 3373 πᾶσαν
2479 3317 2736 3390 αἴσθησιν
2784 3317 3059 3384 πελάζων,
3097 3316 3196 3370 καὶ
3222 3313 3439 3386 σώματι
3463 3328 3839 3384 συναναστρε-

575 3419 842 3550 smftdhuo
869 3499 1055 3548 autem
1094 3491 1267 3562 magis
1296 3492 1526 3549 aemulor
1549 3508 1613 3550 ac
1644 3494 1868 3550 beatum
1896 3493 2156 3564 praedico,

2259 3411 2519 3482 φόμενος,
2548 3409 2951 3482 καθηγιάσθης.

2334 3501 2458 3554 Ἔτι
2504 3500 2561 3554 δι
2611 3499 2814 3570 μᾶλλον
2839 3499 2990 3570 ζηλῶ
3033 3500 3131 3556 καὶ
3175 3498 3464 3571 μακαρίζω
3497 3514 3579 3563 σε,
3612 3497 3698 3550 δτι
3743 3495 3842 3550 οὐκ

576 3583 726 3654 quod
777 3590 965 3636 mente
1013 3595 1125 3635 non
1173 3580 1507 3647 concideris,
1535 3596 1639 3637 nec
1671 3581 1728 3636 in
1763 3581 2153 3638 tentationibus

2258 3591 2516 3655 ὥκλασας
2552 3593 2646 3647 τὸν
2687 3592 2815 3647 νοῦν
2835 3632 2850 3658 ,
2889 3594 2956 3646 οὐ
2984 3593 3086 3663 τὴν
3119 3591 3302 3663 ψυχήν
3329 3589 3610 3662 διεκρίθης
3640 3588 3700 3640 ἑν
3725 3589 3838 3649 τοῖς

575 3676 764 3731 animo
789 3673 1004 3729 diuisus
1035 3673 1112 3728 sis
1139 3681 1236 3728 aut
1265 3673 1600 3745 cegitatione
1645 3674 2033 3741 vacillaveris;
2061 3672 2153 3730 sed

2261 3689 2612 3758 πειρασμοῖς,
2640 3687 2766 3741 οὐδὲ
2793 3687 2894 3757 τὴν
2935 3686 3179 3740 διάνοιαν
3208 3685 3494 3746 ἐδίστασας
3513 3699 3528 3714 °
3554 3679 3672 3736 ἀλλ’
3697 3681 3836 3734 άπε-

576 3767 841 3822 innnotus
870 3780 997 3822 cum
1037 3763 1302 3834 magistro
1345 3780 1558 3832 manes,
1603 3765 1834 3836 parique
1858 3764 2153 3836 opprobrio

2263 3780 2550 3850 ρίτρεπτος
2581 3778 2720 3849 μετὰ
2748 3775 2843 3832 τοῦ
2875 3777 3203 3832 διδασκάλου
3228 3774 3431 3845 μένεις,
3474 3773 3572 3826 καὶ
3603 3770 3841 3824 τδνιίσον

574 3858 890 3926 subjiceris,
925 3866 1094 3926 atque
1133 3855 1500 3912 condemnato
1527 3856 1711 3912 socius
1747 3857 2153 3912 condemnatio-

2257 3869 2567 3940 ὀνειδισμὸν
2596 3868 2849 3938 ὑφέξεις·
2886 3867 2984 3922 καὶ
3019 3865 3473 3937 κατακρινομένῳ
3535 3865 3634 3932 τῆς
3677 3877 3844 3916 κατα-

575 3951 662 4006 nis
705 3949 958 4005 exsistis:
1002 3946 1234 4017 patienti
1288 3947 1642 4016 compateris,
1689 3947 1853 4018 eique
1895 3947 2153 4010 condolea

2259 3963 2495 4031 κρίσεως
2539 3962 2845 4023 κοινωνεῖς*
2890 3953 2988 4012 καῖ
3053 3959 3318 4026 πάσχοντι
3365 3954 3706 4025 συμπαθεῖςσ
3749 3951 3845 4006 καὶ

572 4045 670 4119 qui
698 4045 756 4101 in
779 4043 973 4100 dolore
997 4042 1128 4114 agit.
1162 4042 1379 4097 Etenim
1413 4057 1539 4096 eum
1565 4042 1829 4098 crucifixo
1846 4057 1986 4112 pene
2005 4041 2153 4097 cruci

2258 4052 2611 4120 ἀλγυνομένῳ
2670 4050 2973 4118 συναλγεῖς.
3006 4050 3118 4104 Καὶ
3139 4049 3249 4119 γὰρ
3275 4047 3666 4117 σταυρουμένῳ
3713 4042 3841 4114 τρό-

573 4145 760 4194 mente
792 4133 1092 4190 cruciﬁxus
1129 4147 1209 4199 es,
1237 4142 1440 4187 etcum
1484 4133 1754 4187 moriente
1789 4141 2062 4196 mortuus,
2105 4138 2153 4184 et

2263 4161 2364 4200 πον
2414 4144 2540 4196 τινὰ
2595 4143 2664 4212 τῇ
2709 4141 2918 4212 διανοίᾳ
2953 4139 3436 4209 συνεσταύρωσαιο
3495 4136 3591 4190 καὶ
3626 4134 3840 4188 θανόντι

574 4240 702 4282 cum
761 4223 978 4294 sepulto
1023 4221 1192 4276 animi
1251 4222 1533 4276 voluntate
1598 4223 1894 4291 sepultus:
1951 4235 2063 4290 quo
2104 4229 2153 4274 et

2263 4233 2682 4294 συναπέθανες’
2739 4231 2836 4284 καί
2878 4247 2942 4300 γε
2997 4230 3257 4300 προθέσει
3307 4227 3488 4298 ψυχῆς
3536 4224 3844 4291 συνετάφης

573 4316 782 4372 factum
832 4322 948 4376 est.
997 4322 1060 4365 ut
1093 4321 1150 4366 et
1193 4327 1319 4366 eum
1377 4321 1699 4381 resurgente
1747 4327 2061 4381 resurgeres
2105 4319 2162 4365 et

576 4403 1063 4462 sonvivifieareris.
1111 4403 1290 4472 Atque
1341 4403 1460 4472 ejus
1512 4411 1692 4457 tecum
1747 4410 2159 4467 testamentum,

2264 4326 2630 4396 θαπτομένῳο
2677 4324 2803 4378 ὅθεν
2836 4323 2935 4377 καὶ
2979 4321 3330 4391 ἀνισταμένῳ
3377 4317 3708 4385 συνανέστης
3749 4311 3844 4366 καὶ

2263 4418 2584 4487 συνέζησας.
2629 4416 2799 4486 Κακὴ
2845 4413 3079 4482 διαθήκη
3112 4411 3305 4466 τούτου
3367 4409 3506 4482 μετὰ
3558 4406 3674 4468 σοῦ,
3714 4420 3843 4457 συν·

577 4495 1032 4555 contubernalem
1055 4507 1183 4548 cum
1211 4493 1556 4562 principibus
1583 4494 1638 4560 in
1669 4509 1839 4563 regno
1869 4493 2153 4559 cmlorum;

2264 4503 2442 4556 έστιον
2495 4503 2635 4573 μετὰ
2671 4501 2780 4556 τῶν
2830 4501 3148 4572 κορυφαίων
3193 4502 3273 4562 είς
3305 4499 3403 4567 τὴν
3429 4496 3542 4549 τῶν
3603 4491 3845 4564 οὐρανῶν

576 4590 674 4648 sed
704 4599 762 4645 et
798 4589 959 4658 plane
988 4585 1110 4656 pari
1151 4584 1234 4638 eis
1289 4584 1413 4638 solii
1448 4583 1716 4654 dignitate
1757 4583 2052 4640 sublimem
2102 4583 2160 4637 in

576 4679 1045 4753 regenerationem
1074 4676 1194 4732 fore
1220 4675 1631 4731 assumendum.

647 4769 1124 4840 Quemadmodum
1165 4768 1331 4838 igitur
1368 4756 1498 4823 Jesu
1542 4776 1656 4821 tum
1701 4766 1995 4837 passionis,
2041 4778 2158 4824 tum

539 4860 1026 4938 'resurrectionis,
1075 4867 1191 4914 tum
1241 4857 1361 4927 ejus
1411 4858 1468 4910 in
1513 4857 1714 4910 coelum
1765 4858 1994 4926 recepti,
2050 4873 2161 4912 una

576 4970 702 5012 cum
735 4951 928 5023 primis
956 4951 1072 5020 ipse
1102 4947 1277 5004 oculis
1321 4956 1597 5016 spectator
1651 4949 1944 5018 sociusque
1983 4951 2160 5015 fuisti,

579 5051 660 5106 sic
710 5060 934 5118 quoque
973 5059 1100 5104 cum
1147 5043 1228 5097 eis
1273 5041 1390 5111 pari
1437 5056 1665 5097 munere
1716 5042 1868 5097 vitali
1920 5043 2160 5114 Spiritus

580 5142 726 5196 dono
796 5134 1127 5204 adimpletus
1187 5148 1267 5188 es.
1327 5131 1545 5186 Etenim
1607 5147 1732 5187 cum
1780 5133 1934 5202 prius
1978 5133 2159 5190 Verbo

578 5227 798 5290 Domini
833 5226 984 5282 velut
1029 5223 1275 5293 spiritale
1311 5222 1514 5278 coelum
1562 5237 1624 5276 ac
1656 5223 1862 5278 mundo
1901 5226 2159 5294 superius

580 5324 830 5379 firmatus
863 5333 1018 5373 esses
1042 5316 1118 5380 9'5;
1154 5329 1328 5383 eaque
1359 5313 1539 5376 victus
1569 5315 1781 5372 ratione
1797 5331 1918 5386 qua:
1939 5325 2159 5372 sanctos

579 5414 772 5468 deceat
797 5417 1082 5479 purgatus,
1115 5412 1279 5472 atque
1309 5404 1474 5458 claris
1507 5405 1690 5460 animo
1721 5407 2161 5476 repraesentatio-

580 5505 746 5560 nibus
778 5499 980 5556 eximie
1015 5497 1351 5561 illustratus,
1378 5494 1856 5567 divinioribusque
1882 5507 2067 5553 mente
2094 5497 2161 5552 il-

583 5591 1005 5659 lustrationibus
1021 5587 1630 5658 supersubstantialiter
1646 5589 1954 5656 deificatus,
1976 5591 2163 5646 velut-

583 5696 689 5752 que
734 5679 986 5734 sublimis
1022 5676 1246 5747 quidam
1285 5676 1518 5730 thronus
1551 5677 1740 5747 gloriae
1765 5693 1828 5735 ac
1856 5679 2164 5739 sanctitatis

656 5794 700 5826 ”
728 5794 869 5850 Psal.
906 5809 1050 5858 κων,
1091 5793 1143 5846 5.
1220 5793 1268 5825 ⁹⁶
1296 5791 1440 5847 Psal.
1479 5807 1650 5858 xxx",
1689 5793 1746 5846 6.

2268 4592 2548 4662 βασιλείαν
2571 4609 2586 4625 ο
2623 4594 2717 4647 ναὶ
2745 4592 2810 4662 δὴ
2839 4593 2934 4646 καὶ
2972 4589 3343 4658 συγκάθεδρον
3371 4589 3488 4658 ἅμα
3525 4585 3760 4648 τούτοις,
3786 4582 3842 4633 ιν

2263 4687 2331 4754 τῇ
2359 4685 2752 4755 παλιγγενεσία
2778 4683 3322 4756 προσληφθήσεσθαι.

2340 4778 2553 4848 Ὥσπερ
2599 4774 2693 4831 οὖν
2730 4775 2825 4830 τοῦ
2867 4793 2925 4830 τε
2969 4775 3179 4838 πάθους
3209 4769 3388 4842 Ἰησοῦ
3439 4767 3666 4836 καὶτῆς
3716 4764 3846 4820 άνα-

2271 4869 2514 4932 στάσεως
2543 4869 2640 4921 καὶ
2667 4867 3016 4938 ἀναλήψεως,
3051 4865 3170 4935 ἅμα
3223 4867 3339 4926 τοῖς
3389 4860 3632 4931 πρώτοις
3692 4853 3848 4910 αὑτό·

2269 4976 2412 5029 πτης
2441 4961 2633 5028 ἐγένου
2683 4961 2779 5013 καὶ
2801 4958 3080 5024 κοινωνὸς,
3124 4955 3270 5009 οὕτω
3296 4954 3416 5027 μετ’
3443 4951 3626 5007 αὐτῶν
3650 4946 3848 5016 ὁμοίως

2268 5052 2361 5103 καὶ¹
2403 5049 2504 5119 τῆς
2553 5050 2868 5121 ζωαρχικῆς
2914 5049 3009 5103 τοῦ
3063 5046 3428 5118 Παρακλήτου
3487 5036 3849 5107 πεπλήρωσαι

2264 5143 2495 5212 δωρεᾶς.
2522 5143 2631 5196 Καὶ
2658 5143 2768 5213 γὰρ
2804 5141 2884 5212 τῷ
2910 5143 3072 5211 Λόγῳ
3112 5139 3320 5208 Κυρίου
3368 5132 3634 5201 πρότερον
3660 5124 3750 5181 οἵα
3785 5126 3851 5196 δὴ

2267 5235 2452 5302 νοερὸς
2484 5235 2579 5285 καὶ
2603 5233 2977 5302 ὑπερκόσμιος
3007 5226 3330 5300 στερεωθεὶς
3368 5221 3618 5294 οὐρανὸς,
3650 5219 3746 5274 καὶ
3787 5217 3850 5269 τὸ

2267 5323 2426 5389 σῶμα
2448 5322 2630 5394 διαίτῃ
2663 5325 2999 5393 άγιοπρεπεε
3064 5317 3387 5390 καθαρθεὶς,
3416 5314 3511 5368 καὶ
3539 5311 3639 5382 τὴν
3671 5309 3846 5378 ψυχὴν

2265 5413 2536 5482 καθαραῖς
2573 5416 2877 5484 ἐμφάσεσιν
2929 5411 3223 5483 ὑπερφυῶς
3271 5402 3587 5476 φωτισθεὶς,
3617 5401 3713 5454 καὶ
3755 5399 3844 5451 τὴν

2265 5504 2391 5558 νοῦν
2426 5505 2726 5576 θειοτέραις
2747 5505 3046 5577 ἐλλάμψεσι
3092 5499 3434 5571 ὑπερουσίως
3464 5491 3690 5553 θεωθείς
3710 5508 3724 5521 ·
3752 5488 3844 5552 καί

2265 5591 2356 5648 οἷά
2383 5612 2508 5650 τινα
2552 5597 2741 5666 θρόνον
2775 5596 2933 5668 δόξης
2972 5592 3282 5665 ὑπερφερῖμ
3314 5588 3410 5642 καὶ
3439 5584 3727 5654 ἁγιότητος
3751 5595 3850 5634 καρ-

2266 5687 2542 5743 τάπαυσιν
2567 5687 2660 5745 τδν
2691 5689 2842 5753 ἐντὸς
2873 5686 3162 5758 ἄνθρωπον
3183 5673 3677 5739 κατασκευασθεὶς,
3709 5669 3854 5726 οὕτω
