4094 6414
1643 302 1654 312 α
1685 300 1736 318 “-.’

354 388 464 453 205

994 396 1278 458 ORATIO
1310 401 1384 462 Χ.
1410 427 1478 437 -
1508 387 1592 464 ΙΝ
1630 404 1946 467 LAUDEM
1988 407 2048 467 S.
2091 408 2662 475 BARTHOLOMIEI
2698 419 2957 480 APOST-

3506 430 3614 507 206

351 503 418 572 δὴ
454 501 517 556 τὸ
546 501 773 572 Πνεῦμα
818 503 882 557 sit
919 505 1077 575 ἅγιον
1121 509 1415 580 οὐρανόθεν
1467 514 1656 567 κατιὺν
1693 517 1754 568 ὲν
1793 516 1912 570 εἴδει

2031 518 2248 589 requies
2275 520 2523 577 interiori
2569 525 2796 584 homine
2840 541 3213 602 conStructus,
3269 538 3350 594 sic
3384 555 3608 612 quoquo

348 596 594 662 πυρίνων
643 593 890 660 ὑπεδέξω
928 595 1228 664 γλωσσῶν·
1274 602 1368 655 καὶ
1417 603 1480 656 σὲ
1535 603 1656 658 ὅλον
1711 606 1780 659 δι’
1806 607 1927 661 δλου

349 679 735 752 πεπληρωκὸς,
770 685 864 737 καὶ
899 685 1010 738 τῶν
1063 685 1400 758 θεουργικῶν
1441 691 1608 744 αὐτοῦ
1649 694 1929 764 χαρισμά-

347 786 458 824 των
506 771 956 841 ὑπερϐαλλόντως
996 778 1390 846 μεταδεδωκὸς,
1413 783 1506 835 καὶ
1552 785 1611 836 ὲν
1662 785 1747 837 σοὶ
1803 784 1930 838 καθ-

346 859 504 913 εσθέν
529 877 590 914 τε
625 863 718 916 καὶ
759 864 996 934 ἰδρυθὲν,
1021 867 1254 937 ὄργανόν
1292 886 1352 923 τε
1393 871 1494 940 τῆς
1529 873 1737 937 οἰκείας
1761 874 1927 929 δυνά-

348 966 497 1018 μεως
546 954 890 1024 ἐναρμόνιον,
922 958 1016 1010 καὶ
1046 958 1300 1028 θεολόγον
1343 964 1521 1033 στόμα
1546 967 1642 1018 καὶ
1667 966 1926 1035 γλῶσσαν

346 1041 544 1095 ἑαυτοῦ
581 1042 931 1115 θεορῤήμονα
987 1054 1461 1122 κατηρτισμένον·
1494 1055 1589 1108 καὶ
1636 1056 1829 1127 ῶσπερ
1872 1074 1927 1110 τι

350 1133 545 1199 σκεῦος
578 1137 723 1206 ἱερόν
745 1154 806 1190 τε
835 1140 930 1193 καὶ
947 1140 1130 1211 τίμιον
1153 1143 1212 1210 ἐξ
1245 1143 1434 1210 ἔθνους
1474 1148 1557 1223 εἰς
1591 1147 1744 1212 ἔθνος
1796 1166 1927 1219 μετ-

345 1227 482 1292 ἁγον
523 1227 620 1281 καὶ
671 1229 979 1299 μετατιθὲν,
1007 1233 1102 1286 τὸν
1128 1234 1227 1304 τῆς
1262 1237 1575 1306 οἰκονομίας
1615 1237 1793 1306 λόγον,
1827 1241 1926 1311 τὴν

358 1315 537 1384 Ἰησοῦ
573 1320 897 1389 σωτηριώδη
933 1321 1214 1392 σάρκωσιν
1261 1325 1359 1378 καὶ
1385 1325 1683 1381 ἀνάστασιν
1709 1330 1804 1383 καὶ
1835 1329 1926 1399 βα-

347 1405 573 1472 σιλείαν,
601 1408 1094 1476 μεγαλοφωνότατα
1117 1415 1234 1477 τοῖς
1261 1416 1428 1470 πᾶσιν
1449 1417 1808 1488 ἐνεφθέγεατο
1837 1421 1926 1474 διὰ

347 1510 465 1549 σου.

404 1665 504 1729 Τίς
535 1665 630 1721 οὖν
659 1667 757 1740 τὴν
790 1671 1036 1742 πηγαίαν
1077 1674 1171 1727 τοῦ
1198 1675 1257 1730 ἐν
1296 1678 1380 1730 σοὶ
1419 1679 1736 1751 Πνεύματος
1764 1683 1925 1739 δύνα-

343 1771 437 1823 μιν
479 1757 805 1826 ὑμνήσειεν;
847 1763 889 1813 Τ
896 1763 943 1823 ίς
984 1763 1041 1815 δὲ
1085 1765 1185 1836 τὴν
1227 1767 1568 1842 πλημμύραν
1611 1775 1712 1845 τῆς
1742 1776 1922 1831 θεολο-

340 1843 464 1908 γίας
485 1844 854 1914 ἁνατὰξαιτο;
883 1850 980 1912 Τίς
1003 1853 1106 1921 μὲν
1147 1854 1248 1926 τὴν
1284 1843 1681 1933 παρεπομένην
1715 1865 1918 1936 ἀρετὴν

336 1932 432 1984 καὶ
475 1937 847 2007 κοσμιότητα;
873 1941 969 2004 Τίς
1001 1941 1060 1996 δὲ
1090 1945 1190 2012 τὴν
1215 1949 1276 1999 ὲν
1304 1949 1381 2020 τῷ
1415 1932 1793 2027 κεκρυμμένιρ
1819 1932 1921 2028 της

336 2021 440 2090 σῆς
487 2023 727 2091 διανοίας
767 2030 1122 2101 ἀξιοπρεπῶς
1169 2037 1380 2094 αἰνέσαι
1429 2021 1780 2114 τελειότηταξ
1822 2021 1920 2110 Τίς

331 2111 447 2165 τῶν
465 2113 640 2182 λόγων
663 2117 726 2170 τὸ
753 2119 959 2191 ὑψηλόν
981 2140 996 2189 ;
1026 2123 1123 2189 Τίς
1149 2126 1258 2180 τῶν
1285 2129 1468 2200 ἔργων
1488 2134 1548 2186 τὸ
1563 2111 1876 2208 ὑπερφερές
1899 2155 1914 2205 ;

334 2200 435 2266 Τῐς
460 2204 520 2256 τὸ
553 2208 826 2278 προσηνὲς
857 2210 951 2264 τοῦ
995 2213 1160 2284 ήθους
1212 2221 1308 2272 καὶ
1355 2221 1597 2294 μείλιχον
1643 2200 1733 2279 καί
1777 2200 1911 2300 Χρ-ιί

333 2295 609 2363 στοειδέςς
652 2298 749 2362 Τίς
793 2300 935 2356 δὲτὸ
971 2305 1066 2358 τοῦ
1122 2308 1436 2380 πνεύματος
1479 2316 1775 2386 ἀπρόσιτον
1823 2320 1919 2378 καὶ

329 2385 565 2458 φοὸερὸν
605 2391 701 2446 καὶ
736 2391 993 2462 θεοειδέςς

403 2573 533 2638 Πῶς
583 2575 629 2630 δ’
662 2577 729 2632 ἄν
771 2596 858 2644 τις
883 2581 1055 2656 εἰδείη
1088 2584 1188 2656 τὴν
1219 2587 1327 2642 ἀπὸ
1371 2590 1481 2644 τῶν
1525 2592 1914 2669 Ἱεροσολύμων

326 2663 431 2717 καὶ
465 2665 566 2736 τῆς
607 2667 866 2735 Ἰουδαίας
896 2672 1076 2737 ἔξοδον
1101 2677 1200 2730 ἐπὶ
1223 2679 1293 2732 τὰ
1322 2680 1474 2752 εθνη,
1505 2663 1613 2739 τοῦ⁷
1630 2689 1731 2757 τῆς
1761 2663 1915 2752 θείας

325 2753 556 2826 εἰρήνης
577 2757 989 2828 εὐαγγελιστοῦ.
1015 2767 1110 2819 καὶ
1140 2767 1240 2832 τὰς
1269 2771 1362 2824 ἐπὶ
1389 2775 1578 2828 πᾶσαν
1605 2753 1792 2848 χώραν
1817 2783 1914 2836 καὶ

326 2843 488 2898 πόλιν
534 2847 942 2916 ἀκαταστασίας
973 2855 1113 2926 ὑπὲρ
1138 2859 1232 2912 τοῦ
1259 2843 1722 2933 Εὐαγγελίουνκαὶ
1757 2887 1914 2941 περι-

326 2931 547 3002 φοράςς
594 2934 692 3000 Τίς
721 2937 821 3002 τὰς
863 2943 1146 3012 περιόδους
1189 2931 1524 3021 ἀριθμήσαι,
1577 2955 1678 3019 τὰς
1704 2931 1915 3014 ὁδοιπο-

323 3021 482 3091 ρίας,
524 3025 653 3089 τοὺς
677 3025 976 3098 κινδύνους,
1014 3034 1142 3100 τοὺς
1178 3038 1404 3103 κόπους,
1429 3044 1531 3106 τὰς
1561 3047 1761 3116 φυγὰς,
1812 3051 1912 3114 τὰς

326 3111 571 3181 πληγὰς,
601 3117 700 3181 τὰς
721 3119 992 3188 φυλακὰς.
1020 3126 1148 3188 τοὺς

328 3203 528 3272 εμοὺς,
550 3205 674 3269 τοὺς
694 3206 1033 3280 ὀνιιδισμούς
1054 3215 1184 3280 ςΤίς
1210 3219 1312 3283 τὰς
1336 3220 1430 3274 ἐπὶ
1452 3222 1562 3276 τῶν
1573 3226 1758 3296 ἀρχῶν
1777 3230 1910 3283 ἀναο

325 3293 540 3362 γωγὰς,
569 3296 668 3355 τὰς
712 3298 806 3351 ἐπὶ
834 3301 945 3354 τῶν
977 3302 1236 3368 ἐξουσιῶν
1273 3311 1486 3380 ὲνοχάς,
1510 3293 1777 3378 τάςᾶξιτά
1808 3319 1910 3389 τῆς

321 3381 450 3436 ὁδοῦ
495 3383 605 3438 τῶν
635 3388 843 3443 πιστῶν
883 3389 1157 3459 διαϐολὰς,
1189 3398 1288 3462 τὰς
1344 3399 1636 3474 λοιδορίας,
1679 3407 1778 3471 τὰς
1812 3381 1911 3462 ttat;

323 3470 549 3537 κώσεις,
601 3476 701 3539 τὰς
754 3479 1052 3552 πυρώσεις,
1081 3486 1184 3550 τὰς
1228 3491 1436 3560 αἰκίας,
1477 3470 1577 3558 τὰς
1611 3497 1905 3567 μάστιγας,

320 3564 454 3627 τοὺς
484 3565 788 3638 ὲλκυσμούς
813 3588 873 3624 τε
902 3574 998 3627 καὶ
1034 3582 1432 3651 σπαραγμούς;

397 3653 546 3709 Ὅσα
571 3658 664 3709 καί¹
685 3652 776 3713 οἷα
809 3662 950 3730 μετὰ
978 3664 1248 3721 Φιλίππου
1291 3675 1434 3727 κατὰ
1464 3675 1564 3746 τὴν
1606 3677 1907 3750 Ἱεράπολιν

319 3745 547 3819 ἀνέτλη,
579 3750 674 3803 καὶ
719 3752 818 3823 τὴν
848 3755 941 3808 ἐπὶ
981 3757 1078 3810 τοῦ
1127 3763 1364 3833 σταυροῦ
1417 3768 1643 3840 πρώτην
1667 3745 1908 3846 ἀνάρτη-

317 3855 408 3890 σιν
427 3855 442 3872 ·
480 3841 574 3893 καὶ
604 3843 788 3898 πᾶσαν
820 3847 940 3900 ἐκεῖ
985 3850 1096 3905 τῶν
1127 3854 1374 3912 ἀπίστων
1413 3860 1514 3930 τὴν
1545 3862 1905 3923 ὲπισύστασιν

314 3931 414 3982 καὶ
446 3931 798 4005 καταδρομὴν
827 3975 842 4000 ,
896 3939 990 3993 καὶ
1038 3944 1217 3998 πᾶσαν
1249 3947 1443 4020 ὀδύνην
1474 3953 1568 4006 καὶ
1597 3955 1759 4009 πόνον
1810 3962 1906 4014 καὶ

312 4021 736 4092 ταλαιπωρίανς
766 4026 924 4092 Ποῖος
953 4029 1009 4083 δὲ
1041 4032 1166 4098 νοῦς
1198 4036 1520 4110 ἐννοηθείη,
1552 4045 1704 4108 ποῖος
1732 4044 1787 4097 δὲ
1817 4045 1906 4100 λό-

310 4127 408 4180 γος
459 4113 573 4166 τῶν
603 4116 944 4189 ἀντιλήψεων
979 4125 1218 4195 Χριστοῦ
1249 4130 1310 4183 τὸ
1343 4132 1570 4204 πλῆθος,
1601 4137 1711 4192 τῶν
1737 4141 1906 4211 οὐρα-

309 4201 445 4257 νίων
479 4203 830 4277 ὲλλάμψεων,
887 4212 999 4266 τῶν
1049 4220 1368 4289 φωτισμῶν,
1413 4201 1524 4279 τῶν
1584 4201 1904 4302 στηριτμῶν

307 4294 410 4365 τὴν
443 4295 686 4351 ἄϐυσσον
719 4301 995 4373 ἐκφράσαι
1026 4324 1041 4372 ;
1092 4309 1190 4372 Τίς
1220 4312 1403 4377 ἱκανὸς
1430 4315 1532 4386 τῆς
1559 4294 1800 4392 θεωρίας*
1841 4325 1904 4377 τὸ

309 4387 578 4458 μέγεθος,
607 4391 706 4459 τῆς
736 4389 1018 4462 θεολογίας
1047 4399 1109 4451 τὸ
1144 4400 1307 4470 ὕψος,
1342 4407 1437 4458 καὶ
1476 4409 1562 4471 τίς
1586 4410 1648 4462 τὸ
1668 4387 1902 4468 απλετον

2031 606 2296 677 Spiritum
2327 622 2576 669 sanctum
2608 617 2665 670 in
2697 618 3011 690 linguarum
3040 625 3321 694 ignearum
3355 606 3540 700 specie
3579 651 3613 690 ε

2030 699 2172 752 creto
2187 699 2613 759 descendentem
2640 710 2931 780 suscepisti
2953 713 3022 778 ",
3055 717 3149 783 qui
3186 725 3358 773 totum
3384 699 3611 779 omnino

2029 787 2288 858 implens,
2322 793 2647 866 deiﬁcisque
2681 800 2798 855 suis
2827 802 2990 858 donis
3021 806 3358 863 excellenter
3399 811 3608 882 impar-

2031 881 2196 946 tiens,
2226 891 2392 953 atque
2422 888 2478 940 in
2510 896 2564 942 te
2604 891 2805 946 sedens
2845 907 2909 948 ac
2948 896 3278 964 consistens,
3307 881 3609 973 aptumque

2029 974 2252 1030 virtutis
2283 992 2395 1033 suae
2424 994 2687 1050 organum
2737 984 3003 1053 efficiens,
3037 998 3202 1058 atque
3232 1007 3295 1045 os
3325 994 3496 1048 Deum
3526 999 3610 1052 lo-

2027 1079 2204 1134 quens
2261 1067 2616 1142 linguamque
2687 1075 2893 1132 divinis
2944 1083 3294 1137 sermonibus
3345 1085 3609 1142 disertam

2026 1157 2404 1227 concinnans;
2462 1164 2728 1234 velutque
2780 1183 2999 1223 sacrum
3057 1173 3336 1240 quoddam
3395 1191 3491 1231 vas
3545 1195 3610 1233 ac

2027 1249 2329 1315 pretiosum
2367 1252 2436 1306 de
2468 1263 2632 1323 gente
2663 1256 2734 1310 ad
2786 1268 3005 1328 gentem
3041 1263 3336 1320 traducens
3378 1270 3611 1324 transfe-

2027 1354 2286 1410 rensque,
2313 1342 2750 1412 dispensationis
2778 1348 3086 1405 doctrinam
3115 1353 3430 1422 (salutarem
3475 1360 3604 1414 Jcsu

2028 1429 2470 1489 incarnationem
2502 1448 2562 1491 et
2605 1439 3070 1496 resurrectionem
3112 1453 3169 1498 et
3209 1446 3265 1500 in
3312 1448 3480 1503 cados
3515 1465 3607 1505 re-

2024 1523 2333 1591 ceptionem
2385 1530 2748 1602 regnumque)
2799 1532 3023 1589 sublimi
3075 1539 3290 1593 cunctis
3333 1543 3606 1598 oraeconio

2027 1620 2121 1667 tua
2154 1628 2323 1682 opera
2349 1619 2687 1685 praadicavit.

2094 1706 2230 1772 Quis
2270 1707 2435 1779 igitur
2461 1727 2584 1781 qua:
2617 1713 2788 1770 fontis
2822 1715 2999 1770 instar
3030 1728 3213 1774 manet
3243 1719 3417 1775 divini
3462 1723 3516 1777 in
3552 1731 3605 1779 te

2027 1794 2268 1866 Spiritus
2291 1800 2552 1857 virtutem
2581 1805 2716 1860 satis
2739 1807 3093 1862 laudaverit?
3120 1808 3256 1874 Quis
3280 1827 3410 1866 vero
3437 1813 3603 1868 inun-

2023 1888 2216 1944 dantes
2243 1890 2463 1947 divinos
2489 1909 2773 1952 sermones
2793 1900 3237 1969 conscripserit?
3265 1903 3401 1968 Quis
3426 1905 3605 1960 virtu-

2022 1984 2134 2030 tem
2175 1977 2285 2034 illis
2309 1983 2566 2037 comitem
2599 2000 2668 2039 ac
2695 1990 3066 2056 gravitatem?
3095 1991 3232 2058 Quis
3267 2010 3399 2050 vero
3432 1998 3600 2052 animi

2021 2067 2101 2121 tui
2141 2068 2264 2124 sinu
2291 2072 2562 2126 occultam
2593 2076 2988 2144 perfectionem
3013 2081 3176 2152 digne
3199 2085 3605 2144 celebraverit?

2018 2153 2154 2220 Quis
2211 2174 2528 2216 sermonum
2575 2165 2983 2224 altitudinem?
3049 2171 3185 2237 Quis
3249 2175 3602 2232 eminentiam

2019 2250 2297 2317 operum?
2345 2251 2482 2318 Quis
2525 2269 2743 2310 morum
2797 2258 3085 2316 lenitatem
3131 2271 3190 2318 et
3235 2266 3599 2334 suavitatem,

2017 2337 2336 2409 Christique
2388 2345 2640 2400 aemulam
2684 2347 3042 2405 bonitatem?
3083 2352 3220 2419 Quis
3265 2355 3600 2416 inaccessam

2017 2433 2473 2505 tremendamque
2515 2453 2581 2493 ac
2618 2440 2793 2496 Deum
2836 2443 3165 2502 referentem
3203 2449 3429 2518 spiritus
3457 2468 3600 2522 prte-

2015 2521 2276 2576 stantiam
2303 2523 2328 2576 ?
3307 2545 3309 2547 ί

2085 2611 2336 2678 Quonam
2365 2617 2490 2686 quis
2510 2620 2709 2688 modo,
2745 2622 2948 2680 divinat
2978 2627 3130 2696 pacis
3158 2621 3339 2684 nuntii
3373 2647 3438 2688 ac
3463 2647 3602 2703 prae-

2015 2700 2304 2768 dicatoris,
2321 2704 2681 2780 Jerosolymis
2698 2711 2997 2784 Iudaeaque
3018 2731 3302 2773 excessum
3321 2721 3389 2774 ad
3407 2700 3601 2791 gentes

2013 2797 2354 2862 pernoverit,
2377 2801 2704 2871 cunctisque
2721 2803 2942 2873 oppidis
2959 2814 3018 2860 et
3036 2808 3175 2863 locis
3196 2824 3261 2864 ac
3281 2810 3601 2868 civitatibus

2014 2883 2298 2954 Evangelii
2321 2902 2484 2943 causa
2502 2891 2834 2960 jactationes
2854 2898 3368 2966 erroresqe?Quis
3396 2901 3600 2956 circui-
3699 2975 3704 2979 ‘

2016 2981 2140 3037 tus,
2177 2975 2409 3042 itinera,
2439 2981 2706 3048 pericula,
2743 2985 2984 3050 labores,
3021 2988 3197 3057 fugas,
3232 2990 3440 3060 plagas,
3470 3005 3597 3046 car-

2013 3077 2191 3129 ceres,
2213 3064 2502 3134 fustuaria,
2519 3071 2904 3140 lapidationes,
2930 3078 3131 3146 probra
3149 3081 3600 3137 enumeraverit?

1173 3129 1526 3202 ραὅδισμοὺς,
1580 3139 1707 3202 τοὺς
1754 3139 1908 3194 λιθαο

2013 3153 2148 3219 Quis
2181 3157 2327 3225 apud
2371 3129 2632 3228 praesides
2669 3129 3596 3239 accusationes,ﬂsu‘b—potestatum

2013 3245 2298 3301 audientia
2327 3264 2498 3305 noxas
2536 3267 2602 3308 ac
2639 3254 2902 3322 crimina;
2943 3258 3245 3327 appetitam
3289 3260 3508 3317 insidiis
3531 3278 3598 3318 ac

2010 3336 2320 3392 maledictis
2365 3340 2611 3397 ﬁdelium
2655 3345 2824 3412 viam,
2865 3362 3163 3413 mrumnas,
3207 3351 3598 3422 ustulationes,

2011 3426 2544 3499 dehonestamenta,
2590 3436 2822 3492 verbera
2843 3475 2863 3499 ,
2904 3437 3306 3511 discerptiones
3346 3455 3414 3499 ac
3452 3444 3594 3500 dila-

2009 3516 2324 3574 niationes?

2081 3693 2298 3761 Quanta
2324 3697 2586 3754 nimirum
2615 3710 2672 3756 et
2695 3703 2879 3772 qualia
2907 3704 3162 3776 Philippo
3183 3708 3369 3764 socius
3397 3710 3593 3767 Hiera-

2006 3783 2120 3852 poli
2156 3799 2454 3854 perpessus
2483 3789 2579 3854 sit,
2614 3791 2957 3862 primamque
2990 3795 3045 3848 in
3072 3811 3238 3852 cruce
3264 3800 3592 3868 Suspensio-

2007 3887 2175 3939 nem;
2233 3889 2566 3946 omnemque
2629 3881 2704 3935 ibi
2763 3885 3218 3940 tumultuantium
3286 3887 3593 3946 inﬁdelium

2006 3961 2304 4017 coitionem
2349 3980 2415 4020 ac
2447 3970 2864 4036 grassationem,
2905 3988 3239 4044 omnemque
3279 3977 3591 4034 cruciatum

2004 4063 2062 4110 et
2095 4054 2341 4110 laborem
2384 4052 2551 4127 atque
2582 4064 2920 4118 aerumnam?
2956 4063 3217 4129 Quaenam
3258 4082 3392 4122 vero
3433 4085 3592 4126 mens

2005 4145 2376 4213 intellexerit,
2416 4165 2604 4219 quasve
2646 4155 2822 4209 oratio
2871 4156 3205 4212 auxiliorum
3242 4158 3450 4216 Christi
3490 4177 3591 4218 co-

2003 4237 2174 4306 piam,
2217 4239 2640 4313 ocelestiumque
2683 4245 3113 4304 illustrationum
3155 4259 3213 4306 et
3255 4255 3591 4310 coruscatio-

2003 4344 2138 4383 num
2179 4345 2244 4385 ac
2273 4331 2721 4390 fulcimentorum
2753 4339 3011 4410 abyssum
3048 4345 3430 4400 enarraverit?
3457 4345 3592 4414 Quis

2005 4421 2490 4493 contemplationis
2541 4430 2974 4498 magnitudinem
3021 4447 3087 4488 ac
3151 4435 3442 4506 theologia:
3481 4438 3592 4492 cel-

307 4478 516 4541 πλάτος
539 4482 644 4550 τῆς
674 4477 961 4552 θεοσοφίάς
986 4487 1291 4559 ὲξιχνιάσαι
1313 4495 1406 4548 τοῦ
1449 4495 1857 4573 Βαρθολομαίω
1881 4523 1898 4572 ;

320 4568 381 4600 'n
410 4571 522 4600 ,ιλ-Α
567 4571 845 4600 Α.⁹......ὶ;’.-
881 4578 1043 4600 ...'_n__,
1078 4581 1164 4600 *,~
1218 4584 1257 4600 Α
1325 4580 1352 4597 ι*
1446 4589 1458 4600 .
1556 4589 1593 4600 ,ς
1676 4596 1686 4600 -
1846 4597 1856 4600 -

2229 4477 2279 4493 _,
2376 4477 2485 4480 η---
2541 4477 2974 4498 η.,-ο---------ν-.-
3021 4477 3087 4488 ..ν
3153 4477 3442 4506 mw”..-
3482 4477 3588 4492 ν...-

2013 4515 2264 4585 sitatem;
2295 4519 2488 4590 quisve
2517 4521 2902 4582 Bartholomazi
2936 4527 3139 4584 divina:
3163 4531 3448 4600 sapientiae
3481 4530 3588 4586 im-

320 4568 381 4623 '0
410 4571 522 4642 γὰρ
567 4571 845 4637 οὐσιωδῶς
877 4578 1045 4650 αὐτὴν
1071 4581 1165 4634 τοῦ
1217 4580 1353 4640 Θεοῦ
1406 4589 1507 4660 τὴν
1533 4568 1772 4662 ⁷Σοφίαν,

309 4662 562 4734 ἄπειρον,
598 4664 698 4735 τὴν
731 4667 965 4733 τελείαν,
1014 4671 1114 4744 τὴν
1141 4662 1904 4758 θεαρχικωτὰτην-ὲγκάρδιον

307 4753 676 4824 ἐνιδρυμένην
699 4755 860 4825 ἔχων,
888 4759 1212 4832 πάνταμὲν
1238 4767 1454 4838 ἐρευνᾷ
1470 4753 1551 4838 τῷ
1576 4753 1897 4845 inierit-tau,

304 4841 407 4895 καί
434 4843 509 4896 τὰ
533 4841 707 4912 βάθη
733 4847 842 4900 τοῦ
865 4850 1014 4903 Θεοῦ
1037 4867 1050 4880 ⁸
1086 4852 1181 4904 ὑπ’
1205 4855 1418 4921 οὐδενὸς
1440 4860 1497 4912 δὲ
1540 4861 1648 4916 τῶν
1675 4841 1768 4918 ἐπὶ
1797 4868 1900 4937 γῆς

303 4935 682 4988 κατανοεῖται.
709 4936 815 4987 Καὶ
833 4939 1006 5002 αὐτὸς
1020 4940 1125 5010 μὲν
1148 4944 1460 5014 ἀνακρίνει
1477 4950 1674 5006 πάντα
1697 4972 1710 4985 ·
1733 4972 1899 5010 πνευ-

307 5023 541 5091 ματικὸς
558 5023 674 5095 γάρ
693 5039 708 5054 ⁸
745 5026 1128 5096 ἀνακρίνεται
1167 5033 1237 5086 δὲ
1263 5038 1366 5090 ὑπ’
1385 5042 1637 5107 οὐδενός
1652 5061 1666 5075 ’
1687 5045 1767 5099 νοῒ
1790 5047 1900 5118 γὰρ

306 5113 503 5182 ἄγεται
534 5117 796 5185 Χριστοῦ.
854 5120 987 5186 Καὶ,
1039 5126 1136 5191 Τις
1167 5126 1321 5196 ἔγνω
1361 5131 1514 5186 νοῦν
1560 5113 1811 5205 Κιφίου,
1840 5113 1900 5202 ὃς

310 5221 375 5258 συ
382 5205 650 5276 μὸιϐἀζει
679 5209 842 5264 αὐτόν
867 5229 882 5279 ;

377 5382 478 5447 Τίς
521 5383 580 5436 δὲ
615 5383 730 5437 τῶν
777 5386 848 5440 δι’
885 5390 1052 5444 αὐτοῦ
1107 5398 1416 5468 γενομένων
1471 5405 1718 5474 τεράτων
1765 5409 1894 5462 ἀνα-

303 5474 517 5544 γράψαι
547 5475 650 5537 τὰς
685 5478 1109 5550 μεγαλουργίας,
1141 5487 1242 5540 ὅσα
1274 5489 1525 5563 δακτύλῳ
1565 5495 1702 5550 Θεοῦ
1726 5498 1889 5568 δρῶν,

303 5568 444 5636 πρὸς
479 5566 817 5637 ἐπιστροφὴν
844 5570 938 5623 καὶ
963 5572 1168 5638 γνῶσιν
1193 5567 1330 5632 Θεοῦ
1356 5583 1485 5646 τοὺς
1515 5566 1890 5661 ἀπηλλοτριωο

377 5743 424 5776 ⁸³
446 5744 570 5798 Act.
607 5757 669 5809 ll,
703 5744 755 5802 Ξ».
833 5748 878 5780 ’⁸
918 5748 1093 5808 lCor.
1119 5754 1291 5825 ",10,
1335 5757 1422 5825 l5,
1458 5759 1546 5816 18.

2003 4619 2252 4661 mensam
2311 4608 2661 4668 latitudinem
2725 4604 3222 4689 pervestigaverit?
3275 4621 3380 4687 Qui
3437 4621 3588 4677 enim

2001 4694 2177 4766 ipsam
2231 4699 2671 4759 substantialiter
2728 4707 2825 4762 Dei
2883 4708 3222 4779 Sapientiam
3273 4711 3586 4782 (inﬁnitam

2000 4787 2172 4853 illam,
2198 4791 2517 4859 perfectam,
2543 4795 2970 4871 divinissimam)
2999 4801 3054 4854 in
3079 4801 3247 4856 corde
3272 4812 3584 4856 manentem

1999 4877 2167 4947 inque
2201 4879 2296 4934 illo
2335 4881 2500 4937 lixam
2549 4885 2772 4953 habeat,
2825 4893 3006 4944 omnia
3050 4890 3256 4960 Spiritu
3290 4902 3584 4959 scrutatur,

2000 4971 2162 5024 etiam
2199 4975 2473 5042 prolunda
2522 4975 2651 5040 Dei,
2703 4982 2922 5048 tametsi
2965 4998 2996 5035 a
3036 4983 3190 5037 nullo
3235 4993 3585 5041 terrenorum

2003 5061 2358 5132 intelligitur.
2413 5065 2492 5120 Ac
2541 5068 2765 5136 quidem
2817 5070 2933 5140 ipse
2987 5077 3165 5128 omnia
3223 5075 3506 5146 diiudicat,
3549 5093 3584 5130 α

1999 5150 2208 5204 nemine
2283 5161 2460 5207 autem
2525 5156 2876 5226 dijudicatur.
2954 5161 3171 5231 Quippe
3234 5164 3330 5232 qui
3387 5173 3583 5234 agatur

1995 5234 2202 5293 Christi
2263 5250 2483 5310 mente;
2539 5259 2635 5311 ac,
2688 5245 2818 5311 Quis
2861 5247 3078 5305 Domini
3123 5260 3351 5306 mentem
3402 5254 3581 5323 ipsum

2003 5325 2368 5384 instruentem
2401 5346 2465 5386 ac
2497 5329 2922 5402 praamOnentem
2952 5341 3189 5409 cognovit
3215 5341 3304 5394 ’5?

2069 5415 2204 5482 Quis
2257 5435 2355 5489 per
2399 5437 2528 5477 eum
2567 5424 2710 5480 facta
2750 5429 3037 5499 magniﬁca
3079 5438 3334 5499 portenta
3378 5431 3581 5489 litteris

1998 5518 2370 5577 exsequatur;
2402 5521 2606 5582 quanta
2646 5517 2743 5572 Dei
2788 5517 2961 5585 digito
3003 5528 3288 5589 prrestans,
3343 5536 3440 5578 eos
3481 5523 3577 5594 qui

2000 5599 2207 5654 aversis
2259 5600 2458 5658 animis
2512 5611 2704 5674 erant,
2766 5607 2834 5662 ad
2893 5608 3315 5672 conversionem
3369 5611 3579 5684 Deique
