4094 6408
483 454 500 466 ,μ
543 401 649 465 207

1740 392 1785 452 Ν
1798 393 2032 453 ΙΟΕΤίΕ
2074 389 2268 455 ΡΑῘἮ
2278 390 2604 452 LACONIS

3693 387 3806 450 208

545 515 706 565 tidem
736 507 1124 578 permovebat?
1151 508 1234 564 Ad
1261 508 1470 563 Arabes
1491 505 1638 561 enim
1668 521 1806 574 quos
1838 504 2110 558 Eolla-mo-

2232 505 2424 575 μένους
2454 503 2755 568 ἐδυσώπει;
2793 502 3000 573 Ἄραψι
3030 501 3140 572 γάρ
3167 501 3280 564 τοῖς
3308 499 3664 572 καλουμίνοις
3701 505 3798 557 Εύο

541 617 640 656 nas
659 608 858 655 vocant
882 598 958 669 (id
981 608 1068 654 est
1112 599 1323 666 felices)
1342 599 1426 652 vir
1447 596 1796 651 beatissimus
1817 594 2115 664 profectus;

546 706 649 746 nec
671 690 727 745 id
757 689 945 754 modo,
973 705 1166 743 verum
1195 690 1359 743 etiam
1398 688 1548 744 Indis
1574 695 1763 757 postea
1791 693 1847 740 et
1877 685 2119 740 orienta-

538 783 688 836 libus
714 780 1068 850 Ethiopihus
1107 780 1205 834 Dei
1245 794 1428 834 sermo
1465 779 1762 846 lumenque
1787 774 2030 830 scientia
2053 789 2120 829 ac

543 873 671 926 vitae
697 881 920 926 aeternae
958 870 1210 925 doctrina
1239 869 1694 936 informatioque,
1734 865 1965 928 missus,
1999 864 2118 933 ipsa

539 975 890 1033 quorumque
921 961 1105 1030 lingua
1130 959 1417 1030 magnifice
1441 957 1721 1013 Christum
1749 955 2116 1020 annuntiavit,

540 1065 876 1121 omnemque
927 1050 1190 1105 adversus
1239 1049 1493 1103 homines
1538 1047 1821 1116 depellens
1861 1044 2117 1100 infestam

541 1143 854 1198 daemonum
876 1141 984 1195 vim
1012 1157 1076 1196 ac
1096 1139 1512 1211 grassationem,
1537 1147 1703 1208 atque
1727 1152 1946 1193 omnem
1969 1151 2120 1190 mor-

540 1234 696 1298 bum,
721 1247 1048 1300 omnemque
1068 1232 1387 1301 languorem
1413 1231 1467 1284 in
1487 1229 1616 1285 Jesu
1649 1230 1872 1284 nomine
1892 1243 2113 1292 curans;

540 1339 644 1380 nec
673 1339 878 1394 paucos
905 1330 1154 1377 mortuos
1175 1321 1420 1392 ejusdem
1446 1319 1686 1375 nominis
1707 1319 1974 1390 potentia,
2003 1319 2116 1374 vita

535 1416 749 1470 donans
769 1453 785 1479 ,
831 1414 1156 1468 innumeros
1183 1411 1435 1482 quotidie
1466 1411 1758 1467 credentes
1796 1410 1923 1466 fidei
1960 1409 2116 1464 rudi-

536 1514 719 1560 menta
747 1503 975 1558 edoctos
1006 1501 1228 1556 Christo
1252 1501 1622 1572 adjungebat:
1650 1498 2113 1571 regenerationis-

538 1612 646 1666 que
685 1597 902 1650 lavacro
935 1594 1272 1660 emundans,
1321 1609 1387 1648 ac
1424 1592 1622 1648 deifico
1669 1591 1880 1662 Spiritu
1919 1606 2114 1646 eorum

526 1689 820 1757 detergens
839 1687 1026 1751 corda,
1051 1686 1268 1756 quosin
1297 1686 1408 1741 illis
1429 1685 1710 1756 digniores
1739 1685 2113 1754 majoremque

524 1780 756 1852 gratiam
785 1787 1114 1834 consecutos
1145 1785 1396 1842 noverat,
1434 1778 1490 1832 in
1515 1777 1806 1846 episcopos
1837 1785 1894 1830 et
1927 1791 2112 1831 sacer-

2225 597 2476 666 δαίμοσιν
2502 598 2530 649 ό
2562 594 2980 666 μακαριώτατος
3030 592 3448 662 ἐπιδεδημηκώς
3471 609 3486 625 ο
3528 592 3591 646 οὐ
3642 594 3806 664 μόνον

2224 685 2303 751 δὲ,
2333 686 2470 740 ἀλλά
2493 686 2588 739 καὶ
2612 689 2725 748 τοῖς
2763 685 2943 747 Ἰνδοῖς
2992 684 3132 752 μετά
3156 682 3351 746 ταῦτα,
3389 683 3485 736 καὶ
3512 684 3622 746 τοῖς
3648 682 3806 753 ἑῴοις

2226 775 2493 845 Αἰθίοψιν,
2544 775 2702 844 λόγος
2741 772 2900 838 Θεοῦ,
2951 773 3046 825 καὶ
3086 771 3204 841 φῶς
3239 772 3498 840 γνώσεως
3530 773 3625 825 καὶ
3654 771 3805 841 ζωῆς

2224 867 2443 921 αἰωνίου
2499 866 2817 921 διδασκαλία
2873 865 2969 919 καὶ
3020 863 3372 926 ὑποτύπωσις
3437 862 3798 926 ἀποσταλεὶς,

2223 962 2344 1022 ταῖς
2387 960 2568 1013 αὐτῶν
2617 956 2920 1019 διαλέκτοις
2965 953 3366 1026 μεγαλοφώνως
3409 952 3804 1022 εὐηγγελίσατο

2222 1053 2315 1107 τὸν
2344 1051 2598 1122 Χριστόν.
2635 1049 2746 1104 Καὶ
2771 1050 2954 1102 πᾶσαν
3005 1047 3106 1117 μὲν
3151 1046 3430 1116 δαιμόνιον
3476 1044 3798 1099 ἀποδιώκων

2223 1145 2345 1198 κατ’
2370 1142 2676 1212 ἀνθρώπων
2707 1139 2974 1209 ἐπιφοράν
3001 1153 3016 1168 ⁸
3062 1139 3243 1191 πᾶσαν
3280 1137 3337 1190 δέ
3367 1138 3544 1201 νόσον,
3569 1137 3664 1190 καὶ
3695 1139 3803 1191 πᾶ-

2225 1253 2324 1289 σαν
2357 1233 2633 1305 μαλακίαν
2663 1234 2721 1285 ἐν
2751 1231 2976 1301 ὀνόματι
2996 1228 3318 1298 θεραπεύων
3334 1228 3429 1282 τοῦ
3459 1228 3632 1298 Ἰησοῦ
3658 1245 3674 1260 ·
3706 1227 3802 1281 καὶ

2213 1328 2436 1396 ’νεκροῖς
2465 1325 2522 1377 δέ
2556 1325 2656 1378 οὐκ
2685 1323 2887 1391 ὀλίγοις
2918 1323 2988 1391 τῇ
3018 1321 3160 1391 αὐτῇ
3191 1319 3288 1373 τοῦ
3331 1320 3596 1388 ὀνόματος
3637 1319 3798 1374 δυνά-

2225 1432 2316 1485 μει
2357 1415 2725 1487 χαρισάμενος
2779 1411 2878 1482 τὴν
2910 1409 3076 1480 ζωὴν,
3113 1408 3343 1480 μυρίους
3393 1409 3552 1472 ὅσους
3587 1409 3799 1478 ἡμέραν

2219 1505 2344 1560 καθ’
2365 1506 2580 1576 ἡμέραν
2609 1500 2965 1564 πιστεύοντας
2987 1500 3243 1571 κατηχῶν
3272 1497 3517 1569 προσῆγε
3544 1499 3586 1552 Χ
3596 1498 3766 1568 ριστῷ
3783 1513 3795 1526 ’

2220 1595 2315 1659 οὓς
2342 1595 2420 1666 τῷ
2450 1595 2549 1665 τῆς
2582 1592 3001 1662 παλιγγενεσίας
3031 1590 3417 1660 ἀνακαθαίρων
3446 1589 3675 1659 λουτρῷ,
3704 1587 3802 1642 καὶ

2219 1687 2297 1758 τῷ
2327 1686 2607 1755 Πνεύματι
2625 1684 2832 1738 τούτων
2855 1682 2954 1746 τὰς
2985 1681 3214 1752 καρδίας
3239 1681 3579 1750 ἀποσμήχων
3611 1680 3800 1750 θεουρ-

2220 1775 2380 1846 γικῷ,
2417 1777 2546 1837 τοὺς
2579 1774 2909 1845 ἀξιωτέρους
2959 1774 3018 1826 ἐν
3068 1771 3253 1834 αὐτοῖς
3313 1771 3407 1824 καὶ
3458 1769 3798 1841 τελειοτέρας

525 1871 716 1933 dotes,
752 1869 903 1927 omni
948 1868 1373 1939 prosequendus
1406 1869 1772 1922 admiratione
1825 1883 2110 1922 sacrorum

2215 1867 2437 1938 χάριτος
2463 1866 2824 1938 ἠξιωμένους,
2856 1867 2936 1927 είς
2969 1863 3264 1935 ἀρχιερέας
3295 1879 3355 1916 τε
3385 1863 3481 1916 καλ⁵
3520 1863 3720 1933 ίερέας,
3768 1862 3798 1914 ὁ

525 1961 759 2016 antistes
786 1961 1174 2026 consecrabat;
1209 1960 1532 2030 cunctisque
1554 1959 1726 2014 sacris
1743 1959 1945 2014 ritibus
1970 1960 2107 2029 legi-

526 2053 739 2121 busque
761 2066 1161 2121 perornans,ac
1179 2049 1596 2121 Scripturarum
1617 2050 1868 2105 doctrina
1896 2060 2105 2122 myste-

528 2143 850 2210 riorumque
906 2140 1240 2207 traditione,
1293 2149 1560 2209 quantum
1613 2139 1937 2209 capiebant,
1999 2139 2110 2193 illis

528 2231 828 2300 proposita,
853 2229 1232 2284 immaculatas
1250 2228 1476 2285 Christo
1499 2229 1770 2284 Ecclesias
1795 2244 1893 2299 per
1906 2229 2109 2298 oppida

524 2330 581 2374 et
609 2321 860 2376 civitates
889 2319 1084 2376 obiens
1110 2320 1461 2390 lustransque
1486 2319 1786 2376 excitabat.

557 2495 944 2566 ,Ejuscemodi
989 2497 1376 2552 Bartholomaei
1431 2499 1698 2568 praeclare
1747 2505 1929 2569 gesta;
1986 2499 2111 2554 talis

540 2585 722 2655 magni
766 2586 1026 2641 Ecclesia:
1068 2589 1341 2656 prmeonis
1380 2589 1738 2658 praestantia:
1777 2588 1942 2658 inque
1980 2604 2110 2643 cum

531 2677 755 2732 modum
805 2692 980 2733 annos
1029 2679 1189 2750 longe
1251 2681 1436 2750 plures
1489 2679 1634 2750 apud
1685 2679 2111 2735 immanissimas

528 2778 779 2824 versatus
801 2781 1011 2839 gentes,
1043 2770 1251 2825 nedum
1278 2771 1416 2826 nihil
1445 2771 1564 2842 ipse
1594 2772 1812 2830 illarum
1835 2771 2111 2826 contraxit

525 2860 797 2926 feritatis,
843 2861 939 2916 sed
969 2877 1068 2916 sua
1096 2863 1218 2916 illas
1255 2863 1600 2917 humanitate
1631 2862 1964 2932 impartivit;
2005 2878 2112 2919 nec

525 2952 752 3006 omnino
780 2952 1090 3022 ignorantia
1113 2963 1210 3008 aut
1233 2954 1496 3024 nequitiae
1519 2955 1744 3009 illorum
1770 2955 1854 3010 vel
1882 2954 2110 3010 minima

522 3041 647 3096 labe
675 3057 829 3096 suam
853 3042 973 3112 ipse
999 3043 1166 3097 vitam
1190 3059 1255 3098 ac
1284 3043 1633 3115 disciplinam
1662 3043 2110 3115 aspersit;quin-

523 3132 636 3187 imo
677 3133 1007 3187 excellentia
1068 3133 1331 3190 bonitatis
1374 3135 1684 3206 divinaeque
1733 3135 2059 3190 imitationis
2090 3175 2106 3202 ,

2214 1959 2668 2030 θαυμασιώτατος
2701 1956 3072 2030 ίεροτελεστὴς
3125 1953 3500 2022 ἐτελετούργει
3523 1970 3538 1985 ·
3573 1955 3667 2007 καὶ
3696 1955 3800 2008 sui.

2215 2070 2337 2116 σαις
2372 2051 2752 2122 θεσμοθεσίαις
2789 2047 3154 2118 κατακοσμῶν
3206 2049 3402 2118 ίεραῑς,
3436 2047 3530 2099 καὶ
3563 2045 3671 2098 τῶν
3704 2045 3797 2098 λο-

2207 2144 2346 2212 γίων
2376 2142 2473 2214 τὴν
2505 2141 2703 2212 μύησιν
2731 2141 2823 2194 καὶ
2851 2140 2958 2192 τῶν
2994 2137 3313 2209 μυστηρίων
3341 2138 3441 2209 τὴν
3478 2137 3799 2206 παράδοσιν,

2212 2235 2396 2300 καθὼς
2421 2236 2684 2306 ἐχώρουν,
2720 2232 3158 2304 παρατιθέμενος
3209 2230 3416 2296 αὐτοῖς,
3465 2227 3796 2299 Ἐκκλησίας

2211 2326 2478 2396 ἀμώμους
2504 2326 2643 2380 κατά
2674 2325 2857 2396 χώρας
2883 2324 2977 2378 καὶ
3004 2323 3188 2386 πόλεις
3230 2321 3573 2393 διερχόμενος
3605 2320 3798 2389 ἀνίστη

2212 2412 2456 2484 Χριστῷ.
3063 2411 3067 2415 ’

2283 2504 2522 2557 Τοιαῦτα
2588 2503 2684 2556 τοῦ
2755 2502 3162 2573 Βαρθολομαίου
3218 2501 3288 2556 τά
3350 2499 3792 2570 κατορθώματαο

2211 2593 2435 2648 τοιαῦτα
2479 2592 2574 2647 τοῦ
2630 2594 2868 2664 μεγάλου
2911 2593 3010 2661 τῆς
3069 2590 3400 2660 Ἐκκλησίας
3429 2593 3672 2660 κήρυκος
3721 2589 3792 2643 τά

2213 2687 2646 2758 προτερήματαο
2695 2688 2789 2739 καὶ
2839 2683 3013 2745 οὓτως
3056 2686 3114 2736 ἐν
3165 2683 3381 2754 χρόνοις
3429 2682 3642 2735 πλείοσι
3681 2683 3800 2742 τοῖς

2211 2777 2607 2847 ἀπηνεστάτοις
2653 2775 3037 2846 ἐπιχωριάζων
3072 2774 3326 2838 ἔθνεσιν,
3376 2772 3477 2826 οὐκ
3526 2771 3688 2834 αὐτός
3738 2787 3798 2824 τι

2213 2871 2445 2940 μετέσχε
2497 2869 2597 2938 τῆς
2649 2867 2830 2921 αὐτῶν
2882 2866 3202 2938 θηριωδίας,
3260 2864 3400 2918 ἀλλά
3441 2864 3542 2933 τῆς
3583 2862 3797 2926 οίκείας

2215 2961 2482 3030 μετέδωκε
2548 2958 2958 3029 φιλανθρωπίας
2982 2973 2996 2987 ⁸
3055 2957 3176 3010 οὐδὲ
3221 2956 3323 3026 τῆς
3371 2955 3594 3024 ἀγνοίας
3659 2954 3799 3016 ὅλως

2210 3052 2244 3124 ἢ
2271 3053 2372 3118 τῆς
2400 3049 2596 3112 κακίας
2613 3049 2837 3104 ἐκείνων
2865 3047 2971 3102 κᾶν
3001 3047 3094 3101 τὸν
3139 3046 3480 3118 βραχύτατον
3506 3045 3694 3100 σπίλον
3729 3046 3796 3114 τῇ

2212 3142 2332 3196 κατ’
2359 3142 2522 3196 αὑτὸν
2549 3141 2797 3211 πολιτείᾳ
2826 3139 3231 3212 προσετρίψατο
3249 3155 3265 3171 ο
3308 3138 3510 3210 μᾶλλον
3545 3139 3646 3208 μὲν
3673 3134 3793 3199 οὖν,

527 3224 747 3279 illorum
779 3225 1080 3294 impietatis
1107 3241 1173 3281 ac
1204 3228 1544 3283 morositatis
1573 3197 1783 3298 partem
1813 3197 2109 3298 plurimam

2214 3233 2486 3305 ὑπερσολῇ
2514 3197 2886 3304 χρηστότητος
2906 3231 3002 3285 καὶ
3019 3197 3402 3301 ⁵θεομιμησίας
3430 3230 3492 3282 τὸ
3543 3197 3794 3282 πλεῖστον

531 3315 822 3381 dissolvit;
847 3316 1000 3371 velut
1023 3318 1105 3372 sol
1127 3319 1348 3374 emissis
1364 3333 1396 3373 e
1420 3319 1561 3373 caelo
1588 3319 1643 3372 in
1671 3333 1891 3372 canum
1918 3318 2109 3385 radiis,

525 3422 593 3461 ac
619 3406 715 3476 qui
740 3421 853 3460 non
886 3406 1004 3476 ipse
1033 3407 1338 3473 sordescat,
1385 3408 1482 3464 sed
1516 3409 1690 3480 magis
1734 3409 1966 3462 fetorem
1993 3408 2110 3464 dis-

525 3497 726 3563 solvat,
754 3496 1084 3567 aboleatque
1104 3513 1175 3553 ac
1199 3498 1433 3553 minuat.

594 3698 734 3767 Quia
777 3712 910 3754 vero
953 3714 1118 3756 cursu
1168 3701 1430 3772 praeclare
1479 3715 1859 3759 consummato
1896 3719 1960 3760 ac
1997 3705 2109 3761 ﬁde

528 3799 746 3848 servata
769 3792 839 3857 ",
863 3795 1219 3861 quantosjnec
1233 3804 1500 3848 numerus
1514 3795 1713 3864 capiat,
1730 3794 1796 3849 ad
1810 3795 2109 3851 Dominum

523 3891 895 3946 converterat,
926 3883 1228 3954 multisque
1269 3881 1466 3940 salutis
1508 3885 1596 3940 via
1627 3887 1948 3954 exstiterat;
1996 3889 2106 3959 jam

525 3990 748 4046 quoque
781 3975 946 4029 finem
975 3975 1140 4046 digne
1180 3975 1465 4031 laboribus
1508 3977 1933 4048 respondentem
1974 3992 2113 4034 nan-

523 4068 654 4123 cisci
687 4067 975 4138 cupiebat;
1019 4067 1206 4138 pingui
1246 4069 1507 4124 nimirum
1543 4071 1826 4126 senectute
1878 4085 2109 4140 corpore

531 4159 795 4213 fatiscens
815 4157 908 4224 ον’,
927 4166 1092 4228 atque
1103 4157 1175 4212 ad
1197 4156 1480 4215 Christum
1497 4160 1786 4231 emigrare,
1800 4161 2008 4231 Deique
2023 4177 2110 4216 re-

523 4249 653 4318 quie
679 4248 789 4302 frui
813 4248 1410 4305 insatiabilidesiderio
1441 4249 1633 4304 sitiens
1651 4251 1719 4304 ".
1755 4250 1945 4320 Neque
1979 4266 2110 4306 vero

523 4337 788 4393 Dominus
825 4338 960 4409 justi
1012 4337 1351 4394 desiderium
1399 4339 1545 4394 istud
1588 4342 1958 4410 contempsit:
2007 4356 2110 4396 nec

521 4427 806 4483 exaudivit
829 4429 1074 4498 quidem,
1106 4429 1291 4484 minus
1315 4439 1500 4484 tamen
1523 4445 1685 4500 quam
1714 4446 1814 4500 pro
1855 4443 2106 4486 votorum

2210 3327 2309 3396 τῆς
2335 3324 2590 3387 ἀσεϐείας
2616 3323 2839 3377 ἐκείνων
2870 3321 2967 3376 καί⁷
2986 3322 3307 3392 σκαιότητος
3335 3318 3798 3389 δϊέλυσεν,ὧσπερ

2210 3416 2362 3486 ἥλιος
2415 3415 2558 3468 κατά
2594 3413 2858 3485 βορϐόρου
2895 3413 2997 3477 τάς
3035 3413 3260 3475 ἀκτῖνας
3286 3410 3494 3465 ἄνωθεν
3532 3409 3672 3472 ίείςο
3705 3409 3798 3463 καὶ

2204 3507 2315 3560 οὐκ
2359 3507 2520 3570 αὐτὸς
2568 3505 2983 3578 ρυπαινόμενος,
3045 3504 3298 3574 ἐκτήκων
3351 3502 3409 3557 δέ
3466 3501 3668 3573 μᾶλλον
3697 3499 3794 3571 τὴν

2210 3599 2500 3665 δυσωδίαν,
2552 3598 2650 3653 καὶ
2673 3597 2954 3667 ἀφανίζων
2987 3596 3084 3650 καὶ
3114 3595 3306 3668 μειῶν.

2293 3708 2448 3763 Ἐπεὶ
2476 3708 2536 3762 δὲ
2559 3708 2651 3762 τὸν
2681 3707 2884 3780 δρόμον
2908 3707 3108 3778 ἄριστα
3127 3705 3429 3771 τετελεκὼς
3461 3707 3556 3761 καὶ
3581 3708 3680 3777 τὴν
3707 3704 3796 3760 πίο

2212 3818 2330 3857 στιν
2358 3800 2698 3874 τετηρηκὼς,
2731 3800 3146 3872 ἀναριθμήτους
3188 3799 3287 3871 μέν
3331 3799 3666 3870 ἐπέστρεψαν
3705 3797 3796 3852 ἐπὶ

2209 3888 2301 3942 τὸν
2360 3888 2600 3960 Κύριον,
2639 3888 2855 3952 πολλοῖς
2907 3887 2965 3942 δὲ
3029 3887 3306 3960 σωτηρίας
3365 3889 3586 3957 γέγονεν
3638 3888 3755 3953 δδδς
3775 3926 3792 3954 ,

2211 3979 2480 4050 ἐπεθύμει
2508 3980 2696 4033 λοιπὸν
2751 3980 2845 4035 καὶ
2874 3979 2936 4032 τὺ
2980 3979 3135 4043 τέλος
3185 3980 3336 4048 ἄξιον
3381 3978 3792 4048 ἀπενέγκασθαι

2208 4070 2318 4123 τῶν
2349 4071 2555 4136 πόνων,
2603 4071 2707 4142 ἢδη
2755 4072 2916 4142 γὴρει
2957 4070 3102 4125 πίονι
3131 4070 3194 4124 τὸ
3228 4071 3388 4136 σῶμα
3439 4069 3792 4140 πεπονηκὼς,

2210 4162 2305 4217 καὶ
2340 4163 2441 4233 τῆς
2478 4161 2616 4234 πρὸς
2644 4163 2735 4215 τὸν
2783 4162 3022 4234 Χριστὸν
3048 4161 3382 4227 ἀναλύσεως,
3417 4162 3511 4215 καὶ
3561 4162 3662 4231 τῆς
3697 4159 3791 4214 τοῦ

2209 4249 2346 4304 Θεοῦ
2383 4251 2801 4314 καταπαύσεως,
2831 4249 3185 4323 ’ἀπληρώτως
3207 4251 3516 4322 ἐφιέμενος.
3547 4252 3658 4306 Καὶ
3695 4251 3795 4303 οὐκ

2208 4343 2481 4412 ἠμέλησεν
2512 4346 2541 4397 ό
2586 4343 2792 4416 Κύριος
2825 4343 2922 4414 τῆς
2952 4343 3250 4414 ἐπιθυμίας
3274 4341 3370 4396 τοῦ
3407 4343 3654 4397 δικαίουε
3684 4339 3792 4395 οὐδ’

2211 4436 2501 4503 εἰσήκουσε
2561 4435 2680 4505 μὲν,
2718 4434 2937 4489 ἔλαττον
2964 4435 3019 4488 δὲ
3063 4435 3096 4506 ἢ
3136 4436 3276 4489 κατά
3306 4436 3407 4505 τὴν
3446 4434 3612 4489 αὑτοῦ
3649 4451 3794 4502 παρ-

523 4524 674 4579 illius
715 4524 932 4579 ratione
985 4525 1225 4579 tribuit:
1263 4525 1360 4580 sed
1412 4526 1554 4581 sicut
1610 4525 1666 4580 in
1723 4527 1981 4581 omnibus
2035 4541 2101 4582 ex

2213 4525 2403 4594 έσχετο
2447 4529 2756 4598 προσευχήν
2779 4545 2793 4559 ·
2825 4526 3015 4598 ὥσπερ
3045 4527 3104 4580 δὲ
3142 4526 3214 4580 τὰ
3243 4527 3423 4580 πάντα
3443 4527 3797 4598 Χριστοειδὴς

520 4615 728 4670 Christi
762 4615 1104 4685 compositus
1147 4615 1457 4670 rationibus
1480 4616 1566 4670 vir
1601 4617 1714 4671 Deo
1753 4617 2106 4672 beatissimus

522 4721 648 4759 cum
689 4715 855 4769 essm,
905 4706 984 4760 sic
1032 4705 1236 4761 Christi
1279 4708 1481 4776 pietate
1526 4723 1591 4762 ac
1643 4708 1890 4763 moribus
1935 4709 2103 4762 vitam

522 4795 860 4859 instituerat,
891 4805 951 4850 ut
979 4795 1235 4852 Christus
1267 4797 1408 4851 alter
1439 4807 1586 4852 recte
1617 4798 2012 4852 contuentibus
2046 4807 2104 4853 et

519 4898 666 4943 esset
687 4899 743 4944 et
766 4889 1061 4958 disciplina
1084 4890 1231 4944 omni
1262 4891 1567 4960 prmferret,
1588 4891 1664 4944 ita
1693 4889 1855 4944 ﬁnem
1881 4905 2103 4960 quoque

517 4980 788 5051 ejusmodi
821 4980 1083 5050 subsequi
1116 4997 1341 5036 necesse
1370 4989 1518 5045 erat,
1550 4982 1644 5052 qui
1679 4982 1776 5036 toti
1810 4983 1934 5038 vitae
1969 4998 2104 5038 con-

521 5081 768 5142 grueret.

591 5162 851 5228 Quamam
872 5177 1002 5217 vero
1017 5163 1510 5219 consummationis
1531 5179 1718 5229 causa,
1737 5178 1801 5218 ac
1819 5163 2107 5219 videamus

519 5270 684 5325 quam
717 5255 811 5308 illa
842 5253 1095 5323 religiosa
1124 5270 1300 5323 exque
1345 5254 1655 5310 Christiana
1707 5255 1933 5324 pietate.
1964 5254 2106 5310 Con-

519 5347 638 5417 tigit
688 5361 905 5402 sacrum
944 5345 1312 5414 Theologum,
1349 5346 1403 5399 in
1431 5346 1666 5415 quadam
1709 5346 1846 5400 urbe
1879 5347 2105 5417 majoris

517 5439 790 5494 Armenia:
833 5438 1250 5507 (Urbanopolim
1283 5436 1502 5506 vocant)
1531 5437 1761 5492 versari.
1796 5438 1855 5492 In
1885 5451 1949 5492 ea
1989 5454 2104 5492 ma-

517 5526 732 5595 gnificis
759 5527 1072 5596 divinisque
1111 5543 1177 5582 ex
1221 5543 1374 5582 more
1410 5526 1898 5597 praedicationibus
1926 5529 2101 5584 Deum

519 5619 836 5685 celebrans;
865 5619 1108 5690 deosque
1136 5634 1328 5674 omnes
1354 5634 1419 5675 ac
1452 5635 1644 5676 omnes
1685 5619 1964 5676 daemones
2006 5621 2104 5676 de-

584 5788 627 5818 “
661 5788 701 5841 ll
730 5789 852 5844 Tim
875 5807 948 5857 tv,
975 5795 1026 5848 7.
1090 5797 1157 5827 ’⁷⁸
1191 5798 1332 5852 Psal.
1377 5813 1531 5864 Lva,
1571 5797 1655 5864 l5;
1693 5795 1830 5851 Gen.
1869 5812 1958 5863 xv,
1988 5797 2075 5854 15.

2209 4617 2239 4670 ό
2270 4620 2833 4690 θεομακαριστότατος
2867 4620 3006 4691 ἀνὴρ
3038 4620 3135 4684 ὢν,
3167 4618 3601 4689 Χριστοπρεπῶς
3624 4617 3798 4679 οὕτως

2211 4707 2458 4772 ἐϐίωσεν,
2490 4710 2566 4772 ὡς
2595 4709 2754 4764 ἀλλον
2788 4711 2995 4764 ἐκεῖνον
3027 4713 3141 4774 τοῖς
3171 4710 3348 4778 ὀρθῶς
3399 4709 3570 4779 ὁρῶσι
3599 4709 3698 4763 καὶ
3719 4704 3800 4760 εί·-

2211 4821 2300 4858 ναι
2331 4804 2425 4857 καὶ
2457 4803 2862 4868 πολιτεύεσθαι,
2898 4803 3073 4866 οὕτως
3101 4802 3210 4856 ἔδει
3231 4803 3326 4857 καὶ
3349 4802 3502 4866 τέλος
3530 4801 3800 4871 ἀνάλογον

2209 4897 2316 4967 ὅλῳ
2351 4896 2430 4968 τῷ
2457 4896 2557 4968 βίῳ
2585 4895 3092 4968 παρακολουθῆσαι.

2277 5171 2376 5233 Τίς
2404 5169 2499 5224 οὖν
2547 5171 2581 5241 ἠ
2629 5170 2959 5234 τελειώσεως
2999 5170 3258 5240 ἀφορμή·
3318 5169 3414 5223 καὶ
3450 5166 3685 5238 εἰδῶμεν
3719 5169 3796 5232 ώς

2208 5262 2638 5332 Χριστοπρεπής
2658 5277 2673 5293 ο
2707 5261 2858 5314 πόλει
2888 5261 2996 5331 γάρ
3023 5278 3130 5313 τινι
3169 5260 3270 5330 τῆς
3302 5259 3546 5330 μεγάλης
3590 5259 3792 5328 Ἀρμε-

2211 5353 2328 5416 νίας
2357 5353 2386 5404 δ
2409 5352 2553 5424 ἱερὸς
2579 5352 2825 5406 ἐπετέλει
2856 5351 3117 5420 Θεολόγος
3145 5349 3416 5421 ἐνδημῶν.
3447 5349 3794 5419 Οὐρϐανόπο-

2208 5441 2290 5496 λιν
2313 5441 2370 5496 δέ
2400 5443 2602 5512 ταύτην
2631 5440 2806 5496 εἶναι’
2837 5443 2894 5495 ἐν
2931 5435 2966 5513 ᾖ
3001 5441 3396 5510 μεγαληγόρως
3423 5440 3456 5511 ἢ
3490 5437 3789 5509 Θεηγὸρωςν

2205 5534 2281 5596 ὡς
2316 5533 2435 5598 ἔθος
2463 5533 2634 5604 αὐτῷ,
2667 5533 2936 5602 θεολογῶν
2979 5533 3070 5590 τὸν
3113 5532 3248 5585 Θεόν
3271 5546 3286 5561 ⁸
3320 5530 3416 5584 καὶ
3447 5529 3656 5591 πάντας
3693 5528 3790 5596 μὲν

2207 5623 2388 5688 θεοὺς,
2439 5625 2645 5688 πάντας
2693 5623 2752 5679 δέ
2800 5623 3061 5694 δαίμονας
3103 5615 3447 5688 ἐξουδενῶν,
3517 5618 3676 5688 μόνον
3731 5615 3789 5669 δέ

2163 5797 2208 5830 ⁸⁸
2236 5795 2377 5852 Phil.
2405 5814 2441 5863 ι,
2473 5796 2565 5850 ‘25.
