4094 6404
276 437 382 498 Ξθῖ)
945 432 1226 494 ORATIO
1263 433 1334 490 Χ.

1421 430 1537 488 ἸΝ
1573 426 1887 487 LAUDEM
1926 425 1985 485 S.
2027 422 2593 484 BARTHOLOMiEI
2636 421 2894 480 APOST.

3424 415 3531 477 210

276 541 529 598 σέϐεσθαι
566 539 1030 612 παρεγγυώμενος
1079 539 1170 592 τὸν
1213 538 1440 608 Ἰησοῦν,
1503 537 1661 606 μόνον
1698 535 1850 604 ἠξίου

1956 549 2180 603 spuens,
2211 547 2491 601 unumque
2511 531 2696 586 Jesum
2728 527 3019 582 colendum
3037 524 3372 589 admonens;
3402 539 3530 578 eum

275 633 463 689 τοῦτον
507 633 703 686 εἰδέναι
753 631 886 684 Θεὸν
937 630 1147 702 ἀληθῆ·
1184 630 1332 684 Θεὸν
1372 628 1624 690 τέλειον,
1656 628 1850 695 μόνον

277 727 482 794 ἅγιον,
535 723 832 792 ἄχρονον,
885 723 1163 786 αἰώνιον,
1224 719 1671 786 ἀκατάληπτον,
1724 717 1851 785 φῶς

276 811 469 866 ἀΐδιον
498 810 567 873 ἐξ
599 810 795 864 ἀϊδίου
812 809 1204 879 γεννώμενον,
1235 809 1343 863 εἴτ’
1377 803 1489 862 οὖν
1520 805 1853 875 ἀπαυγαζό-

269 917 459 968 μενον
483 899 632 954 Θεοῦ
656 898 764 953 τοῦ
795 898 1054 966 Πατρός·
1088 897 1212 968 φῶς
1241 899 1507 967 ἄναρχον
1529 935 1543 960 ,
1571 895 1668 951 καὶ
1698 910 1851 950 συν-

274 991 542 1058 ἀναρχον
578 988 690 1058 τῆς
729 987 1050 1057 ἀφράστως
1086 989 1182 1042 καὶ
1236 989 1388 1056 ὑπὲρ
1441 991 1629 1056 λόγον
1655 987 1854 1040 πάντα

275 1075 375 1129 καὶ
401 1077 554 1130 νοῦν
582 1075 1046 1144 ἀπαυγαζούσης
1078 1074 1292 1145 ἀρχῆς.

343 1242 555 1315 Οὗτος,
606 1249 674 1303 τὸ
705 1251 998 1318 ἡμέτερον
1053 1250 1202 1304 ὅλον
1245 1249 1699 1319 προσειληφὼς,
1753 1247 1858 1303 καὶ

278 1337 589 1404 ἅνθρωπος
640 1341 856 1408 ὁμοίως
899 1340 1045 1409 ἡμῖν
1076 1341 1145 1394 ἐκ
1195 1339 1501 1407 Παρθένου
1543 1339 1715 1407 ἁγίας
1754 1337 1854 1391 καί

279 1427 533 1496 σεμνῆς,
559 1428 640 1494 ὡς
675 1430 715 1497 ἡ
745 1429 874 1484 καθ’
899 1429 1057 1496 ἡμᾶς
1095 1428 1368 1494 ἀλήθεια,
1419 1428 1698 1499 γεγονὼς,
1751 1427 1852 1481 καὶ

277 1518 375 1571 ἐπὶ
401 1518 596 1587 τριετῆ
624 1522 850 1588 χρόνον
872 1520 942 1573 ἐν
961 1522 1165 1590 λόγοις
1198 1517 1730 1584 θεοπρεπεστάτοις
1754 1518 1854 1571 καὶ

279 1607 473 1677 ἔργοις
524 1609 1037 1678 ὐπερφυεστάτοις
1097 1610 1243 1682 ᾐμῖν
1297 1608 1850 1677 συναναστραφεὶς,

276 1693 403 1753 εἷτα
433 1700 672 1768 σταυρῷ
707 1699 782 1753 δι’
796 1701 1140 1769 οἰκονομίαν
1159 1700 1260 1753 καὶ
1301 1699 1536 1764 θανάτῳ
1560 1711 1850 1768 προσομι⁴

274 1785 505 1853 ληκώςο
525 1784 654 1841 εἶτα
685 1787 995 1856 τριήμερος
1024 1788 1294 1854 ἀναστὰς
1333 1787 1433 1841 καί
1453 1785 1848 1854 ἀναληφθεὶς,

275 1875 443 1944 ἡμῶν
460 1877 611 1946 πρὸς
646 1875 834 1932 αὐτὸν
862 1879 1243 1943 βλεπόντων,
1283 1880 1373 1942 εὶς
1426 1879 1534 1931 τὸν
1563 1877 1846 1945 οὐρανὸν,

272 1966 343 2020 ἐν
365 1965 536 2035 δεξιᾷ
571 1969 847 2024 κεκάθικε
878 1969 984 2024 τοῦ
1015 1969 1190 2023 Θεοῦ·
1225 1968 1292 2036 ὃς
1320 1968 1420 2022 καὶ
1455 1967 1695 2037 ἔρχεται
1722 1965 1860 2034 κρῖ·

273 2075 374 2112 ναι
402 2060 518 2128 τὴν
548 2059 910 2130 οἰκουμένην
952 2061 1024 2115 ἐν
1050 2061 1430 2130 δικαιοσύνῃ,
1455 2061 1556 2115 καί
1590 2060 1852 2116 ἀποδοῦ-

273 2165 373 2202 ναι
400 2148 634 2216 ἑκάστῳ
654 2151 803 2205 κατὰ
837 2151 953 2220 τὴν
989 2151 1214 2220 πρᾶξιν
1263 2152 1473 2206 αὑτοῦ.
1527 2149 1632 2216 Ἐξ
1664 2149 1852 2206 αὑτοῦ

275 2239 378 2293 καὶ
431 2240 602 2309 ἡμεῖς
620 2279 636 2306 ,
691 2244 876 2312 φησὶν,
938 2243 1408 2310 ἀποσταλέντες,
1449 2243 1855 2314 παραινοῦμεν

274 2331 378 2383 καὶ
408 2333 872 2402 παρακαλοῦμεν
927 2332 1104 2403 ὑμᾶς,
1140 2333 1393 2404 ἀδελφοί
1417 2376 1433 2398 ,
1487 2333 1854 2388 πιστεύσατε

277 2420 379 2474 καὶ
397 2422 778 2490 ,βαπτίσθητε
823 2423 896 2476 ἐν
936 2422 1016 2489 τῷ
1044 2425 1290 2494 ὀνόματι
1334 2421 1524 2478 αὐτοῦ
1547 2439 1562 2452 ·
1612 2423 1710 2476 καὶ
1739 2423 1858 2490 τὴν

271 2509 505 2575 δωρεὰν
534 2511 642 2566 τοῦ
691 2512 866 2582 ἁγίου
907 2515 1248 2582 Πνεύματος
1279 2515 1570 2579 λαϐόντες
1591 2553 1604 2573 .
1634 2515 1852 2580 κληρο-

272 2601 447 2668 νόμοι
480 2599 628 2670 ζωῆς
657 2604 898 2657 αἰωνίου
931 2604 1369 2672 καίβασιλείας
1401 2603 1707 2674 ἀφθάρτου
1748 2621 1843 2673 γε·

271 2690 564 2758 νήσεσθε,
601 2692 672 2747 ἐν
694 2693 925 2762 Χριστῷ
969 2695 1186 2762 Ἰησοῦ·
1230 2695 1428 2765 Ἀμήν·

348 2783 590 2838 Τοιαῦτα
649 2784 746 2838 τοῦ
803 2786 951 2856 ἱεροῦ
1007 2787 1418 2857 Βαρθολομαίου
1444 2825 1460 2850 ,
1517 2787 1610 2840 καὶ
1675 2785 1856 2857 πολλῷ

271 2873 451 2927 πλείω
477 2875 572 2927 xa't
595 2875 845 2946 θειότερα
887 2879 1000 2940 τοῖς
1041 2877 1352 2948 παρεστῶσι
1379 2877 1488 2930 τῶν
1519 2876 1690 2947 ὄχλων
1716 2877 1856 2931 κατὰ

268 2963 374 3032 τὴν
404 2965 630 3017 ἐκείνων
661 2965 947 3020 διάλεκτον
979 2969 1240 3039 προσηνεῖ
1289 2967 1383 3020 καὶ
1431 2967 1580 3038 ἠπίῳ
1619 2965 1697 3036 τῷ
1729 2966 1859 3035 φθέ-

269 3070 454 3122 γματι
482 3055 732 3123 βοῶντος,
777 3057 868 3109 καὶ
899 3056 1060 3110 τινῶν
1112 3058 1210 3127 μὲν
1245 3058 1606 3128 πειθομένων,
1663 3058 1756 3111 καὶ
1783 3056 1860 3128 τῷ

268 3143 423 3214 λόγῳ
459 3146 560 3215 τῆς
585 3146 845 3214 ἀληθείας
871 3147 1173 3216 τιθεμένων
1197 3190 1214 3216 ,
1265 3148 1426 3202 τινῶν
1461 3149 1519 3200 δὲ
1549 3149 1859 3219 σκληρυνθ-

273 3233 482 3298 μένων,
510 3233 606 3285 καὶ
627 3233 968 3303 δαιμονιώδει
995 3239 1116 3290 κατ’
1142 3237 1306 3290 αὐτοῦ
1329 3237 1477 3307 ζήλῳ
1498 3237 1854 3306 κινουμένων,

269 3321 544 3390 ἐξαπίνης
563 3322 614 3375 oi
638 3325 995 3393 πονηρότατοι
1015 3326 1108 3379 τὸν
1147 3326 1616 3394 θεοπρεπέστατον
1654 3339 1856 3395 συναρ-

266 3412 544 3475 πάζουσιν
583 3412 894 3484 πρεσϐύτην
919 3454 936 3480 ,
971 3416 1066 3468 καὶ¹
1111 3416 1514 3484 ἀνακραγόντες
1558 3417 1671 3480 τοῖς
1706 3415 1856 3487 πρώ-

263 3522 382 3565 τοις
438 3504 562 3556 κατ’
597 3504 758 3558 αὑτοῦ
817 3506 914 3576 τῆς
954 3507 1159 3570 πόλεως
1208 3507 1618 3576 ἐμφανίζουσιν.
1675 3508 1742 3562 Oi
1785 3524 1851 3576 γε

262 3593 462 3646 τοῦτον
500 3595 708 3664 ἰταμῶς
755 3596 896 3664 ἄγαν
949 3597 1361 3668 ἀνακρίναντες,
1422 3599 1516 3651 καὶ
1575 3597 1668 3651 τὸν
1722 3614 1857 3669 πρε-

265 3685 608 3755 σϐευόμενον
640 3685 796 3752 λόγον
855 3688 1263 3752 ἐπακούσαντες
1287 3705 1300 3720 ο
1353 3690 1435 3743 ὅτι
1466 3707 1526 3744 τε
1581 3689 1714 3753 Θεὸς
1774 3689 1850 3743 ὢν

260 3775 623 3844 προαιώνιος,
651 3777 936 3848 ἄνθρωπος
963 3779 1190 3848 γέγονεν
1243 3779 1524 3849 ὲγχρόνιος
1553 3795 1567 3810 ·
1636 3781 1731 3834 καὶ
1771 3781 1856 3834 ὅτι

259 3865 657 3937 ἐσταύρωται,
717 3869 813 3920 καὶ
871 3867 954 3922 ὅτι
1005 3867 1305 3937 τριήμερος
1354 3867 1428 3920 ἐκ
1473 3867 1585 3921 τῶν
1645 3868 1856 3940 νεκρῶν

257 3961 470 4032 ἀνέστη
494 3977 509 3991 ·
540 3960 639 4014 καὶ
663 3960 746 4014 ὃτι
768 3961 1044 4034 ἀνελήφθη
1074 3964 1156 4026 είς
1171 3965 1296 4027 τοὺς
1321 3963 1584 4034 οὐρανοὺς
1601 4003 1618 4030 ,
1651 3964 1748 4018 καὶ
1775 3964 1859 4018 ὅτι

257 4053 491 4122 ἔρχεται
516 4050 687 4104 πάλιν
730 4055 914 4123 κρῖναι
963 4053 1173 4117 ζῶντας
1210 4055 1306 4108 καὶ
1355 4055 1604 4126 νεκρούς.
1640 4055 1730 4118 Ὧς
1761 4051 1857 4108 οὖν

255 4140 439 4204 οὕτως
471 4141 720 4211 ἥκουσαν
767 4143 816 4194 oi
853 4141 1130 4205 δυσσεϐεῖς
1154 4183 1169 4207 ,
1220 4142 1315 4212 τῷ.
1355 4145 1717 4214 καινοπρεπεῖ
1763 4141 1858 4196 τοῦ

258 4230 520 4300 ῥήματος
578 4228 1069 4301 ἐμϐροντηθέντες,
1123 4231 1216 4284 καὶ
1268 4232 1406 4302 πρὸς
1446 4231 1540 4285 τὸν
1581 4233 1860 4300 ἐσταυρω-

257 4324 426 4391 μένον
454 4320 923 4391 δυσχεράναντες,
977 4323 1176 4376 αύτίκα
1203 4322 1268 4394 δὴ
1295 4323 1390 4376 τὸν
1437 4321 1607 4377 αὐτοῦ
1640 4324 1861 4394 κήρυκα

256 4411 630 4482 μαστιγοῦσι,
654 4410 749 4463 καὶ
776 4412 1238 4483 ἀνασταυροῦσιν,
1280 4414 1430 4480 ἄξιον
1459 4413 1861 4482 ἐπιφωνοῦντες

1953 624 2128 679 solum
2146 631 2206 677 ut
2224 638 2418 678 verum
2431 623 2599 676 Deum
2621 625 2982 689 agnoscerent
3002 615 3270 678 instabat;
3295 628 3492 682 nempe
3515 631 3528 667 :

1952 712 2121 766 Deum
2149 712 2453 782 perfectum,
2479 709 2652 764 solum
2676 713 2940 768 sanctum,
2972 704 3215 774 principii
3245 710 3530 772 expertem,

1954 812 2229 861 aeternum,
2248 804 2761 869 incomprehensum,
2782 796 2956 849 lumen
2979 803 3235 849 a'ternum
3251 809 3313 851 ea:
3333 801 3532 847 wterno

1953 901 2140 944 natum
2165 888 2390 953 lumine;
2411 887 2465 940 id
2492 896 2589 949 est,
2610 892 2914 939 manantem
2940 897 3004 935 ea:
3027 881 3135 934 Deo
3166 880 3328 934 Patre
3351 879 3532 948 splen-

1955 982 2168 1044 dorem,
2201 979 2380 1032 iumen
2417 977 2663 1048 principii
2693 989 2876 1043 expers
2910 987 2974 1025 ac
3001 986 3245 1040 coexpers
3269 968 3530 1039 principii,

1954 1071 2235 1142 principio,
2267 1085 2368 1140 quo
2417 1075 2631 1122 auctore
2667 1063 2821 1118 nulla
2855 1065 2904 1117 vi
2934 1061 3210 1116 verborum
3236 1059 3533 1130 explicabili

1954 1163 2181 1226 ratione,
2205 1174 2474 1229 supraque
2508 1172 2714 1210 onmem
2745 1155 3004 1207 rationem
3031 1162 3080 1206 et
3111 1151 3341 1222 eﬂulget.

2025 1252 2151 1314 Hic,
2184 1250 2436 1321 quidquid
2487 1255 2682 1302 nostra:
2723 1244 3067 1298 concretionis
3123 1249 3195 1296 est
3241 1256 3532 1296 assumens.

1952 1343 2217 1415 similique
2246 1343 2392 1397 nobis
2433 1342 2640 1396 ratione
2667 1354 2730 1394 ea:
2770 1345 2958 1392 sancta
2986 1353 3048 1390 ac
3077 1335 3368 1389 castissima
3411 1333 3532 1387 Vir-

1955 1439 2073 1508 gine
2123 1435 2294 1506 factus
2344 1436 2527 1498 homo,
2583 1432 2663 1486 uti
2717 1430 2844 1498 ﬁdei
2891 1435 3085 1482 nostra:
3128 1427 3320 1480 veritas
3365 1424 3532 1483 docet,

1955 1526 2220 1595 triumque
2272 1538 2539 1578 annorum
2594 1520 2766 1590 spatio
2825 1515 3163 1571 divinissimis
3201 1512 3532 1578 sermonibus

1954 1612 2462 1684 praemagniﬁcisque
2514 1626 2578 1664 ac
2634 1605 2905 1677 stupendis
2961 1603 3203 1674 operibus
3260 1601 3526 1654 nobiscum

1956 1710 2318 1764 conversatus,
2379 1709 2594 1770 tumque
2645 1695 2982 1768 propensiore
3030 1690 3247 1746 consilio
3286 1704 3436 1743 cruce
3473 1705 3535 1742 ac

1960 1800 2126 1846 morte
2167 1792 2502 1862 perfunctus,
2534 1785 2966 1855 postmodumque
2993 1780 3273 1833 triduanus
3308 1778 3532 1832 suscita-

1951 1892 2056 1949 tus,
2091 1892 2267 1954 .atque
2300 1883 2356 1935 in
2395 1878 2618 1944 cretum,
2661 1876 2808 1930 nobis
2856 1873 2914 1926 in
2949 1889 3070 1926 eum
3130 1869 3491 1924 contuentibus
3515 1905 3531 1932 ,

1948 1979 2204 2044 receptus,
2252 1972 2308 2026 in
2338 1969 2554 2023 dextera
2618 1965 2714 2018 Dei
2749 1962 2927 2017 sedit:
2968 1961 3058 2030 qui
3094 1958 3256 2012 etiam
3283 1965 3531 2010 venturus

1949 2072 2027 2120 est
2049 2064 2349 2136 judicatum
2387 2062 2562 2114 orbem
2607 2066 2764 2110 teme
2805 2056 2862 2107 in
2897 2053 3135 2124 justitia,
3161 2056 3209 2103 et
3247 2057 3305 2102 ut
3345 2046 3532 2102 reddat

1950 2156 2234 2225 unicuique
2272 2153 2434 2222 juxta
2479 2165 2640 2220 opera
2676 2163 2796 2201 sua.
2843 2144 3004 2215 Ejus,
3044 2141 3247 2210 inquit,
3281 2155 3383 2194 nos.
3404 2153 3541 2209 quo--

1953 2264 2052 2319 que
2098 2255 2229 2301 nutu
2270 2244 2444 2307 missi,
2481 2243 2757 2295 hortamur
2800 2255 2890 2292 vos
2933 2244 2983 2290 et
3025 2235 3383 2295 obsecramus,
3417 2231 3531 2300 fra-

1955 2349 2080 2402 tres,
2123 2346 2181 2392 ut
2213 2334 2440 2394 credatis
2484 2340 2533 2386 et
2559 2330 2894 2401 baptizemini
2923 2329 2978 2382 in
3008 2327 3218 2380 nomine
3248 2323 3398 2392 ejus;
3436 2322 3531 2374 do.-

1953 2444 2185 2500 numque
2244 2425 2471 2496 Spiritus
2531 2422 2704 2478 sancti
2749 2419 3093 2489 accipientes,
3143 2412 3372 2469 haredes
3415 2412 3538 2464 vita:

1952 2530 2164 2575 (eterna:
2194 2518 2440 2588 regnique
2461 2509 2877 2583 incorruptibilis
2908 2505 3220 2579 efficientini,
3245 2505 3300 2558 in
3328 2501 3540 2558 Christo

1950 2610 2096 2664 Iesu.
2133 2607 2316 2662 Amen.
2507 2618 2509 2620 ·

2029 2776 2183 2832 Talia
2232 2785 2396 2847 atque
2447 2775 2536 2830 liis
2579 2775 2738 2846 longe
2782 2773 2938 2844 plura
2978 2769 3364 2837 divinioraque
3408 2778 3548 2820 cum’

1965 2869 2087 2924 miti
2127 2869 2351 2939 lenique
2383 2868 2625 2938 alloquio
2660 2864 3069 2921 sacratissimus
3102 2859 3543 2915 Bartholomaeus
3612 2893 3615 2895 -

1957 2959 2270 3014 astantibus
2315 2957 2516 3022 turbis,
2551 2958 2668 3027 ipsa
2709 2969 2898 3010 earum
2941 2952 3149 3018 lingua,
3182 2948 3538 3007 declamaret,

1962 3058 2131 3120 atque
2159 3049 2252 3104 alii
2278 3047 2504 3118 quidem
2534 3046 2848 3106 crederent,
2874 3053 3268 3108 assensumque
3290 3035 3539 3089 veritatis

1961 3138 2229 3196 doctrinae
2270 3136 2611 3207 praeberent;
2656 3132 2748 3186 alii
2789 3145 2922 3185 vero
2958 3125 3442 3185 exacerbarentur,
3477 3135 3540 3174 ac

1965 3229 2300 3287 daamoniaca
2327 3227 2592 3283 adversus
2622 3238 2750 3279 eum
2778 3219 3128 3276 aemulatione
3155 3215 3538 3276 incitarentur,

1955 3323 2101 3378 facta
2148 3327 2378 3390 repente
2421 3316 2682 3378 coitione,
2719 3308 3092 3368 scelestissimi
3135 3304 3538 3362 divinissimum

1957 3427 2149 3470 senem
2190 3409 2525 3479 corripiunt,
2559 3406 2888 3472 sublatoque
2922 3403 3165 3457 clamore
3200 3395 3542 3467 primoribus

1955 3516 2084 3557 eum
2120 3497 2358 3555 civitatis
2391 3502 2680 3550 accusant.
2707 3491 2773 3546 Hi
2813 3503 3002 3546 severe
3041 3485 3338 3542 admodum
3378 3482 3538 3538 insti-

1956 3602 2080 3648 tuto
2121 3607 2301 3648 causae
2337 3590 2612 3655 examine,
2639 3586 2939 3655 auditaque
2977 3583 3098 3654 ejus
3135 3577 3542 3651 praedicationis

1956 3685 2245 3751 doctrina,
2282 3697 2379 3747 ac,
2413 3680 2561 3751 quod
2609 3679 2756 3733 Deus
2798 3691 2923 3731 cum
2969 3681 3117 3729 esset
3157 3679 3539 3740 prasetemus,

1957 3775 2125 3830 homo
2169 3776 2225 3829 in
2273 3783 2524 3843 tempore
2561 3771 2742 3824 factus
2783 3775 2899 3831 est;
2946 3764 3094 3834 quod
3135 3760 3288 3816 cruci
3330 3757 3539 3823 allixus,

1959 3867 2110 3938 quod
2170 3865 2461 3920 triduanus
2518 3877 2549 3916 a
2607 3858 2846 3914 mortuis
2901 3855 3232 3916 suscitatus,
3281 3848 3429 3919 quod
3486 3849 3541 3901 in

1958 3957 2162 4012 coelum
2210 3962 2499 4024 receptus,
2548 3965 2613 4005 ac
2657 3961 2880 4002 rursum
2923 3952 3195 3999 venturus
3234 3939 3543 4011 iudicatum

1959 4050 2116 4104 vivos
2137 4057 2195 4103 et
2219 4053 2487 4109 mortuos.
2511 4043 2649 4098 Cum
2675 4041 2794 4094 haec
2820 4039 2986 4109 igitur
3013 4035 3165 4106 impii
3193 4043 3544 4104 perorantem
3580 4098 3590 4106 ψ

1961 4137 2280 4200 audissent,
2330 4133 2488 4188 verbi
2550 4130 2796 4186 novitate
2857 4126 3113 4191 attoniti,
3172 4124 3545 4190 adversusque

1962 4225 2318 4288 cruciﬁxum,
2367 4222 2746 4294 indignatione
2792 4219 3009 4275 accensi
3059 4218 3210 4272 illius
3254 4213 3544 4272 confestim

1960 4333 2272 4389 praeconem
2319 4314 2650 4371 verberibus
2705 4326 2906 4367 caesum
2955 4310 3013 4364 in
3070 4323 3288 4364 crucem
3343 4315 3541 4377 agunt;

1961 4423 2182 4482 aequum
2211 4407 2427 4463 scilicet
2457 4403 2910 4476 pronuntiantes,
2937 4409 2997 4456 ut
3024 4398 3271 4455 cruciﬁxi
3304 4397 3554 4468 discipu-

251 4504 348 4555 τὸν
371 4501 470 4555 τοῦ
495 4500 933 4570 ἐσταυρωμένου
985 4501 1199 4574 μύστην
1251 4500 1485 4574 σταυρὸν
1525 4501 1625 4573 τὴν
1655 4501 1854 4572 ζημίαν

1961 4501 2052 4558 lus
2080 4499 2262 4556 crucis
2289 4512 2452 4570 paena
2479 4495 2831 4551 multaretur.

251 4594 541 4649 ύποσγεῖν.

322 4612 360 4648 :o
437 4611 541 4649 ειν.

322 4611 437 4738 KZ
463 4685 526 4750 ὃς
547 4681 821 4752 εὐθύμως
851 4683 1079 4755 προσῄει
1107 4683 1185 4754 τῷ
1212 4683 1375 4754 ξύλῳ,
1409 4684 1548 4752 μετά
1599 4683 1861 4754 πλείστης

258 4777 394 4846 ὅσης
429 4772 794 4846 προσηλοῦτο
822 4776 1027 4845 χαρᾶς·
1061 4773 1308 4829 ἐντεῦθεν
1358 4775 1580 4843 ἄγγελοι
1626 4775 1725 4845 μὲν
1771 4777 1862 4827 ού·

262 4867 497 4940 ρανόθεν
537 4866 628 4920 ἐπ’
663 4864 828 4918 αὑτὸν
866 4864 1289 4930 καταϐαίνοντες
1330 4868 1425 4920 καὶ
1453 4865 1858 4928 ἀναϐαίνοντες,

2031 4679 2127 4733 Ille
2167 4691 2332 4748 porro
2369 4673 2535 4730 alacri
2574 4671 2761 4727 animo
2803 4669 3013 4741 lignum
3049 4668 3272 4732 adiens,
3307 4666 3547 4722 maximio

1959 4767 2162 4837 gaudio
2209 4765 2290 4820 illi
2335 4763 2583 4819 conﬁxus
2625 4769 2735 4816 est.
2786 4759 2928 4828 Hinc
2994 4757 3174 4828 angeli
3221 4773 3252 4812 e
3299 4757 3439 4810 caelo
3490 4755 3545 4808 in

1958 4868 2086 4910 eum
2110 4850 2506 4908 descendentes
2521 4858 2579 4905 et
2601 4846 2968 4915 ascendentes
2982 4846 3070 4910 ⁸⁸⁵,
3093 4845 3544 4916 augustissimum

256 4936 737 5031 ύπεριρυεστάτην
765 4954 1370 5012 ἀνάϐασινὼδοποίουν.
1401 4956 1707 5028 Διηνέῳκτο
1744 4955 1802 5008 δέ
1829 4955 1854 5008 ὁ

1961 4946 2043 5026 illi
2089 4959 2378 5000 ascensum
2429 4938 2855 5013 praestruebant.
2898 4937 3164 5007 Apertum
3211 4936 3268 4991 ei
3312 4950 3549 5006 superne

254 5026 492 5122 οὐρανὸς
538 5045 758 5103 ἄνωθεν
788 5045 961 5115 αὐτῷ,
1010 5046 1109 5099 καὶ
1157 5046 1332 5100 πᾶσαι
1362 5044 1422 5099 δέ
1445 5043 1558 5098 τῶν
1581 5026 1854 5116 οὐρανίων

1965 5038 2190 5103 coelum,
2226 5049 2530 5105 omnesque
2571 5031 2880 5089 caelestium
2919 5029 3262 5087 Potestatum
3304 5026 3547 5090 ordines,

255 5118 562 5210 Au'vdpswv
625 5135 945 5206 Μερσρχίαι,
991 5136 1132 5208 πρὸς
1174 5136 1446 5208 ὑποδοχὴν
1471 5138 1569 5189 καὶ
1616 5134 1854 5202 δεξίωσιν

1967 5129 2041 5185 ad
2076 5126 2493 5200 suscipiendum
2530 5123 2916 5180 charissimam
2948 5121 3182 5178 Domino
3215 5118 3548 5188 discipulum

254 5234 338 5306 τῷ
386 5231 656 5304 φιλτάτῳ.
699 5227 796 5280 τοῦ
837 5227 1046 5298 Καρίου
1099 5227 1575 5300 παρεσκευάζοντο
1627 5226 1854 5298 μαθητῇ.

1965 5222 2196 5293 ejusque
2224 5234 2481 5291 pompam
2512 5217 2695 5287 parati
2720 5225 2904 5271 erant.
2933 5214 3076 5268 Hinc
3104 5213 3220 5278 ille,
3248 5212 3546 5284 gratiarum

267 5300 332 5384 *ὁ
371 5300 432 5381 δέ
456 5322 827 5397 χαριστήριον
855 5319 990 5388 ὁμοῦ
1013 5321 1106 5373 καὶ
1131 5321 1334 5375 ἱκέσιον
1365 5319 1651 5390 πρότερον,
1679 5317 1854 5389 ὥσπεε

1971 5315 2131 5383 prius
2191 5309 2427 5372 actionis
2489 5323 2553 5364 ac
2616 5305 3067 5378 supplicationis,
3127 5300 3544 5373 fragrantissimi

258 5392 492 5482 εὑῶδες*
523 5392 792 5483 θυμίαμα
846 5411 1285 5481 προαναπέμψας
1345 5411 1443 5481 τὴν
1477 5408 1854 5483 ἐξομολόγησιν

1973 5405 2149 5461 instar
2177 5399 2571 5473 thymiamatis,
2595 5396 2944 5454 confessione
2974 5395 3042 5450 ad
3069 5393 3284 5448 Patrem
3313 5392 3547 5448 directa,

258 5506 339 5578 τῷ
380 5502 564 5575 Πατρί
585 5518 602 5533 ·
634 5499 853 5561 ἔπειτα,
887 5476 1175 5568 προσηνῶς
1193 5476 1309 5568 ’μὲν
1335 5476 1430 5551 καὶ
1473 5476 1726 5566 ἀσμένως
1755 5476 1854 5548 τῶν

1976 5504 2202 5562 tumque
2229 5491 2428 5546 leniter
2453 5504 2516 5545 ac
2545 5486 2759 5558 placide
2789 5485 3058 5554 abruptus
3084 5479 3268 5535 carnis
3296 5476 3550 5538 vinculis,

261 5565 548 5664 ἐνδέσμων
582 5565 1304 5662 ρηγνύμενοςντῆς-σαρπὸς,
1341 5565 1614 5658 ῐῙνεύματι
1645 5587 1698 5640 δὲ
1728 5585 1854 5640 Θεοῦ

1974 5583 2178 5652 Deique
2212 5578 2443 5651 Spiritui
2469 5594 2498 5633 c
2532 5587 2678 5632 terra
2708 5575 2762 5629 in
2799 5573 2996 5628 cmlum
3027 5568 3327 5625 assumenti
3356 5565 3522 5621 devin

339 5795 406 5828 ³⁸⁸
433 5792 600 5848 Joan.
631 5800 672 5850 ι,
699 5783 792 5837 51.
