4094 6412
526 380 627 446 ειι

1716 386 2008 447 ΝΙΟΕΤιΕ
2049 380 2577 446 PAPHLAGONIS

3680 374 3798 437 212

525 499 653 543 ctus
677 495 853 556 atque
868 493 1205 556 compactus,
1228 485 1310 542 sic
1335 502 1367 544 ε
1399 502 1630 557 corpore
1659 491 1901 558 perfecte
1927 491 2104 546 evolat

2210 487 2563 557 συνδεόμενος
2596 484 2688 537 καὶ
2728 479 3134 553 συναρμολογού
3143 498 3327 552 μενος,
3349 479 3428 552 τῷ
3447 477 3640 536 τοῦτον
3658 483 3797 536 ἀνα..

519 587 577 634 et
615 579 682 634 ad
725 579 898 639 Deum
950 593 1076 634 cum
1121 578 1368 634 claritate
1411 580 1733 651 commigrat
1779 599 1793 635 :
1837 592 2002 652 atque
2047 591 2109 646 ut

520 685 652 726 vere
688 671 840 726 (ilius
871 671 937 724 ad
975 671 1194 728 Patrem
1237 671 1378 726 calo
1419 673 1708 729 celsiorem
1749 674 2106 730 inenarrabili

518 763 891 818 exsultatione
911 762 1206 826 deductus,
1229 763 2106 836 hareditatemlincontaminatam

521 863 688 924 atque
743 855 1074 925 longavam,
1116 854 1625 924 divinissimamque
1664 857 2104 927 iucunditatem,

518 951 688 1012 atque
729 959 1049 1014 supremum
1092 959 1157 998 ac
1192 944 1432 1013 primum
1475 960 1600 1001 cum
1635 945 1801 1008 Petro
1837 953 1894 1001 et
1935 945 2106 1002 Paulo

519 1034 666 1103 apud
717 1049 995 1090 summum
1047 1035 1296 1090 omnium
1341 1036 1547 1106 Regem
1596 1036 1862 1093 honorem
1908 1051 2106 1092 conse-

521 1125 737 1194 quitur.

661 1223 692 1242 η

590 1324 804 1381 Idcirco
841 1326 1020 1381 saluto
1054 1333 1130 1389 te,
1155 1325 1539 1381 citatissimum
1574 1327 1689 1383 Deo
1721 1341 1785 1382 ac
1818 1327 2105 1382 sanctissr-

520 1429 672 1469 mum
715 1425 900 1485 caput.
939 1415 1130 1480 Salve,
1163 1415 1304 1486 lapis
1337 1418 1648 1486 pretiosus,
1679 1431 1822 1472 unus
1857 1433 1924 1472 ex
1964 1416 2104 1471 duo~

518 1505 733 1569 decim,
764 1507 995 1560 'summo
1041 1506 1290 1576 angulari
1340 1507 1539 1577 dignus
1585 1506 1802 1576 lapide;
1850 1508 2097 1576 pretioso

517 1595 718 1666 dignus
761 1597 1088 1666 margarito,
1119 1597 1273 1652 velut
1311 1597 1392 1651 illi
1432 1597 1747 1652 immediate
1789 1599 2107 1662 eoharens,

515 1686 679 1754 eique
715 1695 937 1756 aptatus
973 1695 1140 1755 atque
1175 1695 1500 1752 contextus,
1531 1695 1588 1744 et
1621 1687 2020 1752 coadiﬁcatus,
2048 1688 2105 1742 in

515 1775 896 1832 habitaculum
921 1778 1019 1832 Dei
1051 1778 1107 1832 in
1137 1777 1371 1847 Spiritu.

587 1974 770 2043 Salve,
789 1979 946 2042 stella
972 1977 1311 2035 lucidissima
1341 1995 1406 2035 ac
1435 1977 2107 2051 spectabilis,pulcherri-

518 2083 720 2138 maque
754 2085 818 2124 ac
850 2070 961 2126 late
993 2071 1318 2142 conspicua,
1347 2073 1441 2141 qui
1487 2072 1742 2128 undecim
1783 2081 2102 2135 consertus,

526 2159 812 2233 instarque
832 2164 1004 2217 stella
1024 2165 1091 2228 η,
1131 2164 1303 2234 plcxa
1340 2164 1418 2219 illi
1452 2180 1671 2221 corona
1693 2165 1877 2235 gloria
1896 2164 2108 2220 inditus

528 2266 595 2305 ac
627 2254 910 2325 appositus
942 2269 1032 2318 es,
1059 2269 1222 2324 quam
1257 2255 1498 2310 caelestis
1531 2271 1794 2325 sponsus.
1821 2263 1883 2310 ut
1915 2269 2103 2310 sacra-

465 2385 476 2389 -
525 2342 798 2412 tissimum
835 2343 1002 2414 habet
1033 2347 1344 2418 eloquium,
1376 2333 1582 2418 aptavit
1613 2347 1780 2418 capiti
1812 2362 2048 2417 sponsa.

536 2524 548 2534 ³
585 2539 788 2606 Salve,
838 2543 1169 2613 Angelorum
1225 2546 1582 2616 iucunditas,
1631 2547 2104 2620 Archangelornm

517 2647 679 2697 cura,
711 2633 1122 2704 Principatuum
1151 2635 1339 2691 odoris
1388 2637 1721 2708 fragrantia;
1763 2653 1828 2693 ac
1878 2639 2102 2708 quidem

519 2725 866 2782 Potestatum
914 2727 1209 2797 splendor,
1249 2728 1703 2784 nominationum
1743 2744 1878 2784 vero
1926 2746 2102 2801 augu-

516 2825 665 2876 stum
715 2817 888 2886 decus
940 2835 960 2872 :
1005 2819 1100 2890 qui
1146 2819 1388 2882 Thronis
1432 2818 1758 2885 consideas;
1801 2818 2102 2876 Cherubim

517 2905 754 2970 sodalis,
782 2922 847 2972 ac
877 2901 1166 2977 Seraphim
1199 2907 1612 2964 contubernalis
1637 2909 1891 2963 exsistas.

587 3016 772 3083 Salve,
791 3017 1167 3087 apostolorum
1191 3018 1388 3088 gloria,
1414 3027 1719 3089 martyrum
1748 3016 2100 3082 illuminatio,

2207 577 2606 648 λαμϐανομένῳ
2632 574 2768 644 πρὸς
2796 573 2888 626 τὸν
2940 572 3172 644 οὐρανὸν
3213 571 3324 624 ἀπὸ
3350 571 3476 640 γῆς,
3507 570 3650 629 οὕτω
3694 588 3795 625 τε·

2205 670 2342 732 λέως
2370 669 2674 736 ἀφίπταται
2706 663 2807 735 μὲν
2831 662 2926 716 τοῦ
2975 661 3252 732 σώματος,
3284 662 3513 732 ἐνδημεῖ
3555 662 3612 715 δὲ
3648 664 3798 734 μετὰ

2203 760 2361 829 δόξης
2398 759 2534 830 πρὸς
2589 756 2682 810 τδν
2731 754 2899 808 Θεόνο
2935 755 3030 810 καὶ
3071 753 3147 817 ὡς
3202 753 3420 824 ἀληθῶς
3471 754 3662 809 τέκνον
3710 757 3799 826 τῷ

2205 852 2410 923 ὑπερου
2419 848 2586 920 ρανίῳ
2605 846 2780 918 Πατρὶ
2795 843 3154 915 ἀνεκλαλήτῳ
3185 844 3609 914 προσεληλυθὼς
3628 847 3798 915 ἀγαλ-

2204 941 2452 1012 λιάματι,
2490 938 2593 1007 τῆς
2643 936 2912 1006 ἀμιάντου
2963 935 3331 1007 κληρονομίας
3368 936 3465 992 καὶ
3507 937 3799 1006 μακραίω-

2203 1048 2294 1092 νος
2313 1071 2328 1093 ,
2362 1029 2462 1097 τῆς
2517 1025 2935 1094 θεοτελεστάτης
2962 1023 3350 1096 τερπνότητος.
3379 1024 3474 1078 καὶ
3513 1024 3615 1092 τῆς
3643 1025 3791 1078 ἀνω.

2203 1124 2349 1177 τάτω
2378 1121 2472 1174 καὶ
2503 1117 2728 1188 πρώτης
2752 1117 2891 1186 μετά
2923 1116 3132 1185 Πέτρου
3170 1116 3267 1170 καὶ
3291 1114 3507 1170 Παύλου
3537 1116 3688 1186 παρά
3711 1116 3798 1186 τῷ

2205 1208 2551 1280 Παμϐασιλεῖ
2587 1205 2943 1272 καωξιοῦται
2967 1206 3157 1274 τιμῆς.

2275 1321 2678 1396 Προσαγορεύει)
2735 1337 2794 1374 σε
2841 1318 3152 1390 τοιγαροῦν,
3181 1317 3285 1390 τὴν
3323 1317 3668 1388 τιμιωτάτην
3713 1317 3796 1386 τῷ

2203 1413 2324 1484 Θεῷ
2367 1413 2462 1467 καὶ
2500 1408 2924 1478 παναγεστάτην
2968 1408 3236 1478 κεφαλήν.
3281 1407 3477 1478 Χαῖρε,
3510 1409 3539 1462 6
3583 1407 3732 1470 λίθος
3761 1408 3798 1460 δ

2203 1507 2405 1577 τίμιος,
2443 1506 2473 1560 6
2493 1501 2574 1568 εἷς
2599 1504 2708 1557 τῶν
2736 1503 2966 1567 δώδεκα,
3005 1503 3035 1556 6
3057 1501 3209 1566 ἄξιος
3236 1499 3334 1554 τοῦ
3359 1500 3789 1570 ἀκρογωνιαίου,

2203 1598 2354 1663 ἄξιος
2379 1595 2474 1650 τοῦ
2531 1595 2830 1665 πολυτίμου
2881 1591 3256 1665 μαργαρίτου,
3310 1590 3389 1655 ὡς
3437 1590 3588 1659 αὐτῷ
3623 1607 3794 1661 προσ-

2204 1688 2349 1758 εχῶς
2372 1686 2616 1756 ὴγγικὼς
2653 1687 2749 1738 καὶ
2775 1681 3100 1754 συναραρῶς
3131 1682 3226 1735 καὶ
3256 1681 3672 1750 συνυφασμένος
3695 1680 3794 1733 καὶ

2206 1775 2747 1847 συνῳκοδομημένος,
2801 1775 2884 1838 είς
2919 1773 3344 1844 κατοικητήριον
3391 1771 3489 1825 τοῦ
3540 1770 3680 1824 Θεοῦ
3728 1773 3793 1824 ὲν

2134 1841 2178 1898 Β
2207 1841 2509 1938 Πνεόματιτ.

2273 1983 2468 2054 Χαῖρε,
2502 1979 2679 2051 ἀστὴρ
2711 1977 3163 2050 φωτοφανέστατε
3198 1975 3292 2029 καὶ
3320 1974 3605 2045 περίοπτα,
3641 1990 3792 2044 περτ-

2203 2073 2533 2135 καλλέστατε
2574 2073 2672 2124 καὶ
2722 2067 3087 2141 περίϐλεπτεο
3123 2068 3150 2120 ὁ
3179 2067 3294 2127 τοῖς
3341 2063 3538 2117 ἕνδεκα
3584 2078 3790 2132 συνηρ-

2206 2167 2498 2240 μοσμένος,
2542 2165 2642 2219 καὶ
2673 2165 2754 2226 είς
2792 2163 2887 2217 τὸν
2916 2161 3180 2230 στέφανον
3233 2158 3326 2212 τὸν
3377 2155 3654 2210 πλακέντα
3689 2153 3793 2222 τῆς

2201 2260 2361 2330 δόξης
2402 2253 3037 2332 συγκαταπεριξόμενος
3065 2250 3158 2304 καὶ
3188 2247 3637 2318 συνταττόμενος,
3671 2245 3730 2297 δν
3757 2244 3791 2296 6

2202 2350 2453 2422 οΰράνιος
2477 2347 2733 2418 νυμφίος,
2777 2345 2923 2398 κατά
2951 2344 3014 2396 τδ
3047 2338 3460 2412 μυστιλκώτατον
3488 2335 3691 2406 λόγιον,
3721 2336 3790 2406 τῇ

2202 2438 2304 2507 τῆς
2332 2434 2550 2507 νύμφης
2575 2435 2861 2505 ἐφήρμοσε
2889 2429 3122 2500 κεφαλῇ·

2278 2550 2473 2619 Χαῖρε,
2512 2545 2622 2600 τῶν
2662 2541 2934 2614 Ἀγγέλων
2969 2542 3005 2611 ἡ
3048 2537 3310 2610 θυμηδία,
3333 2535 3446 2591 τῶν
3482 2535 3790 2606 ’Δρχαγγέ-

2201 2642 2312 2695 λων
2359 2642 2394 2709 ὴ
2449 2636 2736 2708 θεραπεία,
2786 2633 2894 2687 τῶν
2935 2631 3146 2702 Ἀρχῶν
3193 2631 3228 2701 ἡ
3258 2628 3491 2682 εὐωδίαο
3539 2625 3633 2681 καὶ
3681 2624 3792 2677 τῶν

2214 2728 2506 2796 Ἑξουσιῶν
2532 2727 2633 2798 μὲν
2664 2728 2698 2796 ἡ
2724 2723 3048 2796 λαμπρότης
3074 2762 3088 2786 ,
3117 2721 3226 2775 τῶν
3267 2717 3620 2792 Κοριοτήτων
3662 2715 3717 2768 δὲ
3750 2716 3790 2784 ἡ

2203 2820 2532 2892 κοσμιότης
2577 2821 2605 2872 ὁ
2631 2818 2740 2870 τῶν
2771 2817 2990 2888 Θρόνων
3023 2813 3316 2882 σύνθρονος
3335 2851 3351 2876 ,
3399 2811 3495 2864 καὶ
3541 2808 3650 2862 τῶν
3681 2809 3793 2860 Χε-

2207 2911 2436 2984 ρουϐεὶμ
2473 2907 2784 2980 συνόμιλος,
2808 2905 2902 2960 καὶ
2924 2904 3232 2977 ὁμοδίαιτος
3259 2903 3368 2955 τῶν
3399 2898 3707 2972 Σεραφείμ.

2274 3023 2470 3093 Χαῖρε,
2487 3020 2595 3076 τῶν
2610 3018 2956 3074 ’Δποστόλων
2984 3019 3014 3071 6
3045 3012 3465 3084 καλλωπισμός·
3495 3012 3606 3066 τῶν
3634 3011 3785 3080 Μαρ-

521 3116 948 3178 sanctorumque
987 3109 1236 3164 ontnium
1270 3108 1634 3174 sanctiﬁcatio
1666 3116 1725 3165 et
1749 3108 2103 3178 iucunditas;

2206 3113 2384 3182 τύρων
2413 3114 2444 3166 6
2472 3111 2770 3180 φογτισμδς,
2809 3110 2907 3163 καὶ
2929 3107 3148 3164 πάντων
3170 3105 3371 3175 Ἀγίων
3405 3103 3673 3172 ἁγιασμὸς
3699 3101 3793 3153 καὶ

517 3214 610 3253 res
655 3200 768 3254 Deo
817 3172 1016 3269 digna.
1056 3215 1372 3270 nomenque
1423 3172 1652 3270 prorsus
1698 3172 2102 3264 desiderabile:

2206 3172 2510 3272 ἀγλαϊσμός
2534 3218 2549 3232 ·
2605 3172 2668 3255 τό
2723 3172 2968 3268 ἀξιόθεον
3012 3172 3282 3268 πρᾶγμαν,
3340 3194 3403 3249 τὸ
3435 3192 3796 3260 ἀξιοπόθητον

518 3287 684 3357 digne
706 3286 1009 3356 divinaque
1034 3303 1136 3357 pro
1167 3288 1410 3343 nominis
1433 3289 1646 3346 ratione
1672 3286 2107 3349 Bartholomaus

518 3385 899 3446 nuncupatus;
948 3392 1078 3432 vere
1106 3376 1250 3444 ﬁlius
1277 3377 1600 3447 suspendens
1630 3393 1800 3446 aqua:
1825 3392 1846 3431 :
1871 3374 1927 3434 id
1955 3375 2108 3440 enim,

523 3481 725 3521 nomen
750 3475 939 3532 sonat,
962 3466 1010 3522 si
1039 3467 1166 3536 quis
1191 3466 1610 3536 interpretetur.

595 3578 755 3633 Salve
784 3594 848 3634 ac
878 3578 1074 3646 gaude,
1101 3578 1247 3648 quod
1280 3587 1338 3634 et
1367 3578 1484 3648 ipse
1509 3580 1608 3634 Dei
1635 3579 1942 3634 imitatione
1964 3580 2114 3635 sicut

523 3670 618 3724 Dei
637 3671 808 3725 Filius
824 3671 994 3725 verbo
1009 3686 1178 3740 aquas
1207 3669 1474 3724 sublimes
1502 3686 1631 3726 aere
1659 3671 2112 3736 lihrat"',levat-

524 3777 632 3830 que
665 3777 696 3816 e
733 3770 911 3828 terra,
940 3763 1144 3831 quibus
1175 3763 1345 3817 etiam
1379 3764 1534 3832 iuxta
1574 3763 1947 3833 Scripturam,
1982 3765 2116 3833 tegit-

522 3851 794 3906 caenacut‘a
815 3854 930 3923 ejus
951 3855 966 3886 ¹
998 3869 1016 3908 :
1041 3854 1121 3908 sic
1135 3869 1355 3924 quoque
1374 3863 1452 3916 tu,
1477 3870 1651 3924 aquas
1673 3854 1876 3909 multas
1904 3854 2111 3925 (humi-

523 3943 604 3996 les
635 3943 848 3999 scilicet
881 3945 1096 4000 animos
1134 3953 1226 4000 tua
1267 3960 1435 4016 opera
1475 3945 1821 4001 credentium
1863 3945 2108 4014 Christo)

520 4033 911 4102 pradicatione
951 4043 1044 4088 tua
1089 4035 1364 4099 sustollis;
1409 4035 1888 4106 spiritalioresque
1925 4052 1956 4090 a
1993 4045 2110 4090 ter-

523 4140 661 4179 reno
693 4126 918 4195 peni-tus
947 4142 1114 4182 sensu
1145 4127 1510 4196 suspendens.
1541 4143 1606 4183 ac
1635 4128 1690 4182 in
1722 4130 1896 4183 Deum
1931 4127 2112 4197 perle-

523 4217 669 4270 ctius
698 4217 949 4281 elevans,
978 4217 1033 4270 in
1071 4217 1183 4272 illis
1216 4218 1312 4287 qui
1346 4218 1576 4272 secundi
1609 4219 1824 4273 ordinis
1853 4227 2011 4281 sunt,
2045 4234 2110 4274 ac

523 4309 936 4362 cmnaculorum
977 4309 1255 4364 rationem
1298 4309 1534 4372 habent,
1603 4311 1820 4368 animos
1861 4309 2110 4366 ﬁdelium

521 4397 686 4466 tegis.

593 4592 756 4679 Salve
797 4594 894 4670 sis,
919 4595 1101 4659 beate,
1128 4595 1330 4667 inclyte
1369 4610 1438 4652 ac
1473 4596 1682 4663 divine,
1713 4597 1806 4667 qui
1848 4613 2106 4669 magnum

521 4695 581 4741 et
602 4689 1106 4766 pa_rvum,multum
1136 4700 1192 4743 et
1216 4704 1453 4760 paucum
1485 4691 1726 4746 salutare
1751 4691 2108 4763 Evangelimn

523 4765 858 4856 pradicasti'
884 4794 948 4849 ac
993 4779 1239 4859 docuisti
1283 4795 1299 4834 :
1347 4794 1605 4854 magnum
1653 4781 1912 4852 quidem,
1957 4781 2106 4852 quod

523 4860 749 4944 omnem
783 4871 986 4946 mentis
1021 4872 1235 4928 ratione
1269 4863 1479 4940 utentis
1511 4880 1677 4946 atque
1715 4873 1914 4928 indolis
1951 4889 2104 4929 com-

523 4962 952 5038 prehensionem
979 4964 1232 5029 excedat;
1263 4979 1494 5034 parvum
1522 4979 1673 5029 vero,
1697 4964 1767 5018 ob
1797 4964 2108 5020 inclinatio—

525 5047 653 5122 nem
687 5039 851 5123 atque
881 5055 948 5130 ad
985 5055 1291 5126 terrigenas
1321 5045 1710 5111 demissionem
1731 5097 1754 5130 ,Α
1775 5071 1839 5112 ac
1871 5071 1994 5110 cum
2025 5055 2109 5111 eis

525 5144 980 5218 similitudinem,
1012 5147 1131 5220 eius
1170 5147 1264 5217 qui
1307 5147 1463 5202 caelis
1501 5147 1701 5201 celsior
1738 5147 1971 5203 exsistit.
2009 5147 2105 5208 Vel

523 5251 790 5308 magnum.
815 5237 1061 5308 quidem,
1098 5236 1168 5290 ob
1201 5237 1429 5294 Deitatis
1460 5237 1829 5307 maiestatem;
1872 5253 2106 5307 parvum

465 5323 468 5325 ’
523 5338 731 5400 autem,
763 5311 850 5381 ob.
874 5336 1175 5382 extremam
1217 5329 1476 5382 humana
1515 5339 1726 5384 natura
1754 5329 2055 5383 exilitatem
2090 5345 2103 5382 :

523 5436 760 5490 quorum
791 5436 932 5492 nova
963 5421 1148 5498 mistio
1175 5430 1231 5475 et
1262 5421 1582 5486 concretio,
1613 5421 1895 5492 Evangelii
1941 5429 2108 5490 caput

524 5525 848 5579 summaque
870 5518 974 5566 est.
997 5510 1074 5564 Ac
1097 5513 1326 5566 multum
1350 5511 1597 5583 quidem,
1621 5512 1766 5582 quod
1793 5513 2021 5566 multam
2048 5512 2103 5565 in

527 5614 587 5655 se
614 5617 679 5656 ac
705 5601 1028 5656 immensam
1059 5602 1433 5674 intelligentia
1461 5619 1525 5658 ac
1553 5601 1833 5674 sapientia
1858 5602 2100 5658 abditam

600 5778 644 5810 "
669 5779 842 5847 Apoc.
862 5793 952 5847 xu,
983 5779 1029 5834 ί.
1109 5781 1172 5813 “9'
1195 5780 1298 5837 Job
1349 5798 1499 5849 xxw,
1525 5782 1574 5839 8.
1637 5784 1651 5815 ί
1686 5781 1832 5838 Psal.
1857 5797 1972 5847 cm,
1994 5781 2046 5836 '5.

2205 3294 2419 3362 ὄνομαο
2447 3293 2482 3349 ἁ
2523 3290 2834 3362 ἀξιώνυμος
2883 3291 2984 3344 καὶ
3029 3286 3310 3355 θεώνυμος
3353 3284 3751 3355 Βαρθολομαῖος
3772 3297 3790 3312 ο

2224 3385 2286 3439 '0
2309 3382 2546 3454 ἀληθῶς
2563 3384 2758 3440 ὕδατα
2784 3380 3087 3452 κρεμάσας
3111 3380 3273 3446 υίόςο
3296 3375 3456 3432 τοῦτο
3481 3375 3593 3446 γὰρ
3620 3377 3656 3445 ἡ
3695 3390 3787 3444 ση-

2211 3476 2386 3550 μασία
2415 3475 2512 3530 τοῦ
2540 3475 2826 3546 ὀνόματος.

2280 3590 2476 3657 Χαῖρε,
2503 3588 2586 3642 ὅτι
2625 3587 2980 3657 θεομιμήτως
3005 3583 3101 3637 καὶ
3125 3581 3308 3644 αὐτὸς,
3345 3578 3600 3647 καθάπερ
3627 3577 3658 3631 6
3698 3575 3794 3629 τοῦ

2207 3679 2344 3734 Θεοῦ
2380 3678 2530 3741 Υίὺς,
2581 3678 2726 3746 λόγῳ
2755 3679 2824 3730 τά
2855 3675 3022 3730 ὕδατα
3069 3673 3285 3740 διαέρια
3320 3668 3640 3741 μετεωρίζει
3695 3666 3790 3722 καὶ

2210 3768 2455 3836 κουφίζει
2484 3768 2584 3836 τῆς
2612 3767 2736 3836 γῆς,
2766 3761 2855 3832 οἷς
2881 3763 2982 3820 καί
3018 3763 3092 3818 τὰ
3132 3758 3378 3830 ὑπερῷα
3400 3759 3610 3819 αὑτοῦ.
3645 3757 3790 3811 κατὰ

2209 3862 2308 3931 τὴν
2337 3859 2514 3930 ἱερὰν,
2535 3855 2823 3927 στεγάζὶιι,
2852 3855 3096 3926 Γραφήν·
3125 3853 3270 3907 οὕτω
3296 3853 3395 3906 καὶ
3425 3851 3590 3912 αὐτὸς
3622 3848 3792 3903 ὕδατα

2209 3951 2403 4014 πολλὰ,
2427 3949 2529 4011 τὰς
2558 3950 2864 4019 χαμερπεῖς
2891 3945 3130 4008 διανοίας
3169 3944 3280 3998 τῶν
3326 3944 3416 3997 διὰ
3450 3941 3544 3995 σοῦ
3573 3939 3801 4011 Χριστῷ

2210 4041 2598 4106 πιστευόντων,
2628 4038 2708 4108 τῷ
2755 4037 3075 4106 Εὑαγγελίῳ
3121 4052 3216 4089 σου
3249 4033 3601 4104 μετεωρίζεις
3628 4047 3643 4060 ·
3701 4031 3792 4085 καὶ

2209 4135 2306 4190 τοῦ
2332 4133 2520 4204 γηῖνου
2542 4131 2888 4201 φρονήματος
2907 4129 3035 4190 τοὺς
3051 4124 3598 4204 πνευματικωτὲρους
3627 4138 3790 4177 παντ-

2210 4228 2382 4281 άπασι
2434 4223 2738 4295 κρεμάσας,
2776 4221 2871 4275 καὶ
2917 4219 3246 4289 τελεώτερον
3295 4217 3506 4286 ιπάρας
3535 4216 3674 4284 πρὸς
3704 4213 3792 4265 τὸν

2209 4318 2366 4379 Θεὸν.
2405 4317 2464 4370 ὲν
2513 4313 2697 4377 αὐτοῖς
2741 4313 2840 4377 τὰς
2881 4311 3144 4382 δευτέρας
3195 4308 3404 4375 τάξεως
3457 4305 3659 4369 οὖσας,
3698 4303 3788 4357 καὶ

2211 4407 2479 4478 ὑπερῴων
2504 4406 2664 4475 λόγον
2698 4403 3023 4474 ἐπεχούσας,
3079 4400 3191 4453 τῶν
3238 4396 3459 4452 πιστῶν.
3501 4395 3790 4460 σκεπάζεις

2141 4495 2187 4551 D
2212 4496 2412 4566 ψυχάς.

2285 4607 2480 4677 Χαῖρε,
2514 4605 2722 4676 μάκαρ,
2753 4603 2969 4673 ἀοίδιμε
2997 4601 3092 4655 καὶ
3117 4599 3370 4655 θεσπέσιε
3394 4614 3410 4631 ·
3443 4600 3473 4667 6_
3511 4598 3656 4668 μέγα
3701 4596 3794 4652 καὶ

2213 4697 2429 4766 μικρὸν,
2488 4697 2624 4750 πολὺ
2681 4695 2774 4748 καὶ
2805 4695 2987 4762 ὀλίγον
3037 4694 3099 4748 τὸ
3141 4693 3409 4762 σωτήριον
3458 4689 3794 4760 θεολογήσας

2206 4783 2557 4858 Εὐαγγέλιον.
2593 4789 2752 4854 Μέγα
2784 4789 2903 4858 μὲν,
2959 4786 3037 4854 τῷ
3086 4787 3269 4856 πάσης
3298 4783 3524 4852 λογικῆς
3551 4781 3793 4845 διανοίας

2207 4883 2303 4944 καὶ
2350 4881 2567 4951 φύσεως
2596 4876 3138 4950 ὑπεραναϐεδηκέναι
3183 4877 3282 4946 τὴν
3313 4874 3657 4944 κατάληψιν·
3698 4891 3793 4943 μι-

2207 4973 2338 5044 κρὸν
2373 4972 2450 5031 δὲ,
2490 4971 2577 5024 διά
2621 4971 2718 5041 τὴν
2763 4968 3170 5038 συγκατάὄασιν
3219 4965 3313 5020 καὶ
3345 4966 3444 5034 τὴν
3500 4965 3640 5036 πρὸς
3665 4964 3794 5026 τοὺς

2208 5045 2462 5135 γηγενεῖς
2490 5061 2586 5117 τοῦ
2613 5059 3009 5133 ὖπερουρανίου
3031 5059 3397 5129 ταπεινότητα
3427 5055 3520 5109 καὶ
3539 5055 3792 5126 ὁμοιότη-

2206 5171 2296 5208 τα.
2336 5154 2431 5216 Ἣ,
2471 5152 2612 5221 μέγα
2655 5153 2772 5222 μὲν,
2803 5151 2893 5204 διὰ
2929 5150 2990 5203 τὸ
3015 5151 3115 5220 τῆς
3144 5148 3397 5218 θεότητος
3438 5144 3786 5217 μεγαλοπρε-

2207 5245 2309 5307 πές
2329 5261 2347 5275 ο
2381 5242 2575 5314 μικρὸν
2621 5242 2699 5306 δὲ,
2729 5242 2817 5294 διὰ
2849 5241 2911 5294 τὸ
2943 5241 3318 5312 μικροπρεπὲς
3367 5239 3468 5308 τῆς
3513 5235 3793 5306 ἀνθρωπί-

2207 5314 2309 5404 νης.
2334 5335 2593 5404 ἐσχατιᾶς
2615 5376 2628 5397 ,
2661 5327 2738 5387 ὧν
2778 5335 2811 5402 ἠ
2841 5333 3003 5402 καινὴ
3047 5321 3193 5399 μίξις
3219 5330 3313 5382 καὶ
3341 5329 3561 5397 κρᾶσις,
3591 5327 3655 5379 τὺ
3693 5343 3788 5378 κε-

2208 5426 2433 5495 φάλαιον
2457 5425 2551 5482 τοῦ
2589 5423 2923 5492 Εὐαγγελίου
2955 5421 3287 5493 χρηματίζει
3307 5436 3322 5452 ο
3356 5419 3450 5473 καὶ
3476 5418 3617 5472 πολὺ
3665 5417 3785 5488 μὲν,

2206 5517 2285 5586 τῷ
2313 5517 2479 5570 πολὺν
2510 5517 2567 5568 ἐν
2592 5513 2772 5584 ἑαυτῷ
2821 5513 2916 5566 καὶ
2953 5511 3268 5582 ἀμέτρητον
3320 5509 3467 5578 ἔχειν
3517 5506 3789 5570 συνέσεως

2210 5607 2302 5660 καὶ
2333 5607 2524 5675 σοφίας
2553 5607 2612 5659 ἐν
2656 5604 2988 5674 ἀπορρήτοις
3039 5600 3199 5671 βυθόν
3223 5617 3238 5632 ο
3275 5598 3457 5668 ὀλίγον
3499 5597 3560 5652 δὲ
3601 5596 3790 5660 πάλιν,
