4094 6434
515 347 625 416 215
1716 347 2012 410 NICET/E
2059 347 2587 409 PAPIILAGONIS
3681 351 3798 416 216

514 469 621 524 stia
650 463 1048 522 liberabantur.
1083 462 1350 519 Videntes
1383 460 1567 531 itaque
1597 459 1802 515 diaboli
1833 457 2094 520 ministri,

2204 457 2410 512 παθῶν.
2435 458 2620 512 Ταῦτα
2645 451 2739 513 οὖν
2779 457 3071 530 βλέποντες
3088 461 3139 514 oi
3177 461 3270 516 τοῦ
3300 463 3553 518 διαϐόλου
3579 464 3796 536 ὑπουρ-

517 560 706 621 {urore
730 556 784 611 in
818 571 1016 610 urnam
1056 555 1205 610 illam
1247 553 1722 619 incendebantur;
1753 567 1816 608 ac
1848 551 2099 622 quando-

2204 551 2310 618 γοὶ,
2333 551 2616 620 ἐμαίνοντο
2637 551 2778 604 κατά
2807 552 2906 618 τῆς
2933 553 3203 623 λάρνακος
3243 555 3460 623 ἐκείνης
3477 571 3494 586 ο
3537 556 3634 609 καὶ
3660 573 3796 608 σκε-

515 667 624 722 que
653 649 1055 705 deliberatione
1081 648 1289 711 habita,
1317 661 1510 700 urnam
1537 645 1592 698 in
1622 660 1729 714 qua
1767 651 1886 698 erat
1919 643 2098 698 sancti

2204 641 2433 711 φάμενοί
2461 659 2612 704 ποτε.
2640 643 2956 714 ἀπέρριψαν
2979 643 3205 714 ταύτην,
3240 647 3570 716 συνέχουσαν
3601 648 3697 700 καὶ
3727 647 3794 700 τὸ

515 743 750 814 apostoli
777 754 980 812 corpus
998 783 1012 806 ,
1037 756 1164 796 cum
1200 750 1437 810 quatuor
1460 738 1582 792 aliis
1607 745 1920 792 sanctorum
1950 752 2097 790 mar-

518 845 701 906 tyrum
731 836 909 894 urnis.
968 835 1021 888 in
1058 849 1210 888 mare
1258 833 1627 902 projecerunt.
1679 829 1738 883 ld
1779 844 1911 883 vero
1937 844 2098 883 omne

518 926 791 996 contigit,
857 935 919 980 ut
975 935 1032 980 et
1088 932 1276 977 tantus
1328 923 1494 976 maris
1536 929 1769 984 tractus,
1831 928 2097 989 quantum

519 1019 730 1073 emensi
765 1027 915 1080 sunt,
954 1033 1053 1086 per
1078 1016 1200 1070 illos
1234 1013 1706 1076 sanctiﬁcarelur,
1753 1027 1819 1066 ac
1849 1013 1970 1066 loca
2000 1027 2100 1081 per

519 1124 642 1176 quae
678 1108 799 1162 illos
827 1107 1016 1161 divisit
1045 1106 1229 1161 divina
1269 1106 1466 1175 gratia,
1507 1102 1992 1158 bcnedicerentur.

590 1196 811 1264 Magnos
836 1196 982 1249 enim
1011 1195 1173 1249 Ponti
1207 1195 1362 1248 sinus
1392 1192 1763 1262 subnavigans
1797 1192 2098 1262 apostolus,

518 1285 754 1355 altisque
807 1285 1146 1354 Hellesponti
1200 1285 1476 1354 superatis
1528 1283 1816 1354 angustiis,
1872 1281 2099 1352 Egeum

520 1391 669 1430 mare
717 1382 774 1431 et
813 1376 1155 1430 Adriaticum
1211 1375 1390 1445 petiit,
1436 1375 1740 1444 relictaque
1780 1390 1811 1428 a
1862 1375 2102 1430 sinistris

518 1466 717 1520 illustri
749 1482 813 1520 ac
855 1467 1089 1520 maxima
1139 1466 1342 1521 Sicilia:
1384 1466 1584 1529 insula,
1611 1481 1720 1520 una
1741 1466 1972 1519 comites
2003 1466 2102 1519 lia-

517 1557 654 1611 hens
704 1558 796 1627 qui
839 1559 895 1612 in
939 1559 1064 1612 aliis
1111 1559 1267 1613 urnis
1319 1559 1577 1628 pneclara
1634 1557 1866 1611 victoria
1911 1556 2100 1628 inclyti

515 1658 783 1716 martyres
815 1658 995 1712 erant,
1033 1649 1400 1717 Pappianum,
1421 1647 1749 1712 Lucianum,
1776 1646 2102 1716 Gregorium

513 1749 571 1795 et
621 1741 903 1804 Acacium,
959 1739 1027 1793 ad
1075 1740 1334 1802 insulam,
1385 1753 1548 1808 quam
1601 1738 1852 1806 Liparam
1881 1746 2099 1803 vocant,

513 1835 777 1903 appulsus
806 1842 910 1888 est.
943 1834 1121 1899 Quam
1147 1832 1420 1887 mirabilia
1451 1847 1619 1900 opera
1653 1841 1765 1894 tua,
1793 1831 2025 1884 Domine
2045 1831 2094 1884 ⁸1

514 1924 843 1992 Ecquaenam
876 1925 1055 1978 oratio
1083 1924 1372 1978 laudandis
1399 1924 1508 1977 illis
1549 1922 1820 1977 sulliciat?
1863 1923 1941 1976 Ac
1979 1921 2100 1990 qui-

515 2012 641 2065 dem
668 2013 916 2081 praeclari
940 2013 1182 2067 victores
1205 2022 1494 2083 martyres,
1515 2013 1672 2066 velut
1689 2027 1816 2081 rege
1837 2009 2098 2079 quodam,

515 2103 611 2157 ubi
641 2119 768 2157 eum
827 2103 1220 2172 conquiescere
1255 2105 1566 2167 voluerant,
1603 2118 1802 2173 magno
1837 2102 2100 2158 derelicto

515 2193 786 2262 apostolo,
809 2195 995 2249 statim
1030 2196 1239 2250 reversi
1270 2204 1421 2261 sunt,
1454 2211 1564 2265 quo
1596 2195 1720 2250 loco
1742 2193 1942 2249 divinae
1975 2208 2104 2262 pro-

515 2285 774 2341 videntia:
803 2287 982 2341 visum
1011 2295 1151 2351 erat,
1184 2288 1418 2360 singulis
1444 2288 1558 2342 illis
1574 2287 1876 2356 hospitium
1908 2287 2101 2342 sedes-

515 2392 622 2444 que
650 2377 930 2432 ascribere
967 2396 980 2432 :
1014 2379 1332 2450 Pappianus'
1359 2379 1582 2445 quidem
1625 2379 1681 2433 in
1724 2379 1917 2433 urbem
1963 2378 2103 2433 Sici-

513 2470 601 2524 lia:
623 2469 886 2540 Amyllam
909 2487 927 2536 ;
949 2470 1234 2527 Lucianus
1251 2487 1405 2536 vero,
1427 2473 1742 2537 Mesanam;
1779 2470 2101 2540 Gregorius,

513 2561 839 2616 Columnam
909 2561 1185 2618 Calabriae
1243 2564 1477 2629 urbem;
1566 2563 1794 2618 Acatius
1843 2563 2101 2618 Asealum

513 2652 797 2708 civitatem
831 2652 912 2708 sic
944 2653 1170 2710 dictam.

585 2843 728 2898 Tum
757 2845 1046 2913 apostolus
1063 2845 1358 2901 adventum
1380 2862 1540 2903 suum
1567 2847 1838 2918 Agathoni
1861 2848 2104 2906 intimat.

420 2975 431 2988 .
517 2933 825 3004 Statimque
843 2937 1138 3006 episcopus
1156 2947 1366 2993 matura
1397 2939 1700 3010 diligentia,
1724 2939 1819 2994 ubi
1844 2956 2102 3009 magnum

513 3024 968 3095 horrendumque
1019 3027 1330 3100 prodigium
1382 3029 1544 3092 vidit,
1577 3039 1801 3099 stupore
1853 3031 2100 3100 plenus:

2201 733 2356 800 ἅγιον
2405 734 2566 802 σῶμα
2595 732 2689 787 τοῦ
2720 733 3018 786 ἀποστόλου
3042 737 3100 788 ἐν
3130 738 3196 806 τῇ
3238 735 3506 808 θαλάσσῃ.
3540 737 3639 792 σὺν
3664 738 3791 791 ἐτέ-

2203 842 2325 894 ραις
2353 825 2610 896 λάρναξιν
2661 825 2836 893 άγίων
2891 826 3186 897 μαρτύρων
3217 827 3502 898 τέσσαρσι.
3529 827 3703 882 Τοῦτο
3729 828 3792 882 δὲ

2200 916 2320 969 ὅλον
2345 915 2592 984 γέγονεν,
2612 915 2698 969 ἵνα
2729 917 2825 969 καὶ
2853 919 2886 987 ἡ
2915 917 3148 987 τοσαύτη
3178 917 3426 973 θάλασσα
3454 919 3520 988 ἢν
3545 918 3789 987 διῆλθον,

2202 1007 2438 1077 άγιασθῇ
2473 1008 2540 1062 δι’
2569 1007 2748 1062 αὐτῶν
2769 1024 2782 1038 ⁸
2817 1011 2911 1062 καὶ
2941 1011 2992 1062 οί
3021 1010 3179 1063 τόποι
3209 1009 3332 1065 καθ’
3357 1009 3452 1073 οὓς
3480 1012 3514 1081 ἡ
3545 1010 3665 1064 θεία
3683 1012 3794 1080 χά-

2204 1124 2289 1178 ρις
2320 1106 2519 1169 αὐτοὺς
2547 1106 2876 1175 διεμέρισεν,
2907 1106 3261 1177 εὐλογηθῶσι.

2273 1195 2414 1258 Τοὺς
2454 1194 2562 1264 γὰρ
2621 1195 2886 1265 μεγάλους
2914 1193 3008 1247 τοῦ
3037 1194 3240 1247 Πόντου
3292 1195 3640 1258 ύποπλεύσας
3664 1195 3794 1248 κόλ-

2203 1303 2338 1349 πους
2371 1285 2401 1338 6
2448 1285 2766 1349 ἀπόστολος,
2824 1284 2921 1338 καὶ⁵
2961 1285 3028 1338 τὰ
3060 1285 3222 1338 στενά
3256 1284 3352 1339 τοῦ
3391 1285 3790 1356 Ἑλλησπόντου

2203 1375 2577 1447 παραδραμὼν
2599 1376 2760 1447 βάθη,
2789 1375 2852 1432 τδ
2881 1377 3104 1445 Αἰγαῖόν
3125 1394 3185 1429 τε
3214 1378 3310 1431 καὶ
3336 1377 3399 1430 τὸ
3431 1377 3525 1432 τοῦ
3571 1379 3790 1449 Ἀδρίου

2202 1467 2468 1522 κατέλαϐε
2506 1468 2777 1536 πέλαγοςο
2829 1469 2924 1521 καὶ
2966 1467 3065 1538 τὴν
3098 1467 3206 1524 τῶν
3247 1468 3486 1521 Σικελῶν
3514 1470 3791 1539 περιφανῆ

2203 1577 2262 1612 τε
2307 1558 2404 1613 καὶ
2461 1560 2724 1630 μεγίστην
2780 1559 2838 1612 ἐν
2885 1557 3189 1626 εὐωνύμοις
3243 1557 3560 1612 καταλιπὼν
3601 1560 3788 1630 νῆσον,

2203 1651 2344 1722 ἔχων
2383 1650 2782 1720 συνεπομένους
2844 1647 2995 1718 αὐτῷ
3051 1648 3300 1711 καὶτοὺς
3327 1650 3387 1701 ἐν
3409 1651 3530 1712 ταῖς
3575 1649 3794 1720 ἑτέραις

2204 1743 2429 1816 λάρναξι
2455 1741 2799 1804 καλλινίκους
2829 1741 3134 1811 μάρτυρας,
3184 1740 3796 1806 [ΙαππιανὺηΛουκω-

2203 1838 2292 1890 νὸν
2312 1875 2329 1901 ,
2374 1834 2674 1904 Γρηγόριον
2697 1834 2791 1886 καὶ
2832 1831 3107 1898 ⁹Δκάκιον,
3140 1831 3288 1901 νήσῳ
3313 1834 3380 1902 τῇ
3405 1831 3551 1884 οὕτω
3591 1833 3793 1886 καλου-

2205 1928 2340 2000 μένῃ
2369 1925 2614 1996 Λιπάρᾳ,
2673 1923 3091 1994 προσωρμίσθη.
3137 1924 3224 1986 Ὠς
3251 1922 3534 1992 θαυμάσια
3559 1924 3627 1977 τὰ
3651 1924 3793 1994 ἔργα

2203 2035 2319 2082 σου,
2349 2015 2556 2085 Κύριεί
2585 2017 2681 2069 καὶ
2709 2014 2792 2077 τίς
2828 2013 2985 2082 λόγος
3017 2011 3302 2085 ἐξαρκέσει
3329 2015 3467 2086 πρὸς
3495 2015 3662 2085 ὕμνον
3679 2015 3793 2069 τῶν

2202 2110 2524 2181 θαυμασίων
2580 2125 2711 2174 sou;
2751 2107 2861 2161 Kal.
2894 2107 2946 2160 οί
2995 2108 3094 2176 μὲν
3127 2106 3429 2161 καλλίνικοι
3488 2108 3790 2179 μάρτυρες,

2200 2195 2291 2254 οἷά
2316 2217 2439 2254 τινα
2466 2198 2691 2269 βασιλέα
2719 2199 2778 2251 ἐν
2819 2191 2864 2265 ᾧ
2894 2196 2960 2251 ἃν
3003 2196 3328 2269 ᾑρετίσαντο
3361 2199 3792 2254 ἀναπαύσασθαι

2201 2291 2294 2344 τὸν
2318 2290 2494 2361 μέγαν
2533 2289 2925 2353 καταλιπόντες
2976 2289 3296 2351 ἀπόστολον,
3339 2289 3539 2344 αὐτίκα
3582 2290 3790 2344 ἀνθυπ-

2202 2384 2528 2452 ενόστησαν,
2551 2379 2679 2438 ἔνθα
2706 2381 2772 2435 ἀν
2797 2379 3027 2434 ἕκαστον
3054 2379 3224 2451 ἡθεία
3244 2380 3670 2450 κατασκηνῶσαι
3699 2382 3789 2435 εύ-

2201 2473 2398 2552 δόκησε
2447 2473 2674 2545 πρόνοια
2694 2489 2710 2505 ⁶
2742 2471 3068 2527 Παππιανδν
3098 2472 3211 2542 (46)
3251 2473 3352 2544 μέν
3379 2474 3461 2537 είς
3509 2474 3789 2543 Ἀμυλλαν

2203 2567 2360 2622 πόλιν
2389 2565 2674 2628 Σικελίας’
2706 2563 3006 2619 Δονκιανδν
3057 2563 3116 2616 δέ
3172 2565 3235 2616 ἐν
3283 2565 3510 2635 Μεσήνῃ
3531 2580 3546 2595 '
3579 2566 3790 2637 Γρηγὸ-

2205 2675 2321 2729 ριον
2354 2658 2412 2710 ἐν
2453 2655 2717 2728 Κολύμνῃ
2739 2655 2892 2708 πόλει
2923 2653 3267 2726 Καλαΰρίας,
3298 2655 3394 2708 καὶ
3432 2655 3686 2712 ’Λκάκιον
3707 2659 3788 2723 είς

2215 2748 2513 2810 Ἀσκάλους
2545 2748 2703 2801 πόλιν
2732 2745 2876 2800 οὕτω
2907 2746 3275 2816 καλουμένην.

2274 2839 2411 2892 Τότε
2437 2836 2708 2906 ’Δγάθωνι
2735 2835 2816 2907 τῷ
2841 2834 2970 2905 θείῳ
2990 2835 3184 2889 ἐαυτὸν
3216 2836 3559 2906 καταμηνύει
3596 2838 3625 2890 ὁ
3656 2837 3791 2890 ἀπό-

2207 2930 2411 2993 στολος.
2433 2928 2549 2982 Καὶ
2577 2925 2857 2996 παρευθὺς
2879 2925 2908 2979 6
2939 2925 3237 2988 ἐπίσκοπος
3269 2927 3532 2992 σπεύσας,
3563 2927 3624 2981 τὸ
3647 2929 3789 2996 μέγα

2205 3022 2302 3077 καὶ
2329 3019 2600 3091 φρικῶδες
2629 3019 2706 3081 ὼς
2727 3012 2838 3070 εῖδε
2863 3017 3168 3087 τεράστιον,
3205 3017 3452 3086 θάμόους
3493 3019 3787 3089 πλησθεὶς,

519 3117 691 3183 Unde,
717 3118 916 3188 inquit,
943 3118 1062 3184 tibi,
1088 3118 1316 3190 Liparo,
1340 3128 1520 3174 tantus
1559 3123 1641 3176 hic
1669 3124 1953 3192 ingensque
1981 3124 2097 3177 the-

2205 3116 2400 3170 Πόθεν
2434 3126 2534 3166 σοι
2566 3105 2764 3175 οὗτος,
2799 3107 2846 3161 ὦ
2882 3106 3139 3175 Λιπάρα,
3173 3107 3578 3178 ἀπεφθέγγετο,
3613 3113 3647 3165 ὀ
3681 3125 3788 3165 πο·

511 3223 704 3261 saurus
729 3209 936 3262 advenit
965 3210 989 3263 ?
1013 3209 1182 3264 Plane
1203 3213 1392 3265 eximie
1421 3212 1766 3282 magniﬁcam
1793 3229 1844 3267 es
1864 3222 1914 3266 et
1937 3213 2102 3267 clari-

512 3297 702 3364 ﬁcata.
736 3298 931 3353 Chares
978 3317 1096 3369 age,
1149 3301 1254 3356 sali
1283 3312 1437 3372 atque
1473 3304 1698 3357 exsulta.
1747 3302 1963 3374 Suscipe
1996 3305 2101 3359 tuis

515 3389 781 3450 manibus,
810 3398 859 3445 et
895 3391 964 3443 ad
989 3407 1109 3444 eum
1133 3391 1308 3446 clama
1335 3410 1352 3447 :
1385 3393 1580 3447 Fauste
1614 3395 1823 3459 venisti,
1868 3394 2102 3463 apostole

514 3479 750 3532 Domini.
778 3480 904 3534 Haec
927 3480 1148 3549 aliaque
1181 3498 1287 3536 non
1323 3499 1496 3552 pauca
1530 3484 1852 3552 prolocutus
1882 3483 2100 3553 episco-

515 3584 640 3636 pus.
668 3569 970 3638 laudesque
1015 3571 1254 3638 apostoli
1299 3582 1466 3642 atque
1521 3574 1718 3629 insula:
1751 3584 2102 3645 prosecutus,

515 3659 745 3715 dicendi~
770 3660 933 3716 finem
965 3661 1122 3716 fecit.

588 3834 856 3908 Quodque
891 3837 1216 3906 deponenda
1257 3854 1398 3894 urna
1435 3839 1559 3895 loco
1602 3839 1830 3906 illustri,
1857 3856 1967 3910 quo
1998 3841 2104 3896 sci-

514 3927 785 3982 licetloco
815 3927 1061 3981 divinum
1085 3928 1378 3984 delubrum
1422 3930 1490 3984 ad
1524 3929 1754 4000 gloriam
1779 3931 2105 3986 celebratis-

514 4017 640 4073 simi
671 4019 908 4088 apostoli
931 4019 1285 4074 excitandum
1321 4029 1475 4087 erat;
1523 4020 2100 4085 trahentibus-multis,

514 4109 656 4164 nihil
714 4110 805 4164 illa
855 4110 1288 4180 obsequebatur,
1325 4111 1502 4166 donec
1533 4110 1868 4165 revelatione
1917 4109 2104 4164 divina

515 4203 712 4256 beatus
737 4201 952 4272 Agatho
985 4203 1225 4258 adducto
1251 4204 1551 4258 vitularum
1581 4203 1740 4274 jugo,
1760 4219 1824 4257 ac
1844 4202 2106 4257 funiculis

514 4292 774 4362 alligatis.
814 4292 1056 4362 ingentis
1103 4295 1268 4348 molis
1296 4309 1479 4349 arcam
1531 4294 1700 4358 illam,
1742 4294 2106 4349 inhabitantis

514 4383 766 4451 polentia
797 4381 957 4438 facile
991 4383 1195 4450 traxit,
1243 4400 1354 4454 quo
1392 4384 1630 4454 apostoli
1663 4385 1920 4440 voluntas
1954 4387 2106 4442 dele-

516 4481 691 4544 gerat.

587 4649 788 4720 Ingens
839 4667 1007 4721 porro
1038 4653 1362 4709 miraculum
1400 4655 1682 4710 miraculis
1723 4670 1909 4711 comes
1938 4671 2098 4711 secu-

517 4750 656 4801 tum.
684 4757 750 4796 ac
778 4744 866 4796 cui
892 4743 1076 4798 forsan
1111 4745 1299 4814 plures
1324 4761 1515 4802 eorum
1563 4748 1767 4816 quibus
1807 4747 1989 4817 ignota
2013 4748 2100 4801 di-

516 4833 642 4888 vina
666 4833 913 4905 prodigia
948 4845 1098 4903 sunt,
1132 4837 1293 4892 ﬁdem
1321 4837 1694 4910 abnegabunt.
1725 4839 1948 4910 Exigua:
1980 4854 2101 4894 mo-

585 4993 607 5023 ³
631 4992 801 5047 Eccli.
834 5009 892 5052 ιι,
928 4993 976 5046 ό.

585 5127 701 5193 (46)
725 5131 1102 5183 Παππιανόν.
1146 5126 1468 5182 Anastasius
1507 5125 1561 5178 in
1599 5125 1814 5180 Studita
1843 5124 2108 5192 Papinum

515 5205 706 5262 vocat;
753 5197 899 5265 apud
954 5214 1118 5267 quem
1171 5197 1335 5267 etiam
1391 5196 1625 5267 nomina
1655 5195 1876 5249 urbium
1927 5196 2110 5267 minus

517 5263 803 5336 corrupta
836 5263 1011 5321 sunt':
1052 5269 1120 5322 de
1165 5265 1369 5335 quibus
1427 5265 1664 5319 videnda
1717 5273 1926 5318 nostra.
1967 5263 2105 5317 Bibl.

516 5337 627 5393 PP.
661 5339 958 5390 concionat.

589 5407 701 5475 (4'1)
735 5407 1099 5473 Βουρκάνος.
1124 5407 1320 5475 Anast.
1339 5405 1394 5458 in
1418 5401 1661 5467 Studita,
1695 5401 1993 5475 Vulcanus;
2012 5403 2108 5475 ia-

517 5473 717 5547 vetque
729 5478 905 5532 allatae
922 5478 1034 5548 jam
1045 5476 1194 5548 mihi
1205 5474 1452 5548 coniectu
1463 5489 1560 5548 ne,
1573 5473 2044 5548 permutationis“
2055 5481 2105 5526 t-

517 5543 760 5600 tera'rum
818 5563 886 5601 ex
923 5543 1058 5601 'soni
1114 5543 1399 5608 allinitate,
1455 5544 1548 5598 ubi
1597 5544 1675 5598 sic
1729 5543 2095 5597 crassioribus

519 5615 752 5670 auribus
788 5615 962 5672 Graeci
989 5616 1222 5671 audiunt
1248 5616 1304 5668 in
1327 5615 1647 5668 nominibus
1685 5613 1945 5682 propriis.
1993 5612 2095 5666 Mi-

520 5684 772 5756 raculum
812 5702 943 5740 vere
965 5686 1321 5756 stupendum,
1342 5684 1511 5756 cujus
1543 5693 1722 5756 tamen
1746 5683 1965 5756 Joseph‘
1985 5697 2094 5756 non

521 5753 796 5818 meminit,
816 5756 909 5823 qui
939 5753 1196 5812 videatur
1219 5755 1437 5810 Studita
1461 5753 1762 5823 antiquior,
1787 5760 1842 5807 et
1874 5753 1966 5822 qui
1982 5753 2092 5823 jam

2205 3206 2320 3271 ,πὺς
2342 3201 2739 3272 προσεγένετο
2772 3199 3079 3265 πλοῦτος;
3120 3201 3339 3266 Ὄντως
3381 3201 3787 3271 sperabis-0m-

2206 3294 2704 3365 ὑπερϐαλλόντως
2739 3290 2839 3346 καί
2866 3289 3224 3357 ὲδοξὰσθης.
3254 3292 3587 3358 Χόρευσον,
3624 3292 3789 3358 σκίρ-

2207 3403 2422 3457 τησον.
2493 3383 2811 3448 Ὑπόδεεαι
2853 3381 3068 3452 χερσίν
3121 3380 3365 3448 οἰκείαις
3405 3382 3506 3436 καί
3551 3383 3782 3450 ,ϐόησον

2208 3479 2360 3549 πρὸς
2391 3477 2597 3543 αὑτὸν,
2641 3474 2852 3542 Κανίῶς
2881 3472 3321 3545 παραγέγονας,
3365 3476 3399 3528 ό
3426 3473 3535 3528 τοῦ
3569 3475 3782 3544 Κυρίου

2208 3571 2582 3635 ἀπόστολος.
2609 3565 2793 3620 Ταῦτα
2825 3566 2919 3619 καὶ
2937 3565 3099 3636 ἕτερα
3119 3565 3221 3617 οὐκ
3251 3563 3408 3633 ὀλίγα
3440 3566 3469 3617 ὁ
3495 3565 3785 3626 ἐπίσκοπος

2209 3660 2404 3726 εἰπὼν,
2437 3659 2533 3713 καὶ
2581 3658 2938 3726 ἐγκωμιάσας
2965 3656 3058 3710 τόν
3093 3672 3155 3709 τε
3211 3655 3507 3710 ἀπόστολον
3541 3658 3637 3710 καὶ
3691 3656 3788 3728 τὴν

2209 3753 2394 3822 νῆσον,
2417 3749 2728 3804 κατέπαυσε
2757 3748 2847 3802 τὸν
2877 3747 3056 3816 λόγον.

2294 3841 2451 3896 Ἐπεὶ
2483 3841 2541 3895 δὲ
2570 3841 2676 3894 ἔδει
2727 3838 3173 3908 ἀποκαταστῆναι
3201 3838 3300 3909 τὴν
3337 3837 3584 3910 λάρνακα
3619 3838 3712 3892 καὶ
3734 3839 3792 3890 ἐν

2209 3933 2360 4002 τόπῳ
2387 3932 2666 4001 ἐπισήμῳ,
2699 3931 2758 3982 ἐν
2811 3924 2856 3997 ᾧ
2887 3929 2984 3982 xal.
3023 3928 3163 3992 θεῖος
3221 3929 3388 3999 σηκὸς
3443 3929 3670 3999 ἔμελλεν
3700 3929 3791 3980 avo

2211 4023 2522 4092 εγείρεσθαι
2555 4023 2632 4084 είς
2653 4021 2810 4084 δόξαν
2843 4021 2939 4073 τοῦ
2967 4022 3329 4092 πανευφήμου
3365 4021 3688 4082 ἀποστόλου.
3717 4020 3793 4084 ὡς

2214 4114 2315 4184 μὲν
2341 4113 2592 4174 ἕλκοντες
2624 4109 2830 4174 πολλοὶ,
2865 4109 3109 4180 ὑπήκουε
3140 4110 3196 4163 δὲ
3215 4110 3488 4180 οὐδαμῶς,
3530 4111 3634 4172 ἕως
3658 4111 3793 4164 ἀπο-

2213 4202 2442 4271 καλύψει
2499 4201 2623 4272 θείᾳ
2669 4201 2698 4253 6
2729 4187 2995 4271 μκάριὸς
3039 4201 3285 4267 Ἀγάθων
3328 4199 3522 4268 ζεῦγος
3571 4199 3793 4270 ἀγαγὼν

2212 4295 2523 4366 δαμάλεων,
2571 4293 2665 4346 καὶ
2715 4279 2933 4354 λεπτοῖς
2984 4292 3264 4360 ἀποδήσας
3325 4291 3633 4358 καλωδίοις,
3693 4292 3792 4360 τὴν

2215 4385 2548 4456 παμμεγέθη
2607 4383 2823 4452 ἐκείνην
2878 4381 3148 4452 λάρνακα,
3212 4386 3278 4454 τῇ
3308 4383 3406 4436 τοῦ
3459 4385 3791 4448 ἐνοικοῦντος

2134 4460 2182 4518 Ῑ)
2213 4479 2459 4546 δυνάμει,
2487 4475 2723 4538 εὐκόλως
2743 4469 2863 4545 ἦξε,
2887 4473 3020 4526 ὅπου
3041 4473 3102 4526 τὸ
3124 4473 3216 4526 τοῦ
3251 4473 3552 4527 ἀποστόλου
3583 4474 3790 4544 ὑπῆρξε

2205 4565 2438 4620 θέλημα.

2276 4583 2295 4616 λ
2385 4583 2438 4620 a.

2276 4583 2477 4726 sine
2508 4657 2633 4710 τιδέ
2661 4657 2901 4728 θαύμασι
2931 4656 3214 4709 συνείπετο
3243 4655 3519 4726 μέγιστον,
3551 4655 3646 4708 καὶ
3667 4653 3792 4706 πολ·

2206 4749 2317 4811 λοῖς
2348 4748 2478 4810 ίσως
2499 4747 2608 4800 τῶν
2633 4747 2894 4818 ἀμυήτων
2917 4746 3026 4800 τῶν
3048 4746 3206 4800 θείων
3232 4744 3639 4816 τερατουργιῶν
3665 4744 3794 4797 ἄπι-

2210 4855 2354 4892 στον.
2399 4837 2654 4907 Νησίδιον
2709 4838 2818 4908 γὰρ
2847 4838 3157 4908 Βουρκάνος
3209 4832 3322 4906 (47)
3361 4834 3788 4905 ὀνομαζόμενον,

2211 5141 2411 5181 nomen
2443 5125 2674 5182 haberet
2705 5125 3093 5195 Metaphrastis
3121 5133 3301 5180 aeta-te.
3337 5123 3498 5195 Certe
3516 5124 3790 5195 ejusmodi

2211 5205 2314 5266 est.
2355 5197 2442 5266 cui
2483 5213 2592 5251 non
2625 5196 2786 5251 facile
2822 5193 3080 5266 arrogent
3111 5196 3272 5249 iidem
3315 5193 3521 5266 nedum
3553 5194 3792 5266 ἀμύητοι

2209 5265 2320 5317 τῶν
2351 5265 2511 5336 θείων
2541 5263 2974 5336 τερατουργᾼιῶν,
3008 5275 3068 5336 ut
3099 5273 3294 5319 auctor
3322 5263 3535 5320 scribit.
3561 5263 3656 5317 sed
3692 5280 3794 5320 nec

2211 5336 2304 5403 qui
2337 5335 2579 5390 divinam
2608 5334 2670 5390 'iu
2700 5334 2962 5404 prodigiis
2981 5335 3248 5392 virtutem
3285 5341 3474 5387 sancte
3514 5347 3790 5404 venerans

2213 5413 2318 5456 tur.
2346 5405 2534 5460 Potest
2564 5403 2911 5473 hazc’hisqu’e
2953 5406 3156 5472 majora
3204 5404 3298 5457 illa
3352 5410 3635 5470 praestare,
3693 5403 3790 5458 sed

2211 5473 2370 5528 facile
2401 5476 2565 5529 etiam
2595 5485 2682 5530 est
2734 5474 2787 5527 in
2822 5474 3092 5542 ejusmodi
3137 5473 3285 5542 vulgi
3333 5473 3623 5540 obrepere.
3665 5473 3793 5526 Vul-

2209 5544 2379 5599 canize
2416 5545 2686 5614 ejusmodi
2720 5543 2933 5606 insulae,
2959 5543 3013 5614 in
3035 5543 3240 5614 quibus
3265 5557 3388 5609 pars
3420 5556 3611 5614 magna
3657 5543 3788 5614 _su-l-

2205 5614 2350 5684 phur
2379 5609 2464 5670 est
2494 5623 2550 5669 et
2607 5614 2837 5668 materia
2867 5609 3295 5673 combustibilis,
3331 5609 3531 5684 magna
3581 5609 3791 5684 habent

2203 5679 2590 5753 Symptomata,
2611 5700 2677 5738 ex
2706 5685 2820 5752 ipsa
2863 5697 3048 5736 rerum
3078 5690 3275 5753 natura
3304 5687 3360 5733 et
3385 5679 3595 5746 absque
3623 5679 3791 5753 mira-

2203 5749 2369 5808 culo:
2395 5753 2449 5808 in
2475 5755 2677 5824 quibus
2709 5749 2820 5808 non
2847 5751 3146 5824 injucunda
3165 5751 3336 5814 lectu,
3368 5764 3488 5818 quae
3508 5762 3688 5817 nuper
3727 5749 3787 5804 in
