4094 6428
383 374 487 454 2'17
569 383 589 411 ’

1170 396 1451 458 ORATIO
1485 396 1590 456 XI.
1618 424 1684 435 --
1712 399 1795 458 IN
1835 398 2146 459 LAUDEM
2185 401 2242 459 S.
2285 401 2647 460 MATTIIIEI
2690 400 2941 460 APOST.

3548 399 3660 462 218

384 509 480 561 καὶ
506 505 690 578 πηγὴν
727 506 863 582 ⁸ἔχον
907 507 1097 571 νυκτὸς
1130 510 1224 562 καὶ
1250 509 1467 579 ἡμέρας
1521 509 1964 578 ἁναὸράζουσαν,

2084 514 2139 567 iis
2173 513 2351 568 insula
2409 522 2517 577 est,
2553 513 2852 567 Vulcanum
2881 520 3097 575 vorant,
3133 511 3186 580 in
3236 527 3340 580 qua
3369 511 3491 565 lons
3521 512 3662 582 ignis

381 597 460 661 ὡς
483 599 646 668 μόνον
661 599 759 670 τὴν
779 598 872 653 τοῦ
895 599 1194 652 ἀποστόλου
1215 601 1522 669 παρουσίαν
1537 599 1756 670 ᾔσθετο,
1778 602 1964 671 ἐπειδὴ

382 692 451 759 τῇ
484 689 742 760 ἑγγύτητι
772 690 871 760 τὴν
908 690 1163 760 Λιπάραν
1189 690 1552 755 κατέϐλαπτε,
1584 691 1706 761 θείᾳ
1737 692 1966 761 δυνάμει

381 782 585 846 εὐθέως
623 782 916 851 ἀποσυρὲν,
949 782 1090 834 ἑπτὰ
1121 782 1366 846 σταδίους
1406 782 1622 852 μακράν
1648 782 1839 852 ᾤχετο,
1868 783 1965 837 τοῦ

382 872 754 944 παρασυρμοῢ
787 871 976 943 ὥσπερ
1015 872 1285 942 ποταμίου
1339 872 1608 941 ῥεύματος
1649 873 1811 944 μέχρι
1865 876 1965 944 τῆς

383 966 626 1034 σήμερον
673 964 734 1016 τὸ
786 961 972 1032 θαῦμα
1009 963 1498 1034 ἀνακηρύττοντος.
1553 965 1619 1016 Ὢ
1643 965 1967 1034 παραδόξων

381 1052 743 1122 θαυμασίωνῑ
796 1051 841 1106 ὣ
896 1052 1342 1121 ὑπερϐαλλόντων
1397 1053 1962 1122 τερατουργημάτωνί

383 1144 487 1196 ποῦ
518 1143 746 1197 τοιαῦτα
773 1145 832 1196 ὲν
865 1144 1016 1216 πάσῃ
1036 1146 1102 1214 τῇ
1127 1145 1218 1212 ὑφ’
1237 1145 1388 1214 ἥλιον
1408 1145 1729 1210 διέγνωσται
1749 1163 1763 1210 ;
1783 1145 1965 1196 Ἐπιι-

383 1233 450 1303 δὴ
470 1234 528 1287 δὲ
559 1235 816 1304 ἀνήγειρε
861 1233 958 1286 καὶ
1006 1233 1310 1301 περικαλλῆ
1341 1233 1468 1286 ναὸν
1495 1234 1523 1286 ὁ
1563 1232 1861 1293 ἐπίσκοπος
1890 1230 1968 1300 τῷ

386 1323 691 1393 ἀποστόλῳ,
741 1325 834 1376 καὶ
866 1325 925 1376 ὲν
955 1322 1106 1391 αύτῷ
1155 1322 1230 1385 ὡς
1261 1320 1554 1392 πολύτιμον
1605 1321 1878 1392 θησαυρὸν
1908 1321 1970 1373 τὺ

391 1413 663 1482 μακάριον
712 1413 890 1466 ἐκεῖνο
946 1415 1042 1465 καὶ
1091 1411 1390 1480 σεϐάσμιον
1437 1412 1698 1464 κατέθετο
1718 1411 1970 1479 λείψανον

388 1506 486 1557 σὺν
502 1508 567 1576 τῇ
590 1505 839 1574 λάρνακι,
858 1505 942 1568 τίς
968 1505 1190 1557 δύναται
1214 1504 1452 1568 ἐξειπεῖν
1472 1504 1540 1556 τὰ
1561 1505 1742 1556 ἐκεῖσε
1773 1501 1974 1571 ὁσημέ-

391 1613 480 1666 par.
512 1597 774 1666 γινόμενα
812 1596 1068 1666 θαύματα
1091 1614 1107 1657 ;

471 1687 638 1739 Ἐτῶν
671 1682 766 1742 οὖν
793 1687 1060 1741 πλείστων
1099 1686 1589 1756 παραδραμόντων,
1627 1686 1685 1738 ὲν
1716 1684 1971 1754 ἐσχάτοις

385 1779 617 1846 καιροῖς,
652 1778 709 1830 ἐν
740 1779 857 1839 ταῖς
876 1776 1111 1846 ἡμέραις
1141 1775 1402 1844 Θεοφίλου
1429 1776 1522 1829 τοῦ
1548 1775 1811 1845 βασιλέως
1830 1775 1964 1844 (48),

384 1865 479 1920 τοῦ
515 1865 772 1936 φρουρίου
797 1867 855 1918 ὲν
877 1859 922 1932 ᾧ
947 1866 1103 1933 ἅγιος
1136 1866 1431 1928 ἀπόστολος
1474 1866 1758 1919 κατέκειτο
1793 1865 1883 1919 διὰ
1911 1864 1974 1916 τὸ
1999 1854 2048 1912 Β

384 1957 754 2029 πληθυνθῆναι
782 1957 880 2020 τὰς
909 1955 1142 2026 ἀνομίας
1171 1957 1326 2027 ήμῶν
1353 1959 1460 2010 ὑπὸ
1493 1957 1604 2011 τῶν
1649 1956 1971 2026 Ἀγαρηνῶν

387 2047 807 2118 συλληφθέντας,
837 2049 931 2101 καὶ
957 2049 1138 2119 πάσης
1159 2049 1259 2119 τῆς
1291 2048 1458 2118 νήσου
1497 2049 1751 2117 Λιπάρας
1780 2048 1971 2118 ἀοική-

385 2157 482 2192 του
511 2139 888 2210 διαμεινάσης,
921 2141 949 2193 ό
977 2140 1078 2209 τῆς
1121 2139 1331 2203 πόλεως
1381 2139 1637 2193 Βενένδου
1679 2140 1862 2209 ἄρχων
1903 2139 1973 2194 τὰ

387 2231 722 2285 ἀποστολικά
749 2231 1006 2300 θαύματα
1032 2231 1352 2300 ἀναμαθὼν,
1398 2231 1580 2284 πίστει
1606 2229 1803 2302 ζεούσῃ
1835 2231 1974 2300 πρὸς

385 2321 478 2374 τὸν
492 2319 645 2388 ἀγιον
672 2321 936 2392 κινηθεὶς,
954 2322 1018 2374 ὲκ
1037 2322 1138 2390 τῆς
1169 2321 1515 2390 Ἀμαλφινῶν
1539 2321 1748 2384 πόλεως
1775 2321 1974 2391 ἄνδρας

388 2412 542 2476 τινάς
588 2414 953 2483 ναυσιπόρους
1016 2414 1556 2482 προσκαλεσάμενος,
1615 2413 1711 2467 καὶ
1761 2412 1974 2478 τούτοις

391 2504 649 2572 χρήματα
705 2504 868 2557 ἱκανὰ
918 2503 1102 2556 δοῦναι
1164 2503 1638 2574 ἐπαγγειλάμενος
1665 2545 1682 2569 ,
1739 2505 1975 2574 ἠξίωσεν

392 2595 670 2657 ἀπελθεῖν,
704 2594 800 2647 καὶ
829 2594 922 2648 τὸν
943 2593 1237 2660 πολύτιμον
1259 2596 1466 2649 ἐκεῖνον
1492 2595 1629 2667 πρὸς
1659 2595 1822 2649 αὑτὸν
1841 2598 1976 2652 ἀνα·-

389 2684 614 2755 διομίσαι
647 2685 938 2755 θησαυρόν.
979 2686 1044 2739 ’0
1073 2688 1168 2739 καὶ
1191 2686 1428 2754 ἐγένετο.

477 2777 536 2832 '0
563 2777 694 2846 γοῦν
733 2778 922 2849 ῥηθεὶς
953 2777 1137 2847 ἄρχων
1159 2779 1225 2831 ὲκ
1245 2778 1443 2832 πολλοῦ
1473 2779 1844 2850 διαστήματος
1875 2783 1976 2850 τῆς

391 2867 668 2938 θαλάσσης
694 2867 797 2931 ὣν,
824 2867 918 2921 τόν
943 2885 1002 2921 τε
1030 2868 1125 2921 τοῦ
1172 2870 1336 2922 τόπου
1371 2872 1673 2924 ἐπίσκοπον
1723 2873 1818 2924 καὶ
1848 2871 1980 2924 πολ-

389 2959 515 3023 λοὺς
543 2960 738 3023 ἀλλους
766 2958 862 3012 τοῦ
894 2976 954 3012 τε
1001 2959 1205 3029 κλήρου
1263 2961 1359 3012 καὶ
1401 2962 1497 3013 τοῦ
1541 2961 1794 3014 πλείστου
1845 2960 1978 3013 λαοῦ

394 3054 754 3122 συγκινήσας,
805 3050 940 3120 πρὸς
963 3049 1206 3121 ὑπαντὴν
1241 3051 1468 3120 ἐξῆλθεν
1496 3052 1592 3105 τοῦ
1642 3052 1940 3106 ἀποστόλου
1960 3068 1976 3084 ο

2077 603 2352 658 ebulliens
2381 609 2542 656 nocte
2573 602 2792 670 dieque.
2829 600 2977 665 Haec,
3011 601 3102 655 ubi
3135 602 3403 666 duntaxat
3427 602 3662 670 apostoli

2076 692 2757 762 sensitadventum,quod
2790 690 3075 747 vicinitate
3127 692 3378 761 Liparam
3421 693 3662 748 oblzede-

2076 784 2192 850 bat,
2221 784 2408 838 divina
2441 785 2688 854 potentia
2721 784 2907 838 statim
2933 791 3194 844 retracta,
3236 791 3444 852 septem
3469 785 3662 852 procul

2076 878 2269 932 stadiis
2293 878 2553 941 recessit;
2578 876 2724 946 quod
2752 875 3076 929 miraculum
3103 884 3309 930 tractus
3335 875 3488 929 velut
3509 891 3662 930 recc-

2075 969 2258 1023 dentis
2290 967 2444 1023 ﬂuvii
2479 969 2533 1022 in
2564 968 2716 1023 hunc
2737 983 2914 1037 usque
2943 967 3090 1021 diem
3139 966 3402 1036 praedicat
3434 981 3498 1022 ac
3528 983 3661 1036 pro-

2076 1061 2177 1116 dit.
2217 1060 2532 1115 Oinaudita
2579 1060 2961 1129 stupendaque
3001 1059 3304 1113 miracula!
3361 1073 3396 1112 o
3439 1060 3664 1113 modum

2078 1166 2298 1206 omnem
2332 1152 2657 1206 excedentia
2687 1151 2971 1221 prodigia!
3004 1151 3107 1208 Ubi
3147 1151 3276 1204 talia
3309 1150 3364 1204 in
3405 1151 3664 1205 universa

2076 1259 2198 1312 quae
2223 1243 2326 1297 sub
2353 1244 2467 1297 sole
2496 1253 2580 1297 est
2599 1243 2857 1313 cognita?
2881 1243 3179 1311 Postquam
3201 1256 3335 1295 vero
3354 1241 3524 1295 etiam
3551 1241 3666 1308 epi-

2077 1347 2280 1402 scopus
2314 1333 2626 1402 elegantem
2697 1331 2873 1385 atdcm
2909 1330 3158 1400 apostolo
3191 1329 3549 1394 excitaverat,
3579 1338 3664 1382 at—

2076 1439 2183 1493 que
2212 1423 2266 1477 in
2292 1423 2563 1492 illa'quasi
2589 1422 2894 1492 pretiosum
2921 1423 3261 1484 thesaurum,
3284 1421 3503 1475 beatum
3532 1419 3666 1474 illud

2077 1527 2142 1566 ac
2175 1512 2495 1566 venerabile
2541 1513 2742 1580 pignus
2798 1526 2923 1565 cum
2967 1526 3103 1564 urna
3141 1507 3510 1580 deposuerat,
3540 1510 3667 1579 quis

2076 1601 2285 1657 referre
2314 1601 2490 1670 possit
2518 1609 2722 1669 quanta
2761 1601 2836 1654 ibi
2863 1600 3110 1668 quotidie
3139 1599 3334 1654 ﬁerent
3367 1600 3668 1654 miracula?

2147 1693 2334 1762 Longa
2391 1692 2576 1760 itaque
2611 1706 2882 1745 annorum
2915 1691 3146 1746 decursa
3191 1690 3358 1754 serie,
3401 1689 3670 1744 extremis

2078 1783 2443 1858 temporibus,
2477 1783 2534 1837 in
2565 1782 2764 1836 diebus
2785 1782 3079 1850 Theophili
3107 1781 3483 1849 imperatoris,
3506 1787 3666 1848 capto

2075 1876 2144 1931 ab
2167 1875 2456 1946 Agarenis,
2506 1873 2578 1928 ob
2632 1874 2792 1941 plura
2829 1860 3014 1926 nostra
3047 1872 3280 1931 scelera,
3326 1870 3381 1923 in
3411 1885 3523 1938 quo
3542 1884 3671 1922 san-

2073 1974 2198 2020 ctus
2241 1965 2527 2034 apostolus
2552 1963 2792 2033 iacebat,
2823 1961 3104 2031 praesidio,
3155 1960 3420 2028 omnique
3463 1959 3662 2028 Lipara

2073 2056 2254 2112 insula
2283 2061 2540 2110 manente
2563 2054 2830 2119 desolata,
2865 2053 3265 2107 Beneventanze
3294 2049 3451 2104 urbis
3505 2055 3665 2118 regu-

2073 2153 2184 2209 lus,
2208 2144 2443 2214 apostoli
2476 2143 2754 2212 perceptis
2785 2140 3087 2205 miraculis,
3116 2139 3352 2195 ferventi
3375 2154 3506 2206 erga
3535 2152 3664 2191 san-

2075 2243 2225 2292 ctum
2258 2234 2365 2290 [ide
2383 2234 2677 2298 excitatus,
2701 2232 3102 2301 Amalphita'nai
3146 2229 3303 2284 urbis
3351 2227 3536 2291 nautis
3563 2226 3667 2280 ali-

2074 2336 2212 2399 quot
2231 2327 2569 2394 convocatis,
2600 2342 2665 2381 ac
2694 2335 2946 2396 quantas.
2957 2340 3060 2398 par
3083 2333 3206 2378 erat
3235 2323 3500 2392 pecunias
3529 2319 3664 2374 dare

2075 2419 2376 2490 pollicitus,
2403 2419 2484 2474 ire
2505 2419 2690 2490 jussit,
2720 2433 2785 2473 ac
2814 2417 3118 2488 pretiosum
3149 2415 3304 2469 illum
3345 2414 3666 2467 thesaurum

2076 2511 2145 2566 ad
2176 2526 2236 2567 se
2265 2509 2506 2566 deferre.
2542 2508 2701 2576 Quod
2729 2517 2787 2565 et
2819 2507 3075 2579 contigit.

2147 2781 2322 2848 Quem
2371 2781 2620 2837 dicebam
2673 2780 2860 2849 itaque
2913 2777 3137 2849 regulus
3190 2775 3356 2846 longo
3407 2771 3668 2843 procula

2078 2871 2218 2926 mari
2257 2871 2568 2934 intervallo,
2606 2871 2898 2938 accitoque
2930 2869 3038 2924 loci
3078 2868 3339 2937 episcopo
3369 2863 3668 2932 multisque

2080 2961 2224 3023 aliis,
2254 2968 2369 3014 tum
2403 2975 2471 3015 ex
2494 2960 2643 3015 clero
2673 2968 2789 3012 tum
2823 2975 2892 3013 ex
2923 2958 3070 3028 vulgi
3097 2957 3256 3026 plebe
3285 2956 3340 3009 in
3374 2969 3667 3009 occursum

2081 3051 2319 3120 apostoli
2358 3049 2568 3115 exivit;
2595 3049 3008 3117 adductumque
3043 3047 3418 3102 Beneventum
3451 3058 3671 3098 sacrum

393 3138 456 3197 οὗ
485 3143 580 3196 καὶ
611 3142 672 3195 τὸ
697 3142 852 3208 ἅγιον
880 3140 1138 3210 λείψανον
1173 3142 1232 3194 ἑν
1259 3143 1327 3212 τῇ
1371 3141 1524 3195 πόλει
1555 3142 1806 3196 Βενένδου
1841 3144 1981 3210 ἀγα-

2084 3141 2303 3210 pignus,
2323 3141 2379 3194 in
2403 3139 2704 3194 venerabili
2748 3139 2866 3193 aede
2910 3137 3207 3208 deposuit:
3264 3135 3363 3190 ubi
3394 3134 3558 3188 etiam
3581 3148 3674 3201 op.

395 3234 531 3303 γὼν,
566 3235 625 3287 ὲν
654 3232 934 3302 σεϐασμίῳ
965 3233 1116 3303 τόπῳ
1145 3233 1426 3289 κατέθετο.
1490 3233 1659 3287 Ἔνθα
1685 3236 1780 3288 καὶ
1811 3235 1981 3298 ἰάσεις

2084 3232 2300 3303 pidanis
2356 3231 2616 3286 omnibus
2665 3231 2987 3286 sanctitates
3034 3236 3305 3297 praestans
3335 3223 3673 3281 clarescebat

396 3325 661 3379 ἐπιτελῶν
689 3323 718 3376 ὁ
749 3324 923 3392 μέγας
962 3323 1282 3389 ἀπόστολος,
1315 3326 1450 3378 πᾶσι
1496 3326 1610 3388 τοῖς
1633 3325 1814 3378 ἐκεῖσε
1848 3324 1987 3378 ἐδεί-

396 3432 580 3479 κνυτο,
605 3415 684 3480 εἰς
706 3415 867 3482 δόξαν
888 3414 984 3468 τοῦ
1009 3414 1358 3484 ὑπεραγάθου
1381 3414 1721 3486 Θεοῦήμῶν.

1012 3551 1232 3604 ΛΟΓΟΣ
1269 3551 1371 3604 IA'.

399 3670 506 3734 Εἷς
553 3667 664 3722 τὸν
701 3667 873 3734 ἅγιον
904 3665 1003 3720 καί
1037 3665 1431 3733 πανεύςρημον
1477 3665 1829 3720 ἀπόστολον
1878 3664 1980 3717 καὶ

707 3736 1148 3806 εὐαγγελιστὴν
1175 3735 1479 3790 Ματθαῖον
1507 3735 1639 3805 (49).

471 3847 753 3904 Ματθαίου
783 3847 841 3900 δὲ
877 3847 1098 3915 μνήμης
1146 3845 1200 3898 τί
1241 3846 1307 3899 ἂν
1340 3846 1550 3912 γένοιτο
1587 3844 1978 3915 χαριέστερον;

402 3939 482 3994 Δι’
511 3941 593 3994 ὅτι
623 3938 684 3993 οὐ
715 3938 870 4009 ψιλὸν
903 3938 1034 4007 ήμῖν
1063 3935 1156 3989 τὸν
1201 3935 1521 4003 ἀπόστολον,
1570 3937 1711 3989 κατά
1737 3936 1864 3999 τοὺς
1887 3935 1982 3990 ἀλ-

405 4116 692 4173 Relatione
722 4113 914 4166 insulae
958 4117 1160 4165 sanctae
1191 4109 1363 4164 liena:
1394 4121 1563 4177 prope
1617 4107 1837 4162 Cretam
1885 4105 1988 4159 lia-

407 4189 613 4241 bentur
639 4183 866 4251 scripta.

481 4255 592 4324 (£8)
628 4255 737 4324 Ἐν
757 4245 888 4324 ταῖς
919 4250 1167 4324 ἡμέραις
1205 4247 1511 4324 ΘεαῖοςρῖίλουΔ
1525 4245 1632 4299 τοῦ
1657 4245 1986 4324 βασιλέως.

411 4313 702 4394 Appendix
750 4313 1111 4394 Anaﬁstasia’na
1161 4313 1391 4394 perinde
1423 4315 1615 4394 refert,
1666 4315 1770 4368 etsi
1803 4313 1989 4368 Theo-

406 4385 546 4466 phili
593 4409 703 4466 non
758 4389 1042 4466 meminit;
1075 4385 1365 4466 pauloque
1389 4385 1561 4466 aliter
1593 4399 1726 4466 rem_
1757 4394 1943 4466 narrat
1970 4399 1984 4448 ;

407 4451 610 4530 nempe
633 4461 832 4517 factam
857 4451 1254 4530 revelatioiiem
1275 4451 1497 4530 cuidam
1513 4453 1784 4530 monacho
1799 4451 1987 4530 Graeco

412 4543 472 4588 ut
517 4521 768 4600 dispersa
816 4543 943 4600 ossa
983 4527 1266 4600 colligeret
1331 4524 1486 4600 signo
1536 4521 1710 4600 divini
1763 4523 1988 4600 luminis

408 4592 624 4672 agnita;
667 4614 790 4668 quae
815 4598 931 4672 ipsa
957 4598 1078 4666 ejus
1106 4592 1183 4672 rei
1217 4592 1398 4672 fama,
1416 4593 1532 4672 sive
1559 4592 1725 4672 etiam
1750 4592 1994 4672 miracu:

409 4661 754 4739 lorum—qlia:
788 4661 918 4722 olim
966 4661 1397 4739 percrebuerant
1438 4661 1492 4739 i_n
1533 4661 1708 4715 sancti
1759 4662 1992 4731 apostoli

407 4731 664 4803 tumulo,-
701 4739 757 4791 in
791 4731 1182 4796 causa—fuerit,
1220 4742 1283 4788 ut
1322 4732 1396 4803 ita
1446 4731 1868 4803 Beneventanus
1903 4746 1993 4784 re-

409 4811 575 4881 gulus
604 4800 701 4863 seu
729 4806 1101 4881 magistratus,
1127 4820 1242 4881 per_
1259 4800 1561 4881 conductos
1579 4801 1995 4881 Amalpbitanos

409 4870 610 4933 nautas
653 4870 871 4932 sacrum
925 4870 1144 4944 pignus
1179 4872 1302 4944 sibi
1326 4870 1651 4939 rapiendum
1689 4870 1991 4940 putaverit,

411 4950 534 5018 ipso
580 4946 808 5018 forsitan
855 4941 1362 5018 Griecomonacho
1423 4948 1723 5001 annuente.
1779 4950 1841 5018 e_t_
1863 4955 1990 4994 cum

409 5010 582 5072 a'suis
610 5015 813 5071 Gnecis
867 5014 1006 5067 nihil
1054 5013 1165 5081 jam
1199 5012 1320 5081 opis
1368 5018 1734 5081 exspectaret.
1789 5010 1993 5081 Sicque

409 5089 516 5142 alia
542 5087 703 5140 aliam
747 5086 904 5153 juvet
962 5078 1375 5153 narratio,’n_9n
1418 5079 1721 5153 quidquam
1771 5078 1992 5153 oIliciat.

485 5157 598 5227 (49)
627 5149 865 5227 Matthxi
902 5168 1011 5227 res,
1055 5160 1255 5227 pneter
1285 5149 1640 5218 Evangelium
1675 5149 1743 5227 ab
1764 5164 1830 5202 eo
1852 5149 1993 5227 scri-

411 5218 592 5295 ptum,
621 5225 871 5295 obscura:
901 5218 1194 5295 admodum
1228 5218 1770 5295 remansere,_niill_is
1817 5226 2026 5295 certat

414 5277 908 5361 trideiiauctoribus
940 5291 1312 5361 consignatae;
1348 5287 1534 5361 Abdia_
1552 5277 1870 5358 Babylonio
1893 5287 1994 5361 [εις

412 5366 612 5419 butoso
641 5372 866 5418 auctore
890 5359 1002 5415 fere
1035 5355 1286 5429 proditas,
1317 5372 1482 5429 quem
1522 5355 1702 5425 ipsum
1733 5355 1996 5411 exscribit

411 5432 739 5497 Perionius;
790 5427 1048 5500 quodque
1082 5428 1231 5500 nulla
1285 5427 1448 5500 aﬂert
1500 5434 1748 5480 veterum
1798 5441 1996 5500 monu-

413 5512 621 5566 menta,
652 5495 856 5556 nullam
897 5495 978 5554 eis
1011 5499 1276 5567 majorem
1312 5495 1571 5567 conferre
1607 5496 1992 5567 auctoritatem

413 5565 625 5627 certum
649 5580 752 5626 est.
787 5571 918 5636 Quae
944 5565 1220 5622 novissime
1263 5579 1327 5617 ea:
1368 5565 1598 5636 antiquis
1621 5566 1992 5636 monumentis

415 5651 465 5695 et
507 5633 829 5694 sanctoruni
865 5639 1087 5692 Patrum
1116 5636 1325 5703 scriptis
1372 5633 1676 5703 collegitR.
1725 5633 1790 5687 υ.
1821 5633 1992 5688 Marc.

414 5711 676 5765 Antonius
721 5709 983 5764 Columna
1033 5702 1451 5773 archiepiscopus
1501 5702 1896 5767 Salernitanus,
1943 5711 1992 5755 et

414 5797 543 5834 sane
563 5781 773 5838 quidem
794 5779 1015 5842 erudite,
1045 5784 1106 5830 ut
1131 5782 1323 5829 auctor
1338 5783 1424 5829 est
1445 5773 1713 5828 Baronius
1744 5773 1801 5828 in
1820 5773 1990 5840 notis,

2084 3339 2317 3394 magnus
2347 3324 2655 3392 apostolus,
2695 3322 2751 3376 in
2803 3321 2900 3376 Dei
2934 3320 3110 3376 nostri
3145 3318 3398 3390 gloriam,
3423 3314 3520 3386 qui
3549 3329 3671 3370 om-

2082 3431 2210 3471 nem
2237 3415 2370 3471 boni
2395 3415 2666 3470 rationem
2691 3413 2931 3468 excedit.
3121 3397 3127 3403 ’

2678 3547 2945 3620 ORATIO
2987 3547 3082 3603 x1.

2086 3662 2349 3718 Laudatio
2369 3663 2542 3716 sancti
2570 3661 3068 3731 celebratissimique
3090 3659 3318 3732 apostoli
3338 3666 3387 3714 et
3410 3656 3674 3730 evangeli-

2681 3739 2778 3785 stw
2813 3731 3070 3785 Mattltwi.

2681 3742 2778 3786 ειω
2813 3742 3070 3786 Matthxi.

2159 3843 2398 3898 liatthaai
2434 3843 2702 3898 memoria
2726 3843 2990 3912 quidnam
3036 3842 3204 3897 fuerit
3249 3840 3497 3910 gratius?
3524 3841 3674 3908 quod

2087 3935 2301 3991 scilicet
2321 3950 2432 3990 non
2453 3935 2664 3989 nudum
2690 3935 2852 3989 nobis
2881 3935 3214 4004 apostolum.
3240 3934 3386 3988 sicut
3409 3931 3670 4003 reliquos,

2089 4105 2224 4159 mihi
2258 4105 2312 4158 in
2342 4120 2538 4158 manus
2563 4120 2672 4157 non
2703 4119 2931 4164 venere;
2973 4113 3028 4159 et
3051 4105 3190 4158 forte
3236 4104 3544 4173 potuissent
3595 4115 3674 4163 Ia-

2087 4175 2504 4244 boremilevare,
2530 4174 2872 4244 gratiamque
2905 4174 2952 4229 is
2982 4173 3098 4242 ipse
3129 4175 3370 4238 fecisset,
3402 4174 3445 4228 si
3469 4190 3536 4228 ex
3567 4175 3676 4231 illis

2086 4243 2293 4314 aliquid
2348 4243 2549 4314 saltem
2591 4243 2887 4298 delibasset
2920 4262 2933 4297 :
2963 4245 3070 4298 nisi
3113 4251 3241 4298 sunt
3272 4245 3360 4298 illa
3398 4244 3515 4312 ipsa
3549 4261 3674 4314 quae

2091 4313 2271 4384 affert.
2296 4313 2399 4384 ,Ait
2427 4323 2611 4384 autem
2641 4314 2942 4384 se__legisse
2978 4314 3031 4368 in
3062 4313 3250 4368 libello
3289 4313 3577 4384 Hippolyti
3598 4315 3676 4370 De

2086 4383 2361 4436 duodecim
2379 4382 2658 4452 apostolis,
2690 4382 3001 4436 Matt/tivum
3032 4385 3300 4437 victimam
3327 4382 3526 4452 factum
3564 4387 3671 4439 vir~

2090 4452 2331 4522 ginitatis
2361 4467 2378 4504 :
2404 4451 2675 4504 alludente
2696 4454 2948 4506 nimirum
2977 4461 3192 4506 auctore
3219 4453 3290 4505 ad
3312 4451 3589 4508 historiam
3607 4455 3676 4508 de

2021 4500 2062 4554 ο
2090 4500 3191 4605 1533a'ilgiaeaigiiaagfﬁt:igni};
3210 4500 3438 4605 ἐξ
3451 4500 3676 4605 qua;

2097 4609 2156 4645 eo
2179 4591 2285 4644 Deo
2315 4591 2513 4644 dicata.
2542 4591 2745 4659 Nempe
2768 4591 2969 4660 legitur
2994 4591 3053 4647 in
3074 4593 3225 4647 Actis
3253 4592 3672 4647 illisAbdianis:

2097 4677 2369 4743 nusquam
2405 4660 2540 4743 alibi
2571 4678 2583 4713 :
2620 4661 2755 4743 mihi
2807 4661 3333 4743 editusullippolyti
3357 4663 3677 4743 “indiculus

2097 4679 2369 4742 niis-quam
2409 4679 2540 4742 anni
2571 4679 2583 4713 :
2620 4679 2755 4741 mini
2807 4679 2992 4716 eaitus
3059 4679 3333 4784 iiiﬁpoiyii
3395 4679 3674 4743 iuuicuius

2096 4731 2234 4784 nihil
2258 4731 2422 4785 habet
2448 4731 2751 4798 ejusmodi;
2787 4739 2843 4785 at
2869 4747 2970 4786 nec
2990 4732 3117 4785 Matt
3163 4747 3226 4785 mi
3255 4748 3309 4784 in
3334 4731 3674 4800 IEthiopiam

2097 4801 2314 4855 itineris
2352 4809 2446 4853 aut
2478 4800 2904 4868 praedicationis,
2945 4817 3067 4870 qua:
3087 4801 3317 4868 proinde
3346 4801 3520 4855 videri
3545 4817 3674 4870 pos-

2095 4871 2209 4952 sint
2241 4871 2294 4952 in
2328 4870 2630 4952 Ilip‘polyto-
2657 4871 2977 4952 .subdititia.
3005 4949 3014 4952 _
3041 4871 3424 4952 Mftaphrastis
3450 4872 3676 4925 nomine

2096 4941 2316 5008 vulgata
2343 4938 2556 5009 Actaja
2609 4939 2910 5009 Lipomano
2966 4949 3022 4994 et
3075 4938 3242 4994 Surio
3270 4941 3496 5000 omissa.
3550 4955 3676 4994 cum

2095 5009 2420 5079 probatiora
2446 5008 2759 5079 videantur,
2784 5025 2946 5079 quam
2993 5009 3084 5064 illa
3115 5012 3287 5065 altera
3346 5010 3424 5066 illi
3469 5025 3676 5078 repra-

2098 5088 2330 5142 sentata,
2378 5078 2671 5149 eidemque
2720 5078 3024 5149 Lipomano
3057 5080 3302 5135 secundo
3352 5079 3674 5149 locoiedita,

2096 5159 2249 5203 extra
2279 5148 2559 5201 Parthiam
2584 5147 2708 5203 non
2742 5147 2969 5204 trahunt
2998 5149 3335 5213 Matthaaum,
3365 5158 3422 5205 et
3474 5147 3672 5202 Hiera-

2096 5219 2265 5289 polim
2295 5217 2487 5287 Syriae,
2516 5218 2572 5271 in
2588 5233 2698 5287 qua
2726 5220 3051 5289 martyrium
3080 5219 3294 5274 fecerit.
3320 5219 3400 5274 Ac
3435 5217 3678 5289 delphi-

2131 5287 2290 5357 enia,
2311 5295 2523 5357 certum
2553 5296 2658 5351 est,
2691 5287 2893 5357 prater
2928 5304 3098 5342 novas
3141 5290 3418 5343 Romanas
3459 5287 3676 5357 tabulas

2176 5355 2333 5410 ronio
2362 5355 2598 5424 aliisque
2621 5354 2831 5421 auctas,
2868 5357 3044 5413 Clem.
3095 5359 3209 5414 VIII
3234 5372 3452 5414 summo
3492 5354 3676 5424 ponti-

2098 5425 2220 5495 tice.
2245 5426 2425 5495 nullas
2453 5423 2590 5479 alias
2613 5427 2732 5495 ejus
2757 5443 2958 5480 nomen
2997 5428 3224 5492 habere,
3269 5442 3341 5480 ne
3371 5423 3506 5495 ipsis
3551 5423 3678 5494 qui-

2093 5494 2222 5565 dem
2255 5492 2528 5565 Romanas
2557 5492 2720 5565 paulo
2748 5496 3096 5564 superiores;
3131 5497 3186 5550 in
3210 5492 3413 5565 quibus
3440 5495 3544 5547 hoc
3569 5492 3677 5565 iso-

2096 5562 2210 5616 Ium
2241 5563 2308 5616 de
2337 5562 2591 5617 Matthazo
2621 5583 2634 5618 :
2671 5562 2868 5618 Natale
2906 5567 3076 5618 sancti
3101 5562 3338 5618 Matthan'
3375 5562 3598 5630 apostoli
3624 5569 3676 5615 et

2097 5632 2452 5702 evangelista,
2477 5633 2566 5701 qui
2589 5635 2732 5702 apud
2751 5634 3079 5701 zEtItiOpiam
3130 5635 3445 5702 praedicans,
3474 5640 3678 5702 marty-

2095 5702 2234 5754 rium
2251 5718 2437 5770 passus
2450 5710 2546 5755 est.
2579 5703 2750 5768 Hujus
2776 5702 3128 5770 Evangetium
3152 5702 3409 5756 Hebraico
3436 5717 3677 5757 sermone

2098 5761 2486 5842 conscriptum,
2531 5761 2739 5827 Christo
2805 5761 3106 5840 revelante,
3158 5782 3392 5844 tempore
3449 5771 3674 5828 lenonio
