4094 6452
488 349 599 414 2‘23

1708 350 2000 410 NICETi-E
2037 349 2568 409 PAPIILAGONIS

3663 343 3778 405 29.4

490 459 773 530 Evangelii
797 458 1260 528 conscriptionem
1287 458 1533 512 animum
1565 456 1764 528 adjecit
1789 475 1804 522 ;
1834 457 2072 525 primus.

2186 473 2265 518 ro;
2293 456 2571 518 Ματθαϊος
2606 453 2701 506 ἐπὶ
2727 452 2826 523 τὴν
2854 451 3006 522 ἱερὰν
3033 450 3127 505 τοῦ
3152 450 3485 519 Εὐαγγελίου
3513 444 3616 520 ἧκε
3645 469 3777 518 συγ.

489 565 597 619 que
619 550 833 605 Novum
859 550 1018 604 nobis
1040 549 1456 604 Testamentum
1481 548 1779 604 enarravit.
1831 548 1907 600 Ac
1930 546 2074 600 sicut

491 639 583 694 ille
609 640 741 693 olim
772 640 951 695 Moses
1002 640 1235 709 primam
1270 638 1460 692 mundi
1481 637 1782 707 originem,
1823 652 1886 690 ac
1919 637 2075 690 dein—

489 743 622 798 ceps
649 730 898 783 omnium
947 729 1043 784 Dei
1092 744 1322 799 operum
1353 727 1822 798 magniﬁcentiora
1868 727 2076 794 scripto

488 820 835 889 consignavit
864 838 878 873 :
917 819 997 874 sic
1029 819 1294 873 nimirum
1343 826 1399 875 et
1421 818 1544 882 iste,
1577 817 1781 872 Christi
1827 817 1923 871 Dei
1949 824 2073 880 ort_u

491 910 792 976 recensito,
811 911 960 965 illius
974 909 1174 965 exinde
1203 909 1592 963 miraculorum
1619 924 1836 962 omnem
1862 908 2076 978 magni-

490 1003 753 1062 eentiam.
809 1003 1013 1056 divinis
1068 1001 1278 1070 scripto
1340 1000 1827 1070 praedicationibus
1883 999 2072 1053 tradit.

491 1093 782 1147 Mattlizeus
836 1094 1072 1155 scilicet.
1105 1093 1283 1147 ﬁdelis
1335 1109 1401 1147 ac
1451 1091 1696 1161 prudens
1727 1091 2078 1159 dispensator

491 1181 693 1246 Patris,
718 1183 936 1252 sapiens
953 1197 1288 1252 magnusque
1319 1181 1486 1236 Verbi
1516 1180 1880 1250 evangelista;
1909 1181 2077 1234 Para-

493 1270 623 1325 cleti
649 1269 889 1341 denique
916 1271 1240 1341 splendidus
1263 1270 1588 1341 praedicator
1610 1285 1674 1325 ac
1691 1271 1875 1325 scriba
1897 1271 2079 1325 velox.

564 1446 873 1512 Matthaeus,
924 1447 1082 1516 cujus
1135 1446 1181 1501 si
1210 1461 1414 1502 nomen
1466 1447 1870 1517 interpreteris,
1913 1451 2085 1504 dona-

497 1547 580 1590 tus
615 1537 752 1606 (49⁸)
782 1536 987 1591 dicitur
1012 1554 1026 1590 :
1056 1552 1086 1592 e
1115 1536 1321 1591 mundo
1343 1537 1566 1607 quidem
1591 1538 1744 1592 velut
1770 1540 2084 1608 pulcherri—

493 1643 578 1681 ma
622 1627 904 1691 delibatio,
970 1627 1208 1682 donatus
1266 1627 1489 1682 Christo
1531 1643 1596 1683 ac
1630 1629 1820 1684 divino
1870 1630 2080 1700 Spiritu

491 1716 712 1786 genitus
750 1717 1041 1787 Verboque
1072 1718 1324 1772 veritatis
1355 1717 1656 1787 perfectus,
1689 1719 1760 1773 ab
1805 1719 1929 1789 ipso
1959 1737 2082 1775 rur-

490 1782 588 1863 sus
609 1808 666 1862 in
688 1809 868 1863 lucem
897 1782 966 1864 et.
982 1809 1216 1864 salutem
1239 1782 1484 1881 gentium
1514 1810 1753 1866 donatus
1784 1782 2082 1881 est,usque
2112 1782 2158 1840 Β

490 1899 560 1955 ad
610 1909 917 1955 extremum
980 1909 1142 1956 terra:
1183 1903 1225 1955 ⁸.
1279 1903 1380 1958 Hic
1413 1919 1514 1958 nos
1539 1903 1708 1958 hodie
1744 1918 2080 1966 convocans,

491 1991 952 2061 suamquedpsius
973 1993 1294 2048 memoriam
1313 1993 1769 2064 splendidissima:
1783 1995 2082 2050 celebrita-

492 2081 567 2138 tis
581 2092 963 2154 argumentum
983 2093 1266 2154 praestans,
1279 2086 1458 2140 laetam
1477 2087 1713 2140 maxime
1730 2101 1795 2141 ae
1809 2085 2080 2140 admiran-

494 2174 621 2228 dam
648 2174 1034 2231 desiderabilis
1063 2176 1299 2231 convivii
1325 2177 1792 2246 compotationem
1845 2177 2076 2244 indixit;

493 2265 724 2321 solidam
754 2266 977 2337 quidem
1028 2282 1094 2322 ac
1123 2266 1423 2336 perfectam
1464 2283 1666 2332 escam,
1702 2268 2079 2338 conscriptum

493 2354 564 2410 ab
592 2370 661 2411 eo
694 2355 1055 2428 Evangelium
1092 2372 1395 2427 apponens,
1433 2359 1731 2429 gratiaeque
1765 2375 2079 2415 sermonem

493 2462 564 2502 ex
575 2447 694 2518 ejus
707 2462 804 2503 ore
821 2448 1212 2518 procedentem
1227 2449 1248 2481 "
1271 2450 1426 2504 velut
1438 2451 1874 2505 sacratissimum
1895 2466 2082 2521 quem-

495 2536 622 2592 dam
647 2548 914 2594 craterem
937 2539 1200 2606 miscens,
1234 2539 1556 2611 Christique
1589 2551 1840 2598 amantes
1867 2541 2082 2598 animos

495 2643 688 2684 omnes
713 2628 1021 2684 laetiﬁcans.

484 2712 487 2714 ’
569 2717 680 2773 Sed
706 2717 996 2774 videamus
1020 2719 1171 2789 quali
1192 2735 1259 2774 ex
1286 2718 1422 2785 vita,
1454 2735 1519 2775 ac
1545 2720 1781 2776 instituti
1815 2723 1970 2791 prius
1989 2737 2084 2792 ge-

493 2825 631 2865 nere
657 2810 745 2864 vir
767 2811 983 2876 beatus,
1018 2811 1088 2865 ad
1123 2827 1286 2881 quem
1311 2811 1554 2866 evaserit
1579 2811 1741 2866 linem
1768 2829 1782 2865 :
1808 2814 2083 2869 excellen-

499 2910 720 2970 temque
750 2901 1112 2956 mutationem
1171 2916 1497 2972 summeque
1537 2902 1841 2958 inauditam
1872 2903 1928 2957 in
1957 2919 2080 2959 me-

493 2992 605 3046 lius
637 2993 1150 3046 transmutationem
1179 2991 1538 3056 admirantes,
1575 2993 1883 3048 mirabilem
1908 2996 2081 3050 Deum

495 3083 553 3138 in
580 3083 814 3156 justitia,
845 3083 1152 3139 mirabilem
1173 3083 1230 3138 in
1252 3083 1500 3139 bonitate
1534 3085 1970 3156 magniﬁceuius.

519 3301 522 3304 .
569 3258 905 3315 Publieanus
932 3259 1087 3329 prius
1115 3258 1242 3324 fuit,
1291 3258 1498 3314 Christi
1529 3269 1720 3330 postea
1746 3261 2082 3333 discipulus;

499 3363 566 3402 ac
592 3350 952 3418 pecuniarum
984 3349 1368 3413 ratiocinator,
1395 3350 1682 3421 Evangelii
1719 3353 1995 3424 interpres
2029 3365 2086 3409 et

499 3447 811 3493 enarrator.
855 3439 1189 3494 Publicanus
1215 3455 1416 3510 nempe
1457 3441 1772 3498 inslitutum
1801 3445 1948 3514 quod
1979 3445 2086 3515 piis

502 3528 740 3584 maxime
760 3529 1193 3596 abhorrentium,
1221 3531 1601 3602 religiosaeque
1617 3536 1821 3590 mentis
1847 3535 2088 3590 homini-

503 3603 612 3672 bus
638 3617 1089 3672 scelestissimum
1126 3619 1418 3674 habeatur.
1443 3621 1586 3687 Quid
1611 3623 1758 3676 enim
1791 3625 2088 3681 violentius

502 3718 601 3763 aut
624 3709 796 3780 magis
821 3710 1187 3780 tyrannicum,
1219 3727 1382 3781 quam
1415 3714 1680 3782 pecunias
1719 3715 1962 3771 conflare
1989 3731 2086 3772 ea-

505 3815 743 3870 rumque
772 3810 1083 3858 exactorem
1114 3805 1271 3858 esse?
1298 3803 1440 3870 Quid
1472 3821 1604 3860 vero
1639 3806 1763 3861 vitae
1790 3823 1858 3862 ex
1906 3809 2089 3863 Evan-

502 3893 629 3965 gelii
665 3895 978 3950 rationibus
1033 3895 1301 3950 instituta:
1351 3895 1526 3967 magis
1554 3896 1869 3965 adversum,
1921 3915 2087 3969 quam

503 3986 815 4058 Opprimere
868 3987 1081 4053 viduas,
1141 4002 1556 4058 pauperumque
1615 3990 1828 4045 animas
1886 3990 2090 4062 injuste

506 4079 721 4133 trahere
741 4088 907 4149 atque
935 4094 1153 4144 vexare,
1177 4079 1292 4134 sive
1321 4079 1488 4134 etiam
1516 4081 1683 4150 juste,
1716 4089 1778 4135 ut
1807 4081 2092 4136 existima-

505 4171 639 4224 tur?
661 4170 936 4239 Utrinque
973 4171 1121 4224 enim
1173 4179 1382 4225 attenta
1418 4179 1627 4225 naturae
1651 4172 1911 4240 aequitate
1958 4186 2091 4228 vere

505 4260 662 4315 locus
682 4261 897 4329 injuriae
921 4268 1028 4322 est,
1062 4260 1278 4314 tametsi
1315 4260 1401 4313 lex
1431 4259 1695 4326 humana,
1727 4263 1936 4316 sancita
1958 4265 2091 4318 olim

508 4350 815 4418 tyrannide,
844 4349 1118 4403 actionem
1145 4349 1423 4403 innoxiam
1446 4349 1638 4404 dictet.
1657 4351 1778 4405 Non
1808 4354 1952 4408 enim
1975 4356 2093 4411 haec

2175 548 2415 617 γραφὴν.
2457 545 2669 615 πρῶτος
2700 546 2833 611 ἡμῖν
2871 543 2969 611 τὴν
2990 541 3198 611 Καινὴν
3223 540 3501 609 Διαθήκην
3547 541 3777 610 εἰσηγή-

2179 651 2306 687 σατο
2328 652 2341 665 ·
2378 635 2472 687 καὶ
2492 633 2681 700 ὥσπερ
2706 631 2912 698 Μωσῆς
2938 631 3148 692 ἐκεῖνος
3179 628 3240 681 τὸ
3277 627 3530 690 παλαιὸν,
3560 627 3776 682 ἄνωθεν

2175 726 2274 794 τὴν
2307 723 2722 793 κοσμογένειαν,
2764 723 2860 774 καὶ
2910 721 3037 790 ἑξῆς
3087 721 3198 772 τῶν
3228 721 3366 773 ὅλων
3419 720 3597 788 ἔργων
3625 719 3768 772 Θεοῦ

2177 818 2245 870 τὰ
2277 814 2834 886 μεγαλοπρεπέστερα
2886 811 3280 882 λογογραφῶν·
3343 809 3490 863 οὕτω
3545 810 3610 879 δὴ
3675 814 3776 863 καὶ

2177 906 2330 972 οὗτος
2359 909 2459 975 τὴν
2491 906 2706 974 γένεσιν
2731 902 2998 971 θεολογῶν
3019 901 3115 956 τοῦ
3145 901 3407 972 Χριστοῦ,
3436 902 3531 955 καὶ
3551 901 3774 954 πάντων

2179 998 2306 1068 ἑξῆς
2343 996 2452 1049 τῶν
2507 994 2673 1048 αὐτοῦ
2722 993 3015 1062 θαυμάτων
3043 992 3144 1062 τὴν
3194 991 3614 1060 μεγαλωσύνην,
3649 994 3776 1052 ταῖς

2179 1089 2478 1159 ἐγγράφοις
2511 1085 2982 1156 θεορρημοσύναις
3016 1082 3349 1155 παραδιδούς
3369 1099 3383 1112 ·
3421 1083 3725 1145 Ματθαὶος,
3746 1083 3777 1134 6

2180 1181 2369 1242 πιστὸς
2393 1178 2487 1232 καὶ
2527 1179 2792 1247 φρόνιμος
2822 1175 3107 1245 οἰκονόμος
3148 1174 3244 1228 τοῦ
3285 1174 3524 1244 Πατρδς,
3547 1174 3576 1226 6
3609 1173 3776 1239 σοφὸς

2178 1272 2274 1325 τοῦ
2303 1271 2478 1338 Λόγου
2502 1271 2597 1324 καὶ
2626 1271 2801 1339 μέγας
2853 1268 3251 1337 εὐαγγελιστής
3269 1283 3284 1297 ·
3338 1268 3368 1320 6
3396 1265 3650 1336 λαμπρὸς
3677 1264 3776 1318 τοῦ

2183 1366 2547 1435 Παρακλήτου
2576 1361 2753 1433 κήρυξ
2784 1361 2880 1414 καὶ
2910 1359 3219 1430 ὀξυγράφος
3241 1357 3628 1428 γραμματεύς.

2255 1455 2553 1516 Ματθαῖος,
2585 1456 2613 1506 6
2663 1451 3072 1519 ὄεδωρημένος
3099 1450 3540 1521 ἑρμηνευόμενος
3566 1465 3581 1480 ·
3620 1450 3680 1513 ὃς
3708 1451 3776 1503 ὲκ

2183 1545 2276 1599 τοῦ
2310 1545 2520 1612 κόσμου
2559 1542 2657 1613 μὲν
2687 1535 2779 1596 οἷά
2824 1557 2906 1604 τις
2956 1539 3179 1610 ἀπαρχὴ
3232 1538 3494 1606 καλλίστη
3538 1537 3778 1609 δεδώρη-

2181 1650 2274 1686 ται
2321 1629 2578 1703 Χριστῷ,
2629 1628 2929 1698 ἑΙῘνεύματι
2973 1629 3032 1682 δὲ
3093 1628 3222 1699 θείῳ
3276 1627 3562 1697 γεννηθεὶς
3593 1667 3610 1694 ,
3670 1632 3767 1682 καὶ

2184 1722 2342 1792 Λόγῳ
2419 1719 2674 1790 ἀληθείας
2740 1718 3148 1790 καταρτισθεὶς,
3211 1717 3368 1780 αὖθις
3397 1720 3512 1780 τοῖς
3560 1718 3773 1772 ἔθνεσιν

2186 1817 2266 1878 εἰς
2303 1813 2456 1882 ,φῶς
2513 1813 2644 1883 παρ’
2713 1811 2882 1865 αὐτοῦ
2964 1811 3059 1865 καὶ
3119 1810 3394 1878 σωτηρίαν
3435 1811 3542 1874 ἓως
3605 1810 3776 1880 ἐσχά-

2185 1924 2278 1960 του
2306 1905 2606 1975 δεδώρηται
2633 1904 2734 1973 τῆς
2763 1903 2891 1972 γῆς.
2923 1896 3094 1966 Οὗτος
3119 1904 3267 1972 ἡμᾶς
3299 1903 3542 1972 σήμερον
3569 1917 3776 1968 συγκα-

2184 1997 2316 2061 λῶν,
2349 1995 2444 2050 καὶ
2474 1993 2871 2064 λαμπροτάτης
2915 1992 3110 2062 ἑορτῆς
3135 1990 3424 2056 ὑπόθεσιν,
3459 1989 3560 2060 τὴν
3605 1986 3776 2043 αὑτοῦ

2185 2087 2405 2156 παναγῆ
2444 2086 2667 2157 μνήμην
2729 2083 3074 2154 ποιούμενος,
3127 2083 3363 2151 φαιδρὰν
3395 2083 3478 2136 ὅτι
3539 2081 3773 2150 μάλιστα

2185 2179 2280 2232 καὶ
2299 2177 2610 2247 Θαυμασίαν
2633 2175 2882 2228 ύπέτεινε
2904 2175 3224 2244 φιλοτησίαν
3247 2190 3262 2206 ·
3287 2173 3516 2245 στερεὰν
3549 2173 3648 2245 μὲν
3676 2173 3772 2226 καὶ

2183 2268 2397 2322 τελείαν
2423 2267 2651 2338 τροφὴν,
2669 2266 2734 2320 τὸ
2762 2267 2883 2320 κατ’
2906 2267 3072 2321 αὐτὸν
3101 2265 3439 2335 Εὑαγγέλιον
3471 2263 3771 2336 προτιθείς·

2182 2358 2276 2412 τδν
2297 2357 2455 2426 λόγον
2470 2357 2527 2410 δὲ
2554 2357 2652 2426 τῆς
2679 2355 2925 2426 χάριτος,
2957 2355 3049 2410 τὸν
3080 2354 3170 2408 διὰ
3192 2355 3288 2409 τοῦ
3311 2354 3581 2422 στόματος
3605 2351 3774 2406 αὑτοῦ

2187 2449 2578 2518 πορευόμενον,
2609 2441 2697 2500 οἷά
2724 2463 2848 2500 τινα
2869 2446 3124 2517 κρατῆρα
3148 2443 3560 2516 μυστικώτατον
3581 2446 3772 2515 ἐγκιρ-

2184 2539 2313 2604 νῶν,
2343 2540 2437 2592 καὶ
2475 2538 2658 2599 πάσας
2688 2537 2917 2608 καρδίας
2951 2536 3261 2608 εὐφραίνων
3296 2533 3701 2605 Χριστοφιλεῖς.

2269 2717 2412 2770 Ἀλλ’
2445 2716 2645 2788 ἴδωμεν
2681 2718 2794 2771 οἴου
2828 2717 2967 2788 βίου,
2989 2717 3085 2772 καὶ
3113 2716 3234 2781 οἵας
3255 2716 3521 2788 πρότερον
3547 2717 3575 2769 6
3593 2713 3772 2786 μακά-

2190 2829 2306 2882 ριος
2343 2810 2621 2874 πολιτείας
2676 2808 3014 2880 τετυχηκὼς,
3051 2810 3132 2871 είς
3173 2803 3287 2862 οἷον
3317 2809 3563 2878 καταντᾷ
3585 2805 3736 2869 τέλος
3758 2823 3772 2836 ο

2186 2906 2281 2960 καὶ
2312 2906 2374 2959 τὸ
2428 2905 2532 2975 τῆς
2583 2905 2890 2975 μεταϐολῆς
2929 2901 3303 2974 ὑπερϐάλλον,
3357 2902 3455 2956 καὶ
3489 2901 3552 2954 τὸ
3591 2917 3772 2954 καινο-

2187 2998 2566 3070 πρεπέστατον
2597 2996 2700 3066 τῆς
2753 2996 2848 3049 ἐπὶ
2893 2995 2957 3048 τὸ
3007 2997 3258 3066 κρεῖττον
3298 2992 3771 3058 ἐκτεθαυμακότες

2187 3088 2544 3149 ἀλλοιώσεως,
2573 3087 2663 3141 τὸν
2686 3086 3000 3157 θαυμαστὸν
3021 3087 3077 3139 ὲν
3101 3083 3440 3156 δικαιοσύνῃ,
3463 3083 3772 3153 θαυμαστὸν

2184 3184 2243 3235 ὲν
2263 3179 2596 3251 χρηστότητι
2629 3177 3023 3248 μεγαλύνωμεν
3051 3177 3208 3231 Θεόν.

2255 3270 2508 3341 Τελώνης
2526 3266 2594 3342 ἦν
2627 3270 2914 3343 πρότερον,
2936 3272 2964 3322 ὁ
2988 3269 3228 3339 Χριστοῦ
3254 3269 3504 3340 μαθητὴς
3525 3266 3772 3337 ὕστερον·

2186 3362 2284 3417 καὶ
2316 3363 2618 3434 χρημάτων
2639 3361 2914 3430 λογιστὴς,
2934 3363 2963 3414 6
2988 3360 3083 3414 τοῦ
3106 3359 3441 3429 Εὐαγγελίου
3464 3359 3773 3430 ύφηγητής.

2186 3450 2457 3522 Τελώνης,
2488 3451 2548 3504 τὸ
2570 3452 2976 3504 ἁπευκτότατον
3023 3452 3136 3512 τοῖς
3167 3449 3441 3513 εὐσεϐέσι,
3480 3447 3541 3500 τὸ
3591 3447 3770 3516 ἁμαρ-

2185 3543 2555 3613 τητικώτατον
2585 3545 2699 3604 τοῖς
2728 3542 3014 3595 εὐλαϐέσιν
3045 3541 3386 3612 ἐπιτήδευμα
3407 3537 3684 3620 νομισθὲν.
3709 3537 3773 3589 Τί

2187 3633 2296 3704 γὰρ
2323 3634 2416 3686 τοῦ
2451 3634 2712 3704 χρήματα
2746 3634 3008 3704 πράττειν
3033 3633 3334 3704 βιαιότερον
3365 3631 3398 3702 ἥ
3434 3619 3773 3701 τυραννικώ-

2186 3741 2380 3793 τερον;
2410 3724 2464 3776 τί
2491 3725 2548 3778 δὲ
2581 3724 2719 3795 πρὸς
2747 3725 2848 3795 τὴν
2875 3725 3017 3777 κατὰ
3043 3725 3104 3777 τὸ
3154 3722 3488 3790 Εὑαγγέλιον
3518 3719 3773 3774 ἐναντιώ-

2189 3831 2346 3884 τερον
2372 3814 2540 3883 ζωὴν,
2565 3814 2660 3868 τοῦ
2688 3816 2873 3885 χηρῶν
2905 3815 3222 3886 κατάρχειν,
3284 3814 3381 3866 καὶ
3441 3811 3629 3882 σύρειν
3679 3810 3772 3862 καὶ

2189 3901 2392 3956 θλίϐειν
2428 3903 2676 3973 πενήτων
2701 3904 2882 3973 ψυχὰς
2904 3902 3128 3966 ἀδίκως,
3167 3903 3264 3955 εἴτ’
3293 3897 3388 3955 οὖν
3415 3901 3664 3963 δικαίως,
3700 3898 3773 3961 ὡς

2188 3995 2222 4064 ἡ
2253 3993 2560 4062 ὑπόληψιςς
2605 3995 2915 4066 Ἐκατέρως
2941 3995 3050 4064 γὰρ
3070 3993 3206 4062 ξέστι
3229 3994 3370 4050 κατὰ
3401 3993 3462 4046 τὸ
3493 3991 3657 4061 φύσει
3697 3991 3774 4043 δί-

2190 4098 2346 4134 καιον
2376 4080 2590 4151 ἀληθῶς
2614 4081 2843 4146 ἀδικεῖν,
2879 4085 2929 4135 εί
2952 4084 3047 4136 καὶ
3071 4083 3234 4152 νόμος
3289 4079 3596 4150 ἀνθρώπων
3634 4079 3774 4132 ἄνω-

2191 4171 2284 4225 θεν
2343 4170 2878 4242 ὲπισφραγιζόμενος
2907 4173 3006 4244 τὴν
3056 4173 3367 4241 τυραννίδα,
3402 4171 3464 4224 τὸ
3490 4159 3778 4222 ἀνεύθυνον

2190 4263 2291 4332 τῆς
2335 4261 2588 4334 πράξεως
2643 4261 2996 4333 ὑπαγορεύει.
3038 4262 3112 4315 Οὐ
3153 4262 3260 4332 γὰρ
3291 4259 3388 4313 τοῦ
3443 4259 3580 4312 Θεοῦ
3621 4255 3775 4310 τοῦτο

2192 4353 2375 4422 νόμος,
2440 4353 2501 4406 ού
2537 4351 2774 4422 φύσεως,
2807 4353 2936 4413 τοὺς
2985 4352 3083 4420 μὲν
3111 4351 3412 4421 τυραννεῖν,
3447 4349 3577 4407 τοὺς
3599 4346 3657 4400 δὲ
3689 4361 3776 4398 τυ-

506 4440 594 4494 iex
629 4439 728 4494 Dei
762 4451 866 4504 est,
893 4455 1003 4494 non
1042 4448 1274 4503 natum,
1305 4450 1368 4495 ut
1391 4457 1590 4511 nempe
1621 4443 1714 4496 alii
1741 4447 2086 4515 tyrannidem

2199 4443 2505 4514 ραννεῖσθαι
2526 4459 2538 4472 ·
2576 4443 2672 4496 καὶ
2699 4443 2826 4505 τοὺς
2860 4442 2958 4511 μὲν
2991 4438 3433 4511 κατωφρυῶσθαι
3455 4437 3566 4490 τῶν
3592 4452 3776 4488 ταπει-

507 4537 823 4591 exerceant,
885 4527 979 4581 alii
1034 4528 1322 4598 tyrannide
1371 4536 1728 4599 premantur;
1775 4543 1939 4604 atque
1997 4539 2086 4593 alii

2193 4535 2430 4608 νοτέρων
2459 4532 2554 4586 καὶ
2590 4532 3013 4604 ὑπεραίρεσθαι,
3053 4533 3179 4595 τοὺς
3213 4531 3270 4585 δὲ
3316 4527 3775 4583 καταδουλοῦσθαι

507 4617 729 4687 quidem
750 4619 1018 4672 adversus
1056 4618 1379 4676 humiliores
1413 4623 1772 4690 supercilium
1799 4628 1992 4684 tollant
2027 4645 2094 4686 ac

505 4705 832 4770 eﬂ‘erantur,
865 4706 957 4761 alii
991 4706 1376 4776 mancipentur
1401 4717 1566 4779 atque
1617 4715 1880 4770 aerumnis
1922 4718 2094 4772 eonﬁ-

508 4794 731 4848 ciantur
755 4812 771 4849 :
799 4797 890 4851 alii
922 4797 1216 4853 lasciviant
1245 4812 1309 4852 ac
1337 4799 1554 4856 deliciis
1585 4802 1853 4861 adversus
1884 4823 2094 4878 paupe-

511 4901 600 4941 res
625 4888 911 4943 temulenti
939 4888 1209 4956 diﬂluant,
1231 4900 1606 4963 prmtextoque
1634 4897 1856 4965 publico
1877 4899 2090 4965 debito,

510 4992 822 5047 supremam
862 4980 1163 5036 toleranda:
1196 4984 1322 5038 vita:
1373 4984 1644 5041 rationem
1682 4989 1968 5054 auferant;
1996 4990 2090 5044 alii

510 5077 809 5137 graventur
827 5084 892 5124 ac
917 5071 1222 5137 caedantur,
1248 5072 1424 5128 donec
1464 5077 1824 5131 novissimum
1869 5079 2092 5134 obolum

511 5156 779 5226 reddant;
803 5175 833 5214 a
855 5161 1062 5230 quibus
1089 5161 1236 5217 sicut
1261 5166 1716 5235 spiraculum,sie
1741 5177 1800 5222 et
1826 5168 2094 5224 tributum

510 5257 731 5303 austere
761 5249 1033 5320 exigatur.
1071 5251 1192 5307 Non
1242 5255 1322 5309 sic
1353 5256 1500 5311 Deus
1528 5255 1598 5310 ab
1628 5257 1808 5322 initio,
1857 5273 1966 5314 non
2018 5260 2098 5316 sic

513 5337 850 5405 hominibus,
889 5356 1023 5404 eum
1075 5344 1256 5412 primo
1306 5346 1513 5400 conditi
1542 5355 1694 5413 sunt,
1745 5349 1864 5419 lege
1892 5351 2094 5405 sanxit.

513 5425 622 5483 Sed
650 5429 795 5485 sicut
823 5432 1208 5489 universorum
1243 5450 1388 5490 unus
1405 5444 1490 5490 est
1511 5437 1688 5504 lictor,
1716 5439 1798 5494 sic
1817 5447 1872 5495 et
1898 5449 2096 5496 natura

591 5579 612 5610 ⁸
645 5578 745 5636 lsa.
773 5597 917 5649 xux,
943 5585 1000 5640 6.
1069 5587 1089 5618 τ
1113 5585 1246 5640 an.
1275 5601 1349 5650 iv,
1372 5585 1462 5642 22.

597 5712 726 5787 (49⁸)
752 5727 856 5778 1m
878 5720 1096 5790 Syriaco
1129 5722 1324 5776 donum
1351 5739 1379 5778 a
1403 5724 1599 5778 radice.

2190 4623 2288 4678 καὶ
2324 4622 2787 4694 κατατρίϐεσθαι·
2841 4622 2939 4675 καὶ
2982 4622 3110 4685 τοὺς
3179 4622 3278 4692 μὲν
3325 4617 3655 4692 ὑπερμαζᾷν
3686 4616 3776 4668 καὶ

2193 4713 2414 4786 μεθύειν
2437 4714 2907 4785 κατατρυφῶντας
2935 4713 3046 4766 τῶν
3071 4710 3368 4783 πτωχικῶν
3393 4711 3488 4764 καὶ
3512 4709 3578 4780 δη
3587 4707 3775 4779 μοσίας

2191 4804 2468 4874 πρόφασιν
2491 4804 2736 4875 ὁφειλῆς,
2761 4805 2862 4874 τὴν
2887 4803 3126 4873 ἐσχάτην
3149 4801 3474 4869 ἀποστερεῖν
3511 4799 3613 4868 τῆς
3635 4795 3776 4862 ζωῆς

2198 4896 2457 4966 ἀφορμήν
2481 4909 2497 4924 ·
2540 4897 2668 4959 τοὺς
2712 4897 2771 4948 δὲ
2807 4893 3306 4965 κατακάμπτεσθαι
3355 4891 3452 4945 καὶ
3486 4885 3775 4960 μαστιγοῦ-

2200 4988 2346 5055 σθαι,
2385 4988 2580 5059 μέχρις
2617 4989 2686 5042 ἆν
2730 4989 2825 5041 καὶ
2855 4987 2948 5041 τὸν
2997 4987 3225 5057 ἔσχατον
3273 4983 3524 5039 ἀποδοῖεν
3555 4978 3770 5033 ὀϐολόν·

2199 5077 2386 5150 ὥσπερ
2409 5079 2510 5150 τὴν
2546 5079 2842 5150 ἀναπνοὴν,
2865 5078 3010 5132 οὕτω
3040 5078 3134 5131 καὶ
3163 5077 3264 5146 τὴν
3287 5074 3390 5128 τοῦ.
3423 5073 3615 5135 τέλους
3644 5067 3773 5124 ἁπό-

2197 5169 2344 5223 δοσιν
2389 5170 2888 5240 εἰσπραττομένους
2907 5184 2923 5198 ·
2979 5167 3078 5238 οὐχ
3104 5165 3251 5220 οὓτω
3280 5163 3414 5227 Θεὸς
3462 5163 3559 5215 ἀπ’
3581 5158 3770 5232 ἀρχῆς,

2197 5261 2298 5329 οὐχ
2321 5259 2493 5324 οὕτως
2533 5258 2844 5330 ἀνθρώποις
2886 5257 3097 5313 ἄνωθεν
3134 5255 3561 5327 ἐνομοθέτησεν·
3592 5250 3772 5316 ὥσπερ

2197 5349 2255 5402 δὲ
2287 5349 2530 5421 πλάστης
2584 5349 2842 5404 ἁπάντων
2878 5344 2980 5414 εἷς,
3026 5347 3170 5402 οὕτω
3213 5346 3306 5400 καὶ
3337 5344 3497 5414 φύσις
3532 5341 3655 5412 μία,
3686 5337 3772 5393 καὶ

2198 5443 2324 5513 ὅρος
2358 5442 2454 5496 καὶ
2485 5442 2649 5514 νόμος
2698 5442 2844 5514 ζωῆς
2871 5442 3079 5497 ἅπασιν.
3106 5442 3138 5494 6
3180 5437 3344 5501 αὐτός
3364 5452 3378 5466 ·
3403 5432 3688 5504 ἐλευθερία
3717 5443 3770 5479 τε
