4094 6430
290 425 400 494 225

1035 424 1316 486 ORATIO
1353 423 1548 484 ΧῙ.-
1579 420 1662 482 ΙΝ
1704 416 2022 480 LAUDEM
2060 417 2118 476 S.
2162 414 2530 476 MATTHIEI
2569 416 2827 478 APOST.

3459 419 3570 486 2‘26

291 544 460 596 πᾶσιν
505 539 729 611 ὁμοίως,
759 539 854 594 καὶ
904 537 1236 602 κατάστασις
1268 538 1363 590 καὶ
1408 534 1655 588 πολιτεία.
1685 535 1719 603 ἡ
1743 532 1882 601 αύτὴ

1989 537 2090 592 est,
2124 527 2377 597 ratioque
2411 543 2476 582 ac
2508 528 2636 582 vita:
2660 529 2748 582 lex
2774 527 2969 583 eadem
2990 529 3290 597 omnibus;
3327 541 3576 590 cunctis-

288 631 634 686 διατέτακται
660 630 759 700 τὴν
791 629 988 699 ἀρχήν.

282 808 293 879 ί
367 807 489 876 Ἀφ’
517 799 580 861 οὗ
606 806 663 859 δὲ
686 803 948 875 λογισμὸς
963 802 1265 874 ἀγέρωχος,
1295 801 1518 856 καὶτῶν
1546 801 1688 874 ὑπὲρ
1717 799 1880 870 φύσιν

291 896 574 965 ἀλόγιστος
614 893 905 964 ἐπιθυμία,
961 892 1057 946 καὶ
1081 891 1260 960 ὄφεως
1293 892 1393 962 μὲν
1413 890 1701 954 ἐπίϐουλος
1741 906 1882 958 συμ-

281 991 480 1062 ϐουλὴ,
514 990 736 1060 ἐντολῆς
766 988 824 1042 δὲ
863 987 1028 1056 ἁγίας
1059 987 1317 1056 ἀθέτησις
1356 987 1452 1040 καὶ
1489 985 1748 1058 παρακοὴ
1779 985 1880 1054 τῆς

283 1067 505 1150 ’φύσεως
562 1076 1002 1146 καταδραμόντα,
1056 1075 1308 1145 διέστησε
1360 1076 1458 1145 μὲν
1517 1076 1615 1129 καὶ
1660 1074 1880 1144 μακρὰν

292 1165 432 1226 ὦσεν
447 1168 611 1234 Θεοῦ,
635 1166 716 1237 τῷ
746 1166 1004 1236 βασκάνῳ
1041 1165 1097 1218 δὲ
1132 1165 1495 1236 προσεγγίσαι
1535 1163 1881 1236 παρεσκεύαο

263 1259 271 1264 ’
294 1280 407 1326 σεν,
438 1261 688 1314 ἐντεῦθεν
709 1258 772 1312 τὸ
799 1257 1062 1327 συγγενὲς
1085 1257 1180 1310 καὶ
1204 1257 1474 1326 ὁμόφυλον
1498 1257 1580 1320 είς
1605 1254 1881 1324 ἀλλοτριό-

294 1371 431 1425 τητα
459 1351 686 1422 γνώμης
722 1353 816 1402 καλ
845 1349 960 1420 βίου
983 1347 1358 1418 κατεμερίσθη
1381 1348 1580 1418 τομήν.
1597 1346 1879 1401 Ἐντεῦθεν

300 1445 352 1499 τὸ
382 1441 727 1507 δυναστεῦον,
747 1441 844 1494 καὶ
871 1441 934 1493 τὸ
955 1439 1416 1509 δυναστευόμενον
1440 1455 1456 1470 ο
1480 1440 1541 1493 τὸ
1557 1438 1875 1510 τυραννοῦν,

293 1535 390 1590 καὶ
446 1534 508 1586 τδ
538 1532 973 1604 τυραννούμενον
995 1549 1009 1562 ·
1040 1532 1136 1583 καὶ
1161 1529 1222 1583 τὸ
1254 1529 1352 1599 μὲν
1372 1531 1626 1584 ἀπαιτεῖν
1653 1529 1876 1600 φόρους,

293 1629 355 1681 τὸ
376 1627 421 1680 δ’
447 1624 818 1679 ἀπαιτεῖσθαι·
851 1624 946 1676 καὶ
975 1622 1035 1675 τὸ
1077 1622 1176 1692 μὲν
1202 1621 1509 1700 ὑπερῆρθαι
1543 1620 1755 1691 θράσει,
1784 1605 1879 1674 καὶ

295 1718 404 1772 τῶν
437 1715 716 1787 ὁμοτίμων
759 1715 834 1777 ὡς
891 1711 1094 1766 δούλων
1149 1710 1675 1776 κατεξανίστασθαι,
1713 1711 1773 1763 τὸ
1821 1710 1893 1767 δὲ,

297 1809 704 1878 καταπτήσσειν
732 1805 830 1876 τὴν
858 1803 1171 1875 τυραννίδα,
1209 1803 1303 1858 καὶ
1323 1803 1399 1866 ὠς
1425 1802 1798 1874 ἀπαραίτητον
1815 1803 1877 1855 τὸ

296 1900 511 1968 ἐτήσιον
541 1895 714 1959 τέλος,
746 1895 843 1948 καὶ
869 1894 966 1965 τὴν
987 1892 1232 1947 δουλείαν
1254 1894 1599 1947 ἀποτιννύειν
1617 1893 1692 1957 ὡς
1725 1893 1878 1961 ὀφει-

212 2001 215 2010 ·
297 1991 414 2062 λήν.

365 2165 585 2238 Ταύτης
607 2165 695 2218 ἀεὶ
723 2166 1038 2236 πράκτορες
1073 2165 1174 2232 τῆς
1204 2165 1384 2234 κακῆς
1425 2166 1802 2236 ἐπιτιμήσεως
1831 2166 1881 2218 οί

295 2254 624 2325 θερμότεροι
662 2254 763 2325 μὲν
788 2254 887 2323 τὴν
923 2254 1086 2323 φύσιν
1135 2255 1233 2306 καὶ
1264 2253 1510 2322 ὀξύτεροι
1531 2269 1548 2285 ο
1580 2253 1879 2318 τουτέστιν,

295 2346 544 2400 συνιέναι
560 2346 656 2398 καὶ
676 2346 996 2414 λογίσασθαι
1020 2345 1120 2416 τὴν
1140 2345 1513 2417 δασμοφορίαν
1535 2345 1879 2398 ἱκανώτατοι⁹

289 2439 397 2491 ἀσυ
410 2437 779 2508 μπαθὲστεροι
804 2437 862 2490 δὲ
894 2437 1134 2502 πάντων,
1166 2439 1260 2491 καὶ
1287 2438 1386 2508 τὴν
1421 2437 1649 2508 γνώμην
1677 2437 1882 2490 ἐπίπαν

293 2530 659 2600 ίταμώτεροι,
693 2529 834 2582 ὥστε
865 2529 1057 2598 μηδενὶ
1111 2528 1219 2581 τῶν
1247 2529 1570 2596 ὀφειλόντων
1626 2545 1886 2598 παραχω-

289 2624 415 2691 ρεῖν
449 2620 594 2692 ἔχειν
650 2623 838 2693 μηδέν.
897 2619 1117 2691 Ταύτης
1168 2621 1450 2684 Ματθαϊος
1485 2621 1756 2692 ἐπήϐολος
1783 2621 1886 2691 τῆς

285 2713 577 2777 πολιτείας
636 2714 900 2784 πρότερον
946 2708 1037 2784 ἦν.
1095 2712 1300 2766 Τούτου
1358 2713 1500 2784 βίον,
1535 2713 1632 2767 ἀτε
1665 2711 1884 2780 φύσεως

289 2805 550 2875 ἀγχινοίᾳ
575 2805 670 2858 καὶ
685 2805 804 2868 νοὸς
821 2804 1107 2876 ἐντρεχείᾳ
1135 2803 1588 2875 κατευμεγεθῶν,
1611 2805 1712 2874 τὴν
1742 2802 1886 2874 πρώ-

288 2914 396 2970 την
427 2901 489 2953 ὲν
518 2896 781 2960 τελώναις
800 2896 986 2965 ἐπεῖχε
1015 2894 1188 2959 τάξιν.

378 3074 602 3146 Ἐπειδὴ
650 3073 832 3128 τοίνυν
880 3072 948 3127 δι’
988 3071 1155 3126 αὐτοῦ
1180 3072 1445 3143 παράγων
1499 3071 1786 3142 ὁ,Κύριος,
1811 3071 1888 3141 τῷ

292 3167 398 3238 τῆς
432 3167 661 3239 καρδίας
693 3165 848 3236 βάθει
880 3163 1270 3236 προσέϐλεψεν,
1305 3166 1400 3218 καὶ
1448 3165 1757 3234 κεκρύφθαι
1787 3164 1889 3234 μὲν
1915 3197 1960 3256 C

295 3264 358 3315 ἐν
394 3259 547 3329 αύτῷ
574 3259 672 3328 τῆς
701 3256 903 3328 ἀρετῆς
930 3254 1228 3323 θησαυρὸν,
1259 3254 1460 3320 ἔξωθεν
1491 3254 1550 3308 δὲ
1579 3253 1722 3308 κατά
1749 3253 1891 3322 σύμ-

294 3354 462 3406 ϐασιν
513 3353 580 3422 τῇ
635 3349 872 3420 πονηρίᾳ
923 3347 1252 3416 διοχλεῖσθαι
1281 3350 1350 3418 τῇ
1401 3349 1676 3418 κοσμικῇο
1706 3347 1802 3400 καὶ
1827 3346 1890 3400 τὸ

295 3444 423 3514 μὲν,
456 3441 703 3494 ἑκούσιον
733 3436 876 3493 εἶναι
921 3439 1017 3492 καὶ
1067 3437 1310 3507 ἔμφυτον
1339 3437 1544 3506 ἀγαθόν
1563 3454 1579 3470 ο
1617 3436 1677 3490 τὸ
1705 3436 1764 3490 δὲ
1794 3436 1890 3490 τύο

294 3552 402 3605 χης
437 3534 706 3604 ἐπήρειαν
736 3531 959 3602 μᾶλλον,
989 3530 1024 3601 ἢ
1075 3528 1303 3599 γνώμης
1330 3529 1688 3599 έκουσιότητα
1722 3546 1891 3582 κατα-

295 3626 584 3696 νενόηκεν,
613 3625 768 3678 καλεῖ
799 3623 898 3694 μὲν
932 3621 1119 3689 αὑτὸν,
1142 3619 1519 3690 ἐντελλόμενος
1551 3619 1886 3677 ἀκολουθεῖν·

290 3717 323 3770 3
359 3715 421 3771 δὲ
479 3715 758 3779 ἀναστὰς.
817 3713 982 3777 εὐθὺς
1040 3711 1466 3782 ἐπηκολούθησε.
1525 3712 1599 3764 Ού
1659 3711 1889 3783 μακρῶν

288 3805 487 3874 ἐδέησε
517 3803 695 3871 λόγων
742 3801 820 3872 τῷ
866 3799 1080 3870 Κυρίῳ,
1135 3799 1199 3853 ού
1232 3799 1426 3868 χρόνου
1459 3797 1675 3868 τριϐῆς,
1705 3799 1766 3850 ού
1799 3814 1888 3850 τε·

286 3896 572 3966 λεωτέρας
603 3893 926 3956 συνουσίαςο
955 3891 1074 3946 ἀλλ’
1118 3890 1242 3944 οὔτε
1269 3891 1547 3958 θεολογίας
1572 3890 1790 3961 συχνῆς,
1824 3890 1885 3943 ού

287 3986 639 4060 συμϐουλίας
669 3985 926 4054 πιθανῆς,
979 3983 1104 4038 οῦτε
1133 3983 1192 4037 δὲ
1224 3981 1519 4054 θαυμάτων
1548 3983 1886 4048 ἐπιδείξεως,

279 4077 431 4133 ὥστε
458 4077 562 4130 τὸν
599 4074 969 4145 ἀρχιτελώνην
1001 4074 1100 4144 τῆς
1132 4075 1255 4127 κατ’
1308 4076 1472 4130 αὐτὸν
1525 4072 1886 4142 ἀφαρπάσθαι

282 4169 508 4241 σχολῆς,
559 4165 774 4238 παριὼν
797 4165 877 4230 δὲ,
904 4165 1001 4220 καὶ
1034 4168 1134 4236 μιᾷ
1170 4166 1308 4240 μόνῃ
1358 4167 1614 4231 καλέσας,
1645 4165 1889 4219 ἐπεσπά-

279 4278 414 4316 σατο
473 4261 681 4330 φωνῇ’
730 4258 1074 4313 Ἀκολούθει
1101 4275 1226 4328 μοι.
1273 4259 1334 4312 '0
1365 4260 1423 4313 δὲ
1463 4260 1564 4313 οὐκ
1616 4259 1886 4328 ἀπήρεισε

275 4353 419 4425 πρὸς
466 4351 559 4405 τὰ
609 4351 872 4421 χρήματα·
918 4353 1010 4402 τδν
1042 4349 1335 4420 λογισμόν·
1375 4349 1437 4402 ού
1493 4350 1592 4420 τὴν
1629 4351 1739 4404 ἀπὸ
1792 4348 1886 4403 τοῦ

280 4446 521 4514 κέρδους
559 4443 845 4513 ἐνενόησεν
899 4441 1096 4513 ἡδονήν
1118 4459 1132 4473 ·
1167 4443 1228 4495 οὐ
1284 4443 1421 4514 πρὸς
1451 4443 1548 4515 τὴν
1582 4443 1740 4510 δόξαν
1776 4443 1887 4496 τῶν

1984 632 2092 689 que
2121 618 2482 688 similiterque
2502 619 2752 683 libertas,
2785 629 2962 675 status
2983 630 3042 676 et
3065 623 3190 677 vitae
3217 624 3359 679 ratio
3380 625 3573 681 eadem

1984 711 2224 780 primum
2255 713 2555 766 constituta
2593 710 2719 766 fuit.

2054 801 2135 856 Ex
2161 817 2274 872 quo
2323 811 2508 857 autem
2561 803 2798 873 superba
2835 802 2998 868 ratio,
3050 791 3347 872 rerumque
3377 813 3576 861 natura

1984 893 2338 963 superiorum
2372 893 2683 948 inconsulta
2717 894 3026 964 cupiditas;
3050 910 3114 950 ac
3149 897 3426 965 serpentis
3449 898 3574 967 qui-

1983 984 2111 1039 dem
2145 984 2475 1038 insidiosum
2502 985 2821 1051 consilium,
2848 986 3134 1055 sanctique
3155 987 3397 1041 mandati
3419 1004 3575 1057 spre-

1984 1072 2084 1138 tio,
2134 1081 2190 1128 et
2243 1073 2620 1130 inobedientia
2673 1085 2887 1130 naturae
2947 1075 3284 1146 ingruentia,
3340 1077 3572 1133 divisam

1983 1165 2130 1220 illam
2150 1167 2344 1235 procul
2366 1181 2396 1220 a
2415 1167 2528 1220 Deo
2553 1167 2909 1236 depulerunt,
2939 1177 3106 1238 atque
3144 1168 3334 1223 invido
3352 1170 3574 1241 adjungi

1982 1259 2361 1329 praestiterunt
2387 1275 2402 1324 ;
2430 1258 2558 1313 inde
2587 1261 2702 1328 jam
2733 1260 2950 1330 cognati
2979 1275 3043 1314 ac
3075 1260 3323 1327 tribules,
3355 1261 3412 1316 in
3439 1261 3575 1316 alie-

1982 1365 2082 1404 nas
2113 1349 2273 1404 scissi
2326 1349 2638 1404 voluntates
2668 1358 2799 1404 sunt
2830 1365 2895 1405 ac
2926 1350 3053 1405 vitae
3101 1351 3304 1406 studia.
3335 1352 3465 1407 lmle
3498 1352 3577 1407 fa-

1981 1450 2130 1495 ctum
2156 1450 2217 1496 ut
2263 1442 2355 1496 alii
2399 1441 2776 1507 dominentur,
2844 1443 2936 1497 alii
2995 1443 3242 1498 dominio
3276 1444 3576 1515 subjician-

1982 1537 2103 1593 tur;
2153 1531 2247 1584 alii
2315 1532 2608 1602 tyrannide
2669 1540 2882 1602 regant,
2934 1533 3026 1587 alii
3070 1543 3372 1603 regantur:
3409 1542 3575 1604 atque

1979 1622 2070 1676 alii
2129 1623 2352 1692 quidem
2403 1623 2610 1677 tributa
2665 1625 2904 1694 exigant,
2961 1625 3032 1679 ab
3068 1625 3189 1679 aliis
3253 1633 3435 1678 autem
3459 1627 3580 1680 exi-

1979 1722 2208 1784 gantur:
2261 1714 2354 1769 alii
2430 1715 2660 1770 audacia
2712 1716 3018 1770 eﬂ‘erantur
3064 1723 3122 1770 et
3169 1716 3437 1770 adversus
3481 1731 3578 1770 eos

1979 1805 2072 1875 qui
2132 1805 2248 1876 pari
2299 1806 2514 1860 honore
2555 1815 2685 1862 sunt
2739 1808 2898 1877 quasi
2951 1806 3220 1861 adversus
3268 1822 3462 1862 servos
3492 1808 3578 1861 in-

1985 1904 2236 1965 surgant;
2268 1895 2360 1950 alii
2388 1896 2695 1967 tyrannidis
2728 1906 2878 1950 metu
2919 1903 3174 1965 paveant,
3213 1910 3278 1950 ac
3314 1903 3575 1966 tanquam

1986 1988 2396 2058 indeprecabile
2425 2029 2439 2053 ,
2476 1988 2746 2043 tributum
2801 2001 3046 2041 annuum
3069 1988 3288 2041 solvant
3316 1989 3576 2058 velutque

1986 2080 2259 2144 debitum,
2295 2081 2618 2135 servitutem
2650 2080 2914 2150 pendant.

2059 2170 2234 2240 Hujus
2261 2183 2478 2239 semper
2503 2171 2659 2226 malae
2685 2172 2964 2227 auctionis
3003 2187 3316 2242 censusque
3345 2179 3579 2241 quaesto-

1988 2276 2098 2324 res,
2129 2260 2224 2330 qui
2249 2261 2535 2315 calentiori
2572 2277 2636 2315 ac
2661 2261 2859 2316 acriOri
2890 2262 3111 2332 ingenio
3139 2271 3267 2316 sunt
3292 2279 3307 2327 ;
3344 2263 3449 2316 hoc
3469 2269 3575 2324 est,

1988 2351 2367 2407 callentissimi
2405 2352 2745 2407 tributorum
2784 2353 3229 2416 ratiocinatores,
3262 2352 3430 2422 inque
3461 2368 3576 2407 rem

1988 2443 2468 2517 maximeidonei.
2493 2443 2560 2498 Hi
2593 2458 2725 2497 vero
2748 2444 2995 2498 omnium
3023 2443 3490 2506 inclementiores,
3521 2451 3582 2499 et

1989 2535 2084 2605 qui
2113 2535 2263 2589 nulla
2294 2535 2648 2591 miseratione
2671 2545 3034 2602 moveantur;
3064 2535 3269 2604 ubique
3296 2534 3580 2604 procacio-

1988 2641 2079 2682 res
2110 2625 2417 2696 majorique
2436 2626 2812 2696 improbitate,
2841 2635 2900 2680 ut
2931 2627 3069 2681 nihil
3091 2625 3392 2697 quidquam
3426 2624 3583 2680 debi-

1991 2724 2143 2773 tores
2173 2717 2377 2773 habere
2399 2717 2602 2773 sinant.
2631 2719 2813 2789 Hujus
2843 2717 3131 2773 Matthmus
3162 2718 3318 2788 prius
3353 2731 3581 2785 compos

1992 2807 2297 2878 disciplinae
2325 2816 2468 2862 erat.
2494 2808 2670 2878 Hujus
2693 2808 2963 2873 instituti,
2995 2819 3254 2877 tanquam
3276 2805 3469 2861 solerti
3495 2806 3582 2859 vir

1993 2897 2215 2968 ingenio
2239 2895 2552 2966 mentisque
2583 2897 2826 2966 agilitate
2855 2897 3204 2966 praepollens,
3233 2896 3376 2950 inter
3398 2893 3583 2965 publi-

1993 3000 2166 3040 canos
2195 2985 2505 3054 principem
2534 2985 2718 3039 locum
2758 2985 3064 3040 obtinebat.

2064 3075 2222 3143 Quod
2265 3076 2434 3147 igitur
2477 3091 2576 3146 per
2614 3091 2742 3132 eum
2788 3076 3066 3132 transiens
3102 3075 3393 3138 Dominus,
3430 3073 3583 3128 illius

1996 3168 2167 3222 animi
2209 3167 2322 3221 imo
2366 3167 2619 3237 inspecto
2663 3169 2816 3232 sinu,
2847 3168 3112 3222 latentem
3158 3166 3216 3220 in
3252 3180 3318 3220 eo
3357 3165 3581 3220 virtutis

2000 3259 2321 3314 thesaurum
2372 3258 2846 3328 deprehenderat,
2894 3258 3001 3313 etsi
3055 3267 3169 3311 tum
3220 3256 3467 3312 exterius
3513 3273 3583 3311 ex

1996 3349 2302 3415 accidenti,
2331 3350 2516 3405 saeculi
2549 3351 2793 3420 pravitas
2822 3365 2887 3404 ac
2915 3350 3162 3419 nequitia
3193 3348 3534 3403 obtundebat
3563 3366 3577 3402 :

1994 3449 2164 3510 atque
2209 3440 2444 3496 alterum
2491 3440 2746 3510 quidem,
2786 3440 2995 3495 bonum
3043 3455 3164 3494 esse
3214 3447 3580 3509 spontaneum

1996 3537 2160 3598 atque
2184 3529 2468 3595 innatum;
2503 3529 2736 3584 alterum
2762 3543 2920 3593 vero,
2952 3527 3189 3583 fortunae
3218 3526 3404 3598 potius
3431 3526 3581 3598 inju-

1994 3619 2153 3685 riam,
2177 3633 2343 3689 quam
2368 3627 2690 3689 spontaneae
2713 3618 2918 3674 mentis
2941 3617 3272 3674 sententiam
3299 3616 3583 3672 intellexe-

1994 3720 2102 3775 rat,
2126 3726 2254 3767 eum
2278 3719 2440 3766 vocat
2470 3727 2535 3766 ac
2559 3712 2719 3782 jubet
2748 3712 2905 3781 sequi
2934 3727 2951 3765 :
2983 3713 3076 3780 qui
3105 3725 3360 3781 surgens,
3391 3708 3580 3764 statim

1994 3812 2220 3857 secutus
2255 3809 2360 3857 est.
2392 3803 2513 3857 Non
2558 3803 2739 3872 longis
2776 3801 3011 3857 Domino
3053 3817 3193 3871 opus
3231 3800 3582 3856 sermonibus

1993 3894 2120 3960 fuit,
2144 3909 2256 3948 non
2287 3895 2558 3962 temporis
2586 3909 2761 3958 mora,
2784 3909 2896 3946 non
2922 3893 3116 3963 majori
3147 3890 3577 3956 consuetudine;

1993 3993 2050 4040 at
2073 3999 2255 4054 neque
2284 3984 2480 4038 crebra
2508 3983 2825 4038 divinorum
2858 3983 3130 4048 doctrina,
3155 3998 3266 4036 non
3297 3980 3577 4052 probabili

1993 4075 2227 4132 consilio
2254 4082 2311 4130 et
2336 4074 2614 4139 suasione,
2641 4089 2750 4128 non
2779 4074 3178 4128 miraculorum
3210 4072 3576 4133 exhibitione,

1994 4176 2058 4220 ut
2082 4167 2387 4236 principem
2424 4165 2847 4235 publicanorum
2875 4182 2905 4220 a
2936 4179 3036 4220 suo
3067 4165 3160 4218 illo
3189 4164 3376 4220 studio
3420 4162 3580 4217 insti-

1996 4268 2224 4329 tutoque
2250 4258 2562 4328 abriperet;
2591 4257 2688 4314 sed
2721 4259 3020 4323 transiens,
3053 4273 3272 4328 unaque
3311 4257 3579 4312 duntaxat

1994 4349 2393 4404 communitum
2433 4364 2570 4404 voce
2619 4365 2744 4404 eum
2800 4351 2964 4404 traxit
3003 4366 3018 4403 :
3063 4348 3294 4420 Sequere
3336 4364 3438 4402 me.
3482 4349 3578 4404 ille

1995 4457 2188 4512 porro,
2222 4457 2334 4496 non
2363 4441 2612 4511 pecuniis
2645 4442 2882 4497 attendit
2909 4443 3190 4504 animum;
3219 4456 3329 4495 non
3361 4455 3484 4510 quae
3509 4456 3578 4495 ex

289 4533 744 4604 συγκαθημένων
795 4531 949 4602 αύτῷ
982 4532 1333 4604 διατραπεὶς,
1386 4535 1487 4606 τὴν
1535 4535 1729 4603 κλῆσιν
1778 4537 1887 4589 ἀπ-

1994 4533 2149 4588 lucro
2186 4541 2290 4597 est,
2329 4532 2666 4601 voluptatem
2705 4533 2969 4603 cogitavit
3008 4550 3022 4586 :
3066 4546 3176 4585 non
3214 4545 3407 4586 eorum
3451 4530 3572 4600 opi-

289 4628 580 4682 εσείσατο’
621 4623 758 4693 ὁμοῦ
793 4623 852 4677 δὲ
879 4627 945 4695 τῇ
999 4627 1150 4695 φωνῇ
1184 4624 1278 4678 τοῦ
1320 4626 1708 4696 πεφωνηκότος
1731 4643 1890 4694 γεγο-

289 4720 399 4785 νὼς
431 4720 580 4783 ὅλος,
620 4717 716 4769 καὶ
765 4715 954 4786 ὥσπερ
998 4716 1286 4787 ἀστραπῆς
1332 4717 1506 4788 ἀθρόᾳ
1543 4717 1889 4788 λαμπρότητι

287 4811 390 4883 τὴν
445 4808 686 4879 καρδίαν
734 4806 1176 4875 καταλαμφθείς’
1213 4807 1450 4860 καὶτῶν
1495 4808 1553 4859 ὲν
1597 4809 1754 4878 χερσὶ
1789 4806 1891 4876 μὲν

289 4902 601 4974 χρημάτων
634 4897 730 4950 καὶ
758 4898 1100 4968 πραγμάτων
1137 4897 1302 4961 εὐθὺς
1333 4899 1733 4968 ἀλλοτριωθεὶς,
1787 4899 1891 4968 τῆς

290 4996 446 5058 θείας
479 4992 540 5047 δὲ
593 4991 842 5060 κλήσεως
874 4989 941 5059 (ὦ
967 4991 1067 5060 τῆς
1098 4989 1332 5054 πίστεως
1351 4991 1392 5059 l)
1420 4991 1694 5062 ἡττηθεὶς,
1719 5007 1890 5044 κατοι-

289 5089 472 5142 λείπει
511 5085 616 5156 μὲν
636 5083 764 5146 τοὺς
793 5083 1242 5153 συμπράκτορας,
1273 5085 1591 5138 καταλείπει
1621 5085 1678 5138 δὲ
1705 5083 1767 5137 τὸ
1804 5102 1892 5137 τε-

290 5180 510 5243 λώνιον,
543 5175 646 5230 καὶ
673 5175 854 5228 πᾶσαν
887 5171 984 5244 τὴν
1035 5174 1094 5226 ὲν
1123 5173 1274 5245 αύτῷ
1303 5176 1685 5246 πραττομένην
1716 5175 1891 5246 ἀπορ-

291 5272 550 5344 ρίπτεται
575 5266 902 5339 φορολογίαν
922 5281 937 5296 ’
975 5265 1178 5338 χρυσοῦ
1209 5267 1268 5320 δὲ
1291 5267 1492 5331 παντὸς
1524 5272 1616 5321 καὶ
1643 5267 1888 5338 ἀργύρου

290 5362 384 5414 τὸν
438 5357 746 5426 πολύτιμον
810 5355 1132 5409 ἀντωνεῖται
1184 5356 1530 5428 μαργαρίτην
1562 5373 1578 5389 -
1625 5359 1722 5410 καὶ
1781 5357 1891 5410 τῶν

295 5450 508 5519 γηΐνων
528 5447 632 5515 τὴν
660 5445 917 5516 ἁρπαγὴν
939 5446 1119 5516 ἀφεὶς,
1138 5447 1235 5517 τὴν
1257 5447 1508 5517 οὐράνιον
1535 5447 1720 5518 τρέχει
1741 5449 1825 5502 δια
1834 5466 1892 5518 ρ-

293 5541 490 5594 πάσων
522 5533 806 5608 βασιλείαν
827 5551 842 5567 ’
883 5535 1088 5605 μᾶλλον
1122 5536 1202 5600 δὲ,
1228 5536 1431 5606 χρυσοῦ
1465 5537 1567 5608 μὲν
1597 5540 1692 5591 καὶ
1714 5538 1891 5610 ἀργύ-

294 5647 394 5702 ρου
427 5627 638 5689 παντὸς
665 5627 1109 5697 τιμαλφεστέραν
1137 5626 1278 5697 ἔχων
1315 5627 1515 5700 ψυχὴν,
1545 5625 1634 5683 οία
1659 5630 1717 5683 δὲ
1741 5630 1891 5685 λίθον

293 5722 480 5791 τίμιον
505 5717 604 5774 καὶ
632 5713 954 5786 ἀξιέραστον
1002 5716 1124 5788 Θεῷ
1152 5718 1428 5788 προϊσχων
1459 5719 1552 5772 τὸν
1574 5719 1722 5785 νοῦν,
1775 5720 1890 5775 ἁλίη

297 5828 491 5866 σκεται
520 5807 700 5876 τούτῳ
727 5809 821 5863 καὶ
868 5807 1116 5863 ποθεῖται
1163 5810 1257 5862 καὶ
1307 5809 1550 5882 ζητεῖται
1579 5828 1594 5843 ·
1631 5813 1726 5866 καὶ
1752 5811 1889 5882 πρὸς

1994 4626 2145 4680 nioni
2185 4626 2280 4694 qui
2321 4627 2442 4695 pari
2481 4626 2735 4682 instituto
2778 4625 2846 4679 ad
2888 4625 3090 4680 telonei
3130 4625 3282 4678 lucra
3323 4622 3576 4677 conside-

1993 4717 2382 4786 hant,'pudore
2404 4732 2692 4787 repressus
2709 4717 3054 4772 vocationem
3071 4715 3310 4785 respuit;
3337 4715 3430 4769 sed
3450 4730 3576 4769 mox

1992 4818 2128 4859 voce
2155 4805 2366 4865 audita.
2397 4815 2546 4860 totus
2568 4807 2785 4860 vocanti
2816 4806 3070 4869 devotus,
3089 4806 3348 4873 velutque
3379 4819 3575 4872 repen-

1993 4897 2107 4951 tina
2137 4895 2372 4966 fulguris
2402 4898 2788 4952 coruscatione
2826 4896 3011 4951 animo
3052 4897 3375 4950 illustratus.
3407 4906 3572 4964 atque

1992 5004 2022 5042 a
2050 4989 2305 5058 pecuniis
2352 4990 2630 5059 rebusque
2660 5005 2798 5059 quas
2827 4990 3081 5043 manibus
3105 4989 3361 5043 versabat
3392 4989 3574 5042 alieno

1991 5079 2175 5134 statim
2205 5079 2384 5134 factus
2414 5081 2635 5144 animo,
2664 5096 2728 5135 ac
2754 5080 3060 5136 vocationis
3085 5083 3140 5150 (o
3171 5079 3386 5149 lldcm!)
3417 5080 3469 5132 in
3507 5095 3574 5133 co

1991 5168 2246 5234 victoria,
2277 5168 2458 5223 socios
2489 5168 2714 5238 quidem
2745 5179 3048 5238 quaestores
3081 5167 3369 5238 relinquit,
3408 5168 3573 5232 relin-

1991 5261 2114 5331 quit
2130 5276 2260 5316 vero
2282 5247 2612 5331 portorium,
2630 5261 2970 5331 collectaque
2993 5260 3048 5314 in
3069 5276 3136 5316 eo
3161 5261 3365 5315 tributa
3389 5258 3571 5312 omnia

1992 5353 2214 5424 projicit
2255 5369 2269 5406 :
2313 5367 2562 5422 auroque
2601 5353 2751 5407 onmi
2793 5361 2961 5422 atque
3005 5361 3230 5422 argento
3269 5349 3569 5419 pretiosum

1991 5443 2350 5513 margaritum
2413 5453 2716 5499 commutat
2787 5461 2800 5498 :
2868 5444 3146 5513 missaque
3223 5449 3570 5520 terrenorum

1993 5535 2184 5605 rapina
2213 5535 2478 5589 caelorum
2510 5551 2738 5605 regnum
2782 5545 2997 5606 raptum
3043 5533 3239 5590 currit.
3287 5531 3568 5598 Quinimu,

1991 5644 2116 5686 cum
2155 5628 2336 5683 anima
2375 5645 2516 5685 auro
2557 5630 2707 5685 omni
2734 5638 2791 5684 et
2818 5637 3046 5700 argento
3073 5625 3403 5697 pretiosiore
3433 5637 3573 5693 pras-

1991 5721 2141 5776 ditus
2166 5729 2334 5782 esset,
2359 5719 2488 5774 dum
2519 5719 2670 5773 velut
2697 5719 2934 5788 lapidem
2969 5717 3273 5787 pretiosum
3298 5713 3572 5783 digneque

1991 5811 2305 5880 amabilem,
2329 5811 2444 5868 Deo
2471 5810 2723 5866 obtendit
2747 5810 3012 5878 animum,
3037 5810 3157 5883 ejus
3181 5807 3271 5864 ille
3296 5804 3572 5865 illecebris
