4094 6446
494 393 598 455 2:27

1668 385 1964 447 NICETE
2000 387 2532 451 PAPHLAGONIS

3667 381 3784 446 223

495 502 739 572 capitur,
778 507 835 554 et
875 497 1053 555 amori
1099 497 1339 554 habetur
1377 506 1543 568 atque
1580 497 1874 566 quazritur;
1919 503 1976 550 et
2014 494 2082 550 ad

2191 497 2255 552 τὰ
2303 497 2559 568 ἄφθαρτα
2610 494 2860 566 βασίλεια
2907 496 3001 551 καὶ
3033 495 3434 566 μακαριώτατα
3460 493 3680 566 κληθείς
3717 511 3782 548 τε

495 595 873 662 incorruptam
908 591 1402 660 beatissimamque
1426 599 1652 646 vocatus
1677 600 1844 660 atque
1871 589 2083 644 electus

492 684 673 737 aulam
691 721 706 745 ,
728 683 794 736 ad
827 691 1138 738 extremum
1168 690 1490 751 assumptus
1516 691 1622 735 est.

564 775 706 829 Eum
748 774 804 828 in
848 774 1076 828 modum
1117 773 1350 828 mutatis
1390 772 1720 827 mirabiliter
1747 771 1881 826 Levi
1911 771 2084 825 mori-

495 867 632 928 bus,
663 866 718 920 in
765 865 1078 920 Matthaaum
1119 864 1288 920 etiam
1329 879 1531 919 nomen
1576 862 1940 917 commutavit
1972 880 1987 916 :
2017 877 2086 921 ,ae

495 957 642 1011 sicut
693 965 855 1011 antea
913 955 1190 1026 publicani
1243 964 1399 1018 arte,
1454 953 1700 1023 portoria
1754 969 1785 1008 e
1841 953 2086 1008 subditis

498 1047 754 1118 legendo,
781 1047 859 1100 illi
886 1046 981 1116 qui
1007 1047 1157 1116 genti
1187 1047 1517 1117 imperabat,
1540 1061 1738 1098 aurum
1769 1046 2083 1114 quaasierat,

495 1136 578 1189 sic
620 1145 676 1190 et
719 1145 908 1204 postea
945 1136 1137 1190 eadem
1180 1137 1458 1192 Christum
1501 1137 1608 1190 sibi
1647 1136 1958 1198 addixerat.
1989 1137 2084 1206 qui

499 1224 822 1281 invitantem
880 1227 947 1281 ad
996 1227 1245 1297 spiritale
1300 1243 1362 1281 ac
1415 1226 1711 1298 mysticum
1765 1242 2086 1281 sermonum

499 1316 813 1370 convivium
845 1327 1195 1387 sequeretur,
1228 1333 1532 1386 rursusque
1571 1317 1798 1370 domum
1843 1317 1962 1386 ipse
2003 1318 2086 1372 in-

497 1406 715 1469 vitaret,
747 1408 1144 1476 magniliceque
1174 1409 1475 1477 acciperet,
1502 1415 1671 1476 atque
1710 1407 1920 1477 duplici
1961 1408 2087 1463 cibo

497 1505 809 1559 recrearet;
861 1504 920 1548 ut
958 1495 1183 1564 quidem
1222 1495 1528 1562 hominem,
1563 1497 1674 1551 illis
1701 1496 1938 1566 dapibus
1965 1513 2089 1566 qua:

495 1601 564 1640 ex
588 1584 840 1654 corporis
866 1601 967 1639 usu
994 1584 1209 1649 forent;
1242 1597 1303 1640 ut
1327 1597 1512 1640 autem
1540 1588 1732 1652 Deum,
1761 1589 2089 1657 pamitentia

494 1677 791 1747 placando,
827 1675 1103 1748 ﬁdemque
1146 1677 1416 1733 charitate
1461 1677 1696 1731 alllatam
1739 1678 2090 1748 (pulcherri-

494 1783 644 1822 mum
678 1769 893 1823 scilicet
918 1784 1136 1834 eorum,
1166 1785 1290 1839 qua:
1329 1784 1360 1822 a
1405 1768 1567 1823 nobis
1604 1767 1695 1822 ille
1734 1767 1924 1838 exigit)
1956 1769 2090 1822 oﬁe-

498 1858 694 1912 rendo.
741 1859 1114 1924 Quamobrem
1162 1860 1329 1913 etiam
1381 1858 1626 1928 proclive
1674 1857 1881 1913 telonei
1929 1859 2086 1929 quasi

489 1931 613 2019 jure
637 1964 668 2002 a
693 1966 752 2004 se
781 1950 924 2018 exigi
956 1950 1120 2015 sinit,
1149 1951 1244 2020 qui
1277 1966 1334 2004 se
1361 1949 1738 2005 esurientibus
1764 1949 2091 2020 magniﬁcus

493 2039 722 2107 largitor
751 2040 1048 2108 praeberet;
1084 2041 1338 2096 esuriens
1369 2040 1484 2110 ipse
1521 2039 1723 2095 esuriri
1741 2080 1756 2104 ,
1783 2049 1839 2096 et
1865 2055 1964 2096 eos
1991 2040 2087 2112 qui

493 2132 746 2199 accipere
775 2131 1011 2200 dapibus
1038 2132 1382 2199 viderentur,
1409 2147 1659 2202 pascens.

565 2220 703 2276 Cum
755 2222 920 2292 igitur
963 2223 1049 2276 vir
1096 2223 1293 2278 beatus
1334 2239 1394 2278 se
1448 2231 1624 2277 totum
1668 2221 1950 2293 publicani
1993 2221 2087 2278 illa

494 2309 782 2366 functione
833 2314 1056 2383 vitaque
1108 2314 1455 2384 expedisset,
1503 2313 1570 2369 ad
1621 2314 1906 2370 Christum
1961 2322 2087 2384 apte

493 2402 915 2474 suscipiendum
960 2415 1316 2476 comparatus
1348 2413 1460 2472 est;
1495 2421 1694 2476 nempe
1729 2406 1946 2476 abjecto
1983 2421 2085 2460 sa:-

492 2494 608 2550 culi
653 2495 875 2567 spiritu,
909 2497 1118 2567 Deique
1159 2497 1370 2568 Spiritu
1416 2507 1722 2568 assumpto.
1757 2497 1890 2552 inde
1936 2495 2087 2551 omni

493 2587 702 2642 mundo
735 2588 1100 2660 cruciﬁgitur,
1125 2605 1189 2644 ac
1219 2590 1439 2644 cunctis
1467 2591 1661 2645 mundi
1690 2589 2088 2660 cupiditatibus

494 2688 795 2734 evacuatur
826 2679 1032 2749 pariter
1061 2688 1119 2735 et
1146 2682 1515 2752 emundatur;
1551 2691 1722 2751 atque
1756 2696 1787 2736 a
1818 2679 2087 2736 vanitatis

496 2768 811 2823 rationibus
842 2769 998 2824 velut
1030 2769 1262 2826 faecibus
1295 2785 1528 2840 prorsus
1561 2770 1930 2841 depurgatus,
1957 2768 2091 2825 soli-

499 2874 609 2930 que
632 2858 762 2914 Jesu
791 2859 986 2915 vivens
1010 2869 1177 2931 atque
1205 2861 1356 2916 illius
1380 2862 1611 2932 vestigia
1635 2876 1916 2933 premens,
1941 2861 2091 2916 indo-

496 2951 569 3006 lis
600 2967 821 3006 onmem
850 2953 1130 3008 solertiam
1159 2969 1497 3025 omnemque
1526 2954 1696 3010 animi
1731 2954 2085 3025 sagacitatem

494 3055 564 3096 ac
605 3040 806 3096 mentis
843 3055 1116 3107 acumen,
1149 3042 1300 3098 illius
1345 3043 1678 3100 contuenda:
1716 3043 1940 3100 veritati
1985 3043 2089 3100 ad-

2186 590 2283 642 καὶ
2311 588 2576 656 ἐκλεγεὶς,
2603 587 2698 640 ἐπὶ
2715 587 2904 650 τέλους
2933 585 3236 657 ἀνελήφθη.

2253 765 2441 829 Οὕτως
2461 763 2624 828 Λευῒς
2647 748 2970 835 θαυμασίως
2997 764 3089 818 τδν
3113 763 3318 835 τρόπον
3353 764 3768 836 μεταποιηθιὶς,

2182 854 2264 917 είς
2290 853 2570 908 Ματθαῖον
2635 852 2732 906 καὶ
2768 851 2868 921 τὴν
2935 851 3312 924 προσηγορίαν
3367 851 3778 922 μετηλλάξατο·

2187 945 2284 999 καὶ
2330 945 2521 1016 ῶσπερ
2574 943 2878 1012 ὲτελώνησε
2941 944 3204 1013 πρότερον
3265 942 3356 996 τὸν
3412 943 3614 1014 χρυσὸν
3640 983 3656 1007 ,
3699 941 3784 1012 τῷ

2188 1035 2399 1106 βασιλεῖ
2423 1035 2517 1089 τοῦ
2540 1035 2729 1098 ἔθνους
2751 1034 2812 1087 τὺ
2837 1033 3074 1104 ὑπήκοον
3098 1033 3584 1104 φορολογούμενος,
3607 1033 3782 1095 οὕτως

2185 1126 2519 1197 ἑτελώνησεν
2548 1125 2774 1195 ὕστερον
2794 1125 2886 1178 τὸν
2919 1125 3174 1195 Χριστόν·
3208 1126 3476 1194 ἑπόμενος
3517 1124 3618 1194 μὲν
3640 1125 3781 1195 πρὸς

2184 1217 2283 1289 τὴν
2303 1217 2682 1287 πνευματικὴν
2702 1217 3028 1271 πανδαισίαν
3053 1215 3161 1268 τῶν
3194 1215 3368 1282 λόγων
3400 1213 3656 1268 καλοῦντι
3683 1210 3784 1267 καὶ

2189 1312 2458 1381 μυστικήν
2479 1326 2492 1339 ·
2525 1310 2706 1362 καλῶν
2735 1309 2792 1361 δὲ
2826 1309 2922 1361 καὶ
2976 1307 3140 1370 αὐτὸς
3193 1306 3352 1370 αὖθις
3373 1307 3536 1360 αὑτὸν
3576 1309 3656 1368 είς
3677 1306 3782 1376 τὴν

2185 1401 2383 1464 οἰκίαν,
2436 1402 2532 1454 καὶ
2585 1399 2958 1470 φιλοφροσύνῃ
3022 1398 3391 1468 δεξιούμενος,
3435 1398 3782 1467 ὲδέσμασίτε

2191 1491 2514 1561 θεραπεύων
2569 1492 2766 1552 διττοῖς
2798 1506 2813 1522 ·
2863 1489 2938 1554 ὼς
2987 1489 3278 1560 ἄνθρωπον
3333 1489 3464 1559 μὲν,
3509 1492 3625 1552 τοῖς
3682 1488 3781 1542 τοῦ

2191 1582 2444 1651 σώματος
2477 1583 2834 1652 ἐπιτηδείοιςο
2867 1583 2945 1643 ὼς
2959 1582 3093 1635 Θεὸν
3122 1581 3200 1644 δὲ,
3239 1580 3554 1648 ίλεούμενος
3577 1584 3643 1652 τῇ
3679 1599 3782 1651 με·

2189 1672 2398 1744 τανοίᾳ,
2431 1674 2525 1728 καὶ
2559 1674 2742 1726 πίστιν
2770 1673 3064 1742 προσάγων
3093 1673 3496 1744 ινεργουμένην
3542 1673 3612 1727 δι’
3643 1674 3784 1742 ἀγά-

2191 1781 2322 1832 πης,
2355 1764 2417 1817 τὸ
2447 1764 2754 1829 κάλλιστον,
2772 1757 2847 1818 ὧν
2881 1766 3087 1827 ἐκεῖνος
3133 1765 3276 1818 αίτεῖ
3301 1767 3430 1835 παρ’
3461 1763 3638 1834 ἡμῶν.
3689 1763 3783 1816 Διὸ

2117 1840 2162 1900 Β
2191 1857 2286 1911 καὶ
2311 1857 2624 1911 τελωνεῖται
2672 1855 3006 1927 προθύμως,
3065 1856 3257 1910 ἑαυτὸν
3310 1859 3422 1922 τοῖς
3467 1857 3726 1912 πεινῶσιν
3750 1856 3784 1910 ὁ

2191 1951 2576 2021 μεγαλόδωρος
2631 1949 2826 2012 διδοῦς’
2878 1950 3080 2002 πεινῶν
3099 1951 3161 2002 τὸ
3185 1947 3501 2013 πεινᾶσθαι,
3529 1950 3624 2002 καὶ
3659 1949 3785 2020 τρέ-

2189 2057 2307 2111 φων
2327 2042 2457 2104 τοὺς
2484 2041 2672 2110 ὲστιᾷν
2701 2039 3043 2110 νομίζοντας.

2261 2225 2423 2279 Ὄλον
2439 2219 2533 2280 οὖν
2549 2225 2742 2279 ἑαυτὸν
2759 2226 2788 2278 ό
2803 2223 3074 2295 μακάριος
3091 2221 3194 2294 τῆς
3209 2223 3511 2295 τελωνικῆς
3529 2222 3785 2292 πράξεως

2188 2316 2566 2388 ἀνακαθάρας,
2594 2319 2731 2386 πρδς
2776 2315 3047 2386 ὑποδοχὴν
3084 2315 3305 2370 εὔθετον
3335 2315 3777 2369 κατεσκευάσατο

2186 2410 2283 2466 τοῦ
2311 2409 2546 2481 Χριστοῦ
2579 2425 2593 2438 ·
2627 2409 3041 2479 ἀποϐαλόμενος
3072 2408 3173 2478 μὲν
3198 2407 3262 2460 τδ
3291 2408 3510 2478 πνεῦμα
3545 2407 3641 2462 τοῦ
3689 2408 3782 2460 κό-

2191 2517 2354 2570 σμου,
2377 2499 2821 2570 προσλαϐόμενος
2845 2498 2902 2552 δὲ
2927 2498 2990 2551 τὸ
3013 2496 3108 2551 τοῦ
3139 2497 3298 2552 Θεοῦ.
3315 2497 3597 2552 Ἐντεῦθεν
3620 2513 3778 2550 σταυο

2151 2585 2172 2592 ’
2191 2593 2381 2666 ροῦται
2400 2593 2499 2663 μὲν
2515 2592 2708 2662 κόσμῳ
2726 2591 2910 2655 παντὶ,
2929 2590 3025 2644 καὶ
3067 2588 3274 2653 πάσαις
3309 2592 3431 2654 ταῖς
3477 2591 3776 2662 κοσμικαῖς

2188 2684 2538 2755 ἐπιθυμίαις,
2568 2685 2664 2738 καὶ
2677 2680 3038 2736 ἀνακενοῦται
3055 2683 3151 2735 καὶ
3175 2681 3520 2754 καθαίρεται·
3544 2684 3642 2738 ut".
3673 2683 3784 2737 τῶν

2187 2771 2290 2841 τῆς
2308 2771 2671 2842 ματαιότητος
2692 2769 3041 2824 παντάπασιν
3059 2769 3469 2837 ἀποδιυλίζεται
3483 2772 3784 2843 λογισμῶν

2187 2861 2342 2932 μόνῳ
2385 2861 2444 2916 δὲ
2475 2861 2554 2932 τῷ
2592 2860 2771 2932 Ἰησοῦ
2823 2861 2955 2926 ζῶν,
2991 2861 3086 2915 καὶ
3114 2861 3288 2935 τούτῳ
3324 2864 3444 2918 κατ’
3477 2865 3622 2936 ῐχνος
3651 2865 3784 2920 ἀκο-

2189 2949 2417 3012 λουθῶν,
2445 2949 2576 3020 ὅλην
2609 2949 2710 3020 μὲν
2733 2949 2833 3019 τὴν
2865 2951 2930 3002 ὲκ
2984 2948 3202 3019 φύσεως
3255 2951 3540 3022 ἀγχίνοιαν
3567 2954 3658 3006 καὶ
3685 2953 3784 3019 τῆς

2189 3042 2428 3104 διανοίας
2459 3043 2559 3112 τὴν
2604 3041 2917 3111 ὲντρέχειαν
2945 3040 3044 3096 καὶ
3087 3041 3188 3111 τὴν
3219 3041 3498 3108 όξυωπίαν
3537 3043 3631 3098 τοῦ
3667 3041 3782 3111 νοῦ,

495 3132 637 3187 dixit
663 3151 677 3187 :
704 3133 1030 3202 cunctisque
1059 3133 1236 3205 ipsius
1264 3135 1440 3190 sacris
1466 3145 1631 3206 atque
1663 3136 1915 3206 mysticis
1943 3135 2089 3190 divi-

2192 3136 2329 3208 πρὸς
2384 3136 2577 3205 ὅρασιν
2624 3134 2720 3206 τῆς
2775 3134 2894 3187 κατ’
2930 3134 3096 3188 αὐτὸν
3147 3133 3407 3205 ἀληθείας
3450 3137 3780 3207 ἀπησχόλειο

496 3226 586 3280 nis
618 3225 1108 3296 praedicationibus
1142 3227 1546 3298 intelligentem
1581 3228 1834 3283 auditum
1868 3245 1933 3284 ac
1967 3244 2088 3283 mo-

499 3317 741 3388 rigerum
783 3317 1086 3384 adhibens;
1135 3318 1586 3387 admirandisque
1625 3307 1848 3375 cunctis
1886 3319 2094 3375 Christi

497 3408 765 3475 operibus
808 3408 1115 3476 simplicem
1159 3409 1382 3463 oculum
1419 3417 1584 3479 atque
1617 3409 1866 3464 lucidum
1900 3410 2093 3465 admo-

499 3510 672 3560 vens;
721 3512 787 3552 ac
828 3509 1094 3568 praeterea
1141 3498 1466 3554 salutarium
1516 3500 1873 3570 passionum,
1911 3500 2096 3555 erucis

501 3588 722 3650 mortis.
744 3588 1066 3658 sepulturae,
1092 3589 1545 3655 resurrectionis,
1573 3591 1935 3662 omniumque
1968 3591 2097 3645 reli-

501 3695 740 3749 quorum
783 3680 904 3750 ipse
944 3689 1225 3751 spectator
1263 3683 1556 3752 sociusque
1596 3683 1859 3748 effectus,
1892 3684 2097 3739 miran-

501 3772 635 3826 dum
679 3773 736 3828 in
781 3773 1009 3828 modum
1057 3775 1174 3844 ipse
1220 3773 1402 3845 seipse
1443 3778 1500 3844 (ο
1539 3775 1692 3829 omni
1733 3775 2096 3833 admiratione

504 3865 897 3933 prosequende
939 3865 1422 3934 inaspectabilium
1466 3865 1807 3938 spectator!)
1850 3867 2092 3934 excedis,

501 3963 762 4025 totusque
813 3955 910 4010 Dei
964 3972 1194 4012 excessu
1252 3957 1519 4028 rapientis
1565 3957 1838 4023 eﬁiceris,
1884 3959 2094 4030 Deique

501 4041 717 4114 Spiritu
775 4059 1048 4110 nascens,
1099 4045 1322 4100 divinus
1380 4047 1543 4116 plane
1601 4047 1832 4117 spiritus
1883 4049 2091 4104 evadis.

499 4133 870 4200 Quamobrem
901 4137 1071 4192 etiam
1101 4138 1418 4193 Paraeletus
1447 4153 1477 4192 e
1506 4139 1646 4194 coelo
1678 4137 1911 4205 effusus,
1935 4130 2094 4210 quasi

501 4241 628 4280 cum
664 4227 892 4296 propria
925 4229 1080 4298 prole
1117 4230 1435 4285 consuescit
1471 4248 1484 4283 :
1523 4231 1751 4301 ipsaque
1785 4231 2096 4287 substantia

505 4317 730 4386 illapsus
773 4328 830 4373 et
867 4335 1136 4385 versans,
1172 4320 1488 4391 divinisque
1533 4322 1997 4378 illustrationibus
2033 4339 2098 4382 ac

506 4409 836 4464 muneribus
862 4412 1104 4481 replens,
1126 4413 1398 4482 sapientia
1423 4413 1690 4484 adimplet
1710 4423 1767 4469 et
1791 4415 2094 4482 intellectu,

2195 3229 2397 3291 πάσαις
2425 3225 2484 3279 δὲ
2533 3228 2653 3291 ταῖς
2703 3227 2875 3298 ίεραῖς
2909 3227 3074 3281 αὐτοῦ
3103 3227 3408 3296 θεολογίαις
3458 3229 3554 3282 καὶ
3589 3245 3782 3300 μυστιο

2194 3317 2320 3378 καῖς
2369 3315 2591 3371 συνετὸν
2620 3316 2987 3386 παραϐάλλων
3011 3316 3104 3370 καὶ
3143 3317 3372 3389 εὖήκοον
3404 3312 3498 3382 οὖς
3518 3335 3532 3350 ·
3560 3319 3783 3382 καὶτοῖς

2196 3403 2522 3473 θαυμασίοις
2567 3403 2624 3458 δὲ
2669 3405 2780 3458 τῶν
2836 3406 3015 3475 ἔργων
3064 3405 3303 3476 Χριστοῦ
3357 3410 3526 3462 πᾶσιν
3581 3407 3784 3462 ἁπλοῦν

2194 3494 2472 3566 ὀφθαλμὸν
2499 3494 2806 3550 ἐπιϐάλλων
2834 3497 2931 3550 καὶ
2960 3499 3304 3570 φωτολαμπῆ
3325 3515 3339 3529 ’
3377 3502 3472 3554 καὶ
3501 3499 3636 3570 πρὸς
3657 3499 3783 3554 τού-

2194 3605 2309 3651 τοις
2341 3587 2450 3641 τῶν
2479 3588 2764 3660 σωτηρίων
2807 3588 3022 3652 παθῶν,
3074 3590 3170 3644 τοῦ
3207 3591 3468 3662 σταυροῦ,
3497 3591 3591 3646 τοῦ
3621 3591 3785 3646 θανά-

2195 3693 2312 3743 του,
2339 3675 2439 3744 τῆς
2471 3677 2670 3746 ταφῆς,
2695 3677 2795 3747 τῆς
2824 3679 3178 3741 ἀναστάσεως
3195 3718 3211 3743 ,
3244 3680 3341 3733 καὶ
3368 3680 3480 3734 τῶν
3502 3681 3783 3750 ἑπομένων

2197 3765 2386 3828 αὐτοῖς
2423 3765 2645 3820 πάντων
2676 3767 2953 3837 αὐτόπτης
2986 3769 3085 3822 καὶ
3112 3769 3367 3834 κοινωνὸς
3395 3773 3780 3844 γεγενημένος,

2195 3855 2475 3919 ὲξίστασαι
2505 3855 2608 3927 μὲν
2653 3856 2849 3912 ἑαυτοῦ
2884 3858 3230 3929 θαυμασίως,
3266 3860 3334 3932 (ὣ
3367 3863 3782 3933 θαυμασιώτατε

2195 3947 2305 4000 τῶν
2344 3946 2677 4019 ἀθεωρήτων
2716 3949 3028 4020 θεωρητάί)
3078 3951 3200 4015 ὅλος
3253 3953 3309 4006 δὲ
3339 3953 3432 4007 τοῦ
3467 3955 3783 4020 ὲξιστῶντος

2196 4035 2324 4110 γίνῃ
2350 4036 2486 4090 Θεοῦ
2505 4053 2520 4068 ·
2550 4039 2644 4092 καὶ
2696 4039 2835 4092 Θεοῦ
2863 4040 3143 4110 Πνεύματι
3174 4043 3535 4114 γεννώμενος,
3565 4045 3782 4116 πνεῦμα

2198 4128 2340 4182 θεῖον
2384 4129 2627 4200 ἀτεχνῶς
2661 4129 2820 4202 γίνῃ·
2855 4125 2933 4195 οἷς
2973 4132 3040 4197 δὴ
3072 4133 3166 4188 καὶ
3207 4136 3237 4186 ό
3265 4135 3620 4206 Παράκλητος
3645 4138 3783 4192 ἀνω·

2198 4222 2290 4278 θεν
2321 4221 2589 4292 ὲκχεθεὶς,
2622 4223 2698 4285 ὡς
2731 4223 2920 4294 οἰκείῳ
2959 4225 3265 4296 γεννήματι
3292 4228 3641 4298 προσομιλεῖ·
3693 4229 3784 4283 καὶ

2197 4310 2320 4365 κατ’
2358 4313 2548 4366 ούσίαν
2595 4313 3011 4385 ὲμφιλοχωρῶν,
3067 4316 3164 4370 καὶ
3207 4317 3318 4371 τῶν
3366 4318 3674 4391 θεαρχικῶν
3699 4321 3785 4376 ὲλ-

2198 4405 2458 4475 λάμψεων
2489 4407 2584 4458 καὶ
2616 4405 2835 4474 δωρεῶν
2869 4407 3186 4477 ἐμπιπλῶν,
3234 4411 3436 4482 πληροῖ
3463 4413 3563 4482 μὲν
3593 4414 3784 4482 σοφίας

507 4499 810 4570 impletque
862 4502 1192 4559 fortitudine
1242 4513 1301 4558 et
1348 4505 1619 4570 scientia;
1675 4505 1793 4576 pari
1853 4507 2091 4578 denique

2202 4496 2296 4550 καὶ
2325 4496 2630 4562 συνέσεως,
2685 4496 2885 4566 πληροί
2937 4497 2996 4550 δὲ
3051 4498 3234 4570 ἰσχύος
3284 4502 3378 4554 καὶ
3407 4502 3694 4571 γνώσεως*
3727 4505 3783 4557 ὲν

506 4593 816 4664 coryphzcis
843 4595 1355 4667 antiquissimisque
1375 4613 1626 4662 munere,
1657 4599 1937 4670 signorum
1967 4616 2098 4673 pro-

508 4685 896 4756 digiorumque
920 4687 1227 4744 virtutibus
1251 4679 1555 4746 liberaliter
1583 4691 1832 4748 donavit.

581 4776 721 4842 Quid
783 4776 982 4847 igitur?
1037 4778 1179 4834 Num
1237 4778 1506 4849 Spiritum
1564 4782 1788 4851 quidem
1845 4784 1898 4838 in
1955 4784 2098 4855 ignis

510 4867 695 4936 specie
731 4883 763 4922 e
801 4870 943 4925 cmlo
981 4870 1410 4926 descendentem
1455 4873 1568 4942 pari
1609 4874 1833 4945 reliquis
1866 4891 2097 4931 munere

511 4959 783 5027 suscepit,
814 4976 925 5014 non
966 4962 1089 5032 pari
1115 4977 1247 5016 vero
1277 4971 1475 5017 conatu
1503 4965 1734 5035 gratiam
1767 4981 1888 5036 qua:
1917 4967 1972 5021 in
2003 4968 2099 5023 illo

510 5056 626 5111 est,
675 5050 933 5118 gentibus
981 5052 1373 5108 annuntiavit?
1419 5062 1516 5106 aut
1563 5069 1595 5108 a
1639 5055 1786 5109 Petri
1835 5073 1899 5112 ac
1941 5057 2097 5112 Pauli

511 5139 700 5194 divina
733 5157 833 5210 pro
862 5143 1091 5211 apostoli
1126 5144 1374 5213 partibus
1402 5145 1704 5216 sapientia,
1738 5146 1792 5200 id
1831 5157 1951 5214 est,
1978 5164 2096 5204 ma-

511 5228 915 5298 gniloquentia,
941 5231 1176 5286 defecit?
1204 5219 1582 5304 Nequaquam.
1605 5235 1719 5290 Illis
1742 5251 1978 5307 namque
2000 5254 2099 5309 per

511 5333 707 5372 omnes
732 5319 984 5374 nationes
1011 5336 1074 5376 ac
1107 5329 1266 5375 terrae
1293 5338 1419 5376 oras
1445 5323 1910 5389 discurrentibus,
1935 5335 2100 5394 prout

511 5410 716 5478 cuique
758 5410 1060 5482 obtigerat,
1085 5420 1181 5467 aut
1207 5414 1527 5469 Paraeletus
1567 5413 1950 5479 discernebat,
1977 5433 2099 5471 ver-

514 5501 759 5572 bumquc
786 5503 913 5558 vitae
943 5504 1056 5558 oris
1089 5504 1210 5572 ipso
1241 5504 1454 5567 oﬁieio,
1487 5505 1575 5560 his
1613 5506 1667 5558 in
1707 5521 1847 5576 quos
1884 5507 2098 5562 incide-

515 5593 650 5647 bant
694 5595 1119 5662 enarrantibus;
1171 5596 1293 5659 hic,
1329 5595 1566 5651 ferventi
1603 5597 1699 5651 Dei
1749 5598 2101 5656 aamulatione

513 5697 846 5750 succensus,
892 5685 1091 5740 animis
1139 5686 1438 5756 gliscebat,
1472 5687 1935 5755 discruciabatur,
1959 5706 2102 5761 aegre

518 5773 860 5845 molesteque
887 5777 1148 5844 habebat,
1176 5779 1360 5835 cordis
1389 5781 1788 5852 parturiginem
1815 5780 1960 5837 ferre
1986 5798 2097 5839 non

2198 4587 2442 4658 σημείων
2472 4587 2529 4641 δὲ
2559 4588 2653 4640 καὶ
2703 4588 2950 4659 τεράτων
2977 4589 3295 4660 δυνάμεσιν,
3349 4595 3440 4649 ίσα
3487 4597 3600 4660 τοίς
3631 4612 3783 4669 κορυ-

2197 4681 2381 4750 φαίοις
2413 4680 2510 4735 καὶ
2548 4679 2944 4750 πρεσϐυτάτοις
2975 4682 3422 4755 ἐφιλοτιμήσατο.

2270 4773 2335 4826 Τί
2362 4773 2493 4839 οῦν;
2527 4774 2670 4844 Ἀρα
2719 4773 2781 4826 τὸ
2821 4773 3050 4843 Πνεῦμα
3083 4775 3182 4847 μὲν
3229 4777 3288 4828 ὲν
3316 4778 3448 4832 εῖδει
3488 4779 3663 4849 πυρὸς
3698 4778 3785 4832 ού-

2200 4865 2424 4936 ρανόθεν
2469 4866 2794 4935 καθιέμενον
2845 4866 3048 4935 ὁμοίως
3103 4869 3216 4930 τοῖς
3254 4868 3434 4932 ἄλλοις
3471 4870 3782 4936 ὑπεδέξατο,

2198 4957 2296 5026 οὐχ
2347 4955 2549 5026 ὁμοίως
2611 4956 2668 5009 δὲ
2716 4955 2815 5027 τὴν
2861 4957 2956 5010 ἀπ’
3007 4957 3174 5011 αὐτοῦ
3202 4959 3366 5030 χάριν
3416 4962 3532 5022 τοῖς
3579 4962 3785 5016 ἔθνεσιν

2199 5047 2575 5118 ἀπήγγειλενς
2625 5047 2659 5119 ἢ
2688 5049 2896 5120 Πέτρου
2927 5051 3022 5103 καὶ
3051 5050 3263 5105 Παύλου
3293 5053 3392 5119 τῆς
3421 5054 3785 5125 ἀποστολικῆς

2200 5139 2509 5208 θεοσοφίας,
2573 5139 2691 5209 ἦτοι
2748 5139 3192 5211 μεγαλοφωνίας,
3225 5141 3563 5216 ἀπελείφθης
3614 5147 3784 5199 Οὐδα-

2203 5230 2340 5300 μῶς.
2376 5231 2488 5283 Καὶ
2519 5231 2648 5300 γὰρ,
2685 5231 2794 5283 τῶν
2849 5232 2953 5302 μὲν
3001 5232 3143 5286 κατὰ
3189 5234 3300 5288 πᾶν
3353 5233 3505 5298 ἔθνος
3538 5237 3640 5290 καὶ
3677 5237 3784 5291 πᾶν

2201 5329 2374 5400 κλίμα
2422 5328 2524 5399 τῆς
2551 5329 2657 5400 γῆς
2684 5329 3108 5402 διατρεχόντων,
3133 5330 3209 5394 ὡς
3247 5331 3438 5402 ιλαχεν
3468 5333 3723 5402 ἕκαστος,
3751 5335 3784 5407 ἢ

2200 5421 2274 5484 ὡς
2303 5419 2577 5491 ἀφώριζεν
2625 5423 2653 5475 ό
2681 5421 3057 5491 Παράλιλητος,
3085 5423 3182 5476 καὶ
3206 5422 3300 5477 τὸν
3331 5424 3431 5492 τῆς
3453 5425 3604 5497 ζωῆς
3631 5427 3787 5495 λόγον

2202 5516 2314 5575 τοῖς
2349 5515 2832 5585 παρατυγχάνουσι
2858 5513 2949 5567 διὰ
2979 5513 3246 5584 στόματος
3269 5515 3684 5588 ἐξηγουμένων,
3699 5515 3787 5573 οὗ·

2202 5623 2313 5669 τος,
2348 5605 2513 5676 ζήλου
2543 5605 2680 5659 Θεοῦ
2740 5605 3188 5677 πυρπολούμενος
3236 5608 3558 5682 θερμότητι,
3609 5608 3784 5678 ἀσφά-

2202 5693 2327 5757 δαζε
2361 5695 2460 5764 μὲν
2494 5695 2586 5747 καὶ
2633 5695 2998 5766 κατετρύχετο
3029 5696 3124 5748 καὶ
3156 5696 3420 5767 ἡσχαλλε,
3466 5699 3574 5769 τὴν
3615 5699 3783 5754 ὠδῖνα

2203 5787 2302 5856 τῆς
2327 5785 2555 5857 καρδίας
2589 5785 2813 5855 ὑπέχειν
2841 5787 2939 5858 οὐχ
2963 5780 3075 5850 οἷός
3105 5804 3164 5841 τε
3198 5785 3273 5842 ὧν
3298 5805 3310 5818 ·
3346 5790 3437 5845 καὶ
3478 5791 3662 5846 πᾶσαν
3681 5786 3784 5860 τὴν
