4094 6404
305 413 414 482 229

1017 394 1305 458 ORATIO
1344 392 1452 452 Χῐ.
1483 415 1551 424 --
1580 387 1664 447 ΙΝ
1703 383 2020 449 LAUDEM
2060 383 2120 442 S.
2165 379 2532 441 MATTIL’EI
2572 381 2832 440 APOST.

3472 379 3580 447 220

301 517 644 590 οἰκουμένην,
673 513 798 567 ὅσον
821 510 904 575 είς
938 512 1041 581 τὴν
1068 506 1236 563 αὑτοῦ
1277 503 1539 576 πρόθεσιν
1588 497 1745 574 ἧκον,
1787 498 1885 553 τοῦ
1915 559 1918 567 γ

2026 496 2206 560 aiens;
2238 509 2303 548 ac
2332 493 2527 547 orbem
2558 491 2906 557 universum,
2933 491 3002 546 ad
3029 490 3152 562 ejus
3181 490 3352 547 animi
3379 507 3580 562 propo-

302 613 401 682 τῆς
424 610 646 681 χάριτος
666 606 828 674 λόγου
857 600 1149 673 πληρῶσαι
1175 594 1650 669 προθυμούμενος.

291 755 304 851 ί
384 780 849 851 ’Λνακοπτόμενος
878 777 938 832 δὲ
981 776 1084 845 τῆς
1137 775 1290 844 ἱερᾶς
1338 769 1636 840 ἐπιθυμίας
1683 767 1891 838 φυσικῇ

289 848 394 956 ξιοῦ
425 875 584 944 ἁγίου
633 848 887 942 σώματος
933 865 1230 936 ἀδυναμίᾳ,
1287 864 1390 917 οὐκ
1425 859 1792 915 άναπέπτωκε
1822 859 1891 926 τῇ

291 949 587 1042 Ῐρᾳθυμίᾳο
617 967 683 1018 οὐ
717 960 970 1035 ῥᾳστώνῃ
994 957 1188 1011 ἑαυτὸν
1239 955 1470 1010 ἀπέδοτο
1510 953 1608 1010 και
1656 949 1840 1020 τρυφῇ
1872 962 1888 978 ο

302 1059 423 1112 οὐδὲ
473 1057 817 1127 σωματικαῖς
866 1050 1143 1119 ἀνεκλήθη
1180 1046 1414 1109 διαίταις
1456 1043 1552 1097 καὶ
1605 1041 1892 1096 ἀνέσεσινο

305 1149 442 1202 ἀλλὰ
498 1145 760 1215 δευτέραν
791 1138 974 1213 -ἧλθεν
1013 1138 1155 1204 ὁδὸν,
1205 1135 1470 1204 ἐπίτομον
1505 1134 1602 1187 καὶ
1625 1127 1892 1200 ἅμοχθον,

309 1241 406 1294 καὶ
459 1239 665 1300 πάσαις
711 1232 1019 1304 ἀνθρώπων
1083 1225 1404 1300 σωτηριώδη
1463 1225 1704 1293 γενεαῖς.
1756 1221 1882 1274 Συν·

311 1328 536 1400 αγαγών
572 1325 764 1382 ἑαυτὸν
795 1326 869 1387 ὡς
886 1319 997 1376 οἷόν
1015 1337 1074 1375 τε
1103 1317 1193 1391 ἦν,
1220 1319 1316 1374 καὶ
1335 1317 1435 1387 τὴν
1463 1312 1782 1384 θεανδρικὴν
1800 1307 1894 1366 τοῦ

309 1424 488 1490 Λόγου
522 1420 660 1491 πρὸς
684 1416 1010 1488 ἀνθρώπους
1058 1413 1383 1481 ἐπιφάνειαν
1433 1407 1533 1462 καὶ
1585 1408 1767 1459 πᾶσαν
1793 1403 1896 1472 τὴν

315 1513 574 1585 θεουργδν
600 1509 918 1579 οἰκονομίαν
939 1506 1154 1575 διὰμνή
1165 1520 1273 1574 μης
1303 1499 1508 1570 σαφοῦς
1531 1495 1896 1553 ἀνατυπωσά-

313 1619 475 1675 μενος
505 1603 573 1670 τῇ
598 1599 839 1669 διανοίᾳ,
868 1597 965 1650 καὶ
987 1590 1101 1648 οἷον
1132 1594 1226 1645 ὑπ’
1257 1589 1380 1660 δψιν
1405 1587 1607 1650 λαϐὼν,
1631 1587 1898 1657 λογογρα-

312 1697 406 1764 φεῖ
424 1694 524 1762 τὴν
577 1689 894 1744 εὐσέϐειαν*
946 1686 1041 1739 καὶ¹
1098 1683 1242 1753 άπερ
1275 1680 1540 1750 ἀγράφως
1580 1679 1693 1741 τοῖς
1716 1675 1896 1730 ἔθνεσι

311 1787 399 1839 διὰ
427 1783 680 1852 γλώσσης
702 1781 752 1834 οί
779 1777 928 1833 ἄλλοι
952 1771 1346 1842 παρεδίδοσαν,
1386 1769 1564 1824 ταῦτα
1611 1766 1896 1828 Ματθαῖος

1992 587 2159 642 situm
2200 584 2348 656 quod
2386 583 2681 649 attinebat,
2712 581 2884 636 verbo
2923 583 3115 652 gratia:
3159 583 3392 653 implere
3430 591 3582 638 satae

1993 695 2146 751 gens.

2063 771 2331 826 Obstante
2365 782 2500 822 vero
2539 781 2697 822 sacro
2733 765 3042 831 desiderio,
3071 765 3220 835 quod
3252 767 3585 836 corpusculo

1995 863 2357 919 imbecilliore
2409 871 2611 916 natura
2664 859 2930 930 praeditus
2983 867 3143 924 erat,
3188 875 3302 914 non
3362 859 3586 930 ignavia

1995 955 2260 1020 concidit,
2279 971 2390 1009 non
2418 968 2478 1009 se
2509 952 2761 1008 moiiitiei
2789 967 2854 1006 ac
2877 951 3091 1007 deliciis
3115 952 3361 1006 deditum
3387 952 3582 1018 voluit,

1994 1062 2106 1101 non
2136 1043 2414 1116 corporali
2441 1043 2718 1112 exquisito
2739 1042 2889 1097 victu
2915 1056 2981 1096 ac
3004 1041 3328 1096 deiicatiore
3353 1041 3583 1108 resiiiit;

1996 1138 2094 1194 sed
2121 1138 2351 1193 alteram
2380 1136 2504 1190 iniit
2520 1135 2691 1199 viam,
2713 1149 2944 1203 eamque
2968 1132 3462 1202 compendiariam,
3482 1147 3588 1188 nec

1995 1227 2299 1298 quidquam
2329 1240 2628 1289 morosam,
2655 1225 2982 1293 cunctisque
3012 1225 3300 1279 hominum
3322 1225 3584 1279 tctatibus

1998 1320 2316 1374 salutarem.
2361 1316 2624 1383 Quinimo
2664 1316 2784 1385 ipse
2823 1316 3102 1384 seipsum,
3134 1316 3316 1386 quoad
3357 1316 3588 1379 licebat,

1997 1412 2290 1482 colligens,
2321 1411 2532 1480 Deique
2562 1410 2780 1464 virilem
2806 1408 2976 1463 Verbi
3024 1408 3091 1462 ad
3135 1408 3388 1462 homines
3421 1423 3590 1478 appa-

1999 1505 2281 1568 ritionem,
2309 1516 2642 1570 omnemque
2670 1499 2914 1554 divinam
2943 1500 3413 1569 dispensationem
3441 1499 3587 1552 clara

2007 1603 2194 1649 mente
2247 1592 2513 1646 memoria
2566 1590 2902 1655 informans,
2956 1606 3022 1645 ac
3071 1591 3222 1645 velut
3276 1592 3347 1644 ob
3401 1588 3594 1643 oculos

1999 1700 2241 1756 ponens,
2276 1683 2486 1752 scripto
2527 1681 2818 1751 consignat
2847 1682 3108 1750 pietatem
3144 1699 3158 1736 :
3189 1694 3420 1750 quaeque
3453 1677 3592 1732 adeo

2004 1775 2206 1845 reliqui
2249 1773 2507 1844 gentibus
2546 1772 2748 1842 linguae
2783 1785 3015 1826 munere
3043 1786 3152 1825 non
3188 1771 3394 1839 scripta
3427 1768 3595 1823 tradi-

312 1879 340 1930 6
368 1842 543 1947 μέγας
577 1842 674 1928 διά-
687 1868 1075 1940 συγγραφικῆς
1102 1863 1340 1936 θεωρίας
1386 1857 1894 1930 συγκεφαλαιούμε·

2020 1868 2221 1933 ierant,
2249 1842 2368 1920 haec
2408 1879 2643 1933 magnus
2675 1863 2968 1917 Matthqu
3007 1862 3216 1931 scripta
3257 1868 3597 1915 commenta-

312 1985 424 2030 νος,
446 1966 568 2021 ὅλον
586 1962 682 2017 τοῦ
711 1961 886 2030 Λόγου
924 1959 988 2013 τὸ
1032 1957 1336 2029 μυστήριον
1379 1954 1552 2026 ἱεραῖς
1600 1952 1900 2018 άνατέταχε

313 2056 654 2128 θεηγορίαις.

387 2161 632 2218 ’Λνωθεν
669 2157 780 2228 γὰρ
813 2157 914 2227 τῆς
947 2152 1307 2224 γενεαλογίας
1363 2149 1476 2204 ἀπὸ
1523 2147 1778 2218 Ἀϐραὰμ
1803 2146 1905 2216 τὴν

317 2253 496 2326 ἀρχὴν
554 2250 997 2319 καταϐαλόμενος
1032 2285 1049 2311 ,
1140 2244 1238 2298 καὶ
1306 2240 1546 2310 καθεξῆς
1577 2280 1593 2305 ,
1653 2238 1862 2310 προῖὼν
1887 2277 1904 2304 ,

317 2348 418 2415 τὴν
443 2344 588 2401 κατὰ
611 2343 794 2412 σάρκα
837 2341 1100 2411 γέννησιν
1141 2331 1567 2406 εὐαγγελίζεται
1617 2332 1714 2386 τοῦ
1768 2331 1909 2402 Χρι-

321 2437 452 2492 στοῦ
486 2451 503 2470 ο
551 2430 696 2500 εἶτα,
739 2433 842 2505 τὴν
913 2429 1188 2494 ἀνάδειξιν
1211 2467 1228 2494 ,
1277 2426 1379 2496 τὴν
1422 2425 1683 2496 βάπτισιν
1739 2422 1908 2476 αὑτοῦ

321 2528 418 2581 καὶ
447 2525 541 2579 τδν
565 2522 877 2594 πειρασμόν
899 2536 913 2550 ·
967 2519 1111 2583 εἶτα,
1141 2517 1251 2571 τῶν
1305 2514 1621 2571 ἀποστόλων
1675 2511 1776 2583 τὴν
1814 2513 1910 2564 ὲκ·

323 2615 516 2687 λογὴν,
569 2615 670 2678 τὰς
706 2613 858 2685 ίερὰς
933 2606 1350 2682 μυσταγωγίας,
1416 2606 1550 2668 ὅσας
1579 2619 1641 2656 τε
1669 2603 1760 2657 διὰ
1799 2619 1908 2656 πα-

325 2707 570 2782 ραϐολῶν
605 2745 623 2770 ,
672 2707 770 2760 καὶ
812 2705 947 2767 ὅσας
1000 2705 1031 2757 6
1077 2701 1284 2771 Κύριος
1333 2700 1394 2752 ὲν
1453 2697 1741 2769 παρρησία
1793 2695 1911 2757 τοῖς

323 2800 505 2870 δχλοις
539 2796 739 2869 ὡμίλει
772 2797 872 2850 καί¹
907 2797 1021 2856 τοῖς
1054 2793 1354 2864 μαθηταῖςο
1395 2785 1517 2842 εἶτα
1539 2827 1556 2852 ,
1610 2788 1709 2850 τὰς
1743 2787 1913 2856 ὑπερ-

327 2893 486 2962 φυεῖς
505 2891 608 2944 θαυ
618 2888 974 2960 ματουργίας,
998 2885 1100 2948 τὰς
1114 2884 1226 2937 τῶν
1247 2881 1554 2935 νοσούντων
1580 2876 1906 2947 θεραπείας,

327 2984 440 3038 τῶν
465 2981 740 3052 δαιμόνων
768 2981 868 3043 τὰς
896 2977 1220 3048 καθάρσεις,
1261 2973 1373 3027 τῶν
1402 2970 1763 3040 πολυτρόπως
1804 2985 1914 3021 πα-

333 3074 573 3145 σχόντων
599 3071 700 3134 se;
733 3072 908 3133 ίάσεις
929 3108 947 3134 ,
979 3067 1080 3138 τὴν
1104 3065 1217 3120 τῶν
1255 3065 1438 3136 ἄρτων
1481 3060 1794 3129 εὐλόγησιν,
1824 3057 1920 3110 τὸν

2011 1961 2162 2015 tione
2193 1971 2410 2012 summa
2435 1955 2731 2025 colligens,
2761 1963 2936 2009 totum
2961 1952 3128 2009 Verbi
3158 1952 3482 2024 mysterium
3513 1965 3599 2004 sa-

2005 2053 2116 2108 cris
2147 2048 2636 2121 prmdicationibus
2664 2046 2926 2101 intexuit.

2079 2156 2311 2211 Sursum
2343 2154 2491 2209 enim
2522 2152 2591 2206 ab
2611 2150 2932 2206 Abrahamo
2956 2148 3375 2220 generationum
3401 2143 3600 2200 seriem

2008 2262 2170 2302 orsus
2188 2288 2202 2314 ,
2233 2261 2298 2300 ac
2326 2245 2592 2314 deinceps
2617 2241 2956 2312 procedens,
2981 2255 3104 2308 qua:
3138 2238 3446 2293 secundum
3478 2250 3602 2290 car-

2008 2354 2136 2393 nem
2186 2349 2306 2401 est,
2348 2332 2559 2390 Christi
2606 2330 3024 2402 generationem
3077 2329 3371 2382 annuntiat
3419 2343 3433 2379 ι
3483 2333 3602 2378 tum

2009 2429 2131 2500 ejus
2175 2425 2585 2486 ostensionem,
2626 2419 3075 2489 baptismumque
3112 2423 3170 2469 et
3210 2412 3602 2474 tentationem;

2012 2519 2215 2576 deinde
2244 2515 2622 2587 apostolorum
2656 2511 3022 2572 eiectionem,
3053 2519 3350 2574 sacrasque
3384 2502 3607 2557 institu-

2012 2611 2223 2671 tiones,
2253 2620 2600 2677 quaecunque
2640 2599 2910 2656 Dominus
2948 2597 3004 2650 in
3043 2594 3348 2666 parabolis,
3374 2599 3431 2646 et
3460 2599 3610 2660 quasi

2013 2713 2232 2768 cunque
2274 2696 2451 2766 palam
2489 2691 2672 2746 turbis
2711 2703 2776 2743 ac
2809 2685 3102 2756 discipulis
3141 2682 3496 2752 loquebatur.
3524 2677 3609 2733 Ad

2014 2793 2131 2846 hac
2162 2787 2363 2845 eximia
2393 2783 2694 2847 miracula,
2723 2787 2948 2835 curatos
2976 2785 3242 2848 aegrotos,
3273 2789 3303 2827 a
3336 2768 3608 2827 damoni-

2015 2883 2121 2937 bus
2159 2879 2473 2942 mundatos,
2505 2873 2676 2928 variis
2721 2870 3090 2942 languoribus
3129 2874 3372 2928 sanatos,
3405 2875 3612 2933 panum

2018 2970 2487 3032 benedictionem,
2515 2963 2952 3020 ambulationem
2994 2973 3161 3028 supra
3203 2971 3377 3019 mare,
3411 2955 3613 3008 immu-

2021 3065 2285 3118 tationem
2336 3060 2392 3114 in
2441 3065 2666 3122 monte;
2717 3067 2938 3108 omnem
2990 3049 3232 3118 denique
3280 3043 3617 3114 simpliciter

334 3129 403 3219 ιδ
431 3129 1161 3233 θαλάσσῃ-περίπατονίτὴν
1181 3157 1273 3210 ιπὶ
1296 3129 1395 3208 τοῦ
1423 3152 1583 3223 δρους
1607 3148 1916 3205 ἀλλοίωσιν.

2023 3152 2400 3227 prodigiorum
2425 3145 2757 3217 stupendam
2779 3142 2915 3206 vim,
2933 3150 3268 3207 omnemque
3292 3135 3425 3190 Jesu
3453 3129 3620 3185 actio-

336 3257 448 3312 Καὶ
486 3256 669 3308 πᾶσαν
702 3251 892 3316 ἁπλῶς
923 3247 1328 3322 τερατουργίαν
1367 3243 1645 3316 ὑπερφυᾶ,
1689 3241 1786 3294 καὶ
1823 3239 1922 3293 na,

338 3363 439 3400 σαν
469 3344 668 3415 πρᾶξιν
693 3343 787 3396 τοῦ
830 3340 1026 3413 Ἰησοῦ,
1065 3341 1165 3392 καὶ
1199 3339 1381 3392 πᾶσαν
1435 3333 1722 3404 ἐνέργειαν
1771 3329 1922 3394 ἀξιο-

338 3437 679 3506 λογωτάτην,
709 3432 845 3490 Θεοῦ
894 3433 1128 3501 φωναῖς,
1156 3431 1186 3483 6
1217 3427 1314 3482 τοῦ
1345 3425 1667 3495 Πνεύματος
1700 3421 1922 3492 ἄριστος

346 3527 734 3599 μυστογρὰφος
765 3525 1081 3594 ὑφηγεῖται.
1115 3520 1226 3574 Ναὶ
1269 3517 1336 3588 δὴ
1383 3517 1480 3570 καὶ
1503 3514 1578 3567 τὰ
1605 3513 1704 3582 τῆς
1737 3509 1925 3564 δευτέ-

347 3598 446 3690 ρας
486 3615 654 3671 αὑτοῦ
688 3613 1015 3685 παρουσίας,
1043 3610 1314 3681 ἐξέφρασε
1347 3605 1653 3676 μυστήρια·
1683 3601 1820 3671 πρὸς
1843 3598 1922 3664 δὲ,

344 3688 444 3764 καὶ
473 3708 573 3778 τὴν
607 3707 702 3760 ἐπὶ
747 3703 842 3758 τοῦ
887 3701 1078 3755 πώλου
1109 3697 1422 3770 καθίζησιν,
1453 3696 1545 3749 atati.
1577 3692 1688 3746 τῶν
1718 3688 1926 3742 παίδων

343 3804 445 3871 τὴν
463 3798 723 3870 ὖμνησιν,
757 3795 854 3848 καὶ
882 3793 993 3847 τῶν
1032 3789 1306 3845 Ἰουδαίων
1343 3787 1446 3856 τὴν
1480 3783 1802 3856 βασκανίανο
1835 3781 1928 3834 καὶ

343 3889 438 3942 τὸν
468 3888 685 3940 δεῖπνον
712 3885 806 3938 τδν
833 3881 1119 3954 μυστικὸν,
1153 3879 1249 3932 καὶ
1273 3878 1372 3948 τὴν
1405 3873 1581 3928 Ἰούδα
1605 3871 1924 3943 προδοσίαν,

346 3981 444 4035 καὶ
459 3979 560 4049 τὴν
583 3974 1033 4046 ὑποκεκριμένην
1057 3970 1155 4025 τοῦ
1185 3968 1417 4023 Πιλάτου
1432 3965 1614 4035 κρίσιν
1633 3964 1729 4018 καὶ
1762 3963 1930 4015 κατά-

349 4085 558 4142 κρισιν-
587 4069 684 4122 τὸν
726 4068 996 4136 κάλαμον,
1018 4063 1110 4117 τὸν
1140 4062 1429 4130 στέφανον,
1461 4058 1554 4110 τὸν
1590 4053 1929 4126 ἐμπαιγμδν,

347 4163 444 4217 τὸν
473 4161 730 4233 σταυρὸν,
763 4163 867 4230 τὴν
915 4158 1120 4228 ταφὴν,
1154 4155 1255 4225 τὴν
1286 4152 1590 4222 τριήμερον
1634 4146 1936 4201 ἀνάστασιν

350 4256 450 4309 καὶ
473 4253 789 4324 ίιμιράνισιν.
820 4250 932 4304 Καὶ
960 4249 1142 4301 πᾶσαν
1177 4245 1413 4306 συνόλως
1449 4243 1618 4310 φάναι
1641 4238 1737 4292 τοῦ
1759 4238 1936 4304 Λόγου

350 4347 454 4417 τὴν
496 4343 835 4414 οἰκονομίαν,
866 4341 895 4393 ὁ
925 4339 1020 4393 τοῦ
1063 4339 1239 4407 Λόγου
1287 4335 1618 4402 λογιώτατος
1649 4335 1706 4383 ὲν
1749 4331 1935 4399 γραφῇ

353 4435 762 4507 διηγησάμενος
791 4430 1171 4501 ὑπογραφεὺς,
1224 4427 1404 4481 κοινὸν
1460 4422 1738 4494 προύθηκε
1771 4421 1937 4473 πᾶσιν

2023 3224 2182 3306 nem.
2215 3259 2282 3298 ac
2324 3253 2546 3296 omnem
2587 3233 2850 3307 praecipui
2895 3228 3160 3286 momenti
3206 3224 3616 3296 Operationem,

2025 3338 2124 3394 Dei
2153 3335 2408 3398 vocibus,
2439 3330 2685 3401 optimus
2723 3324 3113 3398 mysteriorum
3157 3319 3402 3390 Spiritus
3436 3314 3621 3371 scriba

2025 3437 2082 3484 et
2118 3428 2394 3494 interpres
2421 3418 2669 3489 exponit.
2699 3416 2842 3483 Quin
2872 3422 2931 3470 et
2954 3428 3043 3478 ea,
3066 3426 3190 3482 quae
3217 3408 3286 3464 ad
3311 3406 3620 3464 secundum

2027 3519 2324 3574 adventum
2355 3518 2605 3583 spectant
2631 3505 2912 3579 mysteria,
2941 3510 3238 3559 exsecutus
3254 3509 3359 3556 est.
3389 3498 3472 3553 Ad
3501 3498 3621 3552 inec

2026 3612 2192 3668 etiam
2233 3606 2538 3662 sessionem
2580 3617 2750 3674 super
2787 3599 3032 3670 pullum,
3063 3604 3120 3651 et
3159 3606 3458 3664 puerorum
3503 3589 3624 3644 lau-

2029 3703 2176 3765 dem,
2203 3699 2634 3764 Judaaorumque
2673 3690 2936 3746 invidiam
2977 3705 2994 3742 :
3035 3687 3166 3742 item
3191 3698 3407 3739 etenam
3435 3679 3628 3750 mysti-

2029 3805 2148 3847 cam
2174 3797 2231 3843 et
2253 3787 2407 3842 Judae
2432 3783 2825 3854 proditionem,
2846 3795 2911 3834 ac
2935 3775 3100 3834 Piiati
3122 3774 3447 3839 simulatum
3466 3768 3620 3840 judi-

2031 3883 2178 3938 cium
2219 3888 2277 3933 ct
2315 3873 2835 3931 condemnationem
2883 3887 2898 3925 :
2948 3866 3300 3930 arundinem,
3341 3875 3626 3924 coronam,

2033 3971 2369 4033 illusionem,
2398 3981 2645 4028 erucem,
2675 3962 3045 4032 sepulturam,
3079 3958 3393 4012 triduanam
3442 3968 3629 4008 resur-

2034 4064 2337 4119 rectionem
2387 4067 2444 4114 et
2488 4055 2912 4126 apparitionem.
2963 4052 3196 4107 Omnem
3240 4047 3482 4117 denique
3509 4085 3523 4109 ,
3566 4050 3630 4098 ut

2035 4151 2339 4208 universim
2397 4149 2626 4218 loquar,
2672 4143 2841 4201 Verbi
2904 4140 3410 4212 dispensationem,
3463 4133 3648 4190 Verhi‘

2038 4241 2439 4299 disertissimus
2469 4236 2648 4292 scriba
2681 4235 2889 4302 scripto
2921 4244 3215 4295 enarrans,
3249 4225 3466 4283 cunctis
3497 4240 3632 4295 gen-

2038 4336 2188 4391 tibus
2216 4331 2438 4402 pietatis
2468 4325 2757 4398 proposuit
2786 4324 3030 4388 titulum,
3060 4319 3187 4374 ﬁdei
3221 4319 3441 4389 pignus,
3470 4316 3614 4370 diie-

2039 4424 2240 4481 ctionis
2270 4420 2544 4482 fomitem,
2573 4416 2842 4471 bonitatis
2870 4414 3071 4470 divinae
3102 4427 3170 4467 ac
3195 4409 3504 4465 clementiae
3531 4407 3632 4461 de-

355 4497 568 4582 ἒθνεσιν
601 4497 966 4596 ’πρόγραμμα
1024 4497 1356 4582 θεοσεϐείας,
1388 4517 1650 4587 ἐχέγγυον
1683 4513 1918 4574 πίστεως

2044 4515 2422 4577 eiarationem,
2455 4508 2608 4581 regni
2641 4507 3112 4579 praedicationem,
3145 4500 3392 4574 mysterii
3426 4497 3634 4556 Christi

357 4617 583 4686 ἀγάπης
625 4615 964 4686 ὲμπύρευμα
994 4654 1009 4679 ,
1062 4614 1161 4682 τῆς
1215 4609 1310 4663 τοῦ
1349 4606 1484 4662 Θεοῦ
1527 4603 1940 4676 φιλανθρωπίας

360 4704 661 4771 ἀπόδειξιν,
685 4707 787 4774 τῆς
809 4703 1088 4773 βασιλείας
1109 4697 1469 4769 άνακήρυξιν,
1504 4697 1605 4767 τῆς
1630 4694 1944 4764 οίκονομίας

363 4796 695 4868 βεϐαίωσιν,
730 4794 990 4867 ἀληθείας
1034 4790 1338 4863 στηριγμδν
1359 4830 1375 4854 ,
1410 4787 1601 4859 ψυχῶν
1640 4785 1944 4857 φωτισμὸν,

365 4887 548 4959 ἀρχὴν
596 4887 719 4956 ἦτοι
769 4885 955 4957 πηγὴν
1015 4882 1291 4953 όιγιασμοῦ
1328 4882 1422 4935 καὶ
1455 4878 1793 4951 ἀκραιφνοῦς
1838 4893 1948 4929 σωο

365 4979 562 5050 τηρίας
606 4977 889 5042 ὑπόθεσιν,
930 4977 993 5030 τὸ
1041 4975 1164 5029 κατ’
1219 4975 1385 5027 αὐτὸν
1445 4971 1778 5042 Εύαγγὲλιον
1834 4962 1951 5031 τοῖς

371 5073 610 5143 πέρασιν
636 5066 975 5142 εκδεδωκώς.

442 5161 632 5224 Οὕτως
660 5161 759 5230 οὐχ
789 5161 868 5213 ἑνὶ
896 5161 994 5231 μὲν
1023 5159 1164 5213 ἔθνει
1192 5156 1472 5218 Ματθαῖος
1503 5155 1761 5224 ἐπιδημεῖ
1778 5169 1794 5182 ·
1841 5151 1952 5205 τῶν

2043 4603 2539 4664 conﬁrmationem,
2573 4599 2826 4654 veritatis
2863 4597 3270 4658 fulcimentum,
3309 4592 3624 4645 animorum

2045 4695 2534 4758 iiiuminationem,
2567 4687 3020 4744 sanctiﬁcationis
3043 4683 3310 4753 originem
3337 4681 3455 4736 sive
3498 4679 3628 4732 fon-

2047 4797 2158 4843 tem
2194 4799 2452 4854 veraeque
2487 4781 2681 4838 salutis
2713 4787 3120 4851 argumentum,
3147 4775 3244 4830 abs
3275 4788 3334 4829 se
3367 4773 3636 4841 scriptum

2047 4877 2406 4950 Evangeiium
2429 4874 2585 4932 orbis
2612 4873 2818 4928 ﬁnibus
2841 4872 3036 4926 edens.

2125 5163 2220 5220 Sic
2250 5161 2538 5218 Matthaeus
2565 5171 2674 5212 non
2704 5154 2773 5210 ad
2801 5168 2966 5208 unam
2996 5149 3370 5222 proﬁciscitur
3391 5153 3640 5218 gentem;

373 5250 551 5306 ἄλλων
573 5250 631 5303 δὲ
672 5250 814 5304 κατὰ
848 5249 1100 5320 σώματος
1131 5247 1440 5316 ἀναγκαίαν
1471 5244 1825 5317 περιγραφὴν
1858 5261 1918 5297 κα

2056 5251 2290 5320 reliquis
2325 5255 2510 5302 autem
2547 5245 2786 5300 naturali
2822 5241 3071 5314 corporis
3104 5236 3642 5305 circumscriptione,

377 5341 681 5412 ἀδυναμίαν
707 5340 921 5410 φύσεως
950 5341 1307 5394 ἀπολείπεται
1325 5355 1340 5369 ⁸
1373 5338 1494 5392 οὐδὲ
1520 5339 1655 5391 πᾶσι
1687 5337 1784 5407 μὲν
1809 5335 1958 5388 ἔθνεα

2059 5357 2123 5396 ac
2148 5349 2357 5394 naturae
2385 5339 2502 5408 ipsa
2531 5335 2906 5391 imbecillitate
2936 5333 3126 5388 deest:
3152 5344 3333 5400 neque
3357 5327 3423 5382 ad
3452 5334 3648 5379 omnes

379 5448 466 5484 σιν
491 5431 750 5500 ἐπιφοιτᾷ
768 5446 783 5460 ·
807 5431 1007 5498 ὀλίγοις
1048 5430 1105 5483 δὲ
1131 5430 1240 5482 τῶν
1277 5427 1584 5498 ἀνθρώπων
1611 5427 1838 5496 ὁμιλῶν,
1867 5425 1918 5478 τὲ

2059 5431 2280 5502 quidem
2324 5445 2383 5485 se
2408 5429 2644 5494 confert,
2671 5443 2796 5482 cum
2820 5426 3010 5497 paucis
3041 5438 3172 5477 vero
3205 5419 3491 5475 hominum
3527 5429 3646 5470 ser-

377 5523 478 5592 τῆς
502 5521 832 5590 θεογνωσίας
881 5520 1183 5590 ἐπιλάμπει
1223 5519 1433 5589 πυρσόν
1456 5534 1471 5549 ·
1504 5517 1626 5570 οὐδὲ
1674 5518 1812 5570 πᾶσι
1862 5516 1918 5586 μέ

2063 5537 2284 5576 monem
2318 5521 2578 5586 miscens,
2606 5520 2808 5574 divinae
2839 5517 2921 5572 eis
2955 5512 3290 5584 cognitionis
3323 5517 3488 5578 atque
3518 5505 3647 5566 ﬁdei

379 5611 582 5682 ὁμιλεῖ,
620 5611 800 5682 μόνοις
825 5611 884 5666 δὶ
915 5613 1027 5674 τοῖς
1072 5611 1216 5663 κατὰ
1243 5611 1344 5679 τὴν
1388 5608 1552 5662 αὐτοῦ
1596 5606 1848 5676 περιοῦσι
1871 5622 1963 5674 γε·

2062 5613 2235 5666 facem
2281 5610 2536 5666 accendit
2577 5628 2589 5663 :
2630 5625 2734 5665 nec
2775 5623 2902 5664 cum
2943 5605 3203 5662 omnibus
3242 5601 3489 5673 quidem,
3520 5613 3649 5655 eum

384 5703 512 5756 νεάν
537 5720 551 5735 ·
583 5703 618 5772 ἥ
649 5702 853 5764 πάσαις
885 5700 985 5771 μὲν
1006 5700 1203 5769 ἐφεξῆς
1229 5701 1446 5768 γενεαῖς
1474 5697 1566 5751 τὸν
1600 5696 1830 5768 Ἰησοῦν,
1865 5713 1918 5747 κε

2066 5703 2136 5757 iis
2158 5718 2293 5758 vero
2315 5702 2583 5756 duntaxat
2601 5716 2744 5770 quos
2771 5701 2862 5755 illa
2887 5695 3216 5768 superstites
3241 5694 3450 5750 ferebat
3471 5700 3604 5748 aetas
3629 5706 3646 5745 :

384 5792 486 5863 τὴν
515 5790 679 5846 αὑτοῦ
709 5789 985 5862 βασιλείαν
997 5791 1092 5844 καὶ
1108 5790 1208 5859 τὴν
1227 5789 1502 5860 σάρκωσιν
1529 5787 1960 5858 εύαγγελίζεται’

2066 5804 2162 5849 aut
2219 5793 2480 5850 omnibus
2539 5791 2764 5863 quidem
2827 5789 3090 5861 deinceps
3151 5787 3404 5847 aetatibus
3459 5784 3648 5842 Jesum
