4040 6476
412 363 518 433 231

1574 356 1869 419 ΝΙΟΕΤᾸΞ
1907 351 2445 416 PAPHLAGO‘NIS

3613 348 3736 414 232

361 509 364 512 ~
415 471 732 532 annuntiat,
759 469 994 542 ejusque
1030 483 1263 541 regnum
1299 483 1364 524 ac
1396 469 1857 531 lncarnationem,
1890 481 1998 521 non

2104 465 2198 534 οὐχ
2225 463 2428 532 ὁμοίως
2459 459 2517 514 δὲ
2568 457 2771 522 πάσαις
2815 460 2917 522 τὰς
2959 461 3057 530 τῆς
3080 458 3510 530 ἀληθογνωσίας
3536 460 3718 516 tua.»

417 563 678 620 similiter
731 569 917 616 tamen
972 577 1120 616 vera:
1186 560 1434 616 scientiae
1486 559 1726 631 fulgores
1783 559 1999 614 cunctis

415 654 654 709 aﬂ‘undit
694 670 711 708 :
760 652 1011 722 quinimo
1053 652 1189 708 solis
1234 652 1406 708 instar
1453 651 1669 706 lucidos
1715 650 1998 721 Evangelii

417 743 604 798 radios
624 742 681 797 in
704 757 926 797 omnem
950 742 1113 797 simul
1136 750 1408 797 terrarum
1431 742 1645 805 orbem,
1665 754 2000 810 omnemque

419 834 705 890 nationum
722 833 966 905 linguam
988 835 1269 900 emittens,
1287 842 1450 903 atque
1473 847 1689 886 omnem
1712 831 1999 885 hominum

419 935 660 982 mentem
702 926 1010 981 secundum
1045 933 1270 980 aetatum
1311 923 1714 980 successionem
1758 922 1827 977 ad
1869 937 2001 993 pro-

419 1018 604 1086 prium
648 1017 937 1088 theologia:
978 1018 1165 1071 lumen
1205 1016 1459 1081 illiciens,
1492 1015 1611 1085 pari
1650 1025 1878 1071 cunctos
1919 1015 2004 1069 in-

421 1107 722 1178 dulgentia,
749 1109 900 1177 largo
926 1108 1076 1162 velut
1100 1108 1272 1172 fonte,
1303 1106 1574 1160 beneficio
1611 1105 1858 1176 impartit
1885 1123 1900 1159 :
1933 1105 2002 1159 iis

422 1199 645 1267 quidem
680 1201 776 1268 qui
812 1201 1116 1269 simplicem
1146 1209 1311 1268 atque
1338 1197 1552 1253 fidelem
1582 1198 1752 1252 animi
1778 1197 2002 1252 oculum

423 1291 742 1355 adhibeant,
769 1292 1008 1359 verajlux
1022 1299 1078 1345 et
1101 1290 1362 1344 salutaris
1385 1290 1689 1353 exsistens;
1723 1290 1790 1344 iis
1818 1297 2002 1343 autem

423 1380 518 1448 qui
565 1396 731 1449 prave
776 1397 880 1436 nec
917 1382 970 1434 in
1014 1381 1119 1435 fide
1159 1381 1216 1434 in
1255 1395 1384 1435 eum
1422 1379 1732 1446 intendant,
1765 1379 2004 1450 Spiritus

426 1471 637 1525 scilicet
659 1472 853 1541 judicii
886 1471 1213 1540 ardorisque
1230 1471 1273 1526 ⁸.

497 1559 736 1628 Scriptio
781 1561 899 1614 bare
941 1559 1175 1631 Lycurgi
1231 1559 1381 1629 leges
1430 1565 1488 1613 et
1547 1557 1769 1614 Solonis
1831 1575 2005 1630 nugas

423 1663 545 1704 esse
585 1651 850 1705 ostendit.
885 1651 1013 1706 Haec
1075 1651 1323 1706 Platonis
1360 1667 1472 1706 non
1509 1666 1637 1706 vere
1677 1653 2004 1708 exsisteutes

423 1739 762 1808 respublicas
808 1740 1109 1810 longasque
1152 1739 1453 1794 verborum
1495 1739 1751 1809 ineptias,
1783 1742 2004 1798 silentio

421 1827 703 1883 damnavit
740 1845 756 1882 :
793 1836 1056 1898 tantoque
1089 1831 1239 1884 omni
1273 1829 1625 1885 Aristotelica
1662 1832 2000 1888 obscuritate

418 1933 483 1972 ac
517 1920 858 1989 argumentis
893 1935 1002 1974 non
1037 1920 1520 1984 concludentibus,
1553 1921 1816 1992 omnique
1857 1923 2002 1992 apud

418 2007 1208 2075 Graecos‘facundissimorum
1252 2011 1643 2067 lucubratione
1687 2028 1752 2068 ac
1800 2014 2004 2084 scripto

420 2099 663 2153 divinior
709 2110 794 2155 est
837 2117 903 2156 ac
953 2102 1286 2172 sapientior,
1337 2112 1544 2172 quanto
1595 2105 1797 2159 coelum
1853 2114 2003 2160 terra

421 2191 735 2256 sublimius,
767 2193 982 2263 solque,
1015 2194 1350 2264 ejuscemodi
1395 2194 1643 2259 lucerna,
1672 2211 1794 2266 quae
1843 2196 2004 2252 nobis

419 2283 766 2351 accenditur,
803 2285 1043 2340 lucidior
1083 2295 1169 2341 est
1207 2302 1273 2342 ac
1313 2287 1656 2357 splendidior
1699 2310 1711 2343 :
1755 2287 1913 2358 quin,
1956 2288 2002 2343 si

417 2372 595 2440 lubet,
624 2383 831 2445 quanto
878 2378 1024 2433 Deus
1057 2377 1282 2434 homine
1315 2378 1579 2446 nobilior,
1606 2388 1771 2450 atque
1800 2379 2005 2435 veritas

420 2466 617 2520 umbra
644 2468 977 2537 expressior.

491 2553 638 2610 Satis
673 2555 822 2610 enim
852 2555 959 2610 fuit
991 2557 1238 2611 omnium
1273 2558 1396 2612 loco
1429 2557 1784 2613 beatissimus
1818 2557 2003 2628 publi-

419 2662 592 2702 canus
637 2647 706 2702 ad
750 2647 902 2702 orbis
945 2656 1216 2702 terrarum
1262 2649 1654 2704 eruditionem.
1689 2649 1833 2704 Satis
1875 2651 2002 2713 fuit,

419 2738 490 2793 iis
516 2739 610 2808 qui
640 2739 844 2793 vellent
873 2738 1136 2809 pietatem
1165 2741 1369 2804 colere,
1397 2741 1464 2795 ad
1490 2741 1748 2812 pietatem
1781 2759 1794 2794 :
1821 2741 1890 2796 ad
1918 2756 2006 2796 sa-

417 2828 683 2898 pientiam
707 2839 763 2885 et
787 2831 1099 2894 scientiam,
1124 2830 1212 2885 his
1235 2830 1330 2901 qui
1361 2831 1647 2901 sapientiae
1670 2846 1735 2886 ac
1761 2832 2005 2888 scientiae

418 2927 693 2974 anmtores
735 2929 924 2975 essent
971 2937 984 2974 :
1037 2935 1103 2975 ac
1148 2921 1372 2990 quidem
1419 2921 1624 2977 actioni
1671 2922 1895 2989 deditis,
1935 2923 2002 2978 ad

421 3009 774 3080 disciplinam
809 3012 1048 3081 vitaeque
1083 3027 1332 3066 normam
1373 3028 1387 3065 :
1423 3014 1876 3084 contemplationi
1905 3031 2004 3070 au-

2097 555 2255 623 γάζει
2284 553 2677 626 μαρμαρυγὰς·
2714 552 2866 624 ἡλίου
2895 554 2954 607 δέ
2979 555 3182 624 τρόπον
3209 555 3309 619 τὰς
3339 554 3728 622 φωτοόόλους

2097 648 2324 708 ἀκτῖνας
2344 644 2435 698 τοῦ
2469 643 2805 712 Εὐαγγελίου
2831 645 2972 699 κατὰ
2995 646 3176 698 πᾶσαν
3203 645 3338 716 ὁμοῦ
3357 645 3466 718 τὴν
3506 648 3724 700 οίκου-

2103 736 2294 807 μένην,
2323 735 2420 789 καὶ
2441 737 2624 790 πᾶσαν
2645 735 2816 788 ἐθνῶν
2841 735 3121 790 διάλεκτον
3146 738 3421 806 ἐπαφιείς·
3446 739 3569 793 καὶ
3601 740 3725 792 πᾶ-

2102 843 2202 882 σαν
2234 825 2538 897 ἀνθρώπων
2557 826 2795 880 διάνοιαν
2818 827 2962 880 κατά
2985 828 3180 895 γενεάν
3202 829 3298 882 καὶ
3328 830 3542 897 γενεὰν
3569 830 3725 900 πρὸς

2099 919 2160 972 τὺ
2184 920 2384 972 οίκεῐον
2411 920 2508 988 τῆς
2539 918 2816 986 θεολογίας
2839 920 3221 989 ἐπισπώμενος
3243 920 3381 989 φῶς,
3403 921 3719 991 ἀματίμως

2099 1013 2212 1073 τοῖς
2269 1011 2434 1064 πᾶσιν
2502 1009 2784 1074 ἐπιϐλύζει
2836 1009 2936 1080 τὴν
2994 1011 3313 1078 εὐεργεσίαν
3337 1028 3352 1042 ·
3409 1015 3538 1076 τοῖς
3602 1014 3716 1082 μὲν

2101 1105 2306 1161 ἁπλοῦν
2330 1103 2512 1158 αὐτῶν
2537 1105 2632 1158 καὶ
2657 1104 2847 1159 πιστὸν
2877 1103 2970 1158 τὸν
3005 1103 3282 1174 ὀφθαλμὸν
3322 1107 3421 1175 τῆς
3455 1104 3711 1174 καρδίας

2102 1197 2501 1261 ἐπιὸάλλουσιν,
2529 1196 2778 1266 ἀληθινὸν
2804 1197 2899 1250 καὶ
2929 1196 3201 1266 σωτήριον
3231 1196 3520 1266 γινόμενος
3550 1197 3705 1264 φῶς·

2101 1291 2213 1352 τοϊς
2234 1287 2464 1350 σκολιῶς
2492 1287 2550 1340 δὲ
2594 1288 2688 1340 καὶ⁴
2722 1287 2822 1340 οὐκ
2849 1289 2905 1341 ἐν
2929 1287 3109 1339 πίστει
3141 1285 3277 1354 πρὸς
3309 1285 3479 1338 αὑτὸν
3504 1285 3704 1338 ἀτενί-

2103 1380 2275 1445 ζουσι,
2309 1378 2526 1448 πνεῦμα
2581 1377 2819 1449 κρίσεως
2850 1378 2947 1430 καὶ
2978 1375 3198 1445 πνεῦμα
3249 1375 3501 1439 καύσεως
3555 1375 3702 1429 καθ-

2105 1472 2412 1539 ιστάμενος.
3621 1529 3632 1542 .

2174 1562 2347 1615 Τοῦτο
2385 1563 2513 1626 τοὺς
2543 1560 2864 1633 Λυκούργου
2895 1563 3094 1632 νόμους
3134 1561 3229 1615 καὶ
3270 1560 3510 1623 Σόλωνος
3551 1558 3694 1629 βατ-

2104 1653 2353 1721 τολογίαν
2401 1654 2704 1722 ἀπέφηνεν.
2757 1653 2929 1707 Τοῦτο
2990 1653 3276 1714 Πλάτωνος
3335 1652 3440 1714 τάς
3481 1651 3694 1704 ἀνυπο-

2108 1745 2338 1807 στάτους
2396 1744 2673 1806 πολιτείας
2697 1783 2714 1810 ,
2767 1743 2864 1797 καὶ
2915 1743 3014 1807 τὰς
3075 1741 3293 1812 μακράς
3320 1744 3690 1808 κατεσίγασεν

2104 1835 2419 1906 ἀδολεσχίας
2441 1853 2454 1866 ·
2485 1837 2580 1890 καὶ
2602 1836 2783 1907 πάσης
2813 1837 3256 1908 Ἀριστοτελικῆς
3283 1834 3558 1904 ἀσαφείας
3586 1835 3690 1887 καὶ

2100 1926 2580 1998 ἀπεραντολογίας,
2616 1926 2713 1981 καὶ
2756 1928 2937 1996 πάσης
2966 1926 3074 1980 τῶν
3109 1928 3241 1995 παρ’
3267 1926 3495 1995 Ἕλλησι
3532 1925 3688 1994 φιλο-

2101 2017 2421 2086 λογωτάτων
2449 2017 2769 2088 συγγραφῆς
2809 2017 2950 2070 κατά
2977 2018 3232 2070 τοσοῦτον
3267 2015 3597 2084 ἐνθεώτερὸν
3620 2033 3684 2068 τε

2101 2111 2196 2162 καὶ
2225 2108 2677 2180 φιλοσοφώτερον,
2711 2110 2821 2177 ὅσῳ
2854 2112 2958 2180 γῆς
3019 2109 3120 2180 μὲν
3151 2109 3376 2180 οὐρανὸς
3415 2109 3680 2179 ὑψηλότε-

2106 2218 2199 2272 ρος
2220 2240 2236 2265 ,
2270 2199 2422 2270 ἥλιος
2453 2199 2511 2253 δέ
2561 2199 2654 2253 τοῦ
2699 2201 2830 2270 παρ’
2859 2202 2988 2270 ἡμῖν
3028 2200 3222 2269 λύχνου
3267 2199 3560 2270 φανότερος
3585 2199 3683 2252 καί

2102 2291 2607 2362 περιλαμπέστερος
2627 2307 2642 2322 ·
2675 2292 2724 2344 εί
2751 2289 2929 2360 βούλει
2947 2289 3027 2356 δέ,
3063 2293 3158 2345 καὶ
3178 2292 3289 2362 ὅσῳ
3313 2290 3446 2354 Θεὸς
3467 2289 3682 2360 ἀνθρώ⁴

2103 2401 2206 2437 που
2234 2382 2582 2454 τιμιώτερος,
2619 2384 2711 2437 καὶ
2736 2383 2963 2455 ἀλήθεια
2988 2383 3348 2454 ἐκτυπώτερα
3375 2384 3555 2446 σκιᾶς.

2176 2563 2417 2634 Ἥρκεσε
2443 2561 2552 2633 γάρ
2574 2562 2694 2616 ἀντὶ
2723 2561 2943 2616 πάντων
2971 2563 3000 2616 ὁ
3021 2560 3567 2632 τρισμακαριῶτατος
3587 2577 3677 2613 τε-

2102 2653 2278 2725 λώνης
2315 2658 2381 2727 τῇ
2425 2654 2720 2726 οίκουμένῃ
2777 2653 2916 2724 πρὸς
2967 2654 3292 2707 παίδευσιν·
3326 2655 3528 2726 ἤρκεσε
3566 2655 3675 2716 τοίς

2102 2744 2346 2799 εὐσεὸεἴν
2378 2741 2640 2810 ἐθέλουσι,
2665 2742 2826 2822 ,πρὸς
2851 2741 3168 2796 εύσέσειαν·
3201 2742 3337 2813 πρὸς
3367 2742 3562 2810 σοφίαν
3584 2741 3677 2796 καὶ

2103 2837 2323 2906 γνῶσιν,
2357 2836 2470 2899 τοῖς
2491 2833 2746 2903 γνώσεως
2776 2835 2874 2888 καὶ
2906 2833 3098 2903 σοφίας
3123 2835 3382 2906 ἐρασταῖς
3404 2849 3419 2864 ·
3449 2833 3543 2888 καὶ
3565 2835 3676 2894 τοῖς

2102 2927 2424 2999 πρακτικοῖς
2457 2926 2578 2996 μὲν,
2615 2925 2752 2997 πρὸς
2777 2925 3135 2996 νομοθεσίαν·
3177 2925 3290 2986 τοῖς
3325 2923 3675 2994 θεωρητικοίς

2103 3017 2160 3071 δέ
2196 3019 2290 3072 καὶ
2315 3017 2416 3087 τῆς
2448 3016 2560 3069 ἄνω
2587 3015 2722 3070 Θεοῦ
2746 3016 3134 3086 λαμπρότητος
3179 3014 3509 3083 ἐφιεμένοις,
3541 3012 3676 3082 πρὸς

417 3111 528 3156 tem
571 3101 925 3158 studentibus
965 3118 1030 3158 ac
1069 3117 1321 3174 supernae
1360 3103 1458 3159 Dei
1496 3105 1766 3162 claritatis
1799 3106 1998 3171 avidis,

2104 3108 2379 3178 θεολογίαν
2401 3107 2497 3162 καὶ
2523 3107 2818 3178 ἀναγωγὴν
2841 3106 3086 3176 άπλανῆ·
3119 3108 3232 3168 τοῖς
3268 3106 3436 3158 πᾶσιν
3468 3105 3674 3158 ἔθνεσιν

416 3193 486 3248 ad
525 3194 853 3266 theologiam
893 3195 1213 3266 errorisque
1252 3197 1435 3252 omnis
1475 3207 1759 3267 expertem
1793 3198 1998 3254 mentis

416 3284 488 3340 ad
517 3285 762 3341 caelestia
793 3285 1240 3342 subductionem.
1269 3287 1417 3343 Satis
1445 3287 1549 3342 fuit
1577 3291 1795 3345 cunctis
1823 3289 2000 3360 genti-

419 3374 526 3430 bus
555 3377 874 3431 Gnecorum
910 3377 1061 3432 illius
1092 3379 1443 3447 loquacitatis
1473 3382 1618 3444 vice,
1647 3379 2003 3450 compendia-

419 3467 502 3520 ria
537 3465 822 3537 Evangelii
859 3467 1113 3523 doctrina
1153 3468 1221 3523 ad
1260 3484 1555 3540 supernam
1596 3469 2000 3541 philosophiam

418 3556 842 3628 doctrinamque
869 3568 924 3615 et
954 3559 1438 3615 illuminationem.

491 3652 633 3707 Hinc
657 3652 920 3723 neglectae
944 3652 1258 3717 academize,
1285 3652 1596 3708 Stoicorum
1638 3662 1693 3708 et
1725 3653 2003 3725 Peripate-

421 3742 658 3798 ticorum
687 3741 890 3796 scholae
920 3757 935 3795 :
966 3743 1228 3812 neglectae
1267 3757 1398 3797 vero
1423 3741 1652 3795 Athenae
1680 3751 1736 3797 et
1767 3743 1999 3807 Thebaa,

419 3849 613 3888 eorum
649 3833 931 3893 domicilia
968 3840 1026 3888 et
1060 3833 1223 3888 sedes
1258 3835 1352 3903 qui
1387 3833 1720 3888 videbantur
1753 3833 2000 3904 philoso-

419 3923 605 3993 phiam
672 3925 853 3980 colere
923 3941 937 3977 :
1008 3923 1416 3995 ridiculumque
1483 3927 1881 3996 supercilium,
1936 3941 2001 3981 ac

420 4013 739 4085 despuenda
770 4014 918 4070 inani
951 4012 1094 4069 fastu
1123 4016 1454 4070 tumentium
1485 4015 1750 4087 jactantia
1783 4023 1998 4086 spreta;

418 4107 576 4176 cujus
591 4107 756 4161 etiam
781 4107 979 4162 merito
1001 4123 1031 4160 a
1049 4123 1178 4162 vera
1199 4108 1470 4178 sapientia
1489 4107 2003 4173 excidentes,disci-

419 4197 536 4265 puli
555 4196 926 4266 doctoresque
953 4198 1251 4267 impiorum
1276 4197 1507 4253 deorum
1535 4198 1722 4267 impie,
1739 4206 2003 4267 vatesque

419 4296 477 4341 et
493 4287 805 4342 sacerdotes
821 4287 1673 4358 exsecrabilium'mysteriorum,
1697 4288 1958 4343 exstitere
1987 4305 2000 4340 :

423 4383 640 4446 turpem
680 4378 895 4432 scilicet
931 4379 1108 4447 turpis
1146 4377 1473 4447 cupiditatis
1506 4378 1851 4434 dcmetentes
1884 4378 2002 4431 fru-

421 4478 595 4533 ctum,
623 4468 953 4538 dignamque
983 4469 1294 4524 mercedem
1324 4469 1531 4524 erroris
1561 4477 1924 4539 reportantes.

488 4556 700 4614 Cuncta
743 4559 858 4614 haec
896 4559 1101 4614 abolita
1141 4569 1273 4615 sunt
1313 4569 1369 4615 et
1405 4560 1709 4625 exsufﬂata,
1743 4560 2002 4629 velutquc

422 4652 608 4706 fumus
640 4652 818 4706 soluta
857 4667 920 4707 ac
954 4652 1097 4706 sicut
1130 4651 1311 4721 pulvis
1343 4651 1577 4716 sublata,
1609 4667 1676 4706 ex
1713 4666 1824 4720 quo
1860 4661 1939 4717 tu,
1969 4667 2004 4706 o

422 4743 604 4808 beate,
629 4743 814 4797 animo
837 4743 1158 4812 incorrupto
1180 4751 1476 4812 menteque
1498 4758 1529 4796 e
1556 4751 1700 4797 terra
1726 4743 1781 4797 in
1805 4743 2003 4797 coelum

422 4843 670 4899 extensa,
695 4835 848 4888 velut
869 4835 999 4888 tuba
1020 4834 1235 4895 ductili,
1269 4835 1399 4888 tuba
1421 4849 1621 4889 cornea
1644 4835 1708 4900 3‘,
1739 4833 1954 4888 divinos
1974 4849 2003 4888 a

425 4934 478 4978 te
514 4925 812 4994 conscripti
851 4925 1131 4995 Evangelii
1171 4940 1336 4980 sonos
1373 4924 1604 4994 clangis.
1629 4925 1688 4980 1d
1727 4925 1999 4980 commodi

422 5030 491 5069 ex
537 5023 631 5070 tua
680 5016 951 5085 sapientia
997 5015 1281 5071 consecuti
1327 5030 1538 5070 sumus.
1573 5014 1729 5071 Hunc
1779 5015 1888 5071 tuis
1933 5033 2000 5072 cx

420 5102 709 5158 laboribus
747 5105 1079 5174 sempiterna
1122 5105 1346 5176 dignum
1391 5107 1651 5161 memoria
1697 5123 1763 5162 ac
1805 5106 2000 5162 indefi-

423 5192 663 5247 cientem
706 5191 946 5247 fructum
974 5182 1324 5263 deCerpimus
1351 5197 1394 5260 ’,
1431 5187 1592 5264 qnem
1624 5196 1680 5250 in
1724 5211 1852 5251 vera
1892 5198 2003 5254 vite

425 5298 653 5355 manens
706 5292 870 5353 atque
926 5299 957 5338 a
1010 5283 1242 5354 spiritali
1289 5293 1551 5356 purgatus
1597 5286 1831 5357 agricola
1883 5297 2006 5343 tan-

427 5389 592 5442 quam
617 5374 816 5431 fertilis
838 5375 1047 5446 palmes
1065 5375 1424 5445 multiplicem
1439 5375 1660 5435 cdidisti
1679 5394 1692 5443 ;
1711 5392 1886 5448 eoque
1905 5378 2007 5432 im-

425 5465 591 5533 pleti,
617 5467 812 5522 mortis
839 5467 1132 5539 abjicimus
1163 5467 1442 5531 tenebras,
1471 5483 1536 5522 ac
1569 5468 1850 5524 induimus
1881 5469 2004 5524 vitae

423 5555 602 5613 lucem
620 5559 683 5611 θ’.

2099 3200 2358 3271 ἤρκεσεν,
2394 3197 2516 3253 ἀντὶ
2558 3198 2661 3268 τῆς
2699 3197 3022 3268 Ἑλληνικῆς
3050 3194 3396 3265 πολυλογίας,
3429 3193 3508 3265 τῷ
3551 3211 3675 3246 συν-

2097 3289 2425 3360 τετμημένῳ
2459 3287 2554 3343 τοῦ
2589 3289 2923 3359 Εὑαγγελίου
2973 3291 3116 3362 λόγῳ
3175 3291 3314 3362 πρός
3365 3308 3427 3344 τε
3457 3290 3674 3360 φιλοσο-

2102 3379 2232 3450 φίαν
2266 3379 2367 3451 τὴν
2395 3380 2655 3435 ἀνωτάτω
2686 3383 2782 3436 καὶ
2810 3382 3158 3438 διδασκαλίαν
3189 3383 3283 3438 καὶ
3305 3382 3606 3453 φωτισμόν.

2188 3641 2466 3697 Ἐντεῦθεν
2521 3645 2825 3715 ἠμέληνται
2889 3647 2989 3716 μὲν
3049 3649 3106 3701 αί
3183 3647 3525 3718 ἀκαδημίαι,
3581 3647 3672 3702 καὶ

2104 3732 2261 3787 στοαὶ
2293 3735 2387 3787 καὶ
2412 3735 2736 3805 περίπατοι·
2759 3737 3062 3809 ἠμέληνται
3088 3738 3145 3792 δὲ
3190 3738 3410 3808 Ἀθῆναι
3437 3740 3531 3793 καὶ
3567 3740 3674 3808 Θῆ-

2105 3828 2217 3893 ϐαι,
2242 3827 2350 3881 τῶν
2388 3827 2698 3897 φιλοσοφεῖν
2736 3828 2999 3898 οἰομένων
3033 3830 3090 3882 αί
3137 3829 3442 3900 διατριϐαί·
3495 3830 3594 3884 καὶ
3639 3831 3670 3900 ἡ

2103 3917 2507 3986 καταγέλαστος
2535 3918 2728 3988 ὀφρῦς,
2770 3919 2865 3971 καὶ
2893 3921 2928 3990 ἠ
2960 3919 3336 3984 κατάπτυστος
3363 3920 3540 3986 οίησις
3566 3921 3672 3973 τῶν

2103 4009 2471 4079 κατοιομένων
2515 4011 2906 4082 περιεώραται,
2950 4011 3019 4064 δι’
3051 4013 3117 4082 ῆν
3155 4013 3251 4066 καὶ
3273 4013 3374 4082 τῆς
3417 4012 3671 4081 ἀληθινῆς

2105 4103 2295 4171 σοφίας
2324 4101 2750 4172 ἁμαρτάνοντες,
2781 4102 2982 4171 μύσται
3028 4103 3124 4156 καὶ
3159 4105 3513 4174 μυσταγωγοὶ
3537 4101 3671 4155 θεῶν

2101 4193 2278 4250 ἀθέων
2308 4195 2503 4258 ἀθέως,
2535 4192 2870 4264 ἐκφάντορές
2896 4209 2956 4246 τε
2982 4195 3077 4247 καὶ
3099 4194 3443 4265 τελετουργοὶ
3470 4211 3671 4264 μυστη-

2105 4287 2237 4359 ρίων
2283 4287 2626 4356 κατέστησαν
2664 4285 2908 4351 ἐναγῶν·
2940 4286 3166 4357 αἰσχρὸν
3208 4289 3441 4357 αἰσχρᾶς
3483 4287 3670 4340 ἐπιθυ-

2108 4375 2237 4443 μίας
2265 4374 2576 4444 τρυγῶντες
2614 4376 2849 4446 καρπὸν,
2875 4377 2969 4429 καὶ
2998 4375 3098 4446 τὴν
3125 4376 3472 4448 ἀντιμισθίαν
3519 4377 3671 4441 ἀξίαν

2033 4467 2078 4522 ι)
2107 4466 2207 4535 τῆς
2232 4466 2440 4535 πλάνης
2465 4466 2837 4536 κομιζόμενοι.

2179 4557 2363 4610 Πάντα
2394 4555 2564 4609 ταῦτα
2606 4559 2953 4628 κατήργηται
2998 4559 3093 4611 καὶ
3119 4559 3436 4628 ἠφάνισται,
3466 4558 3563 4612 καὶ
3603 4559 3674 4621 ὡς

2104 4646 2312 4710 καπνὸς
2333 4647 2518 4718 ἐλύθη,
2552 4649 2647 4701 καὶ
2677 4649 2752 4710 ὡς
2788 4649 3066 4719 κονιορτὸς
3111 4649 3336 4720 ἐξήρθη,
3367 4649 3462 4718 ἀφ’
3489 4645 3550 4703 οὗ
3591 4651 3674 4714 σὺ,

2105 4731 2151 4790 ὦ
2183 4737 2393 4808 μάκαρ,
2420 4739 2685 4810 ἀκηράτῳ
2707 4739 2876 4809 ψυχῇ,
2905 4740 2999 4792 καὶ
3029 4740 3196 4810 γῆθεν
3223 4741 3303 4804 είς
3333 4740 3565 4810 οὐρανὸν
3587 4742 3675 4793 ἐκ·
3710 4721 3722 4735 ’

2104 4832 2374 4902 τεταμένη
2399 4831 2630 4901 διανοίᾳ,
2662 4826 2752 4884 οἷα
2782 4831 3043 4900 σάλπιγγι
3084 4832 3275 4902 ἐλατῇ,
3298 4832 3561 4900 σάλπιγγι
3591 4849 3676 4885 κε-

2111 4922 2329 4996 ρατίνη,
2386 4923 2447 4974 τὸ
2509 4922 2652 4974 κατά
2713 4923 2771 4974 σέ
2799 4921 3127 4992 θεόφθογγον
3170 4923 3501 4992 Εὐαγγέλιον
3553 4923 3677 4977 σαλ-

2107 5013 2306 5078 πίζεις.
2353 5011 2523 5066 Τοῦτο
2573 5014 2672 5083 τῆς
2717 5015 2816 5084 σῆς
2853 5015 3192 5084 ἀπωνάμεθα
3229 5015 3443 5083 σοφίας.
3479 5013 3674 5067 Τοῦτον

2106 5103 2419 5174 δρεπόμεθα
2444 5104 2554 5157 τῶν
2582 5105 2692 5157 σῶν
2722 5104 2899 5158 πόνων
2940 5105 3270 5176 ἀείμνηστον
3309 5107 3404 5158 καὶ
3430 5103 3674 5158 ἀνέκλει-

2107 5212 2240 5248 πτον
2275 5195 2506 5265 καρπὸν,
2531 5195 2592 5249 ὃν
2617 5197 2676 5250 ἐν
2702 5197 2770 5267 τῇ
2807 5195 3032 5267 ἀληθινῇ
3065 5196 3246 5266 μένων
3292 5195 3556 5266 ἀμπέλῳ,
3587 5195 3676 5248 καὶ

2103 5287 2240 5356 πρὸς
2287 5287 2380 5341 τοῦ
2420 5287 2614 5359 νοητοῦ
2663 5288 3062 5359 καθαιρόμενος
3107 5288 3384 5360 γεωργοῦ,
3430 5289 3676 5358 καθάπερ

2103 5377 2334 5447 εὔφορον
2371 5377 2579 5448 κλῆμα,
2629 5378 2996 5432 πολυπλάσιον
3049 5379 3548 5451 ἐκαρποφόρησας·
3585 5380 3675 5430 καὶ

2100 5467 2290 5521 τούτου
2348 5469 2739 5541 πληρούμενοι,
2782 5471 3152 5542 ἀποτιθέμεθα
3201 5472 3298 5539 μὲν
3333 5470 3425 5522 τὸν
3481 5468 3669 5523 σκότον

2100 5559 2196 5612 τοῦ
2227 5559 2459 5614 θανάτου
2483 5577 2496 5591 ·
2528 5560 2825 5632 ἐνδυόμεθα
2855 5561 2912 5616 δὲ
2944 5561 3002 5616 τὸ
3035 5563 3150 5632 φῶς
3183 5563 3279 5632 τῆς
3310 5561 3476 5631 ζωῆς.

535 5756 555 5787 ⁸
579 5757 683 5811 lsa.
711 5775 782 5825 tv,
809 5761 862 5814 4.
937 5763 979 5795 ⁸⁹
1006 5761 1149 5818 Psal.
1176 5776 1336 5827 xcvtt,
1362 5761 1414 5816 6.
1478 5761 1498 5792 °
1525 5734 1795 5824 Joanixv,
1820 5759 1870 5814 8.
1933 5761 1974 5791 °°

2104 5775 2161 5813 ιι.
2185 5776 2300 5822 xm,
2330 5761 2412 5814 12.

3949 1657 3951 1742 ι

3951 1764 3953 1825 4

3949 1886 3951 1951 1

3946 2151 3949 2215 ι

3945 2223 3947 2334 l
