4040 6400
286 351 396 419 933

1047 344 1329 404 ORATIO
1366 343 1469 402 ΧΙ.
1498 341 1665 402 -ΙΝ
1705 339 2016 401 LAUDEM
2058 339 2120 399 S.
2160 339 2524 398 MATTIL‘EI
2583 340 2836 401 APOST.

3461 347 3566 407 23-i

361 465 542 519 Πάντα
574 461 674 532 μὲν
701 454 794 513 οῦν
818 457 911 513 τοῦ
941 460 1360 529 μακαριωτάτου
1378 453 1768 523 εὐαγγελιστοῦ
1797 455 1864 507 τὰ

2035 451 2247 506 Cuncta
2287 451 2513 522 quidem
2554 451 2860 507 beatissimi
2906 452 3258 524 evangelista:
3300 457 3564 525 prmelara

287 551 688 623 κατορθώματα
715 591 731 616 ,
791 551 894 603 ὃσα
942 565 1004 602 τε
1065 547 1249 615 λόγοις
1309 547 1423 610 τοῖς
1482 544 1571 598 διά
1635 542 1863 614 χειλέων

288 644 538 719 προϊοῦσι
576 641 894 714 θεοπρεπῶς
944 639 1212 708 θεολογῶν
1260 637 1542 702 ἐδοξάζετο
1590 635 1864 706 Χριστόν⁸

285 735 386 788 ὅσα
411 751 468 786 τε
497 731 586 785 διά
626 730 724 785 τοῦ
755 729 1101 800 παντουργοῦ
1132 728 1450 798 Πνεύματος
1479 725 1739 796 ἐνεργῶν,
1771 725 1868 777 καὶ

283 824 408 885 τοὺς
435 822 598 885 λαοὺς
629 818 879 885 έξιστῶν,
937 817 1024 886 ἐφ’
1055 815 1150 882 οὓς
1183 817 1347 870 αὑτὸν
1389 818 1422 886 ἡ
1454 815 1616 886 χάρις
1648 815 1868 884 ἀπήγα-

284 931 401 983 γεν,
452 911 754 984 ἐμεγάλυνε
809 910 900 964 τὸν
927 909 1060 962 Θεόν
1082 925 1099 940 ’
1147 910 1242 962 καὶ
1279 909 1428 971 ὅπως
1466 907 1524 960 δὲ
1557 906 1869 959 τελευταῖον

283 1003 428 1058 κατά
474 1004 575 1074 τὴν
629 1004 686 1056 ἐν
724 1001 898 1072 Συρίᾳ
943 999 1233 1070 γενόμενος
1287 996 1613 1068 Ἰεράπολιν,
1665 995 1758 1049 καὶ
1809 995 1870 1047 ἐν

287 1095 441 1167 μέσῳ
470 1092 682 1148 πολλῶν
728 1092 949 1154 αἰνέσας
990 1091 1082 1145 τὸν
1145 1090 1373 1158 Ἰησοῦν,
1426 1090 1523 1144 καί⁹
1568 1091 1874 1161 θεορρημο-

287 1187 477 1250 σύναις
507 1184 868 1248 θεοτελέστοις
893 1181 1192 1254 ὑπερφυῶς
1228 1183 1458 1247 δοξάσας
1486 1183 1744 1253 Χριστὸν,
1775 1179 1870 1235 καὶ

285 1279 413 1343 τοὺς
447 1275 881 1337 πεπιστευκότας
929 1274 997 1329 δι’
1031 1275 1196 1329 αὐτοῦ
1250 1275 1331 1346 τῷ
1366 1273 1557 1345 Κυρίῳ
1602 1273 1876 1344 προσαγό-

289 1387 471 1441 μενος,
501 1371 596 1424 καὶ
634 1365 961 1440 Ἐκκλησίαν
1005 1367 1204 1431 αὐτοὺς
1233 1367 1414 1434 ἁγίαν,
1445 1367 1676 1437 ἀμωμον
1705 1383 1873 1419 κατα·

288 1461 698 1533 σκευασάμενος
719 1475 733 1488 ⁸
788 1461 883 1513 καὶ
910 1457 1053 1512 οὕτω
1082 1459 1148 1529 δὴ
1185 1460 1247 1512 τὸ
1275 1457 1369 1512 τοῦ
1407 1457 1544 1512 Θεοῦ
1578 1457 1894 1529 μαρτύριον

290 1553 454 1623 ίερῶς
509 1554 605 1607 καλ⁸
651 1552 819 1618 ἀξίως
862 1554 961 1622 τῆς
1015 1550 1183 1605 αὑτοῦ
1251 1551 1501 1621 κλήσεως
1553 1549 1873 1617 τετελεκὼς,

286 1643 549 1698 ἀνέλυσεν
584 1643 813 1708 ἐνδόξως
841 1643 978 1712 πρὸς
1011 1643 1102 1695 τὸν
1132 1640 1298 1694 αὑτοῦ
1342 1640 1577 1696 Βασιλέα
1624 1640 1720 1695 καὶ
1763 1641 1877 1694 Κύ-

291 1753 409 1805 ριον
438 1737 533 1790 καὶ
563 1735 728 1789 Θεόν⁶
761 1730 850 1788 οἷα
881 1734 980 1804 μὲν
1000 1733 1272 1804 χιτώνιον,
1305 1731 1366 1785 τὸ
1404 1731 1562 1801 ἅγιον
1593 1731 1765 1801 δέμας
1784 1733 1878 1784 καὶ

286 1827 469 1897 τίμιον
497 1827 866 1896 ἀποθέμενος·
909 1825 1163 1895 ούράνιον
1192 1823 1250 1878 δὲ
1295 1823 1456 1890 δόξαν
1486 1823 1698 1877 ἔνδοθεν
1730 1824 1879 1894 ἀμφ4
1906 1811 1954 1871 Β

291 1914 579 1984 ιεσάμενος
624 1914 719 1967 καὶ
750 1913 936 1986 τιμὴν,
969 1913 1064 1968 καὶ
1118 1915 1177 1968 ἐν
1216 1914 1362 1985 χαρᾷ
1406 1912 1758 1984 ἀνεκλαλήτῳ
1789 1913 1882 1966 καὶ⁸

287 2004 675 2076 δεδοξασμένῃ,
736 2005 919 2075 πάσης
979 2004 1241 2074 οὐρανίας
1297 2003 1585 2074 ίεραρχίας
1643 2003 1881 2075 ὑπερκο-

290 2097 470 2165 σμίως
498 2095 664 2149 αὐτὸν
692 2089 1179 2167 παραπεμπούσης
1209 2095 1305 2149 καλ⁵
1348 2093 1776 2166 δορυφορούσης.
1805 2091 1883 2163 τῷ

291 2185 571 2256 προσώπῳ
634 2187 738 2256 τῆς
802 2186 1258 2258 μεγαλοπρεποῦς
1321 2185 1481 2256 δόξης
1544 2183 1883 2238 κατενώπιον

292 2276 430 2330 Θεοῦ
459 2279 519 2330 ἐν
567 2275 790 2347 Χριστῷ
840 2277 1016 2348 Ἰησοῦ
1072 2275 1617 2348 ἐμφανισθησόμενος
1671 2275 1880 2346 εἰσῄει·

293 2369 354 2421 ὃν
409 2367 504 2432 καὶ
546 2367 814 2437 στέφανον
863 2367 1022 2438 δόξης
1078 2368 1176 2422 καὶ
1229 2366 1522 2438 περιϐολὴν
1570 2367 1884 2438 ἀφθαρσίας

295 2467 390 2520 καὶ
419 2464 565 2537 ζωὴν
586 2465 827 2531 αἰώνιον,
852 2466 946 2519 καὶ
977 2465 1262 2538 βασιλείαν
1283 2463 1581 2520 ἀσάλευτον
1606 2463 1773 2536 κεκλή
1782 2481 1885 2535 ρω-

294 2575 407 2611 ται.

369 2649 558 2704 Ταῦτα
588 2651 770 2706 πάντα
812 2650 933 2713 ταῖς
963 2648 1236 2720 ἱστορίαις
1277 2648 1374 2704 καὶ
1402 2649 1526 2712 ταῖς
1577 2646 1884 2719 κρείττοσιν

298 2741 334 2812 ἦ
365 2743 484 2795 κατ’
513 2741 614 2812 ἐμὲ
643 2741 942 2811 θεολογίαις
979 2743 1176 2812 παρεὶς
1200 2781 1216 2806 ,
1264 2739 1660 2812 προσαγορεύω
1693 2755 1753 2792 σε
1784 2740 1888 2810 τὴν

199 2833 204 2838 ’
299 2830 706 2901 κεχαρισμένην
755 2829 875 2901 Θεῷ
911 2831 1007 2884 καὶ
1040 2830 1162 2884 λίαν
1205 2829 1586 2901 πεφιλημένην
1618 2829 1884 2898 κεφαλήν.

301 2921 470 2993 Χαῖρέ
496 2938 609 2991 μοι,
627 2921 736 2976 τῶν
759 2921 1074 2976 ἀποστόλων
1096 2921 1506 2991 σεϐασμιὼτατε
1534 2921 1631 2975 καὶ
1656 2920 1886 2990 ἀξιομαα

303 3011 689 3083 καριστότατε.
717 3013 912 3083 Χαῖρε,
934 3013 1016 3065 ὅτι
1053 3012 1116 3065 τὺ
1146 3011 1256 3065 τῶν
1297 3011 1598 3082 χρημάτων
1633 3009 1889 3066 τελώνιον

302 3101 381 3162 ὡς
409 3101 563 3169 ἄγος,
594 3100 672 3164 ὡς
704 3099 919 3171 μίασμα
941 3099 1302 3164 καταλιπὼν,
1348 3101 1448 3172 τὴν
1472 3101 1582 3154 τῶν
1614 3101 1889 3173 χαρισμά-

305 3208 415 3245 των
441 3191 576 3245 Θεοῦ
603 3191 988 3263 πεπλούτηκας
1017 3192 1360 3263 περιουσίαν,
1393 3191 1490 3246 καὶ
1527 3191 1718 3262 ὥσπερ
1753 3192 1888 3246 ὑπο-

303 3283 560 3354 δείγματι
586 3283 697 3337 τῶν
744 3284 1089 3354 νοουμένων,
1139 3285 1207 3354 τῇ
1263 3283 1373 3336 τῶν
1417 3283 1712 3354 ὁρωμένων
1756 3300 1896 3354 χρη-

308 3376 541 3446 σάμενος
564 3376 812 3446 ἁρπαγῇ,
837 3375 1140 3439 εύθυϐόλως
1162 3375 1300 3447 πρὸς
1328 3375 1427 3446 τὴν
1451 3375 1679 3428 ἐκείνων
1705 3372 1890 3443 λῆψιν,

307 3466 408 3519 εἴτ’
445 3463 540 3521 οῦν
583 3467 875 3538 ἐπαινετὴν
923 3467 1159 3538 ἔδραμες
1209 3467 1496 3538 ἁρπαγήν⁹
1533 3465 1628 3520 καὶ
1655 3465 1896 3536 τοσούτῳ

305 3556 406 3627 τὴν
455 3557 741 3629 ἄμεμπτον
785 3557 1223 3629 ἐπλεονέκτησας
1282 3557 1617 3622 πλεονεξίαν,
1659 3558 1770 3627 ὅσῳ
1797 3557 1896 3626 τῆς

311 3649 580 3720 μωμητῆς
605 3650 1020 3720 ύπερανέστηςο
1053 3651 1272 3721 ἐκείνης
1321 3649 1380 3703 δὲ
1423 3647 1679 3703 τοσοῦτον
1720 3647 1897 3718 ἀπηλ-

310 3738 640 3814 λοτριώθης,
665 3740 790 3795 ὅσον
823 3741 997 3813 ταύτῃ
1026 3740 1218 3810 σαφῶς
1245 3739 1689 3813 προῳκειὼθης.

384 4005 581 4078 Χαῖρε,
610 4007 816 4078 μάκαρ,
839 4007 1083 4061 αύτόπτα
1106 4006 1206 4077 τῆς
1239 4003 1500 4077 ἀληθείας
1529 4005 1627 4058 καὶ
1656 4004 1893 4058 θεόπταο

312 4097 344 4151 ό
365 4097 459 4150 τὸν
482 4097 746 4170 ἀτίμητον
776 4099 1048 4169 θησαυρὸν
1074 4096 1270 4168 εὑρὼν,
1304 4095 1382 4160 ὡς
1415 4096 1472 4149 ἐν
1497 4095 1654 4166 ἀγρῷ
1677 4096 1746 4166 τῇ
1767 4111 1901 4165 καρ-

312 4188 404 4260 δίᾳ
450 4181 700 4258 κρυφίως
731 4189 1245 4258 κατακεχωσμένον,
1296 4186 1396 4240 καὶ
1435 4186 1548 4240 ἀπὺ
1592 4187 1694 4255 τῆς
1727 4186 1902 4256 χαρᾶς

312 4277 568 4332 ἀπελθὼν
589 4319 604 4343 ,
638 4279 734 4332 καὶ
767 4280 948 4333 πάντα
976 4279 1078 4332 ὅσα
1121 4275 1269 4348 εἶχες
1315 4275 1637 4349 πεπραχὼς,
1680 4275 1775 4329 καὶ
1814 4275 1905 4328 τὸν

314 4371 487 4440 ἀγρὸν
542 4370 873 4440 ἐωνημένος,
935 4371 1026 4424 διὰ
1080 4370 1174 4424 τὸν
1224 4371 1284 4423 ὲν
1319 4368 1472 4438 αὐτῷ
1524 4368 1905 4439 κεκρυμμένον

1979 553 2165 615 gesta,
2219 554 2536 613 quantaque
2593 543 2945 599 sermonibus
3003 544 3277 600 labiorum
3336 563 3566 603 munere

1975 635 2381 706 prodeuntibus
2422 635 2610 691 divine
2655 645 3000 706 angusteque
3039 636 3246 692 docens
3283 637 3568 694 Christum

1979 725 2405 792 clariﬁcaverit,
2452 741 2516 782 ac
2571 735 2776 796 quanta
2839 741 2938 796 per
2991 726 3260 797 Spiritum
3317 730 3566 784 omnium

1977 819 2323 874 conditorem
2377 834 2644 889 operans,
2672 834 2879 888 eosque
2923 819 2993 875 ad
3033 836 3174 890 quos
3221 837 3348 877 eum
3396 824 3569 892 gratia

1977 910 2371 966 amandaverat
2407 912 2463 965 in
2495 920 2779 982 stuporem
2811 928 3014 983 agens,
3040 913 3213 968 Deum
3247 915 3570 985 magniﬁca-

1979 1001 2123 1056 verit
2148 1019 2161 1055 :
2186 1003 2658 1072 quemadmodum
2683 1004 2849 1059 etiam
2876 1003 2945 1059 ad
2973 1013 3280 1060 extremum
3308 1006 3572 1076 Hierapo-

1981 1091 2079 1146 lim
2115 1092 2284 1164 Syriaa
2311 1094 2564 1159 veniens,
2593 1095 2952 1165 confertaque
2983 1096 3270 1151 hominum
3303 1097 3572 1154 concione

1980 1183 2168 1238 Jesum
2203 1183 2470 1251 laudans,
2495 1186 2811 1256 divinisque
2851 1187 3340 1256 praedicationibus
3370 1190 3572 1245 eximie

1982 1275 2267 1332 Christum
2300 1278 2611 1342 celebrans,
2643 1287 2810 1348 atque
2840 1294 2938 1334 eos
2967 1278 3062 1348 qui
3098 1294 3196 1349 per
3231 1280 3412 1349 ipsum
3443 1295 3568 1336 cre-

1983 1368 2278 1434 didissent,
2303 1370 2539 1425 Domino
2564 1369 2892 1441 adjungens,
2918 1379 3274 1440 sanctamque
3298 1379 3356 1426 et
3381 1371 3570 1426 imma-

1983 1461 2223 1516 culatam
2258 1462 2562 1519 Ecclesiam
2608 1472 2932 1530 exstructis;
2973 1462 3141 1532 inque
3177 1479 3304 1517 eum
3349 1463 3572 1518 modum

1984 1565 2208 1616 sancte,
2233 1559 2290 1608 et
2325 1562 2387 1607 ut
2417 1553 2538 1624 ejus
2569 1552 2797 1622 dignum
2832 1559 2954 1608 crat
2977 1551 3290 1616 vocatione,
3319 1552 3418 1607 Dei
3445 1553 3573 1607 fun-

1985 1653 2108 1698 ctus
2136 1642 2420 1714 martyrio,
2445 1643 2512 1698 ad
2545 1643 2750 1713 Regem
2781 1656 2943 1698 suum
2972 1651 3029 1698 et
3051 1644 3346 1699 Dominum
3375 1644 3576 1700 Deum-

1985 1749 2094 1804 que
2137 1734 2420 1804 profectus
2460 1736 2560 1801 sit;
2599 1737 2754 1790 velut
2783 1735 3008 1804 quidem
3053 1736 3240 1792 tunica
3279 1745 3470 1792 sancto
3510 1753 3578 1795 ac

1984 1827 2285 1882 venerabili
2332 1827 2587 1897 deposito
2634 1843 2900 1898 corpore,
2935 1828 3215 1884 cmlestem
3248 1844 3384 1884 vero
3430 1831 3578 1884 intus

1983 1917 2211 1973 indutus
2253 1918 2561 1974 claritatem
2603 1926 2772 1988 atque
2815 1918 3114 1984 honorem;
3160 1919 3330 1989 inque
3375 1921 3578 1991 gaudio

1984 2009 2349 2065 inenarrabili
2395 2019 2464 2084 “et
2517 2009 2862 2082 gloriﬁcato,
2909 2011 3058 2064 omni
3115 2011 3362 2066 cmlitum
3422 2029 3579 2068 sacro

1985 2099 2294 2170 principatu
2338 2115 2539 2170 pompa
2581 2101 2791 2155 mundo
2838 2101 3117 2170 superiori
3161 2101 3472 2158 deducente
3514 2118 3579 2159 ac

1985 2191 2267 2261 stipante,
2313 2192 2493 2246 vultui
2544 2193 2850 2262 magniﬁcae
2897 2193 3085 2263 gloria:
3131 2208 3318 2248 coram
3363 2196 3478 2250 Deo
3521 2195 3578 2249 in

1984 2279 2209 2336 Christo
2273 2281 2407 2336 Jesu
2463 2283 2849 2351 appariturus,
2904 2282 3188 2353 ingressus
3241 2285 3315 2340 sit
3357 2303 3371 2338 :
3415 2301 3578 2356 quem

1990 2382 2045 2427 et
2072 2386 2334 2428 coronam
2376 2372 2564 2443 gloria:
2603 2380 2660 2427 et
2699 2372 3086 2428 indumentum
3127 2373 3576 2446 incorruptionis.

1987 2464 2271 2534 vitamque
2291 2470 2557 2519 aeternam
2587 2477 2653 2520 ac
2677 2479 2908 2536 regnum
2935 2465 3320 2523 inconcussum
3343 2469 3581 2540 adeptus

1990 2562 2078 2610 est
2091 2554 2158 2609 ¹⁰.

2060 2640 2186 2699 Haec
2213 2641 2474 2699 nimirum
2502 2644 2687 2699 omnia
2715 2643 3068 2700 historiarum
3095 2649 3490 2712 monumentis,
3515 2664 3581 2704 ac

1988 2732 2320 2803 potioribus,
2350 2750 2516 2804 quam
2557 2750 2658 2806 pro
2701 2750 2822 2791 mea
2868 2735 3128 2791 facultate
3167 2737 3371 2793 divinis
3413 2754 3577 2793 exor—

1994 2824 2176 2880 nanda
2207 2825 2562 2882 sermonibus
2590 2827 2800 2893 sinens,
2832 2826 2885 2882 in
2917 2827 2994 2882 tui
3024 2827 3272 2883 desinam
3300 2830 3584 2885 salutatio-

1989 2929 2141 2978 nem,
2162 2916 2275 2970 Deo
2295 2925 2510 2986 gratum
2527 2931 2593 2970 ac
2611 2915 2772 2970 valde
2799 2917 3038 2971 amicum
3065 2919 3259 2986 caput!
3294 2919 3454 2974 Salve
3481 2920 3578 2983 sis,

1998 3005 2378 3074 apostolorum
2411 3006 2922 3072 venerabilissime,
2950 3024 3015 3062 ac
3049 3010 3249 3064 merito
3281 3009 3583 3066 beatissimi

1997 3095 2161 3150 titulo
2201 3096 2573 3166 praedicande.
2607 3096 2826 3163 Gaude,
2857 3098 3008 3166 quod
3062 3107 3323 3170 tanquam
3369 3102 3585 3172 piaculo

1996 3201 2062 3241 ac
2111 3187 2587 3242 contaminatione
2635 3187 2833 3244 relicto
2886 3191 3250 3259 pecuniarum
3299 3192 3582 3262 portorio.

1996 3275 2270 3331 donorum
2295 3278 2390 3333 Dei
2418 3279 2728 3335 substantia
2759 3280 3006 3350 locuples
3038 3282 3288 3346 evasisti,
3317 3282 3584 3352 velutque

1997 3381 2191 3423 eorum
2219 3383 2340 3438 qum
2372 3370 2558 3424 animo
2589 3369 2978 3442 intelliguntur
3001 3373 3276 3443 exemplo,
3305 3388 3491 3428 rerum
3529 3375 3587 3428 in

1999 3468 2285 3529 aspectum
2337 3460 2658 3516 cadentium
2709 3463 2903 3533 rapina
2953 3479 3122 3529 usus,
3173 3473 3326 3520 recta
3371 3465 3438 3519 ad
3494 3466 3588 3521 illa

2000 3551 2268 3621 capienda
2338 3553 2708 3623 (laudabilem
2775 3555 2989 3610 scilicet
3045 3571 3238 3611 eorum
3301 3557 3588 3627 rapinam)

2001 3644 2297 3700 cucurristi
2329 3662 2343 3700 :
2378 3655 2646 3717 tantoque
2673 3647 2898 3704 innoxia
2929 3648 3019 3703 illa
3048 3649 3172 3718 plus
3198 3649 3435 3704 habendi
3466 3649 3593 3704 libi-

2001 3735 2131 3792 dine
2163 3736 2348 3793 vicisti
2376 3779 2392 3803 ,
2427 3749 2636 3808 quanto
2669 3740 2932 3809 culpabili
2968 3739 3241 3796 emersisti
3278 3757 3294 3795 :
3329 3749 3593 3810 tantoque

2003 3826 2074 3880 ab
2106 3825 2213 3880 hac
2246 3825 2423 3896 magis
2463 3826 2740 3882 alienatus
2776 3828 3008 3882 avaritia
3042 3843 3130 3894 es,
3165 3837 3373 3898 quanto
3415 3835 3470 3884 te
3513 3829 3592 3884 illi

2005 3924 2198 3986 aperte
2227 3915 2544 3972 devinxisti.

2078 4007 2239 4063 Salve
2274 4007 2371 4074 sis,
2416 4007 2600 4076 beate,
2645 4009 2741 4078 qui
2777 4009 2912 4080 ipsis
2944 4009 3120 4065 oculis
3151 4009 3436 4065 veritatem
3467 4025 3594 4081 spe-

2008 4097 2193 4164 ctasti,
2229 4113 2295 4154 ac
2332 4099 2506 4154 Deum
2536 4099 2725 4155 vidisti
2759 4118 2774 4156 :
2809 4100 2904 4170 qui
2938 4101 3099 4171 longe
3132 4101 3595 4170 pretiosissimum

2011 4190 2336 4244 thesaurum
2358 4191 2513 4246 velut
2541 4191 2596 4245 in
2625 4206 2779 4260 agro,
2800 4192 2858 4246 in
2883 4191 3050 4246 corde
3074 4192 3292 4248 occulte
3317 4191 3597 4247 defossum

2011 4276 2301 4342 invenisti,
2347 4293 2410 4332 ac
2462 4294 2575 4349 prae
2627 4279 2829 4350 gaudio
2878 4279 3119 4346 vadens,
3174 4295 3299 4350 qua:
3348 4281 3597 4337 habebas

2011 4370 2198 4425 omnia
2218 4370 2542 4437 vendidisti,
2569 4387 2876 4442 agrumque
2903 4382 3130 4442 propter
3152 4375 3416 4428 latentem
3446 4373 3502 4427 in
3529 4387 3600 4428 eo

313 4462 590 4533 Θησαυρόν
607 4477 622 4492 ·
657 4461 757 4516 καὶ
797 4463 860 4515 οὐ
893 4461 1056 4530 μόνος
1081 4461 1176 4515 τοῦ
1206 4458 1475 4529 ἀμιάντου
1507 4459 1890 4514 καταπολαύωι

2013 4461 2332 4517 thesaurum
2376 4464 2628 4519 coemisti
2653 4465 2694 4496 “
2737 4481 2751 4518 :
2797 4478 2904 4519 nec
2949 4464 3103 4519 solus
3146 4464 3601 4520 incontaminatis

313 4553 575 4620 πλούτου,
625 4553 742 4608 ἀλλ’
795 4554 861 4608 ἐκ
899 4552 995 4607 τοῦ
1045 4552 1150 4624 τῆς
1195 4551 1426 4624 καρδίας
1467 4551 1908 4622 περισσεύματος

311 4646 416 4708 τὰς
448 4646 575 4710 ὅλας
596 4645 900 4716 πλουτίζων
931 4645 1040 4699 τῶν
1062 4642 1372 4716 ἀνθρώπων
1402 4643 1618 4712 γενεάς.

389 4735 564 4805 Χαῖρε
586 4776 602 4800 ,
658 4736 744 4789 ὅτι
777 4719 994 4807 πρῶτος
1023 4735 1189 4798 αὐτὸς
1228 4733 1325 4788 τοῦ
1368 4735 1730 4806 Παρακλήτου
1771 4751 1907 4788 κατ-

349 4825 515 4897 έστης
540 4825 929 4896 ὑπογραφεύςο
955 4826 1172 4897 πρῶτος
1205 4825 1306 4894 τὴν
1345 4824 1607 4896 ἀλήθειαν
1650 4817 1726 4878 ὧν
1768 4825 1908 4895 ἀκή-

318 4931 454 4976 κοας
484 4913 966 4986 θεορῤημοσυνῶν,
1000 4909 1077 4970 ὧν
1103 4913 1358 4986 ἑώρακας
1386 4913 1812 4984 ίεροτελεστιῶν,
1839 4915 1902 4966 οὐ

327 5006 527 5073 μόναις
571 5006 794 5076 ἔκρινας
842 5005 1136 5061 πιστεῦσαι
1186 5005 1296 5059 τῶν
1341 5004 1648 5076 ἀνθρώπων
1684 5005 1906 5067 ἀκοαῖς⁶

319 5098 438 5150 ἀλλ’
467 5097 797 5167 εὑλασήθης,
831 5099 907 5167 μὴ
937 5095 1017 5167 τῷ
1053 5098 1232 5168 χρόνῳ
1269 5097 1339 5151 τά
1368 5097 1489 5150 θεῖα
1513 5096 1764 5167 νοθευθῇ,
1813 5097 1911 5150 καὶ

319 5189 390 5239 τὰ
422 5188 642 5259 καθαρά
673 5189 926 5261 ρυπωθῇ,
957 5189 1053 5242 καὶ
1083 5189 1152 5242 τά
1187 5189 1320 5256 ἀγια
1357 5186 1640 5258 βεϐηλωθῇ
1661 5201 1676 5216 ⁸
1710 5186 1790 5238 διὸ
1817 5185 1910 5238 καὶ

327 5279 556 5348 βιϐλίοις
608 5281 982 5351 ἐγγραφῆναι,
1030 5280 1127 5335 καὶ
1177 5283 1245 5350 τῇ
1279 5279 1574 5349 οἰκουμένῃ
1611 5293 1911 5348 παραπεμ-

329 5369 566 5436 φθῆναι,
613 5370 713 5422 καὶ
766 5371 848 5432 είς
891 5370 1142 5433 ἅπαντας
1177 5367 1352 5432 οὕτως
1398 5367 1574 5422 ἐλθεῖν
1601 5367 1664 5420 τὸ
1708 5366 1913 5437 ὑψηλὸν

332 5459 664 5528 Εὐαγγέλιον
695 5461 1100 5530 ἀγαθοπρεπῶς
1129 5461 1224 5516 καὶ
1253 5459 1524 5530 ἀφθόνως,
1551 5459 1631 5530 ὡς
1655 5458 1750 5512 τοῦ
1777 5461 1915 5526 ἀγα-

333 5549 430 5603 θοῦ
457 5550 619 5622 μόνου
645 5552 834 5616 πιστὸς
864 5552 1165 5624 ὑπηρέτης,
1187 5549 1542 5620 ἐδοκίμασας,
1571 5548 1647 5612 ὡς
1683 5547 1750 5604 ἂν
1779 5549 1915 5603 πάν·

407 5733 452 5767 ⁸⁸
474 5733 496 5790 1
523 5735 671 5790 Petr.
695 5748 736 5796 ι,
761 5733 824 5798 8;
853 5731 1019 5788 Hebr.
1049 5747 1123 5793 Ix.
1145 5731 1260 5814 ειη
1316 5731 1355 5762 ¹¹
1381 5730 1578 5786 Matth.
1601 5745 1718 5798 xm,
1744 5730 1832 5786 εΗ.

633 5829 908 5888 ΡΑτιιοι..
961 5826 1078 5886 Gn.
1114 5824 1243 5887 CV.

2012 4552 2226 4608 divitiis
2265 4553 2490 4622 frueris,
2523 4553 2620 4610 sed
2664 4569 2733 4609 ex
2777 4553 2962 4610 cordis
2998 4555 3334 4614 abundantia
3373 4565 3602 4612 cunctas

2012 4643 2297 4700 hominum
2327 4655 2519 4702 aetates
2550 4645 2662 4701 illis
2690 4646 3013 4717 impartiris.

2085 4730 2245 4788 Salve
2280 4734 2378 4798 sis,
2411 4734 2558 4803 quod
2592 4734 2805 4803 primus
2837 4735 2955 4804 ipse
2987 4736 3272 4792 Paracleto
3303 4750 3335 4790 a
3368 4736 3599 4791 secretis

2011 4825 2288 4881 exstitisti.
2318 4827 2532 4882 Primus
2556 4827 2895 4891 divinorum,
2920 4843 3060 4897 quos
3087 4828 3364 4893 audieras,
3389 4843 3602 4883 sermo-

2014 4931 2150 4969 num
2195 4916 2487 4971 veritatem
2509 4958 2524 4982 ,
2560 4932 2653 4982 ac,
2685 4931 2808 4986 quae
2849 4917 3097 4981 videras,
3132 4926 3602 4973 sacramentorum

2021 5006 2402 5072 ﬁdemhsolis
2453 5007 2742 5062 hominum
2787 5008 3017 5063 auribus
3064 5007 3406 5062 condendam
3453 5007 3604 5062 haud

2016 5099 2257 5169 putasti;
2306 5100 2402 5155 sed
2441 5101 2654 5156 veritus
2696 5116 2758 5156 es
2798 5115 2869 5155 ne
2911 5099 3098 5154 divina
3140 5098 3407 5169 temporis
3448 5099 3604 5167 lapsu

2019 5191 2484 5257 adulterarentur,
2505 5207 2570 5246 ac
2587 5207 2724 5261 pura
2745 5192 3283 5256 contaminarentur,
3305 5197 3605 5258 sanctaque

2021 5280 2466 5350 profanarentur.
2492 5281 2863 5348 Quamobrem
2892 5281 3059 5337 etiam
3091 5289 3150 5334 ut
3174 5281 3333 5335 libris
3363 5278 3608 5334 conscri-

2024 5378 2179 5439 ptum
2214 5371 2269 5424 in
2298 5371 2491 5425 orbem
2523 5371 3014 5434 transmitteretur,
3041 5379 3206 5439 atque
3242 5369 3295 5422 in
3325 5381 3452 5421 eum
3483 5381 3607 5419 mo-

2023 5459 2154 5513 dum
2198 5459 2266 5514 ad
2310 5475 2503 5516 omnes
2547 5463 2763 5517 veniret
2803 5463 3038 5517 sublime
3066 5459 3445 5528 Evangelium,
3475 5455 3606 5510 boni

2025 5550 2209 5606 indole
2255 5565 2318 5606 ac
2367 5550 2485 5607 sine
2535 5551 2775 5620 invidia,
2810 5560 3069 5621 tanquam
3119 5549 3268 5603 illius
3315 5546 3410 5617 qui
3455 5543 3612 5599 solus
