4040 6382
337 383 446 451 Ξ3Ἱ

1092 383 1378 445 ORATIO
1415 383 1561 447 XII.
1585 409 1658 420 -
1689 384 1771 446 ΙΝ
1810 383 2125 445 LAUDEM
2164 385 2229 444 S.
2269 378 2586 445 SIMONIS
2625 383 2883 448 APOST.

3525 385 3634 454 238

338 498 528 570 ἑορταὶ
557 498 785 569 Κυρίου,
817 498 913 553 καὶ
943 498 1115 554 πᾶσαι
1155 499 1390 571 πλήρεις
1425 497 1807 568 ἀγαλλιάσεως
1834 500 1929 553 καὶ

2050 507 2115 555 tta
2150 487 2404 564 Do'mini;
2445 491 2753 568 omnesque
2790 498 3147 554 exultationis
3179 497 3350 570 pleni,
3387 513 3452 555 ac
3473 501 3637 571 spiri-

340 593 724 662 πνευματικῆς
787 593 962 664 χαρᾶς
1024 591 1232 656 αἴτιαι,
1289 594 1406 655 τοῖς
1456 592 1738 664 Πνεύματι
1791 592 1932 646 Θεοῦ

339 685 658 755 ἀγομένοις·
684 687 889 750 πάσαις
913 686 1024 757 γὰρ
1052 688 1086 756 ἡ
1110 686 1274 755 σοφία
1301 687 1402 750 τὰς
1432 685 1540 739 τῶν
1565 685 1740 756 ἁγίων
1760 685 1934 756 αὐτῆς

341 777 787 847 ὲπιμερισαμένη
824 779 1080 848 μνήμας,
1110 779 1205 830 καὶ
1247 775 1462 839 τούτοις
1489 775 1681 846 ὥσπερ
1708 775 1933 845 ἄστρων

339 871 613 934 δπιτελεῖς
647 871 741 924 τὸν
773 871 895 923 ὅλον
927 870 1022 923 τοῦ
1053 868 1304 924 ἐνιαυτοῦ
1339 869 1607 938 στέφανον
1633 867 1935 936 εύλογοῦσα

337 961 434 1014 καὶ
465 960 917 1031 κατακοσμοῦσα,
943 961 1126 1031 πάσης
1156 960 1280 1013 ὅσαι
1310 959 1516 1030 ἡμέραι
1539 958 1930 1029 τερπνότητος,

338 1053 433 1106 καὶ
449 1052 805 1124 χαρμοσύνης
823 1056 922 1116 τὰς
939 1052 1049 1105 τῶν
1069 1050 1310 1105 εὐσεϐῶν
1326 1049 1710 1122 ἀναπίμπλησι
1731 1049 1932 1120 ψυχάς·

343 1145 582 1212 μάλιστα
608 1145 666 1197 δὲ
687 1144 798 1197 τῶν
823 1142 1048 1214 ἡμερῶν
1062 1136 1226 1196 αὗται
1255 1141 1502 1213 φαιδραὶ,
1524 1143 1618 1195 καί¹
1638 1143 1937 1212 χαρίεσσαν

340 1237 568 1288 ὲνιεῖσαι
596 1237 711 1297 τοῖς
743 1235 1023 1304 ,φιλοθέοις
1057 1234 1156 1305 τὴν
1202 1234 1527 1304 τερπωλὴν,
1557 1234 1679 1288 καθ’
1710 1233 1778 1297 ἃς
1827 1230 1937 1285 τῶν

344 1324 569 1395 ὑψηλῶν
621 1327 936 1382 ἀποστόλων
965 1325 1200 1388 ἕκαστος
1246 1327 1348 1398 τὴν
1377 1325 1484 1395 γῆν
1515 1327 1695 1395 ἀφεὶς,
1728 1324 1936 1392 ἀνέπτη

341 1417 481 1488 πρὸς
507 1418 600 1471 τὸν
623 1419 854 1489 οὐρανόν
873 1435 887 1448 ·
923 1419 1152 1473 καὶτῶν
1174 1418 1316 1487 ὑπὲρ
1346 1417 1440 1470 τοῦ
1482 1415 1806 1470 διδασκάλου
1839 1418 1939 1468 πόσι

343 1527 454 1562 νων
480 1510 824 1579 ἀπαλλαγεὶς
865 1511 959 1564 καὶ
991 1503 1085 1563 τοῦ
1111 1509 1368 1574 Θανάτου,
1415 1507 1556 1579 πρὸς
1600 1508 1700 1578 τὴν
1729 1506 1940 1560 ἀνώδυ-

340 1617 434 1654 νον
463 1603 558 1655 καὶ
584 1601 684 1671 τὴν
719 1601 1002 1672 μακαρίαν
1026 1603 1084 1654 ὲν
1108 1599 1257 1670 αὐτῷ
1293 1599 1530 1670 μετέστη
1563 1599 1730 1668 ζωήν.

413 1697 632 1767 Ὥσπερ
668 1699 780 1768 γὰρ
808 1699 858 1750 οί
881 1697 1002 1750 κατ’
1028 1697 1259 1768 οὐρανὸν
1302 1697 1554 1766 ἀστέρες,
1599 1697 1803 1760 πάντες
1841 1696 1941 1767 μὲν

343 1786 590 1857 λαμπροὶ
609 1787 708 1858 τὴν
736 1787 900 1856 φύσιν
925 1789 1020 1842 καὶ
1045 1788 1312 1858 διαυγεῖς,
1341 1788 1400 1842 ού
1431 1789 1635 1851 πάντες
1660 1787 1717 1843 δὲ
1738 1789 1938 1858 ὁμοίως

2039 593 2166 647 talis
2187 591 2375 663 gaudii
2419 607 2607 656 causa,
2638 591 2728 646 his
2758 591 2854 662 qui
2903 601 3144 663 aguntur
3187 591 3400 663 Spiritu
3439 593 3536 648 Dei
3564 595 3630 650 “.

2033 684 2266 739 Cunctis
2297 683 2445 739 enim
2479 693 2800 739 sanctorum
2831 697 3060 737 suorum
3094 685 3392 739 memorias
3419 683 3635 754 disper-

2037 777 2137 830 tita
2184 776 2475 846 sapientia,
2525 776 2703 846 iisque
2735 775 2891 830 velut
2945 776 3112 831 astris
3162 776 3480 832 orientibus
3509 793 3632 832 om-

2036 883 2163 922 nem
2191 868 2320 922 anni
2352 867 2691 923 benedicens
2720 879 2778 922 et
2813 882 3120 938 perornans
3149 877 3435 934 coronam,
3481 866 3632 926 omni

2037 960 2288 1030 quotidie
2315 961 2597 1030 voluptate
2629 968 2686 1014 et
2710 959 2913 1030 gaudio
2959 959 3176 1029 piorum
3208 959 3425 1014 animos
3454 960 3634 1014 adim-
3671 946 3676 950 ’

2039 1051 2152 1120 plet
2175 1049 2238 1103 ".
2263 1051 2410 1105 Inter
2439 1049 2680 1120 reliquos
2715 1057 2896 1104 tamen
2929 1049 3050 1104 dies
3088 1049 3167 1103 illi
3224 1049 3462 1105 maxime
3498 1051 3631 1113 laeti,

2037 1158 2103 1197 ac
2127 1142 2221 1214 qui
2247 1149 2453 1214 gratam
2485 1142 2762 1213 religiosis
2804 1142 3003 1197 animis
3048 1143 3456 1213 jucunditatem
3504 1143 3637 1214 inji-

2038 1235 2207 1298 ciant,
2238 1249 2337 1305 per
2359 1250 2499 1304 quos
2523 1233 2848 1289 sublimium
2873 1234 3109 1304 quisque
3134 1234 3512 1302 apostolorum
3545 1234 3636 1289 di-

2039 1327 2206 1383 missa
2239 1337 2408 1391 terra,
2462 1327 2519 1382 in
2548 1327 2750 1382 cmlum
2785 1326 3064 1391 evolavit;
3089 1325 3483 1396 laboribusque
3519 1340 3637 1382 ma-

2039 1418 2194 1490 gistri
2222 1433 2389 1474 causa
2419 1418 2758 1474 desudandis
2792 1432 2858 1472 ac
2889 1427 3066 1472 morte
3108 1417 3399 1480 liberatus,
3441 1417 3508 1474 ad
3535 1419 3637 1474 do-

2039 1511 2174 1566 loris
2198 1512 2444 1566 nesciam
2479 1519 2646 1581 atque
2681 1510 2900 1566 beatam
2941 1510 2996 1565 in
3047 1509 3142 1564 illo
3176 1510 3348 1564 vitam
3397 1510 3635 1567 commi-

2041 1603 2246 1674 gravit.

2111 1689 2590 1756 Quemadmodum
2652 1689 2802 1745 enim
2852 1705 2975 1760 qua:
3024 1689 3152 1745 coeli
3203 1704 3361 1745 axem
3410 1696 3634 1756 ornant,

2041 1794 2254 1838 cunctae
2308 1783 2536 1852 quidem
2599 1791 2802 1837 natura
2857 1783 3163 1853 splendidae
3225 1798 3290 1840 ac
3345 1785 3638 1854 pellucidae

343 1882 484 1947 φωτὶ
521 1880 861 1950 λάμπουσινο
903 1880 1128 1950 Ἀστὴρ
1156 1882 1287 1952 γὰρ,
1322 1884 1508 1954 φησὶν,
1532 1883 1793 1951 ἀστέρος
1814 1882 1939 1936 δια-

2050 1877 2259 1943 stellte;
2302 1891 2413 1931 non
2470 1891 2664 1931 omnes
2711 1885 2892 1930 tamen
2932 1875 3048 1945 pari
3088 1875 3300 1946 fulgent
3350 1878 3638 1936 radiorum

340 1971 508 2041 φέρει
538 1973 608 2026 ἐν
636 1971 786 2041 δόξῃ
809 1990 823 2002 ·
877 1971 1020 2026 οὕτω
1048 1972 1114 2044 δὴ
1144 1977 1239 2031 καὶ
1268 1973 1326 2028 αἱ
1380 1974 1588 2045 ἡμέραι
1626 1976 1800 2027 πᾶσαι
1835 1975 1940 2044 μὲν

337 2066 606 2135 ἐπίσημοι
632 2063 730 2119 καὶ
754 2065 1101 2135 εὐφρόσυνοι,
1124 2065 1214 2120 διὰ
1253 2067 1381 2129 τοὺς
1424 2084 1531 2137 μνη
1541 2067 1939 2137 μονευομένους

339 2155 399 2207 ιν
421 2155 613 2218 αὑταῖς
638 2155 830 2223 ἁγίους
852 2171 867 2186 ·
901 2156 961 2209 ού
994 2156 1095 2224 τῆς
1127 2155 1251 2226 ἴσης
1277 2157 1336 2210 δὲ
1375 2158 1548 2209 πᾶσαι
1576 2157 1798 2228 χάριτός
1831 2159 1940 2209 είσι

343 2248 716 2318 μεταδοτικαί.
768 2248 926 2303 Κατὰ
973 2247 1231 2302 ⁵ιξοσοῦτον
1279 2247 1336 2303 δὲ
1364 2249 1478 2302 τῶν
1515 2249 1692 2304 ἄλλων
1721 2250 1778 2302 αἱ
1828 2248 1940 2302 τῶν

339 2341 546 2395 δώδεκα
593 2343 805 2412 μνῆμαι
834 2341 927 2396 τοῦ
955 2341 1196 2413 Χριστοῦ
1251 2343 1534 2414 μαθητῶν,
1565 2343 1647 2414 τῷ
1673 2360 1734 2397 τε
1770 2343 1940 2412 μεγέ-

343 2433 425 2488 θει
451 2435 553 2505 τῆς
574 2435 736 2504 δόξης
772 2436 867 2490 καὶ
885 2439 951 2507 τῇ
981 2437 1083 2507 τῆς
1113 2436 1499 2508 λαμπρότητος
1521 2437 1940 2511 ὑπερϐαλλούσῃ

343 2527 654 2598 περιουσίᾳ,
693 2527 925 2581 καθόσον
969 2529 1066 2582 καὶ
1123 2529 1281 2582 αὐτοὶ
1309 2529 1419 2583 τῶν
1475 2531 1615 2583 ὅλων
1663 2529 1839 2598 ἁγίων
1869 2531 1938 2602 τῇ

345 2618 729 2688 μεγαλειότητι
760 2621 859 2690 τῆς
875 2619 1165 2691 ἁγιότητος
1188 2621 1632 2693 ύπερανὲδησαν.

420 2795 638 2851 Οὐκοῦν
689 2798 1152 2870 ἀγαλλιασώμεθα
1205 2801 1446 2871 σήμερον
1479 2804 1575 2855 καὶ
1620 2803 1940 2874 εὐφρανθῶ,

349 2898 473 2951 μεν,
524 2886 619 2936 καὶ
644 2884 745 2954 τῆς
775 2887 1148 2957 ἀποστολικῆς
1192 2890 1416 2960 μνήμης
1457 2893 1553 2945 καὶ
1584 2892 1808 2962 χάριτος
1839 2910 1941 2946 κα-

342 2972 754 3044 τατρυφῶντες,
779 2973 879 3043 τῆς
914 2976 1130 3046 ἡμέρας
1177 2979 1560 3051 πνευματικὴν
1601 2982 1797 3054 ἑορτὴν
1839 3000 1942 3035 συ·

346 3063 680 3134 στησώμεθα
709 3065 805 3119 καὶ⁵
829 3066 1102 3138 δημοτελῆ
1121 3084 1134 3100 ·
1172 3071 1268 3126 καὶ.
1315 3072 1498 3124 πᾶσαν
1553 3073 1651 3142 μὲν
1677 3077 1941 3145 ἐργασίαν

349 3155 700 3226 σωματικὴν,
757 3159 938 3210 πᾶσαν
965 3158 1024 3211 δὲ
1056 3160 1329 3230 μέριμναν
1385 3163 1478 3216 καὶ
1510 3163 1770 3236 βιωτικὴν
1805 3167 1941 3236 ἀφέ-

2035 1969 2271 2039 jubare;
2304 1967 2464 2023 stella
2506 1969 2668 2032 enim,
2712 1967 2912 2037 inquit,
2945 1968 3118 2038 diﬂ'ert
3163 1985 3196 2021 a
3241 1967 3401 2022 stella
3439 1971 3496 2022 in
3525 1970 3639 2024 cla-

2041 2062 2200 2115 ritate
2225 2061 2304 2127 “;
2361 2061 2442 2116 sic
2471 2060 2638 2116 etiam
2667 2075 2860 2115 omnes
2892 2060 3118 2128 quidem
3152 2060 3274 2116 dies
3304 2061 3546 2132 insignes
3580 2069 3639 2119 et

2041 2152 2174 2216 laeti,
2223 2153 2295 2208 ob
2325 2163 2644 2209 sanctorum
2679 2152 2788 2207 illis
2818 2153 3170 2223 consignatas
3193 2155 3492 2208 memorias
3519 2169 3534 2207 :
3579 2161 3638 2208 at

2043 2249 2151 2293 non
2193 2243 2266 2295 ita
2303 2247 2708 2309 comparatum,
2741 2249 2804 2293 ut
2838 2239 3032 2295 eadem
3067 2254 3262 2294 omnes
3314 2239 3638 2309 lmpartiant

2041 2327 2239 2397 gratia.
2275 2327 2513 2383 Tantum
2542 2333 2727 2381 autem
2758 2326 3051 2382 duodecim
3093 2325 3303 2382 Christi
3332 2326 3637 2398 discipulo-

2043 2426 2164 2464 rum
2219 2411 2520 2472 memoriaa,
2575 2421 2688 2464 tum
2742 2410 3014 2465 claritatis
3061 2410 3465 2481 magnitudine,
3518 2419 3636 2469 tum

2039 2503 2355 2572 splendoris
2411 2503 2757 2558 abundantia
2805 2511 3098 2572 praestant,
3149 2511 3421 2573 quantum
3465 2513 3525 2558 et
3557 2504 3637 2562 illi

2041 2605 2261 2650 sanctos
2305 2594 2553 2666 reliquos
2605 2594 2917 2650 sanctitatis
2951 2594 3362 2665 magniﬁcentia
3409 2610 3638 2669 superas

2043 2693 2196 2740 runt.

2110 2799 2284 2871 igitur
2294 2800 2636 2858 exsultemus
2653 2800 2820 2856 hodie
2843 2809 2900 2857 et
2918 2799 3638 2872 lactemur,§apostolic:equc

2041 2893 2332 2947 memoriae
2364 2901 2528 2961 atque
2569 2893 2760 2964 gratiae
2812 2907 3043 2948 munere
3068 2892 3442 2963 perfruentes,
3475 2893 3640 2962 spiri-

2043 2982 2206 3039 talem
2233 2984 2534 3054 populique
2564 2984 2746 3040 omnis
2773 2995 3053 3040 conventu
3101 2985 3381 3041 celebrem
3409 2984 3522 3040 diei
3558 2985 3640 3041 fe-

2042 3074 2340 3131 stivitatem
2371 3075 2779 3131 constituamus
2814 3094 2828 3130 :
2872 3077 3134 3146 omnique
3165 3077 3441 3146 corporali
3470 3089 3638 3148 opere

2045 3167 2307 3237 omnique
2328 3167 2509 3224 saeculi
2568 3168 2944 3224 sollicitudine
2977 3183 3223 3239 curaque
3280 3169 3637 3238 posthabitis,

351 3265 506 3319 μενοι
560 3249 818 3320 φροντίδα
857 3251 1212 3321 σχολάσωμεν
1267 3256 1362 3307 καὶ
1407 3257 1626 3326 γνῶμεν
1660 3259 1740 3322 τίς
1778 3261 1806 3313 6
1843 3262 1943 3331 τῆς

2050 3276 2308 3316 vacemus
2333 3277 2396 3316 ac
2427 3261 2828 3332 intelligamus,
2871 3262 3151 3332 quodnam
3206 3262 3372 3332 hujus
3425 3261 3535 3316 dici
3565 3265 3641 3316 si.

346 3340 565 3410 ἡμέρας
599 3339 804 3411 ταύτης
848 3342 1076 3412 φωστὴρ
1103 3348 1198 3396 καὶ
1246 3346 1345 3415 τῆς
1375 3348 1689 3416 θαυμασίας
1718 3352 1941 3421 χάριτος

347 3434 593 3505 ἀρχηγός
618 3449 634 3464 ·
668 3434 891 3505 γνῶμεν
915 3436 1000 3499 τίς
1026 3439 1055 3490 6
1100 3437 1203 3506 τῆς
1227 3438 1424 3510 ἑορτῆς
1453 3437 1706 3509 ἔξαρχος,
1740 3443 1830 3495 καὶ
1883 3445 1941 3496 ὲν

348 3539 457 3576 τινι
511 3526 756 3597 σήμερον
808 3528 837 3580 6
886 3527 988 3598 τῆς
1018 3527 1180 3599 δόξης
1225 3529 1520 3600 εὐδόκησεν
1549 3533 1942 3606 ἐνδοξασθῆναι

351 3613 506 3678 Θεὸς.

421 3706 689 3763 Βούλεσθε
711 3710 1046 3782 ἀνακηρύξω
1074 3711 1168 3766 τὸν
1195 3714 1345 3784 ἡμᾶς
1376 3714 1470 3768 ἐπὶ
1521 3715 1621 3787 τὴν
1643 3716 1808 3770 αὑτοῦ
1855 3717 1936 3783 ξε-

350 3801 707 3868 ναγωγοῦντα
744 3804 966 3874 μνήμην
993 3820 1008 3866 ;
1036 3805 1070 3874 ἢ
1104 3806 1236 3859 πᾶσι
1267 3809 1614 3876 καταφανὲς,
1651 3809 1732 3862 ὃτι
1762 3809 1944 3880 Σίμων

350 3892 380 3944 6
415 3891 590 3960 μέγας
638 3893 971 3960 ἀπόστολος,
1023 3897 1284 3951 ὑπόθεσιν
1317 3899 1511 3954 ἑαυτὸν
1554 3899 1946 3974 λαμπροτάτης

351 3983 720 4054 πανηγύρεως
765 3988 888 4049 ταῖς
956 3987 1313 4060 Ἐκκλησίαις
1350 3993 1793 4064 παρασχόμενος,
1847 3997 1947 4065 τῆς

353 4077 736 4145 πνευματικῆς
783 4079 917 4150 ἡμῖν
957 4079 1302 4153 εὐφροσύνης
1331 4084 1660 4156 καθηγεῖται
1688 4088 1782 4140 καὶ
1812 4105 1948 4159 χαρ-

355 4167 545 4237 μονῆς.
575 4169 779 4238 Σίμων.
813 4171 842 4223 6
879 4172 982 4242 τῆς
1017 4174 1230 4248 ὑψηλῆς
1275 4177 1578 4242 δωδεκάδος
1603 4179 1714 4234 τῶν
1771 4181 1947 4251 μαθη-

351 4259 463 4312 τῶν
491 4255 590 4322 εἷς.
632 4263 692 4315 ’0
719 4265 904 4317 πᾶσαν
940 4266 1041 4335 μὲν
1078 4267 1190 4321 τῶν
1232 4271 1552 4342 κορυφαίων
1585 4271 1808 4344 ἀρετὴν,
1840 4275 1947 4327 πᾶ-

355 4367 456 4405 σαν
495 4352 552 4405 δὲ
596 4353 758 4425 χάριν
805 4355 900 4409 τοῦ
959 4358 1282 4429 Πνεύματος
1336 4361 1542 4432 ὁμοίως
1584 4363 1814 4428 ἐκείνοις
1851 4365 1948 4421 καὶ

2047 3354 2153 3409 dus
2186 3369 2250 3408 ac
2275 3353 2614 3408 admiranda:
2636 3353 2826 3424 gratia;
2850 3361 3065 3408 auctor.
3111 3354 3488 3425 intelligamus
3515 3355 3642 3425 quis

2051 3445 2421 3501 solemnitatis
2453 3460 2683 3514 auspex,
2716 3460 2781 3501 ac
2806 3445 2862 3500 in
2894 3459 3135 3516 quonam
3165 3442 3332 3502 hodie
3355 3447 3499 3503 Deus
3525 3447 3643 3521 glow

2049 3537 2148 3594 ria:
2179 3535 2353 3593 voluit
2384 3536 2707 3608 gloriﬁcari.

2123 3723 2299 3778 Vultis
2326 3723 2642 3794 przedicem,
2673 3725 2801 3796 quis
2829 3741 2940 3781 non
2968 3727 3264 3783 recolenda
3295 3742 3395 3784 sua
3433 3742 3644 3784 memoo

2049 3816 2132 3869 ria
2159 3815 2402 3884 hospitio
2440 3815 2693 3887 excipit?
2748 3817 2945 3874 Annon
2977 3819 3238 3874 omnibus
3292 3818 3488 3889 liquet,
3525 3836 3642 3875 ma-

2048 3921 2214 3976 gnum
2244 3905 2526 3966 Simonem
2557 3909 2868 3977 apostolum
2896 3926 3041 3976 esse,
3070 3911 3166 3981 qui
3187 3911 3433 3981 seipsum
3459 3913 3646 3982 splen-

2049 3997 2352 4054 didissima:
2393 4000 2762 4056 solemnitatis
2789 4011 3179 4071 argumentum
3206 4003 3474 4059 Ecclesiis
3501 4019 3644 4073 pra:—

2049 4086 2209 4152 bens,
2242 4087 2510 4158 Spiritalis
2539 4089 2701 4144 nobis
2754 4090 2961 4146 laetitiae
2990 4100 3156 4162 atque
3205 4092 3394 4164 gaudii
3448 4101 3646 4148 auctor

2050 4190 2108 4235 et
2133 4195 2344 4250 auspex
2370 4182 2632 4237 exsistit?
2681 4183 2890 4253 Nempe
2919 4182 3111 4239 Simon
3160 4201 3305 4240 unus
3339 4201 3370 4240 e
3417 4185 3643 4242 sublimi

2050 4273 2348 4329 duodecim
2389 4274 2603 4342 choro;
2649 4276 2744 4346 qui
2772 4276 2924 4332 omni
2955 4277 3180 4347 quidem
3221 4279 3640 4350 coryphzeorum

2051 4366 2279 4434 virtute,
2317 4369 2584 4441 omnique
2619 4367 2862 4442 Spiritus
2898 4370 3076 4441 gratia
3103 4371 3380 4427 consimili
3418 4373 3526 4429 illis
3556 4388 3643 4427 ra-

428 4534 473 4566 "
498 4534 660 4592 Rom.
681 4550 798 4596 vm.
826 4535 915 4590 M.
995 4534 1040 4566 ¹³
1062 4535 1211 4592 Psal.
1237 4553 1379 4601 utv,
1409 4537 1496 4593 1‘2.
1576 4537 1666 4593 “l
1694 4537 1822 4595 Cor.
1846 4557 1937 4608 xv,
1960 4541 2052 4598 M.

351 4690 630 4775 hactenus
655 4689 876 4775 exuviis
908 4691 1239 4775 gloriantur,
1271 4707 1382 4775 non
1407 4692 1490 4749 sic
1511 4691 1772 4775 Simonis,
1799 4694 1950 4764 quod
1987 4697 2027 4752 D
2055 4694 2243 4775 ignota
2264 4765 2276 4775 _
2335 4695 2510 4775 fuisse
2527 4714 2541 4765 ;
2579 4712 2685 4775 nec
2709 4699 3158 4775 ejus-quidquam
3181 4701 3344 4756 Beda:
3379 4706 3645 4775 comper-

354 4773 412 4816 et
439 4763 661 4841 Patrum
708 4771 1028 4843 nostrorum
1053 4761 1273 4843 Maioris
1317 4763 1594 4843 Armenia:
1622 4765 1769 4818 domi
1795 4761 1950 4843 cotu—

354 4832 690 4888 tuorantium
729 4830 1045 4884 testimonio
1076 4830 1209 4886 mihi
1241 4834 1626 4890 conﬁrmatum
1654 4842 1758 4888 est.
1820 4835 1952 4901 Qua:

351 4909 712 4956 monumenta
746 4902 988 4955 habeant
1017 4901 1348 4957 Britannica:
1381 4903 1666 4969 Ecclesiae,
1706 4904 1951 4960 Simonis

351 4973 500 5043 apud
532 4987 630 5027 eos
649 4972 992 5043 apostolatus
1025 4979 1080 5025 et
1115 4975 1633 5038 consummationis,
1658 4975 1775 5028 sive
1803 4974 1953 5029 illius

351 5041 558 5106 crucis,
593 5058 716 5115 quae
747 5042 828 5096 sic
859 5041 1176 5115 Graecorum
1221 5043 1501 5115 traditioni
1557 5044 1950 5115 respondeant,

351 5127 442 5167 me
466 5116 628 5184 latet,
653 5112 722 5166 Et
742 5122 892 5167 certe
921 5112 1192 5184 beneest,
1219 5114 1367 5182 quod
1399 5123 1552 5168 tanto
1608 5112 1782 5170 Graeci
1816 5131 1953 5169 con-

352 5199 518 5237 sensu
577 5182 1232 5254 SimonemgOccidentis
1300 5185 1609 5254 apostolum
1672 5185 1945 5247 scribunt,

351 5256 584 5324 ejusque
638 5267 727 5306 res
766 5267 852 5324 Aac
885 5252 1108 5316 itinera,
1153 5254 1294 5310 nihil
1337 5252 1455 5309 l'erc
1515 5256 1728 5309 minora
1777 5270 1943 5323 quam

354 5321 584 5378 'l‘homre
611 5338 711 5394 per
754 5321 1037 5378 Orientem
1076 5324 1141 5378 ad
1181 5324 1411 5394 ludiam
1465 5341 1663 5394 usque,
1720 5321 1942 5380 Nicetas

353 5391 830 5464 exornathtque
845 5404 1130 5462 peragrata
1164 5393 1378 5464 Cyrene
1403 5403 1460 5449 et
1491 5391 1674 5451 Africa
1707 5395 1762 5448 in
1815 5395 1938 5448 Bri—

357 5463 604 5517 tanniam
643 5463 884 5526 venerit,
942 5463 1285 5533 tantaque’in
1315 5481 1379 5518 ea
1404 5466 1702 5533 apostolica
1738 5467 1947 5521 virtute

355 5536 611 5602 patrarit,
648 5533 793 5588 haud
819 5533 1098 5602 putandus
1132 5549 1242 5588 non
1291 5535 1561 5589 salutasse
1587 5534 1813 5594 Gallias.
1855 5535 1942 5588 ni-

355 5605 545 5674 hilque
578 5603 687 5657 illis
728 5603 1075 5674 contulisse;
1120 5613 1216 5657 aut
1261 5620 1357 5658 cas
1416 5605 1582 5667 solas,
1612 5619 1734 5674 quae
1783 5605 1944 5659 nobi-

354 5671 568 5727 lissima
607 5673 789 5743 portio
848 5681 1011 5744 erant
1065 5674 1283 5743 imperii
1337 5675 1594 5737 Romani,
1632 5671 1942 5744 primorum

352 5744 739 5812 apostolorum
788 5743 1019 5812 vestigia
1054 5759 1165 5797 non
1221 5747 1508 5799 meruisse.
1565 5743 1946 5812 Undecunque

352 5825 496 5869 vero
528 5815 653 5870 orla
703 5812 1018 5868 Graecorum
1064 5814 1181 5870 haec
1229 5813 1475 5883 traditio,
1507 5815 1682 5888 liquet
1701 5813 1948 5889 antiquis

2062 4775 2176 4836 tum
2201 4765 2391 4830 fuisse,
2417 4768 2513 4836 qui
2559 4765 2745 4824 etiam
2787 4765 2972 4825 minus
3014 4765 3307 4826 accuratus
3361 4772 3482 4828 Act.
3508 4765 3545 4834 ἰ.
3585 4775 3642 4832 in

2056 4835 2286 4896 Jacobo.
2313 4835 2535 4910 Simone
2559 4839 2806 4910 etJuda;
2836 4841 3050 4910 dequo
3097 4842 3277 4910 plura.
3309 4857 3372 4896 ac
3401 4843 3470 4898 de
3493 4844 3644 4900 illius

2059 4908 2480 4982 retractatione,
2517 4908 2587 4963 ad
2630 4919 2872 4982 nostram
2900 4908 3266 4982 Sfllippolyti
3303 4912 3636 4982 Synopsim;

2057 4990 2126 5049 ex
2151 4991 2264 5049 qua
2288 4976 2578 5049 Sophron._
2623 4979 2828 5049 aliique
2884 4995 2981 5034 sua
3015 4976 3306 5036 hauserint
3324 4976 3394 5036 de
3415 4976 3644 5040 Simone

2058 5044 2325 5120 Cananita
2365 5044 2504 5120 Tilio
2549 5044 2829 5120 Cleophar,
2882 5051 2977 5120 qui
3039 5052 3308 5107 successit
3349 5053 3555 5109 Jacobo
3583 5055 3642 5112 in

2062 5116 2386 5193 episcopatu
2419 5116 2936 5193 Hierosolymjtano,
2988 5120 3189 5193 ibique
3227 5124 3480 5193 sepultus
3531 5133 3638 5191 est,

2062 5186 2327 5258 martyrio
2365 5187 2586 5243 functus
2613 5186 2716 5243 sub
2743 5191 3013 5261 Traiano;
3047 5186 3194 5261 quod
3242 5186 3402 5261 pl'ane
3425 5186 3643 5247 strami-l

2061 5272 2227 5310 neum
2259 5265 2364 5318 est,
2387 5265 2444 5311 et
2500 5261 2889 5316 ecclesiasticae
2925 5262 3170 5316 historia:
3205 5263 3520 5325 adversum,
3546 5278 3637 5317 se-

2054 5326 2248 5403 rieque
2273 5327 2870 5403 Adoniimprobatum.
2903 5332 3093 5403 Ignota
3141 5332 3309 5388 etiam
3365 5331 3642 5403 Alricanis

2052 5395 2432 5473 illa_’_Simonis
2459 5399 2513 5452 in
2542 5395 2727 5455 Africa
2761 5395 3136 5473 peregrinatio
3183 5412 3249 5473 et
3296 5401 3636 5473 prmdicatio.

2047 5467 2364 5540 nulliusquc
2404 5478 2654 5523 veterum
2689 5467 3006 5525 testimonio
3059 5467 3314 5540 prodita:
3363 5485 3487 5525 cum
3523 5472 3636 5527 Dot-

2047 5537 2273 5609 natisuev‘
2298 5546 2421 5608 post
2450 5541 2729 5608 apostolos
2757 5541 3038 5609 accepisse
3060 5537 3251 5594 'lldem
3288 5540 3451 5596 Afros
3501 5555 3640 5600 con-

2049 5607 2379 5673 tenderent;
2412 5607 2518 5688 nee
2550 5607 3274 5690 Augustinus‘aliudposset
3325 5625 3638 5738 opponere.

2049 5690 2210 5738 quam
2276 5679 2452 5733 llotna
2507 5680 2631 5735 illos
2673 5692 2954 5738 accepisse
2994 5693 3309 5738 episconos.
3382 5681 3486 5738 'tde
3510 5683 3636 5738 Bar.

2044 5690 2235 5800 ἓὲεηιι
2276 5679 2452 5802 ἓέιηει
2507 5678 2954 5750 illos'accepisse
2994 5679 3309 5752 episcopos.
3353 5678 3486 5742 Vide
3510 5683 3636 5746 Bar.
