4040 6386
461 361 571 427 239

1682 342 1980 405 NICETAE
2020 341 2103 401 PA
2112 343 2546 404 PHLAGONIS

3645 345 3754 408 240

465 475 638 537 tione,
671 465 937 538 nulloque
961 462 1285 521 discrimine
1310 457 1558 532 polleat;
1603 458 1702 529 qui
1754 467 1937 513 tamen
1981 454 2052 509 ab

2164 455 2591 525 ἱπαραλλάκτως
2633 454 3045 523 καταπλωτῶν,
3070 454 3179 512 ἀπὸ
3207 456 3337 527 μιᾶς
3368 454 3425 510 δι’
3447 455 3516 528 ἢν
3540 456 3751 523 ἐκεῖνος

465 579 576 619 una
603 576 728 617 cum
755 558 951 630 primis
991 557 1307 613 celebretur
1334 568 1399 609 ac
1426 553 1754 615 innotescat,
1780 564 1890 619 qua
1919 548 2051 601 reli-

465 654 592 724 quis
610 650 990 707 abundantius
1022 647 1217 713 fulsit;
1268 645 1461 701 Simon
1505 650 1875 713 cognomento
1898 638 2059 693 Zelo-

466 751 573 808 tes,
597 741 717 812 pari
740 740 1007 795 nimirum
1041 737 1237 808 primis
1263 736 1473 806 pietate
1509 732 1564 786 in
1606 730 1899 786 Dominum
1950 743 2057 782 no-

469 835 740 896 bilitatus,
774 832 873 903 qui
917 841 1100 886 tamen
1135 827 1328 900 majori
1378 824 1609 895 reliquis
1635 823 1852 879 fervore
1887 835 2059 875 orna-

426 930 429 935 ⁴
468 938 578 993 tus,
605 927 712 981 rite
740 925 959 981 Zelotes
983 922 1061 991 (id
1090 930 1196 982 est,
1223 919 1533 984 aemulator)
1564 915 1774 970 audiat.
1828 914 1885 968 ld
1909 913 2058 968 enim

465 1028 555 1075 est
578 1018 732 1073 zelus
769 1031 868 1071 seu
903 1012 1205 1075 aemulatio,
1235 1024 1431 1080 nempe
1473 1008 1659 1063 fervor
1687 1022 1814 1062 cum
1842 1005 2057 1060 ratione

467 1124 714 1180 saneque
746 1106 983 1163 consilio
1025 1101 1254 1179 honoris
1308 1098 1403 1154 Dei
1432 1112 1599 1152 causa
1644 1110 1933 1159 accensus,
1990 1108 2058 1148 ac

467 1202 597 1257 ﬁdei
636 1210 883 1255 tutamen
916 1205 1242 1263 certumque
1282 1188 1600 1261 praesidium
1636 1196 1925 1258 praestans.
1955 1185 2058 1240 Hic

467 1309 572 1350 nos
593 1292 761 1347 hodie
811 1291 964 1345 claro
1011 1284 1289 1357 praeconio
1337 1281 1560 1352 lenique
1608 1294 1677 1363 ac
1718 1278 1937 1349 placido
1986 1278 2056 1332 ad

468 1384 729 1450 mysticas
773 1380 972 1436 invitat
997 1377 1190 1447 epulas
1220 1391 1235 1428 :
1272 1389 1443 1443 seque
1480 1372 1599 1441 ipse
1644 1377 1907 1439 tanquam
1933 1368 2056 1438 Opi-

466 1491 655 1548 param
681 1489 745 1529 ac
782 1468 1130 1543 splendidam
1164 1480 1411 1520 mensam
1446 1476 1754 1533 apponens,
1786 1474 2057 1529 suamque

465 1578 711 1628 crucem,
745 1577 809 1617 ac
834 1560 1041 1631 quibus
1066 1555 1316 1612 cruciﬁxi
1346 1568 1515 1609 causa
1549 1551 1773 1606 functus
1793 1560 1899 1615 est,
1933 1566 2056 1605 cru-

463 1659 737 1714 ciamenta
768 1661 1030 1723 recteque
1048 1650 1195 1706 facta
1220 1664 1289 1703 ac
1316 1646 1555 1701 virtutes
1585 1643 1737 1699 velut
1765 1644 2059 1698 immorta-

2161 550 2273 604 τῶν
2299 551 2518 604 πάντων
2549 550 2956 621 περισσοτέρως
2984 550 3392 621 κατωρθώσατο
3412 550 3751 621 γνωριζόμε-

2160 660 2271 707 νος.
2306 644 2491 714 Σίμων
2514 643 2546 697 6
2574 642 2910 714 καλούμενος
2951 642 3212 713 Ζηλωτής
3231 660 3246 674 ·
3279 642 3477 715 ἐπίσης
3508 644 3608 711 μὲν
3639 645 3752 708 τοῖς

2159 732 2400 805 πρώτοις
2422 737 2490 805 τῇ
2526 735 2609 798 εἰς
2632 734 2725 789 τὸν
2760 734 2966 806 Κύριον
3014 735 3270 807 εύσεὸείᾳ
3305 736 3710 805 σεμνυνόμενος
3731 752 3746 767 ο

2157 826 2367 881 πλείονι
2390 827 2449 880 δὲ
2473 827 2582 881 τῶν
2614 826 2789 882 ἀλλων
2803 826 3103 899 θερμότητι
3130 827 3525 897 κοσμούμενος,
3560 828 3751 882 εύστό-

2157 935 2270 989 χως
2297 919 2563 990 κέκληται
2591 920 2877 990 Ζηλωτής·
2918 918 3076 973 τοῦτο
3110 920 3220 991 γάρ
3256 920 3443 991 ζῆλος,
3471 922 3744 992 θερμότης

2157 1011 2302 1066 κατὰ
2325 1012 2669 1082 εὐλογιστίας
2704 1013 2846 1083 ὑπὲρ
2877 1014 2979 1083 τῆς
3019 1011 3114 1066 τοῦ
3149 1013 3285 1067 Θεοῦ
3315 1017 3483 1083 τιμῆς
3507 1015 3747 1069 ἀναπτο-

2160 1104 2320 1175 μένη,
2342 1103 2439 1158 καὶ
2468 1106 2536 1175 τῇ
2575 1104 2757 1159 πίστει
2805 1104 2867 1157 τὸ
2897 1104 3139 1174 ἀσφαλὲς
3170 1105 3547 1177 παρεχομένη.
3575 1101 3747 1171 Οὗτος

2156 1195 2307 1264 ἡμᾶς
2347 1196 2589 1267 σήμερον
2648 1194 2962 1266 διαπρυσίῳ
3009 1196 3332 1268 κηρύγματι
3394 1196 3491 1250 καὶ
3539 1198 3751 1268 ήσυχίῳ

2158 1287 2294 1357 πρὸς
2333 1288 2604 1359 μυστικὴν
2641 1288 2970 1343 πανδαισίαν
3012 1288 3303 1357 συγκαλεῖ·
3344 1288 3538 1342 ἑαυτὸν
3560 1288 3617 1341 δὲ
3648 1307 3748 1342 πο-

2158 1376 2351 1448 λυτελῆ
2384 1379 2480 1431 καὶ⁵
2507 1379 2703 1450 νοεράν
2745 1378 3032 1449 τράπεζαν
3077 1378 3357 1452 προτιθείς
3385 1396 3399 1411 ·
3434 1378 3529 1433 τὸν
3579 1378 3748 1432 αὑτοῦ

2156 1468 2213 1522 δὲ
2237 1468 2490 1537 σταυρὸν,
2517 1470 2614 1523 καὶ
2634 1469 2703 1522 τὰ
2723 1468 2868 1540 ὑπὲρ
2889 1469 2986 1523 τοῦ
3008 1469 3429 1540 ἐσταυρωμένον
3446 1468 3750 1538 παθήματα

2159 1562 2257 1615 καὶ
2288 1562 2763 1633 ἀνδραγαθήματα
2796 1562 2990 1635 ὥσπερ
3021 1564 3276 1633 ἀκήρατα
3307 1561 3750 1633 προῦαλλόμενος

2159 1654 2455 1724 ἐδέσματα,
2494 1656 2553 1707 ἐν
2583 1654 2796 1718 τούτοις
2820 1656 2950 1717 τοὺς
3009 1653 3178 1709 αὐτοῦ
3218 1653 3551 1723 δαιτύμονας
3603 1654 3749 1726 λαμ-

463 1748 545 1802 les
576 1746 748 1817 dapes
776 1743 1041 1807 oﬁerens,
1097 1738 1360 1795 convivas
1394 1749 1526 1790 suos
1557 1748 1724 1804 quam
1747 1733 2055 1789 lautissime

2164 1746 2317 1818 πρῶς
2341 1748 2422 1801 ὅτι
2459 1746 2695 1818 μάλιστα
2726 1747 2995 1813 δεξιοῦται
3020 1748 3115 1802 καὶ
3148 1747 3543 1819 φιλοτιμεῖται.

462 1838 666 1909 accipit
693 1852 759 1893 ac
780 1835 976 1901 habet.

533 1930 670 1998 Quis
690 1944 804 1984 non
834 1926 1005 1999 igitur
1047 1932 1252 1995 praesto
1299 1921 1369 1978 ad
1421 1921 1828 1978 solemnitatem
1862 1934 2058 1975 occur-

463 2024 589 2081 rat?
641 2022 780 2090 Quis
833 2020 907 2075 ita
954 2017 1164 2089 segnis,
1208 2016 1283 2071 ita
1329 2016 1611 2087 negligens
1658 2028 1724 2069 ac
1768 2027 2053 2075 morosus;

462 2117 662 2188 quisve
690 2114 773 2169 sic
797 2111 981 2167 mollis
1009 2108 1289 2178 animique
1309 2108 1548 2171 solutus,
1574 2114 1636 2161 ut
1658 2102 1885 2160 delicias
1911 2104 2058 2174 ejus-

465 2207 640 2274 modi,
671 2215 734 2261 ut
760 2212 965 2260 tantam
992 2201 1400 2273 iucunditatem
1426 2198 1703 2267 talemque
1737 2195 2057 2251 convivato-

466 2317 586 2357 rem
621 2294 1050 2366 contempserit?
1082 2293 1178 2364 qui
1202 2294 1418 2361 [nempe
1446 2290 1615 2358 {ﬁlius
1652 2288 1899 2343 hominis
1927 2300 2056 2342 cum

465 2401 636 2458 esset,
673 2406 738 2446 ac
770 2391 975 2445 bonam
1029 2386 1273 2440 animam
1322 2382 1556 2438 sortitus
1606 2380 1824 2447 fuisset,
1878 2394 2055 2449 usque

465 2488 607 2543 adeo
633 2492 892 2552 tantaque
915 2478 1201 2550 diligentia
1237 2477 1480 2546 seipsum
1509 2472 1780 2539 excoluit,
1808 2472 2056 2543 legisque

465 2575 817 2635 documentis
845 2589 911 2629 ac
937 2570 1127 2643 gratiae
1148 2569 1367 2640 placitis
1388 2567 1645 2633 absolvit,
1673 2575 1737 2621 ut
1768 2564 1867 2621 Dei
1906 2564 2056 2621 ﬁlius

464 2672 780 2728 efliceretur
804 2680 869 2720 ac
902 2662 1319 2717 evistimaretur
1351 2658 1415 2713 ".

538 2762 719 2819 Vultis
773 2766 830 2814 et
880 2755 1190 2826 dlsciplina:
1243 2750 1493 2815 modum,
1540 2764 1651 2821 quo
1707 2748 1776 2804 ad
1835 2748 2053 2805 Patrem

465 2871 629 2912 suum
652 2859 949 2924 provectus
987 2855 1094 2913 est,
1125 2845 1375 2901 discere?
1412 2844 1620 2899 Praesto
1670 2856 1795 2897 sum
1827 2850 1889 2896 ut
1916 2856 2055 2911 pau-

465 2949 548 3006 cis
580 2946 813 3002 referam
839 2960 853 2997 :
892 2957 963 2996 ac
996 2953 1184 3008 quaeso
1214 2951 1409 2991 aurem
1440 2936 1705 2991 solertem
1738 2942 1905 3005 atque
1932 2932 2057 2987 ani-

466 3059 621 3099 mum
654 3036 1090 3095 accommodate.
1124 3032 1221 3087 Ille
1245 3029 1510 3084 nimirum
1539 3025 1817 3097 morigero
1862 3023 2056 3080 auditu

2229 1919 2327 1983 Τίς
2354 1919 2446 1973 οὖν
2487 1920 2587 1973 ούκ
2614 1921 2919 1990 ἀπαντήσει
2965 1923 3103 1993 πρὸς
3133 1924 3236 1995 τὴν
3265 1926 3614 1997 πανήγυριν;
3650 1925 3750 1991 Τίς

2156 2008 2301 2064 οὕτω
2348 2012 2611 2082 ῥᾴθυμος,
2640 2011 2817 2077 οὕτως
2847 2014 3056 2085 ἀμελής
3096 2032 3156 2069 τε
3198 2016 3294 2071 καὶ
3336 2017 3747 2089 ύπεροπτικόςς

2155 2102 2241 2165 τίς
2271 2102 2327 2154 δὲ
2351 2099 2577 2173 ’χαῦνος
2604 2103 2751 2159 οὕτω
2806 2106 2903 2160 καὶ
2953 2107 3331 2179 ἐκλελυμένος,
3364 2110 3444 2172 ὡς
3492 2111 3751 2181 τοιαύτης

2157 2194 2391 2265 τρυφῆς,
2425 2196 2682 2267 τοιαύτης
2710 2199 3075 2271 τερπνότητος
3101 2201 3197 2255 καὶ
3226 2202 3545 2273 ἑστιάτορος
3564 2203 3744 2257 τοιού-

2155 2302 2251 2339 του
2280 2288 2651 2357 παραμελεῖν;
2702 2288 2762 2352 ὃς
2801 2288 2930 2353 Υίὺς
2973 2290 3050 2344 ὣν
3079 2291 3397 2363 ἀνθρώπου,
3440 2297 3536 2350 καὶ
3572 2296 3751 2367 ψυχῆς

2157 2375 2337 2447 λαχὼν
2364 2376 2599 2447 ἀγαθῆς,
2634 2377 2728 2432 ἐπὶ
2778 2378 3037 2435 τοσοῦτον
3084 2382 3280 2436 ἑαυτὸν
3312 2384 3381 2438 δι’
3428 2387 3751 2455 ἐπιμελείας

2158 2467 2522 2540 ἑξησκήσατο,
2562 2471 2774 2525 καὶτοῦ
2813 2472 2981 2542 νόμου
3009 2476 3124 2537 τοῖς
3154 2477 3614 2547 παραγγέλμασι,
3656 2481 3750 2533 καὶ

2157 2564 2270 2625 τοῖς
2297 2562 2395 2633 τῆς
2424 2562 2645 2635 χάριτος
2674 2564 2912 2635 δόγμασι
2930 2568 3285 2639 κατήρτιστο,
3318 2570 3396 2635 ὡς
3420 2571 3552 2626 Υίὸν
3577 2589 3751 2627 κατα-

2160 2654 2351 2724 στῆναι
2375 2656 2473 2709 καὶ
2501 2655 2821 2727 λογισθῆναι
2861 2658 3023 2714 Θεοῦ.

2229 2744 2499 2800 Βούλεσθε
2544 2746 2642 2802 καὶ⁸
2678 2750 2773 2802 τὸν
2808 2750 3012 2822 τρόπον
3052 2751 3154 2823 τῆς
3185 2753 3545 2827 ἀναγωγικῆς
3580 2756 3747 2812 αὑτοῦ

2158 2837 2299 2908 πρὸς
2342 2838 2435 2891 τὸν
2484 2837 2704 2911 Πατέρα
2754 2843 3036 2908 πολιτείας
3069 2846 3293 2914 μαθεῖν;
3332 2848 3596 2920 Ἐτοιμος
3627 2851 3750 2904 ἐπι-

2158 2932 2347 2998 τεμεῖν
2370 2930 2517 2999 ὲγὼο
2548 2934 2643 2986 καί
2679 2952 2770 3004 μοι
2812 2936 3031 2991 συνετὸν
3070 2937 3164 3002 οῦς
3187 2941 3284 2993 καὶ
3330 2940 3576 2998 διάνοιαν
3616 2943 3750 2996 ύπο-

2163 3024 2331 3091 σχεῖν.
2376 3021 2614 3091 Ἐκεῖνος
2651 3025 2791 3096 ἀκοῇ
2826 3026 2927 3096 μὲν
2957 3027 3223 3093 εύπειθεῖ,
3254 3029 3533 3104 διανοίᾳδὶ
3557 3035 3741 3103 πιστῇ,

466 3150 532 3191 ac
562 3131 711 3187 ﬁdeli
745 3136 931 3185 mente
963 3125 1153 3182 divina
1179 3122 1431 3185 edoctus,
1490 3119 1923 3189 intelligensque
1952 3118 2054 3172 Do-

2164 3112 2229 3165 τά
2271 3112 2431 3167 ἔνθεα
2468 3113 2628 3182 λόγια
2660 3114 2756 3169 τοῦ
2811 3117 3019 3189 Κυρίου
3054 3119 3282 3185 συνιεὶς,
3336 3123 3436 3174 καὶ
3486 3123 3748 3194 νηπιόθεν

467 3226 605 3283 mini
643 3222 888 3286 oracula,
920 3228 1085 3288 atque
1137 3216 1254 3270 haec
1277 3229 1307 3268 a
1348 3227 1527 3284 puero
1554 3212 1611 3266 in
1642 3211 1891 3265 animum
1921 3223 2057 3264 con-

466 3331 684 3389 gerens,
739 3314 1007 3368 hactenus
1058 3306 1282 3377 quidem
1329 3319 1433 3358 ceu
1460 3300 1776 3356 rudimento
1812 3300 1933 3369 lege
1973 3297 2059 3352 in-

466 3408 844 3470 stituebatur;
879 3399 1310 3466 carualibusque
1330 3389 1831 3466 justiﬁeationihus
1863 3405 1928 3445 ac
1958 3390 2056 3443 lit-

471 3510 603 3555 terae
657 3490 1062 3564 imperfectioni
1120 3500 1333 3542 navans
1387 3498 1652 3553 operam,
1717 3481 1887 3548 inque
1951 3478 2060 3535 illis

468 3601 759 3651 exercens,
791 3584 859 3639 ad
891 3580 1080 3654 gratiae
1114 3575 1513 3649 perfectionem
1545 3570 1983 3643 pmparabatur.

541 3679 682 3748 Quia
722 3692 855 3732 vero
913 3672 1008 3745 qui
1059 3671 1303 3725 litteram
1346 3668 1652 3738 abrogaret
1706 3672 1764 3720 et
1800 3663 2057 3734 spiritum

468 3776 902 3833 consummaret,
928 3774 1158 3821 venerat
1184 3779 1199 3817 :
1229 3778 1293 3816 ac
1312 3761 1554 3815 lucerna:
1575 3757 1801 3829 quidem
1833 3754 2057 3811 lucendi

470 3878 689 3935 tempus
735 3865 1077 3922 excesserat,
1126 3854 1358 3927 iustitia:
1410 3861 1591 3908 autem
1622 3852 1713 3907 Sol
1754 3851 2053 3915 illuxerat;

466 3967 635 4027 atque
672 3952 854 4009 noctis
881 3968 947 4007 se
989 3946 1253 4004 maestitia
1301 3945 1673 4008 subducente,
1702 3944 1817 4016 jam
1868 3944 2059 3999 oriens

466 4062 715 4107 summos
750 4044 1021 4102 montium
1038 4040 1281 4096 vertices
1314 4037 1652 4105 illustrabat;
1687 4053 1797 4093 non
1816 4037 2058 4107 amplius

468 4139 662 4211 ﬁguris
701 4135 1024 4204 umbrisque
1050 4129 1305 4185 distineri
1340 4127 1646 4184 sustinuit:
1675 4142 1786 4182 non
1817 4134 1879 4180 ut
1901 4124 2061 4180 dein-

469 4247 603 4303 ceps
634 4229 931 4301 paedagogo
954 4223 1147 4280 afﬁxus
1191 4222 1381 4291 illique
1416 4218 1681 4275 assiduus
1711 4228 1884 4280 esset,
1923 4232 2061 4286 ope-

471 4339 549 4377 rae
573 4319 812 4388 pretium
848 4315 1007 4371 duxit
1035 4331 1049 4368 :
1087 4312 1185 4368 sed
1218 4310 1372 4381 gravi
1402 4310 1498 4365 illo
1514 4309 1656 4381 jugo
1682 4307 1927 4363 humeris
1960 4322 2061 4361 ex-

470 4424 658 4477 cusso,
688 4411 880 4481 iugum
919 4403 1168 4476 magistri
1198 4417 1376 4457 suave
1412 4400 1707 4471 imposuit;
1762 4406 2060 4470 spretoque

2162 3204 2304 3259 αὐτὰ
2337 3204 2661 3277 συμϐάλλων
2706 3209 2774 3278 τῇ
2809 3209 3031 3281 καρδίᾳ,
3062 3211 3201 3276 τέως
3244 3213 3345 3282 μὲν
3385 3214 3750 3285 ἔστοιχειοῦτο

2160 3296 2239 3367 τῷ
2268 3295 2439 3368 νόμῳ,
2475 3297 2571 3351 καὶ
2598 3299 2712 3362 τοῖς
2736 3302 2837 3371 τῆς
2864 3301 3065 3373 σαρκὸς
3098 3302 3432 3375 δικαιώμασι
3464 3306 3747 3381 παιδοτρι-

2162 3385 2449 3457 6ούμενος,
2488 3388 2584 3441 καὶ
2611 3391 2679 3461 τῇ
2713 3389 2935 3463 ἀτελείᾳ
2969 3391 3067 3447 τοῦ
3093 3394 3426 3466 γράμματος
3464 3397 3747 3471 ἑγγυμνα-

2161 3476 2427 3547 ζόμενος,
2483 3480 2622 3552 πρὸς
2676 3481 2778 3554 τήν
2830 3484 2935 3555 τῆς
2971 3486 3196 3557 χάριτος
3236 3488 3551 3560 τελειότητα
3603 3508 3749 3563 παρ·-

2159 3571 2507 3635 εσκευάζετο.

2244 3659 2467 3734 Ἐπειδὴ
2515 3662 2571 3717 δὲ
2603 3665 2633 3718 6
2676 3664 2771 3719 τοῦ
2820 3665 3152 3739 γράμματος
3197 3668 3472 3742 ἀθετητὴς
3519 3672 3613 3727 καὶ
3650 3672 3746 3727 τοῦ

2158 3751 2473 3824 πνεύματος
2502 3750 2607 3827 ἧκε
2638 3755 2935 3830 τελειωτής
2960 3777 2974 3791 ·
3014 3762 3109 3815 καὶ
3140 3760 3219 3832 τῷ
3249 3762 3427 3834 λύχνῳ
3464 3766 3566 3836 μὲν
3597 3767 3627 3819 6
3652 3767 3747 3820 τοῦ

2160 3843 2374 3912 φαίνειν
2408 3844 2597 3916 ἐξήκει
2636 3848 2855 3919 καιρὸς,
2884 3851 2914 3903 6
2951 3850 3143 3915 Ἥλιος
3174 3852 3231 3905 δὲ
3268 3853 3367 3923 τῆς
3393 3854 3748 3924 δικαιοσύνης

2160 3934 2410 4006 ἐπεφάνη
2428 3952 2442 3967 '
2479 3938 2572 3991 καὶ
2609 3938 2642 4010 ἠ
2674 3941 2950 4010 κατήφεια
2977 3943 3077 4011 μὲν
3099 3942 3373 4015 ὑπεχώρει
3402 3944 3504 4015 τῆς
3532 3949 3747 4016 νυκτὸς,

2161 4027 2196 4098 ή
2220 4027 2454 4100 ἀνατολὴ
2479 4028 2536 4082 δὲ
2556 4030 2658 4100 ἤδη
2674 4030 2774 4094 τάς
2801 4032 3113 4102 ἀκρωρείας
3144 4036 3538 4107 κατεφώτιζεν,
3568 4041 3750 4095 οὐκέτι

2160 4118 2273 4179 τοῖς
2304 4116 2495 4182 τύποις
2532 4118 2781 4189 ἠνείχετο
2838 4124 3174 4193 προσμένειν
3219 4125 3314 4179 καὶ
3362 4131 3483 4192 ταῖς
3534 4133 3746 4193 σκιαῖς·

2161 4207 2346 4261 ούκέτι
2388 4207 2469 4280 τῷ
2503 4210 2840 4283 παιδαγωγῷ
2872 4213 3269 4288 προσλιπαρεῖν
3296 4216 3435 4289 ᾤετο
3480 4219 3624 4274 δεῖν·
3659 4221 3750 4275 τὸν

2162 4294 2222 4350 δὲ
2262 4296 2433 4368 βαρὺν
2461 4298 2671 4365 ἐκείνου
2718 4300 2883 4368 ζυγὸν
2910 4301 3020 4355 τῶν
3049 4305 3268 4359 οἰκείων
3296 4305 3465 4378 ὤμων
3497 4309 3750 4364 ἀπωθούο

2169 4403 2349 4458 μενος,
2387 4388 2478 4442 τὸν
2520 4388 2615 4443 τοῦ
2667 4389 2994 4447 διδασκάλου
3033 4396 3272 4466 χρηστὸν
3316 4400 3747 4471 ὲπεφορτίζετο·

471 4480 914 4558 circumcisionis
944 4494 1196 4550 modesto
1221 4506 1412 4558 onere,
1434 4491 1556 4546 leve
1578 4488 1764 4562 gratiae
1781 4505 1922 4545 onus
1940 4490 2055 4545 ele-

2167 4480 2263 4536 καὶ
2282 4480 2344 4535 τὸ
2362 4481 2645 4538 δύσοιστον
2682 4484 2849 4556 ἄχθος
2895 4487 2996 4558 τῆς
3024 4492 3333 4563 περιτομῆς
3366 4493 3660 4565 ὑπεριδὼν,
3692 4493 3752 4547 τὸ

472 4595 585 4665 git;
617 4606 683 4647 ac
712 4589 909 4645 relicto
932 4586 1103 4652 lose,
1145 4590 1438 4640 vocantem
1466 4581 1653 4637 Iesum
1678 4589 1903 4636 secutus
1928 4588 2013 4636 est
2039 4595 2054 4633 :

471 4684 569 4755 qui
589 4680 854 4737 nimirum
877 4692 992 4734 suae
1036 4676 1114 4731 illi
1143 4673 1336 4746 gratiae
1360 4672 1548 4727 radios
1572 4669 1885 4733 aﬁ'undens,
1923 4686 2056 4741 pro-

471 4775 717 4845 priaeque
767 4768 954 4843 gloria-
986 4783 1050 4823 ac
1099 4764 1402 4838 maiestatis
1455 4777 1677 4819 sensum
1727 4762 2056 4825 immittens,

469 4873 635 4934 atque
662 4875 881 4918 sursum
916 4858 1152 4913 ducente
1178 4853 1611 4926 spiritaliorique
1636 4867 1830 4907 amore
1851 4851 2059 4906 subve-

471 4956 632 5020 hens,
665 4970 731 5009 ac
752 4950 982 5008 indubia
1013 4948 1349 5005 confirmans
1395 4943 1523 5009 ﬁde,
1559 4942 1823 5015 regnique
1852 4942 2057 5013 praedi-

470 5048 579 5104 cati
608 5061 705 5117 spe
742 5041 1129 5111 desiderioque
1183 5036 1560 5101 contendens,
1593 5035 1699 5090 sibi
1739 5041 1917 5089 totum
1949 5032 2057 5087 ad-

471 5139 701 5194 dixisset
721 5151 786 5192 ac
816 5133 1175 5197 devinxisset,
1216 5126 1590 5185 subtilissima:
1626 5126 1829 5180 mentis
1868 5125 2057 5180 eleva—

470 5232 718 5288 tionibus
768 5218 1304 5293 abstrusissimisque
1345 5217 1913 5290 contemplationibus
1946 5216 2056 5273 sibi

466 5338 596 5379 eum
615 5320 921 5377 concilians
939 5328 1263 5388 aptatasque.

542 5506 752 5576 Duplici
802 5520 938 5561 vero
979 5504 1095 5575 jam
1147 5501 1383 5563 ratione,
1426 5498 1511 5556 vir
1569 5498 1922 5556 beatissimus
1980 5500 2057 5557 illi

471 5600 715 5656 animum
755 5597 1081 5663 attendens,
1136 5611 1200 5652 ac
1235 5608 1468 5663 corpore
1498 5591 1745 5664 quidem,
1796 5593 2057 5664 quodque

547 5781 590 5812 "
626 5779 753 5839 Sal).
800 5794 924 5847 vm,
955 5781 1044 5837 l9.

2159 4572 2395 4643 ἐλαφρὸν
2429 4574 2529 4644 τῆς
2578 4574 2803 4647 χάριτος
2832 4578 3087 4649 ᾑρέτισεν
3111 4596 3127 4613 ·
3169 4582 3265 4636 καὶ
3294 4582 3389 4638 τὸν
3413 4585 3625 4655 Maio-iw
3651 4602 3753 4639 κα·-

2159 4664 2426 4728 ταλιπὼν.
2449 4665 2626 4721 ὀπίσω
2646 4668 2741 4723 τοῦ
2778 4669 2953 4741 Ἰησοῦ
2974 4672 3270 4739 καλοῦντος
3288 4675 3599 4746 ἠκολούθει.
3631 4680 3750 4743 Ὃς.

2164 4757 2333 4812 αὑτοῦ
2363 4761 2431 4831 τῇ
2465 4760 2667 4833 καρδίᾳ
2695 4762 2795 4835 τήν
2819 4764 3028 4820 οίκείαν
3060 4767 3410 4839 ὲναστράψας
3440 4771 3625 4842 χάριν,
3660 4770 3759 4827 καὶ

2163 4849 2267 4921 τῆς
2297 4850 2434 4915 ιδίας
2478 4850 2641 4923 δόξης
2672 4854 2826 4927 αύτῷ
2877 4858 2972 4911 καὶ
3013 4859 3439 4933 μεγαλειότητος
3497 4862 3755 4934 αἴσθησιν

2163 4942 2489 5013 ἐνθέμενος,
2517 4947 2614 5000 καὶ
2660 4947 2741 5019 τῷ
2792 4950 3066 5022 ἀναγωγῷ
3094 4953 3261 5023 ἔρωτι
3291 4954 3619 5027 πτερώσας,
3660 4957 3758 5012 καὶ

2166 5036 2233 5104 τῇ
2260 5033 2557 5108 ἀδιακρίτῳ
2586 5039 2770 5093 πίστει
2817 5039 3125 5110 βεϐαιώσας
3148 5086 3162 5109 ,
3194 5046 3292 5099 καὶ
3338 5048 3406 5118 τῇ
3444 5047 3622 5102 ἑλπίδι
3654 5047 3757 5117 τῆς

2166 5126 2588 5198 κηρυσσομένης
2643 5130 2938 5185 συντείνων
2996 5131 3320 5202 βασιλείας,
3378 5137 3581 5191 ἑαυτοῦ
3632 5138 3754 5192 ὅλον

2161 5214 2461 5285 ἐποιήσατο
2508 5218 2606 5272 καὶ
2650 5221 3007 5293 κατεδήσατο,
3042 5228 3409 5295 νοερωτάταις
3447 5230 3617 5284 αὐτὸν
3664 5231 3755 5283 ἀνα

2158 5306 2430 5375 αγωγίαις
2472 5309 2569 5362 καὶ
2619 5314 3066 5380 μυστικωτάταις
3106 5317 3287 5389 ἑαυτῷ
3327 5318 3587 5392 θεωρίαις
3615 5338 3754 5391 μνη-

2160 5398 2485 5470 στευόμενος
2516 5400 2615 5455 καὶ
2645 5404 3044 5475 ἁρμοζόμενος.

2229 5503 2363 5575 Διχῆ
2412 5504 2469 5559 δὲ
2505 5505 2691 5562 λοιπὸν
2729 5510 2758 5561 ό
2790 5511 3214 5582 μακαριώτατος
3261 5517 3551 5587 προσέχων
3578 5516 3754 5587 αύτῷ,

2159 5596 2256 5650 καὶ
2287 5595 2504 5670 σώματι
2539 5601 2642 5672 μὲν
2674 5600 2771 5656 καὶ
2805 5601 2869 5656 τδ
2911 5603 3213 5677 ὁρώμενον,
3247 5608 3365 5664 υἱὸν
3410 5610 3627 5683 ἀληθῶς
3648 5609 3757 5666 ἀν·-
