4040 6382
332 399 436 468 241

1079 412 1367 475 ORATIO
1402 413 1538 474 XII.
1563 440 1639 454 --
1665 417 1750 480 IN
1789 415 2102 480 LAUDEM
2143 418 2205 476 S.
2247 414 2564 477 SIMOle
2601 413 2861 474 APOST.

3493 407 3609 472 ἓίῖ

329 520 579 592 θρώποη,
611 525 882 595 πνεύματι
915 527 972 581 δὲ
1001 529 1094 582 καὶ
1136 529 1198 582 τὸ
1243 529 1557 598 νοούμενον,
1595 529 1728 583 Υίδν
1771 528 1909 582 Θεοῦ

2035 527 2190 583 ιοιιΙίε
2216 526 2492 597 obiectum
2515 535 2658 590 erat,
2689 541 2818 579 vere
2852 523 3024 578 ﬁlium
3073 521 3349 588 hominis;
3399 518 3598 590 spiritu

331 611 473 664 κατὰ
525 613 685 680 φύσιν
711 615 887 687 ὁρῶνο
917 617 1018 686 τὴν
1051 616 1278 686 διπλόην
1315 617 1371 669 δὲ
1410 616 1520 670 τῶν
1570 615 1789 686 φύσεων
1841 618 1908 687 τῇ

330 704 440 759 τῶν
463 707 756 776 ἐνεργειῶν
806 709 1002 782 διπλόη
1046 710 1518 780 τεκμαιρόμενος’
1564 709 1661 763 καὶ
1690 709 1778 762 διὰ
1815 709 1910 762 πίο

331 811 500 860 στεως
538 799 638 867 μὲν
689 799 786 869 τὴν
824 800 1036 872 ὑψηλὴν
1074 802 1310 872 θεωρίαν
1341 802 1546 872 ταύτην
1579 801 1914 873 βεόαιούμε-

329 901 454 950 νος,
496 887 586 940 διὰ
617 887 852 959 θεωρίας
895 891 955 944 δὲ
1001 891 1166 944 πάλιν
1199 892 1298 963 τὴν
1343 893 1528 947 πίστιν
1569 894 1912 964 κρατυνόμε-

327 993 418 1038 νος
440 1017 456 1042 ,
491 978 697 1050 ζωτικῇ
741 981 800 1035 δέ
841 999 948 1036 τινι
977 983 1292 1055 συμπαθείᾳ
1323 985 1419 1038 καὶ⁵
1446 985 1610 1056 νοερᾷ
1663 985 1912 1056 φιλότητι

327 1069 407 1138 τῷ
439 1070 800 1145 θεωρουμένῳ
845 1075 1227 1145 συμφυόμενος
1252 1077 1348 1130 καὶ
1378 1077 1759 1148 συνδεόμενος,
1815 1076 1913 1130 καὶ

328 1160 409 1232 τῷ
456 1162 535 1234 νῷ
582 1162 886 1236 λεληθότως
916 1167 1322 1238 συνενούμενος.
1355 1168 1478 1223 κατ’
1513 1169 1704 1223 οὐδένα
1730 1168 1916 1223 λοιπὸν

329 1253 522 1307 τούτου
541 1255 780 1326 διῃρεῐτο
806 1258 1007 1330 τρόπον
1025 1275 1041 1290 ο
1080 1259 1205 1314 οὔτε
1231 1261 1324 1314 τὸν
1352 1260 1481 1314 νοῦν
1513 1261 1614 1330 τῆς
1639 1263 1917 1332 ἀγαπητι-

331 1341 435 1411 κῆς
465 1345 815 1418 μνημοσύνης
840 1347 1239 1417 ἀποσπώμενος
1258 1387 1274 1412 ,
1311 1348 1436 1402 οὔτε
1464 1349 1524 1402 δὲ
1547 1348 1648 1420 τὴν
1673 1363 1918 1418 σώματι⁶

332 1435 436 1506 κὴν
463 1436 588 1506 ὄψιν
619 1438 1035 1505 ἀπολείπεσθαι,
1057 1440 1141 1494 ὅτι
1185 1439 1262 1512 μὴ
1317 1441 1470 1495 πᾶσα
1514 1441 1730 1512 ἀνάγκη
1781 1455 1916 1493 κατ·

330 1526 500 1593 αξιῶν
523 1529 617 1583 τοῦ
637 1529 999 1601 ποθουμένου.

403 1704 472 1758 Ἀ
483 1721 561 1775 μα
588 1703 721 1773 γοῦν
753 1705 928 1778 ἀρχὴν
959 1704 1063 1776 τῆς
1094 1703 1304 1760 ἄνωθεν
1349 1705 1594 1777 κλήσεως
1631 1705 1727 1760 καὶ
1776 1705 1916 1761 ἀπο-

332 1795 586 1865 στολικῆς
624 1795 855 1866 ἐκλογῆς
905 1796 1251 1868 κατηξιοῦτο,
1301 1799 1398 1852 καὶ
1431 1796 1542 1852 τῶν
1587 1797 1764 1865 λόγων
1817 1796 1919 1867 τῆς

2013 626 2198 671 autem
2236 627 2292 671 et
2336 623 2603 686 quantum
2658 630 2816 669 mens
2868 615 3211 684 penetrabat,
3248 613 3346 667 Dei
3401 612 3608 666 Filium

2016 716 2232 772 natura,
2272 706 2617 777 conspiciens
2639 745 2655 770 ,
2686 720 2866 776 exque
2891 703 3099 774 duplici
3123 703 3466 774 Operatione,
3496 701 3589 755 du-

2015 800 2213 868 plicem
2241 809 2494 854 naturam
2524 798 2858 870 conjiciens,
2905 812 2970 852 ac
2996 796 3123 852 ﬁdei
3155 795 3380 867 quidem
3417 795 3597 866 praesi-

2015 889 2131 951 dio,
2161 889 2452 944 sublimem
2497 889 2640 944 banc
2669 888 3192 959 contemplationem
3248 885 3603 950 conﬁrmans,

2017 992 2320 1046 rursusque
2363 976 2849 1048 contemplationis
2900 975 3200 1048 sagacitate
3245 975 3410 1029 ﬁdem
3443 973 3598 1027 robe-

2017 1084 2187 1126 rans:
2221 1069 2461 1140 quadam
2509 1069 2750 1141 denique
2790 1069 2940 1125 vitali
2967 1067 3381 1125 necessitudine
3409 1066 3606 1124 animi-

2016 1178 2126 1232 que
2146 1162 2526 1234 propensioris
2564 1161 2975 1225 benevolentia,
3019 1160 3071 1216 ei
3124 1158 3219 1230 qui
3251 1155 3605 1220 cernebatur,

2017 1255 2397 1311 cohaerescens
2425 1253 2850 1324 devinctusque,
2892 1267 3107 1307 necnon
3135 1251 3434 1306 secretiore
3461 1265 3610 1303 nexu

2020 1341 2101 1399 illi
2133 1353 2319 1401 mente
2349 1345 2558 1411 unitus,
2595 1345 2747 1400 nulla
2772 1345 3035 1414 deinceps
3060 1343 3276 1398 ratione
3298 1342 3368 1396 ab
3401 1357 3469 1397 eo
3494 1340 3608 1396 dis-

2013 1434 2381 1506 jmgebatur;
2435 1435 2531 1505 qui
2563 1450 2745 1505 neque
2775 1436 2983 1496 animo.
3021 1442 3241 1488 amante
3293 1431 3456 1486 avelli
3491 1446 3609 1486 me-

2020 1525 2213 1590 moria,
2236 1540 2339 1581 nec
2367 1525 2640 1596 corporali
2680 1525 2803 1596 ipso
2832 1523 3133 1581 desiderati
3180 1531 3406 1594 aspectu
3437 1520 3610 1577 desti-

2023 1616 2126 1681 tui,
2168 1625 2266 1671 aut
2287 1632 2503 1673 summa
2525 1617 2618 1672 vix
2641 1618 2997 1682 necessitate,
3033 1625 3339 1688 pateretur.

2091 1708 2266 1765 Simul
2300 1710 2470 1781 igitur
2513 1710 2727 1766 scelesti
2781 1710 3023 1780 primum
3065 1707 3354 1763 vocatione
3379 1722 3444 1761 ac
3481 1721 3612 1775 apo-

2031 1800 2226 1857 stolica
2274 1799 2530 1872 dignatus
2574 1801 2887 1868 electione,
2940 1813 3369 1868 sermonumque
3425 1796 3614 1868 gratiae

328 1884 551 1953 χάριτος
579 1885 799 1956 ᾔσθετο,
826 1888 922 1940 καὶ
949 1887 1048 1960 τὴν
1077 1888 1188 1942 τῶν
1215 1888 1394 1959 εργων
1415 1889 1646 1960 δύναμιν
1670 1889 1918 1953 τεθέατο,

2035 1899 2285 1962 percepto
2336 1905 2504 1946 sensu
2553 1899 2718 1960 atque
2767 1903 2998 1959 operum
3051 1899 3351 1958 conspecta
3383 1890 3612 1952 virtute,

327 1973 618 2046 νεκροῦται
661 1977 762 2046 μὲν
799 1977 1002 2032 αὐτίκα
1055 1977 1136 2048 τῷ
1191 1979 1386 2049 κόσμῳ
1425 1981 1612 2045 παντὶ,
1670 1979 1822 2050 μόνῳ
1857 1978 1918 2033 δι

327 2065 561 2129 ζωοῦται
613 2068 857 2140 Χριστῷ.
893 2069 1204 2141 Νεκροῦται
1260 2069 1501 2140 γονεῦσι,
1535 2072 1778 2137 οίκείοις,
1831 2073 1921 2142 φί-

323 2159 460 2236 λοες,
498 2161 766 2230 κτήμασι,
802 2162 1074 2232 χρήμασι,
1107 2163 1206 2216 καὶ
1234 2163 1403 2216 παντὶ
1430 2163 1722 2218 συνελόντα
1752 2164 1920 2233 φάναι

323 2250 404 2318 τῷ
451 2251 610 2306 αἰῶνι
658 2251 819 2322 τῷδε,
863 2255 976 2327 καὶ-
1017 2256 1129 2317 τοῖς
1158 2255 1218 2308 ὲν
1263 2254 1412 2326 αὐτῷ
1458 2254 1826 2327 σταυρωθείςο
1856 2256 1919 2309 οὐ

329 2345 492 2416 μόνον
520 2346 601 2410 δὲ,
633 2345 772 2399 ἀλλὰ
795 2346 891 2400 καὶ
920 2325 1118 2402 ἑαυτοῦ
1142 2347 1550 2419 ἀλλοτριωθεὶς,
1583 2325 1680 2403 atat
1714 2348 1838 2403 δλον
1859 2349 1924 2403 τδ

329 2441 585 2512 φρόνημα
612 2441 714 2512 τῆς
745 2441 911 2496 αὐτοῦ
942 2443 1145 2514 σαρκὸς
1168 2442 1555 2508 ἀπολωλεκὼς,
1587 2445 1751 2514 μόνου
1775 2443 1923 2512 γίνε-

326 2550 419 2586 ται
448 2532 688 2604 Χριστοῦ
732 2533 932 2605 Ἰησοῦ,
986 2534 1156 2606 μόνης
1180 2535 1348 2589 αὐτοῦ
1397 2537 1499 2605 τῆς
1530 2535 1918 2608 ὑπεραρρήτου

328 2625 424 2678 καὶ
457 2624 878 2696 μυστικωτάτης
898 2625 1192 2694 γενόμενος
1216 2626 1482 2697 καλλονῆς
1525 2629 1623 2682 καὶ
1650 2626 1880 2696 ἀγλαΐας
1900 2643 1917 2658 ο

330 2715 493 2791 μόνον
511 2715 800 2770 ἀναπνέων
831 2715 1016 2782 αὑτὸν,
1053 2717 1219 2787 μόνον
1275 2716 1598 2787 ὑπερτιμῶν
1640 2718 1734 2771 καὶ
1761 2716 1921 2782 δοξά-

327 2808 437 2873 ζων
475 2808 570 2862 καὶ
609 2807 1020 2878 ὑπερευλογῶν,
1072 2806 1194 2870 πῶς
1245 2808 1348 2862 οὐκ
1376 2807 1608 2878 ἔμελλες
1643 2808 1744 2878 τῆς
1773 2809 1921 2862 ἀνω-

329 2899 480 2952 τάτω
528 2897 626 2951 καὶ
657 2899 885 2967 πρώτης
939 2898 1071 2969 παρ’
1102 2896 1253 2968 αὑτῷ
1299 2896 1676 2968 κατηξιῶσθαι
1712 2897 1922 2968 τιμῆς;

329 2985 414 3054 οἷς
461 2988 526 3060 δὴ
580 2990 673 3044 καὶ
719 2989 822 3060 τῆς
852 2989 1165 3060 ἀκροτάτης
1198 2989 1406 3054 τάξεως
1444 2989 1558 3044 τῶν
1608 2989 1924 3044 ἀποστόλων

333 3083 761 3155 κατηξιωμένος,
793 3083 1022 3152 γέγονας
1051 3081 1202 3152 αὺτῷ
1226 3081 1336 3136 τῶν
1363 3082 1583 3153 ὑψηλῶν
1607 3082 1926 3154 μυστηρίων

2021 1980 2171 2035 omni
2206 1980 2390 2037 statim
2422 1979 2632 2036 mundo
2662 1980 2924 2046 moritur,
2967 1979 3181 2050 solique
3226 1977 3448 2034 Christo
3480 1979 3616 2032 vivi-

2023 2072 2241 2128 ﬁcatur.
2298 2072 2533 2127 Moritur
2569 2071 2914 2142 parentibus,
2973 2071 3338 2136 necessariis,
3395 2069 3612 2134 amicis.

2021 2159 2269 2231 pmdiis,
2301 2161 2584 2232 pecuniis;
2637 2163 2901 2232 omnique
2934 2163 3018 2233 (ut
3053 2162 3222 2218 verbo
3249 2160 3456 2226 dicam)
3485 2160 3616 2215 huic

2022 2254 2225 2308 saeculo
2241 2253 2563 2322 cunctisque
2583 2254 2638 2308 in
2660 2254 2756 2308 illo
2776 2252 3075 2310 cruciﬁxus
3103 2271 3115 2308 :
3145 2269 3326 2324 neque
3348 2252 3402 2308 id
3428 2253 3614 2316 modo,

2021 2344 2120 2400 sed
2167 2354 2225 2400 et
2277 2348 2393 2416 ipse
2447 2345 2554 2402 sibi
2602 2346 2816 2400 alienus
2856 2345 3056 2411 factus,
3113 2347 3378 2416 omnique
3431 2346 3617 2401 carnis

2021 2435 2203 2506 ejecto
2234 2451 2399 2491 sensu
2425 2452 2491 2491 ac
2530 2436 2848 2507 prudentia,
2897 2437 3065 2492 unius
3097 2437 3229 2493 Jesu
3270 2436 3477 2492 Christi
3500 2434 3618 2490 elli-

2023 2528 2192 2593 citur,
2225 2543 2331 2582 una
2354 2528 2476 2600 ejus
2511 2543 2678 2599 supra
2704 2544 2869 2599 quam
2903 2543 3106 2584 arcana
3136 2527 3619 2596 sacratissimaque

2023 2621 2439 2691 pulchritudine
2480 2621 2714 2678 aﬁ'ectus
2769 2629 2827 2677 et
2873 2622 3090 2692 gratia:
3152 2635 3391 2691 cumque
3439 2620 3618 2675 solum

2022 2729 2151 2770 eum
2179 2714 2438 2782 spirares,
2477 2715 2656 2772 solum
2689 2714 3091 2786 praemagnilice
3120 2716 3334 2770 celeres
3359 2721 3417 2768 et
3435 2709 3600 2767 lauda

2025 2820 2116 2860 res
2163 2814 2328 2875 atque
2384 2806 2766 2874 benediceres,
2805 2809 2901 2878 qui
2958 2806 3078 2862 ﬁeri
3120 2816 3359 2879 poterat,
3420 2817 3481 2862 ut
3510 2820 3620 2861 non

2024 2897 2170 2967 apud
2199 2913 2352 2964 eum,
2388 2914 2678 2969 supremas
2707 2900 3026 2971 primasque
3056 2901 3286 2956 honoris
3321 2912 3506 2971 partes
3535 2915 3622 2955 as-

2026 2988 2374 3057 sequereris?
2417 2989 2790 3055 Quamobrem
2823 2991 2992 3045 etiam
3045 3006 3306 3061 supremo
3345 2990 3624 3061 apostolo-

2027 3096 2150 3135 rum
2179 3082 2374 3138 ordine
2408 3082 2762 3152 sublimatus,
2791 3086 3114 3142 sublimium
3149 3087 3200 3142 ei
3233 3086 3622 3158 mysteriorum

332 3176 634 3246 ἀκροατὴς,
665 3175 760 3229 καὶ⁸
788 3174 899 3227 τῶν
931 3173 1196 3228 θεοτελῶν
1223 3174 1404 3246 ἔργων
1425 3173 1660 3245 θεατήςο
1696 3175 1926 3244 γέγονας

2035 3173 2273 3242 auditor,
2312 3176 2743 3250 divinorumque
2787 3189 3066 3252 spectator
3118 3197 3353 3252 operum
3404 3181 3624 3238 exstiti-

332 3266 483 3338 αῦτῷ
504 3266 688 3330 δοῦλος
710 3266 1037 3330 πιστότατος
1059 3267 1154 3320 καὶ
1193 3265 1609 3336 φρονιμώτατος
1632 3309 1648 3334 ,
1682 3267 1930 3332 διάκονος

332 3358 722 3431 ένεργέστατος
756 3358 852 3412 καὶ
907 3357 1385 3429 δραστικώτατος,
1437 3359 1642 3429 μᾶλλον
1689 3359 1748 3413 δὲ
1777 3360 1932 3430 φίλος

333 3450 707 3520 ἀληθέστατος
760 3449 858 3526 καὶ
885 3449 1296 3520 δοκιμώτατος·
1334 3451 1432 3505 καὶ
1465 3454 1532 3523 τῇ
1586 3451 1776 3522 χάριτι
1831 3453 1931 3524 μὲν

335 3541 429 3595 τοῦ
464 3542 804 3612 Πνεῦματος,
865 3541 1083 3596 συνέσει
1117 3559 1177 3596 τε
1225 3542 1324 3596 καὶ
1350 3544 1514 3615 σοφίᾳ
1544 3544 1643 3598 καὶ
1674 3545 1798 3608 ταῖς
1833 3543 1932 3599 ἀλ-

341 3636 464 3697 λαις
516 3633 940 3706 ἱεροτελεστίαις
1002 3636 1098 3688 καὶ
1153 3634 1489 3705 δυνάμεσιν,
1549 3635 1767 3699 οὐδενὸς
1820 3635 1932 3690 ἀπ-

339 3713 562 3779 ελείπου
600 3726 712 3780 τῶν
748 3727 1009 3798 μαθητῶν
1032 3741 1050 3760 ⁸
1084 3727 1241 3797 κοινὴ
1285 3727 1393 3798 γάρ
1433 3728 1529 3782 καὶ
1583 3729 1617 3799 ἡ
1646 3727 1790 3801 αὐτῆ
1820 3730 1934 3792 τοῖς

337 3817 548 3873 δώδεκα
581 3819 721 3890 πρὸς
750 3819 844 3873 τοῦ
874 3820 1086 3890 Πατρὸς
1116 3821 1225 3874 τῶν
1255 3820 1453 3890 φώτων
1495 3819 1785 3889 ἐπέλαμπε
1817 3838 1932 3890 φω-

336 3911 610 3979 ταγωγία,
669 3911 892 3982 ἀμέσως
939 3913 1126 3975 αὐτοῖς
1171 3913 1269 3966 xui.
1324 3912 1444 3966 κατ’
1496 3913 1806 3985 ἰσομοιρίαν
1834 3915 1936 3978 τὰς

338 4001 719 4074 ἁγαθουργοὺς
741 4003 949 4075 δωρεάς
970 4003 1442 4075 ὲπιϐραὸεύουσα.

412 4089 507 4143 Σοὶ
536 4090 593 4144 δὲ
627 4091 830 4163 μᾶλλον
881 4095 910 4146 ὁ
952 4094 1094 4165 ὑπὲρ
1121 4094 1218 4150 τοῦ
1270 4094 1598 4149 διδασκάλου
1641 4096 1808 4160 πόθος
1843 4097 1939 4150 καὶ

340 4182 504 4252 ζῆλος
533 4184 676 4238 κατά
724 4185 982 4240 τοσοῦτον
1031 4185 1433 4251 πεπλεόνακεν,
1485 4188 1717 4242 καθόσον
1743 4190 1840 4243 καὶ
1859 4191 1938 4254 είς

341 4276 666 4346 ἐπωνυμίαν
695 4278 730 4348 ῆ
787 4278 961 4348 ἀρετὴ
1013 4279 1277 4349 κατέστη.
1336 4278 1425 4342 Ὦς
1453 4279 1564 4348 γὰρ
1597 4278 1678 4350 τῷ
1731 4281 1939 4352 Σίμωνι

345 4365 447 4433 μὲν
473 4366 508 4435 ἠ
541 4365 638 4419 τοῦ
684 4367 891 4438 Πέτρου
917 4369 1302 4440 προστέθειται
1339 4372 1707 4442 προσηγορία,
1743 4373 1833 4427 διὰ
1879 4374 1940 4428 τὸ

340 4456 444 4524 τῆς
485 4457 725 4521 πίστεως
755 4459 974 4530 ἑδραῖον
1009 4462 1104 4514 καὶ
1134 4461 1354 4525 ἀκλινές
1377 4477 1392 4492 ο
1431 4463 1543 4525 τοῖς
1587 4463 1726 4526 υἱοῖς
1760 4463 1817 4518 δὲ
1842 4468 1940 4519 Ζε-

2033 3265 2103 3320 sti
2131 3284 2145 3320 :
2187 3282 2381 3322 servus
2416 3269 2468 3323 ei
2499 3268 2857 3326 ﬁdelissimus
2891 3285 2955 3326 ac
2989 3271 3493 3341 prudentissimus;
3524 3271 3626 3325 mi.

2038 3357 2215 3414 nister
2238 3359 2607 3429 gnavissimus
2635 3361 2944 3432 agendique
2972 3363 3317 3430 acerrimus;
3352 3361 3623 3434 quinimo,

2035 3449 2359 3506 verissimus
2415 3451 2628 3506 amicus
2691 3468 2756 3508 ac
2825 3452 3275 3523 probatissimos.
3350 3455 3430 3510 Ac
3504 3457 3628 3524 qui—

2035 3540 2161 3595 dem
2198 3541 2444 3612 Spiritus
2482 3542 2656 3615 gratia
2705 3545 3181 3616 intelligentiaque
3213 3562 3278 3602 ac
3326 3547 3626 3617 sapientia,

2035 3648 2250 3689 necnon
2319 3635 2548 3705 reliquis
2610 3637 3125 3693 consecrationibus
3199 3649 3259 3693 et
3301 3638 3625 3702 virtutibus,

2035 3725 2174 3780 nulli
2221 3726 2401 3797 impar
2445 3727 2847 3797 discipulorum
2895 3729 3068 3784 fuisti.
3117 3729 3447 3786 Communis
3477 3732 3627 3786 enim

2035 3818 2362 3888 eademque,
2413 3819 2578 3874 Patre
2617 3819 2890 3875 luminum
2951 3829 3204 3886 auctore,
3255 3820 3516 3875 duodeno
3551 3821 3630 3875 illi

2035 3909 2212 3964 choro
2239 3908 2504 3964 illucebat
2529 3910 2862 3975 coruscatio,
2896 3925 3018 3980 qua:
3049 3911 3204 3965 nullo
3227 3911 3412 3966 medio
3432 3913 3632 3985 siquis-

2037 4013 2148 4068 que
2185 3999 2436 4070 partibus
2458 3999 2706 4056 beneﬁca
2733 4000 2814 4055 eis
2837 4000 2983 4057 dona
3026 4001 3320 4058 tribueret.

2109 4091 2234 4146 Tibi
2259 4099 2444 4146 autem
2469 4092 2663 4163 magis,
2695 4108 2802 4162 qua
2833 4093 3152 4164 Magistrum
3180 4093 3632 4168 prosequebaris,

2041 4181 2246 4236 amoris
2299 4181 2384 4236 vis
2429 4181 2644 4251 zelique
2685 4182 2855 4237 ardor
2882 4183 2938 4239 in
2975 4191 3189 4240 tantum
3216 4183 3545 4252 abundavit,
3576 4194 3636 4240 ut

2040 4274 2175 4328 etin
2207 4274 2631 4344 appellationem
2670 4275 2847 4331 virtus
2869 4277 3123 4331 cesserit.
3153 4275 3634 4349 Quemadmodum

2041 4367 2190 4421 enim
2222 4365 2435 4422 Simoni
2470 4367 2718 4437 quidem,
2754 4369 2827 4423 ob
2875 4368 3002 4423 ﬁdei
3048 4367 3368 4423 ﬁrmitatem
3401 4382 3467 4426 ac
3497 4383 3634 4424 con-

2042 4457 2324 4520 stantiam,
2351 4458 2498 4512 Petri
2527 4474 2724 4513 nomen
2761 4459 3028 4526 accessit;
3076 4457 3314 4529 ﬁliisque
3357 4457 3634 4522 Zebedaei,

343 4547 560 4600 εεδαίου
599 4547 832 4620 βροντῆς
863 4550 1098 4603 ἀκοῦσαι
1124 4550 1216 4605 διὰ
1246 4550 1308 4604 τὸ
1342 4551 1736 4622 μεγαλόφωνον
1765 4555 1927 4617 υἱοϊςε

2045 4549 2117 4602 ob
2145 4545 2494 4618 magniﬁcam
2543 4548 3028 4619 praedicationem,
3085 4559 3147 4604 ut
3191 4550 3452 4606 audirent
3509 4550 3635 4606 Filii

342 4636 488 4692 οὕτω
517 4639 614 4693 καὶ
644 4641 729 4693 σοὶ
756 4643 790 4711 ῆ
831 4640 928 4694 τοῦ
967 4640 1223 4712 Ζηλωτοῦ
1262 4643 1553 4715 ἐπωνυμία
1581 4644 1672 4699 διὰ
1705 4647 1808 4716 τὴν
1841 4644 1936 4700 τοῦ

347 4727 491 4782 θείου
523 4729 692 4802 ζήλου
717 4732 1036 4803 περιουσίαν
1062 4733 1390 4807 προσετέθη.

429 4913 775 4985 Ἀσπάζομαί
806 4931 902 4968 σου
941 4915 1002 4969 τὸ
1044 4915 1449 4972 θεοειδέστατον
1494 4918 1812 4988 πρόσωπον,
1845 4937 1934 4973 σε-

348 5004 723 5076 ϐασμιώτατε,
753 5008 848 5062 καὶ
870 5009 1185 5078 προσκυνῶ,
1230 5001 1276 5076 ᾧ
1307 5009 1556 5080 εὐμενῶς
1599 5010 1892 5081 ἐνέϐλεψεν
1913 5014 1943 5066 ό

351 5099 555 5170 Κύριος
576 5116 588 5129 ·
638 5099 668 5153 ό
696 5095 854 5170 εὗρεν
882 5101 1100 5171 ἀληθῶς
1129 5102 1292 5174 χάριν
1321 5103 1612 5158 κατέναντι
1638 5103 1735 5157 τοῦ
1766 5121 1943 5176 προσ-

352 5194 508 5244 ώπου
571 5190 668 5244 τοῦ
705 5191 864 5248 Θεοῦ.
904 5192 1245 5266 Ἀσπάζομαι
1285 5194 1489 5266 νοερῶς
1531 5195 1627 5249 καὶ
1669 5197 1942 5250 πανευλα-

354 5281 468 5346 ϐῶς
490 5282 558 5336 τὰ
589 5283 899 5337 σεπτότατα
934 5283 1086 5354 χείλη
1132 5285 1228 5339 καὶ
1258 5285 1360 5355 τὴν
1383 5285 1638 5354 γλῶσσαν
1666 5303 1682 5318 ·
1711 5286 1783 5341 τὰ
1821 5287 1948 5358 μὲν,

354 5377 431 5440 ὡς
468 5375 558 5430 ἀεὶ
600 5379 715 5440 τοῖς
758 5378 1072 5448 θεαρχικοίς
1129 5377 1364 5448 χείλεσιν
1419 5378 1819 5450 έφηρμοσμένα
1869 5378 1951 5450 τῷ

353 5468 650 5540 πνεύματι,
696 5471 793 5523 καὶ
839 5469 1150 5540 ἀσπασμῶν
1177 5470 1471 5544 θειοτέρων
1524 5473 1947 5542 κατηξιωμένα,

359 5562 454 5615 καὶ
479 5561 581 5632 τὴν
623 5562 734 5616 ἀπὸ
777 5562 876 5615 τοῦ
927 5561 1315 5631 ἀσπαζομένου
1355 5564 1684 5636 θεουργικὴν
1729 5581 1950 5634 προσει-

357 5655 564 5726 ληφότα
608 5651 771 5726 χάριν
794 5670 808 5684 ·
833 5655 932 5726 τὴν
955 5655 1034 5720 δὲ,
1065 5653 1141 5718 ώς
1173 5656 1414 5727 γραφίδα
1450 5657 1543 5712 τοῦ
1605 5659 1942 5730 ΙΙνεύματος,

432 5836 478 5872 ³⁸
504 5836 681 5898 Exod.
720 5855 808 5908 xx,
843 5839 911 5910 5;
941 5841 1055 5899 ἆυ».
1099 5859 1244 5911 xxiv,
1281 5844 1366 5905 l‘J.

2049 4641 2278 4697 tonitrui
2319 4641 2550 4710 obtigit;
2595 4641 2676 4696 sic
2705 4640 2804 4695 tibi
2837 4657 3059 4712 quoque
3090 4643 3295 4698 Zelotze
3342 4657 3634 4713 nuncupa-

2047 4734 2126 4788 tio
2152 4733 2224 4788 ob
2247 4733 2422 4788 divini
2447 4733 2549 4789 zeli
2577 4749 2674 4789 seu
2705 4733 3078 4792 aemulationis
3121 4734 3517 4797 abundantiam
3539 4737 3635 4794 ad-

2048 4823 2203 4878 venit
2228 4824 2294 4878 “.

2118 4916 2354 4973 Osculor
2386 4919 2500 4972 Deo
2524 4916 2860 4975 simillimam
2908 4918 3106 4974 faciem
3151 4927 3323 4982 tuam.
3362 4921 3639 4978 colendis-

2051 5011 2214 5076 sime,
2240 5020 2297 5065 et
2323 5011 2515 5075 adoro,
2546 5010 2600 5065 in
2628 5028 2792 5081 quam
2830 5011 3096 5067 Dominus
3119 5013 3332 5083 placide
3365 5014 3636 5085 inspexit;

2049 5117 2174 5172 qua:
2206 5117 2334 5158 vere
2363 5103 2594 5174 gratiam
2650 5103 2860 5160 invenit
2903 5104 2958 5158 in
2986 5114 3287 5178 conspectu
3318 5105 3434 5160 Dei.
3465 5104 3640 5162 Oscu-

2050 5193 2136 5248 lor
2164 5203 2349 5250 mente
2399 5197 2662 5265 omnique
2713 5195 3060 5262 reverentia,
3097 5179 3413 5251 veneranda
3468 5195 3638 5260 labia,

2052 5285 2406 5356 linguamque
2435 5305 2448 5340 :
2477 5285 2570 5341 illa
2593 5285 2842 5356 quidem.
2877 5285 3035 5341 velut
3079 5301 3302 5357 semper
3335 5285 3538 5340 divinis
3560 5285 3640 5340 Ia-

2053 5379 2160 5435 biis
2189 5379 2386 5447 spiritu
2414 5385 2666 5448 cooptata
2687 5376 3279 5446 divinioraquejoscula
3305 5385 3637 5442 consecuta;

2054 5471 2257 5543 quibus
2283 5470 2526 5542 denique
2577 5469 2646 5524 ab
2678 5485 2769 5534 eo,
2811 5469 2902 5524 cui
2952 5467 3119 5522 inﬁxa
3159 5468 3384 5530 oscula,
3442 5465 3638 5522 deilica

2053 5563 2224 5632 gratia
2256 5560 2584 5625 accesserit;
2615 5560 2758 5615 hanc
2792 5573 2925 5612 vero
2949 5572 3050 5612 ceu
3095 5557 3295 5626 stylum
3328 5564 3382 5610 et
3406 5556 3642 5626 penicil-

2054 5657 2166 5711 lum
2197 5651 2458 5726 Spiritus,
2499 5662 2759 5721 tanquam
2801 5661 3067 5719 organum
3107 5645 3458 5703 oraculorum
3499 5647 3639 5719 Dei;
