4040 6414
431 389 540 459 243

1640 395 1937 460 NICETE
1970 399 2499 463 PAPHLAGONIS

3611 399 3725 466 2H

426 507 578 562 velut
607 503 814 562 Christi
842 506 1229 573 laudatricetn,
1281 522 1348 564 ac
1400 515 1662 581 tanquam
1690 510 1870 582 reipsa
1902 512 2000 568 lau‘

2118 513 2194 576 ὡς
2227 513 2459 584 ὄργανον
2487 513 2684 583 λογίων
2712 512 2872 582 Θεοῦ,
2897 514 2975 580 ῶς
3008 516 3285 571 ὲπαινέτιν
3308 513 3582 587 Χριστοῦ,
3628 517 3727 568 καὶ

424 599 663 654 dabilem
695 607 860 669 atque
885 601 1175 670 placitam;
1206 617 1306 672 per
1331 619 1494 674 quam
1521 604 1611 659 ille
1629 605 1900 663 exaltatus
1921 616 2008 663 est

422 689 477 741 in
505 689 785 759 gentibus,
807 692 1083 746 exaltatus
1108 701 1194 749 est
1222 694 1279 748 in
1305 703 1448 750 terra
1479 696 1544 750 ³⁷.

495 777 728 831 Usculor
763 779 1270 837 venerabilissimas
1303 790 1426 837 tuas
1461 798 1656 839 manus
1690 801 1705 850 ;
1747 786 2013 857 .comple—

422 877 545 920 ctor
577 874 634 921 et
656 868 1097 937 speciosissimos
1132 873 1305 940 pedes
1331 888 1346 925 :
1383 888 1600 937 manus,
1627 889 1750 944 qua:
1778 887 2008 931 strenue

421 973 486 1032 ac
532 955 807 1016 industrie
858 961 1093 1017 Domino
1148 963 1508 1018 servierunt:
1557 981 1680 1036 qua:
1723 966 2006 1038 Evangelii

421 1046 614 1114 gratiae
663 1049 976 1104 ministerio
1023 1050 1227 1107 functa;
1279 1062 1430 1120 sunt,
1493 1055 1696 1126 quibus
1763 1057 2010 1114 creditus

424 1139 552 1192 vita:
593 1139 842 1197 Sermo:
885 1158 1048 1214 quem
1126 1147 1392 1203 nimirum
1453 1158 1711 1205 scrutata:
1771 1158 1904 1206 sunt
1953 1159 2011 1207 et

424 1238 937 1290 contrectaverunt'
977 1235 1419 1311 inveneruntque
1493 1240 1620 1296 vitae
1681 1241 2008 1298 Sermonem

423 1334 546 1374 esse
571 1321 611 1351 ³⁸
641 1338 654 1373 :
687 1323 776 1377 cui
837 1323 1142 1392 conjunctae
1171 1341 1236 1382 ac
1265 1327 1476 1398 Spiritu
1517 1329 1709 1384 divino
1739 1338 2009 1400 coaptatte

422 1418 586 1480 atque
631 1426 948 1485 compactae,
1005 1418 1152 1474 illius
1197 1435 1395 1476 manus
1438 1419 1581 1476 edici
1627 1430 1952 1476 meruerunt
1990 1437 2004 1475 :

421 1517 620 1558 manus
675 1506 866 1575 utique
943 1510 1274 1565 eximiorum
1339 1528 1574 1582 operum
1640 1512 2002 1579 eﬁ‘ectrices;

420 1592 753 1649 mirabilium
782 1596 877 1652 Dei
910 1599 1258 1655 voluntatum
1315 1603 1842 1659 consummatrices.

425 1716 441 1730 ο
485 1685 669 1740 Adoro
694 1696 750 1742 et
801 1688 992 1758 pedes,
1038 1692 1192 1746 velut
1245 1707 1473 1748 currum
1529 1694 1917 1758 cherubicum,
1947 1703 2008 1748 ut

417 1775 624 1845 quibus
650 1778 908 1844 vehatur,
938 1782 1032 1850 qui
1059 1783 1233 1840 caalos
1275 1784 1468 1855 implet
1520 1794 1578 1841 et
1624 1794 1866 1852 terram;
1907 1785 2003 1856 qui

415 1863 472 1920 in
525 1865 786 1922 universo
846 1869 973 1936 hoc,
1026 1880 1293 1942 extraque
1359 1873 1679 1929 universum
1722 1884 1999 1930 versatur.
2035 1865 2078 1923 Β

417 1957 590 2017 Pedes
623 1965 914 2030 nimirum,
943 1967 1039 2036 qui
1072 1981 1292 2023 omnem
1324 1967 1439 2024 fere
1467 1979 1995 2039 percurreruntter-

417 2068 576 2106 ram:
631 2053 804 2124 pedes
860 2063 1044 2111 rectos
1070 2066 1128 2111 et
1176 2072 1396 2113 sursum
1443 2058 1778 2126 tendentes;
1828 2061 2002 2132 pedes

416 2143 586 2200 latos
613 2161 671 2201 et
699 2147 976 2213 volucres,
1034 2149 1227 2220 quales
1289 2148 1592 2207 Cherubim
1621 2170 1638 2220 ;
1687 2153 1857 2224 pedes
1887 2153 1999 2208 ful-

415 2237 565 2306 guris
593 2238 766 2292 instar
785 2248 1095 2303 currentes,
1127 2241 1556 2313 incredibilique
1583 2245 1866 2301 celeritate
1889 2247 2000 2302 cir-

415 2335 737 2382 cumeuntes
771 2337 994 2394 terram,
1038 2344 1104 2386 ac
1153 2329 1344 2388 ﬁdeles
1397 2334 1454 2389 in
1513 2333 2000 2395 benedictionibus

414 2419 818 2485 praevenientes
849 2421 914 2476 ".

481 2508 732 2577 Osculor,
764 2512 1046 2585 etiamque
1096 2523 1260 2587 atque
1293 2516 1460 2572 etiam
1511 2520 1701 2576 colens
1758 2529 1812 2578 te
1854 2537 1999 2593 quo-

413 2615 519 2672 que
551 2608 747 2665 totum,
775 2611 922 2658 totus
949 2620 1017 2660 ex
1049 2615 1164 2660 toto
1194 2617 1378 2664 mente
1416 2609 1808 2678 circumfusus,
1843 2628 1998 2668 com-

412 2692 664 2760 plector;
708 2695 1021 2766 spirituque
1053 2699 1205 2752 velut
1245 2699 1302 2752 in
1353 2701 1581 2769 speculo
1608 2701 1998 2758 obversantem

411 2791 685 2838 contuens
712 2799 776 2839 ac
812 2787 1080 2842 memoria
1141 2788 1518 2856 collustratus,
1577 2792 1736 2861 quasi
1788 2793 1999 2849 intelli-

409 2883 574 2944 gente
635 2873 1094 2946 intemerataque,
1145 2894 1210 2933 ac
1263 2880 1441 2934 omnis
1481 2885 1996 2951 exsortematerize,

409 2961 554 3030 luce,
575 2975 819 3035 augustae
848 2976 1046 3022 vestrae
1070 2969 1496 3042 magniﬁcentiae
1511 2988 1574 3028 ac
1595 2973 1811 3032 decoris
1840 2977 1996 3032 vultu

407 3053 856 3127 circumfulgeor.

475 3159 748 3217 (laterum
796 3163 1104 3233 videamus,
1150 3167 1332 3238 quoad
1380 3169 1566 3234 liceat,
1600 3180 1806 3240 quanta
1839 3169 1999 3232 Zelo—

408 3259 492 3308 tes
528 3252 846 3325 evangelica
870 3257 1156 3316 iunctione
1173 3269 1229 3316 et
1260 3263 1486 3317 virtutis
1513 3263 1678 3318 laude
1704 3264 1995 3330 enituerit.

406 3343 625 3401 Etenim
657 3356 919 3419 tanquam
953 3352 1133 3422 reipsa
1162 3368 1308 3409 verae
1371 3353 1514 3409 lucis
1547 3355 1875 3427 discipulus,
1914 3358 2000 3413 di-

405 3438 714 3508 vinumque
759 3449 935 3497 totum
981 3443 1172 3498 lumen
1213 3445 1551 3502 nitidissima
1603 3458 1792 3504 mente
1847 3464 2000 3505 com-

406 3529 621 3599 plexus,
661 3539 918 3603 totusque
955 3535 1177 3591 lucidus
1206 3546 1264 3592 et
1306 3537 1458 3594 ﬁlius
1514 3540 1658 3596 lucis
1703 3558 1770 3598 ac
1818 3544 1998 3613 reipsa

406 3619 500 3674 lux
523 3618 639 3690 ipse
670 3621 921 3689 eil‘ectus,
955 3633 1082 3695 post
1126 3627 1317 3696 prima:
1365 3643 1704 3702 summaeque
1749 3632 1892 3687 lucis
1933 3648 1999 3688 ac

404 3713 695 3783 originalis
722 3715 778 3770 in
811 3732 976 3772 cruce
1012 3733 1293 3787 occasum,
1323 3733 1447 3793 post
1483 3722 1631 3779 illius
1673 3725 1742 3780 ab
1804 3725 1998 3782 inferis

403 3802 575 3857 tertio
627 3816 858 3875 vespere
913 3818 1189 3875 exortum,
1249 3821 1374 3882 post
1403 3827 1693 3869 ascensum
1727 3816 1783 3871 in
1824 3817 1997 3873 caelos

405 3892 580 3964 (illius
612 3896 826 3952 scilicet
856 3913 1022 3971 supra
1048 3917 1212 3971 quam
1257 3919 1518 3959 arcanam
1549 3905 1841 3976 latebram)
1873 3917 1998 3977 post

404 3977 671 4038 Paracleti
695 3985 1082 4054 perfectiorem
1102 3990 1423 4056 adventum,
1457 3995 1681 4062 quando
1727 3998 1994 4053 nimirum

404 4075 619 4143 magnis
654 4075 976 4149 [primisque
1024 4080 1192 4137 Verbi
1251 4082 1545 4154 discipulis
1601 4087 1658 4141 in
1706 4091 1997 4144 caenaculo

404 4163 723 4231 consideus,
747 4168 864 4236 pari
897 4185 1020 4224 cum
1064 4171 1173 4227 illis
1201 4175 1454 4246 collegio,
1501 4177 1558 4230 in
1603 4177 1808 4250 linguis
1855 4181 1999 4251 ignis

405 4257 591 4325 specie
615 4261 1010 4328 apparentibus
1065 4279 1131 4319 ac
1189 4267 1371 4322 sonitu
1414 4267 1578 4326 ﬂatus
1626 4271 1995 4338 vehementis,

406 4346 891 4418 SpiritusaPatre
921 4355 1286 4425 descendens,
1331 4360 1389 4415 in
1435 4363 1646 4432 optimo
1706 4363 1879 4420 corde
1932 4381 1999 4420 ac

405 4443 748 4527 regalissimo
771 4456 1065 4518 susceptus
1101 4461 1228 4509 est:
1283 4463 1418 4510 tunc
1445 4456 1608 4524 plane
1643 4458 1810 4513 etiam
1864 4473 1996 4527 per-

402 4514 624 4590 fectiori
659 4537 906 4606 repletus
967 4541 1257 4610 sapientia,
1291 4545 1880 4618 divinissimorumque
1914 4551 1995 4606 si-

2116 604 2193 667 ώς
2243 602 2536 674 ἐπαινετὴν
2565 603 2646 674 τῷ
2675 604 2790 657 ὅντι
2837 607 2933 660 καὶ
2975 607 3245 680 θελητήν·
3279 609 3351 662 δι’
3396 603 3466 680 ἧς
3496 608 3726 670 ἐκεῖνος

2115 695 2306 766 ὑψώθη
2333 699 2390 749 έν
2415 695 2648 764 ἔθνεσιν,
2681 696 2871 767 ὑψώθη
2891 699 2950 751 έν
2973 701 3067 769 γῇ.

2184 787 2329 840 ⁴Ιιιλῶ
2362 805 2459 840 σου
2484 787 2586 852 τὰς
2606 790 2949 859 τιμιωτάτας
2973 792 3163 863 χεῖρας
3200 806 3217 823 ο
3256 791 3725 862 περιπτύσσομαι

2115 879 2208 932 καὶ
2249 881 2379 944 τοὺς
2424 881 2798 951 ὡραιοτάτους
2849 882 3018 946 πόδας
3053 899 3070 914 ο
3098 885 3311 954 χεῖρας,
3330 884 3431 948 τὰς
3485 881 3725 951 εὐφυῶς

2114 971 2208 1025 καὶ
2245 973 2439 1037 αἰσίως
2503 973 3004 1045 ὑπηρετησαμένας
3057 974 3139 1043 τῷ
3201 976 3432 1047 Κυρίῳ·
3465 974 3580 1039 τὰς
3637 975 3724 1044 τῷ

2114 1061 2436 1135 Εὑαγγελίῳ
2469 1067 2568 1136 τῆς
2617 1065 2840 1135 χάριτος
2887 1065 3362 1138 διακονησαμένας
3399 1083 3412 1097 °
3462 1068 3575 1129 τὰς
3621 1066 3724 1119 τὸν

2111 1157 2212 1225 τῆς
2239 1155 2384 1227 ζωῆς
2411 1157 2856 1226 πεπιστευμένας
2885 1153 3057 1225 Λόγον
3101 1173 3115 1188 ·
3149 1158 3346 1226 Λόγον,
3381 1157 3442 1212 ὅν
3464 1156 3720 1228 ἠρεύνη-

2113 1262 2234 1310 σαν,
2293 1248 2353 1302 ὅν
2397 1248 2756 1319 ἐψηλάφησαν
2811 1251 2908 1303 καὶ
2950 1243 3111 1320 εὖρον
3140 1251 3315 1319 Λόγον
3340 1251 3472 1304 ὅντα
3501 1249 3666 1320 ζωῆς
3701 1267 3717 1280 ⁸

2110 1329 2156 1406 ᾧ
2181 1338 2585 1407 συμφυόμεναι,
2623 1339 2718 1392 καὶ
2764 1339 3046 1411 Πνεῦματι
3099 1339 3233 1410 θείῳ
3264 1339 3720 1411 συναρμολογού-

2112 1445 2296 1497 μεναι,
2323 1433 2504 1502 χεῖρες
2532 1431 2743 1486 ἐκείνου
2762 1432 3016 1500 γενέσθαι
3053 1432 3422 1503 κατηξίωνται
3447 1449 3462 1463 ο
3495 1435 3716 1503 χεῖρες,

2111 1520 2287 1590 ἔργων
2307 1521 2599 1591 ὑπερφυῶν
2633 1523 2926 1594 αὐτουργοί
2963 1541 2978 1555 ο
3006 1522 3328 1595 θαυμασίων
3357 1524 3497 1580 Θεοῦ
3547 1523 3716 1594 θελη-

2111 1614 2298 1683 μάτων
2329 1614 2448 1666 τελε
2457 1615 2720 1687 σιουργοί.

2184 1705 2485 1776 Προσκυνῶ
2518 1709 2615 1762 καὶ
2640 1719 2767 1772 τους
2795 1708 2985 1774 πόδας,
3010 1709 3088 1775 ὥς
3118 1709 3272 1780 ἅρμα
3303 1707 3656 1780 Χερουσικόν
3689 1723 3706 1739 ο

2107 1793 2186 1859 ὥς
2243 1795 2503 1865 ὀχοῦντας
2551 1796 2638 1867 ἐφ’
2691 1799 2906 1863 ἑαυτοῖς
2952 1800 3047 1856 τὸν
3092 1801 3358 1872 οὐρανοὺς
3386 1799 3713 1871 πληροῦντα

2107 1891 2201 1944 καὶ
2249 1891 2377 1960 γῆν,
2417 1891 2510 1946 τὸν
2573 1893 2634 1948 ὲν
2679 1892 2758 1962 τῷ
2809 1895 2974 1948 παντὶ
3025 1895 3164 1966 τῷδε
3220 1895 3316 1949 καὶ
3353 1893 3448 1948 τοῦ
3497 1893 3710 1956 παντὸς

2105 1979 2212 2046 ἔξω
2245 1982 2568 2037 καθεστῶτα
2602 1999 2617 2016 ·
2651 1984 2845 2050 πόδας,
2873 1987 3003 2048 τοὺς
3034 1987 3217 2040 πᾶσαν
3249 1983 3449 2056 μικροῦ
3477 1984 3711 2055 διαδρα-

2108 2074 2312 2144 μόντας
2374 2075 2477 2144 τὴν
2539 2075 2668 2146 γῆν,
2717 2077 2846 2140 τοὺς
2887 2076 3148 2142 ίθυτενείς
3202 2078 3299 2131 καὶ
3357 2074 3706 2155 ἀνωφόρους,

2103 2167 2232 2230 τοὺς
2258 2167 2576 2237 πτερωτοὺς
2599 2168 2696 2223 καὶ
2726 2168 2988 2235 πτηνοὺς,
3016 2161 3122 2222 οἷοι
3169 2165 3282 2222 τῶν
3330 2169 3654 2240 Χερουϐείμ
3689 2183 3706 2200 ο

2105 2258 2233 2320 τοὺς
2265 2257 2554 2328 ἀστραπῆς
2577 2257 2735 2330 δίκην
2765 2258 3012 2322 θέοντας,
3070 2259 3167 2312 καὶ
3217 2259 3489 2329 ἀμηχάνῳ
3531 2255 3708 2329 ταχύ-

2103 2346 2667 2421 τητιπεριοδεύοντας
2714 2348 2817 2420 τὴν
2861 2348 2992 2417 γῆν,
3019 2349 3117 2402 καὶ
3147 2350 3204 2402 ἑν
3235 2347 3511 2417 εὐλογίαις
3567 2364 3707 2421 χρη·

2107 2444 2366 2513 στότητος
2393 2439 2805 2514 προφθάνοντας
2838 2440 2967 2504 τοὺς
2999 2439 3250 2503 πιστούς.

2191 2533 2559 2603 Ἀσπάζομαι,
2606 2537 2702 2588 καὶ
2755 2533 2876 2588 λίαν
2916 2533 3094 2604 τιμῶν
3129 2532 3580 2603 περιπτύσσομαι
3611 2531 3705 2586 καὶ

2109 2625 2170 2678 σὲ
2207 2625 2348 2688 ὅλον,
2381 2625 2501 2688 ὅλος
2534 2625 2601 2678 δι’
2642 2625 2765 2678 ὅλου
2796 2627 2865 2695 τῇ
2897 2623 3110 2694 διανοίᾳ
3152 2623 3389 2695 περιφύς
3423 2638 3437 2651 ⁸
3467 2625 3565 2677 καὶ
3625 2621 3706 2692 τῷ

2108 2716 2387 2787 πνεύματι
2417 2713 2942 2785 κατοπτριζόμενος,
2970 2715 3066 2768 καὶ
3096 2716 3166 2785 τῇ
3201 2716 3394 2787 μνήμῃ
3420 2715 3702 2796 περιλαμο

2106 2808 2364 2877 πόμενος,
2397 2801 2487 2862 οἶα
2519 2805 2691 2878 νοερῷ
2741 2807 2837 2860 καὶ
2893 2807 3150 2876 ἀχράντῳ
3185 2805 3282 2859 καὶ
3332 2806 3481 2874 άῦλῳ
3533 2806 3697 2871 φωτὶ.

2104 2897 2184 2968 τῷ
2216 2895 2497 2969 προσώπῳ
2525 2897 2624 2969 τῆς
2649 2897 2929 2968 ὑμετέρας
2974 2897 3422 2970 περιαυγάζομαι
3469 2895 3700 2968 θεοπρε-

2105 3004 2175 3044 πε
2184 2989 2292 3054 ίας.

2189 3159 2330 3213 Ἀλλ’
2355 3159 2574 3230 ἴδωμεν,
2609 3158 2686 3226 ώς
2712 3159 2960 3229 ἐφικτὸν,
2988 3157 3086 3214 καὶ
3115 3159 3215 3232 τὴν
3240 3158 3386 3213 κατά
3420 3155 3484 3210 τὸ
3513 3157 3698 3224 Eua?-

2027 3228 2072 3291 Ο
2101 3254 2283 3325 γέλιον
2321 3228 2676 3326 εὐδοκίμησιν
2706 3228 2800 3308 τοῦ
2829 3251 3082 3324 Ζηλωτοῦ
3118 3271 3133 3286 ο
3168 3228 3262 3308 καὶ
3291 3253 3400 3324 γὰρ
3447 3252 3525 3320 ώς
3561 3251 3695 3322 άλη-

2105 3349 2214 3411 θῶς
2241 3347 2319 3418 τῷ
2350 3348 2590 3420 ἀληθινῷ
2619 3347 2970 3418 μαθητεύσας
3035 3347 3195 3416 φωτὶ,
3229 3346 3324 3401 καὶ
3361 3343 3423 3398 τδ
3470 3343 3693 3415 θεαρχιο

2105 3440 2201 3493 κὺν
2231 3441 2346 3509 φῶς
2373 3439 2494 3494 ὅλον
2542 3439 2880 3511 διειδεστάτῃ
2933 3438 3256 3509 δεδεγμένος
3305 3435 3538 3507 διανοίᾳ,
3599 3434 3695 3489 καὶ

2107 3519 2436 3602 φωτοφανὴς
2489 3530 2630 3596 ὅλος,
2671 3531 2900 3596 καὶυίὸς
2925 3529 3106 3600 φωτὸς
3145 3531 3242 3584 καὶ
3270 3525 3390 3598 φῶς
3425 3527 3696 3598 αὑτόχρη·

2108 3643 2184 3697 μα
2212 3624 2474 3698 γεγονὼς,
2511 3625 2650 3694 μετὰ
2673 3625 2775 3695 τὴν
2803 3624 2898 3678 τοῦ
2926 3622 3239 3696 ἀρχιφώτου
3263 3621 3446 3692 φωτὸς
3473 3621 3569 3672 ἐπὶ
3597 3617 3692 3672 τοῦ

2107 3715 2346 3787 σταυροῦ
2399 3716 2576 3782 δύσιν,
2605 3717 2746 3786 μετά
2777 3715 2878 3786 τὴν
2912 3713 2973 3780 ἐξ
3012 3715 3140 3786 ᾅδου
3173 3715 3504 3785 τριέσπερον
3557 3714 3691 3766 ἀνα-

2104 3807 2286 3878 τολὴν,
2315 3806 2456 3877 μετά
2486 3806 2586 3877 τὴν
2630 3807 2710 3868 τίς
2743 3804 3008 3876 οὐρανοὺς
3058 3805 3324 3860 ἀνάϐασιν
3355 3821 3371 3836 ο
3428 3803 3533 3860 εἴτ’
3601 3801 3694 3857 οὑν

2106 3899 2494 3970 ὑπεράρρητον
2526 3896 2621 3950 τοῦ
2650 3895 2816 3951 αὑτοῦ
2853 3897 3184 3968 ἀποκρυφήν
3217 3913 3233 3927 ·
3291 3897 3432 3968 μετὰ
3470 3897 3572 3966 τὴν
3599 3912 3689 3948 τε·

2103 3988 2382 4059 λειοτέραν
2416 3987 2508 4040 τοῦ
2542 3987 2903 4059 Παρακλήτου
2935 3988 3262 4059 παρουσίαν,
3297 3988 3464 4058 ἡνίκα
3491 3988 3555 4058 δὴ
3583 3989 3694 4050 τοῖς

2108 4083 2368 4153 μεγάλοις
2417 4078 2511 4133 τοῦ
2543 4079 2721 4148 Λόγου
2753 4079 2850 4133 καὶ
2901 4080 3141 4151 πρώτοις
3180 4082 3239 4132 ὲν
3287 4076 3525 4151 ὑπερώῳ
3558 4095 3691 4146 συγ-

2105 4175 2422 4245 καθήμενος
2451 4171 2761 4243 ὁμιληταῖς,
2798 4174 2856 4226 ὲν
2894 4170 3171 4241 γλώσσαις
3195 4171 3498 4242 πυροειδῶς
3547 4171 3689 4242 δρω-

2109 4268 2320 4338 μέναις,
2350 4268 2443 4321 καὶ
2475 4267 2653 4338 βιαίας
2694 4266 2812 4339 ἤχῳ
2845 4266 3036 4337 πνοῆς,
3078 4266 3143 4346 τὸ
3172 4263 3399 4334 Πνεῦμα
3426 4263 3693 4336 πατρόθεν

2106 4365 2318 4429 κατιὸν,
2355 4363 2668 4433 ἀγαθοειδεῖ
2696 4362 2897 4433 καρδία
2939 4363 3035 4416 καὶ
3071 4361 3481 4432 βασιλικωτάτῃ
3534 4376 3692 4413 κατα-

2106 4456 2351 4510 δέὸεκται
2380 4471 2393 4486 ·
2420 4456 2540 4509 τότε
2568 4455 2633 4527 δὴ
2669 4455 2763 4509 καὶ⁵
2795 4453 2989 4524 σοφίας
3007 4453 3220 4515 τελείας
3246 4451 3581 4523 πληρωθεὶς,
3600 4450 3692 4503 καὶ

2109 4547 2599 4616 θεοπρεπεστάτων
2635 4546 2879 4618 σημείων
2903 4546 2999 4599 καὶ
3024 4545 3268 4616 τεράτων
3300 4543 3551 4609 ἐξουσίαν
3599 4539 3694 4594 καὶ

403 4644 638 4698 gnorum
678 4644 743 4684 ac
772 4630 1148 4702 prodigiorum
1178 4644 1452 4705 potestate
1489 4647 1657 4710 atque
1687 4641 1898 4698 virtute
1927 4659 1996 4698 ex

2108 4641 2336 4710 δύναμιν
2379 4639 2585 4692 ἀνωθεν
2642 4635 2903 4700 ὲνὸυθεὶς,
2948 4635 3300 4697 καταλείπεις
3357 4634 3456 4704 μὲν
3497 4631 3689 4702 Ἐᾡαν,

402 4719 516 4772 alto
552 4718 801 4785 indutus,
839 4720 1122 4779 Orientem
1154 4727 1496 4797 relinquens,
1521 4730 1588 4783 ad
1632 4740 1820 4799 partes
1844 4735 1996 4789 occi-

402 4806 561 4871 duas,
600 4808 743 4865 duce
783 4809 1014 4880 Spiritu,
1050 4816 1130 4869 sol
1155 4832 1384 4887 magnus
1427 4819 1730 4889 eximiique
1763 4821 1997 4894 fulgoris

401 4896 589 4969 Libyae
618 4900 912 4964 universw,
934 4903 1246 4975 Africamque
1285 4916 1341 4962 et
1364 4907 1728 4976 Mauritania},
1762 4929 1828 4968 ac
1853 4931 1994 4968 cun-

399 4989 505 5044 ctis
547 4990 789 5062 denique
819 5010 919 5065 per
955 4999 1220 5055 occiduas
1251 5016 1376 5055 oras
1407 5000 1568 5057 sedes
1593 5005 1795 5070 nactis,
1824 5023 1992 5063 exor-

402 5090 493 5136 ῑιιε
526 5098 606 5140 es.

471 5174 607 5242 Quis
642 5175 812 5248 igitur
863 5181 956 5240 vel.
1002 5193 1188 5239 mente
1244 5185 1537 5258 intelligat.
1577 5188 1659 5243 vel
1696 5189 1832 5244 satis
1866 5205 1994 5245 ora-

400 5265 553 5322 tione
601 5270 833 5339 exsequi
926 5271 1162 5328 suﬂiciat
1205 5284 1373 5345 atque
1419 5289 1683 5346 exponat,
1751 5281 1993 5348 labores,

398 5371 696 5426 aerumnas,
747 5361 999 5428 timores,
1041 5364 1257 5418 viarum
1308 5367 1587 5435 pericula,
1621 5370 1858 5442 vigilias,
1896 5389 1995 5427 cu-

400 5462 511 5514 ras,
532 5451 776 5517 dolores,
795 5454 1006 5527 turbas,
1049 5455 1356 5512 inlldelium
1381 5458 1754 5517 Barbarorum
1780 5480 1997 5535 grassa-

402 5538 601 5607 tiones,
632 5544 882 5610 insidias,
921 5549 1127 5619 plagas,
1175 5565 1451 5617 carceres,
1488 5553 1748 5621 iusultus,
1794 5556 1993 5611 coitio-

402 5638 522 5690 nes,
573 5635 1068 5704 contradictiones,
1123 5639 1450 5705 calumnias,
1509 5642 1762 5708 verbera,
1803 5643 1992 5698 detra-

404 5714 616 5773 ctiones
643 5727 701 5773 et
729 5725 1002 5791 convicia,
1028 5728 1260 5798 ejusque
1292 5745 1484 5787 omnes
1513 5732 1796 5802 Evangelii
1823 5747 1987 5788 causa

481 5868 520 5903 ⁵⁷
547 5868 690 5930 Psal.
728 5877 944 5940 XLv,I|.
1025 5881 1064 5915 ⁸⁸
1096 5877 1118 5937 ί
1146 5878 1302 5938 Ioau.
1342 5903 1376 5950 l,
1421 5887 1466 5943 l.

2105 4730 2243 4802 πρὸς
2283 4731 2352 4783 τὰ
2421 4729 2684 4800 Ἐσπέρια
2731 4728 2810 4790 δὲ,
2863 4727 2953 4782 διὰ
2980 4725 3075 4779 τοῦ
3123 4725 3441 4796 Πνεύματος
3467 4723 3690 4794 ὁδηγοὺ-

2107 4839 2288 4893 μενος,
2329 4821 2502 4890 μέγας
2532 4820 2684 4890 ἥλιος
2713 4818 2810 4873 καὶ
2844 4816 3158 4888 ὑπερφαὴς,
3189 4819 3256 4886 τῇ
3282 4833 3342 4868 τε
3377 4814 3554 4886 Λιϐύῃ
3585 4813 3690 4866 πά-

2104 4929 2194 4984 σῃ,
2236 4912 2473 4982 Ἀφρικῇ
2501 4927 2562 4963 τε
2589 4910 2686 4963 καὶ
2729 4907 3115 4979 Μαυριτανίᾳ,
3155 4906 3251 4960 καὶ
3282 4907 3419 4959 πᾶσι
3468 4905 3527 4958 δὲ
3579 4903 3690 4965 τοῖς

2099 5005 2199 5073 τὴν
2236 5000 2529 5072 Ἑσπερίαν
2557 5001 2725 5054 οίκεῐν
2757 4999 3015 5069 λαχοῦσιν
3057 4995 3397 5063 έξανέτειλες
3431 4994 3557 5065 γῆν.

2170 5187 2267 5250 Τίς
2290 5182 2382 5241 οῦν
2416 5186 2738 5257 ὲννοηθῆναι
2767 5201 2871 5246 νοι,
2902 5199 2985 5248 τις
3010 5185 3067 5237 δὲ
3107 5183 3292 5246 ἱκανὸς
3322 5180 3682 5236 διασκευάσαι

2098 5281 2242 5348 λόγῳ
2262 5281 2386 5342 τοὺς
2417 5280 2636 5342 πόνους,
2667 5279 2794 5341 τοὺς
2824 5279 3050 5341 κόπους,
3102 5275 3230 5337 τοὺς
3269 5273 3498 5344 φόϐους,
3560 5270 3683 5333 τοὺς

2099 5372 2240 5440 ὑπὲρ
2266 5370 2366 5438 τῆς
2387 5370 2507 5423 ὁδοῦ
2531 5369 2811 5432 κινδύνους
2835 5383 2852 5399 ο
2879 5368 2978 5431 τὰς
3009 5367 3341 5436 ἀγρυπνίας,
3382 5364 3486 5427 τὰς
3528 5376 3686 5436 φρον-

2096 5464 2268 5526 τίδας,
2296 5463 2392 5526 τὰς
2420 5463 2634 5527 ὀδύνας,
2663 5461 2760 5524 τὰς
2785 5459 3217 5525 ἀκαταστασίας,
3244 5459 3344 5522 τὰς
3374 5456 3528 5528 παρὰ
3583 5453 3686 5508 τῶν

2105 5555 2399 5628 βαρὸἀρων
2427 5556 2676 5610 ἀπίστων
2697 5551 3072 5624 καταδρομὰς,
3124 5551 3226 5615 τὰς
3287 5549 3533 5619 ἐνέδρας,
3589 5545 3687 5610 τὰς

2099 5647 2335 5717 πληγὰς,
2357 5648 2456 5710 τὰς
2477 5647 2721 5718 εἱρκτὰς,
2763 5647 2862 5710 τὰς
2906 5644 3304 5706 ἐπαναστάσεις
3354 5643 3450 5696 δια)⁹
3493 5643 3684 5695 ἐπισυα

2100 5736 2318 5797 στάσεις
2357 5749 2370 5764 ·
2422 5734 2517 5798 τὰς
2578 5734 2886 5805 ἀντιλογίας
2951 5733 3045 5787 καὶ
3112 5729 3475 5802 συκοφαντίας
3507 5746 3522 5764 ο
3589 5728 3683 5791 τὰς

1564 5892 1602 5922 ’θ
1636 5883 1838 5946 Ezccli.
1873 5903 1912 5953 ι,
1945 5889 2011 5963 7;
2045 5887 2188 5947 Psal.
2228 5906 2318 5959 xx,
2349 5888 2404 5948 ά.
