2020 3140
16 263 25 286 ξ

5 358 21 374 α

4 395 21 426 ἒ

0 443 21 468 ἱ

0 490 17 514 is

0 544 13 568 ε·

199 157 252 187 265
565 158 705 188 ORATIO
723 158 791 187 XII.
807 170 842 176 -
858 158 898 187 ΙΝ
919 157 1074 187 ιΑυῡΕΜ
1094 158 1125 189 S.
1145 159 1302 190 SIMONIS
1321 161 1449 190 APOST.
1770 160 1824 191 246

199 212 292 245 αἰκίας
314 213 362 240 καὶ
381 213 530 249 λοιδορίας,
553 215 600 241 καὶ
619 215 703 243 αὐτοῦ
724 215 815 246 πάσας
837 214 886 246 τὰς
916 215 976 249 imit

1035 214 1222 248 profectiones
1255 220 1285 243 et
1318 216 1416 243 itinera
1442 225 1449 243 :
1474 224 1570 244 omnes
1605 215 1724 250 denique
1765 223 1823 243 mo-

197 257 244 284 τοῦ
274 257 438 292 Εὖαγγελίου
460 259 600 294 περιόδους
618 267 626 276 ·
654 260 703 286 καὶ
730 260 820 292 πάσας
854 259 903 291 τὰς
928 259 983 286 ολί-

196 304 270 337 ψεις,
293 303 326 335 ἀς
356 304 463 342 ἡμέραν
481 305 511 338 ἐξ
532 305 638 340 ἡμέρας
662 306 677 332 ό
698 305 908 341 μακαριώτατος
934 314 985 332 πο-

196 350 390 385 λιορκούμενος
415 351 559 386 ὑπομένων
581 351 699 387 ὑπέμενε
720 352 766 379 τὸν
786 351 902 388 Κύριον,
933 352 986 384 ἕως

198 395 272 431 αὐτῷ
291 395 427 431 προσχὼν,
442 397 489 424 καὶ
506 399 554 433 τῆς
569 397 688 433 δεήσεως
702 398 884 433 εἰσαχηκοὼς,
899 398 984 434 θύραν

197 439 315 472 πίστεως
327 441 417 476 ἧνοιξε
431 442 486 473 τοῖς
495 441 600 469 ἔθνεσιν
610 450 617 457 ·
633 440 686 474 ἕως
694 442 832 478 οἰκτείρας
846 443 984 478 ἀνήγαγεν

187 486 278 513 -αύτδν
288 487 320 513 ἐκ
333 486 436 514 λάκκου
449 487 649 523 ταλαιπωρίας,
663 488 712 515 καὶ
728 487 824 524 ὥσπερ
847 487 985 524 θαλάσσης

197 530 323 564 κλύδωνι,
340 533 374 568 τῇ
388 532 448 559 κατ’
465 532 547 560 αὐτοῦ
563 533 618 561 τῶν
646 533 754 560 ἀσεϐῶν
781 533 984 570 ἐπιτετιμηκὼς

197 578 391 610 ἐπαναστάσει,
401 578 449 605 καὶ
457 579 489 606 τδ
503 579 669 614 φλεγμαῖνον
683 580 733 616 τῆς
748 580 838 607 αὐτῶν
865 581 984 614 διανοίας

197 622 377 654 κατευνάσας,
395 623 442 650 καὶ
456 623 486 650 τδ
502 624 678 659 δαιμονιῶδες
704 624 820 660 ὅρμημα
847 624 982 660 πραΰνας,

196 668 244 694 καὶ
267 667 334 703 πρὸς
354 668 401 695 τόν
428 667 500 695 θεῖον
521 669 604 704 φόϐον
625 670 654 696 ὲν
677 670 802 705 σημείοις
821 669 870 697 καὶ
887 670 982 706 τέρασι

198 712 360 746 μεταϐαλὼν
378 713 504 750 φοϐεροῖς
517 716 582 741 ’καὶ
600 714 687 747 οὕτως
708 715 806 748 αὐτοὺς
826 716 895 751 πρὸς
919 725 983 751 συγ-

197 758 344 785 κατάθεσιν
357 759 405 786 atat
420 759 513 786 πίστιν
527 760 578 795 τῆς
593 760 723 796 ἀληθείας
742 762 790 788 τοῦ
814 762 981 797 Εὐαγγελίου

197 802 370 837 μεταγαγὼν,
384 803 519 839 ἐρρύσατο
543 805 594 840 μὲν
616 805 663 833 τδν
691 806 774 848 αὑτοῦ
796 807 906 843 κήρυκα
931 810 982 844 τῆς

195 848 352 882 καταιγίδος
366 848 420 875 τῶν
435 849 574 883 φονευτῶν
588 858 595 865 ·
611 851 676 883 τοὺς
687 851 716 878 δὲ
733 853 860 889 καθάπερ
875 855 908 881 ὲκ
932 863 982 882 πε-

194 893 304 928 λάγους,
313 894 362 929 τῆς
373 894 497 930 ποικίλης
505 895 596 924 αὐτῶν
609 897 738 930 ἀσεϐείας
753 899 980 935 ἐκλυτρούμενος,

190 938 230 970 ὡς
246 940 291 965 ἐπὶ
300 939 398 974 λιμένα
413 942 615 977 σωτήριον,τδν
630 943 758 980 μέγιστον
770 945 881 981 Σίμωνα
896 955 982 982 προσ-

189 983 311 1018 ώρμιξεν
323 993 329 1001 ⁸
346 986 371 1012 oi
386 986 433 1013 καὶ
454 988 488 1022 τῇ
514 987 604 1024 πέτρᾳ
623 989 674 1024 τῆς
692 989 819 1022 ἀκλινοῦς
834 991 917 1018 αὐτοῦ
936 992 983 1018 πίο

189 1036 276 1061 στεως
288 1030 500 1066 ὲπερειδόμενοι,
517 1033 564 1060 καὶ
580 1032 620 1069 τῷ
638 1032 715 1061 ὕδατι
728 1035 922 1070 καθαιρόμενοι
935 1037 982 1064 καὶ

188 1073 228 1109 τῷ
242 1074 381 1120 ρνεύματι
398 1077 590 1111 φωτιζόμενοι,
602 1078 650 1106 καὶ
667 1080 725 1111 τοῖς
741 1080 824 1114 ίεροϊς
840 1079 875 1107 δι’
898 1081 981 1108 αὑτοῦ

190 1121 352 1155 μυστηρίοις
368 1121 652 1158 τελεσιουργούμενοι,
664 1125 705 1156 είς
716 1125 882 1161 Ἐκκλησίας
900 1126 979 1162 ἀμώ-

190 1175 257 1200 μους
267 1166 305 1201 τῷ
325 1167 503 1203 ὺπεραμὼμῳ
511 1170 714 1205 κατηρτίζοντο.

225 1212 340 1245 Οὕτωςό
358 1213 639 1250 θεομακαριστότατος
651 1217 789 1253 Ζηλωτὴς,
805 1220 855 1254 τῆς
871 1219 978 1247 ἀντιτε-

187 1258 328 1294 ταγμένης
360 1259 435 1295 αὺτῷ
458 1261 619 1296 περιγέγονε
644 1263 801 1299 δυνάμεως·
827 1265 875 1292 καὶ
907 1266 979 1293 οὕτω

187 1301 251 1332 τοὺς
281 1303 541 1339 ᾐχμαλωτισμένους
568 1306 614 1333 ὑπ’
643 1308 729 1344 αὐτῆς
757 1309 977 1344 αἰχμαλωτίζων,

188 1346 295 1382 ἡμέραν
310 1348 371 1375 καθ’
385 1349 492 1385 ἡμέραν
508 1351 540 1386 τῇ
560 1351 709 1388 Ἐκκλησία
727 1354 790 1386 τοὺς
807 1355 978 1390 σωζομένους

188 1392 354 1427 προσετίθει.
370 1394 427 1421 Καὶ
451 1395 506 1431 γὰρ
533 1394 568 1432 ἦν
585 1397 651 1432 όρᾷν
677 1398 816 1435 ἀκραιφνῆ
836 1401 884 1427 τοῦ
909 1401 976 1428 Θεοῦ

187 1439 219 1464 ὲν
233 1438 308 1473 αὐτῷ
323 1439 373 1474 τὴν
397 1441 544 1476 ὁμοιότητα
559 1450 567 1458 ν
586 1440 621 1477 ἦν
635 1443 702 1479 όρᾷν
722 1444 826 1471 ἁπλοῦν
850 1447 898 1473 καὶ
924 1455 976 1473 πο-

187 1484 278 1519 λυειδῆ
289 1485 334 1512 τὸν
346 1486 438 1513 αὐτόν.
454 1487 508 1514 Καὶ
519 1487 548 1515 ὃν
559 1487 661 1524 τρόπον
670 1490 685 1516 ό
701 1490 776 1525 ἥλιος
792 1489 833 1523 εἷς
856 1492 906 1526 μὲν
927 1493 976 1528 τὴν

1036 259 1130 288 lestias
1144 269 1177 288 ac
1200 262 1282 294 mala,
1304 269 1365 297 quae
1382 262 1425 289 vir
1448 262 1625 290 beatissimus
1649 261 1822 289 adversario-

1036 314 1098 333 rum
1114 306 1291 334 inlestatione
1305 307 1430 342 quotidie
1451 307 1594 335 sustinens
1608 307 1642 338 ",
1669 307 1824 334 sustinebat

1035 352 1193 385 Dominum,
1216 352 1305 381 donec
1331 353 1355 380 is
1387 353 1427 381 illi
1467 352 1612 380 attendens
1640 353 1822 387 exauditaque

1035 398 1110 425 illius
1129 398 1266 432 oratione,
1282 398 1347 426 ﬁdei
1374 398 1486 434 ianuam
1511 398 1640 434 gentibus
1667 399 1774 432 aperuit
1786 400 1819 425 ²¹.

1034 444 1127 471 Donec
1140 443 1280 477 misertus,
1297 443 1393 471 eduxit
1406 452 1470 472 eum
1494 444 1528 471 de
1553 444 1614 471 lacu
1644 443 1774 474 miseriae,
1790 451 1822 470 ac

1033 488 1109 515 velut
1121 488 1205 516 maris
1218 489 1351 523 procella.
1367 489 1517 525 impiorum
1532 489 1560 517 in
1571 496 1635 517 eum
1653 489 1759 516 insultu
1777 489 1821 516 in-

1034 537 1155 567 crepato,
1168 540 1319 568 eorumque
1331 533 1416 560 animi
1432 537 1540 561 tumore
1570 533 1676 564 sedato.
1708 540 1740 560 ac
1767 533 1821 560 daa-

1033 578 1159 605 moniaco
1170 578 1271 613 impetu
1286 578 1413 611 delinito,
1427 579 1516 614 iisque
1535 579 1562 606 in
1588 578 1711 606 divinum
1741 578 1821 605 timo-

1034 631 1091 650 rem
1114 624 1254 659 siguorum
1278 624 1540 659 tremendorumque
1572 629 1763 660 portentorum
1792 625 1818 652 vi

1033 668 1195 700 immutatis,
1209 673 1292 703 atque
1308 668 1336 695 in
1349 676 1412 696 eum
1434 669 1547 696 modum
1570 669 1604 697 ad
1627 676 1769 696 assensum
1788 668 1820 695 li-

1032 711 1149 746 demque
1164 712 1288 739 veritatis
1303 712 1446 748 Evangelii
1468 713 1614 745 traductis,
1642 717 1699 740 tum
1715 721 1819 748 praeco-

1031 765 1093 784 nem
1108 765 1188 785 suum
1199 765 1233 785 ex
1244 757 1446 786 homicidarum
1461 759 1581 793 procella
1600 759 1683 791 eruit,
1696 762 1754 786 tum
1774 767 1818 787 ve-

1031 803 1072 830 lut
1090 811 1106 831 e
1123 804 1228 838 pelago,
1242 811 1276 831 ex
1291 804 1368 831 varia
1385 812 1416 832 ac
1445 805 1590 840 multiplici
1606 812 1703 832 eorum
1720 805 1817 840 impte-
1842 828 1845 831 .

1033 853 1087 876 tate
1099 849 1267 884 redemptos,
1282 850 1360 885 quasi
1379 850 1407 878 in
1431 851 1561 885 sospitale
1581 851 1669 882 littus,
1683 851 1717 878 ad
1733 850 1818 878 maxi-

1032 902 1107 921 mum
1120 894 1261 922 Simonem
1278 895 1441 929 appellebat.
1457 896 1533 930 lique
1557 896 1637 928 adeo.
1653 896 1772 923 immotae
1786 896 1818 923 il-

1032 940 1086 967 lius
1099 939 1162 967 ﬁdei
1179 945 1264 975 petrae
1275 940 1343 973 nixi,
1357 945 1385 968 et
1399 948 1468 976 aqua
1497 941 1637 968 emundati
1659 949 1692 968 ac
1713 941 1817 975 Spiritui

1032 985 1173 1017 illustrati,
1189 985 1330 1020 sacrisque
1344 993 1395 1020 per
1412 994 1476 1013 eum
1505 985 1605 1013 initiati
1619 994 1652 1013 ac
1665 987 1817 1013 consecrati

1032 1032 1180 1068 mysteriis,
1189 1032 1217 1059 in
1228 1032 1366 1060 Ecclesias
1379 1032 1579 1065 immaculatas,
1595 1033 1621 1061 ei
1636 1033 1817 1069 perﬁcieban‘

1032 1081 1087 1112 tur,
1103 1075 1150 1112 qui
1168 1084 1277 1105 omnem
1289 1084 1305 1104 a
1320 1078 1426 1106 macula
1443 1076 1591 1113 puritatem
1606 1078 1725 1113 excedit.

1066 1212 1112 1240 Sic
1123 1212 1179 1240 Deo
1194 1213 1369 1241 beatissimus
1383 1213 1503 1246 Zelotes,
1524 1222 1586 1250 quae
1611 1219 1739 1242 conserta
1758 1213 1817 1242 acie

1028 1257 1161 1285 adversus
1174 1258 1251 1285 illum
1278 1260 1377 1292 stabat,
1393 1260 1525 1287 virtutem
1543 1261 1704 1295 superavit;
1722 1260 1816 1295 sicque

1028 1304 1089 1330 illos
1102 1305 1254 1339 captivans,
1271 1312 1341 1339 quos
1368 1313 1400 1332 ea
1423 1304 1577 1338 addixerat,
1603 1306 1685 1333 saluti
1708 1306 1817 1333 deditos

1026 1349 1151 1384 quotidie
1162 1350 1294 1378 Ecclesiae
1306 1349 1482 1385 adiungebat.
1497 1351 1599 1379 Verum
1622 1359 1740 1386 namque
1767 1352 1816 1379 Dei

1027 1394 1206 1422 simulacrum
1233 1395 1262 1422 in
1287 1403 1322 1423 eo
1348 1396 1484 1423 elucebat.
1518 1396 1642 1424 Vidisses
1661 1397 1815 1432 simplicem

1026 1447 1100 1472 eum,
1117 1445 1146 1468 et
1159 1440 1377 1475 multiformem;
1392 1448 1424 1469 ac
1437 1441 1511 1469 sicut
1525 1443 1567 1469 sol
1591 1450 1653 1470 cum
1678 1451 1750 1470 unus
1765 1451 1816 1470 nas

1027 1491 1088 1514 tura
1102 1486 1148 1520 sit,
1157 1487 1240 1514 unius
1254 1487 1363 1522 generis
1374 1487 1448 1520 luce,
1463 1486 1570 1515 etl'ectis
1582 1491 1673 1516 tamen
1697 1495 1730 1515 ac
1757 1488 1815 1515 vir-

187 1530 281 1563 φύσιν,
299 1531 338 1566 τῷ
354 1532 486 1566 μονοειδεϊ
500 1533 548 1560 τοῦ
569 1535 668 1569 φωτὸς,
685 1535 807 1569 ποικίλος
823 1525 972 1564 δὲγδείκνυλ

1027 1525 1131 1559 tutibus
1146 1532 1239 1559 varius
1252 1531 1409 1559 ostenditur
1421 1541 1428 1559 ι
1443 1532 1484 1560 sic
1495 1537 1524 1561 et
1538 1540 1652 1568 magnus
1662 1533 1814 1568 apostolus.

186 1583 233 1602 ται
241 1577 302 1607 ταῖς
318 1577 470 1613 ἐνεργείαις
481 1578 570 1606 ὀὕτω
601 1581 653 1608 καὶ
667 1582 681 1608 ὸ
700 1582 789 1616 μέγας
812 1583 971 1616 ἀπόστολος,

186 1620 305 1657 ὲνοειὸὴς
322 1623 371 1657 μὲν
386 1623 445 1658 ἡτοι
460 1625 639 1660 χριστοειδὴς,
656 1626 696 1661 τῷ
710 1627 775 1662 περὶ
790 1628 894 1660 πάντας
905 1629 972 1662 ἀγα-

186 1666 319 1701 θοπρεπεῖ
338 1668 389 1702 τῆς
415 1670 604 1705 συνειδήσεως,
621 1671 741 1703 ποικίλος
761 1671 790 1698 δὲ
819 1674 879 1704 ταῖς
903 1681 972 1709 προ-

186 1711 274 1743 νοίαις
294 1713 341 1739 καὶ
356 1715 417 1745 ταῖς
438 1715 503 1750 περὶ
524 1715 574 1747 τὰς
591 1716 752 1752 Ἐκκλησίας
768 1719 892 1753 φροντίσι
905 1719 973 1746 καθ-

192 1758 279 1792 ωρᾶτο
295 1765 301 1772 ’
318 1758 364 1784 καὶ
378 1759 424 1785 νῦν
440 1759 489 1794 μὲν
514 1760 619 1797 σιωπὴν
637 1761 759 1796 εὔλογον,
789 1762 837 1790 νῦν
852 1763 881 1790 δὲ
894 1763 972 1798 λόγον

188 1800 296 1836 καίριον
310 1802 513 1838 ἐνδεικνύμενος
525 1812 533 1819 ο
547 1805 596 1831 νῦν
609 1805 660 1840 μὲν
687 1806 973 1843 ἀνθρωποπρεπέστε-

186 1854 234 1880 ρον
249 1847 306 1878 τοῖς
318 1847 526 1884 ἐντυγχάνουσιν
547 1851 661 1885 όμιλῶν,
682 1853 730 1879 καὶ
754 1853 789 1879 τά
819 1854 973 1891 ὑψηλότερα

184 1891 232 1917 τοῦ
248 1892 414 1928 Εὑαγγελίου
426 1896 714 1933 παρακαλυπτόμενος,
730 1898 778 1926 νῦν
791 1900 820 1926 δὲ
832 1901 883 1937 τὴν
905 1902 973 1938 ἀλής

186 1938 263 1984 οειαν
276 1941 542 1976 παρρησιαζόμενος,
561 1944 609 1971 καὶ
626 1944 671 1971 τὸν
685 1945 732 1972 ὑπ’
758 1946 842 1974 αὑτοῦ
870 1951 973 1984 κηρυσ-

187 1981 301 2016 σόμενον
323 1984 437 2019 Ἰησοῦν,
462 1986 529 2014 Θεὸν
555 1985 627 2015 εἶναι
657 1991 831 2025 προαιώνιον,
858 1981 970 2027 τέλειον,

184 2027 312 2063 ἄναρχον,
327 2029 505 2066 ἀτελεύτητον
518 2032 771 2070 διαμαρτυρόμενος
786 2044 795 2052 υ
811 2036 879 2064 Θεὸν
906 2038 972 2072 ἀληο

184 2072 218 2108 οῆ
227 2073 274 2100 καὶ
287 2073 387 2109 ζῶντα,
408 2075 439 2109 ἐξ
452 2077 578 2112 ἀληθινοῦ
598 2079 645 2106 καὶ
660 2079 760 2113 ζῶντος
779 2081 824 2108 ἀεὶ
838 2082 886 2109 τοῦ
906 2083 972 2110 ἰδίου

183 2118 353 2154 γεννώμενον
368 2122 474 2157 Πατρός
491 2131 500 2138 ·
527 2123 672 2159 ἀσώματον
698 2126 846 2161 ἀσωμάτου
861 2136 870 2144 ·
893 2129 972 2163 ἀγιον

184 2164 262 2198 ἁγίου
278 2173 286 2182 ·
298 2165 357 2199 φῶς
374 2167 408 2193 ὲκ
423 2168 524 2202 φωτὸς,
547 2168 621 2205 ζωὴν
632 2170 664 2197 ὲκ
678 2170 762 2206 ζωῆς,
777 2173 910 2209 ὁμότιμον
924 2176 971 2202 καὶ

1028 1576 1172 1603 uniformis
1188 1583 1251 1603 cum
1279 1581 1352 1604 esset
1366 1576 1485 1611 (Christo
1496 1576 1602 1604 scilicet
1632 1577 1720 1604 allinis
1733 1581 1815 1612 atque

1026 1621 1146 1655 similis),
1161 1622 1337 1650 conscientiae
1360 1630 1424 1656 erga
1449 1630 1545 1650 omnes
1571 1623 1714 1656 bonitate;
1740 1622 1815 1649 curis

1026 1665 1205 1694 nihilominus
1228 1666 1469 1702 Ecclesiarumquc
1500 1667 1685 1696 sollicitudine
1721 1667 1814 1695 varius

1026 1711 1201 1738 cernebatur.
1213 1712 1252 1739 Ac
1261 1712 1343 1739 modo
1365 1713 1486 1747 quidem,
1505 1720 1656 1748 congruum
1681 1713 1754 1748 iusta
1768 1721 1813 1740 ra-

1027 1756 1101 1784 tione
1122 1757 1282 1790 silentium;
1313 1758 1395 1785 modo
1415 1763 1517 1791 autem,
1549 1763 1738 1793 opportunum
1754 1765 1814 1785 ser-

1026 1809 1135 1829 monem
1145 1802 1400 1831 exhibebatmunc
1416 1811 1451 1831 ex
1478 1803 1599 1831 humana
1623 1803 1730 1831 ratione
1761 1803 1813 1830 hu-

1027 1847 1119 1875 milius
1137 1847 1304 1875 adeuntibus
1320 1847 1494 1883 loquebatur,
1509 1855 1541 1875 ac
1569 1847 1710 1882 Evangelii
1725 1847 1814 1875 subli—

1026 1893 1113 1920 miora
1125 1893 1291 1929 obtegebat;
1306 1901 1381 1921 nunc
1404 1893 1546 1920 veritatem
1565 1893 1655 1928 palam
1683 1893 1814 1928 loqueba-

1026 1945 1082 1973 tur,
1098 1947 1221 1975 aequem
1245 1940 1412 1975 praedicabat
1423 1939 1539 1972 desum,
1559 1939 1645 1967 Deum
1657 1947 1718 1968 esse
1743 1947 1813 1975 prte-

1025 1985 1170 2017 :eternum.
1182 1985 1346 2022 perfectum,
1369 1985 1497 2021 principii
1525 1985 1642 2020 ﬁnisque
1659 1989 1812 2021 expertem,

1025 2032 1250 2060 contestabatur:
1261 2032 1346 2059 Deum
1363 2039 1460 2059 verum
1471 2038 1504 2058 ac
1512 2031 1617 2063 vivum,
1643 2038 1677 2059 ex
1698 2039 1767 2058 vero
1781 2039 1814 2059 ac

1023 2077 1088 2105 vivo
1114 2084 1223 2111 semper
1257 2081 1416 2104 nascentem
1437 2076 1534 2109 Patre;
1557 2075 1752 2111 incorporeum
1778 2085 1812 2104 ex

1026 2124 1188 2158 incorporeo
1204 2127 1350 2155 ;sanctum
1365 2130 1400 2150 ex
1408 2125 1524 2153 sancto;
1540 2122 1632 2149 lumen
1646 2129 1680 2149 ex
1696 2122 1812 2155 lumine,

1024 2169 1109 2196 vitam
1128 2176 1163 2196 ex
1177 2168 1252 2201 vita;
1276 2168 1335 2202 pari
1349 2167 1453 2194 honore
1469 2170 1498 2194 et
1510 2166 1611 2194 deitate
1625 2172 1652 2194 et
1667 2166 1790 2193 bonitate
1802 2175 1812 2199 -,

309 2211 357 2238 καὶ
371 2212 538 2247 όμοάγαθον·
558 2214 591 2242 δι’
620 2212 651 2243 οὗ
678 2217 792 2253 οὐρανός
813 2227 844 2246 τε
867 2220 915 2248 καὶ
934 2222 971 2258 γῆ

1027 2223 1073 2250 per
1083 2221 1164 2250 quem
1177 2213 1277 2241 cmlum
1289 2216 1318 2240 et
1341 2217 1414 2240 terra
1431 2211 1576 2248 producta,
1593 2211 1738 2249 omnisque
1763 2219 1812 2240 eo-

182 2256 323 2291 παρήχθη,
342 2258 389 2284 καὶ
400 2259 414 2285 ὁ
428 2258 538 2294 σύμπας
547 2260 714 2299 διεκοσμήθη
731 2264 842 2299 κόσμος.

219 2301 320 2329 Τοῦτον
337 2303 384 2330 νῦν
412 2305 502 2340 σάρκα
514 2307 649 2340 γενέσθαι,
665 2308 715 2344 τὴν
730 2310 870 2345 ἡμετέραν
892 2313 970 2340 εὐτέ-

182 2348 257 2375 λειαν
272 2349 342 2385 ὑπὲρ
356 2351 435 2386 ¹ἡμῶν
448 2353 481 2379 ὲκ
505 2353 674 2390 παρθενικῆς
689 2355 738 2382 καὶ
764 2356 847 2391 ἁγίας
872 2358 969 2394 νηδύος

182 2393 317 2422 ὑποδύντα
332 2403 339 2411 ·
366 2396 413 2423 καὶ
444 2398 555 2433 σταυρῷ
586 2399 634 2426 καὶ
661 2399 762 2428 πάθεσι
784 2402 833 2429 καὶ
861 2393 970 2440 θανάτῳ

182 2441 431 2476 προσωμιληκὸτα,
454 2443 589 2472 ἀπάθειαν
614 2445 681 2481 ἡμῖν
697 2447 746 2474 καὶ
760 2447 834 2484 ζωὴν
860 2448 970 2477 αἰώνιον

181 2485 226 2512 διὰ
249 2486 300 2521 τῆς
322 2488 354 2515 ὲκ
377 2489 482 2524 νεκρῶν
503 2491 657 2526 τριημέρου
680 2493 855 2527 ἀναστάσεως
876 2504 968 2531 παρα-

181 2531 256 2566 σχεῖν
269 2540 277 2548 ⁸
288 2532 318 2559 όν
331 2533 378 2559 καὶ
392 2533 580 2572 ἀναληφθῆναι
595 2537 748 2572 βλεπόντων
766 2539 845 2575 ἡμῶν
863 2540 904 2573 εἰς
921 2541 968 2570 τὸν

179 2576 304 2612 οὐρανὸν,
317 2578 365 2604 καὶ
376 2578 452 2614 ἥξειν
464 2580 594 2615 ιμφανῶς
614 2581 695 2615 αὖθις
716 2583 824 2612 ικεϊθεν
848 2586 967 2621 προσδο-

180 2621 285 2657 κῶμεν,
300 2623 340 2655 εἰς
353 2624 444 2659 κρίσιν
453 2624 528 2653 ﬁrm
552 2626 584 2654 τὸ
602 2627 714 2663 πλάσμα
743 2630 966 2666 παραστήσοντα.

216 2711 271 2739 Καὶ
280 2711 328 2740 νῦν
344 2712 394 2748 μὶν
410 2713 529 2749 ἐλέγχων
548 2713 598 2750 τὴν
628 2715 732 2749 ἀνοιαν,
759 2715 811 2752 τὴν
836 2717 967 2746 ἀσέϐειαν

178 2757 234 2784 τῶν
258 2758 296 2793 μὴ
314 2759 511 2792 ἀπεγνωκότων
531 2759 579 2787 τὸν
602 2760 680 2793 Θεὺν,
700 2761 746 2789 τὸν
767 2763 867 2791 οἰκεῖον
895 2764 966 2792 πλά-

217 2848 240 2865 ⁹⁰
252 2849 322 2877 Psal.
340 2854 431 2882 um,
449 2849 467 2877 2
514 2850 536 2866 "
549 2850 618 2880 Luc.
633 2851 750 2885 "11,54.

1026 2268 1086 2288 rum
1098 2264 1212 2287 ornatus
1226 2264 1255 2287 et
1264 2258 1405 2287 distinctio
1420 2258 1504 2286 edita.

1058 2306 1138 2334 Hunc
1151 2305 1233 2333 modo
1248 2312 1358 2332 carnem
1376 2304 1479 2332 factum
1495 2313 1567 2339 esse,
1583 2311 1678 2333 nostra
1694 2312 1744 2340 pro
1754 2313 1811 2332 no-

1022 2351 1066 2380 bis
1081 2351 1208 2379 indutum
1221 2350 1334 2382 vilitate,
1356 2357 1390 2378 ex
1405 2350 1533 2386 virginali
1545 2355 1696 2386 sanctoque
1708 2355 1808 2385 utero;

1021 2403 1160 2432 cruceque
1174 2400 1201 2422 et
1214 2394 1389 2430 passionibus
1402 2402 1434 2422 ac
1448 2399 1536 2422 morte
1551 2394 1739 2430 perfunctum,
1756 2395 1808 2423 im-

1021 2442 1163 2470 mortalem
1190 2440 1271 2469 nobis
1298 2439 1437 2475 nullisque
1458 2440 1606 2468 obnoxiam
1635 2440 1810 2476 passionibus

1019 2493 1102 2523 atque
1113 2490 1245 2515 aeternam
1257 2485 1354 2519 vitam.
1374 2486 1501 2520 triduana
1512 2493 1546 2514 ex
1567 2486 1685 2514 mortuis
1713 2493 1808 2514 resur.

1020 2534 1141 2562 rectione
1161 2532 1305 2568 praebere:
1335 2539 1418 2567 quem
1433 2535 1463 2559 et
1491 2531 1572 2560 nobis
1593 2531 1754 2560 videntibus
1779 2533 1806 2561 in

1020 2579 1121 2607 ctelum
1144 2582 1299 2613 receptum,
1324 2576 1390 2605 inde
1416 2584 1514 2605 rursus
1538 2577 1687 2612 conspicua
1715 2577 1807 2612 specie

1022 2628 1171 2652 venturum
1185 2627 1386 2658 exspectamus,
1401 2622 1449 2658 qui
1458 2629 1510 2658 pro
1521 2622 1653 2651 tribunali
1662 2622 1715 2650 sibi
1726 2622 1807 2650 sistat

1022 2677 1104 2698 omne
1120 2669 1271 2696 humanum
1284 2675 1381 2704 genus.

1057 2714 1096 2742 Ac
1107 2713 1190 2748 modo
1204 2713 1327 2749 quidem,
1340 2720 1437 2741 eorum
1449 2713 1497 2748 qui
1520 2712 1606 2741 Deum
1633 2712 1805 2741 conditorem

1017 2768 1102 2790 suum
1113 2758 1266 2794 mundique
1287 2758 1370 2794 hujus
1382 2758 1572 2787 universitatis
1595 2757 1722 2794 opiﬁcem
1749 2766 1806 2788 non
