4040 6394
335 410 444 476 249

1072 413 1353 474 ORATIO
1391 416 1528 475 XII.
1554 440 1619 454 -
1649 417 1728 476 IN
1773 415 2081 476 LAUDEM
2123 416 2182 475 Β.
2225 415 2538 476 SIMONIS
2577 416 2834 476 APOST.

3481 415 3591 478 250

341 523 698 595 ὀλεθροιρόρου
725 526 1050 580 ἀνακόπτων
1095 531 1288 600 φορᾶς,
1328 531 1424 583 καὶ
1464 533 1576 594 τοῖς
1615 531 1915 601 καθήκουσι

2035 530 2241 599 ιιιὶιιοιη
2271 531 2566 585 exitiosum
2615 529 2835 584 inhibet
2884 529 3172 600 impetum.
3219 528 3487 599 iubetque
3537 530 3593 582 in

337 615 532 688 χώροις
563 617 772 670 ἐπιέναι
799 621 898 686 τῆς
917 620 1222 684 διαϐάσεως
1249 623 1309 674 ἐν
1343 623 1568 694 ὀνόματι
1589 623 1912 692 παραγγέλο

339 719 444 760 Αων
474 707 710 773 Χριστοῦ
735 725 750 741 ⁸
779 710 846 762 τά
868 711 923 764 δὲ
955 711 1033 780 τῷ
1061 713 1212 784 αὐτῷ
1236 715 1460 783 ὀνόματι
1495 717 1788 787 ξηραίνων,
1839 717 1915 781 ὡς

343 796 403 849 τὰ
440 798 567 868 πρὶν
594 799 770 852 ἄϐατα
803 801 1012 871 βάσιμα
1043 805 1155 866 τοῖς
1188 804 1501 874 προσοίκοις
1533 807 1869 861 καθεστάναι
1898 821 1912 835 ·

338 885 412 940 ἐῶ
435 887 632 951 ταῦτα,
663 891 758 943 καὶ
796 892 896 943 ὅσα
919 893 1053 946 ἄλλα
1085 894 1225 948 κατά
1252 881 1372 950 ⁸των
1413 897 1696 966 στοιχείων
1723 897 1752 948 ό
1783 895 1918 949 θαυο

340 978 684 1048 μασιώτατος
715 981 1160 1053 ἐπιδεικνύμενος
1189 999 1206 1015 ⁶
1239 987 1332 1039 καὶ
1370 987 1472 1040 ὅσα
1503 987 1638 1058 πρὸς
1683 987 1920 1058 εὐεργε-

339 1071 465 1125 σίαν
494 1071 602 1126 τῶν
625 1072 930 1144 ἀνθρώπων
960 1077 1363 1148 τερατουργῶν,
1399 1079 1494 1132 καὶ
1536 1079 1751 1142 τούτοις
1811 1077 1921 1149 χώ-

345 1179 442 1231 ρας
475 1163 602 1226 ὅλας
632 1165 726 1218 καὶ
755 1164 939 1228 πόλεις
969 1166 1105 1236 προς
1151 1167 1253 1238 τήν
1308 1169 1564 1238 ὑπερφυᾶ
1611 1167 1706 1222 τοῦ
1743 1165 1920 1236 Ἰησοῦ

341 1253 564 1324 διδαχὴν
610 1255 858 1321 ἐξιστῶν,
885 1259 948 1326 τῇ
975 1257 1157 1312 πίστει
1183 1260 1643 1330 κατασφραγίζει,
1679 1259 1774 1313 καὶ
1821 1258 1923 1327 τῆς

346 1342 526 1412 κακῆς
559 1344 849 1412 συνηθείας
877 1347 971 1400 καὶ
999 1346 1206 1418 πλάνης
1229 1349 1324 1402 καὶ
1347 1349 1766 1419 δεισιδαιμονίας
1795 1353 1924 1416 ἀφι-

347 1434 510 1500 στῶν,
550 1434 638 1489 διὰ
665 1436 760 1489 τοῦ
793 1439 1032 1508 Χριστοῦ
1058 1443 1392 1510 προσοικειοῖ
1411 1441 1489 1508 τῷ
1517 1439 1638 1510 θεῷ
1659 1456 1672 1469 ·
1703 1439 1796 1494 καὶ
1830 1439 1924 1492 νῦν

350 1529 449 1600 μὲν
476 1533 588 1594 τοῖς
617 1549 936 1602 προκατηχη
946 1533 1127 1604 μένοις
1163 1535 1256 1588 τὸν
1284 1535 1462 1603 λόγον,
1481 1537 1574 1588 νῦν
1601 1536 1658 1589 δὲ
1686 1537 1798 1598 τοῖς
1828 1537 1925 1588 άν-

347 1620 530 1690 ηκόοις
559 1622 818 1693 ἐπιδημεῖ
837 1640 850 1654 ο
880 1624 1042 1676 πάλιν
1070 1624 1299 1696 ήπείρου
1336 1631 1574 1698 μακρᾶς,
1604 1625 1767 1678 πάλιν
1815 1641 1924 1694 μα-

347 1715 613 1782 κροτέραν
632 1715 948 1786 κατατολμᾷ
969 1716 1220 1784 πελαγῶν
1241 1731 1256 1746 ⁸
1301 1717 1460 1780 αὖθις
1500 1719 1730 1788 ἀγωνιᾷ.
1786 1732 1926 1784 σφαι-

344 1801 492 1865 δάξει
517 1805 608 1856 καὶ
636 1804 914 1876 τρύχεται,
950 1806 1126 1860 ἔθνεσι
1151 1808 1476 1872 δεινοτάτοις
1507 1809 1601 1860 καὶ
1628 1807 1927 1877 σκληροτά-

2017 621 2226 677 Cltristi
2253 623 2478 676 nomine
2521 621 2589 677 iis
2620 621 2758 676 locis
2809 620 3078 686 deﬂuere,
3138 621 3344 691 quibus
3391 620 3596 691 oppido

2019 714 2372 768 commodum
2411 723 2593 779 esset;
2634 713 2735 768 bas
2771 727 2904 767 vero
2937 713 3135 766 eodem
3180 713 3439 767 invocato
3492 729 3596 766 no-

2021 805 2171 859 mine
2199 805 2464 868 exsiccut,
2493 818 2559 858 ac
2587 819 2711 872 quze
2741 803 2896 873 prius
2924 803 3196 872 impervia
3220 812 3404 866 erant,
3454 803 3598 864 loca,

2019 895 2219 949 incolis
2243 902 2467 964 prazstat
2511 894 2720 963 pervia.
2748 894 2903 948 llitto
2954 894 3093 958 haec,
3151 908 3216 948 ac
3258 907 3601 962 quascunque

2021 987 2127 1042 alia
2159 987 2244 1040 vir
2275 985 2634 1041 admirandus
2667 987 2934 1041 adversus
2965 987 3242 1040 elementa
3277 984 3597 1053 designans,

2021 1093 2363 1149 quaecunque
2396 1077 2561 1132 etiam
2595 1077 2649 1131 in
2673 1078 2960 1132 hominum
2991 1076 3226 1148 gratiam
3251 1076 3469 1144 illisque
3500 1075 3601 1128 de-

2023 1167 2300 1222 merendis
2350 1165 2599 1236 prodigia
2635 1176 2882 1236 patrans,
2934 1174 3099 1235 atque
3147 1165 3234 1220 his
3283 1163 3602 1233 provincias

2024 1257 2266 1328 integras
2290 1257 2567 1326 urbesque
2591 1257 2882 1311 divinioris
2906 1255 3038 1311 Jesu
3071 1255 3343 1311 doctrinae
3372 1263 3601 1322 stupore

2024 1347 2393 1419 suspendens,
2437 1347 2544 1402 (ide.
2565 1347 2875 1418 consignat,
2903 1357 3068 1416 atque
3100 1362 3130 1400 a
3165 1345 3306 1400 mala
3342 1353 3603 1400 avocatus

2025 1437 2449 1502 consuetudine,
2471 1453 2774 1507 erroreque
2795 1453 2860 1492 ac
2876 1437 3294 1508 superstitione,
3321 1421 3605 1505 per'Chric

2026 1538 2172 1586 stum
2196 1530 2308 1584 Deo
2321 1528 2583 1583 conciliat
2611 1546 2628 1583 :
2657 1543 2725 1582 ac
2748 1545 2897 1583 nunc
2922 1528 3146 1598 quidem
3172 1529 3238 1583 ad
3264 1544 3360 1583 eos
3388 1545 3446 1584 se
3473 1544 3606 1584 con-

2026 1617 2154 1682 fert,
2191 1617 2286 1687 qui
2313 1618 2426 1688 jam
2450 1616 2714 1670 doctrina:
2743 1616 2993 1670 auditum
3053 1625 3407 1686 acceperant,
3456 1631 3605 1670 nunc

2029 1716 2214 1762 autem
2241 1706 2310 1761 ad
2337 1721 2436 1762 eos
2461 1706 2554 1776 qui
2590 1707 2711 1776 ejus
2741 1705 2881 1759 nihil
2908 1705 3220 1760 audierant.
3261 1706 3472 1760 Rursus
3493 1706 3607 1758 lon-

2031 1815 2098 1871 ga
2135 1797 2494 1862 continentis,
2523 1797 2776 1866 longiora
2805 1797 3045 1866 :equoris
3067 1807 3236 1866 atque
3263 1796 3441 1866 pelagi
3476 1811 3608 1864 per-

346 1908 462 1956 τοις
484 1870 790 1965 περιτυχών
818 1912 831 1927 ·
864 1896 1020 1961 αὖθις
1051 1897 1109 1951 δέ
1141 1899 1320 1970 χαίρει
1361 1870 1808 1969 καὶ-ἀγαλλιᾶται
1829 1899 1926 1952 καὶ

2035 1870 2243 1946 tentata
2279 1887 2476 1958 spatia.
2507 1888 2722 1942 Rursus
2753 1885 2920 1940 animi
2949 1885 3146 1940 anxius
3176 1894 3520 1954 maestusque
3554 1892 3612 1938 et

342 1983 555 2053 ἥδεται,
585 1987 666 2049 είς
711 1987 953 2058 γαλήνην
993 1989 1084 2044 τὸν
1151 1991 1400 2062 χειμῶνα
1453 1988 1928 2061 μεταϐεϐλημένον

344 2074 510 2147 ὁρῶν,
542 2078 639 2130 καὶ
675 2078 774 2149 τὴν
807 2080 1107 2152 ἀγριότητα
1139 2083 1233 2136 καὶ
1283 2085 1540 2137 ἀπιστίαν
1585 2083 1667 2146 είς
1723 2081 1930 2153 ἡμερό-

349 2167 488 2235 τητά
517 2184 576 2221 τε
606 2170 698 2224 καὶ
727 2170 909 2223 πίστιν
944 2172 1435 2245 μεταποιουμένην.

425 2431 582 2486 Ἔστι
623 2431 722 2502 μέν
761 2433 849 2486 ὅτε
897 2434 1019 2486 καθ’
1042 2433 1138 2488 ἐνα
1167 2433 1390 2504 φωτίζει
1418 2438 1545 2500 τοὺς
1577 2437 1931 2508 παρατυγχά-

353 2539 545 2587 νοντας
568 2541 584 2556 ο
615 2524 730 2577 ἐστι
759 2525 807 2578 δ’
844 2525 934 2578 ὅτε
959 2526 1054 2579 καὶ
1083 2525 1288 2580 πλείοσι
1321 2525 1464 2580 κατά
1502 2528 1698 2582 ταύτὸν
1734 2529 1931 2601 ἀνδρά-

354 2626 407 2662 σι
432 2612 528 2664 καὶ
557 2611 792 2679 γυναιξὶ,
827 2611 1105 2676 πλουσίοις
1163 2614 1259 2668 καὶ
1303 2615 1551 2684 πένησιν,
1599 2617 1825 2687 ἄρχουσί
1872 2633 1930 2671 τε

350 2703 446 2754 καὶ
476 2703 711 2768 ίδιὼταις
735 2704 1060 2775 νομοθετῶν,
1101 2705 1279 2769 κοινὸς
1326 2709 1546 2761 πάντων
1590 2708 1928 2773 διδάσκαλος,

349 2797 554 2867 ποιμήν
587 2813 647 2849 τε
678 2796 774 2849 καὶ
805 2796 987 2866 σωτὴρ
1033 2796 1255 2864 ἀγαθὸς,
1301 2797 1444 2852 κατά
1491 2801 1592 2867 τήν
1639 2801 1933 2871 ὁμοιότητα

350 2885 905 2957 δείκνυταιΧριστοῦ.
946 2886 1201 2950 Τοιοῦτος
1247 2888 1278 2940 ό
1318 2887 1412 2941 τοῦ
1463 2888 1762 2942 ἀποστόλου
1818 2888 1935 2959 βίος

353 2977 448 3031 καὶ
474 2977 712 3046 τρόποςο
749 2979 843 3031 καὶ
885 2977 1094 3048 ταύτην
1139 2973 1278 3032 εἶναι
1325 2977 1585 3050 βραχεῖαν
1629 2981 1935 3051 ὑπόμνησιν

349 3070 462 3126 τῶν
505 3070 876 3142 πολυχρονίων
909 3070 1074 3125 αὐτοῦ
1100 3072 1276 3126 πόνων
1301 3073 1395 3126 καὶ
1413 3071 1751 3143 κικροτάτων
1777 3089 1934 3143 περι-

350 3161 488 3216 ύδων

437 3250 720 3306 Ἐντεῦθεν
766 3250 970 3321 πολλήν
1021 3251 1118 3322 μὲν
1151 3252 1396 3323 ήπειρον,
1442 3252 1643 3324 πολλήν
1689 3253 1748 3308 δὲ
1790 3271 1936 3326 παρ-

352 3338 522 3405 άλιον,
559 3341 654 3392 καὶ
681 3340 880 3410 νήσους
906 3339 964 3392 δὲ
988 3340 1088 3393 οὐκ
1115 3339 1302 3407 ὀλίγας
1322 3340 1400 3412 τῷ
1436 3341 1753 3413 κηρύγματι
1784 3361 1937 3414 περιο
1985 3341 1988 3344 ’

350 3430 534 3485 λαϐὼν
573 3446 588 3462 ο
625 3430 955 3501 Ἐκκλησίας
991 3447 1052 3482 τε
1076 3430 1358 3494 πλείστας,
1389 3432 1572 3503 ἱερέας
1594 3449 1655 3486 τε
1698 3435 1792 3488 κα)⁵
1831 3436 1936 3505 ἀρ·

352 3521 568 3592 χιερέας
595 3523 1042 3592 ἀψιερωσάμενος
1084 3521 1274 3592 Κυρίῳ
1303 3536 1318 3551 ⁸
1378 3522 1473 3575 καί⁷
1504 3522 1605 3594 ήδη
1663 3523 1726 3576 τὺ
1777 3523 1936 3595 ἔργον

351 3612 450 3682 τῆς
481 3613 793 3685 ἱερουργίας
817 3611 911 3665 τοῦ
938 3613 1100 3678 λόγου
1131 3611 1549 3682 περαινόμενος,
1611 3613 1708 3666 καὶ
1757 3613 1936 3666 αὐτῶν

353 3703 456 3773 ήδη
491 3701 600 3755 τῶν
637 3703 918 3771 στεφάνων
950 3701 1180 3773 πλησίον
1212 3703 1502 3772 γινόμενος
1525 3716 1540 3731 '
1568 3703 1788 3756 διαπλεῖ
1837 3705 1936 3774 μὲν

353 3794 448 3847 τὸν
502 3794 755 3864 ἑσπέριον
816 3791 1092 3860 Ὠκεανὸν,
1151 3793 1288 3864 πρὸς
1340 3795 1458 3858 ταῖς
1495 3792 1851 3864 Βρετανικαϊς
1881 3794 1937 3848 δὲ

355 3886 718 3955 καλουμέναις
749 3885 998 3955 καταίρει
1027 3885 1210 3956 νήσοις
1251 3901 1265 3916 ·
1314 3883 1382 3948 ἃς
1429 3889 1530 3956 τῆς
1585 3884 1714 3956 δλης
1756 3889 1936 3941 οἰκου-

361 3978 529 4050 μένης
566 3978 718 4040 τέλος
769 3975 931 4044 φασίν
966 3991 980 4007 ο
1020 3975 1158 4046 μηδὲ
1210 3976 1319 4045 γὰρ
1353 3977 1610 4031 ἐπέκεινα
1641 3976 1746 4049 γῆν
1774 3973 1936 4046 εἶναι,

359 4068 486 4141 μήτ’
519 4067 612 4121 οὖν
635 4067 696 4119 τὸ
723 4067 959 4135 πέλαγος
989 4065 1106 4134 μετ’
1130 4064 1301 4128 αὑτὰς
1329 4067 1584 4136 περατόν.

440 4159 588 4212 Ἐκεῖ
665 4157 848 4227 Σίμων
914 4157 944 4210 ὁ
999 4156 1550 4227 τρισμακαριώτατος
1626 4159 1938 4228 γενόμενος,
2017 4148 2022 4150 ﬁ

356 4249 569 4305 καὶτὸν
593 4248 749 4314 λόγον
801 4247 901 4316 τῆς
945 4245 1204 4317 ἀληθείας
1258 4247 1754 4320 εὐαγγελισάμενος
1785 4265 1801 4280 ο
1843 4250 1939 4304 καὶ

357 4341 587 4404 πολλοὺς
648 4340 748 4408 μὲν
810 4339 1209 4402 πιστεύσαντας
1258 4338 1338 4408 τῷ
1382 4339 1527 4411 λόγῳ
1558 4339 1661 4410 τῆς
1707 4339 1932 4412 χάριτος

360 4429 826 4502 σφραγισάμενος,
870 4428 1127 4490 πλείστας
1165 4427 1222 4482 δὲ
1251 4429 1347 4483 καὶ
1381 4430 1530 4499 παρά
1565 4429 1675 4482 τῶν
1727 4432 1940 4484 ἀντιλε-

2035 1995 2204 2035 morae
2224 1979 2518 2049 impatiens
2541 1986 2628 2033 est
2652 1985 2709 2031 et
2758 1976 3153 2040 diserueiatur,
3210 1976 3266 2028 in
3308 1973 3612 2029 ferissimas

2035 2081 2228 2144 gentes
2250 2085 2315 2124 ac
2347 2069 2674 2124 durissimas
2721 2067 3010 2134 incidens;
3070 2081 3379 2136 rursusque
3409 2064 3614 2135 gaudet

2033 2171 2092 2218 et
2114 2159 2353 2216 exsultat
2380 2159 2795 2230 acjucundatur
2822 2167 3088 2212 mutatam
3131 2164 3522 2226 tempestatem
3554 2153 3613 2208 in

2040 2253 2397 2323 tranquillum
2424 2250 2657 2316 videns;
2692 2248 3014 2318 ferinosque
3045 2258 3104 2302 et
3137 2246 3458 2302 incredulos
3490 2258 3614 2300 mo-

2038 2344 2202 2399 resin
2227 2343 2512 2397 lenitatem
2552 2355 2852 2395 conversos
2883 2349 2940 2394 et
2976 2339 3161 2394 ﬁdem.

2107 2436 2449 2506 Quandoque
2511 2435 2759 2504 singulos
2826 2433 2922 2503 qui
2972 2433 3193 2487 adirent
3243 2428 3614 2492 illuminabat,

2038 2528 2370 2601 quandoque
2399 2541 2533 2581 vero
2563 2526 2729 2580 etiam
2757 2523 3014 2594 pluribus
3045 2521 3210 2577 simul
3236 2520 3374 2575 viris
3403 2535 3469 2574 ac
3499 2535 3618 2572 tnu-

2039 2620 2288 2684 lieribus,
2323 2617 2595 2673 divitibus
2621 2631 2686 2670 ac
2715 2614 3076 2686 pauperibus,
3107 2611 3524 2683 magistratibus
3553 2619 3611 2664 et

2039 2709 2274 2782 privatis
2316 2707 2649 2763 documenta
2687 2705 2936 2771 tradens,
2988 2703 3264 2758 universis
3304 2700 3618 2756 communis

2039 2802 2320 2873 magister,
2373 2800 2676 2868 Pastorque
2725 2811 2789 2852 ac
2837 2804 3083 2851 servator
3140 2795 3352 2857 bonus,
3409 2790 3617 2847 Christi

2039 2893 2292 2962 exemplo
2339 2889 2608 2946 enitebat.
2640 2887 2788 2942 Talis
2834 2887 3069 2956 apostoli
3110 2885 3226 2939 vita
3274 2897 3612 2951 moresque:

2041 2987 2242 3056 bicque
2260 2982 2447 3040 brevis
2484 2979 2916 3037 commentarius
2943 2992 3136 3033 eorum
3163 2977 3440 3036 laborum,
3471 2987 3613 3042 quos

2041 3080 2236 3149 longos
2262 3089 2440 3132 annos
2463 3072 2776 3138 desudavit,
2801 3069 3445 3137 molestissimorumquc
3475 3065 3624 3119 illius

2043 3170 2326 3225 itinerum.

2111 3260 2251 3315 Hinc
2283 3258 2514 3313 multam
2539 3253 2918 3311 continentem
2952 3258 3010 3307 et
3043 3248 3343 3308 maritima,
3388 3245 3624 3300 insulas-

2037 3369 2145 3425 que
2183 3368 2292 3407 non
2325 3364 2530 3422 paucas
2555 3344 2952 3418 praedicatione
2977 3342 3300 3411 complexus
3328 3337 3615 3408 pluribus-

2036 3461 2146 3516 que
2175 3442 2445 3498 Ecclesiis
2479 3449 2537 3496 et
2567 3436 2958 3494 sacerdotibus
2987 3448 3052 3488 ac
3078 3432 3359 3503 episcopis
3391 3428 3624 3484 Domino

2037 3533 2411 3599 consecratis;
2437 3532 2661 3603 jamque
2691 3543 2862 3583 sacrae
2882 3526 3037 3581 verbi
3066 3519 3624 3588 iuuetionicolopbo-

2037 3642 2164 3683 nem
2197 3627 2513 3696 imponens,
2553 3638 2617 3677 ac
2646 3621 2793 3691 ipsas
2822 3633 2852 3674 e
2881 3615 3190 3687 propinquo
3209 3625 3444 3667 coronas
3479 3609 3626 3662 salu-

2039 3729 2182 3782 tans,
2207 3715 2501 3772 occiduum
2525 3712 2805 3768 Oceanum
2831 3707 3071 3778 navigat,
3092 3713 3256 3774 atque
3288 3702 3355 3756 ad
3390 3700 3624 3759 insulas,

2038 3824 2177 3880 quas
2209 3805 2556 3861 Britannicas
2581 3811 2765 3857 vocat.
2803 3799 2912 3853 llas
2963 3810 3120 3859 vero,
3165 3790 3410 3848 universi
3460 3788 3617 3843 orbis

2039 3878 2315 3957 terrarum
2350 3912 2480 3952 oras
2505 3903 2782 3950 extremas
2824 3904 2946 3945 esse
2977 3888 3203 3950 ferunt;
3259 3897 3440 3952 neque
3475 3878 3626 3951 quod

2040 3991 2305 4061 deinceps
2333 3997 2439 4053 est,
2471 3985 2702 4058 pelagus
2723 3993 2885 4052 posse
2913 3977 3189 4048 superari.

2114 4167 2252 4222 Illuc
2285 4162 2480 4218 Simon
2508 4156 2863 4215 beatissimus
2882 4167 3008 4209 cum
3040 4150 3304 4213 venisset,
3330 4162 3395 4202 ac
3418 4145 3626 4200 νητίιαο

2043 4260 2115 4315 tis
2138 4269 2449 4314 sermonem
2483 4249 2888 4309 annuntiasset,
2924 4243 3239 4312 multosque
3279 4238 3452 4294 verbo
3505 4253 3628 4308 gra-

2045 4353 2135 4408 tiae
2172 4347 2464 4405 credentes
2493 4341 2876 4412 consignasset
2910 4353 2925 4392 :
2956 4335 3052 4390 sed
3079 4343 3138 4389 et
3167 4333 3236 4388 ab
3262 4331 3354 4394 iis,
3403 4329 3494 4401 qui
3531 4344 3626 4383 ve-

2045 4441 2195 4499 ritati
2211 4437 2681 4499 contradicerent,
2709 4430 2901 4486 multis
2919 4426 3196 4498 appetitus
3220 4423 3436 4480 insidiis
3457 4432 3622 4486 esset,

358 4524 566 4593 γόντων
591 4525 659 4593 τῇ
683 4520 914 4592 ἀληθείᾳ
955 4519 1246 4584 ἐπιδουλὰς
1293 4517 1545 4590 ὑποσχών
1570 4536 1586 4554 ο
1627 4521 1782 4586 τέλος
1833 4523 1935 4576 ὑπὸ

2045 4535 2114 4591 ad
2163 4543 2474 4590 extremum
2517 4521 2954 4596 corripientibus
2995 4517 3298 4590 impietatis
3352 4515 3623 4587 patronis,

357 4615 470 4669 τῶν
494 4614 598 4684 τῆς
620 4613 873 4676 ἀσεόείας
915 4613 1322 4682 συναρπασθεὶς
1361 4614 1742 4679 ὑπασπιστων,
1767 4631 1940 4684 προσ-

360 4705 587 4779 ηλοῦται
620 4705 838 4777 σταυρῷ
858 4722 871 4736 ·
893 4705 1040 4768 τέλος
1061 4704 1212 4769 ἀξιον
1240 4705 1339 4776 τῆς
1365 4705 1681 4776 ἐπιθυμίας,
1707 4709 1802 4761 καὶ
1824 4708 1936 4762 τῶν

360 4798 505 4868 ὑπὲρ
535 4795 629 4850 τοῦ
658 4795 1078 4867 ἐσταυρωμένου
1125 4797 1323 4857 πόνων.
1385 4797 1479 4850 τὸν
1542 4797 1683 4868 ὑπὲρ
1728 4798 1940 4856 ἐκείνου

358 4888 656 4958 δεξάμενος
687 4885 921 4955 σταυρόν
957 4902 971 4915 ·
1028 4884 1123 4938 καὶ
1159 4886 1227 4955 τῇ
1266 4885 1545 4956 ὁμοιότητι
1594 4886 1690 4942 τοῦ
1734 4888 1943 4953 πάθους

359 4980 601 5046 δοξάζων
623 4979 787 5033 αὑτὸν
805 4977 902 5030 καὶ⁸
937 4977 1294 5048 δοξαζόμενος
1317 4979 1375 5032 ἐν
1406 4977 1577 5046 αὐτῷ.

435 5072 629 5125 Τοίνυν
651 5069 746 5123 ἐπὶ
768 5068 865 5122 τοῦ
915 5068 1150 5140 σταυροῦ
1179 5069 1428 5140 καθάπερ
1461 5069 1620 5133 ἀλλος
1656 5069 1942 5140 ἐσταυρωο

363 5163 530 5233 μένος
565 5161 796 5232 Ἰησοῦς,
827 5160 968 5232 μετά
993 5161 1091 5225 τὰς
1127 5161 1346 5231 μακρὰς
1379 5160 1516 5231 πρὸς
1557 5161 1688 5224 τοὺς
1737 5161 1945 5231 παρόν-

359 5273 463 5320 τας
480 5255 592 5309 τῶν
623 5255 798 5326 ὄχλων
823 5254 1061 5325 ὁμιλίας,
1090 5254 1230 5324 μετά
1256 5253 1354 5317 τὰς
1376 5251 1778 5323 συντεταμένας
1810 5252 1948 5324 πρὸς

363 5347 576 5419 Κύριον
611 5347 1059 5420 προσευχάς,τάς
1092 5347 1234 5418 ὑπὲρ
1256 5345 1366 5400 τῶν
1399 5345 1626 5410 πιστῶν,
1663 5343 1764 5407 τὰς
1806 5345 1947 5416 ὑπὲρ

361 5440 480 5494 τῶν
507 5439 752 5494 ἀπίστων
783 5457 800 5472 ·
829 5439 938 5493 τῶν
970 5441 1089 5509 μὲν,
1113 5439 1262 5502 ὅπως
1291 5438 1581 5508 ἐμμένοιεν
1609 5436 1950 5508 ἀπαρακίνη-

365 5549 454 5587 τοι
479 5534 546 5602 τῇ
569 5531 817 5604 ἀληθείᾳ,
843 5532 952 5585 τῶν
985 5531 1066 5596 δὲ,
1098 5533 1245 5593 ὅπως
1268 5530 1656 5599 ἐπιστραφεῖεν
1690 5528 1827 5600 πρὸς
1855 5528 1947 5582 τὸν

368 5626 508 5680 Θεὸν
530 5626 620 5678 τὸν
650 5625 890 5696 ἰσχυρὸν,
922 5625 1010 5678 τὸν
1045 5623 1245 5689 ζῶντα,
1278 5622 1372 5676 καὶ
1397 5616 1789 5686 πιστεύσαντες
1837 5639 1944 5676 σω·

447 5806 496 5839 ³⁸
527 5804 670 5862 Psal.
707 5819 812 5869 xtt,
841 5803 893 5858 5.

2041 4622 2193 4681 cruci
2225 4619 2508 4690 adigitur;
2541 4616 2769 4686 dignum
2802 4611 3017 4666 scilicet
3061 4607 3387 4678 cupiditatis
3432 4605 3623 4668 tinem,

2043 4729 2110 4769 ac
2135 4711 2388 4768 laborum
2423 4705 2670 4763 cruciﬁxi
2693 4719 2859 4760 causa
2895 4708 3306 4770 susceptorum,
3331 4695 3480 4749 illius
3503 4710 3629 4764 gra-

2046 4805 2121 4861 tia
2160 4808 2450 4872 reportans
2477 4798 2780 4867 repositam
2817 4807 3042 4849 crucem
3071 4805 3088 4857 ;
3121 4786 3505 4860 passionisquc
3548 4783 3628 4836 si-

2045 4891 2362 4952 militudine
2403 4899 2518 4944 tum
2553 4888 2734 4957 ipsum
2761 4882 3097 4946 clariﬁcans,
3124 4889 3240 4933 tum
3273 4876 3330 4931 in
3353 4875 3472 4946 ipso
3507 4873 3592 4928 cla

2047 4990 2270 5044 ritatem
2303 4989 2501 5038 nactus
2533 4987 2591 5034 et
2617 4975 2876 5050 gloriam.

2120 5077 2294 5147 lgitur
2333 5073 2388 5128 in
2415 5083 2636 5127 crucem
2658 5067 2816 5121 velut
2847 5064 2990 5118 alter
3009 5060 3172 5117 Jesus
3203 5056 3472 5117 sublatus,
3506 5060 3632 5121 post

2047 5167 2208 5238 longa
2234 5164 2303 5220 ad
2359 5170 2604 5218 astantes
2629 5156 2822 5213 turbas
2836 5151 3113 5223 colloquia
3139 5167 3156 5216 ;
3188 5156 3316 5220 post
3339 5151 3632 5201 contentas

2048 5256 2118 5312 ad
2146 5234 2324 5311 beam
2350 5267 2566 5324 preces,
2595 5249 2651 5304 in
2669 5246 2915 5302 ﬁdelium
2931 5242 3188 5314 gratiam,
3211 5248 3270 5294 et
3289 5234 3628 5296 inﬁdelium;

2050 5346 2324 5417 priorum,
2383 5353 2446 5399 ut
2496 5339 2711 5396 immoti
2760 5338 2819 5393 in
2873 5335 3109 5391 veritate
3161 5331 3628 5400 perseverarent;

2047 5437 2307 5502 aliorum,
2347 5445 2410 5490 ut
2440 5435 2510 5490 ad
2534 5435 2708 5490 Deum
2761 5431 2962 5486 fortem
2996 5427 3188 5482 vivum
3229 5426 3628 5477 converteren-

2048 5537 2159 5592 tur,
2190 5541 2256 5582 ac
2283 5525 2388 5580 (ide
2421 5524 2652 5579 salutem
2678 5525 3152 5591 consequerentur
3180 5513 3249 5568 “.
3299 5511 3430 5566 Post
3482 5506 3618 5572 haee

2049 5620 2298 5690 inquam,
2321 5633 2351 5673 a
2383 5616 2589 5673 mundo
2619 5614 2844 5685 quidem
2876 5619 2935 5667 et
2956 5625 2988 5665 a
3014 5619 3250 5675 corpore
3279 5600 3502 5674 penitus
3528 5613 3629 5654 ex-
