4040 6390
555 346 659 400 22)]
1766 344 2058 406 NICETE
2095 346 2545 411 PAPIILAGON
2557 349 2623 410 IS
3715 364 3818 432 252

550 451 778 515 (edens,
815 450 869 504 in
907 466 965 505 se
987 466 1120 506 vero
1148 461 1299 508 totus
1342 467 1664 518 conversus,
1709 471 1878 527 seque
1929 459 2132 523 medio,

2238 459 2407 514 θῶσιν
2430 479 2443 494 ο
2482 463 2619 532 μετὰ
2648 463 2822 517 ταῦτα
2848 463 3001 533 γοῦν,
3030 463 3122 519 τοῦ
3153 468 3360 538 κόσμου
3397 469 3498 542 μὲν
3516 471 3698 528 τέλεον
3723 481 3814 531 καὶ

557 545 777 607 incum,
818 544 872 596 in
905 559 1068 613 quem
1105 560 1204 613 per
1232 544 1397 601 ﬁdem
1431 560 1648 616 semper
1688 549 2083 619 commigrabat
2114 567 2129 616 ;

2235 549 2328 603 τοῦ
2358 551 2608 622 σώματος
2641 553 3011 622 ἐξιστάμενος,
3051 557 3188 628 πρὸς
3230 560 3422 614 ἑαυτὸν
3451 561 3509 615 δὲ
3533 579 3813 620 συννενευ-

553 649 754 702 corpus
781 634 1008 704 quidem
1040 635 1190 690 velut
1213 637 1480 705 quasdam
1500 636 1660 692 faeces
1685 640 1860 707 ponit,
1889 640 1982 709 qui
2012 657 2132 695 car-

2236 640 2346 704 κὼς
2379 643 2519 709 ὅλος,
2557 644 2651 697 καὶ
2679 645 2748 697 δι’
2775 647 2970 698 ἑαυτοῦ
3006 648 3142 717 πρὸς
3165 649 3278 713 τὸν,
3307 652 3366 703 ἐν
3388 645 3432 720 ᾧ
3461 653 3549 707 διά
3579 656 3813 722 πίστεως

554 727 639 779 nis
656 725 866 794 pridem
902 726 1224 781 indumento
1244 738 1530 783 emortuus
1559 737 1734 795 esset;
1767 731 1917 785 velut
1946 745 2129 788 autem

2231 727 2300 802 ἦν
2333 733 2419 786 ἀεὶ
2451 733 2865 805 μεθιστάμενος,
2899 739 3303 804 ἀποδιῦλίζεται
3331 743 3429 813 μὲν
3450 744 3700 816 καθάπερ
3721 746 3813 800 τοῦ

556 815 662 869 levi
691 831 871 884 penna
893 833 958 871 ac
991 819 1247 887 cmlipeta
1288 819 1486 888 spiritu
1538 821 1594 874 in
1649 822 1820 877 caelos
1855 824 2127 891 sublatus,

2235 823 2508 893 σώματος,
2545 826 2712 880 πάλαι
2744 828 2805 880 τὸ
2833 828 3087 899 σάρκινον
3117 833 3341 902 φόρημα
3378 815 3810 906 νενεκρωμένος·

557 907 709 962 videt
747 908 849 962 sibi
880 910 1137 964 caelestes
1183 921 1404 980 apertas
1442 913 1673 981 januas;
1704 914 1856 970 videt
1902 925 1958 970 et
1985 916 2130 971 clare

2231 910 2320 968 οἷα
2347 916 2405 969 δὲ
2432 918 2618 988 πτερῷ
2640 918 2827 988 κούφῳ
2869 921 2962 974 καὶ
2997 922 3355 996 οὐρανοπόρῳ
3409 926 3488 994 τῷ
3543 929 3811 998 πνεύματι

559 996 756 1051 Filium
783 998 1064 1052 sedentem
1100 1015 1129 1052 a
1156 999 1364 1054 dextris
1392 1009 1636 1069 paternae
1664 1005 1972 1074 majestatis
2007 1024 2020 1060 :
2049 1007 2129 1078 ip-

2230 1002 2569 1074 διαιρόμενος
2596 1007 2674 1070 είς
2702 1009 2985 1078 οὐρανοὺς,
3007 1012 3108 1082 ὁρᾷ
3141 1013 3238 1081 μὲν
3272 1013 3370 1076 τὰς
3397 1015 3653 1085 οὐρανίας
3679 996 3810 1072 ἀνα-

555 1102 725 1157 seque
754 1089 969 1144 cunctis
997 1089 1104 1143 illis
1134 1089 1401 1144 mentium
1427 1099 1856 1162 sanctorumque
1895 1095 2129 1166 stipatus

2231 1094 2587 1164 πεπταμένας
2623 1097 2770 1167 αὐτῷ
2811 1098 2984 1162 πύλας
3015 1117 3030 1134 ·
3062 1102 3164 1172 δρᾷ
3189 1103 3243 1155 δὲ
3273 1104 3533 1173 καθαρῶς
3568 1107 3659 1161 τὸν
3685 1110 3810 1164 Υίὸν

556 1179 883 1249 agminibus,
934 1181 1162 1251 mystice
1205 1196 1270 1235 ac
1307 1197 1414 1251 qua
1463 1198 1626 1237 nemo
1669 1187 1859 1240 verbis
1888 1190 2129 1257 explicet

2229 1180 2320 1234 τοῦ
2351 1181 2487 1236 Θεοῦ
2519 1186 2580 1236 ὲκ
2601 1185 2787 1249 δεξιῶν
2810 1188 2910 1258 τῆς
2943 1190 3209 1262 Πατρώας
3238 1193 3632 1267 μεγαλωσύνης
3668 1199 3809 1270 ἱδρυ-

562 1268 797 1332 ratione,
836 1269 905 1323 ad
942 1285 1256 1339 supremum
1305 1273 1553 1326 omnium
1601 1288 1784 1344 regem
1837 1277 1953 1332 adit
2000 1295 2124 1334 cum

2232 1271 2393 1340 μένον
2415 1289 2429 1302 ·
2465 1275 2558 1327 καὶ
2581 1277 2742 1341 αὐτὸς
2767 1279 2871 1332 ὑπὸ
2905 1280 3086 1350 πάσης
3123 1285 3317 1355 νοερᾶς
3345 1285 3439 1339 καὶ
3459 1287 3620 1356 ἀγίας
3658 1268 3807 1360 δορυ-

556 1363 954 1427 exsultatione;
993 1362 1282 1433 ipsumque
1313 1363 1452 1418 facie
1482 1365 1550 1419 ad
1581 1365 1775 1421 faciem
1808 1380 2024 1438 nactus,
2061 1389 2127 1427 ac

2229 1365 2561 1434 φορούμενος
2594 1368 2937 1440 ταξιαρχίας,
2967 1374 3216 1442 πρόσεισι
3247 1379 3527 1445 μυστικῶς
3573 1381 3666 1434 καὶ
3715 1383 3807 1454 ἀρ-

558 1451 633 1505 illi
665 1452 864 1506 eximie
888 1452 1067 1508 laudis
1103 1454 1322 1508 cantico
1351 1455 1668 1523 defunctus,
1719 1458 1961 1530 Jesuque
1995 1463 2125 1517 dex-

2227 1457 2408 1525 ρήτως
2432 1459 2509 1526 τῷ
2537 1459 2639 1529 τῆς
2669 1460 2829 1533 δόξης
2853 1464 2912 1515 ἐν
2946 1465 3266 1532 ἀγαλλιάσει
3296 1470 3645 1540 Παμῦασιλεῖ
3666 1490 3680 1504 ’
3717 1451 3805 1528 καὶ

552 1551 685 1605 tera,
717 1558 919 1598 corona
945 1545 1134 1616 gloriae
1163 1545 1403 1601 donatus
1433 1565 1449 1601 :
1479 1549 1647 1629 nullis
1675 1550 1912 1622 denique
1940 1555 2125 1612 verbis

2225 1547 2375 1618 αὑτῷ
2428 1551 2724 1618 πρόσωπον
2776 1553 2912 1624 πρδς
2961 1556 3253 1625 πρόσωπον
3313 1561 3694 1634 ἐντετυχηκὼς
3719 1568 3804 1620 καὶ

545 1632 861 1701 cxplicabili
919 1646 1187 1706 apparatu
1238 1647 1404 1707 atque
1432 1624 1646 1696 honore
1677 1655 1992 1715 susceptus,
2027 1663 2122 1701 su-

2226 1639 2521 1710 ὑπερφυῶς
2545 1641 2706 1695 αὑτὸν
2736 1624 3038 1714 ὑμηκώςίο
3071 1649 3164 1700 καὶ
3194 1650 3272 1721 τῷ
3322 1624 3574 1725 στεφάνω
3597 1624 3701 1726 τῆς
3727 1659 3801 1709 δι-

540 1723 747 1788 premis
798 1725 1105 1798 primisque
1151 1736 1440 1799 coaptatur
1484 1738 1657 1801 atque,
1692 1735 1884 1789 unitur
1921 1737 2018 1793 Dei
2054 1737 2120 1793 ﬁ-

2226 1730 2524 1801 καιοσὺνης
2553 1733 2702 1803 παρά
2730 1737 2830 1805 τῆς
2857 1737 3038 1802 δεξιᾶς
3067 1741 3510 1814 ἐστεφανωμένος
3546 1723 3667 1800 τοῦ-
3706 1749 3803 1818 ’1η-

539 1809 646 1865 liis.
798 1791 814 1794 _
1012 1791 1028 1798 ’
1253 1791 1272 1799 -
1558 1791 1576 1801 ⁸
1653 1795 1657 1801 Ι
1925 1791 1934 1792 7
1976 1791 2018 1793 Π
2055 1791 2088 1793 ᾗ
2155 1791 2197 1847 Β
2227 1821 2321 1875 σοῦ
2358 1839 2371 1852 ·
2397 1791 2756 1897 καῖἀρρἧου
2773 1791 3072 1896 δεξιώσεως
3107 1791 3390 1904 καὶῐτιμῆις
3420 1791 3799 1906 καὲαξιωθεὶς,

2222 1915 2335 1977 τοῖς
2365 1915 2627 1969 ἀνωτάτω
2655 1919 2750 1971 καὶ
2773 1923 3011 1988 πρώτοις
3039 1922 3133 1976 τοῦ
3199 1923 3338 1978 Θεοῦ
3402 1929 3802 2000 συναρμόζεται

2225 2007 2318 2058 καὶ
2355 2008 2674 2063 συνενοῦται
2699 2013 2909 2067 παισίν.

603 2088 722 2149 lloc
760 2092 886 2159 tibi,
930 2091 1118 2152 divine
1163 2095 1330 2152 Verbi
1355 2113 1419 2154 ac
1457 2100 1910 2185 eloquentissime
1950 2108 2116 2166 disci-

2291 2094 2462 2148 Τοῦτό
2506 2114 2612 2162 σοι,
2643 2097 2897 2153 θεσπέσιε
2920 2101 3013 2156 τοῦ
3049 2103 3225 2170 Λόγου
3253 2106 3347 2160 καὶ
3375 2107 3676 2178 λογιώτατε
3709 2131 3799 2185 μα-

538 2183 684 2250 pule,
733 2183 840 2238 hoc
865 2185 1152 2255 longorum
1185 2187 1456 2255 laborum,
1493 2208 1631 2261 quos
1665 2183 1913 2266 magistri
1938 2215 2103 2256 causa

2219 2183 2391 2252 θητά⁸
2414 2185 2576 2239 τοῦτο
2600 2188 2710 2240 τῶν
2738 2191 2966 2262 μακρῶν
2999 2194 3141 2265 ὑπὲρ
3161 2194 3254 2249 τοῦ
3275 2196 3598 2254 διδασκάλου
3625 2183 3800 2260 πόνων

537 2272 928 2339 Jesudaveras,
981 2275 1207 2346 dignum
1258 2282 1590 2351 praemium;
1626 2295 1688 2338 ut
1718 2287 1977 2345 videlicet
2027 2292 2106 2347 illi

2215 2277 2278 2330 τὸ
2305 2277 2476 2348 γέρας
2511 2280 2784 2345 ἀντάξιον,
2825 2283 2978 2354 αὑτῷ
3016 2286 3211 2358 ἐκείνῳ
3267 2293 3611 2363 συναφθῆναι
3643 2311 3657 2325 ⁸
3710 2300 3795 2352 καὶ

535 2364 634 2432 ipsi
678 2365 1040 2434 copulareris,
1072 2382 1137 2422 ac
1167 2369 1313 2424 sicut
1343 2387 1472 2427 eum
1505 2375 1914 2435 clariﬁcaveras
1937 2398 2106 2453 super

2211 2367 2402 2440 ὥσπερ
2440 2371 2701 2435 ἑδόξασας
2724 2373 2885 2428 αὑτὸν
2923 2376 3018 2429 ἐπὶ
3048 2379 3146 2448 τῆς
3181 2379 3308 2449 γῆς,
3339 2381 3512 2448 οὕτως
3541 2386 3603 2439 ἐν
3627 2388 3791 2458 οὐρα-

533 2465 760 2521 tcrram,
800 2457 899 2534 sic.
919 2473 1045 2512 cum
1083 2475 1151 2514 eo
1188 2460 1244 2516 in
1274 2463 1431 2518 oculis
1466 2466 1855 2526 clarillcareris
1888 2488 1902 2526 :
1933 2489 1999 2527 ac
2025 2476 2106 2529 si-

2210 2463 2323 2523 νοῖς
2351 2461 2503 2532 αὑτῷ
2536 2462 2963 2536 συνδοξασθῆναι
2993 2482 3008 2497 ’
3030 2469 3146 2539 ικαὶ
3177 2468 3368 2543 ῶσπερ
3399 2473 3510 2526 τῶν
3542 2457 3797 2549 παθημά.

533 2549 920 2603 :utexcellenti
951 2551 1188 2620 quadam
1215 2554 1425 2610 ratione
1443 2560 1766 2626 passionum
1799 2565 1986 2621 socius
2007 2583 2106 2621 ex-

2207 2569 2317 2605 των
2345 2552 2799 2622 ὑπερϐαλλόντως
2827 2557 3198 2630 ὲκοινώνησας
3221 2605 3236 2625 ,
3269 2562 3412 2618 οὕτω
3445 2568 3540 2619 καὶ
3569 2567 3670 2638 τῆς
3697 2570 3789 2624 αὑ-

532 2639 770 2705 stiteras,
802 2640 882 2696 sic
908 2643 1156 2712 ejusdem
1184 2659 1308 2700 cum
1337 2663 1406 2703 eo
1431 2651 1584 2721 regni
1613 2655 1891 2728 particeps
1919 2658 2104 2716 efﬁce-

1662 2655 1891 2728 πιίοθρε
1919 2658 2104 2716 cnice-
2205 2643 2307 2713 τῆς
2336 2643 2486 2715 αὑτῷ
2517 2644 2798 2716 βασιλείας
2827 2655 3257 2722 συμμετασχεῖν.

529 2744 689 2785 rens.

596 2819 758 2876 Salve
792 2821 871 2878 sis
893 2822 1078 2894 igitur,
1111 2826 1225 2882 Deo
1253 2827 1572 2889 beatissime
1627 2851 1954 2912 summeque
2002 2862 2100 2902 vc-

2276 2824 2447 2894 Χαϊρε
2469 2825 2672 2889 τοίνυν,
2695 2820 2740 2880 ῶ
2773 2826 3309 2902 θεομακαριστότατε
3352 2836 3450 2891 καὶ
3491 2841 3787 2910 τιμιὼτατε

526 2912 789 2968 nerabilis
821 2913 1041 2982 Simon,
1061 2917 1396 2977 obedientiae
1416 2939 1616 2980 nomen
1653 2929 1784 2998 (hoc
1803 2934 1952 2989 enim
1979 2937 2102 3008 ejus

2206 2915 2407 2986 Σίμων,
2432 2917 2493 2970 τὸ
2521 2917 2621 2988 τῆς
2647 2920 2896 2992 ὑπακοῆς
2926 2923 3097 2994 ὄνομα
3137 2943 3152 2959 ·
3209 2929 3370 2982 τοῦτο
3393 2929 3504 3000 γάρ
3544 2934 3576 3002 ἡ
3614 2949 3786 3003 σημα·

523 3011 914 3084 signiﬁcatum)
945 3014 1111 3086 digne
1142 3018 1255 3073 Deo
1274 3019 1508 3074 laudada
1543 3037 1631 3077 res
1656 3022 1930 3096 digneque
1952 3044 2102 3082 ama-

2205 3009 2297 3061 σία
2326 3025 2340 3040 ·
2375 3010 2438 3062 τὸ
2462 3010 2837 3075 ἀξιεπαίνετον
2865 3014 2983 3086 Θεῷ
3015 3019 3250 3090 πρᾶγμα
3276 3024 3373 3076 καὶ
3399 3023 3754 3095 ἀξιοπόθητον
3771 3042 3782 3056 ·

524 3102 673 3170 bilis,
703 3113 868 3176 atque
912 3107 1124 3178 angelis
1164 3110 1388 3180 quidem
1441 3115 1772 3182 aemulanda,
1819 3121 2104 3176 tremenda

2207 3099 2304 3153 καὶ
2361 3100 2616 3174 ἀγγέλοις
2677 3105 2776 3174 μὲν
2822 3107 3087 3176 ζηλωτὸν,
3149 3111 3368 3182 δαίμοσι
3420 3114 3477 3168 δὲ
3511 3117 3783 3184 φρικτόν·

525 3210 661 3249 vero
692 3198 1076 3265 daemonibus;
1129 3216 1194 3256 ac
1251 3202 1509 3261 ﬁdelibus
1555 3206 1778 3276 quidem
1807 3212 2103 3267 venerabi-

2207 3192 2305 3245 καὶ
2356 3197 2566 3258 πιστοῖς
2600 3197 2702 3264 μὲν
2745 3199 3023 3270 αἰδέσιμον
3075 3205 3172 3257 καὶ
3217 3206 3502 3278 ἐράσμιον,
3537 3210 3787 3274 ἀπίστοις

521 3285 589 3338 lis
618 3293 674 3339 et
703 3286 977 3355 amabilis,
1007 3288 1325 3348 inﬁdelibus
1354 3309 1489 3349 vero
1517 3296 1748 3352 molesta
1777 3307 1835 3353 et
1865 3315 2101 3357 aversa-

1462 3310 1489 3349 ο
1517 3296 1748 3352 molesta
1777 3307 1835 3353 et
1865 3315 2101 3357 aversa-
2207 3280 2262 3336 δὲ
2293 3281 2432 3354 βαρύ
2457 3301 2516 3338 τε
2543 3287 2640 3341 καὶ
2666 3289 3057 3362 ἀπότράπαιονο

520 3377 670 3432 bilis.

595 3467 754 3524 Salve
777 3470 875 3536 sis,
900 3469 1107 3526 Christi
1137 3475 1426 3530 aemulator
1450 3475 1854 3535 ferventissime
1879 3497 1943 3538 ac
1967 3499 2102 3553 gna-

2276 3457 2469 3528 Χαῖρε,
2497 3461 2737 3532 Χριστοῦ
2768 3462 2986 3535 ζηλωτὰ
3015 3466 3315 3539 θερμότατε
3345 3471 3441 3526 καὶ
3461 3472 3784 3549 δραστήριε·

518 3558 780 3625 vissime,
829 3568 982 3615 tanto
1024 3562 1230 3618 Phines
1262 3564 1378 3630 illo,
1421 3565 1652 3635 Eliaque
1681 3576 1736 3621 et
1778 3551 2004 3638 Eiisaao;
2039 3588 2105 3628 ac

2205 3551 2446 3623 τοσούτῳ
2497 3553 2574 3625 τῷ
2622 3554 2752 3626 θείῳ
2814 3556 2964 3630 ζήλῳ
3023 3561 3118 3614 τὸν
3171 3564 3356 3629 Φινεὲς
3417 3569 3648 3632 ἐκεῖνον,
3698 3573 3789 3626 τὸν

524 3652 819 3721 prophetis
861 3668 928 3707 eo
965 3653 1190 3710 nomine
1224 3656 1445 3711 laudem
1497 3657 1852 3725 habentibus,
1912 3663 2104 3718 divino

2218 3642 2424 3708 Ἠλίαν,
2450 3645 2542 3697 τὸν
2583 3645 2910 3714 Ἐλισσαῖον,
2945 3650 3041 3703 καὶ
3075 3652 3206 3716 τοὺς
3251 3654 3343 3707 ἐπὶ
3393 3656 3571 3728 τούτῳ
3612 3677 3788 3729 μακαο

517 3743 637 3796 zelo
667 3745 944 3813 superior,
980 3756 1188 3815 quanto
1217 3747 1425 3803 Christi
1454 3750 1639 3804 schola
1664 3753 1895 3823 ejusque
1919 3753 2094 3810 disci-

2207 3732 2527 3804 ριζομένους
2553 3735 2911 3807 ὑπερϐάλλων
2939 3739 3047 3793 τῶν
3072 3743 3390 3812 προφητῶν,
3423 3747 3534 3815 ὅσῳ
3565 3748 3644 3818 τῷ
3697 3766 3789 3818 μα-

515 3835 630 3903 puli
652 3835 919 3905 partibus,
954 3839 1217 3908 majorem
1266 3837 1362 3894 Dei
1417 3841 1673 3897 notitiam
1727 3846 2102 3917 majoremque

2205 3823 2464 3895 θητεῦσαι
2485 3827 2707 3899 Χριστῷ
2741 3828 2987 3894 πλείονος
3042 3831 3372 3900 θεογνωσίας
3401 3837 3498 3889 καὶ
3531 3837 3787 3909 θερμοτέ-

516 3923 651 3978 lidei
702 3925 976 3981 fervorem
1011 3927 1282 3998 adeptus,
1319 3930 1544 4000 majoris
1592 3948 1813 4003 quoque
1867 3934 2102 3992 fervoris

2205 3932 2304 3986 ρας
2343 3919 2441 3987 τῆς
2475 3920 2713 3984 πίστεως
2737 3923 3107 3993 εὑμοιρηκὼς,
3160 3925 3502 3999 θερμοτέραν
3548 3931 3643 3983 καὶ
3689 3931 3785 4002 τὴν

514 4017 856 4072 alacritatem
887 4019 1243 4090 studiumque
1275 4020 1405 4076 boni
1437 4024 1731 4091 praestandi
1751 4027 1924 4096 gratia
1955 4043 2091 4083 con-

515 4107 718 4164 tulisti.

2204 4007 2348 4079 ὑπὲρ
2376 4009 2470 4062 τοῦ
2505 4013 2714 4080 ἀγαθοῦ
2744 4014 3057 4086 προθυμίαν
3083 4023 3450 4091 κατενηνοχας
3487 4022 3583 4076 καὶ
3619 4038 3785 4076 σπου-

2200 4099 2322 4170 δήν.
3773 4123 3776 4129 ’

515 4107 718 4164 tulisti.

2200 4107 2322 4170 δην.
3554 4180 3558 4185 ,
3773 4123 3775 4129 ·

580 4198 789 4265 Gaude,
843 4199 991 4269 quod
1047 4208 1142 4256 tua
1196 4201 1369 4271 ipsius
1394 4218 1564 4272 opera
1590 4203 1901 4274 honestata,
1928 4225 2094 4278 quam

2270 4191 2464 4263 Χαῖρε,
2494 4193 2576 4248 δτι
2629 4194 2699 4249 δι’
2726 4195 2921 4252 ἑαυτοῦ
2962 4199 3234 4271 σεμνύνας
3277 4200 3376 4273 τὴν
3419 4205 3654 4276 πατρίδα
3687 4207 3785 4276 τὴν

511 4290 569 4344 in
605 4299 751 4345 terra
799 4304 998 4347 nactus
1047 4292 1254 4358 fueras,
1308 4296 1819 4368 patria;illamque
1876 4301 2100 4369 penitus

2200 4283 2292 4335 ἐπὶ
2317 4283 2442 4355 γῆς,
2465 4285 2562 4356 τῆς
2586 4286 2685 4356 μὲν
2731 4287 2915 4342 τέλεον
2972 4291 3372 4364 ὑπερανέστης,
3412 4295 3503 4349 τὸν
3553 4298 3779 4367 οὐρανὸν

511 4398 922 4452 supergressus,
982 4385 1230 4440 rationes
1301 4393 1442 4450 tuas,
1480 4387 1634 4441 velut
1671 4389 1914 4444 cmlestis
1953 4391 2098 4448 ﬁlius

2199 4373 2274 4440 δὲ,
2298 4373 2373 4438 ὡς
2401 4376 2650 4447 οὐράνιος
2703 4377 2926 4449 ᾤκησας
2981 4385 3110 4447 παῖς
3134 4400 3148 4414 ·
3183 4385 3280 4438 καὶ
3309 4385 3470 4452 Σιὼν,
3506 4388 3642 4441 Θεοῦ
3681 4389 3778 4459 τὴν

512 4471 569 4526 in
591 4473 791 4526 malum
817 4474 1190 4535 transtuleris,
1223 4475 1500 4545 Sioneque
1528 4477 1624 4531 Dei
1656 4479 1940 4550 Metropoli
1967 4497 2096 4537 vera

2204 4466 2560 4538 μητρόπολιν,
2597 4470 2830 4540 πατρίδα
2850 4471 3025 4544 ἀληθῆ
3056 4476 3331 4544 ἐγνωκὼς,
3354 4479 3616 4552 Σαυνίτης
3645 4458 3775 4550 μᾶλ-

507 4563 728 4632 cognita
761 4564 957 4634 patria,
984 4564 1228 4620 Sionites
1248 4566 1453 4634 potius,
1478 4557 1641 4636 quam
1667 4567 1887 4626 Canites
1907 4575 2097 4644 appel-

2202 4559 2293 4612 λον
2341 4560 2375 4630 ἢ
2435 4561 2747 4634 Κανανίτης
2795 4565 2962 4630 ἀξίως
3029 4571 3474 4642 προσηγόρευσαι
3521 4590 3536 4603 ·
3591 4572 3779 4645 ὥσπερ

505 4651 613 4705 lari
641 4655 958 4708 merueris:
1009 4655 1103 4724 qui
1137 4655 1398 4710 nimirum
1459 4657 1604 4714 sicut
1653 4671 1866 4730 patrem
1913 4674 2091 4734 patre,

2201 4651 2416 4724 πατέρα
2450 4653 2549 4722 μὲν
2571 4655 2796 4727 πατρὸς,
2829 4658 3031 4730 κλῆρον
3055 4661 3112 4714 δὲ
3148 4661 3376 4733 κλήρου,
3440 4664 3704 4732 ἀδελφοὺς
3725 4665 3781 4718 δὲ

505 4743 996 4816 haereditatcmque
1022 4745 1369 4812 hatreditate,
1395 4759 1560 4821 atque
1588 4750 1784 4808 fratres
1803 4755 2090 4825 fratribus,

2197 4742 2462 4814 ἀδελφῶν,
2491 4745 2633 4801 οὕτω
2671 4748 2763 4800 καὶ
2799 4749 3035 4820 πατρίδα
3079 4752 3181 4822 τῆς
3232 4753 3512 4823 πατρίδος,
3553 4754 3621 4807 τά
3662 4755 3782 4807 ὲπί-

503 4833 592 4888 sic
613 4843 669 4889 et
702 4836 933 4904 patriam
959 4837 1161 4908 patria,
1198 4841 1559 4912 mortaliaque
1575 4854 1633 4898 et
1657 4843 1824 4909 ﬂuxa,
1867 4846 1933 4902 iis
1967 4864 2090 4918 quae

2197 4851 2345 4905 κηρα
2382 4837 2477 4891 καὶ
2505 4837 2740 4910 λυόμενα
2786 4841 2894 4896 τῶν
2919 4842 3171 4898 ἑστώτων
3203 4845 3298 4898 καὶ
3325 4846 3627 4918 ἀκηράτων
3657 4847 3779 4918 ἐχε-

505 4925 726 4980 stabilia
755 4938 885 4983 sunt
909 4945 974 4984 ac
1023 4931 1364 5003 incorrupta,
1394 4935 1630 5006 sapienti
1666 4939 1903 4994 consilio
1932 4955 2086 4996 com-

1250 4941 1364 5003 pta,
1394 4935 1630 5006 sapienti
1666 4939 1903 4994 consilio
1932 4955 2086 4996 com-
2197 4927 2410 4996 φράνως
2446 4929 2845 5003 ἀμειψάμενος·

503 5019 807 5074 mutaveris
829 5021 897 5078 ³³.

577 5111 739 5168 Salve
768 5113 866 5178 sis,
915 5115 1097 5171 Patris
1141 5116 1364 5186 quidem
1393 5118 1681 5189 minister;
1738 5119 2088 5192 dispensator

2265 5129 2462 5202 Χαῖρε,
2483 5131 2578 5186 τοῦ
2619 5132 2833 5206 Πατρὸς
2869 5133 2971 5205 μὲν
3007 5135 3276 5208 ὑπηρέτα,
3310 5138 3561 5209 οίκονόμε
3589 5137 3648 5191 δὲ
3674 5155 3773 5207 μυ-

503 5215 638 5256 vero
659 5207 1046 5276 mysteriorum
1102 5201 1250 5276 Filii,
1282 5225 1347 5266 ac
1376 5211 1617 5281 Spiritus
1666 5213 1868 5270 famuie
1900 5234 1914 5267 :
1945 5217 2084 5284 sive,

2193 5219 2430 5290 στηρίων
2457 5220 2553 5273 τοῦ
2583 5201 2976 5286 Υίοῦ,’καὶ’τοῦ
3010 5201 3327 5294 Πνεῦματος
3353 5201 3634 5294 λειτουργέ
3665 5201 3688 5253 ’⁷
3715 5224 3769 5295 ἢ.

502 5287 682 5349 l‘atris
707 5297 932 5366 quidem
966 5315 1150 5370 praeco
1176 5315 1241 5356 ac
1263 5303 1516 5359 minister
1541 5321 1558 5368 ;
1593 5305 1896 5372 Filiivero,
1930 5307 2085 5364 testis

2189 5287 2423 5378 τοῦμὲν
2451 5309 2629 5382 κήρυξ
2655 5311 2751 5366 καὶ
2771 5312 2985 5369 διάκονε
3008 5331 3022 5346 ⁸
3053 5287 3233 5368 τοῦ-δὲ
3257 5287 3470 5388 μάρτυς
3621 5287 3767 5368 ἀπό-ο

499 5391 561 5437 et
591 5388 878 5456 apostolo;
915 5388 1156 5460 Spiritus
1201 5392 1442 5463 denique
1479 5395 1749 5464 discipule
1771 5411 1835 5452 ac
1866 5396 2080 5465 scriba;

2193 5397 2382 5453 στολι·
2441 5399 2537 5456 τοῦ
2596 5401 2654 5456 δὲ
2707 5403 2888 5473 μὺστα
2930 5407 3024 5461 καὶ
3067 5406 3439 5479 γραμματεῦο
3493 5405 3592 5475 τῆς
3640 5403 3769 5476 μιᾶς

572 5559 622 5591 ’³
643 5561 799 5619 Joau.
826 5581 887 5631 ιι,
926 5566 986 5632 l;
1015 5563 1128 5622 .los.
1157 5579 1268 5633 XIX,
1293 5566 1384 5623 ‘28.

575 5735 716 5805 (δι’)
743 5750 882 5802 me
909 5745 1138 5797 audivit.
