4040 6434
275 368 389 433 257

1100 373 1382 434 ORATIO
1418 371 1590 432 XIII.
1625 373 1795 435 -ΙΝ
1836 372 2149 435 LAUDEM
2189 375 2248 434 S.
2291 374 2506 435 JUDA'}
2537 376 2796 439 APOST.

3440 384 3545 448 258

283 481 362 536 Al
387 476 581 548 χεῖρές
610 493 728 535 σου
757 479 856 534 ἐπὶ
886 480 1080 536 νώτου
1117 481 1239 536 τῶν
1255 482 1487 552 ἐχθρῶν
1523 498 1662 538 σου⁸
1685 497 1860 552 προσ-

1976 491 2163 537 rentle
2202 483 2306 552 ﬁlii
2345 487 2513 554 patris
2567 488 2645 540 lui
2665 487 2735 550 “,
2758 496 2815 542 et
2852 502 3196 560 quaecunque
3235 508 3546 564 sequuntur

279 570 637 636 κννήσουσί
671 587 770 626 σοι
818 573 935 628 υιοι
992 572 1102 628 τοῦ
1157 568 1384 644 πατρός
1433 590 1576 638 σου,
1627 576 1724 629 καὶ
1765 575 1866 628 ὅσα

280 660 388 728 τῆς
413 662 661 732 εὐλογίας
693 664 842 734 ἑξῆς.
880 667 950 717 Ἀ
1001 667 1181 720 πάντα
1218 667 1340 720 κατ’
1371 666 1547 731 οὐδὲν,
1584 667 1619 738 ἢ
1653 667 1864 737 μικρῶς

283 753 486 824 ἐκείνῳ
508 755 820 810 συνέϐαινεν
837 773 854 788 ο
888 758 1096 829 ἐναργῆ
1116 758 1175 812 δὲ
1209 759 1311 830 τὴν
1338 759 1564 812 ἔκϐασιν
1607 759 1704 813 καὶ
1731 776 1860 830 τρα-

282 847 571 918 νεστάτην,
603 848 696 902 επὶ
710 848 792 918 τῷ
814 849 875 915 ἐξ
909 849 1080 902 Ἰούδα
1113 849 1362 920 μέλλοντι
1385 848 1554 920 φῦναι
1609 848 1862 921 Χριστῷ,

279 937 353 991 τά
373 939 470 1008 τῆς
493 940 836 1012 προφητείας
856 940 1264 995 καταδέδεκται.

357 1022 529 1091 Οὗτος
555 1029 664 1101 γὰρ
688 1032 718 1083 ό
747 1031 1002 1101 ἀληθινὸς
1043 1032 1269 1098 Ἰούδας,
1298 1032 1328 1086 ὁ
1349 1031 1430 1102 τῷ
1473 1032 1672 1102 Πατρὶ,
1701 1030 1782 1103 τῷ
1803 1032 1862 1084 ὲν

282 1124 397 1185 τοῖς
429 1121 703 1190 οὐρανοῖς,
727 1122 870 1176 κατά
888 1123 990 1193 τὴν
1040 1121 1134 1176 τοῦ
1157 1123 1421 1194 ὀνόματος
1447 1124 1747 1195 σημασίαν,
1774 1122 1862 1188 ἐξ·

284 1212 722 1282 ομολογούμενος
753 1229 769 1243 °
799 1215 860 1268 ού
890 1215 1052 1284 μόνον
1093 1215 1172 1280 δὲ,
1199 1215 1336 1270 ἀλλά
1381 1216 1477 1270 καὶ
1519 1216 1637 1269 ὅσοι
1686 1215 1862 1286 τούτῳ

286 1298 528 1367 γνησίως
550 1300 646 1354 καὶ
688 1299 896 1366 πιστῶς
925 1303 1286 1374 μαθητιῶσιν.
1324 1304 1398 1358 Οὐ
1427 1303 1538 1375 γὰρ
1563 1304 1676 1357 ὅσοι
1698 1303 1861 1373 ψιλῆς

289 1391 710 1458 μεταποιοῦνται
755 1392 858 1463 τῆς
907 1396 1282 1467 προσηγορίας
1313 1435 1330 1459 ,
1395 1395 1742 1467 ἀξιοπρεπῶς
1792 1396 1860 1450 ἂν

287 1477 536 1550 κληθεῖεν
573 1482 834 1538 Ἰουδαῖοι.
890 1485 973 1538 Οὐ
1004 1485 1116 1554 γὰρ
1155 1487 1189 1539 ό
1232 1486 1304 1539 ἐν
1344 1484 1424 1551 τῷ
1451 1486 1708 1555 φανερῷν
1758 1503 1861 1555 φη-

285 1568 393 1634 σὶν,
427 1570 728 1638 Ἰουδαῖος,
768 1575 906 1628 ἀλλ’
935 1577 969 1629 ὀ
996 1574 1066 1628 ἐν
1085 1575 1166 1642 τῷ
1180 1575 1440 1645 κρυπτῷ.
1464 1577 1688 1644 Ὠσπερ
1716 1577 1860 1631 οὐδὲ

283 1661 511 1726 πάντες
537 1664 592 1716 ol
626 1662 696 1727 ἐξ
739 1663 1007 1732 Ἰσραὴλ,
1057 1661 1223 1721 οὗτοι
1266 1665 1514 1736 Ἰσραήλ
1539 1681 1554 1696 ·
1589 1666 1717 1721 οὐδ’
1767 1665 1858 1720 ὅτι

279 1753 399 1806 εἰσὶ
427 1754 668 1822 σπέρμα
706 1757 969 1826 Ἀϐραὰμ,
998 1758 1222 1825 πάντες
1235 1759 1420 1814 τέκνα
1437 1774 1452 1789 ⁸
1484 1758 1602 1814 ἀλλ’
1623 1761 1673 1813 oi
1717 1761 1856 1832 πρὸς

1973 569 2028 628 in
2057 576 2561 632 benedictionibus.
2613 578 2744 644 Qua:
2801 582 2987 635 omnia
3040 583 3203 649 nihil,
3227 597 3322 640 aut
3349 603 3548 656 parum

1971 665 2050 719 illi
2099 667 2458 734 acciderunt;
2509 669 2716 722 clarum
2778 685 2910 724 vero
2938 681 2994 726 et
3015 675 3422 741 apertissimum
3488 678 3542 732 in

1968 754 2210 820 Christo,
2272 757 2366 826 qui
2389 772 2456 811 ex
2475 756 2616 812 Juda
2662 770 2820 814 ortus
2875 769 2985 827 est,
3031 762 3089 817 in
3141 779 3270 820 eum
3318 767 3543 822 modum

1969 843 2231 913 praedicta
2269 855 2527 902 eventum
2555 846 2894 903 habuerunt.

2037 1015 2140 1072 llic
2164 1017 2316 1073 enim
2347 1033 2514 1074 verus
2542 1030 2628 1076 est
2662 1021 2853 1088 Judas,
2882 1023 2977 1094 qui
3005 1025 3174 1092 Patri,
3219 1028 3314 1098 qui
3350 1031 3403 1086 in
3433 1045 3520 1089 cm

1967 1109 2035 1165 lis
2054 1119 2159 1175 est,
2211 1127 2314 1182 pro
2338 1128 2406 1167 eo
2427 1128 2492 1167 ac
2507 1129 2708 1171 nomen
2746 1126 2938 1182 sonat,
2987 1118 3283 1175 conﬁtetur
3315 1138 3329 1174 :
3363 1139 3544 1193 nequc

1968 1201 2016 1256 is
2045 1203 2246 1267 solum,
2272 1204 2367 1258 sed
2401 1216 2456 1259 et
2488 1221 2679 1262 omnes
2704 1208 2798 1276 qui
2826 1208 2946 1278 ejus
2975 1225 3105 1264 vere
3141 1226 3205 1264 ac
3240 1211 3344 1266 ﬁde
3379 1213 3541 1268 disci-

1967 1294 2080 1364 puli
2113 1297 2408 1352 exsistunt.
2431 1297 2544 1352 Nec
2564 1299 2709 1353 enim
2749 1300 2844 1369 qui
2873 1300 3074 1354 nudam
3142 1303 3545 1374 viudicantap-

1965 1386 2340 1456 pcllationem,
2379 1405 2619 1460 congrue
2681 1391 2956 1463 digneque
3007 1392 3179 1448 Judtei
3212 1396 3539 1451 vocitentur.

1964 1475 2079 1530 Non
2105 1479 2244 1532 enim
2276 1480 2364 1548 qui
2410 1483 2465 1534 in
2515 1483 2795 1551 manifesto
2846 1481 3060 1538 Judmus
3103 1493 3200 1549 est,
3235 1488 3326 1538 sed
3363 1489 3455 1556 qui
3488 1489 3542 1540 in

1964 1568 2288 1624 abscondito.
2316 1569 2772 1637 Quemadmodum
2838 1591 3004 1646 neque
3043 1593 3220 1630 omnes
3253 1580 3342 1642 qui
3370 1596 3432 1632 ex
3464 1579 3545 1633 Is-

1964 1657 2126 1722 raele,
2151 1661 2206 1713 Iu'
2229 1671 2349 1713 sunt
2369 1661 2632 1717 Israelita:
2651 1681 2670 1728 ,'
2689 1680 2854 1733 neque
2872 1667 2996 1734 quia
3009 1683 3184 1719 semen
3201 1677 3324 1720 sunt
3347 1667 3540 1733 Israel,

1962 1763 2143 1802 omnes
2174 1749 2276 1818 ﬁlii
2301 1751 2384 1812 υς
2414 1751 2509 1806 sed
2533 1754 2624 1822 qui
2648 1769 2747 1822 per
2778 1754 2940 1809 ﬁdem
2974 1755 3027 1810 in
3059 1759 3230 1810 solam
3259 1759 3352 1812 Dei
3385 1774 3539 1827 spem

279 1841 456 1910 μόνην
487 1842 624 1896 Θεοῦ
654 1844 752 1915 τὴν
790 1845 981 1900 ἐλπίδα
1028 1847 1118 1902 διὰ
1163 1848 1404 1913 πίστεως
1452 1849 1860 1919 ἀνατεινάμενοι

1962 1844 2161 1900 animis
2191 1845 2485 1902 intendunt
2529 1849 2659 1917 (hoc
2705 1850 2850 1903 enim
2882 1865 3023 1919 npus
3067 1852 3322 1921 Abrahze)
3357 1869 3420 1907 ac
3445 1853 3540 1923 qui

277 1931 460 2002 (τοῦτο
480 1937 591 2005 γὰρ
640 1936 702 1989 τὸ
742 1936 903 2008 ἔργον
929 1938 1028 1992 τοῦ
1064 1940 1341 2012 Ἀϐραάμ)
1369 1958 1386 1974 ·
1422 1941 1517 1995 καὶ
1565 1942 1722 2005 Θεὸν,
1781 1942 1858 2006 ὡς

275 2025 524 2092 ἐφικτὸν,
552 2027 687 2098 όρᾷν
705 2028 1020 2099 ἀξιούμενοι
1038 2047 1052 2062 ’
1077 2030 1237 2085 τοῦτο
1267 2031 1376 2102 γὰρ
1411 2032 1648 2102 Ἰσραήλ.
1696 2025 1856 2103 Οὗτοι

278 2116 377 2169 καὶ
411 2116 576 2188 νόμον
611 2117 840 2188 τηροῦσι
864 2120 965 2191 τῆς
992 2123 1298 2193 περιτομῆς
1318 2139 1332 2154 ·
1373 2123 1434 2176 ού
1465 2123 1555 2176 τὸν
1593 2126 1652 2177 εν
1678 2124 1860 2194 γράμ-

284 2224 417 2277 ματι
476 2210 571 2263 καὶ
609 2211 758 2282 σκιᾷ,
781 2210 917 2265 ἀλλά
949 2211 1042 2266 τὸν
1072 2213 1132 2267 ιν
1163 2213 1438 2282 πνεύματι
1486 2215 1585 2268 καὶ
1606 2214 1856 2287 ἀληθείᾳ,

279 2301 341 2352 ὲν
365 2301 434 2371 τῇ
461 2299 556 2354 τοῦ
583 2300 814 2355 παλαιοῦ
841 2302 1130 2372 ἀνθρώπου
1175 2304 1474 2359 ἀπεκδύσει
1499 2306 1534 2377 ἧ
1567 2305 1857 2377 νεκρὼσει.

279 2383 446 2444 Οὗτοι
471 2391 623 2463 νόμῳ
653 2391 1016 2463 στοιχοῦντες,
1061 2394 1156 2448 καὶ
1209 2395 1568 2460 ἀδιαλείπτως
1600 2396 1858 2467 ἐξομολοο

277 2483 442 2550 γήσει
495 2483 591 2535 καὶ
649 2485 930 2553 προσευχῇ
984 2483 1544 2555 προσκαρτεροῦντες,
1574 2486 1634 2539 ὲν
1653 2488 1730 2556 ,τῇ
1761 2485 1858 2540 τοῦ

276 2568 472 2622 καινοῦ
499 2569 790 2639 ἀνθρώπου
819 2569 1087 2640 ἀναλήψει
1116 2571 1150 2642 ῆ
1187 2571 1573 2626 ἀνακαινώσει.

354 2660 566 2731 Ὥσπερ
621 2657 717 2714 οὖν
776 2660 956 2732 πάσης
993 2661 1278 2732 ἐνεργείας
1322 2661 1628 2729 θεοτελοῦς,
1673 2663 1858 2734 πάσης

273 2753 504 2824 ἀρετῆς,
530 2753 712 2824 πάσης
739 2755 964 2825 χάριτος
1007 2754 1136 2825 ῥίζα
1192 2754 1290 2810 καὶ
1345 2757 1560 2826 πηγαία
1615 2757 1858 2825 πέφυκεν

275 2842 436 2897 αἰτία
461 2844 696 2915 Χριστός
720 2861 734 2874 ·
754 2845 1019 2916 δευτέρως
1035 2845 1094 2899 δὲ
1125 2847 1248 2900 κατ’
1270 2847 1563 2916 ἀναλογίαν
1584 2851 1685 2919 τῆς
1719 2849 1858 2919 πρὸς

274 2935 445 2990 αὑτὸν
475 2936 811 3006 ὁμοιότητος,
837 2937 930 2990 καὶ
943 2938 990 2990 οἱ
1015 2936 1076 3001 ἐξ
1102 2936 1271 2991 αὑτοῦ
1295 2939 1539 2991 κοινωνοὶ
1558 2937 1857 2992 καθεστᾶσι

273 3027 388 3079 τῶν
415 3026 596 3082 αὐτῶν
615 3040 630 3056 ·
658 3025 802 3080 οὕτω
831 3027 927 3080 καὶ
946 3029 982 3097 ἡ
1018 3027 1248 3099 δύναμις
1282 3029 1381 3099 τῆς
1419 3027 1858 3100 ὲξομολογήσεως

276 3115 718 3188 προηγουμένως
775 3117 876 3184 μὲν
940 3117 1018 3189 τῷ
1069 3118 1398 3191 διδασκάλῳ,
1448 3119 1593 3174 κατά
1637 3119 1738 3187 τὴν
1798 3119 1858 3183 ἐξ
1882 3156 1927 3214 c

278 3208 497 3261 ἐκείνου
526 3207 584 3260 δὲ
625 3207 844 3278 μέθεξιν
883 3210 978 3263 καὶ
1026 3211 1140 3274 τοῖς
1174 3208 1443 3280 μαθηταῖς
1472 3211 1855 3281 ινθεωρετταιο

275 3301 396 3361 τοῖς
413 3297 461 3350 τ’
487 3299 666 3364 ἄλλοις
698 3301 853 3361 πᾶσι,
875 3300 970 3353 καὶ
997 3299 1106 3371 πρὸ
1149 3301 1330 3354 αὐτῶν
1359 3302 1437 3372 τῷ
1460 3301 1556 3356 καὶ
1586 3319 1864 3371 προσηγο-

275 3389 405 3460 ρίαν
432 3389 657 3464 προνοίᾳ
682 3390 951 3463 κρείττονι
973 3390 1071 3463 την
1098 3393 1299 3464 πρᾶξιν
1349 3391 1521 3464 αὐτὴν
1575 3392 1864 3466 κληρωσα-

274 3482 451 3554 μένῳ.

342 3659 664 3731 Δὶνέσωμεν
719 3658 1013 3731 τοιγαροῦν
1047 3659 1275 3728 Ἰούδαν,
1327 3660 1471 3717 κατά
1498 3661 1599 3734 τὴν
1634 3661 1731 3717 τοῦ
1764 3680 1860 3717 πα·

266 3752 536 3825 τριάρχου
562 3753 920 3824 προφητείαν·
951 3753 1044 3808 τὸν
1061 3753 1158 3824 τῆς
1170 3753 1614 3824 ὲξομολογήσεως
1642 3752 1859 3808 ἐπώνυ-

269 3861 406 3915 μον.
468 3845 784 3914 Αίνέσωμεν
810 3844 906 3898 καὶ
949 3847 1416 3916 προσκυνήσωμεν
1439 3845 1530 3898 τὸν
1563 3845 1730 3911 ἀξίως
1755 3844 1853 3899 τοῦ

265 3933 430 4005 ίεροῦ
475 3933 741 4004 ὀνόματος
786 3933 1282 4005 πολιτευσάμενον·
1337 3933 1432 3987 τὸν
1487 3932 1680 4005 ῶσπερ
1745 3934 1858 3987 τῶν

261 4025 458 4080 ἄλλων
482 4025 716 4096 ἀρετῶν,
744 4023 892 4079 οὕτω
915 4025 1009 4079 καὶ
1031 4023 1240 4094 ταύτης
1293 4023 1746 4094 ὑπερϐαλλόντως
1763 4041 1860 4077 κε-

263 4116 580 4171 κοινωκότα
603 4113 824 4186 Χριστῷ
843 4132 860 4148 ο
885 4115 977 4169 τὸν
1012 4116 1348 4186 θερμότατον
1380 4115 1480 4187 τὴν
1527 4116 1736 4191 πίστιν,
1762 4115 1859 4170 καὶ

259 4209 358 4280 τὴν
429 4207 651 4277 ἀγάπην
697 4204 1092 4275 δοκιμώτατον,
1151 4204 1248 4258 καὶ
1334 4204 1436 4277 τὴν
1511 4204 1713 4272 γνῶσιν
1775 4221 1858 4258 τεο

261 4302 554 4354 λειότατον
579 4297 826 4369 μαθητήν
851 4313 866 4328 ⁸
894 4297 987 4351 τὸν
1021 4297 1122 4367 τῆς
1147 4296 1358 4367 ὑψηλῆς
1383 4297 1492 4349 τῶν
1541 4295 1859 4350 ἀποστόλων

263 4392 360 4447 καὶ
403 4391 560 4462 ἱερᾶς
601 4389 898 4454 δωδεκάδος
950 4388 1383 4459 συμπληρωτήν.
1433 4388 1772 4457 Λίνέσωμεν,
1794 4387 1856 4441 οὐ

1958 1935 2152 2000 Deum,
2207 1938 2388 2006 quoad
2422 1955 2744 2002 concessum
2777 1949 2878 2004 est,
2916 1953 3199 1996 merentur
3247 1943 3434 1999 videre
3461 1946 3540 2009 (id

1956 2029 2106 2083 enim
2162 2029 2268 2085 sibi
2290 2031 2413 2086 vult
2441 2029 2655 2101 Israel),
2704 2033 2759 2087 hi
2784 2032 2959 2102 legem
2996 2049 3218 2103 quoque
3240 2035 3538 2090 circumci-

1957 2119 2132 2174 sionis
2161 2131 2406 2186 servant,
2465 2137 2575 2177 non
2624 2124 2746 2194 ejus
2795 2140 2917 2193 quae
2945 2123 2998 2178 in
3039 2124 3224 2180 littera
3264 2135 3319 2180 et
3345 2127 3538 2181 umbra

1957 2221 2062 2268 est.
2089 2211 2185 2265 sed
2207 2228 2327 2280 qua:
2370 2212 2636 2282 inspiritu
2670 2226 2728 2268 et
2751 2216 3004 2279 veritate,
3046 2216 3101 2269 in
3138 2216 3538 2287 cxspoliatione

1959 2316 2056 2355 seu
2083 2301 2507 2358 mortiﬁcatione
2545 2305 2748 2358 veteris
2812 2305 3096 2360 hominis:
3134 2307 3227 2374 qui
3271 2307 3536 2359 nimirum

1959 2391 2133 2460 legem
2185 2401 2508 2461 sequantur,
2565 2408 2631 2448 ac
2676 2391 3058 2449 indesinenter
3103 2395 3438 2450 confessioni
3480 2405 3538 2449 et

1957 2481 2193 2536 orationi
2217 2483 2424 2537 assidui
2488 2483 2620 2548 sint,
2651 2484 2706 2538 in
2727 2485 3100 2555 assumptione
3123 2487 3250 2539 novi
3291 2486 3535 2540 hominis

1957 2588 2053 2627 seu
2085 2573 2234 2627 illius
2263 2573 2621 2629 renovatione
2635 2575 2704 2629 ".

2026 2661 2497 2729 Quemadmodum
2536 2665 2704 2735 igitur
2733 2664 2934 2719 divinae
2967 2665 3149 2720 omnis
3181 2668 3537 2737 operationis,

1956 2754 2246 2822 omnisque
2279 2753 2500 2808 virtutis
2520 2765 2578 2808 et
2605 2755 2792 2824 gratia)
2820 2752 3076 2822 Christus
3101 2757 3276 2820 radix,
3307 2757 3539 2828 fonsquc

1958 2860 2023 2898 ac
2061 2855 2260 2899 auctor
2280 2846 2542 2910 exsistit;
2595 2846 2854 2900 secundis
2899 2855 3082 2902 autem
3133 2849 3384 2918 partibus
3436 2864 3546 2924 pro

1958 2942 2076 2988 rata
2107 2951 2232 2990 cum
2262 2951 2328 2990 eo
2366 2926 2750 3001 similitudine,
2789 2937 2844 2990 hi
2874 2953 3095 3008 quoque
3162 2938 3287 3008 qui“
3311 2956 3377 2994 ex
3440 2941 3538 2994 ἰείη

1959 3036 2108 3092 sunt,
2149 3027 2471 3082 eorumdem
2493 3036 2549 3082 et
2576 3029 2680 3097 ipsi
2737 3029 2872 3085 socii
2906 3045 2970 3084 ac
3036 3038 3323 3083 consortes
3389 3029 3536 3083 exsi-

1960 3126 2149 3173 stunt:
2185 3119 2266 3173 sic
2287 3134 2508 3189 quoque
2557 3120 2920 3174 confessionis
2980 3121 3084 3183 vis.
3111 3121 3291 3190 primo
3313 3120 3536 3189 quidem

1964 3207 2433 3278 principaliusque
2468 3209 2523 3262 in
2571 3209 2854 3278 magistro,
2884 3225 2952 3263 ex
2991 3209 3087 3263 illo
3138 3217 3324 3262 autem
3371 3209 3536 3263 etiam

1963 3295 2021 3350 in
2054 3297 2342 3368 discipulis
2399 3299 2728 3368 participata
2795 3299 3008 3354 ratione
3070 3297 3360 3360 noscitur;
3415 3303 3534 3348 tum

1964 3386 2197 3454 reliquis
2225 3387 2505 3452 omnibus,
2538 3395 2652 3440 tum
2678 3404 2790 3457 prae
2811 3389 2920 3444 illis
2946 3387 3323 3459 singularique
3352 3387 3536 3442 excel-

1959 3473 2149 3540 lentia,
2175 3475 2230 3529 in
2252 3491 2320 3531 eo
2343 3476 2436 3545 qui
2487 3477 2759 3533 diviniore
2810 3477 3159 3548 providentia
3201 3492 3317 3532 rem
3360 3477 3537 3547 ipsam

1959 3565 2382 3636 appellationem
2406 3578 2491 3622 est
2518 3576 2874 3623 consecutus.

1996 3701 2013 3714 .
2029 3655 2342 3712 Laudemus
2367 3657 2537 3728 igitur
2561 3659 2779 3714 ludam.
2809 3659 2967 3728 juxta
2995 3657 3326 3728 patriarcha:
3346 3657 3539 3712 vatici-

1957 3748 2147 3813 nium;
2193 3748 2349 3803 illum
2382 3748 2594 3803 scilicet
2651 3751 2747 3819 qui
2769 3765 2838 3804 ex
2860 3749 3207 3803 confessione
3238 3763 3436 3802 nomen
3467 3749 3541 3803 sit

1959 3847 2260 3894 mutuatus.
2296 3839 2607 3894 Laudemus
2625 3848 2682 3894 ct
2709 3854 3040 3895 veneremur
3068 3853 3221 3902 eum,
3251 3837 3346 3906 qui
3372 3837 3538 3906 digne

1957 3943 2059 3998 pro
2089 3928 2233 3982 sacri
2251 3927 2494 3982 nominis
2520 3927 2733 3981 ratione
2774 3927 2948 3981 vitam
2978 3925 3320 3990 instituerit;
3345 3924 3438 3994 qui
3463 3925 3540 3978 si-

1956 4027 2056 4073 cut
2085 4017 2328 4086 reliquas
2356 4017 2614 4076 virtutes,
2643 4017 2725 4070 sic
2748 4017 2892 4070 hanc
2914 4030 3137 4085 quoque
3201 4015 3539 4069 excellenter

1957 4123 2083 4164 cum
2103 4108 2323 4163 Christo
2360 4122 2708 4163 communem
2740 4106 3033 4168 habuerit;
3070 4103 3538 4171 ferventissimam

1958 4200 2151 4270 utique
2191 4199 2320 4262 ﬁde.
2349 4208 2407 4254 et
2427 4197 2728 4252 dilectione
2767 4196 3244 4266 probatissimum,
3274 4193 3537 4250 scientia-

1958 4308 2068 4364 que
2091 4291 2556 4362 perfectissimum
2589 4289 2944 4359 discipulum,
2985 4287 3079 4358 qui
3112 4286 3406 4342 sublimem
3457 4300 3520 4342 sa

1959 4397 2228 4452 crumque
2313 4381 2612 4450 complevit
2684 4378 3088 4436 duodenarium
3158 4376 3536 4447 apostolorum

263 4486 358 4540 τδν
413 4483 798 4555 Ἰσκαριὼτηψ
835 4481 1055 4554 μακρὰν
1093 4480 1203 4550 γὰρ
1237 4481 1446 4544 ἐκεῖνος
1493 4479 1603 4534 ἀπὸ
1645 4478 1746 4550 τῆς
1768 4479 1858 4532 εὐ-

1960 4475 2209 4531 cborum.
2256 4473 2592 4538 Laudemus,
2626 4487 2740 4528 non
2765 4472 3086 4528 lscariotem
3136 4468 3352 4540 (procul
3385 4469 3535 4524 enim

265 4577 490 4647 λογίας,
523 4577 605 4630 ὅτι
660 4576 949 4648 ἠγάπησεν
995 4573 1262 4643 κατάραν,
1313 4571 1409 4625 καὶ
1460 4566 1626 4643 ἦλθεν
1684 4569 1855 4640 αὐτῷ’

270 4667 432 4722 ἀλλὰ
476 4665 703 4731 Ἰούδαν,
766 4665 860 4719 τὸν
926 4663 1319 4734 ἀμφοτέρωθεν
1378 4660 1740 4733 περίϐλεπτόν
1795 4676 1857 4713 τε

267 4761 362 4814 καὶ
433 4757 820 4828 εὐγενέστατον
873 4772 889 4789 ο
923 4767 952 4826 ί
956 4757 1054 4811 καὶ
1110 4756 1224 4818 τοῖς
1276 4755 1548 4822 φυσικοῖς,
1599 4751 1697 4808 καὶ
1741 4754 1859 4817 τοῖς

274 4851 431 4925 ὑπὲρ
457 4849 619 4920 φύσιν
647 4847 1121 4920 πλεονεκτήμασιν
1144 4844 1438 4916 ὑπερφυῶς
1473 4843 1859 4916 λαμπρυνόμε-

269 4957 360 4994 νον
400 4939 510 5009 acui.
569 4936 1045 5008 καλλωπιζόμενον
1074 4952 1090 4967 ·
1121 4935 1214 4989 τδν
1249 4934 1402 4989 κάτω
1457 4933 1557 5004 μὲν
1593 4933 1688 4987 ἐπὶ
1725 4931 1853 5001 γῆς,

276 5030 506 5101 ἔκγονον
561 5031 662 5102 μὲν
713 5032 934 5101 Ἰωσὴφ,
973 5027 1231 5083 Ἰακώὸου
1258 5027 1316 5081 δὲ
1345 5024 1574 5095 ἀδελφόν
1598 5039 1616 5072 .°
1644 5025 1758 5079 ἀνω
1774 5024 1852 5089 δὶ,

281 5124 443 5177 παῖδα
478 5122 579 5191 μὲν
607 5121 766 5186 Θεοῦ,
807 5120 1068 5189 σύγγονον
1088 5118 1144 5172 δὲ
1165 5119 1426 5190 Χριστοῦ.
1450 5118 1556 5172 Τὸν
1589 5117 1856 5185 ἀπόγονον

285 5213 383 5282 μὲν
402 5213 498 5267 τοῦ
535 5212 798 5284 βασιλέως
832 5212 1030 5266 Δαϐίδο
1069 5209 1334 5279 συγγενέα
1378 5210 1436 5263 δὲ
1481 5209 1650 5266 κατάν
1679 5209 1858 5278 σάρκα

282 5301 523 5371 Χριστοῦ
540 5319 556 5336 ο
591 5305 752 5374 είπερ
776 5302 841 5375 δὴ
863 5305 958 5357 καὶ
999 5302 1198 5373 Ἰωσὴφ
1223 5300 1382 5364 αύτὺς
1411 5301 1440 5354 ό
1460 5299 1663 5370 πατὴρ,
1729 5315 1860 5366 συγ-

282 5393 449 5464 γενὴς
469 5395 539 5464 τῇ
577 5395 791 5465 μνηστῇ
817 5392 1114 5446 καθίστατο
1142 5389 1398 5462 Μαριάμ.
1430 5387 1534 5442 Τὸν
1557 5388 1726 5456 ἐγγὺς
1759 5387 1859 5458 μὲν

285 5480 586 5550 περιφανῆ,
617 5481 710 5534 καὶ
748 5480 980 5551 λαμπρὰ
999 5477 1338 5550 κεκτημένον
1363 5476 1434 5531 τά
1459 5475 1556 5545 τῆς
1580 5474 1856 5529 δικαιοσύο

285 5580 386 5636 νης
440 5569 815 5642 ὑποδείγματα
837 5585 855 5605 ο
913 5569 1058 5625 οὕτω
1084 5567 1144 5623 δὲ
1195 5566 1718 5638 παρευδοκιμηκότα
1763 5565 1860 5620 καὶ

1956 4567 2005 4624 is
2025 4577 2112 4623 est
2137 4581 2171 4622 a
2195 4565 2618 4632 benedictione;
2655 4563 2862 4634 quippe
2893 4563 2988 4633 qui
3021 4561 3279 4616 dilexerit
3301 4558 3535 4614 maledi-

1957 4659 2222 4725 ctionem,
2251 4665 2310 4713 et
2344 4657 2499 4712 venit
2521 4657 2595 4728 ei)
2621 4655 2718 4713 sed
2739 4656 2937 4710 ludam
2964 4655 3227 4722 utrinque
3260 4649 3538 4720 spectabi-

1953 4751 2062 4806 lem
2091 4764 2159 4805 ac
2181 4747 2590 4805 nobilissimum
2609 4748 2690 4814 '7;
2756 4755 2873 4802 tum
2921 4745 3136 4801 scilicet
3191 4740 3540 4796 naturalibus

1954 4840 2202 4906 dotibus,
2231 4848 2350 4894 tum
2386 4853 2510 4908 quae
2555 4845 2755 4892 natura
2777 4835 3096 4906 superiores
3133 4840 3287 4896 sunt,
3337 4829 3540 4886 eximio

1960 4933 2168 4989 clarum
2185 4940 2351 5001 atque
2381 4939 2658 4986 ornatum.
2685 4928 2768 4984 Ad
2796 4936 3070 4982 terrenam
3099 4923 3324 4993 quidem
3351 4937 3540 4992 prosa-

1961 5023 2108 5093 piam
2176 5020 2324 5090 quod
2386 5021 2603 5084 attinet,
2633 5017 2859 5086 Josephi
2900 5014 3073 5068 (ilium
3117 5028 3185 5067 ac
3211 5009 3401 5067 Jacobi
3433 5009 3542 5064 fra-

1964 5123 2138 5178 trem;
2161 5112 2310 5183 quod
2330 5121 2515 5168 autem
2537 5111 2605 5166 ad
2630 5111 2934 5174 ctelestem,
2969 5107 3067 5164 Dei
3099 5105 3269 5160 lilium
3297 5119 3362 5158 ac
3383 5101 3543 5156 Chrio

1953 5206 2023 5262 sti
2085 5205 2335 5268 fratrem,
2377 5213 2632 5275 nepotem
2686 5201 2910 5272 quidem
2967 5197 3191 5254 Davidis
3251 5194 3418 5264 regis,
3474 5208 3539 5247 ac

1953 5296 2235 5352 Christum
2255 5295 2549 5365 agnatione
2580 5291 2788 5349 carnali
2847 5289 3297 5358 contingentem;
3355 5281 3534 5350 siqui-

1955 5387 2080 5442 dem
2109 5395 2166 5441 et
2182 5385 2385 5454 Ioseph
2422 5385 2540 5454 ipse
2562 5398 2788 5454 parens,
2846 5377 3187 5453 ejuscemodi
3253 5367 3536 5442 sanguinis

1955 5477 2366 5534 necessitudine
2393 5477 2616 5532 Mariam
2666 5488 2928 5546 sponsam
2972 5465 3328 5538 contingebat
3357 5478 3372 5515 :
3404 5472 3536 5529 pro-

1957 5567 2182 5638 pinquis
2234 5566 2461 5637 quidem
2517 5567 2814 5632 illustrem,
2863 5575 2922 5621 et
2971 5561 3066 5634 qui
3111 5560 3259 5615 clara
3307 5550 3535 5626 iustitia:

355 5755 565 5817 “Gen.
613 5775 756 5829 xux,
799 5759 852 5815 8.
930 5757 976 5792 "
1011 5756 1168 5812 Rom.
1205 5767 1270 5819 It,
1311 5751 1416 5822 28;
1448 5752 1608 5810 Rom.
1656 5767 1756 5821 vu,
1802 5751 1856 5808 6.
1932 5751 1979 5785 “
2009 5748 2168 5808 Joan.
2198 5765 2319 5816 vm,
2365 5749 2474 5820 39;
2527 5748 2708 5806 Colos.
2755 5721 2935 5815 11,“.
3010 5745 3054 5779 "
3083 5741 3223 5800 Psal.
3251 5755 3401 5805 cvm,
3445 5732 3534 5794 18.
