4040 6410
505 353 618 421 259

1731 348 2027 412 NlCET/E
2064 348 2597 414 PAPHLAGONIS

3696 352 3818 418 κθ

505 467 758 539 exempla
778 471 977 522 nactus
997 472 1166 529 esset,
1197 465 1388 534 sicque
1413 463 1504 518 illa
1518 461 1712 534 majori
1736 463 1962 517 virtutis
1991 464 2090 518 cla-

2204 467 2498 538 περιουσίᾳ
2525 467 2630 537 τῆς
2657 467 2865 538 ἀρετῆς
2903 467 3308 540 ὑπερϐαλόντα,
3343 468 3423 536 ὡς
3457 468 3711 535 ἐκείνους
3742 473 3809 524 ἐκ

507 563 674 616 ritate
700 560 946 623 vicisset,
987 559 1166 628 iisque
1183 556 1600 626 pnecelluisset,
1622 565 1683 610 ut
1709 569 1817 608 non
1841 563 1951 608 tam
1978 553 2097 624 ipse

505 655 749 717 illorum,
785 667 951 722 quam
991 651 1067 705 illi
1098 651 1218 720 ejus
1263 649 1423 720 longe
1471 647 1778 719 fulgoribus
1835 647 2099 702 honesta-

505 753 701 800 rentur
716 760 781 798 ac
801 743 1179 814 prazniterent.

577 840 737 895 Hunc
768 848 825 894 et
859 839 915 893 in
956 848 1144 909 typum
1204 843 1410 890 sancta:
1465 846 1534 886 ex
1589 830 1793 888 Iudaeis
1853 829 2100 886 collecta:

387 975 391 979 .
506 930 770 987 Ecclesia:
795 939 1138 998 assumptum
1163 941 1288 980 esse
1321 924 1598 978 existimo.
1650 922 1790 990 Quia
1840 923 1988 977 enim
2014 922 2099 977 fu-

506 1035 692 1080 turum
723 1031 866 1086 erat,
890 1029 949 1075 ut
980 1037 1114 1091 gens
1164 1019 1393 1075 Judaica
1458 1018 1676 1072 duabus
1705 1018 1876 1072 scissa
1923 1017 2098 1089 parti-

508 1123 630 1180 bus,
668 1118 837 1171 altera
862 1114 1086 1184 quidem
1112 1113 1522 1168 necessitudine
1540 1112 1654 1166 Deo
1676 1111 2094 1182 adjungeretur,

507 1211 678 1264 altera
719 1206 1122 1276 repelleretur;
1157 1205 1290 1260 hinc
1350 1205 1576 1275 quidem
1603 1219 1703 1274 per
1738 1202 1901 1258 fidem
1932 1204 2098 1275 justi-

507 1299 688 1364 licata,
721 1298 848 1353 inde
899 1297 1310 1354 incredulitatis
1352 1311 1520 1350 causa
1577 1294 1878 1359 damnata;
1923 1304 2096 1364 utque

505 1393 821 1463 pars'altera
871 1390 1410 1461 supermditicaretur
1483 1402 1652 1457 super
1674 1386 2095 1442 fundamentum

505 1485 871 1554 apostolorum
903 1492 958 1537 et
979 1483 1394 1552 prophetarum,
1417 1480 1589 1534 altera
1619 1479 1792 1533 instar
1815 1493 2094 1532 ramorum

503 1575 780 1628 aridorum
810 1584 868 1628 et
902 1572 1183 1628 inutilium
1214 1588 1246 1627 a
1280 1581 1470 1626 sancta
1514 1569 1700 1624 radice
1724 1569 2096 1639 eﬂringercn-

499 1665 926 1730 tur";excisae
990 1666 1219 1735 quidem
1263 1663 1562 1736 Synagogae
1625 1670 1787 1734 typus
1843 1663 2096 1732 proditus

498 1764 581 1812 est
607 1757 882 1812 nefandus
912 1757 1006 1812 ille
1038 1757 1332 1828 proditor;
1371 1764 1689 1810 sanctarum
1725 1769 1857 1808 vero
1900 1753 2093 1810 Eccle-

2202 558 2358 613 τοῦδε
2393 560 2530 613 πολὺ
2565 559 2792 627 μᾶλλον,
2820 561 2854 634 ἢ
2876 562 3069 616 τοῦτον
3091 561 3154 628 ἐξ
3181 563 3406 618 ἐκείνων
3431 563 3810 636 γνωρίζεσθαι

2201 651 2300 705 καὶ
2327 651 2771 726 λαμπρύνεσθαι.

2275 830 2476 884 Τοῦτον
2503 831 2748 906 ήγοῦμαι
2787 834 2883 888 καὶ
2928 835 3010 899 είς
3063 833 3239 889 τύπον
3300 835 3402 907 τῆς
3425 836 3485 904 ἐξ
3525 836 3806 891 Ἰουδαίων

2201 923 2366 992 ἀγίας
2403 925 2734 996 Ἐκκλησίας
2764 927 3165 998 παρειλῆφθαι.
3221 927 3442 1000 Ἐπειδὴ
3469 931 3577 1001 γὰρ
3601 931 3803 1001 ἔμελλε

2199 1015 2322 1086 διχῆ
2355 1017 2416 1069 τὸ
2458 1016 2727 1071 Ἰουδαίων
2753 1017 3012 1088 μερισθὲν
3053 1019 3230 1087 γένος,
3255 1019 3318 1072 τὸ
3377 1021 3479 1090 μὲν
3507 1023 3802 1092 οίκειωθῆ-

2199 1124 2290 1162 ναι
2307 1107 2449 1178 Θεῷ,
2463 1111 2523 1162 τὸ
2541 1109 2588 1162 δ’
2610 1109 2970 1180 άποτεθῆναιο
2990 1111 3052 1164 τὸ
3069 1111 3170 1180 μὲν
3193 1110 3281 1165 διὰ
3296 1111 3536 1176 πίστεως
3559 1112 3800 1167 δικαιού-

2203 1218 2388 1272 μενον,
2414 1201 2475 1254 τδ
2496 1200 2553 1254 δὲ
2608 1199 2678 1256 δι’
2711 1202 3003 1256 ἀπείθειαν
3054 1204 3549 1275 κατακρινόμενον·
3587 1210 3682 1260 καὶ
3728 1209 3796 1261 τὸ

2204 1293 2305 1364 μὲν
2327 1292 2828 1364 ἐποικοὼμηθῆναι
2858 1292 2936 1364 τῷ
2966 1292 3206 1365 θεμελίῳ
3225 1295 3333 1348 τῶν
3353 1297 3672 1351 ἀποστόλων
3697 1300 3794 1352 καὶ

2201 1386 2520 1456 προφητῶν,
2546 1385 2608 1438 τὸ
2628 1385 2685 1439 δὲ
2713 1387 2901 1458 τρόπῳ
2934 1387 3147 1441 κλάδων
3183 1388 3366 1458 ξηρῶν
3400 1389 3496 1442 καὶ
3522 1391 3792 1461 ἀκάρπων

2198 1479 2298 1550 τῆς
2321 1479 2484 1547 ἁγίας
2512 1477 2880 1548 ἐκκλασθῆναι
2923 1477 3079 1549 ῥίζης
3107 1494 3120 1509 ·
3147 1479 3319 1544 τύπος
3365 1480 3466 1550 μὲν
3503 1481 3604 1552 τῆς
3629 1483 3790 1535 ἐκκε-

2200 1573 2485 1643 κομμένης
2529 1571 2863 1641 Συναγωγῆς
2910 1573 3120 1634 ἐκεῖνος
3155 1573 3184 1624 ὁ
3215 1571 3534 1642 δυσώνυμος
3587 1575 3789 1645 ἀπελή-

2198 1657 2396 1722 λεγκτο
2445 1659 2749 1730 προδότης·
2805 1659 2979 1723 τύπος
3032 1659 3091 1712 δὲ
3132 1660 3230 1714 τοῦ
3289 1664 3640 1733 σεσωσμένου
3691 1658 3788 1735 τῆς

2202 1747 2356 1817 ίερᾶς
2418 1747 2751 1818 Ἐκκλησίας
2803 1747 3278 1822 καταλείμματος,
3311 1755 3340 1805 ὁ
3367 1755 3788 1825 μακαριώτατος

499 1849 594 1902 size
645 1849 1012 1918 reliquiarum
1070 1848 1236 1902 saluti
1287 1847 1600 1902 dedilarum
1661 1854 1823 1917 typus
1894 1845 2090 1900 enituit

2210 1839 2432 1904 Ἰούδας,
2464 1841 2493 1893 ὀ
2521 1839 2618 1894 νῦν
2649 1843 3044 1912 ἐπαινούμενος
3095 1843 3372 1898 ἐδείκνυτο
3404 1863 3420 1878 ο
3461 1850 3559 1900 καὶ
3594 1847 3785 1922 ὥσπερ

500 1940 853 1996 beatissimus
881 1941 1073 2004 Judas,
1122 1955 1290 2009 quem
1329 1940 1835 2010 impraesentiarum
1895 1936 2089 1992 lauda-

499 2048 643 2088 mus.
667 2034 744 2087 Ac
793 2034 939 2087 sicut
970 2033 1065 2088 ille
1095 2033 1166 2087 ob
1210 2032 1422 2104 peccati
1473 2047 1745 2086 summam
1788 2031 2093 2101 nequitiam

499 2125 793 2180 devinctus
816 2126 1161 2198 devotusque
1213 2126 1456 2192 diabolo,
1501 2127 1590 2182 bis
1627 2126 1721 2198 qui
1762 2136 2092 2197 sequuntur,

500 2218 554 2271 in
579 2218 864 2274 interitum
885 2220 1046 2289 praeit
1076 2236 1090 2285 ;
1124 2220 1204 2276 sic
1233 2221 1338 2276 iste
1363 2219 1606 2290 perfecta
1635 2220 1847 2291 justitia
1871 2218 2094 2275 Christo

495 2311 810 2380 copulatus,
845 2311 912 2366 ad
963 2311 1195 2366 salutem
1222 2327 1388 2382 supra
1421 2327 1584 2382 quam
1618 2311 1942 2384 perfectam,
1973 2326 2090 2378 eos,

495 2402 589 2473 qui
622 2402 701 2456 illi
731 2403 964 2458 comites
987 2403 1383 2474 adjungantur,
1419 2404 1591 2459 ducit.

563 2494 1019 2564 Quandoquidem
1042 2496 1209 2566 igitur
1237 2495 1535 2565 ancipitem
1554 2494 1708 2550 vocis
1729 2493 2092 2566 significatio-

496 2602 624 2641 nem
655 2586 1034 2651 distinximus,
1054 2603 1119 2642 ac
1139 2587 1288 2658 quod
1324 2588 1488 2658 vulgo
1514 2587 1857 2658 rudibusque
1889 2587 2095 2642 abhor-

497 2693 621 2732 rere
656 2677 970 2742 videbatur,
997 2679 1242 2733 nominis
1300 2678 1670 2748 explicatione
1738 2678 2090 2747 detersimus,

497 2784 617 2838 age,
650 2757 859 2839 quaead
883 2780 1136 2826 sanctum
1161 2771 1313 2826 hunc
1337 2771 1534 2827 Judam
1566 2779 1863 2839 spectant;
1891 2786 2090 2841 quem-

494 2861 793 2915 admodum
827 2861 944 2931 ipse
989 2860 1153 2916 nobis
1217 2861 1440 2916 ccelitus
1473 2861 1741 2923 illuxerit,
1766 2861 2093 2916 considere-

496 2963 652 3016 mus;
676 2950 747 3004 ab
780 2949 900 3020 ejus
915 2949 1139 3018 quidem
1174 2949 1432 3004 minutim
1463 2949 1740 3004 narranda
1767 2949 1877 3004 vita
1897 2966 2092 3022 super-

494 3039 772 3105 sedentes,
835 3040 1237 3114 apostolicique
1303 3040 1514 3096 laboris
1558 3041 1812 3112 periodo,
1870 3058 2088 3099 necnon

493 3130 984 3198 praedicationibus
1006 3142 1064 3187 et
1087 3132 1375 3188 miraculis
1421 3132 1644 3188 omissis
1675 3132 1846 3204 (quod
1905 3148 2087 3204 neque

2195 1935 2403 1997 ἐκεῖνος
2424 1932 2492 1986 δι’
2523 1933 2803 2004 ἁμαρτίας
2855 1935 3037 2004 ἄκρας
3087 1937 3396 2001 οίκειωθεὶς
3427 1940 3506 2010 τῷ
3529 1939 3782 2012 διαϐόλῳ,

2196 2029 2276 2091 είς
2301 2027 2580 2082 ἀπώλειαν
2602 2028 2712 2081 τῶν
2769 2030 3055 2099 ἑπομένων
3120 2032 3468 2107 καθηγεῖται,
3527 2034 3672 2088 οὓτω
3699 2036 3786 2090 διά

2194 2118 2294 2188 τῆς
2327 2119 2538 2182 τελείας
2570 2119 2923 2190 δικαιοσύνης
2940 2113 3098 2186 οὗτος
3113 2122 3192 2194 τῷ
3215 2123 3440 2194 Χριστῷ
3465 2125 3783 2194 συναφθεὶς,

2197 2213 2335 2283 πρὸς
2390 2213 2666 2286 ὑπερτελῆ
2734 2213 3011 2286 σωτηρίαν
3032 2218 3160 2281 τοὺς
3205 2217 3606 2283 άκολοθοῦντας
3634 2220 3787 2294 αὐτῷ

2194 2309 2547 2377 χειραγωγεῖ.

2280 2485 2502 2558 Ἐπειδὴ
2531 2486 2626 2542 οὖν
2653 2485 2752 2554 τὴν
2780 2489 3108 2561 ὁμωνυμίαν
3137 2492 3581 2565 διεστειλάμεθα,
3609 2496 3704 2551 καὶ
3722 2498 3783 2552 τὺ

2195 2578 2451 2643 ἀπεοικὸς
2481 2579 2675 2634 δοκοῦν
2709 2585 2823 2646 τοῖς
2880 2585 3098 2648 πολλοῖς
3146 2586 3242 2640 καὶ
3287 2587 3529 2658 ἀμαθέσι
3563 2588 3652 2644 διά
3684 2590 3782 2657 τῆς

2191 2671 2288 2725 τοῦ
2315 2673 2579 2743 ὀνόματος
2605 2673 2894 2744 δηλώσεως
2923 2676 3366 2752 ἀνεκαθῄραμεν,
3394 2682 3526 2752 φέρε
3549 2682 3617 2736 τὰ
3642 2683 3780 2737 κατὰ

2191 2764 2285 2816 τὸν
2317 2764 2462 2834 ἱερὸν
2505 2765 2694 2844 τοῦτον
2729 2765 2951 2831 Ἰούδαν,
2985 2767 3062 2829 ώς
3093 2769 3158 2822 ἂν
3187 2769 3350 2833 αὐτὸς
3384 2773 3516 2841 ήμῖν
3557 2773 3781 2843 οὐρανό-

2194 2855 2287 2908 θεν
2311 2855 2660 2939 ἐλλάμψειεν,
2701 2856 3108 2930 θεωρήσωμεν
3175 2861 3274 2932 τὴν
3329 2862 3428 2934 μὲν
3457 2863 3552 2918 ἐπὶ
3599 2864 3778 2936 λεπτῷ

2191 2947 2291 3016 τῆς
2321 2946 2486 3000 αὐτοῦ
2523 2946 2796 3012 πολιτείας
2821 2949 3122 3020 ἀφήγησιν,
3166 2951 3258 3002 καὶ
3292 2949 3391 3022 τὴν
3419 2951 3778 3022 ἀποστολικήν

2193 3037 2463 3108 περίοδον,
2499 3040 2594 3092 καὶ
2625 3037 2695 3094 ’.ῖά
2725 3039 3060 3110 κηρύγματα
3089 3041 3185 3093 καὶ
3199 3041 3267 3094 τὰ
3291 3041 3547 3113 θαύματα
3571 3044 3775 3115 παρέν-

2191 3132 2412 3197 τες,ὂτι
2473 3131 2597 3202 μηδ’
2657 3118 3054 3204 ὑπομνήμασιν
3100 3135 3236 3204 ήμϊν
3297 3133 3580 3205 ἐξεγένετο
3613 3135 3773 3208 μέχρι

494 3222 637 3276 ullos
663 3223 933 3278 hactenus
952 3223 1071 3280 ham
1098 3225 1537 3294 complectentes
1564 3225 1841 3281 nanscisci
1867 3227 2090 3284 licuerit

2197 3221 2290 3278 τοῦ
2319 3200 2485 3295 δεῦρο
2509 3200 2822 3295 περιτυχεῖν
2842 3200 3275 3288 ’-ήάποστολικοῖς
3302 3226 3360 3279 δέ
3402 3200 3596 3280 τοῦτον
3613 3200 3778 3282 ἰτὲἆι.

495 3313 946 3381 commentarios)
1007 3313 1331 3383 apostolicis
1365 3327 1495 3370 eum
1525 3315 1787 3370 laudibus
1819 3317 1972 3372 velut
1995 3332 2088 3372 ro-

496 3415 680 3455 sarum
712 3400 946 3458 lloribus
971 3403 1209 3462 aliorum
1241 3421 1395 3460 more
1416 3416 1771 3469 coronantes,
1795 3415 1910 3461 tum
1935 3419 2087 3478 grata

496 3491 577 3546 illi
606 3491 925 3558 fecerimus,
956 3503 1073 3548 tum
1100 3495 1278 3550 amica
1315 3496 1476 3551 valde
1509 3505 1676 3566 atque
1702 3508 1948 3568 accepta,
1980 3499 2086 3564 his,

497 3582 594 3651 qui
633 3583 751 3637 veri
795 3593 1074 3639 amantem
1125 3585 1378 3640 auditum
1424 3586 1810 3656 prmtendunt;
1875 3599 1936 3644 ut
1993 3590 2089 3660 qui

493 3689 562 3727 ex
590 3674 983 3730 communibus
1017 3675 1382 3748 omniumque
1417 3692 1587 3732 sensu
1627 3679 1863 3750 receptis
1922 3663 2092 3737 ratib-

495 3765 659 3820 nibus
694 3805 710 3831 ,
765 3765 1020 3822 veritatis
1085 3765 1364 3839 discipulo
1417 3768 1795 3825 laudationem
1833 3782 2091 3828 contexa-

495 3869 638 3910 IDUS.

561 3971 702 4041 Ejus
741 3971 932 4041 itaque
955 3971 1026 4028 ab
1053 3972 1218 4028 initio
1249 3973 1379 4029 vitae
1405 3974 1552 4031 ratio
1575 3990 1641 4031 ac
1669 3975 1930 4034 educatio
1961 3993 2091 4034 san-

491 4073 579 4118 cta
603 4063 775 4119 dubio
811 4067 1008 4135 procul
1051 4066 1311 4137 iustaque
1336 4075 1395 4122 ct
1436 4067 1603 4124 bona.
1651 4069 1802 4125 Bona
1851 4071 2000 4125 enim
2021 4085 2090 4124 ex

493 4156 701 4222 radice,
751 4158 912 4214 bona).
955 4159 1162 4218 indolis
1216 4171 1405 4216 ortum
1462 4177 1689 4233 germen
1716 4175 1805 4219 est
1837 4180 1851 4217 :
1886 4179 1953 4219 ac
1983 4163 2090 4219 sub

494 4258 730 4318 parente
757 4251 909 4321 justo
931 4253 1256 4324 sobrioque,
1299 4254 1487 4310 sobrie
1503 4255 1765 4326 justeque
1811 4257 1994 4327 justus
2022 4255 2092 4312 li-

491 4339 602 4395 lius
629 4341 994 4398 erudiebatur
1010 4361 1073 4400 ac
1096 4345 1494 4402 instituebatur
1515 4349 1582 4400 ³⁸.
1597 4348 1947 4419 Quapropter
1967 4363 2090 4404 om-

493 4447 594 4486 nes
631 4433 818 4488 saeculi
865 4437 1139 4494 vanitates
1169 4449 1228 4494 et
1256 4439 1504 4495 insanias
1534 4439 1702 4495 falsas
1752 4438 2037 4495 devitabat
2069 4457 2085 4494 :

2191 3334 2302 3382 νοις
2327 3317 2403 3382 ῶς
2439 3316 2630 3372 ἄνθεσι
2689 3316 2860 3388 ῥόδων
2925 3317 3071 3371 κατὰ
3113 3321 3212 3390 τὴν
3264 3319 3402 3391 πρὸς
3428 3319 3555 3383 τοὺς
3587 3319 3778 3386 ἄλλους

2191 3411 2450 3481 ὁμοίωσιν
2475 3410 2902 3481 ἀναδησάμενοι,
2943 3411 3094 3482 αὑτῷ
3130 3429 3190 3466 τε
3221 3414 3598 3484 κεχαρισμένα
3649 3414 3777 3485 δρά-

2193 3518 2389 3572 σαιμεν
2439 3501 2546 3565 ἂν,
2610 3502 2740 3570 φίλα
2795 3519 2853 3554 τε
2909 3502 3052 3571 ἄγαν
3111 3504 3207 3557 καὶ
3275 3503 3618 3557 εὐαπύδεκτα
3667 3507 3778 3569 τοῖς

2191 3591 2464 3666 φιλαλήθη
2491 3594 2868 3664 προτείνουσιν
2890 3594 3068 3665 ἀκοήν
3088 3612 3103 3629 ο
3130 3595 3206 3659 ὡς
3227 3596 3293 3649 ἐκ
3325 3595 3435 3652 τῶν
3461 3596 3660 3651 κοινῶν
3688 3598 3778 3650 καὶ

2190 3683 2636 3757 ὡμολογημένων
2668 3685 2914 3753 ἐννοιῶν,
2941 3688 3042 3757 τὴν
3069 3687 3349 3760 εὐφημίαν
3379 3687 3457 3760 τῷ
3483 3689 3586 3761 τῆς
3648 3690 3778 3764 ἀληο

2191 3775 2344 3842 θείας
2364 3777 2848 3849 διασκευαζόμενοι
2873 3778 3114 3852 μαθητῇ.

2273 3951 2340 4006 Ἦ
2369 3951 2470 4022 μὲν
2495 3949 2590 4009 οὖν
2620 3953 2678 4021 ἐξ
2712 3951 2888 4025 ἀρχῆς
2909 3952 3076 4009 αύτοῦ
3113 3954 3302 4026 βίωσις
3351 3958 3446 4012 καὶ
3491 3959 3773 4034 ἀναγωγὴ,

2189 4045 2640 4117 ὁμολογουμένως
2673 4047 2806 4116 ἁγία
2833 4048 2929 4101 καὶ
2957 4049 3142 4104 δικαία
3185 4050 3278 4105 καὶ
3305 4051 3508 4125 ἀγαθή.
3541 4055 3776 4128 Ἀγαθῆς

2189 4138 2300 4209 γὰρ
2343 4139 2502 4210 ῥίζης
2553 4139 2870 4210 ἀγαθοφυὴς
2909 4140 3138 4210 βλαστὸς
3185 4143 3426 4209 ἐκδοθείς
3453 4162 3466 4176 ·
3527 4149 3624 4202 καὶ
3673 4148 3775 4204 ὑπὸ

2187 4230 2384 4302 δικαίῳ
2407 4232 2577 4302 πατρὶ
2600 4233 2696 4287 καὶ
2719 4236 2982 4304 σώφρονι,
3011 4237 3366 4305 σωφρονικῶς
3393 4239 3490 4291 καλ⁸
3517 4239 3770 4305 δικαίως,

2188 4324 2218 4377 ὁ
2242 4323 2453 4387 δίκαιος
2482 4324 2803 4379 ἐπαιδεύετο
2827 4327 2922 4382 καὶ
2945 4327 3184 4398 ἀνήγετο
3209 4332 3359 4393 παῖς.
3400 4331 3566 4386 ’Ὀθεν
3594 4333 3775 4399 πάσας

2191 4415 2292 4485 μὲν
2350 4415 2446 4469 τοῦ
2499 4415 2614 4486 βίου
2665 4417 3040 4490 ματαιότητας
3094 4421 3190 4474 καὶ
3246 4423 3447 4492 μανίας
3475 4427 3775 4497 παρῃτεῖτο

492 4523 600 4579 hoc
656 4541 880 4593 cavens,
912 4545 981 4583 ne
1005 4531 1231 4602 ingenui
1294 4533 1594 4603 magnique
1623 4532 1746 4602 ejus
1795 4531 1970 4587 animi
1998 4532 2084 4588 vis

2195 4508 2430 4577 ψευδεῖς,
2470 4511 2548 4580 μὴ
2575 4511 2852 4577 καταξιῶν
2875 4511 2936 4565 τδ
2965 4513 3186 4581 εὐγενὲς
3234 4515 3334 4584 τῆς
3388 4515 3553 4569 αὐτοῦ
3597 4518 3776 4590 ψυχῆς

491 4614 718 4672 caducis
748 4618 917 4674 rebus
937 4635 1003 4674 ex
1024 4621 1258 4678 libidine
1295 4623 1536 4689 addicta,
1583 4631 2078 4693 corrumperetur:

493 4715 641 4763 totus
667 4725 801 4765 vero
832 4714 892 4766 in
917 4727 977 4768 se
1006 4715 1332 4786 conspirans
1351 4715 1533 4770 acsibi
1563 4715 1810 4781 studens,
1833 4715 2082 4787 legisque

490 4800 850 4858 meditatione
913 4805 1440 4876 institutus,latque
1487 4807 1872 4862 mandatorum
1911 4808 2085 4863 docu-

493 4893 693 4948 mentis
724 4897 977 4952 excultus
1016 4913 1083 4952 ac
1124 4899 1415 4969 magniﬁce
1448 4902 1922 4969 praeexercitatus,
1969 4914 2083 4957 non

491 4982 677 5039 minus
707 4988 910 5042 mentis
946 4989 1162 5057 habitu,
1195 5005 1362 5060 quam
1386 4991 1640 5062 corporis
1663 5001 1875 5049 statura
1899 4990 2085 5064 quoti-

491 5071 583 5126 die
604 5089 880 5143 crescens,
909 5079 1163 5150 profectu
1191 5082 1518 5152 augebatur.

561 5250 704 5321 Quia
734 5254 904 5326 igitur
922 5257 1039 5327 ipse
1059 5258 1285 5328 quidem
1312 5260 1641 5333 praedagogo
1667 5261 1790 5333 lege
1817 5261 2089 5318 hactenus

491 5347 825 5413 custoditus,
852 5351 920 5403 ad
969 5367 1286 5406 mensuram
1333 5354 1515 5409 aetatis
1586 5365 1703 5409 tum
1755 5355 2082 5425 corporalis,

492 5444 610 5491 tum
636 5439 804 5492 animi
837 5452 1207 5510 provexerat;
1243 5458 1500 5514 magnum
1547 5453 1732 5500 autem
1777 5447 1967 5517 gratia:
1998 5447 2085 5501 lu-

2189 4601 2286 4656 καὶ
2321 4603 2687 4674 μγαλοφυές,
2711 4607 2779 4676 τῇ
2807 4604 3099 4673 φιλοπαθεί
3129 4605 3240 4660 τῶν
3275 4607 3558 4678 ἐπικήρων
3611 4627 3778 4666 κατα·

2189 4694 2465 4768 φθαρῆναι
2511 4698 2674 4768 σχολῇ
2700 4713 2714 4728 ο
2748 4699 2884 4769 πρὸς
2933 4698 3126 4752 ἑαυτὸν
3153 4699 3210 4752 δὲ
3241 4703 3610 4767 συννενευκὼς
3636 4704 3778 4772 ελος,

2190 4791 2286 4843 καὶ
2305 4793 2370 4862 τῇ
2400 4789 2606 4862 μελέτῃ
2621 4788 2714 4842 τοῦ
2741 4791 2908 4858 νόμου
2951 4791 3500 4864 παιδοτριδούμενος,
3537 4797 3634 4849 καὶ
3658 4799 3777 4861 ταῖς

2191 4882 2590 4954 παραγγελίαις
2614 4883 2724 4937 τῶν
2766 4883 3000 4938 ἐντολῶν
3027 4883 3454 4955 ἐξασκούμενος,
3481 4887 3575 4942 καὶ
3605 4874 3778 4958 μεγα·

2192 4974 2407 5044 λοφυῶς
2441 4976 2990 5048 προγυμναζόμενος,
3030 4977 3206 5042 οὕτως
3226 4979 3326 5048 οὐχ
3351 4974 3514 5051 ἦττον
3539 4979 3638 5050 τῆς
3677 4999 3778 5034 σω-

2191 5069 2430 5138 ματικῆς
2468 5067 2705 5137 ἡλικίας,
2732 5067 2831 5135 τῆς
2859 5067 3104 5131 διανοίας
3124 5069 3225 5137 τὴν
3255 5069 3370 5134 ἕξιν
3395 5069 3614 5141 ήμέραν
3654 5070 3776 5124 καθ’

2185 5158 2403 5229 ἡμέραν
2425 5157 2696 5225 αὐξάνων,
2727 5159 2971 5214 ἐπεδίδου
3005 5162 3126 5224 ταῖς
3151 5163 3480 5230 προκοπαῖς.

2268 5249 2424 5301 Ἐπεὶ
2454 5247 2587 5316 γοῦν
2635 5248 2797 5313 αὐτὸς
2856 5250 2958 5320 μὲν
2987 5249 3086 5319 τῆς
3120 5266 3179 5302 τε
3217 5249 3565 5320 σωματικῆς,
3588 5251 3688 5325 τῆς
3715 5268 3775 5306 τε

2185 5341 2328 5395 κατά
2353 5340 2773 5412 ψυχὴν-ἡλικίας
2804 5342 2886 5406 είς
2931 5341 3132 5414 μέτρον
3169 5341 3274 5394 ὑπὸ
3304 5340 3384 5413 τῷ
3438 5342 3774 5414 παιδαγωγῷ

2181 5436 2335 5506 νόμῳ
2397 5435 2535 5499 τέως
2588 5436 3000 5507 φρουρούμενος
3046 5435 3394 5506 προϐέϐηκεν
3415 5453 3428 5469 ο
3463 5435 3525 5490 τὸ
3550 5437 3696 5506 μέγα
3717 5437 3773 5491 δὲ

493 5542 617 5584 men
657 5530 750 5585 Sol
778 5532 1032 5602 iustitiae,
1070 5537 1307 5605 unigena
1370 5543 1616 5606 paterna:
1659 5537 1985 5594 substantiae
2026 5537 2089 5592 fi-

2195 5533 2284 5600 εῆς
2308 5529 2533 5600 χάριτος
2593 5529 2731 5600 φῶς,
2758 5531 2788 5583 ὁ
2811 5529 3001 5593 Ἤλιος
3033 5529 3136 5600 τῆς
3165 5529 3536 5608 δικαιοσύνης,
3561 5533 3591 5584 ό
3615 5548 3772 5599 μονο-

493 5634 648 5690 gnra,
677 5623 896 5678 mortali
913 5625 1026 5696 jam
1044 5639 1222 5682 massa
1243 5643 1343 5698 per
1365 5626 1814 5700 castissimamjac
1843 5627 2088 5700 virgina-

565 5815 613 5850 ⁸³
643 5818 848 5888 Ephes.
892 5839 958 5892 ιι,
1007 5824 1097 5882 20.
1175 5826 1221 5860 ”
1261 5827 1408 5883 Psal.
1459 5844 1643 5896 xxxix,
1690 5827 1743 5884 5.

2187 5627 2352 5698 γενὴς
2380 5625 2479 5696 τῆς
2516 5623 2792 5697 πατρικῆς
2849 5623 3208 5690 ὑποστάσεως
3229 5623 3546 5696 χαρακτὴρ,
3581 5621 3685 5693 ήδη
3712 5619 3775 5676 τὸ
