2020 3140
129 149 184 183 €161

538 143 678 175 ORATIO
696 142 780 172 XIII.
793 140 835 159 -’
850 141 889 171 ΙΝ
909 138 1065 171 LAUDEM
1084 137 1115 167 S.
1135 137 1241 168 IUDE
1257 136 1383 166 APOST.

1712 135 1766 166 262

131 182 254 244 liga-estw
272 202 387 239 φύραμα
407 201 452 228 διὰ
480 200 532 235 τῆς
545 199 684 233 πανάγνου
699 197 747 223 καὶ
757 195 925 244 παρθενικῆς

980 182 1152 220 ΙοπιΜθι-ἰαηι
1165 197 1316 227 assumpta.
1331 191 1438 226 subque
1454 192 1528 220 illius
1540 195 1657 227 parente
1685 192 1765 221 Jose-

129 241 285 285 ἀνειληφὼς
306 248 433 283 Μαριὰμ,
461 246 510 273 καὶ
540 245 593 272 ὑπὸ
613 244 654 280 τῷ
670 244 775 270 ἐκείνου
787 241 873 277 πατρὶ
885 241 925 275 τῷ

136 296 248 331 Ἰωσὴφ,
264 295 312 322 hs
331 293 470 329 μνηστῆρι
479 290 534 326 ’τῆς
546 290 687 326 Παρθένου
700 289 750 324 τὴν
765 287 926 322 σωματικὴν

133 342 240 377 ἡλικίαν
276 340 443 374 ἀναγόμενος
459 345 466 353 ·
489 336 585 371 ἐπειδὴ
601 337 661 367 ταῖς
679 335 804 362 Ἰωάννου
819 341 926 368 μαρτυ-

131 388 218 422 ρίαις,
253 386 302 413 καὶ
328 385 396 412 πολὺ
425 383 526 419 μᾶλλον
550 383 612 414 ταῖς
625 381 673 408 τοῦ
684 380 810 416 οὐρανίου
823 378 927 413 Πατρδς

132 434 180 459 ἐπὶ
193 432 241 458 τοῦ
259 431 355 462 ὓδατος
369 429 588 459 amandum-ro,
601 428 650 454 καὶ
664 428 720 458 τοῖς
733 424 927 461 ὑπερφυεστὰ-

135 485 193 509 τοις
203 477 284 504 εὐθὺς
293 472 349 502 τῶν
372 475 474 510 ἔργων,
498 474 590 509 ἠρέμα
603 473 634 499 τὸ
646 471 856 507 μεγαλοπρεπὲς
878 471 928 505 τῆς

134 522 240 552 οἰκείας
248 520 381 555 ἐπίφαινε
395 520 534 554 θεότητος,
542 519 572 545 οὐ
582 517 654 545 κατὰ
663 519 727 549 τοὺς
737 516 929 552 ψευδωνύμως

135 564 214 599 οὗτος
232 566 376 597 Ἰουδαίους
390 566 424 592 τὰ
435 566 485 600 τῆς
496 564 611 600 καρδίας
622 564 746 598 νοήματα
757 562 929 598 πεπωρωμέ-

137 621 191 645 voc,
205 612 351 647 βασκάνοις
361 611 408 637 τὸν
430 610 579 646 εὐεργέτην
605 609 754 643 ἀνέϐλεψεν
771 608 929 643 ὀφθαλμοῖς·

136 658 190 685 οὐδ’
199 657 328 692 ἠγάπησε
348 657 409 691 μὲν,
424 655 573 690 φυσικῇ-δὲ
590 656 660 691 μόνῃ
679 653 867 688 φιλοστοργίᾳ,
883 653 931 679 καὶ

138 703 298 737 συγγενείας
313 702 460 736 οἰκειότητι
479 701 567 735 τούτῳ
579 701 767 736 συνδεόμενος,
782 699 832 734 τῆς
845 707 932 733 σωτη-

140 749 253 784 ριώδους
274 748 394 778 πίστεως
419 746 491 773 κατὰ
513 747 577 777 τοῦς
595 745 706 776 πλείους
722 743 777 770 τῶν
790 743 931 778 συγγενῶν

137 795 239 830 ἕρημος
251 792 285 829 ἢν
297 801 305 810 η
322 793 382 820 οὐδὲ
405 792 496 818 πίστει
526 791 576 826 μὲν
601 791 700 826 ἐχρῆτο
713 789 820 825 βεὸαίᾳ,
837 789 887 824 τῆς
902 789 930 816 δὲ

138 840 217 874 ἁγίας
232 839 342 873 ἀγάπης
355 839 389 865 τὰ
403 837 520 873 δεύτερά
534 845 608 868 τινος
620 837 675 863 τῶν
689 836 728 871 τῷ
739 836 851 871 Χριστῷ
867 835 928 862 τότε

138 884 334 919 μαθητιώντων
346 884 519 918 ἀπεφέρετοο
537 882 605 918 όμοῦ
621 882 651 908 δὲ
671 881 929 917 συνδεδραμηκότων

136 929 178 955 ἐπ’
194 928 270 963 αὐτῷ
280 929 331 963 τῆς
345 929 416 955 κατὰ
429 928 460 954 τὸ
472 927 554 962 σῶμα
569 927 743 961 συγγενείας,
753 928 802 961 τῆς
812 927 930 961 φυσικῆς

136 973 333 1008 προσπαίὴίας,
349 973 397 1000 εἰτ’
408 971 455 1000 οὖν
470 971 572 1007 φιλίας,
584 972 634 1006 τῆς
650 972 762 1006 ἀγάπης
776 971 824 998 τοῦ
842 971 930 998 Ilvati-

139 1029 223 1054 ματος
233 1028 240 1035 ·
250 1020 301 1055 τῆς
323 1019 373 1054 οὐχ
387 1017 469 1055 ἦττον
487 1017 532 1045 διὰ
544 1018 590 1045 τὸν
601 1017 649 1044 τοῦ
664 1017 722 1052 βίου
737 1018 848 1052 τρόπον,
866 1018 885 1052 ἡ
895 1016 930 1043 τὰ

139 1065 245 1099 μεγάλα
274 1064 402 1099 θαύματα
425 1063 556 1096 πίστεως,
580 1063 643 1090 καθ’
658 1062 687 1089 ὃν
714 1062 763 1089 καὶ
786 1061 932 1090 συνανατέ-

139 1110 256 1144 Θραπτο,
274 1110 323 1137 καὶ
335 1109 488 1144 συνανῑμιτο
496 1108 535 1143 τῷ
558 1108 657 1143 Ἰησοῦ,
669 1108 707 1139 ὡς
716 1108 755 1143 τῷ
765 1107 840 1142 αὐτῷ
853 1115 931 1142 νομι-

139 1156 252 1190 ζόμενος
279 1155 431 1190 κεχρῆσθαι
455 1155 555 1190 πατρί·
586 1155 631 1181 διὰ
654 1153 744 1180 ταῦτα
769 1152 860 1179 τοίνυν
881 1152 931 1188 τῆς

138 1201 293 1236 ἀκροτάτης
314 1202 381 1236 πρὸς
400 1201 482 1227 αὐτὸν
508 1199 589 1231 εὐθὺς
602 1199 782 1234 οἰκειότητος,
809 1199 868 1234 ἦτοι
885 1207 931 1233 φι-

138 1248 251 1283 λότητος
270 1249 285 1274 ό
309 1247 519 1282 μακαριώτατος
542 1246 717 1281 εὐμοιρηκώς
734 1253 742 1261 ·
773 1245 841 1280 όμοῦ
857 1253 888 1271 τε
901 1244 931 1271 τὺ

139 1293 306 1328 Εὑαγγέλιον
320 1293 369 1327 τῆς
385 1292 430 1318 τοῦ
443 1291 512 1318 θεοῦ
538 1291 677 1326 βασιλείας
691 1291 739 1318 τοῦ
751 1290 931 1326 κηρύγματος

139 1339 250 1372 ἐδέξατο
266 1339 315 1373 τὴν
343 1338 443 1373 ἀρχὴν,
457 1339 506 1365 καὶ¹
518 1337 601 1369 αὐτὸς
609 1337 658 1364 τοῦ
677 1336 845 1370 Εὐαγγελίου
864 1336 932 1363 καθ-

140 1383 250 1410 ίσταται
266 1384 400 1418 μαθητής·
415 1383 463 1409 καὶ
472 1384 506 1417 τῇ
523 1383 673 1417 συγγενικῇ
688 1382 766 1417 φιλίᾳ
785 1381 836 1416 τὴν
860 1382 931 1408 κατά

138 1428 208 1454 Θεὸν
236 1428 392 1463 προστιθείς
404 1436 412 1444 ·
444 1429 492 1454 καὶ
507 1429 540 1462 τῇ
556 1427 733 1461 παιδαριώδει
762 1426 864 1460 γνώσει
882 1426 931 1461 τὴν

138 1475 248 1502 τελείαν
262 1473 433 1509 ἐξευρηκὼς·
446 1473 494 1500 καὶ
510 1472 549 1508 τῷ
570 1471 739 1507 παιδαγωγῷ
766 1473 842 1507 νόμῳ
863 1472 932 1508 πρὸς

139 1521 188 1548 τὸν
199 1520 281 1554 νόμον
292 1520 339 1546 τοῦ
354 1518 528 1553 ,Πνεῦματος
551 1519 638 1554 ῥᾷστα
660 1517 868 1552 συμὸισασθεὶς,
884 1518 931 1544 καὶ

140 1565 188 1592 τὸν
204 1565 362 1592 διδάσκαλον
377 1564 505 1599 εὐθύτης-ι
535 1563 582 1590 νοῦ
604 1563 803 1600 διανοούμενος,
826 1563 931 1590 δικαιό-

139 1619 213 1639 τατα
223 1612 272 1646 τῆς
287 1610 398 1646 πρώτης
415 1609 470 1636 τῶν
482 1610 530 1635 τοῦ
545 1608 633 1644 Ἰησοῦ
644 1609 729 1643 φίλων
741 1608 855 1641 τάξεως,
883 1609 931 1635 καὶ

139 1659 192 1693 τῆς
209 1658 283 1693 ἱερᾶς
297 1657 455 1692 ἐναρίθμιος
484 1655 622 1682 δείκνυται
649 1655 704 1682 τῶν
727 1654 837 1690 ὑψηλῶν
864 1654 932 1681 ἁπο-

141 1703 247 1729 στόλων
262 1702 421 1733 δωδεκάδος.

184 1747 328 1774 Ἐντεῦθεν
338 1747 472 1781 αὐτήκοος
481 1747 531 1782 μὲν
547 1744 706 1781 μυστηρίων
717 1744 842 1779 κρυφίων
849 1742 930 1775 Θεοῦ,

138 1794 283 1828 αὐτόπτης
308 1793 337 1819 δὲ
361 1792 451 1827 ἔργων
475 1791 641 1827 χρηματίζει
663 1790 752 1817 Θεοῦο
771 1789 873 1825 μᾶλλον
903 1789 932 1816 δὲ

138 1841 271 1873 κοινωνὸς
298 1840 348 1876 μὲν
371 1841 419 1867 καί
439 1839 544 1875 μύστης
562 1839 663 1874 ὀργίων
690 1837 869 1872 θεουργικῶν·
883 1836 932 1863 ab-

136 1888 259 1923 τουργδς
273 1887 301 1913 δὲ
315 1886 480 1913 καθίσταται
507 1884 658 1918 θαυμάτων
689 1882 832 1910 Θεοτελῶν.
862 1882 932 1909 Ὅσα

136 1934 195 1970 γὰρ
211 1933 228 1958 ό
246 1932 340 1967 Πατὴρ
350 1931 461 1966 ἐνήργει
473 1930 518 1957 διὰ
528 1929 576 1956 τοῦ
590 1928 771 1963 Μονογενοῦς,
795 1926 872 1954 ταῦθ’
885 1923 932 1953 οὗ·

135 1988 185 2011 τος
199 1975 283 2008 αὖθις
294 1976 468 2004 ἀποστέλλων
486 1975 551 2007 τοὺς
565 1974 684 2006 δώδεκα,
699 1973 767 2009 πρὸς
781 1973 816 2000 τά
824 1972 933 2000 ἀπολω-

134 2027 205 2054 λότα
221 2024 350 2060 πρόϐατα
367 2022 487 2058 Ἰσραὴλ,
501 2023 550 2048 καὶ
563 2021 630 2057 πρὸς
640 2020 690 2056 τὴν
702 2019 822 2055 μεγάλην
833 2019 933 2050 αὐτοὺς

134 2073 193 2100 τῶν
205 2069 297 2098 ἐθνῶν
309 2067 509 2104 προγυμνάζων
523 2065 687 2100 ἀποστολὴν,
705 2066 752 2092 καὶ
770 2064 829 2100 μετ’
843 2064 933 2091 αὐτῶν

134 2119 165 2146 δὲ
179 2117 223 2152 τῷ
238 2115 376 2151 πνεύματι
402 2113 587 2149 πορευόμενος
603 2112 717 2147 ἐνήργει
731 2117 740 2126 ⁸
757 2110 818 2146 μεθ’
833 2107 871 2137 ὧν
886 2110 934 2137 καὶ

135 2164 240 2196 αὐτὸς,
255 2159 279 2189 ὧ
293 2159 553 2197 τρισμακαριώτατε
567 2159 575 2185 ι
599 2158 775 2193 πεμπόμενος
787 2177 796 2190 ,
810 2157 858 2184 καὶ
883 2156 933 2191 τὴν

136 2210 230 2245 αὐτὴν
241 2208 299 2238 τοῖς
310 2205 470 2241 κορυφαίοις
484 2205 533 2231 καὶ
547 2203 668 2239 πρώτοις
682 2202 818 2235 ἐξουσίαν,
835 2201 873 2234 ὡς
887 2203 934 2229 οὺ-

134 2258 182 2284 δδν
201 2253 299 2283 αὐτῶν
321 2252 393 2280 κατὰ
420 2250 529 2286 πνεῦμα
552 2249 707 2284 ἁγιωσύνης
727 2248 933 2283 ἐλαττούμενος,

136 2300 278 2337 εἰληφὼς.
292 2297 422 2332 δαίμονας
439 2295 489 2330 μὲν
499 2294 652 2327 ὲξέΰαλλες,
667 2293 704 2325 ὡς
720 2293 774 2320 ὑπὸ
788 2292 875 2328 πυρὸς
884 2292 935 2327 τῆς

136 2344 313 2382 ἐνεργούσης
327 2344 356 2369 ὲν
370 2342 413 2369 σοὶ
425 2341 536 2377 χάριτος
551 2338 797 2374 ὲκπιμπραμένους
807 2338 856 2364 καὶ
870 2338 935 2364 διο.)⁹

137 2394 301 2428 κομένους·
330 2387 449 2423 λεπροὺς
480 2385 653 2421 ἐκαθάριζις,
684 2384 756 2419 λόγῳ
789 2384 862 2419 μόνῳ
888 2383 935 2410 καὶ

138 2437 293 2473 traxit-Ipsi
310 2433 358 2461 τοῦ
372 2432 530 2468 πέμψαντος
544 2431 594 2466 τῆς
609 2431 712 2465 λέπρας
734 2429 936 2465 ἐκκαθαιρομέ-

139 2494 191 2520 νης
205 2492 214 2501 ο
228 2480 347 2515 νεκροὺς
358 2479 387 2506 δὲ
401 2479 435 2506 δι’
457 2479 530 2513 ἁφῆς
551 2476 642 2513 χειρὸς
658 2476 743 2511 μόνης
756 2476 805 2502 καὶ
816 2483 935 2511 προστυ-

140 2531 195 2567 χῆς
211 2527 352 2558 ἀνιστῶν,
371 2525 418 2552 καὶ
441 2523 559 2558 τυφλοὺς
582 2521 727 2557 ὸμματῶν,
754 2521 803 2567 διαὶ
831 2520 936 2556 χωλοὺς

139 2565 284 2610 ἆνορθῶν,
300 2571 349 2598 καὶ
371 2570 462 2596 πᾶσαν
477 2569 554 2595 νόσον
568 2567 616 2595 καὶ
632 2567 722 2593 πᾶσαν
735 2565 862 2602 σώματος
880 2566 935 2593 πά-

139 2617 437 2658 θην.δξιώμινος,ὃλον
448 2616 477 2642 ἐν
487 2615 529 2642 σοὶ
537 2614 582 2642 τὸν
594 2613 645 2649 τῆς
655 2613 729 2646 ζωῆς
743 2612 839 2658 μένειν
856 2612 935 2647 λόγον

139 2656 202 2699 τότε
212 2660 563 2698 Θαυμασίοιςπιστούμενος
578 2659 765 2694 ἀνεργήμασιν
783 2656 932 2696 ιδιίκνυες.

179 2710 288 2738 Τοῦτον
298 2706 448 2744 ἀρραϐῶνα
465 2705 576 2741 πρῶτον
586 2703 634 2731 τοῦ
647 2702 808 2738 Πνεύματος
822 2702 870 2730 καὶ
885 2703 935 2738 τῆς

136 2760 262 2797 χάριτος
272 2753 410 2789 ἀπαρχὴν,
424 2751 479 2779 τῶν
505 2749 635 2777 τοιούτων
655 2747 776 2784 σημείων
797 2746 847 2784 τὴν
874 2747 936 2776 ἐπί.

976 239 1042 273 pho.
1063 242 1157 273 utpote
1182 238 1298 273 virginis
1308 245 1419 272 sponso.
1435 238 1569 272 corporali
1584 241 1664 265 actate
1689 245 1767 273 auge-

977 291 1066 314 scens.
1077 290 1141 310 cum
1164 283 1279 320 Joannis
1294 283 1466 314 testimonio,
1483 287 1539 309 tum
1553 283 1633 317 longe
1650 284 1768 318 amplius

978 331 1034 365 ipsa
1049 330 1136 357 Patris
1148 330 1269 358 celestis
1288 337 1371 365 super
1385 337 1484 364 aquam
1498 337 1566 356 voce
1581 329 1766 364 detegeretur,

978 376 1185 411 magniﬁcisque
1196 380 1287 404 tamen
1301 376 1433 410 operibus
1447 383 1505 402 sua;
1527 376 1631 403 sensim
1653 376 1767 404 deitalis

978 422 1209 457 magniﬁcentiam
1237 422 1382 456 proderet;
1412 421 1627 456 haudquaquam
1649 421 1683 453 is,
1706 421 1767 448 falsi

979 469 1098 495 nominis
1112 467 1270 495 Judaaorum
1287 475 1375 499 more,
1398 467 1541 494 occaecatis
1551 467 1653 494 mentis
1679 467 1768 494 sensi-

979 514 1042 545 bus.
1058 513 1208 541 liventibus
1223 513 1312 540 oculis
1326 513 1531 540 benefactorem
1550 513 1655 547 aspexit
1665 513 1698 539 '°.
1714 512 1768 539 Ne-

980 567 1034 594 que
1047 559 1143 586 dilexit
1170 558 1293 593 quidem,
1307 563 1335 586 at
1351 558 1467 586 naturali
1479 559 1611 585 duntaxat
1625 558 1727 585 amoris
1741 558 1768 584 vi

981 605 1177 640 sanguinisque
1194 605 1400 632 necessitudine
1429 605 1468 631 illi
1494 604 1648 636 devinctus,
1666 603 1705 630 uti
1724 610 1768 630 co-

981 656 1125 686 gnatorum
1142 658 1238 685 magna
1256 658 1331 685 pars.
1351 650 1464 677 salutari
1480 650 1534 677 ﬁde
1553 649 1767 677 destituebatur.

981 696 1076 730 Neque
1101 696 1181 730 ﬁrma
1205 695 1317 730 quidem
1340 703 1407 722 usus
1423 699 1466 721 est
1478 694 1549 727 ﬁde;
1564 694 1638 728 quod
1648 701 1716 721 vero
1732 693 1767 720 ad

982 747 1103 769 sanetam
1132 742 1310 769 dilectionem
1337 742 1446 772 attinet,
1468 740 1605 767 secundas
1630 747 1685 774 pra:
1711 739 1769 766 ullo

982 795 1078 815 eorum
1093 788 1169 819 tulit,
1182 788 1230 822 qui
1245 791 1303 814 tum
1319 786 1430 814 Christo
1447 787 1578 821 magistro
1600 786 1768 813 utebantur:

983 834 1118 868 quinimu,
1135 833 1216 860 simul
1231 832 1257 859 in
1272 840 1306 859 eo
1323 832 1553 859 concurrentibus
1564 831 1699 866 corporali
1712 830 1770 858 alli-

980 879 1078 911 nitatc,
1090 878 1278 913 naturalisque
1299 878 1415 905 allectus
1430 877 1601 912 proclivitate
1630 875 1770 911 (amicitin

980 924 1086 952 scilicet
1100 924 1317 959 necessitudine)
1333 931 1439 951 necnon
1463 923 1583 957 Spiritus
1612 922 1766 953 charitate;

980 969 1034 998 ﬁde
1049 970 1128 1001 item.
1145 977 1227 1005 quam
1250 977 1306 997 non
1337 970 1429 997 minus
1444 977 1552 996 morum
1570 969 1628 1003 ipsa
1652 968 1770 1002 vitatque

981 1017 1157 1044 necessitudo
1177 1016 1350 1047 conciliaret,
1362 1024 1445 1051 quam
1461 1015 1582 1050 ingentia
1599 1015 1645 1041 illa
1664 1019 1769 1049 patrata

981 1061 1113 1089 miracula
1121 1061 1251 1096 (educato
1261 1061 1366 1089 scilicet
1377 1069 1439 1089 cum
1449 1062 1525 1092 Jesu.
1538 1065 1569 1088 ut
1580 1060 1627 1095 qui
1642 1060 1769 1087 eumdem

982 1106 1084 1133 habere
1095 1111 1237 1141 parentem
1249 1107 1478 1141 exsistimaretur)
1494 1115 1501 1133 :
1523 1106 1576 1136 his.
1590 1105 1712 1139 inquam,
1728 1104 1771 1130 vir

982 1152 1169 1185 beatissimus,
1186 1160 1321 1180 summam
1346 1152 1439 1180 statim
1461 1151 1488 1178 in
1502 1159 1565 1178 eum
1588 1149 1770 1177 necessitudi-

981 1205 1055 1230 nem,
1073 1198 1484 1234 siveamicitiam,consecutus,
1500 1196 1672 1230 simulatque
1679 1195 1771 1222 Evan-

981 1241 1082 1276 gelium
1099 1243 1176 1277 regni
1190 1242 1440 1277 praedicaricaepit,
1464 1242 1523 1276 ipse
1545 1247 1657 1275 quoque
1683 1240 1771 1267 Evan-

980 1286 1044 1322 gelii
1065 1287 1219 1322 discipulus
1242 1287 1385 1320 edicitur;
1409 1286 1640 1322 cognationisquc
1669 1285 1708 1312 illi
1737 1293 1770 1312 ac

981 1333 1126 1368 sanguinis
1154 1333 1351 1361 necessitudini
1382 1333 1476 1360 divino
1507 1339 1600 1359 amore
1629 1331 1769 1366 adjuncto.

980 1379 1137 1414 puerilique
1166 1379 1281 1407 scientia
1311 1379 1457 1407 adinventa
1479 1385 1541 1413 quae
1567 1378 1688 1412 perlecta
1710 1381 1769 1410 est;

979 1425 1095 1459 legeque
1107 1425 1265 1460 paedagogo,
1283 1424 1318 1452 ad
1328 1424 1448 1459 Spiritus
1461 1423 1533 1451 facili
1546 1423 1656 1458 negotio
1675 1423 1762 1457 legem

981 1474 1140 1504 provectus,
1155 1477 1187 1497 ac
1200 1469 1302 1497 mentis
1313 1469 1482 1497 rectitudine
1500 1468 1660 1503 magistrum
1688 1467 1769 1494 intel-

946 1533 966 1560 c
983 1514 1082 1549 ligens,
1097 1522 1146 1549 per
1170 1521 1252 1546 quam
1276 1513 1375 1541 merito
1406 1512 1503 1548 prima;
1527 1512 1592 1540 Jesu
1617 1511 1769 1539 amicorum

984 1560 1077 1591 classi,
1098 1567 1234 1594 sacroque
1263 1559 1423 1587 sublimium
1437 1558 1624 1593 apostolorum
1641 1557 1772 1585 duodeno

983 1607 1069 1633 choro
1080 1613 1194 1633 accense
1199 1610 1252 1633 tur.

1019 1731 1085 1769 inde
1098 1732 1269 1759 occultorum
1290 1730 1340 1759 Dei
1364 1730 1555 1767 mysteriorum
1582 1730 1640 1765 ipse
1664 1729 1774 1758 auditor

983 1784 1160 1813 operumque
1189 1777 1328 1813 inspector
1356 1777 1476 1804 edicitur
1500 1786 1507 1804 :
1532 1776 1657 1811 quiulmo
1682 1776 1774 1804 socius

983 1823 1094 1858 quidem
1119 1831 1151 1850 ac
1171 1827 1274 1859 mystes
1288 1830 1321 1850 ac
1347 1822 1507 1850 deilicarum
1534 1822 1773 1856 caeremoniarum,

984 1868 1208 1902 diviniorumque
1228 1871 1366 1904 patrator
1401 1866 1600 1894 miraculorum
1634 1866 1772 1894 redditur.

983 1914 1083 1942 Omnia
1091 1914 1166 1941 enim
1178 1921 1239 1948 quae
1249 1913 1331 1941 Pater
1339 1912 1479 1948 Unigeniti
1496 1919 1612 1939 munere
1639 1911 1774 1946 operaba-

985 1964 1041 1992 tur,
1058 1959 1118 1986 liaec
1131 1959 1178 1987 ille
1190 1965 1288 1986 rursus
1300 1957 1412 1985 mittens
1426 1957 1573 1985 duodecim
1585 1957 1620 1985 ad
1637 1965 1703 1985 oves
1713 1965 1774 1993 quae

985 2006 1126 2042 perierant
1150 2005 1249 2032 domus
1267 2003 1389 2036 Israelis.
1414 2007 1497 2038 alque
1514 2002 1548 2031 ad
1568 2010 1696 2039 magnum
1708 2010 1775 2038 gen-

987 2052 1056 2079 tium
1066 2050 1248 2086 apostolatum
1260 2049 1336 2077 velut
1348 2049 1504 2076 rudimento
1512 2056 1654 2082 exercens,
1665 2049 1774 2083 illisque

987 2106 1083 2127 comes
1109 2097 1208 2133 spiritu
1237 2095 1352 2127 vadens.
1377 2095 1474 2123 itidem
1499 2094 1676 2130 operabatur.
1705 2094 1773 2122 Cum

987 2144 1089 2179 quibus
1106 2147 1135 2170 tu
1149 2150 1270 2177 quoque,
1287 2140 1455 2172 beatissime,
1483 2140 1594 2172 missus,
1605 2140 1682 2168 velut
1701 2139 1772 2168 nihil

947 2199 974 2228 ι)
988 2190 1042 2216 illis
1057 2187 1213 2216 sanctitatis
1227 2186 1326 2222 spiritu
1341 2186 1474 2218 deterior,
1487 2190 1586 2213 nactus
1597 2189 1773 2221 potestatem,

986 2235 1125 2262 daemones
1139 2232 1280 2268 ejiciebas,
1291 2238 1361 2267 quos
1369 2231 1456 2258 instar
1468 2230 1539 2266 ignis
1549 2231 1589 2258 vis
1604 2231 1698 2267 gratia:
1709 2231 1736 2268 in
1749 2235 1776 2259 te

986 2277 1081 2305 elﬁcax
1093 2267 1253 2303 incenderet
1272 2280 1355 2310 atque
1370 2275 1496 2311 fugaret;
1515 2275 1641 2310 leprosos
1660 2267 1776 2302 munda-

987 2323 1048 2355 bas,
1065 2323 1123 2350 solo
1136 2328 1264 2349 sermone
1276 2328 1310 2349 ac
1335 2320 1474 2349 mittentis
1502 2320 1630 2348 invocato
1661 2319 1775 2348 nomine

986 2369 1092 2404 lepram
1101 2367 1273 2403 proﬁigans;
1297 2371 1422 2394 mortuos
1449 2365 1570 2402 denique
1596 2365 1655 2393 solo
1676 2372 1776 2393 manus

989 2418 1062 2442 tactu
1079 2418 1161 2448 atque
1185 2413 1315 2448 precibus
1335 2409 1490 2445 suscitans,
1508 2411 1587 2439 caesis
1599 2412 1689 2439 visum
1713 2411 1777 2440 red-

987 2459 1066 2493 dens,
1078 2459 1193 2487 claudos
1208 2459 1330 2494 erigens,
1345 2465 1510 2493 omnemque
1526 2457 1652 2486 morbum
1669 2464 1702 2486 ac
1713 2464 1777 2485 eor-

986 2505 1062 2540 poris
1074 2504 1266 2541 aegritudinem
1278 2511 1389 2537 sanans,
1399 2506 1487 2530 totum
1502 2500 1531 2530 in
1550 2508 1576 2531 te
1586 2504 1651 2531 vita:
1663 2509 1776 2530 manere

986 2557 1142 2579 sermonem
1153 2549 1285 2578 mirandis
1298 2549 1429 2585 operibus
1442 2547 1617 2582 ostendebant.

1023 2704 1145 2732 Primum
1157 2703 1232 2734 hunc
1245 2704 1366 2741 Spiritus
1379 2679 1564 2733 arrhabonem
1574 2710 1609 2732 ac
1620 2701 1715 2738 gratia
1723 2701 1776 2730 de-

987 2749 1160 2783 iibationem.
1183 2750 1354 2787 ejuseentodi
1392 2751 1536 2786 signorum
1572 2747 1774 2782 esbibitionem

180 2845 207 2864 3‘
218 2843 338 2873 Mulach.
351 2841 435 2875 m2;
451 2840 533 2870 Hebr.
551 2849 570 2872 ι,
584 2840 618 2873 3;
635 2838 729 2867 Muli.
750 2846 792 2872 In,
806 2839 856 2872 l7;
871 2839 938 2868 Luc.
956 2848 997 2874 Ill,
1010 2841 1055 2870 22.
