4040 6396
513 319 623 381 263

1727 316 2022 378 NICET/E
2062 315 2590 378 PAPIILAGONIS

3698 315 3813 378 τοι

511 445 748 497 metus;
809 439 998 501 postea
1035 445 1170 487 vero
1225 431 1434 488 Christi
1487 433 1884 504 imprOperium
1942 433 2080 488 susti

2205 431 2374 498 δειξιν
2402 433 2642 504 εἰληφώς
2665 449 2680 464 ο
2724 433 2866 505 μετά
2889 434 3066 490 ταῦτα
3096 433 3155 488 δὲ
3181 434 3276 489 τὸν
3319 433 3632 505 ὀνειδισμὸν
3681 436 3811 487 ὑπο-

505 539 665 590 nens,
696 539 759 578 ac
792 539 924 578 cum
955 539 1025 580 eo
1061 526 1160 594 qui
1187 535 1446 595 ageretur
1484 527 1541 582 in
1585 541 1806 581 crucem
1831 525 2099 595 quodam-

504 617 672 688 modo
695 617 845 671 cruci
872 616 1090 682 aﬂixus,
1129 618 1565 688 vitalissimaque
1613 619 1935 688 defungenti
1967 634 2096 689 pas-

502 707 661 764 sione
718 709 1036 765 miserantis
1093 711 1280 766 animo
1306 727 1648 781 compassus,
1676 721 1882 768 etcum
1907 727 2097 767 resur-

505 810 667 871 geutc
688 803 1126 867 consuscitatus,
1165 805 1342 874 majus
1375 803 1790 874 perfectiusque
1813 804 2098 874 spiracqu

503 891 746 946 aﬂ'usum
777 892 1018 964 Spiritus
1042 895 1247 950 donum
1269 905 1604 952 consecutus
1635 912 1716 952 es.

580 984 774 1039 Postea
833 1002 1030 1062 veroIe
1061 998 1209 1043 terra
1237 989 1515 1045 sublatum
1577 991 1818 1061 caelique
1873 990 2098 1062 apsides

509 1085 754 1140 nactum,
773 1089 941 1148 atque
963 1055 1030 1134 ad
1062 1080 1344 1136 malestem
1379 1082 1598 1136 Patrem
1629 1097 1756 1138 cum
1811 1083 1984 1154 gloria
2015 1099 2099 1138 as-

507 1178 790 1236 sumptum
816 1168 988 1224 ftlium
1013 1172 1300 1228 contuitus
1335 1189 1417 1228 es.
1450 1173 1591 1228 Tum
1627 1175 1860 1234 ivcracis
1898 1191 2094 1246 exspe-

506 1267 654 1312 ctata
735 1262 1147 1330 promissione,
1225 1266 1532 1334 perfectum
1609 1268 1853 1337 Spiritus
1906 1269 2091 1323 amatu

505 1346 712 1404 donum
736 1350 791 1405 in
814 1354 1102 1409 cmnaculo
1127 1370 1254 1410 cum
1293 1358 1550 1414 undecim
1598 1360 1821 1421 sedens,
1869 1363 1992 1431 ejus
2023 1361 2092 1416 il-

505 1437 661 1507 lapsu
689 1444 983 1512 suscepisti
1016 1447 1191 1512 (velut
1240 1449 1504 1505 nimirum
1543 1452 1743 1507 throno
1771 1453 1960 1524 gloriae
1989 1453 2094 1509 ele-

513 1537 642 1582 Vato
665 1540 835 1600 atque
863 1535 1104 1599 excelso,
1147 1548 1246 1593 aut
1278 1540 1462 1596 divina
1509 1543 1677 1612 regia,
1717 1550 1815 1598 aut
1864 1545 2094 1614 mystico

503 1615 1015 1687 adyto,velsaucto
1039 1635 1386 1693 sanctorum,
1446 1628 1588 1683 lucis
1639 1629 1946 1700 fulgoribus
1990 1633 2095 1687 mi-

501 1718 661 1764 cante
685 1726 784 1766 seu
816 1712 1052 1768 deformi
1103 1727 1412 1787 praeparato
1479 1723 1688 1784 animo,
1715 1724 1796 1777 sic
1835 1733 2091 1794 prompte

500 1799 570 1853 ad
592 1809 644 1855 te
676 1803 992 1858 venientem
1015 1806 1426 1863 divinissimum
1449 1809 1896 1881 Paracletum"),
1923 1824 2091 1884 atque

500 1891 624 1958 ejus
643 1892 873 1962 quidem
911 1897 1220 1964 praesentia:
1247 1899 1564 1956 vehementi
1603 1903 1790 1959 sonitu
1813 1908 2090 1962 contentis

502 1983 710 2047 nervis,
750 1985 1076 2056 cmlcstique
1112 1989 1314 2044 virtute
1379 1993 1646 2062 repletus,
1686 2003 1853 2066 atque
1914 1997 2090 2068 igneis

501 2073 706 2144 iinguis
753 2086 1022 2149 purgatus
1075 2091 1133 2135 et
1186 2082 1456 2152 sapientia
1499 2095 1722 2153 auctus,
1775 2089 2089 2160 plenusque

503 2164 750 2221 veritatis
777 2176 835 2222 et
869 2169 1060 2238 gratia:
1091 2171 1350 2238 effectus,
1365 2174 1448 2230 sic
1500 2183 1560 2229 tu
1612 2191 1838 2247 quoque
1867 2178 1937 2234 ad
1991 2179 2089 2235 de-

502 2254 767 2311 stinatam
800 2256 902 2312 tibi
929 2261 1232 2329 apostolici
1277 2263 1528 2320 muneris
1577 2275 1788 2322 sortem
1840 2270 2090 2326 cucurri-

501 2347 572 2403 sti
610 2348 664 2412 in
685 2349 781 2404 siti
805 2351 873 2405 ".

567 2438 900 2508 Cucurristi,
928 2451 992 2499 ut
1019 2442 1149 2500 boni
1171 2455 1458 2504 consortes
1490 2463 1840 2518 assumeres;
1873 2462 1935 2508 ut
1964 2468 2088 2508 sca-

501 2531 740 2588 turiente
763 2533 820 2587 in
855 2543 910 2590 te
937 2537 1133 2605 gratia,
1159 2538 1255 2606 qui
1284 2539 1434 2594 illius
1456 2551 1713 2611 expertes
1741 2553 1949 2609 essent,
1975 2545 2090 2599 sin-

499 2621 677 2690 gulari
723 2621 1065 2680 humanitate
1093 2640 1160 2680 ac
1179 2625 1519 2696 benignitate
1569 2629 1904 2700 impertit-es.
1934 2631 2089 2686 Sicut

498 2711 647 2764 enim
680 2713 930 2780 pluviosa
961 2716 1138 2772 nubes
1169 2719 1327 2788 aquis
1357 2720 1630 2786 conferta,
1663 2737 1764 2776 nec
1794 2722 1890 2778 diu
1921 2738 2086 2793 grave

498 2802 718 2872 pondus
737 2805 1014 2861 sustinere
1029 2807 1238 2875 valens,
1262 2819 1537 2882 ventoque
1558 2821 1872 2868 coarctante
1884 2814 2087 2884 iactata

496 2904 662 2963 atque
685 2910 1019 2964 compressa,
1043 2899 1395 2956 versantibus
1425 2901 1480 2956 in
1505 2911 1647 2957 terra
1678 2903 1910 2958 imbrem
1931 2919 2089 2972 spar-

496 2985 726 3055 gitzsic
749 2995 808 3042 et
857 3003 1087 3060 magnus
1145 2993 1432 3062 apostolus
1487 2993 1678 3058 ludas,
1735 2995 1945 3050 cmlesti
1995 2997 2086 3051 illa

497 3075 738 3146 Spiritus
767 3079 936 3145 unda,
965 3081 1300 3154 fluentisque
1331 3084 1675 3155 spiritalibus
1700 3088 1902 3143 eximie
1929 3096 2086 3158 pota-

498 3178 589 3224 tus
613 3177 780 3240 atque
807 3171 1018 3241 ebrius,
1043 3147 1330 3233 [istan-tem
1361 3147 1589 3234 -diutius
1619 3178 1867 3235 animum
1898 3147 2087 3236 tenere
2111 3147 2158 3208 θ

498 3261 785 3330 nequibat.

567 3474 772 3530 Verum
815 3484 1032 3534 terrena
1052 3480 1238 3535 statim
1271 3481 1578 3538 Jerusalem
1629 3499 1886 3555 egressus
1917 3487 2082 3542 caele.

496 3564 596 3619 stis
629 3566 813 3624 Siouis
859 3582 1024 3624 causa
1072 3587 1139 3626 ac
1179 3580 1295 3627 'um
1345 3573 1413 3627 ad
1457 3575 1788 3644 Aquilonem
1847 3585 1962 3631 tum
2013 3579 2083 3633 ad

493 3655 800 3724 Orientem,
833 3672 1030 3731 agente
1079 3679 1205 3718 eum
1236 3665 1468 3720 Domino
1516 3667 1750 3738 Spiritu,
1775 3679 1964 3740 raptus
1992 3671 2037 3703 ³³
2065 3689 2080 3739 ;

494 3757 718 3820 totaque
767 3751 925 3823 Syria
971 3764 1026 3810 et
1065 3755 1458 3826 Mesopotamia
1504 3769 1780 3828 superata,
1810 3763 2083 3818 sermonis

490 3837 770 3894 doctrinas
795 3842 962 3896 vitam
999 3845 1309 3914 praebentes
1336 3857 1502 3917 atque
1531 3847 1837 3919 gignentes,
1876 3847 2077 3906 influit.

489 3930 604 3988 Nec
632 3949 766 3988 vero
811 3942 1073 4006 tanquam
1125 3938 1321 4003 stillas,
1370 3947 1466 3993 aut
1502 3948 1686 4010 guttas
1711 3940 1874 4004 roris,
1907 3950 1970 3995 ut
1999 3942 2081 3998 sic

488 4023 690 4087 dicam,
739 4025 1018 4082 caelestem
1063 4026 1246 4084 influit
1283 4029 1517 4084 imbrem
1548 4047 1564 4085 :
1621 4028 1716 4086 sed
1749 4031 1901 4102 largo
1927 4033 2077 4088 velut

488 4111 750 4180 flumine,
815 4123 1075 4186 tanquam
1147 4135 1338 4194 revera
1393 4120 1595 4176 [lumen
1655 4121 1750 4176 Dei
1802 4123 2075 4194 repletum

486 4204 646 4274 aquis
666 4204 748 4271 ἐς
771 4205 975 4263 divinis
997 4209 1220 4278 quidem
1253 4212 1606 4268 sermonibus
1639 4215 1885 4284 gentium
1913 4231 2077 4272 aures

486 4295 545 4348 in
597 4284 880 4364 stuporem
934 4313 1127 4367 agens,
1187 4299 1526 4357 admirandis
1569 4311 1751 4356 autem
1811 4303 2076 4372 operibus

486 4385 680 4439 oculos
735 4386 1100 4444 admiratione
1130 4392 1475 4459 percellens;
1507 4409 1571 4448 ac
1605 4409 1923 4449 sermonum
1953 4395 2076 4466 qui-

486 4477 610 4530 dem
637 4478 866 4533 veritate
900 4494 1130 4549 operum
1153 4483 1572 4554 magnificentiae
1593 4484 1755 4540 fidem
1780 4495 2068 4550 astruens;
2105 4505 2148 4560 υ

485 4583 713 4636 operum
753 4584 882 4624 vero
903 4571 1173 4637 claritate,
1199 4588 1520 4629 sermonum
1560 4574 1894 4631 confirmans
1934 4577 2078 4632 veri-

488 4667 654 4712 tatem
681 4676 696 4713 :
722 4667 818 4714 aut
839 4661 1027 4717 verbis
1045 4664 1290 4733 quidem,
1317 4667 1567 4722 veritatis
1601 4667 1780 4721 vivam
1805 4667 2077 4723 divinam—

482 4765 592 4819 que
631 4752 1029 4820 prastantiam,
1058 4755 1322 4812 inauditis
1355 4772 1487 4812 vero
1523 4757 1805 4827 operibus,
1840 4775 2071 4829 operum

481 4849 676 4895 natura
698 4844 1044 4912 superiorum
1076 4846 1400 4918 dignitatem
1423 4848 1625 4903 animis
1653 4850 2070 4917 commendans,

480 4933 770 5002 utriusque
819 4935 1099 5006 Evangelii
1163 4939 1480 5004 veritatem,
1539 4939 1919 5010 dignissimam
1977 4939 2069 4996 cui

479 5019 615 5075 fides
642 5023 1023 5092 adhiberetur,
1046 5027 1306 5097 gentibus
1341 5029 1610 5095 tradebat,
1639 5045 1704 5084 ac
1735 5046 1917 5084 rerum
1941 5030 2069 5100 qui-

476 5112 602 5166 dem
635 5122 851 5180 natura,
909 5117 978 5172 ad
1037 5133 1233 5173 eorum
1289 5135 1411 5189 quae
1466 5131 1722 5176 naturam
1781 5130 2066 5191 superant,

476 5203 812 5272 agnitionem
855 5205 1128 5278 fidemque
1188 5210 1526 5265 suadendam
1559 5227 1714 5277 usus,
1772 5227 2071 5282 rerumque

477 5293 550 5348 ob
580 5295 772 5350 oculos
819 5297 1126 5366 positarum
1177 5300 1467 5370 exemplis,
1519 5301 1587 5355 ad
1628 5301 1724 5355 Dei
1763 5301 1856 5370 qui
1918 5308 2069 5361 cerui

471 5385 646 5439 oculis
677 5401 786 5439 non
817 5396 1016 5455 potest,
1075 5389 1497 5460 intelligentiam
1531 5407 1697 5445 manu
1737 5393 1964 5456 ducens,
2004 5407 2069 5447 ac

471 5477 738 5546 seipsum,
767 5479 836 5533 ad
880 5480 1002 5549 ejus
1037 5481 1134 5551 qui
1186 5481 1612 5552 przedicabatur,
1642 5481 1847 5538 Christi
1899 5481 2062 5535 ﬁdem

474 5569 826 5626 simulacrum
845 5573 1122 5642 quoddam
1154 5589 1491 5644 proponens,
1517 5575 1597 5630 sic
1625 5573 1889 5645 paulatim
1909 5571 2060 5628 omni

525 5745 566 5778 "
601 5748 704 5805 lsa.
730 5767 805 5812 vn.
833 5753 882 5808 Ι.
960 5755 1006 5786 ⁸³
1035 5753 1176 5808 Psal.
1208 5769 1313 5818 LXI,
1341 5754 1390 5808 5.
1470 5756 1514 5787 ⁸³
1554 5755 1595 5810 ΙΙ
1626 5753 1755 5809 Cor.
1789 5769 1867 5818 ltl,
1899 5752 1987 5807 17.

2203 525 2350 594 σχὼν
2367 524 2464 578 τοῦ
2490 524 2756 596 Χριστοῦ,
2787 526 2882 580 καί
2931 527 3057 580 τινά
3076 529 3123 581 οί
3153 528 3358 596 τρόπον
3402 529 3811 599 σταυρουμένῳ

2202 618 2608 687 συσταυρωθείς
2653 633 2672 651 ο
2744 619 2839 673 καὶ
2900 619 2964 674 τὸ
3018 619 3488 692 ζωαρχικιὲιτατον
3558 623 3811 692 πασχόν-

2199 725 2253 761 τι
2336 708 2509 770 πάθος
2584 706 2988 777 σνμπεπονθώς
3041 724 3057 740 ⁶
3112 710 3211 763 καὶ
3262 709 3616 782 ἀνισταμένῳ
3678 728 3811 764 συν-

2198 799 2465 867 αναστάς,
2493 799 2600 869 τῆς
2638 801 2894 872 μείζονος
2920 802 3018 856 καὶ
3045 802 3391 873 τελεωτέρας
3418 803 3516 858 τοῦ
3545 805 3807 877 Πνεῦμα-

2197 909 2287 956 τος
2316 893 2396 964 τῷ
2421 894 2782 964 ὲμφυσήματι
2805 893 3114 966 τετύχηκας
3135 896 3368 966 δωρεᾶς.

2265 986 2422 1040 Μετὰ
2440 985 2617 1040 ταῦτα
2641 987 2720 1053 δὲ,
2755 989 2856 1058 τῆς
2887 987 2994 1057 γῆς
3021 987 3122 1058 μὲν
3155 989 3549 1061 ἐπαιρόμενον,
3571 989 3668 1044 τοῦ
3701 991 3802 1044 οῦ-

2202 1075 2366 1146 ρανοῦ
2403 1076 2462 1130 δὲ
2513 1076 2623 1130 τῶν
2646 1076 2857 1146 ἀψίδων
2905 1077 3446 1150 ἐπιλαμϐανόμενον,
3500 1083 3600 1134 καὶ
3649 1081 3796 1152 πρὸς

2197 1169 2290 1224 τὸν
2319 1169 2576 1240 οὐράνιον
2610 1171 2836 1240 Πατέρα
2855 1170 2947 1225 τὸν
2963 1171 3092 1226 Υίδν
3117 1171 3258 1241 μετὰ
3289 1172 3451 1243 δόξης
3476 1173 3799 1244 ἀναλαμϐα-

2197 1260 2765 1332 νόμενοντεθεαμένος
2786 1277 2802 1293 ·
2837 1258 2978 1326 εἶτα,
3005 1261 3107 1332 τὴν
3133 1262 3466 1332 έπαγγελίαν
3489 1263 3588 1318 τοῦ
3622 1265 3796 1335 ἀψευ-

2194 1353 2323 1418 δοῦς
2381 1353 2774 1425 nummo;
2808 1393 2825 1418 .
2889 1355 2993 1425 τὴν
3057 1353 3277 1411 τελείαν
3322 1358 3421 1409 τοῦ
3470 1358 3791 1430 Πνεύματος

2196 1447 2506 1517 ἐνέργειαν,
2537 1448 2597 1501 έν
2626 1449 2864 1522 ὑπερὼῳ
2895 1455 3008 1516 τοῖς
3061 1455 3257 1508 ἕνδεκα
3289 1451 3786 1524 συγκαθεζόμενος,

2194 1539 2490 1608 οὐρανόθεν
2515 1540 2900 1612 έφαλλομένην
2950 1543 3200 1610 ὕπεδέεω
3233 1561 3249 1576 ⁶
3299 1538 3390 1599 οἷα
3444 1545 3557 1616 γὰρ
3601 1546 3790 1617 θρόνον

2193 1629 2352 1698 δόξης
2381 1632 2696 1703 ἐπηρμένον
2746 1634 2842 1688 καὶ
2895 1635 3099 1704 ὑψηλὸν
3123 1637 3158 1707 ἢ
3206 1635 3352 1690 θεῖον
3402 1637 3726 1708 ἀνάκτορον,
3751 1639 3786 1710 ἢ

2199 1723 2462 1792 μυστικὸν
2493 1724 2710 1789 ἄδυτον,
2740 1725 2774 1795 ἢ
2807 1725 2963 1794 ἅγιον
2999 1727 3195 1795 ἁγίων,
3217 1729 3322 1798 τήν
3350 1729 3619 1798 φωτοειδῆ
3650 1747 3787 1800 καρ-

2127 1795 2167 1850 B
2192 1816 2334 1881 δίαν,
2365 1817 2486 1886 ήτοι
2512 1816 2693 1888 θοειδῆ
2719 1795 3420 1890 προπαρασκευασάμενος,
3444 1795 3623 1882 οὕτως
3648 1795 3788 1873 ἑτοί-

2195 1926 2312 1978 μως
2348 1909 2497 1962 ἰόντα
2535 1911 2687 1981 παρά
2718 1910 2777 1963 σὲ
2805 1910 2898 1963 τὸν
2925 1909 3373 1981 θεαρχικὼτατον
3424 1911 3788 1983 Παράκλητον

2191 2003 2288 2056 καὶ
2319 2004 2387 2072 τῇ
2420 2001 2520 2072 μὲν
2535 2001 2687 2073 βιαίᾳ
2715 2001 2912 2055 τούτου
2935 2001 3036 2072 τῆς
3059 2003 3364 2074 παρουσίας
3380 2005 3488 2074 ἠχῇ
3506 2005 3784 2068 τονωθεὶς,

2187 2095 2582 2164 ταῖςπυρίναις
2610 2093 2666 2148 δὲ
2719 2092 2996 2162 γλώσσαις
3044 2093 3344 2165 καθαρθείς
3369 2112 3432 2148 τε
3484 2095 3582 2150 καὶ
3629 2112 3787 2166 σοφι-

2192 2185 2364 2251 σθεὶς,
2413 2184 2508 2238 καὶ⁵
2561 2185 2776 2256 πλήρης
2830 2184 3094 2256 ἀληθείας
3119 2186 3212 2238 καὶ
3242 2187 3467 2256 χάριτος
3517 2187 3783 2255 γεγονὼς,

2190 2275 2337 2329 οὕτω
2365 2275 2462 2329 καὶ
2480 2276 2646 2340 αὐτὸς
2672 2275 2813 2347 πρὸς
2830 2277 2924 2329 τὸν
2945 2277 3334 2348 ἀφωρισμένον
3360 2293 3444 2330 σοι
3466 2277 3672 2347 κλῆρον
3686 2278 3785 2347 τῆς

2189 2369 2496 2440 ἀποστολῆς
2527 2369 2764 2440 ἔδραμες
2792 2371 2853 2424 ὲν
2867 2369 3036 2440 δίψει.

2266 2459 2564 2531 Ἕδραμες.
2586 2459 2728 2513 ὥστε
2749 2459 2844 2514 τοῦ
2865 2461 3079 2529 ἀγαθοῦ
3099 2461 3440 2533 παραλαδεῖν
3465 2465 3777 2529 κοινωνούς·

2189 2551 2332 2605 ὥστε
2361 2554 2477 2615 τοῖς
2505 2551 2759 2622 ἀμοίροις
2786 2552 2887 2623 τῆς
2924 2554 2984 2607 ιν
3037 2555 3122 2608 σοὶ
3163 2555 3522 2627 πηγαζούσης
3561 2559 3778 2630 χάριτος

2190 2642 2466 2714 ὑπερϐολῇ
2489 2643 2815 2714 μεταδοῦναι
2833 2642 3246 2715 φιλανθρωπίας
3266 2650 3361 2699 καὶ
3385 2647 3776 2720 χρηστότητος.

2190 2735 2460 2803 Καθάπερ
2481 2735 2591 2805 γὰρ
2615 2735 2956 2806 όμὸροτόκος
2987 2736 3192 2806 νεφέλη
3222 2736 3318 2790 τοῦ
3372 2735 3568 2802 ὓδατος
3618 2757 3681 2809 με
3689 2757 3778 2811 με·

2189 2822 2468 2893 στωμένη,
2497 2823 2592 2876 καὶ
2622 2823 2684 2876 τὸ
2715 2823 2883 2895 βάρος
2915 2823 3189 2894 διανέχιιν
3219 2825 3312 2878 ἐπὶ
3350 2827 3487 2881 πολὺ
3521 2827 3598 2899 μή
3619 2829 3774 2883 δυνα-

2192 2914 2354 2986 μένη,
2391 2915 2470 2985 τῷ
2501 2917 2786 2986 συνέχοντι
2834 2916 2893 2969 δὶ
2918 2915 3192 2986 πνεύματι
3224 2918 3501 2990 φερομένη
3535 2922 3628 2974 καὶ
3654 2939 3774 2974 ουν-

2190 3003 2510 3078 θλιϐομένη,
2570 3006 2665 3060 τὸν
2715 3004 2872 3059 ὑετὸν
2897 3006 3198 3072 ἀποστάζει
3247 3010 3362 3073 τοῖς
3394 3009 3488 3063 ἐπὶ
3520 3011 3621 3081 τῆς
3641 3016 3770 3082 γῆς·

2189 3095 2336 3149 οὕτω
2382 3097 2478 3151 καὶ
2509 3099 2538 3151 ό
2571 3098 2746 3167 μέγας
2776 3098 3074 3164 ἀπόστολος
3111 3101 3334 3167 Ἰούδας,
3369 3103 3470 3174 τῆς
3519 3106 3774 3177 οὐρανίας

2189 3190 2406 3260 έκείνης
2440 3191 2780 3261 πλημμύρας
2807 3191 2903 3246 τοῦ
2927 3191 3263 3262 Πνεῦματος,
3294 3196 3389 3248 καὶ
3435 3197 3544 3250 τῶν
3573 3199 3775 3268 νοητῶν

2192 3281 2427 3352 ῥείθρων
2467 3283 2763 3354 ὑπερφυῶς
2819 3283 3134 3354 μεθυσθεὶς,
3171 3287 3270 3356 οὐχ
3321 3281 3432 3351 οἷός
3466 3306 3526 3343 τε
3573 3285 3644 3361 ἦν
3684 3293 3773 3345 ὲπι

2189 3371 2376 3427 πλεῖον
2401 3376 2814 3446 έγκυμονοῦσαν
2845 3377 2944 3449 τήν
2967 3379 3208 3434 διάνοιαν
3229 3385 3550 3453 κατασχεῖν.

2270 3466 2432 3520 Ἀλλά
2467 3468 2567 3536 τὴν
2617 3469 2863 3538 ἐπίγειον
2927 3471 3090 3535 εὐθὺς
3152 3472 3510 3545 Ἰερουσαλὴμ
3551 3475 3641 3529 διὰ
3676 3477 3776 3546 τὴν

2183 3557 2435 3627 οὐράνιον
2454 3557 2593 3614 Σιὼν
2620 3559 2874 3627 ἐξελθὼν,
2909 3563 3005 3616 καὶ
3037 3564 3178 3634 πρὸς
3208 3565 3421 3634 Βορρᾶν
3446 3583 3505 3618 τε
3538 3569 3634 3620 καὶ
3661 3568 3772 3620 Ἕω

2183 3647 2272 3702 διὰ
2306 3648 2401 3701 τοῦ
2425 3649 2655 3717 ἄγοντος
2683 3651 2846 3705 αὑτὸν
2866 3653 3071 3723 Κυρίου
3102 3655 3402 3723 φερόμενος
3433 3657 3770 3727 Πνεῦματοςο

2183 3739 2283 3792 καὶ
2315 3741 2498 3792 πᾶσαν
2550 3741 2751 3809 Συρίαν
2789 3743 2882 3797 καὶ
2921 3746 3018 3814 τὴν
3073 3747 3508 3816 Μεσοποταμίαν
3557 3749 3769 3814 διαϐάς,

2181 3830 2397 3884 επινάει
2423 3831 2522 3902 μὲν
2569 3833 2758 3896 αὐτοῖς
2789 3834 2890 3898 τὰς
2936 3835 3321 3908 ζωοπαρόγους
3360 3839 3458 3892 τοῦ
3486 3839 3648 3908 λόγου
3679 3844 3770 3895 καὶ

2181 3920 2487 3989 ζωογόνους
2534 3923 2792 3994 διδαχάςο
2825 3926 2886 3978 οὐ
2934 3927 3078 3980 κατά
3119 3929 3360 3998 ψεκάδος
3401 3930 3458 3985 δὲ
3495 3933 3593 3986 καὶ
3618 3933 3772 4002 δροσ-

2178 4012 2282 4066 os.
2291 4031 2359 4079 ις,
2380 4013 2458 4078 ὼς
2484 4017 2682 4082 εἰπεῖν,
2717 4021 3010 4085 σταγόνας,
3033 4021 3128 4074 τδν
3145 4021 3398 4091 οὐράνιον
3425 4023 3635 4094 δμσρον
3658 4027 3730 4076 ἐπ
3749 4058 3772 4073 .

2178 4106 2321 4170 νάει,
2350 4107 2664 4177 ποταμηδδν
2691 4107 2768 4173 δι,
2806 4109 2883 4172 ὡς
2909 4111 2990 4180 τῷ
3026 4111 3141 4165 ὄντι
3170 4113 3415 4183 ποταμὸς
3461 4112 3537 4168 ὣν
3562 4115 3770 4170 ὑδάτων

2177 4197 2314 4251 Θεοῦ
2376 4199 2845 4272 πεπληρωμένοςο
2908 4201 3086 4272 λόγοις
3141 4205 3243 4274 μὲν
3296 4205 3463 4269 θείοις
3511 4207 3613 4270 τὰς
3662 4207 3770 4261 τῶν

2177 4290 2350 4344 ιθνῶν
2375 4291 2545 4354 ἀκοὰς
2571 4291 2822 4360 ἑξιστῶν,
2846 4293 3029 4364 ἔργοις
3059 4294 3115 4347 δὲ
3145 4295 3471 4365 θαυμασίοις
3505 4297 3603 4358 τάς
3635 4298 3767 4367 ὁρά-

2179 4399 2294 4446 σεις
2323 4383 2646 4455 ἐκπλήττων
2675 4385 2772 4438 καὶ
2821 4385 3120 4457 ἑκθαμδῶν
3139 4402 3152 4415 ·
3185 4388 3280 4440 καὶ
3305 4390 3374 4458 τῇ
3403 4387 3635 4459 ἀληθείᾳ
3668 4388 3770 4458 μὲν

2175 4473 2286 4526 τῶν
2315 4474 2491 4542 λόγων
2529 4475 2628 4546 τὴν
2659 4477 2770 4528 τῶν
2807 4475 2985 4546 ἔργων
3025 4477 3424 4548 μεγαλειότητα
3468 4479 3769 4548 πιστούμε-

2176 4583 2288 4629 νος.
2330 4569 2397 4635 τῇ
2431 4567 2776 4638 λαμπρότητι
2798 4568 2856 4621 δὲ
2884 4568 2994 4622 τῶν
3034 4570 3212 4639 ἔργων
3241 4569 3304 4623 τὸ
3340 4572 3633 4642 εἱλικρινὲς
3660 4572 3768 4624 τῶν

2174 4659 2350 4727 λόγων
2380 4658 2802 4729 βεϐαιούμενοςο
2839 4660 2874 4730 ἢ
2905 4660 3085 4729 λόγοις
3124 4661 3224 4728 μὲν
3255 4663 3318 4714 τὸ
3363 4661 3458 4715 τοῦ
3484 4661 3644 4729 λόγου
3670 4662 3768 4732 τῆς

2173 4750 2432 4821 ἀληθείας
2467 4752 2842 4822 καινοπρεπὲς
2875 4755 2971 4807 καὶ
3008 4753 3336 4823 θεοπρεπὲς,
3361 4753 3545 4825 ἔργοις
3570 4753 3627 4807 δὲ
3658 4771 3768 4806 πα-

2176 4841 2412 4912 ραδόξοις
2465 4842 2537 4895 τά
2582 4843 2693 4896 τῶν
2745 4843 2924 4913 ἔργων
2977 4844 3234 4914 ὑπερφυῆ
3282 4845 3662 4916 πληροφοριῖη,
3699 4845 3766 4897 δι’

2173 4934 2504 5004 ἀμφοτέρων
2535 4934 2637 5003 τὴν
2665 4934 2929 5004 ἀλήθειαν
2952 4934 3048 4989 τοῦ
3075 4935 3412 5004 Εὑαγγελίου
3437 4939 3549 4996 τοῖς
3580 4936 3762 4990 ἔθνεσι

2176 5027 2511 5095 πιστοτάτην
2546 5025 2833 5095 παρεδίδου
2854 5041 2869 5056 ο
2895 5027 2992 5080 καὶ
3017 5029 3084 5097 τῇ
3118 5027 3280 5096 φύσει
3319 5027 3419 5098 μὲν
3449 5027 3558 5080 τῶν
3595 5027 3765 5081 ὄντων

2178 5117 2317 5188 πρὸς
2353 5115 2453 5188 τὴν
2485 5115 2595 5170 τῶν
2622 5116 2763 5187 ὑπὲρ
2794 5115 2957 5184 φύσιν
2979 5118 3183 5185 γνῶσιν
3212 5119 3306 5172 καὶ
3337 5119 3522 5172 πίστιν
3540 5119 3762 5190 χρώμε·

2178 5225 2266 5272 νος
2297 5207 2499 5278 ὁδηγῷ,
2530 5207 2626 5261 καὶ
2666 5207 2726 5260 ὲν
2753 5207 3118 5278 ὑποδείγμασι
3144 5211 3258 5272 τοῖς
3285 5210 3588 5279 ὁρωμένοις
3625 5210 3762 5280 πρὸς

2178 5299 2278 5371 τὴν
2298 5299 2394 5352 τοῦ
2421 5299 2653 5368 ἀοράτου
2684 5297 2820 5351 Θεοῦ
2865 5299 3196 5370 κατανόησιν
3245 5299 3636 5371 χειραγωγῶν*
3679 5300 3755 5351 εί-

2175 5391 2309 5452 κόνα
2347 5391 2405 5444 δὲ
2439 5390 2632 5444 ἑαυτὸν
2661 5389 2798 5458 πρὸς
2828 5389 2930 5461 τὴν
2963 5389 3058 5443 τοῦ
3112 5391 3524 5460 κηρυττομένου
3575 5391 3755 5443 πίστιν
3775 5381 3786 5394 ’

2174 5481 2609 5552 προϐαλλόμενος
2646 5481 2908 5551 Χριστοῦ,
2930 5479 3075 5535 οὕτω
3103 5482 3248 5534 κατά
3282 5482 3477 5552 μικρὸν
3505 5481 3641 5549 πρὸς
3660 5481 3754 5548 τήν

2167 5571 2266 5640 τῆς
2286 5570 2544 5641 ἀληθείας
2564 5571 2862 5641 ἐπίγνωσιν
2884 5572 3008 5638 τοὺς
3021 5571 3384 5644 ἀναισθήτους
3407 5568 3531 5643 ἦγε⁹
3555 5570 3752 5626 πείθων

2065 5751 2129 5822 ,³⁸
2153 5750 2296 5808 Psal.
2333 5765 2474 5817 LXIV,
2505 5747 2594 5803 l0.
