  <div class='ocr_page' id='page_1' title='image "/cluster/home/n/w/nwhite01/storage/ocr_20150623/105/coo.31924054870096/152.png"; bbox 0 0 4040 6394; ppageno 0'>
   <div class='ocr_carea' id='block_1_1' title="bbox 346 405 457 468">
    <p class='ocr_par' dir='ltr' id='par_1_1' title="bbox 346 405 457 468">
     <span class='ocr_line' id='line_1_1' title="bbox 346 405 457 468; baseline 0.009 -1"><span class='ocrx_word' id='word_1_1' title='bbox 346 405 457 468; x_wconf 76' lang='grc'><strong><em>265</em></strong></span> 
     </span>
    </p>
   </div>
   <div class='ocr_carea' id='block_1_2' title="bbox 1139 384 2847 453">
    <p class='ocr_par' dir='ltr' id='par_1_2' title="bbox 1139 384 2847 453">
     <span class='ocr_line' id='line_1_2' title="bbox 1139 384 2847 453; baseline -0.003 -2"><span class='ocrx_word' id='word_1_2' title='bbox 1139 391 1424 453; x_wconf 80' lang='lat' dir='ltr'><strong><em>ORATIO</em></strong></span> <span class='ocrx_word' id='word_1_3' title='bbox 1460 390 1608 450; x_wconf 77' lang='lat' dir='ltr'>XIII</span> <span class='ocrx_word' id='word_1_4' title='bbox 1662 412 1731 423; x_wconf 64' lang='grc' dir='ltr'><em>-τ</em></span> <span class='ocrx_word' id='word_1_5' title='bbox 1768 387 1848 447; x_wconf 83' lang='grc' dir='ltr'>ΙΝ</span> <span class='ocrx_word' id='word_1_6' title='bbox 1889 385 2201 447; x_wconf 79' lang='lat' dir='ltr'><strong>LAUDEM</strong></span> <span class='ocrx_word' id='word_1_7' title='bbox 2239 386 2299 445; x_wconf 92' lang='lat' dir='ltr'><strong><em>S.</em></strong></span> <span class='ocrx_word' id='word_1_8' title='bbox 2342 384 2556 445; x_wconf 71' lang='lat' dir='ltr'><strong><em>JUD/‘E</em></strong></span> <span class='ocrx_word' id='word_1_9' title='bbox 2593 384 2847 446; x_wconf 73' lang='lat' dir='ltr'><strong><em>APOST.</em></strong></span> 
     </span>
    </p>
   </div>
   <div class='ocr_carea' id='block_1_3' title="bbox 3517 386 3629 450">
    <p class='ocr_par' dir='ltr' id='par_1_3' title="bbox 3517 386 3629 450">
     <span class='ocr_line' id='line_1_3' title="bbox 3517 386 3629 450; baseline 0 0"><span class='ocrx_word' id='word_1_10' title='bbox 3517 386 3629 450; x_wconf 68' lang='grc' dir='ltr'><strong><em>εει</em></strong></span> 
     </span>
    </p>
   </div>
   <div class='ocr_carea' id='block_1_4' title="bbox 339 492 1932 584">
    <p class='ocr_par' dir='ltr' id='par_1_4' title="bbox 339 497 1932 584">
     <span class='ocr_line' id='line_1_4' title="bbox 339 497 1932 584; baseline -0.013 -14"><span class='ocrx_word' id='word_1_11' title='bbox 339 512 606 584; x_wconf 62' lang='grc' dir='ltr'><em>οὐρανὸν</em></span> <span class='ocrx_word' id='word_1_12' title='bbox 630 509 746 581; x_wconf 85' lang='grc' dir='ltr'><em>μὲν</em></span> <span class='ocrx_word' id='word_1_13' title='bbox 782 507 881 562; x_wconf 77' lang='grc' dir='ltr'><em>καὶ</em></span> <span class='ocrx_word' id='word_1_14' title='bbox 924 506 1101 575; x_wconf 76' lang='grc' dir='ltr'><em>ἥλιον</em></span> <span class='ocrx_word' id='word_1_15' title='bbox 1140 505 1241 559; x_wconf 80' lang='grc' dir='ltr'><em>καὶ</em></span> <span class='ocrx_word' id='word_1_16' title='bbox 1287 502 1430 569; x_wconf 83' lang='grc' dir='ltr'><em>τοὺς</em></span> <span class='ocrx_word' id='word_1_17' title='bbox 1465 499 1757 568; x_wconf 74' lang='grc' dir='ltr'><em>ἀστέραςο</em></span> <span class='ocrx_word' id='word_1_18' title='bbox 1791 497 1932 564; x_wconf 80' lang='grc' dir='ltr'><em>ἀέρα</em></span> 
     </span>
    </p>
   </div>
   <div class='ocr_carea' id='block_1_5' title="bbox 2037 492 3626 584">
    <p class='ocr_par' dir='ltr' id='par_1_5' title="bbox 2043 492 3626 565">
     <span class='ocr_line' id='line_1_5' title="bbox 2043 492 3626 565; baseline -0.003 -15"><span class='ocrx_word' id='word_1_19' title='bbox 2043 495 2338 551; x_wconf 88' lang='lat' dir='ltr'><strong><em>destitutos</em></strong></span> <span class='ocrx_word' id='word_1_20' title='bbox 2366 508 2531 550; x_wconf 86' lang='lat' dir='ltr'><strong><em>sensu</em></strong></span> <span class='ocrx_word' id='word_1_21' title='bbox 2586 494 2653 548; x_wconf 86' lang='lat' dir='ltr'><strong><em>ad</em></strong></span> <span class='ocrx_word' id='word_1_22' title='bbox 2683 493 2933 549; x_wconf 81' lang='lat' dir='ltr'><strong><em>veritatis</em></strong></span> <span class='ocrx_word' id='word_1_23' title='bbox 2956 494 3293 565; x_wconf 70' lang='lat' dir='ltr'><strong><em>agnitionem</em></strong></span> <span class='ocrx_word' id='word_1_24' title='bbox 3338 492 3578 549; x_wconf 79' lang='lat' dir='ltr'><strong><em>ducebat</em></strong></span> <span class='ocrx_word' id='word_1_25' title='bbox 3609 510 3626 545; x_wconf 83' lang='lat'><strong>:</strong></span> 
     </span>
    </p>
   </div>
   <div class='ocr_carea' id='block_1_6' title="bbox 336 588 1933 669">
    <p class='ocr_par' dir='ltr' id='par_1_6' title="bbox 336 588 1933 669">
     <span class='ocr_line' id='line_1_6' title="bbox 336 588 1933 669; baseline -0.013 -7"><span class='ocrx_word' id='word_1_26' title='bbox 336 623 407 662; x_wconf 87' lang='grc' dir='ltr'><strong><em>τε</em></strong></span> <span class='ocrx_word' id='word_1_27' title='bbox 435 604 671 669; x_wconf 85' lang='grc' dir='ltr'><em>τοῦτον,</em></span> <span class='ocrx_word' id='word_1_28' title='bbox 728 600 829 660; x_wconf 74' lang='grc' dir='ltr'><em>καὶ</em></span> <span class='ocrx_word' id='word_1_29' title='bbox 865 601 973 653; x_wconf 85' lang='grc' dir='ltr'><em>τὸν</em></span> <span class='ocrx_word' id='word_1_30' title='bbox 1003 596 1156 666; x_wconf 79' lang='grc' dir='ltr'><em>ὑπὲρ</em></span> <span class='ocrx_word' id='word_1_31' title='bbox 1202 597 1391 651; x_wconf 83' lang='grc' dir='ltr'><em>αὑτὸν</em></span> <span class='ocrx_word' id='word_1_32' title='bbox 1442 592 1679 662; x_wconf 69' lang='grc' dir='ltr'><em>αἰθέρα·</em></span> <span class='ocrx_word' id='word_1_33' title='bbox 1722 588 1841 660; x_wconf 72' lang='grc' dir='ltr'><em>γῆν</em></span> <span class='ocrx_word' id='word_1_34' title='bbox 1868 604 1933 641; x_wconf 88' lang='grc' dir='ltr'><strong><em>τε</em></strong></span> 
     </span>
    </p>
   </div>
   <div class='ocr_carea' id='block_1_7' title="bbox 342 680 1933 761">
    <p class='ocr_par' dir='ltr' id='par_1_7' title="bbox 342 680 1933 761">
     <span class='ocr_line' id='line_1_7' title="bbox 342 680 1933 761; baseline -0.014 -7"><span class='ocrx_word' id='word_1_35' title='bbox 342 699 441 754; x_wconf 76' lang='grc' dir='ltr'><em>καὶ</em></span> <span class='ocrx_word' id='word_1_36' title='bbox 458 695 802 755; x_wconf 76' lang='grc' dir='ltr'><em>θάλασσαν,</em></span> <span class='ocrx_word' id='word_1_37' title='bbox 819 690 920 746; x_wconf 76' lang='grc' dir='ltr'><em>καὶ</em></span> <span class='ocrx_word' id='word_1_38' title='bbox 952 690 1071 745; x_wconf 80' lang='grc' dir='ltr'><em>ὅσα</em></span> <span class='ocrx_word' id='word_1_39' title='bbox 1099 704 1168 761; x_wconf 80' lang='grc' dir='ltr'><em>τε</em></span> <span class='ocrx_word' id='word_1_40' title='bbox 1193 688 1426 752; x_wconf 78' lang='grc' dir='ltr'><strong><em>τούτοις</em></strong></span> <span class='ocrx_word' id='word_1_41' title='bbox 1444 683 1751 755; x_wconf 70' lang='grc' dir='ltr'><em>ἐμπέφυκε</em></span> <span class='ocrx_word' id='word_1_42' title='bbox 1775 680 1933 751; x_wconf 66' lang='grc' dir='ltr'><em>φυτὰ</em></span> 
     </span>
    </p>
   </div>
   <div class='ocr_carea' id='block_1_8' title="bbox 338 769 1933 853">
    <p class='ocr_par' dir='ltr' id='par_1_8' title="bbox 338 769 1933 853">
     <span class='ocr_line' id='line_1_8' title="bbox 338 769 1933 853; baseline -0.013 -11"><span class='ocrx_word' id='word_1_43' title='bbox 338 787 440 842; x_wconf 76' lang='grc' dir='ltr'><strong><em>καί</em></strong></span> <span class='ocrx_word' id='word_1_44' title='bbox 463 784 597 853; x_wconf 62' lang='grc' dir='ltr'><em>ζῶα,</em></span> <span class='ocrx_word' id='word_1_45' title='bbox 627 782 829 838; x_wconf 78' lang='grc' dir='ltr'><em>πάντα</em></span> <span class='ocrx_word' id='word_1_46' title='bbox 864 779 1081 835; x_wconf 84' lang='grc' dir='ltr'><em>κτιστά</em></span> <span class='ocrx_word' id='word_1_47' title='bbox 1113 794 1177 833; x_wconf 88' lang='grc' dir='ltr'><strong><em>τε</em></strong></span> <span class='ocrx_word' id='word_1_48' title='bbox 1202 776 1303 833; x_wconf 77' lang='grc' dir='ltr'><strong><em>καί</em></strong></span> <span class='ocrx_word' id='word_1_49' title='bbox 1344 774 1537 830; x_wconf 81' lang='grc' dir='ltr'><em>δοῦλα</em></span> <span class='ocrx_word' id='word_1_50' title='bbox 1568 769 1933 828; x_wconf 80' lang='grc' dir='ltr'><strong><em>καθεστάναι</em></strong></span> 
     </span>
    </p>
   </div>
   <div class='ocr_carea' id='block_1_9' title="bbox 337 860 1934 942">
    <p class='ocr_par' dir='ltr' id='par_1_9' title="bbox 337 860 1934 942">
     <span class='ocr_line' id='line_1_9' title="bbox 337 860 1934 942; baseline -0.013 -7"><span class='ocrx_word' id='word_1_51' title='bbox 337 877 445 935; x_wconf 85' lang='grc' dir='ltr'><em>τοῦ</em></span> <span class='ocrx_word' id='word_1_52' title='bbox 486 877 562 932; x_wconf 79' lang='grc' dir='ltr'><em>τὰ</em></span> <span class='ocrx_word' id='word_1_53' title='bbox 607 874 806 930; x_wconf 81' lang='grc' dir='ltr'><em>πάντα</em></span> <span class='ocrx_word' id='word_1_54' title='bbox 840 868 1401 942; x_wconf 77' lang='grc' dir='ltr'><strong><em>δημιουργήσαντος</em></strong></span> <span class='ocrx_word' id='word_1_55' title='bbox 1440 865 1588 921; x_wconf 82' lang='grc' dir='ltr'><strong><em>Θεοῦ</em></strong></span> <span class='ocrx_word' id='word_1_56' title='bbox 1610 882 1622 894; x_wconf 79' lang='grc'><em>’</em></span> <span class='ocrx_word' id='word_1_57' title='bbox 1679 865 1829 919; x_wconf 83' lang='grc' dir='ltr'><em>Θεὸν</em></span> <span class='ocrx_word' id='word_1_58' title='bbox 1864 860 1934 915; x_wconf 83' lang='grc' dir='ltr'><em>δὲ</em></span> 
     </span>
    </p>
   </div>
   <div class='ocr_carea' id='block_1_10' title="bbox 335 952 1934 1033">
    <p class='ocr_par' dir='ltr' id='par_1_10' title="bbox 335 952 1934 1033">
     <span class='ocr_line' id='line_1_10' title="bbox 335 952 1934 1033; baseline -0.009 -11"><span class='ocrx_word' id='word_1_59' title='bbox 335 967 565 1022; x_wconf 87' lang='grc' dir='ltr'><em>τούτων</em></span> <span class='ocrx_word' id='word_1_60' title='bbox 600 965 834 1021; x_wconf 80' lang='grc' dir='ltr'><em>οἴεσθαι</em></span> <span class='ocrx_word' id='word_1_61' title='bbox 876 956 1094 1033; x_wconf 81' lang='grc' dir='ltr'><em>μηδὲν,</em></span> <span class='ocrx_word' id='word_1_62' title='bbox 1129 958 1219 1015; x_wconf 86' lang='grc' dir='ltr'><em>ὅτι</em></span> <span class='ocrx_word' id='word_1_63' title='bbox 1262 958 1562 1014; x_wconf 83' lang='grc' dir='ltr'><em>ἀλλοιωτὰ</em></span> <span class='ocrx_word' id='word_1_64' title='bbox 1609 956 1796 1011; x_wconf 88' lang='grc' dir='ltr'><em>ταῦτα</em></span> <span class='ocrx_word' id='word_1_65' title='bbox 1833 952 1934 1008; x_wconf 77' lang='grc' dir='ltr'><em>καὶ</em></span> 
     </span>
    </p>
   </div>
   <div class='ocr_carea' id='block_1_11' title="bbox 335 1044 1933 1129">
    <p class='ocr_par' dir='ltr' id='par_1_11' title="bbox 335 1044 1933 1129">
     <span class='ocr_line' id='line_1_11' title="bbox 335 1044 1933 1129; baseline -0.009 -16"><span class='ocrx_word' id='word_1_66' title='bbox 335 1055 596 1129; x_wconf 71' lang='grc' dir='ltr'><em>φθαρτὰ,</em></span> <span class='ocrx_word' id='word_1_67' title='bbox 613 1053 715 1111; x_wconf 74' lang='grc' dir='ltr'><strong><em>καί</em></strong></span> <span class='ocrx_word' id='word_1_68' title='bbox 738 1050 1071 1122; x_wconf 78' lang='grc' dir='ltr'><strong><em>ὑπηρετικὰ</em></strong></span> <span class='ocrx_word' id='word_1_69' title='bbox 1091 1050 1204 1120; x_wconf 88' lang='grc' dir='ltr'><strong><em>τῆς</em></strong></span> <span class='ocrx_word' id='word_1_70' title='bbox 1226 1050 1296 1104; x_wconf 80' lang='grc' dir='ltr'><em>ἐν</em></span> <span class='ocrx_word' id='word_1_71' title='bbox 1316 1049 1521 1119; x_wconf 83' lang='grc' dir='ltr'><em>κόσμῳ</em></span> <span class='ocrx_word' id='word_1_72' title='bbox 1540 1044 1623 1113; x_wconf 81' lang='grc' dir='ltr'><em>τῷ</em></span> <span class='ocrx_word' id='word_1_73' title='bbox 1644 1044 1933 1115; x_wconf 78' lang='grc' dir='ltr'><strong><em>ἀνθρώπῳ</em></strong></span> 
     </span>
    </p>
   </div>
   <div class='ocr_carea' id='block_1_12' title="bbox 335 1134 1934 1215">
    <p class='ocr_par' dir='ltr' id='par_1_12' title="bbox 335 1134 1934 1215">
     <span class='ocr_line' id='line_1_12' title="bbox 335 1134 1934 1215; baseline -0.009 -10"><span class='ocrx_word' id='word_1_74' title='bbox 335 1146 577 1205; x_wconf 77' lang='grc' dir='ltr'><em>δέδοται</em></span> <span class='ocrx_word' id='word_1_75' title='bbox 636 1145 785 1215; x_wconf 83' lang='grc' dir='ltr'><em>ζωῆς</em></span> <span class='ocrx_word' id='word_1_76' title='bbox 805 1162 820 1177; x_wconf 76' lang='grc' dir='ltr'><strong><em>ο</em></strong></span> <span class='ocrx_word' id='word_1_77' title='bbox 859 1143 960 1200; x_wconf 77' lang='grc' dir='ltr'><em>καὶ</em></span> <span class='ocrx_word' id='word_1_78' title='bbox 1017 1142 1124 1198; x_wconf 86' lang='grc' dir='ltr'><em>τοῦ</em></span> <span class='ocrx_word' id='word_1_79' title='bbox 1165 1134 1484 1211; x_wconf 80' lang='grc' dir='ltr'><em>ἀνθρώπου</em></span> <span class='ocrx_word' id='word_1_80' title='bbox 1540 1138 1693 1194; x_wconf 82' lang='grc' dir='ltr'><em>κατὰ</em></span> <span class='ocrx_word' id='word_1_81' title='bbox 1740 1138 1934 1207; x_wconf 77' lang='grc' dir='ltr'><em>φύσιν</em></span> 
     </span>
    </p>
   </div>
   <div class='ocr_carea' id='block_1_13' title="bbox 339 1229 1932 1311">
    <p class='ocr_par' dir='ltr' id='par_1_13' title="bbox 339 1229 1932 1311">
     <span class='ocr_line' id='line_1_13' title="bbox 339 1229 1932 1311; baseline -0.01 -14"><span class='ocrx_word' id='word_1_82' title='bbox 339 1242 522 1311; x_wconf 79' lang='grc' dir='ltr'><em>ἥττω,</em></span> <span class='ocrx_word' id='word_1_83' title='bbox 550 1239 641 1296; x_wconf 80' lang='grc' dir='ltr'><em>ὅτι</em></span> <span class='ocrx_word' id='word_1_84' title='bbox 661 1252 729 1296; x_wconf 82' lang='grc' dir='ltr'><strong><em>τε</em></strong></span> <span class='ocrx_word' id='word_1_85' title='bbox 747 1238 933 1309; x_wconf 74' lang='grc' dir='ltr'><em>λόγου</em></span> <span class='ocrx_word' id='word_1_86' title='bbox 953 1235 1190 1308; x_wconf 78' lang='grc' dir='ltr'><strong><em>ἄμοιρα,</em></strong></span> <span class='ocrx_word' id='word_1_87' title='bbox 1223 1231 1322 1288; x_wconf 74' lang='grc' dir='ltr'><strong><em>καί</em></strong></span> <span class='ocrx_word' id='word_1_88' title='bbox 1354 1232 1446 1287; x_wconf 85' lang='grc' dir='ltr'><em>ὅτι</em></span> <span class='ocrx_word' id='word_1_89' title='bbox 1476 1229 1553 1285; x_wconf 84' lang='grc' dir='ltr'><em>δι’</em></span> <span class='ocrx_word' id='word_1_90' title='bbox 1587 1229 1851 1285; x_wconf 77' lang='grc' dir='ltr'><em>ἐκεῖνον·</em></span> <span class='ocrx_word' id='word_1_91' title='bbox 1881 1230 1932 1282; x_wconf 83' lang='grc' dir='ltr'><em>εὶ</em></span> 
     </span>
    </p>
   </div>
   <div class='ocr_carea' id='block_1_14' title="bbox 338 1321 1932 1399">
    <p class='ocr_par' dir='ltr' id='par_1_14' title="bbox 338 1321 1932 1399">
     <span class='ocr_line' id='line_1_14' title="bbox 338 1321 1932 1399; baseline -0.011 -7"><span class='ocrx_word' id='word_1_92' title='bbox 338 1330 457 1392; x_wconf 82' lang='grc' dir='ltr'><em>οὖν</em></span> <span class='ocrx_word' id='word_1_93' title='bbox 480 1332 713 1399; x_wconf 78' lang='grc' dir='ltr'><em>ἐκεῖνος</em></span> <span class='ocrx_word' id='word_1_94' title='bbox 740 1334 812 1387; x_wconf 86' lang='grc' dir='ltr'><em>οὺ</em></span> <span class='ocrx_word' id='word_1_95' title='bbox 839 1331 1006 1397; x_wconf 84' lang='grc' dir='ltr'><em>Θεὸς,</em></span> <span class='ocrx_word' id='word_1_96' title='bbox 1041 1326 1281 1383; x_wconf 84' lang='grc' dir='ltr'><em>πολλοῦ</em></span> <span class='ocrx_word' id='word_1_97' title='bbox 1305 1323 1402 1380; x_wconf 86' lang='grc' dir='ltr'><em>δεῖ</em></span> <span class='ocrx_word' id='word_1_98' title='bbox 1426 1324 1497 1380; x_wconf 87' lang='grc' dir='ltr'><em>τὰ</em></span> <span class='ocrx_word' id='word_1_99' title='bbox 1523 1324 1699 1394; x_wconf 85' lang='grc' dir='ltr'><em>χείρω</em></span> <span class='ocrx_word' id='word_1_100' title='bbox 1718 1321 1932 1376; x_wconf 87' lang='grc' dir='ltr'><em>τούτου</em></span> 
     </span>
    </p>
   </div>
   <div class='ocr_carea' id='block_1_15' title="bbox 341 1412 1930 1494">
    <p class='ocr_par' dir='ltr' id='par_1_15' title="bbox 341 1412 1930 1494">
     <span class='ocr_line' id='line_1_15' title="bbox 341 1412 1930 1494; baseline -0.011 -11"><span class='ocrx_word' id='word_1_101' title='bbox 341 1426 522 1494; x_wconf 79' lang='grc' dir='ltr'><em>θεοὺς</em></span> <span class='ocrx_word' id='word_1_102' title='bbox 554 1420 938 1494; x_wconf 74' lang='grc' dir='ltr'><em>προσειπεῖν·</em></span> <span class='ocrx_word' id='word_1_103' title='bbox 976 1416 1159 1487; x_wconf 81' lang='grc' dir='ltr'><em>οὗτος</em></span> <span class='ocrx_word' id='word_1_104' title='bbox 1185 1418 1256 1474; x_wconf 80' lang='grc' dir='ltr'><em>δὲ</em></span> <span class='ocrx_word' id='word_1_105' title='bbox 1290 1419 1476 1486; x_wconf 84' lang='grc' dir='ltr'><em>μόνος</em></span> <span class='ocrx_word' id='word_1_106' title='bbox 1504 1413 1743 1482; x_wconf 79' lang='grc' dir='ltr'><em>ἀληθῶς</em></span> <span class='ocrx_word' id='word_1_107' title='bbox 1763 1412 1930 1477; x_wconf 78' lang='grc' dir='ltr'><em>Θεὸς,</em></span> 
     </span>
    </p>
   </div>
   <div class='ocr_carea' id='block_1_16' title="bbox 338 1504 1933 1588">
    <p class='ocr_par' dir='ltr' id='par_1_16' title="bbox 338 1504 1933 1588">
     <span class='ocr_line' id='line_1_16' title="bbox 338 1504 1933 1588; baseline -0.013 -10"><span class='ocrx_word' id='word_1_108' title='bbox 338 1519 374 1578; x_wconf 78' lang='grc' dir='ltr'><strong><em>ό</em></strong></span> <span class='ocrx_word' id='word_1_109' title='bbox 396 1517 479 1588; x_wconf 82' lang='grc' dir='ltr'><em>μὴ</em></span> <span class='ocrx_word' id='word_1_110' title='bbox 535 1519 657 1574; x_wconf 79' lang='grc' dir='ltr'><em>ὑπό</em></span> <span class='ocrx_word' id='word_1_111' title='bbox 692 1533 857 1582; x_wconf 90' lang='grc' dir='ltr'><em>τινος</em></span> <span class='ocrx_word' id='word_1_112' title='bbox 886 1514 1220 1585; x_wconf 76' lang='grc' dir='ltr'><em>γινόμενος,</em></span> <span class='ocrx_word' id='word_1_113' title='bbox 1253 1512 1346 1566; x_wconf 74' lang='grc' dir='ltr'><strong><em>ἀεὶ</em></strong></span> <span class='ocrx_word' id='word_1_114' title='bbox 1378 1508 1445 1562; x_wconf 75' lang='grc' dir='ltr'><strong><em>δὲ</em></strong></span> <span class='ocrx_word' id='word_1_115' title='bbox 1474 1507 1558 1562; x_wconf 83' lang='grc' dir='ltr'><em>ὧν</em></span> <span class='ocrx_word' id='word_1_116' title='bbox 1578 1525 1591 1537; x_wconf 92' lang='grc'><strong>·</strong></span> <span class='ocrx_word' id='word_1_117' title='bbox 1650 1509 1684 1562; x_wconf 88' lang='grc' dir='ltr'><strong><em>ό</em></strong></span> <span class='ocrx_word' id='word_1_118' title='bbox 1703 1505 1787 1574; x_wconf 77' lang='grc' dir='ltr'><em>μὴ</em></span> <span class='ocrx_word' id='word_1_119' title='bbox 1823 1504 1933 1572; x_wconf 87' lang='grc' dir='ltr'><em>δη-</em></span> 
     </span>
    </p>
   </div>
   <div class='ocr_carea' id='block_1_17' title="bbox 330 1596 1931 1680">
    <p class='ocr_par' dir='ltr' id='par_1_17' title="bbox 330 1596 1931 1680">
     <span class='ocr_line' id='line_1_17' title="bbox 330 1596 1931 1680; baseline -0.011 -14"><span class='ocrx_word' id='word_1_120' title='bbox 330 1610 825 1680; x_wconf 77' lang='grc' dir='ltr'><em>μιουργούμενος,</em></span> <span class='ocrx_word' id='word_1_121' title='bbox 848 1605 920 1660; x_wconf 84' lang='grc' dir='ltr'><em>τὰ</em></span> <span class='ocrx_word' id='word_1_122' title='bbox 942 1601 1141 1659; x_wconf 81' lang='grc' dir='ltr'><em>πάντα</em></span> <span class='ocrx_word' id='word_1_123' title='bbox 1158 1601 1346 1657; x_wconf 87' lang='grc' dir='ltr'><em>ποιῶν</em></span> <span class='ocrx_word' id='word_1_124' title='bbox 1358 1599 1428 1655; x_wconf 84' lang='grc' dir='ltr'><em>δέ</em></span> <span class='ocrx_word' id='word_1_125' title='bbox 1446 1615 1459 1629; x_wconf 89' lang='grc'><strong>·</strong></span> <span class='ocrx_word' id='word_1_126' title='bbox 1479 1602 1513 1654; x_wconf 86' lang='grc' dir='ltr'><strong><em>ό</em></strong></span> <span class='ocrx_word' id='word_1_127' title='bbox 1535 1596 1623 1669; x_wconf 77' lang='grc' dir='ltr'><em>μὴ</em></span> <span class='ocrx_word' id='word_1_128' title='bbox 1644 1596 1931 1653; x_wconf 76' lang='grc' dir='ltr'><em>ἀλλοιούο</em></span> 
     </span>
    </p>
   </div>
   <div class='ocr_carea' id='block_1_18' title="bbox 336 1684 1932 1768">
    <p class='ocr_par' dir='ltr' id='par_1_18' title="bbox 336 1684 1932 1768">
     <span class='ocr_line' id='line_1_18' title="bbox 336 1684 1932 1768; baseline -0.011 -13"><span class='ocrx_word' id='word_1_129' title='bbox 336 1714 521 1768; x_wconf 88' lang='grc' dir='ltr'><em>μενος</em></span> <span class='ocrx_word' id='word_1_130' title='bbox 555 1698 595 1768; x_wconf 78' lang='grc' dir='ltr'><strong><em>ἢ</em></strong></span> <span class='ocrx_word' id='word_1_131' title='bbox 623 1697 1007 1768; x_wconf 78' lang='grc' dir='ltr'><em>τρεπόμενος,</em></span> <span class='ocrx_word' id='word_1_132' title='bbox 1035 1690 1368 1758; x_wconf 81' lang='grc' dir='ltr'><em>ὢνόαὺτὸς</em></span> <span class='ocrx_word' id='word_1_133' title='bbox 1388 1689 1481 1746; x_wconf 75' lang='grc' dir='ltr'><em>ἀεὶ</em></span> <span class='ocrx_word' id='word_1_134' title='bbox 1510 1687 1579 1743; x_wconf 79' lang='grc' dir='ltr'><em>δὲ</em></span> <span class='ocrx_word' id='word_1_135' title='bbox 1603 1686 1704 1742; x_wconf 80' lang='grc' dir='ltr'><strong><em>καί</em></strong></span> <span class='ocrx_word' id='word_1_136' title='bbox 1733 1684 1932 1740; x_wconf 85' lang='grc' dir='ltr'><em>πάντα</em></span> 
     </span>
    </p>
   </div>
   <div class='ocr_carea' id='block_1_19' title="bbox 335 1780 1637 1855">
    <p class='ocr_par' dir='ltr' id='par_1_19' title="bbox 335 1780 1637 1855">
     <span class='ocr_line' id='line_1_19' title="bbox 335 1780 1637 1855; baseline -0.007 -12"><span class='ocrx_word' id='word_1_137' title='bbox 335 1786 538 1855; x_wconf 78' lang='grc' dir='ltr'><em>κινῶν,</em></span> <span class='ocrx_word' id='word_1_138' title='bbox 578 1787 679 1843; x_wconf 67' lang='grc' dir='ltr'><strong><em>καί</em></strong></span> <span class='ocrx_word' id='word_1_139' title='bbox 711 1783 998 1851; x_wconf 81' lang='grc' dir='ltr'><em>ἀλλοιῶν,</em></span> <span class='ocrx_word' id='word_1_140' title='bbox 1031 1782 1131 1838; x_wconf 78' lang='grc' dir='ltr'><em>καὶ</em></span> <span class='ocrx_word' id='word_1_141' title='bbox 1148 1780 1637 1854; x_wconf 80' lang='grc' dir='ltr'><em>μετασκευάζων.</em></span> 
     </span>
    </p>
   </div>
   <div class='ocr_carea' id='block_1_20' title="bbox 2041 585 3630 657">
    <p class='ocr_par' dir='ltr' id='par_1_20' title="bbox 2041 585 3630 657">
     <span class='ocr_line' id='line_1_20' title="bbox 2041 585 3630 657; baseline -0.001 -16"><span class='ocrx_word' id='word_1_142' title='bbox 2041 601 2237 657; x_wconf 83' lang='lat' dir='ltr'><strong><em>nempe</em></strong></span> <span class='ocrx_word' id='word_1_143' title='bbox 2256 585 2494 641; x_wconf 79' lang='lat' dir='ltr'><strong><em>suadens</em></strong></span> <span class='ocrx_word' id='word_1_144' title='bbox 2514 585 2723 652; x_wconf 76' lang='lat' dir='ltr'><strong><em>cazlum,</em></strong></span> <span class='ocrx_word' id='word_1_145' title='bbox 2738 585 2921 651; x_wconf 86' lang='lat' dir='ltr'><strong><em>solem,</em></strong></span> <span class='ocrx_word' id='word_1_146' title='bbox 2941 585 3150 651; x_wconf 85' lang='lat' dir='ltr'><strong><em>stellas,</em></strong></span> <span class='ocrx_word' id='word_1_147' title='bbox 3171 588 3409 656; x_wconf 64' lang='lat' dir='ltr'><strong><em>hancque</em></strong></span> <span class='ocrx_word' id='word_1_148' title='bbox 3429 600 3630 650; x_wconf 87' lang='lat' dir='ltr'><strong><em>aerem,</em></strong></span> 
     </span>
    </p>
   </div>
   <div class='ocr_carea' id='block_1_21' title="bbox 2040 677 3631 749">
    <p class='ocr_par' dir='ltr' id='par_1_21' title="bbox 2040 677 3631 749">
     <span class='ocr_line' id='line_1_21' title="bbox 2040 677 3631 749; baseline -0.002 -16"><span class='ocrx_word' id='word_1_149' title='bbox 2040 689 2200 749; x_wconf 89' lang='lat' dir='ltr'><strong><em>atque</em></strong></span> <span class='ocrx_word' id='word_1_150' title='bbox 2224 677 2307 732; x_wconf 89' lang='lat' dir='ltr'><strong><em>illi</em></strong></span> <span class='ocrx_word' id='word_1_151' title='bbox 2329 680 2653 749; x_wconf 76' lang='lat' dir='ltr'><strong><em>superiorem</em></strong></span> <span class='ocrx_word' id='word_1_152' title='bbox 2686 680 2928 744; x_wconf 67' lang='lat' dir='ltr'><strong><em>aethera;</em></strong></span> <span class='ocrx_word' id='word_1_153' title='bbox 2963 686 3266 748; x_wconf 69' lang='lat' dir='ltr'><strong><em>terramque</em></strong></span> <span class='ocrx_word' id='word_1_154' title='bbox 3289 688 3336 732; x_wconf 88' lang='lat' dir='ltr'><strong><em>et</em></strong></span> <span class='ocrx_word' id='word_1_155' title='bbox 3374 692 3544 744; x_wconf 87' lang='lat' dir='ltr'><strong><em>mare,</em></strong></span> <span class='ocrx_word' id='word_1_156' title='bbox 3577 685 3631 731; x_wconf 81' lang='lat' dir='ltr'><strong><em>et</em></strong></span> 
     </span>
    </p>
   </div>
   <div class='ocr_carea' id='block_1_22' title="bbox 2038 768 3633 841">
    <p class='ocr_par' dir='ltr' id='par_1_22' title="bbox 2038 768 3633 841">
     <span class='ocr_line' id='line_1_22' title="bbox 2038 768 3633 841; baseline -0.001 -18"><span class='ocrx_word' id='word_1_157' title='bbox 2038 786 2156 840; x_wconf 76' lang='lat' dir='ltr'><strong><em>qua:</em></strong></span> <span class='ocrx_word' id='word_1_158' title='bbox 2191 771 2249 823; x_wconf 91' lang='lat' dir='ltr'><strong><em>in</em></strong></span> <span class='ocrx_word' id='word_1_159' title='bbox 2269 771 2343 824; x_wconf 87' lang='lat' dir='ltr'><strong><em>eis</em></strong></span> <span class='ocrx_word' id='word_1_160' title='bbox 2391 779 2693 835; x_wconf 77' lang='lat' dir='ltr'><strong><em>versantur,</em></strong></span> <span class='ocrx_word' id='word_1_161' title='bbox 2734 788 2799 825; x_wconf 91' lang='lat' dir='ltr'><strong><em>ac</em></strong></span> <span class='ocrx_word' id='word_1_162' title='bbox 2818 772 2997 825; x_wconf 83' lang='lat' dir='ltr'><strong><em>vivunt</em></strong></span> <span class='ocrx_word' id='word_1_163' title='bbox 3033 768 3254 841; x_wconf 71' lang='lat' dir='ltr'><strong><em>plantas,</em></strong></span> <span class='ocrx_word' id='word_1_164' title='bbox 3286 778 3336 824; x_wconf 84' lang='lat' dir='ltr'><strong><em>et</em></strong></span> <span class='ocrx_word' id='word_1_165' title='bbox 3366 768 3633 824; x_wconf 74' lang='lat' dir='ltr'><strong>animalia</strong></span> 
     </span>
    </p>
   </div>
   <div class='ocr_carea' id='block_1_23' title="bbox 2035 861 3629 932">
    <p class='ocr_par' dir='ltr' id='par_1_23' title="bbox 2035 861 3629 932">
     <span class='ocr_line' id='line_1_23' title="bbox 2035 861 3629 932; baseline 0.003 -20"><span class='ocrx_word' id='word_1_166' title='bbox 2035 869 2223 916; x_wconf 89' lang='lat' dir='ltr'><strong><em>cuncta</em></strong></span> <span class='ocrx_word' id='word_1_167' title='bbox 2244 868 2447 925; x_wconf 89' lang='lat' dir='ltr'><strong><em>creata,</em></strong></span> <span class='ocrx_word' id='word_1_168' title='bbox 2472 878 2535 915; x_wconf 88' lang='lat' dir='ltr'><strong><em>ac</em></strong></span> <span class='ocrx_word' id='word_1_169' title='bbox 2553 861 2651 915; x_wconf 90' lang='lat' dir='ltr'><strong><em>Dei</em></strong></span> <span class='ocrx_word' id='word_1_170' title='bbox 2669 862 2938 932; x_wconf 86' lang='lat' dir='ltr'><strong><em>mancipia</em></strong></span> <span class='ocrx_word' id='word_1_171' title='bbox 2967 877 3098 926; x_wconf 84' lang='lat' dir='ltr'><strong><em>esse,</em></strong></span> <span class='ocrx_word' id='word_1_172' title='bbox 3128 862 3218 932; x_wconf 89' lang='lat' dir='ltr'><strong><em>qui</em></strong></span> <span class='ocrx_word' id='word_1_173' title='bbox 3248 863 3483 916; x_wconf 83' lang='lat' dir='ltr'><strong><em>condidit</em></strong></span> <span class='ocrx_word' id='word_1_174' title='bbox 3509 872 3629 916; x_wconf 37' lang='lat' dir='ltr'><strong><em>ams</em></strong></span> 
     </span>
    </p>
   </div>
   <div class='ocr_carea' id='block_1_24' title="bbox 2038 953 3631 1026">
    <p class='ocr_par' dir='ltr' id='par_1_24' title="bbox 2038 953 3631 1026">
     <span class='ocr_line' id='line_1_24' title="bbox 2038 953 3631 1026; baseline 0.003 -20"><span class='ocrx_word' id='word_1_175' title='bbox 2038 955 2148 1018; x_wconf 89' lang='lat' dir='ltr'><strong><em>nia,</em></strong></span> <span class='ocrx_word' id='word_1_176' title='bbox 2172 967 2237 1007; x_wconf 77' lang='lat' dir='ltr'><strong><em>es:</em></strong></span> <span class='ocrx_word' id='word_1_177' title='bbox 2258 954 2337 1008; x_wconf 88' lang='lat' dir='ltr'><strong><em>his</em></strong></span> <span class='ocrx_word' id='word_1_178' title='bbox 2356 953 2563 1009; x_wconf 77' lang='lat' dir='ltr'><strong><em>nullum</em></strong></span> <span class='ocrx_word' id='word_1_179' title='bbox 2591 954 2963 1010; x_wconf 86' lang='lat' dir='ltr'><strong><em>arbitrandnm</em></strong></span> <span class='ocrx_word' id='word_1_180' title='bbox 3001 954 3191 1021; x_wconf 84' lang='lat' dir='ltr'><strong><em>Deum,</em></strong></span> <span class='ocrx_word' id='word_1_181' title='bbox 3217 955 3356 1026; x_wconf 78' lang='lat' dir='ltr'><strong><em>quod</em></strong></span> <span class='ocrx_word' id='word_1_182' title='bbox 3375 956 3631 1010; x_wconf 74' lang='lat' dir='ltr'><strong><em>nimirum</em></strong></span> 
     </span>
    </p>
   </div>
   <div class='ocr_carea' id='block_1_25' title="bbox 2035 1044 3628 1119">
    <p class='ocr_par' dir='ltr' id='par_1_25' title="bbox 2035 1044 3628 1119">
     <span class='ocr_line' id='line_1_25' title="bbox 2035 1044 3628 1119; baseline 0.003 -21"><span class='ocrx_word' id='word_1_183' title='bbox 2035 1046 2140 1099; x_wconf 89' lang='lat' dir='ltr'><strong><em>ista</em></strong></span> <span class='ocrx_word' id='word_1_184' title='bbox 2184 1044 2353 1099; x_wconf 87' lang='lat' dir='ltr'><strong><em>aliam</em></strong></span> <span class='ocrx_word' id='word_1_185' title='bbox 2384 1062 2448 1100; x_wconf 78' lang='lat' dir='ltr'><strong><em>ea:</em></strong></span> <span class='ocrx_word' id='word_1_186' title='bbox 2474 1046 2585 1101; x_wconf 90' lang='lat' dir='ltr'><strong><em>alia</em></strong></span> <span class='ocrx_word' id='word_1_187' title='bbox 2628 1047 2945 1119; x_wconf 76' lang='lat' dir='ltr'><strong>qualitatem</strong></span> <span class='ocrx_word' id='word_1_188' title='bbox 2964 1055 3188 1111; x_wconf 87' lang='lat' dir='ltr'><strong><em>mutent,</em></strong></span> <span class='ocrx_word' id='word_1_189' title='bbox 3224 1048 3434 1113; x_wconf 84' lang='lat' dir='ltr'><strong><em>sintque</em></strong></span> <span class='ocrx_word' id='word_1_190' title='bbox 3458 1049 3628 1102; x_wconf 84' lang='lat' dir='ltr'><strong><em>inter-</em></strong></span> 
     </span>
    </p>
   </div>
   <div class='ocr_carea' id='block_1_26' title="bbox 2034 1132 3630 1205">
    <p class='ocr_par' dir='ltr' id='par_1_26' title="bbox 2034 1132 3630 1205">
     <span class='ocr_line' id='line_1_26' title="bbox 2034 1132 3630 1205; baseline 0.003 -17"><span class='ocrx_word' id='word_1_191' title='bbox 2034 1136 2187 1189; x_wconf 90' lang='lat' dir='ltr'><strong><em>itioni</em></strong></span> <span class='ocrx_word' id='word_1_192' title='bbox 2217 1132 2445 1190; x_wconf 66' lang='lat' dir='ltr'><strong><em>obnoxia</em></strong></span> <span class='ocrx_word' id='word_1_193' title='bbox 2474 1152 2491 1202; x_wconf 87' lang='lat'><strong><em>;</em></strong></span> <span class='ocrx_word' id='word_1_194' title='bbox 2544 1137 2673 1192; x_wconf 87' lang='lat' dir='ltr'><strong><em>data</em></strong></span> <span class='ocrx_word' id='word_1_195' title='bbox 2702 1135 2900 1192; x_wconf 73' lang='lat' dir='ltr'><strong>scilicet</strong></span> <span class='ocrx_word' id='word_1_196' title='bbox 2942 1138 2999 1192; x_wconf 88' lang='lat' dir='ltr'><strong><em>in</em></strong></span> <span class='ocrx_word' id='word_1_197' title='bbox 3031 1137 3320 1193; x_wconf 78' lang='lat' dir='ltr'><strong><em>subsidium</em></strong></span> <span class='ocrx_word' id='word_1_198' title='bbox 3358 1139 3630 1205; x_wconf 57' lang='lat' dir='ltr'><strong><em>humandi,</em></strong></span> 
     </span>
    </p>
   </div>
   <div class='ocr_carea' id='block_1_27' title="bbox 2036 1227 3632 1300">
    <p class='ocr_par' dir='ltr' id='par_1_27' title="bbox 2036 1227 3632 1300">
     <span class='ocr_line' id='line_1_27' title="bbox 2036 1227 3632 1300; baseline 0.003 -21"><span class='ocrx_word' id='word_1_199' title='bbox 2036 1242 2198 1297; x_wconf 88' lang='lat' dir='ltr'><strong><em>quam</em></strong></span> <span class='ocrx_word' id='word_1_200' title='bbox 2228 1227 2284 1281; x_wconf 90' lang='lat' dir='ltr'><strong><em>in</em></strong></span> <span class='ocrx_word' id='word_1_201' title='bbox 2312 1229 2508 1283; x_wconf 88' lang='lat' dir='ltr'><strong><em>mundo</em></strong></span> <span class='ocrx_word' id='word_1_202' title='bbox 2536 1231 2763 1300; x_wconf 84' lang='lat' dir='ltr'><strong><em>agimus,</em></strong></span> <span class='ocrx_word' id='word_1_203' title='bbox 2814 1230 2980 1283; x_wconf 69' lang='lat' dir='ltr'><strong><em>vitat:</em></strong></span> <span class='ocrx_word' id='word_1_204' title='bbox 3019 1245 3229 1300; x_wconf 80' lang='lat' dir='ltr'><strong><em>esseque</em></strong></span> <span class='ocrx_word' id='word_1_205' title='bbox 3286 1236 3488 1284; x_wconf 86' lang='lat' dir='ltr'><strong><em>natura</em></strong></span> <span class='ocrx_word' id='word_1_206' title='bbox 3534 1231 3632 1285; x_wconf 85' lang='lat' dir='ltr'><strong><em>ho-</em></strong></span> 
     </span>
    </p>
   </div>
   <div class='ocr_carea' id='block_1_28' title="bbox 2037 1317 3630 1391">
    <p class='ocr_par' dir='ltr' id='par_1_28' title="bbox 2037 1317 3630 1391">
     <span class='ocr_line' id='line_1_28' title="bbox 2037 1317 3630 1391; baseline 0.002 -18"><span class='ocrx_word' id='word_1_207' title='bbox 2037 1320 2178 1373; x_wconf 88' lang='lat' dir='ltr'><strong><em>mine</em></strong></span> <span class='ocrx_word' id='word_1_208' title='bbox 2202 1317 2488 1386; x_wconf 76' lang='lat' dir='ltr'><strong><em>deteriora,</em></strong></span> <span class='ocrx_word' id='word_1_209' title='bbox 2541 1321 2679 1391; x_wconf 88' lang='lat' dir='ltr'><strong><em>quod</em></strong></span> <span class='ocrx_word' id='word_1_210' title='bbox 2719 1328 2940 1376; x_wconf 81' lang='lat' dir='ltr'><strong>careant</strong></span> <span class='ocrx_word' id='word_1_211' title='bbox 2977 1322 3205 1385; x_wconf 84' lang='lat' dir='ltr'><strong><em>ratione,</em></strong></span> <span class='ocrx_word' id='word_1_212' title='bbox 3239 1334 3303 1374; x_wconf 81' lang='lat' dir='ltr'><strong><em>ac</em></strong></span> <span class='ocrx_word' id='word_1_213' title='bbox 3344 1322 3454 1375; x_wconf 81' lang='lat' dir='ltr'><strong><em>sint</em></strong></span> <span class='ocrx_word' id='word_1_214' title='bbox 3480 1319 3630 1376; x_wconf 65' lang='lat' dir='ltr'><strong><em>illius</em></strong></span> 
     </span>
    </p>
   </div>
   <div class='ocr_carea' id='block_1_29' title="bbox 2035 1406 3635 1485">
    <p class='ocr_par' dir='ltr' id='par_1_29' title="bbox 2035 1406 3635 1485">
     <span class='ocr_line' id='line_1_29' title="bbox 2035 1406 3635 1485; baseline 0.003 -23"><span class='ocrx_word' id='word_1_215' title='bbox 2035 1425 2220 1465; x_wconf 83' lang='lat' dir='ltr'><strong><em>causa.</em></strong></span> <span class='ocrx_word' id='word_1_216' title='bbox 2267 1406 2406 1467; x_wconf 86' lang='lat' dir='ltr'><strong><em>Cum</em></strong></span> <span class='ocrx_word' id='word_1_217' title='bbox 2437 1410 2600 1483; x_wconf 81' lang='lat' dir='ltr'><strong><em>igitur</em></strong></span> <span class='ocrx_word' id='word_1_218' title='bbox 2632 1426 2696 1465; x_wconf 90' lang='lat' dir='ltr'><strong><em>ne</em></strong></span> <span class='ocrx_word' id='word_1_219' title='bbox 2740 1411 2893 1466; x_wconf 87' lang='lat' dir='ltr'><strong><em>homo</em></strong></span> <span class='ocrx_word' id='word_1_220' title='bbox 2931 1412 3140 1483; x_wconf 81' lang='lat' dir='ltr'><strong><em>quidem</em></strong></span> <span class='ocrx_word' id='word_1_221' title='bbox 3162 1414 3231 1467; x_wconf 88' lang='lat' dir='ltr'><strong><em>sit</em></strong></span> <span class='ocrx_word' id='word_1_222' title='bbox 3250 1409 3424 1479; x_wconf 84' lang='lat' dir='ltr'><strong><em>Deus,</em></strong></span> <span class='ocrx_word' id='word_1_223' title='bbox 3476 1413 3635 1485; x_wconf 77' lang='lat' dir='ltr'><strong><em>longe</em></strong></span> 
     </span>
    </p>
   </div>
   <div class='ocr_carea' id='block_1_30' title="bbox 2036 1500 3637 1577">
    <p class='ocr_par' dir='ltr' id='par_1_30' title="bbox 2036 1500 3637 1577">
     <span class='ocr_line' id='line_1_30' title="bbox 2036 1500 3637 1577; baseline 0.003 -23"><span class='ocrx_word' id='word_1_224' title='bbox 2036 1500 2304 1566; x_wconf 81' lang='lat' dir='ltr'><strong><em>abhorret,</em></strong></span> <span class='ocrx_word' id='word_1_225' title='bbox 2347 1510 2405 1555; x_wconf 84' lang='lat' dir='ltr'><strong><em>ut</em></strong></span> <span class='ocrx_word' id='word_1_226' title='bbox 2462 1516 2580 1573; x_wconf 73' lang='lat' dir='ltr'><strong><em>qua:</em></strong></span> <span class='ocrx_word' id='word_1_227' title='bbox 2607 1501 2703 1557; x_wconf 88' lang='lat' dir='ltr'><strong><em>illo</em></strong></span> <span class='ocrx_word' id='word_1_228' title='bbox 2724 1502 2988 1557; x_wconf 83' lang='lat' dir='ltr'><strong><em>deteriora</em></strong></span> <span class='ocrx_word' id='word_1_229' title='bbox 3018 1511 3165 1567; x_wconf 86' lang='lat' dir='ltr'><strong><em>sunt,</em></strong></span> <span class='ocrx_word' id='word_1_230' title='bbox 3213 1504 3335 1559; x_wconf 84' lang='lat' dir='ltr'><strong><em>deos</em></strong></span> <span class='ocrx_word' id='word_1_231' title='bbox 3363 1515 3637 1577; x_wconf 80' lang='lat' dir='ltr'><strong><em>nuncupe-</em></strong></span> 
     </span>
    </p>
   </div>
   <div class='ocr_carea' id='block_1_31' title="bbox 2036 1592 3633 1666">
    <p class='ocr_par' dir='ltr' id='par_1_31' title="bbox 2036 1592 3633 1666">
     <span class='ocr_line' id='line_1_31' title="bbox 2036 1592 3633 1666; baseline 0.003 -21"><span class='ocrx_word' id='word_1_232' title='bbox 2036 1607 2173 1647; x_wconf 87' lang='lat' dir='ltr'><strong><em>mus.</em></strong></span> <span class='ocrx_word' id='word_1_233' title='bbox 2209 1592 2309 1648; x_wconf 82' lang='lat' dir='ltr'><strong><em>Hic</em></strong></span> <span class='ocrx_word' id='word_1_234' title='bbox 2331 1602 2510 1648; x_wconf 85' lang='lat' dir='ltr'><strong><em>autem</em></strong></span> <span class='ocrx_word' id='word_1_235' title='bbox 2538 1592 2681 1648; x_wconf 85' lang='lat' dir='ltr'><strong><em>solus</em></strong></span> <span class='ocrx_word' id='word_1_236' title='bbox 2724 1610 2845 1649; x_wconf 81' lang='lat' dir='ltr'><strong><em>uere</em></strong></span> <span class='ocrx_word' id='word_1_237' title='bbox 2885 1594 3024 1649; x_wconf 85' lang='lat' dir='ltr'><strong><em>Deus</em></strong></span> <span class='ocrx_word' id='word_1_238' title='bbox 3055 1604 3151 1660; x_wconf 82' lang='lat' dir='ltr'><strong><em>est,</em></strong></span> <span class='ocrx_word' id='word_1_239' title='bbox 3187 1596 3280 1666; x_wconf 87' lang='lat' dir='ltr'><strong><em>qui</em></strong></span> <span class='ocrx_word' id='word_1_240' title='bbox 3305 1612 3340 1651; x_wconf 91' lang='lat' dir='ltr'><strong>a</strong></span> <span class='ocrx_word' id='word_1_241' title='bbox 3367 1595 3517 1650; x_wconf 82' lang='lat' dir='ltr'><strong><em>nullo</em></strong></span> <span class='ocrx_word' id='word_1_242' title='bbox 3537 1597 3633 1663; x_wconf 82' lang='lat' dir='ltr'><strong><em>sit,</em></strong></span> 
     </span>
    </p>
   </div>
   <div class='ocr_carea' id='block_1_32' title="bbox 2034 1682 3638 1757">
    <p class='ocr_par' dir='ltr' id='par_1_32' title="bbox 2034 1682 3638 1757">
     <span class='ocr_line' id='line_1_32' title="bbox 2034 1682 3638 1757; baseline 0.003 -20"><span class='ocrx_word' id='word_1_243' title='bbox 2034 1693 2082 1737; x_wconf 88' lang='lat' dir='ltr'><strong><em>et</em></strong></span> <span class='ocrx_word' id='word_1_244' title='bbox 2136 1692 2215 1739; x_wconf 90' lang='lat' dir='ltr'><strong><em>est</em></strong></span> <span class='ocrx_word' id='word_1_245' title='bbox 2262 1700 2490 1757; x_wconf 85' lang='lat' dir='ltr'><strong><em>semper.</em></strong></span> <span class='ocrx_word' id='word_1_246' title='bbox 2537 1682 2641 1751; x_wconf 80' lang='lat' dir='ltr'><strong><em>Qui</em></strong></span> <span class='ocrx_word' id='word_1_247' title='bbox 2689 1686 2803 1755; x_wconf 85' lang='lat' dir='ltr'><strong><em>ipse</em></strong></span> <span class='ocrx_word' id='word_1_248' title='bbox 2853 1686 3001 1742; x_wconf 87' lang='lat' dir='ltr'><strong><em>nullo</em></strong></span> <span class='ocrx_word' id='word_1_249' title='bbox 3026 1696 3243 1742; x_wconf 88' lang='lat' dir='ltr'><strong><em>auctore</em></strong></span> <span class='ocrx_word' id='word_1_250' title='bbox 3261 1698 3493 1755; x_wconf 88' lang='lat' dir='ltr'><strong><em>creatus,</em></strong></span> <span class='ocrx_word' id='word_1_251' title='bbox 3543 1688 3638 1744; x_wconf 83' lang='lat' dir='ltr'><strong><em>sed</em></strong></span> 
     </span>
    </p>
   </div>
   <div class='ocr_carea' id='block_1_33' title="bbox 2033 1777 3635 1849">
    <p class='ocr_par' dir='ltr' id='par_1_33' title="bbox 2033 1777 3635 1849">
     <span class='ocr_line' id='line_1_33' title="bbox 2033 1777 3635 1849; baseline 0.002 -20"><span class='ocrx_word' id='word_1_252' title='bbox 2033 1783 2179 1829; x_wconf 87' lang='lat' dir='ltr'><strong><em>creat</em></strong></span> <span class='ocrx_word' id='word_1_253' title='bbox 2211 1777 2321 1846; x_wconf 84' lang='lat' dir='ltr'><strong><em>ipse</em></strong></span> <span class='ocrx_word' id='word_1_254' title='bbox 2346 1777 2558 1843; x_wconf 88' lang='lat' dir='ltr'><strong><em>omnia;</em></strong></span> <span class='ocrx_word' id='word_1_255' title='bbox 2584 1779 2675 1849; x_wconf 88' lang='lat' dir='ltr'><strong><em>qui</em></strong></span> <span class='ocrx_word' id='word_1_256' title='bbox 2698 1792 2790 1831; x_wconf 87' lang='lat' dir='ltr'><strong><em>nec</em></strong></span> <span class='ocrx_word' id='word_1_257' title='bbox 2809 1778 3071 1849; x_wconf 86' lang='lat' dir='ltr'><strong><em>qualitate</em></strong></span> <span class='ocrx_word' id='word_1_258' title='bbox 3095 1778 3234 1847; x_wconf 90' lang='lat' dir='ltr'><strong><em>ulla,</em></strong></span> <span class='ocrx_word' id='word_1_259' title='bbox 3262 1794 3358 1834; x_wconf 90' lang='lat' dir='ltr'><strong><em>nec</em></strong></span> <span class='ocrx_word' id='word_1_260' title='bbox 3384 1781 3635 1836; x_wconf 80' lang='lat' dir='ltr'><strong><em>substan-</em></strong></span> 
     </span>
    </p>
   </div>
   <div class='ocr_carea' id='block_1_34' title="bbox 333 1869 3636 1953">
    <p class='ocr_par' dir='ltr' id='par_1_34' title="bbox 333 1869 3636 1953">
     <span class='ocr_line' id='line_1_34' title="bbox 333 1869 3636 1953; baseline -0.003 -17"><span class='ocrx_word' id='word_1_261' title='bbox 333 1882 410 1937; x_wconf 88' lang='lat' dir='ltr'><strong><em>tia</em></strong></span> <span class='ocrx_word' id='word_1_262' title='bbox 433 1889 696 1949; x_wconf 80' lang='lat' dir='ltr'><strong><em>mutatur,</em></strong></span> <span class='ocrx_word' id='word_1_263' title='bbox 725 1882 817 1936; x_wconf 83' lang='lat' dir='ltr'><strong><em>sed</em></strong></span> <span class='ocrx_word' id='word_1_264' title='bbox 836 1894 1045 1953; x_wconf 83' lang='lat' dir='ltr'><strong><em>semper</em></strong></span> <span class='ocrx_word' id='word_1_265' title='bbox 1073 1880 1210 1936; x_wconf 87' lang='lat' dir='ltr'><strong><em>idem</em></strong></span> <span class='ocrx_word' id='word_1_266' title='bbox 1230 1881 1343 1951; x_wconf 89' lang='lat' dir='ltr'><strong><em>ipse</em></strong></span> <span class='ocrx_word' id='word_1_267' title='bbox 1380 1887 1478 1941; x_wconf 89' lang='lat' dir='ltr'><strong><em>est,</em></strong></span> <span class='ocrx_word' id='word_1_268' title='bbox 1520 1883 1791 1943; x_wconf 80' lang='lat' dir='ltr'><strong><em>monetque</em></strong></span> <span class='ocrx_word' id='word_1_269' title='bbox 1819 1871 2020 1937; x_wconf 87' lang='lat' dir='ltr'><strong><em>omnia,</em></strong></span> <span class='ocrx_word' id='word_1_270' title='bbox 2047 1883 2214 1940; x_wconf 70' lang='lat' dir='ltr'><strong><em>exque</em></strong></span> <span class='ocrx_word' id='word_1_271' title='bbox 2236 1869 2348 1924; x_wconf 88' lang='lat' dir='ltr'><strong><em>alia</em></strong></span> <span class='ocrx_word' id='word_1_272' title='bbox 2410 1871 2468 1925; x_wconf 89' lang='lat' dir='ltr'><strong><em>in</em></strong></span> <span class='ocrx_word' id='word_1_273' title='bbox 2504 1870 2671 1925; x_wconf 87' lang='lat' dir='ltr'><strong><em>aliam</em></strong></span> <span class='ocrx_word' id='word_1_274' title='bbox 2721 1869 3037 1942; x_wconf 88' lang='lat' dir='ltr'><strong><em>qualitatem</em></strong></span> <span class='ocrx_word' id='word_1_275' title='bbox 3096 1872 3370 1937; x_wconf 79' lang='lat' dir='ltr'><strong><em>canuertit,</em></strong></span> <span class='ocrx_word' id='word_1_276' title='bbox 3435 1880 3636 1929; x_wconf 62' lang='lat' dir='ltr'><strong><em>mutor</em></strong></span> 
     </span>
    </p>
   </div>
   <div class='ocr_carea' id='block_1_35' title="bbox 341 1975 799 2048">
    <p class='ocr_par' dir='ltr' id='par_1_35' title="bbox 341 1975 799 2048">
     <span class='ocr_line' id='line_1_35' title="bbox 341 1975 799 2048; baseline -0.007 -16"><span class='ocrx_word' id='word_1_277' title='bbox 341 1975 799 2048; x_wconf 45' lang='lat' dir='ltr'><strong><em>“substantia.</em></strong></span> 
     </span>
    </p>
   </div>
   <div class='ocr_carea' id='block_1_36' title="bbox 406 2054 1932 2135">
    <p class='ocr_par' dir='ltr' id='par_1_36' title="bbox 406 2055 1929 2135">
     <span class='ocr_line' id='line_1_36' title="bbox 406 2055 1929 2135; baseline -0.009 -13"><span class='ocrx_word' id='word_1_278' title='bbox 406 2065 633 2123; x_wconf 82' lang='grc' dir='ltr'><em>Τοῦτον</em></span> <span class='ocrx_word' id='word_1_279' title='bbox 661 2066 812 2122; x_wconf 80' lang='grc' dir='ltr'><em>Θεὸν</em></span> <span class='ocrx_word' id='word_1_280' title='bbox 829 2062 1053 2122; x_wconf 78' lang='grc' dir='ltr'><em>ειδέναι</em></span> <span class='ocrx_word' id='word_1_281' title='bbox 1077 2062 1167 2119; x_wconf 87' lang='grc' dir='ltr'><em>δεῖ</em></span> <span class='ocrx_word' id='word_1_282' title='bbox 1191 2062 1384 2135; x_wconf 85' lang='grc' dir='ltr'><em>μόνον</em></span> <span class='ocrx_word' id='word_1_283' title='bbox 1413 2059 1513 2114; x_wconf 77' lang='grc' dir='ltr'><em>καὶ</em></span> <span class='ocrx_word' id='word_1_284' title='bbox 1538 2055 1929 2130; x_wconf 62' lang='grc' dir='ltr'><em>προσκυνεῖν</em></span> 
     </span>
    </p>
   </div>
   <div class='ocr_carea' id='block_1_37' title="bbox 2037 2054 3635 2135">
    <p class='ocr_par' dir='ltr' id='par_1_37' title="bbox 2106 2054 3635 2119">
     <span class='ocr_line' id='line_1_37' title="bbox 2106 2054 3635 2119; baseline 0.005 -7"><span class='ocrx_word' id='word_1_285' title='bbox 2106 2054 2261 2112; x_wconf 84' lang='lat' dir='ltr'><strong><em>Hunc</em></strong></span> <span class='ocrx_word' id='word_1_286' title='bbox 2283 2056 2453 2111; x_wconf 89' lang='lat' dir='ltr'><strong><em>solum</em></strong></span> <span class='ocrx_word' id='word_1_287' title='bbox 2485 2057 2804 2112; x_wconf 86' lang='lat' dir='ltr'><strong><em>noscendum</em></strong></span> <span class='ocrx_word' id='word_1_288' title='bbox 2834 2056 3005 2113; x_wconf 84' lang='lat' dir='ltr'><strong><em>Deum</em></strong></span> <span class='ocrx_word' id='word_1_289' title='bbox 3036 2068 3086 2114; x_wconf 90' lang='lat' dir='ltr'><strong><em>et</em></strong></span> <span class='ocrx_word' id='word_1_290' title='bbox 3129 2060 3465 2117; x_wconf 83' lang='lat' dir='ltr'><strong><em>adorandum</em></strong></span> <span class='ocrx_word' id='word_1_291' title='bbox 3487 2080 3506 2118; x_wconf 90' lang='lat'><em>:</em></span> <span class='ocrx_word' id='word_1_292' title='bbox 3543 2080 3635 2119; x_wconf 79' lang='lat' dir='ltr'><strong><em>so-</em></strong></span> 
     </span>
    </p>
   </div>
   <div class='ocr_carea' id='block_1_38' title="bbox 331 2147 1931 2230">
    <p class='ocr_par' dir='ltr' id='par_1_38' title="bbox 331 2147 1931 2230">
     <span class='ocr_line' id='line_1_38' title="bbox 331 2147 1931 2230; baseline -0.01 -15"><span class='ocrx_word' id='word_1_293' title='bbox 331 2158 522 2230; x_wconf 78' lang='grc' dir='ltr'><em>μόνος</em></span> <span class='ocrx_word' id='word_1_294' title='bbox 543 2162 656 2227; x_wconf 79' lang='grc' dir='ltr'><em>τὰρ</em></span> <span class='ocrx_word' id='word_1_295' title='bbox 685 2157 847 2229; x_wconf 74' lang='grc' dir='ltr'><em>ἅγιος</em></span> <span class='ocrx_word' id='word_1_296' title='bbox 871 2159 1075 2227; x_wconf 72' lang='grc' dir='ltr'><em>φύσει,</em></span> <span class='ocrx_word' id='word_1_297' title='bbox 1096 2156 1286 2226; x_wconf 81' lang='grc' dir='ltr'><em>μόνος</em></span> <span class='ocrx_word' id='word_1_298' title='bbox 1315 2150 1541 2221; x_wconf 78' lang='grc' dir='ltr'><em>ἀγαθὸς</em></span> <span class='ocrx_word' id='word_1_299' title='bbox 1570 2148 1671 2204; x_wconf 82' lang='grc' dir='ltr'><em>καὶ</em></span> <span class='ocrx_word' id='word_1_300' title='bbox 1698 2147 1931 2214; x_wconf 82' lang='grc' dir='ltr'><em>δίκαιος</em></span> 
     </span>
    </p>
   </div>
   <div class='ocr_carea' id='block_1_39' title="bbox 336 2238 1929 2319">
    <p class='ocr_par' dir='ltr' id='par_1_39' title="bbox 336 2238 1929 2319">
     <span class='ocr_line' id='line_1_39' title="bbox 336 2238 1929 2319; baseline -0.008 -15"><span class='ocrx_word' id='word_1_301' title='bbox 336 2249 438 2304; x_wconf 73' lang='grc' dir='ltr'><em>καὶ</em></span> <span class='ocrx_word' id='word_1_302' title='bbox 467 2251 663 2319; x_wconf 71' lang='grc' dir='ltr'><em>σοφὸς</em></span> <span class='ocrx_word' id='word_1_303' title='bbox 690 2290 707 2314; x_wconf 86' lang='grc'><strong><em>,</em></strong></span> <span class='ocrx_word' id='word_1_304' title='bbox 764 2248 835 2314; x_wconf 77' lang='grc' dir='ltr'><strong><em>ἐξ</em></strong></span> <span class='ocrx_word' id='word_1_305' title='bbox 888 2242 961 2305; x_wconf 85' lang='grc' dir='ltr'><em>οὗ</em></span> <span class='ocrx_word' id='word_1_306' title='bbox 992 2245 1164 2303; x_wconf 86' lang='grc' dir='ltr'><em>πᾶσα</em></span> <span class='ocrx_word' id='word_1_307' title='bbox 1199 2245 1391 2313; x_wconf 78' lang='grc' dir='ltr'><em>σοφία</em></span> <span class='ocrx_word' id='word_1_308' title='bbox 1425 2241 1525 2297; x_wconf 77' lang='grc' dir='ltr'><em>καὶ</em></span> <span class='ocrx_word' id='word_1_309' title='bbox 1549 2238 1929 2308; x_wconf 78' lang='grc' dir='ltr'><em>δικαιοσύνη,</em></span> 
     </span>
    </p>
   </div>
   <div class='ocr_carea' id='block_1_40' title="bbox 337 2332 1935 2410">
    <p class='ocr_par' dir='ltr' id='par_1_40' title="bbox 337 2332 1935 2410">
     <span class='ocr_line' id='line_1_40' title="bbox 337 2332 1935 2410; baseline -0.006 -15"><span class='ocrx_word' id='word_1_310' title='bbox 337 2340 438 2396; x_wconf 78' lang='grc' dir='ltr'><em>καὶ</em></span> <span class='ocrx_word' id='word_1_311' title='bbox 459 2338 633 2397; x_wconf 83' lang='grc' dir='ltr'><em>πᾶσα</em></span> <span class='ocrx_word' id='word_1_312' title='bbox 652 2338 895 2410; x_wconf 78' lang='grc' dir='ltr'><em>πηταζει</em></span> <span class='ocrx_word' id='word_1_313' title='bbox 924 2338 1267 2409; x_wconf 84' lang='grc' dir='ltr'><em>χρηστότης</em></span> <span class='ocrx_word' id='word_1_314' title='bbox 1309 2332 1410 2389; x_wconf 77' lang='grc' dir='ltr'><strong><em>καί</em></strong></span> <span class='ocrx_word' id='word_1_315' title='bbox 1445 2332 1752 2403; x_wconf 76' lang='grc' dir='ltr'><em>ἁγιωσύνῃ</em></span> <span class='ocrx_word' id='word_1_316' title='bbox 1772 2348 1788 2362; x_wconf 86' lang='grc'><strong>·</strong></span> <span class='ocrx_word' id='word_1_317' title='bbox 1823 2333 1935 2402; x_wconf 88' lang='grc' dir='ltr'><em>μό-</em></span> 
     </span>
    </p>
   </div>
   <div class='ocr_carea' id='block_1_41' title="bbox 334 2423 1932 2496">
    <p class='ocr_par' dir='ltr' id='par_1_41' title="bbox 334 2423 1932 2496">
     <span class='ocr_line' id='line_1_41' title="bbox 334 2423 1932 2496; baseline -0.006 -12"><span class='ocrx_word' id='word_1_318' title='bbox 334 2446 446 2496; x_wconf 85' lang='grc' dir='ltr'><strong><em>νος</em></strong></span> <span class='ocrx_word' id='word_1_319' title='bbox 482 2426 664 2496; x_wconf 82' lang='grc' dir='ltr'><em>οὖτος</em></span> <span class='ocrx_word' id='word_1_320' title='bbox 698 2429 978 2496; x_wconf 81' lang='grc' dir='ltr'><em>δυνατὸς,</em></span> <span class='ocrx_word' id='word_1_321' title='bbox 1008 2426 1090 2494; x_wconf 86' lang='grc' dir='ltr'><em>ὡς</em></span> <span class='ocrx_word' id='word_1_322' title='bbox 1129 2426 1307 2481; x_wconf 77' lang='grc' dir='ltr'><em>παντὶ</em></span> <span class='ocrx_word' id='word_1_323' title='bbox 1359 2425 1647 2494; x_wconf 73' lang='grc' dir='ltr'><em>θελήματι</em></span> <span class='ocrx_word' id='word_1_324' title='bbox 1675 2423 1932 2494; x_wconf 86' lang='grc' dir='ltr'><em>σύνδρο-</em></span> 
     </span>
    </p>
   </div>
   <div class='ocr_carea' id='block_1_42' title="bbox 329 2511 1933 2589">
    <p class='ocr_par' dir='ltr' id='par_1_42' title="bbox 329 2511 1933 2589">
     <span class='ocr_line' id='line_1_42' title="bbox 329 2511 1933 2589; baseline -0.005 -15"><span class='ocrx_word' id='word_1_325' title='bbox 329 2536 452 2588; x_wconf 86' lang='grc' dir='ltr'><strong><em>μον</em></strong></span> <span class='ocrx_word' id='word_1_326' title='bbox 496 2519 759 2589; x_wconf 86' lang='grc' dir='ltr'><em>δύναμιν</em></span> <span class='ocrx_word' id='word_1_327' title='bbox 824 2515 1295 2573; x_wconf 74' lang='grc' dir='ltr'><em>καταπλουτῶνο</em></span> <span class='ocrx_word' id='word_1_328' title='bbox 1364 2516 1641 2585; x_wconf 77' lang='grc' dir='ltr'><em>ἐλεήμων</em></span> <span class='ocrx_word' id='word_1_329' title='bbox 1698 2530 1764 2568; x_wconf 87' lang='grc' dir='ltr'><strong><em>τε</em></strong></span> <span class='ocrx_word' id='word_1_330' title='bbox 1833 2511 1933 2569; x_wconf 78' lang='grc' dir='ltr'><em>καὶ</em></span> 
     </span>
    </p>
   </div>
   <div class='ocr_carea' id='block_1_43' title="bbox 334 2604 1929 2680">
    <p class='ocr_par' dir='ltr' id='par_1_43' title="bbox 334 2604 1929 2680">
     <span class='ocr_line' id='line_1_43' title="bbox 334 2604 1929 2680; baseline -0.001 -15"><span class='ocrx_word' id='word_1_331' title='bbox 334 2610 652 2679; x_wconf 71' lang='grc' dir='ltr'><em>οἰκτίρμων</em></span> <span class='ocrx_word' id='word_1_332' title='bbox 682 2611 896 2680; x_wconf 83' lang='grc' dir='ltr'><em>μόνος,</em></span> <span class='ocrx_word' id='word_1_333' title='bbox 933 2609 1002 2676; x_wconf 82' lang='grc' dir='ltr'><em>ὃς</em></span> <span class='ocrx_word' id='word_1_334' title='bbox 1036 2609 1145 2664; x_wconf 82' lang='grc' dir='ltr'><strong><em>τὸν</em></strong></span> <span class='ocrx_word' id='word_1_335' title='bbox 1183 2604 1508 2679; x_wconf 78' lang='grc' dir='ltr'><em>μονογενῆ,</em></span> <span class='ocrx_word' id='word_1_336' title='bbox 1535 2606 1643 2660; x_wconf 89' lang='grc' dir='ltr'><em>τὸν</em></span> <span class='ocrx_word' id='word_1_337' title='bbox 1672 2605 1929 2676; x_wconf 72' lang='grc' dir='ltr'><em>όμοςρυᾶ,</em></span> 
     </span>
    </p>
   </div>
   <div class='ocr_carea' id='block_1_44' title="bbox 334 2696 1932 2772">
    <p class='ocr_par' dir='ltr' id='par_1_44' title="bbox 334 2696 1932 2772">
     <span class='ocr_line' id='line_1_44' title="bbox 334 2696 1932 2772; baseline -0.003 -16"><span class='ocrx_word' id='word_1_338' title='bbox 334 2702 446 2756; x_wconf 78' lang='grc' dir='ltr'><strong><em>τὸν</em></strong></span> <span class='ocrx_word' id='word_1_339' title='bbox 474 2703 729 2770; x_wconf 90' lang='grc' dir='ltr'><em>όμόθεον</em></span> <span class='ocrx_word' id='word_1_340' title='bbox 778 2701 879 2755; x_wconf 78' lang='grc' dir='ltr'><strong><em>καί</em></strong></span> <span class='ocrx_word' id='word_1_341' title='bbox 922 2700 1228 2772; x_wconf 79' lang='grc' dir='ltr'><em>όμάγαθον</em></span> <span class='ocrx_word' id='word_1_342' title='bbox 1283 2700 1442 2764; x_wconf 81' lang='grc' dir='ltr'><em>Υίὸν,</em></span> <span class='ocrx_word' id='word_1_343' title='bbox 1498 2699 1652 2768; x_wconf 73' lang='grc' dir='ltr'><em>ὑπὲρ</em></span> <span class='ocrx_word' id='word_1_344' title='bbox 1682 2696 1794 2768; x_wconf 88' lang='grc' dir='ltr'><strong><em>τῆς</em></strong></span> <span class='ocrx_word' id='word_1_345' title='bbox 1823 2698 1932 2753; x_wconf 81' lang='grc' dir='ltr'><em>ἁν-</em></span> 
     </span>
    </p>
   </div>
   <div class='ocr_carea' id='block_1_45' title="bbox 336 2789 1931 2862">
    <p class='ocr_par' dir='ltr' id='par_1_45' title="bbox 336 2789 1931 2862">
     <span class='ocr_line' id='line_1_45' title="bbox 336 2789 1931 2862; baseline -0.004 -14"><span class='ocrx_word' id='word_1_346' title='bbox 336 2792 713 2861; x_wconf 81' lang='grc' dir='ltr'><em>θρωπότητος</em></span> <span class='ocrx_word' id='word_1_347' title='bbox 743 2790 1204 2862; x_wconf 83' lang='grc' dir='ltr'><em>ἁμαρτησάσης,</em></span> <span class='ocrx_word' id='word_1_348' title='bbox 1247 2793 1348 2846; x_wconf 75' lang='grc' dir='ltr'><strong><em>καί</em></strong></span> <span class='ocrx_word' id='word_1_349' title='bbox 1399 2794 1487 2857; x_wconf 78' lang='grc' dir='ltr'><em>εις</em></span> <span class='ocrx_word' id='word_1_350' title='bbox 1515 2789 1664 2857; x_wconf 72' lang='grc' dir='ltr'><em>ᾅδου</em></span> <span class='ocrx_word' id='word_1_351' title='bbox 1694 2789 1793 2844; x_wconf 73' lang='grc' dir='ltr'><em>καὶ</em></span> <span class='ocrx_word' id='word_1_352' title='bbox 1815 2789 1931 2845; x_wconf 81' lang='grc' dir='ltr'><strong><em>ὰπ-</em></strong></span> 
     </span>
    </p>
   </div>
   <div class='ocr_carea' id='block_1_46' title="bbox 336 2879 1935 2952">
    <p class='ocr_par' dir='ltr' id='par_1_46' title="bbox 336 2879 1935 2952">
     <span class='ocr_line' id='line_1_46' title="bbox 336 2879 1935 2952; baseline -0.002 -16"><span class='ocrx_word' id='word_1_353' title='bbox 336 2882 557 2949; x_wconf 85' lang='grc' dir='ltr'><em>ωλείας</em></span> <span class='ocrx_word' id='word_1_354' title='bbox 594 2880 907 2952; x_wconf 82' lang='grc' dir='ltr'><em>,ϐάραθρον</em></span> <span class='ocrx_word' id='word_1_355' title='bbox 949 2882 1377 2949; x_wconf 82' lang='grc' dir='ltr'><em>ὀλισθησὰσης</em></span> <span class='ocrx_word' id='word_1_356' title='bbox 1423 2879 1935 2949; x_wconf 81' lang='grc' dir='ltr'><em>ἀνθρωπιζόμενον</em></span> 
     </span>
    </p>
   </div>
   <div class='ocr_carea' id='block_1_47' title="bbox 338 2969 1935 3040">
    <p class='ocr_par' dir='ltr' id='par_1_47' title="bbox 338 2969 1935 3040">
     <span class='ocr_line' id='line_1_47' title="bbox 338 2969 1935 3040; baseline -0.001 -17"><span class='ocrx_word' id='word_1_357' title='bbox 338 2969 630 3040; x_wconf 83' lang='grc' dir='ltr'><em>δωρεῖται,</em></span> <span class='ocrx_word' id='word_1_358' title='bbox 648 2971 746 3025; x_wconf 77' lang='grc' dir='ltr'><em>καὶ</em></span> <span class='ocrx_word' id='word_1_359' title='bbox 763 2970 888 3038; x_wconf 90' lang='grc' dir='ltr'><em>τοῖς</em></span> <span class='ocrx_word' id='word_1_360' title='bbox 908 2970 1242 3039; x_wconf 81' lang='grc' dir='ltr'><em>ἀνθρώποις</em></span> <span class='ocrx_word' id='word_1_361' title='bbox 1257 2971 1935 3039; x_wconf 66' lang='grc' dir='ltr'><em>συναναστρεφόμενοι-ί</em></span> 
     </span>
    </p>
   </div>
   <div class='ocr_carea' id='block_1_48' title="bbox 339 3062 1937 3132">
    <p class='ocr_par' dir='ltr' id='par_1_48' title="bbox 339 3062 1937 3132">
     <span class='ocr_line' id='line_1_48' title="bbox 339 3062 1937 3132; baseline -0.001 -17"><span class='ocrx_word' id='word_1_362' title='bbox 339 3063 443 3116; x_wconf 75' lang='grc' dir='ltr'><em>καὶ</em></span> <span class='ocrx_word' id='word_1_363' title='bbox 473 3063 627 3132; x_wconf 82' lang='grc' dir='ltr'><em>ὑπὲρ</em></span> <span class='ocrx_word' id='word_1_364' title='bbox 651 3062 852 3116; x_wconf 86' lang='grc' dir='ltr'><em>αὐτῶν</em></span> <span class='ocrx_word' id='word_1_365' title='bbox 881 3063 1360 3131; x_wconf 85' lang='grc' dir='ltr'><em>σταυρούμενον,</em></span> <span class='ocrx_word' id='word_1_366' title='bbox 1389 3064 1788 3130; x_wconf 84' lang='grc' dir='ltr'><em>θαπτόμενον,</em></span> <span class='ocrx_word' id='word_1_367' title='bbox 1818 3078 1937 3129; x_wconf 92' lang='grc' dir='ltr'><em>τρι-</em></span> 
     </span>
    </p>
   </div>
   <div class='ocr_carea' id='block_1_49' title="bbox 338 3150 1937 3223">
    <p class='ocr_par' dir='ltr' id='par_1_49' title="bbox 338 3150 1937 3223">
     <span class='ocr_line' id='line_1_49' title="bbox 338 3150 1937 3223; baseline -0.001 -18"><span class='ocrx_word' id='word_1_368' title='bbox 338 3153 565 3223; x_wconf 76' lang='grc' dir='ltr'><em>ήμερον</em></span> <span class='ocrx_word' id='word_1_369' title='bbox 606 3152 1031 3222; x_wconf 80' lang='grc' dir='ltr'><em>ἀνιστάμενον,</em></span> <span class='ocrx_word' id='word_1_370' title='bbox 1090 3151 1735 3220; x_wconf 71' lang='grc' dir='ltr'><em>τεσσαρακονθήμερον</em></span> <span class='ocrx_word' id='word_1_371' title='bbox 1790 3150 1937 3205; x_wconf 78' lang='grc' dir='ltr'><em>ἀνα·-</em></span> 
     </span>
    </p>
   </div>
   <div class='ocr_carea' id='block_1_50' title="bbox 336 3240 1933 3314">
    <p class='ocr_par' dir='ltr' id='par_1_50' title="bbox 336 3240 1933 3314">
     <span class='ocr_line' id='line_1_50' title="bbox 336 3240 1933 3314; baseline -0.003 -15"><span class='ocrx_word' id='word_1_372' title='bbox 336 3244 820 3314; x_wconf 78' lang='grc' dir='ltr'><em>λαμὸανόμενον,</em></span> <span class='ocrx_word' id='word_1_373' title='bbox 851 3244 949 3299; x_wconf 76' lang='grc' dir='ltr'><em>καὶ</em></span> <span class='ocrx_word' id='word_1_374' title='bbox 977 3241 1128 3313; x_wconf 85' lang='grc' dir='ltr'><em>πρὸς</em></span> <span class='ocrx_word' id='word_1_375' title='bbox 1149 3244 1258 3297; x_wconf 84' lang='grc' dir='ltr'><strong><em>τὸν</em></strong></span> <span class='ocrx_word' id='word_1_376' title='bbox 1289 3241 1525 3311; x_wconf 82' lang='grc' dir='ltr'><em>Πατέρα</em></span> <span class='ocrx_word' id='word_1_377' title='bbox 1545 3243 1694 3312; x_wconf 85' lang='grc' dir='ltr'><em>μετὰ</em></span> <span class='ocrx_word' id='word_1_378' title='bbox 1725 3240 1933 3309; x_wconf 79' lang='grc' dir='ltr'><em>δόξης,</em></span> 
     </span>
    </p>
   </div>
   <div class='ocr_carea' id='block_1_51' title="bbox 337 3337 1426 3408">
    <p class='ocr_par' dir='ltr' id='par_1_51' title="bbox 337 3337 1426 3408">
     <span class='ocr_line' id='line_1_51' title="bbox 337 3337 1426 3408; baseline -0.002 -15"><span class='ocrx_word' id='word_1_379' title='bbox 337 3338 511 3408; x_wconf 70' lang='grc' dir='ltr'><em>ἡμῶν</em></span> <span class='ocrx_word' id='word_1_380' title='bbox 550 3338 930 3405; x_wconf 74' lang='grc' dir='ltr'><em>βλεπόντων,</em></span> <span class='ocrx_word' id='word_1_381' title='bbox 953 3337 1426 3407; x_wconf 70' lang='grc' dir='ltr'><em>ἀναφερόμενον.</em></span> 
     </span>
    </p>
   </div>
   <div class='ocr_carea' id='block_1_52' title="bbox 2035 2146 3637 2223">
    <p class='ocr_par' dir='ltr' id='par_1_52' title="bbox 2035 2146 3637 2223">
     <span class='ocr_line' id='line_1_52' title="bbox 2035 2146 3637 2223; baseline 0.007 -24"><span class='ocrx_word' id='word_1_382' title='bbox 2035 2146 2115 2200; x_wconf 86' lang='lat' dir='ltr'><strong><em>lus</em></strong></span> <span class='ocrx_word' id='word_1_383' title='bbox 2147 2149 2286 2201; x_wconf 88' lang='lat' dir='ltr'><strong><em>enim</em></strong></span> <span class='ocrx_word' id='word_1_384' title='bbox 2320 2155 2519 2203; x_wconf 85' lang='lat' dir='ltr'><strong><em>natura</em></strong></span> <span class='ocrx_word' id='word_1_385' title='bbox 2547 2160 2785 2215; x_wconf 82' lang='lat' dir='ltr'><strong><em>sanctus,</em></strong></span> <span class='ocrx_word' id='word_1_386' title='bbox 2819 2150 2963 2205; x_wconf 83' lang='lat' dir='ltr'><strong><em>solus</em></strong></span> <span class='ocrx_word' id='word_1_387' title='bbox 2983 2150 3147 2207; x_wconf 84' lang='lat' dir='ltr'><strong><em>bonus</em></strong></span> <span class='ocrx_word' id='word_1_388' title='bbox 3171 2160 3222 2207; x_wconf 88' lang='lat' dir='ltr'><strong><em>et</em></strong></span> <span class='ocrx_word' id='word_1_389' title='bbox 3258 2153 3441 2223; x_wconf 83' lang='lat' dir='ltr'><strong><em>justus</em></strong></span> <span class='ocrx_word' id='word_1_390' title='bbox 3470 2163 3521 2209; x_wconf 89' lang='lat' dir='ltr'><strong><em>et</em></strong></span> <span class='ocrx_word' id='word_1_391' title='bbox 3544 2173 3637 2211; x_wconf 82' lang='lat' dir='ltr'><strong><em>sa-</em></strong></span> 
     </span>
    </p>
   </div>
   <div class='ocr_carea' id='block_1_53' title="bbox 2034 2239 3638 2317">
    <p class='ocr_par' dir='ltr' id='par_1_53' title="bbox 2034 2239 3638 2317">
     <span class='ocr_line' id='line_1_53' title="bbox 2034 2239 3638 2317; baseline 0.007 -27"><span class='ocrx_word' id='word_1_392' title='bbox 2034 2239 2203 2308; x_wconf 81' lang='lat' dir='ltr'><strong><em>piens,</em></strong></span> <span class='ocrx_word' id='word_1_393' title='bbox 2250 2250 2313 2291; x_wconf 73' lang='lat' dir='ltr'><strong><em>ex</em></strong></span> <span class='ocrx_word' id='word_1_394' title='bbox 2359 2254 2465 2310; x_wconf 88' lang='lat' dir='ltr'><strong><em>quo</em></strong></span> <span class='ocrx_word' id='word_1_395' title='bbox 2510 2239 2680 2293; x_wconf 87' lang='lat' dir='ltr'><strong><em>omnis</em></strong></span> <span class='ocrx_word' id='word_1_396' title='bbox 2706 2241 2971 2310; x_wconf 88' lang='lat' dir='ltr'><strong><em>sapientia</em></strong></span> <span class='ocrx_word' id='word_1_397' title='bbox 3000 2248 3050 2294; x_wconf 90' lang='lat' dir='ltr'><strong><em>et</em></strong></span> <span class='ocrx_word' id='word_1_398' title='bbox 3094 2241 3332 2313; x_wconf 70' lang='lat' dir='ltr'><strong><em>iustitia,</em></strong></span> <span class='ocrx_word' id='word_1_399' title='bbox 3362 2246 3638 2317; x_wconf 81' lang='lat' dir='ltr'><strong><em>omnisque</em></strong></span> 
     </span>
    </p>
   </div>
   <div class='ocr_carea' id='block_1_54' title="bbox 2033 2329 3633 2402">
    <p class='ocr_par' dir='ltr' id='par_1_54' title="bbox 2033 2329 3633 2402">
     <span class='ocr_line' id='line_1_54' title="bbox 2033 2329 3633 2402; baseline 0.007 -20"><span class='ocrx_word' id='word_1_400' title='bbox 2033 2330 2238 2384; x_wconf 80' lang='lat' dir='ltr'><strong><em>bonitas</em></strong></span> <span class='ocrx_word' id='word_1_401' title='bbox 2264 2338 2312 2383; x_wconf 89' lang='lat' dir='ltr'><strong><em>et</em></strong></span> <span class='ocrx_word' id='word_1_402' title='bbox 2337 2330 2597 2385; x_wconf 77' lang='lat' dir='ltr'><strong><em>sanctitas</em></strong></span> <span class='ocrx_word' id='word_1_403' title='bbox 2626 2338 2831 2386; x_wconf 88' lang='lat' dir='ltr'><strong><em>manat.</em></strong></span> <span class='ocrx_word' id='word_1_404' title='bbox 2863 2329 3020 2387; x_wconf 90' lang='lat' dir='ltr'><strong><em>Solus</em></strong></span> <span class='ocrx_word' id='word_1_405' title='bbox 3053 2332 3137 2387; x_wconf 89' lang='lat' dir='ltr'><strong><em>hic</em></strong></span> <span class='ocrx_word' id='word_1_406' title='bbox 3159 2341 3362 2402; x_wconf 83' lang='lat' dir='ltr'><strong><em>potens,</em></strong></span> <span class='ocrx_word' id='word_1_407' title='bbox 3401 2352 3465 2391; x_wconf 89' lang='lat' dir='ltr'><strong><em>ea</em></strong></span> <span class='ocrx_word' id='word_1_408' title='bbox 3485 2337 3633 2393; x_wconf 80' lang='lat' dir='ltr'><strong><em>scili-</em></strong></span> 
     </span>
    </p>
   </div>
   <div class='ocr_carea' id='block_1_55' title="bbox 2032 2421 3631 2498">
    <p class='ocr_par' dir='ltr' id='par_1_55' title="bbox 2032 2421 3631 2498">
     <span class='ocr_line' id='line_1_55' title="bbox 2032 2421 3631 2498; baseline 0.006 -23"><span class='ocrx_word' id='word_1_409' title='bbox 2032 2430 2110 2476; x_wconf 85' lang='lat' dir='ltr'><strong><em>cet</em></strong></span> <span class='ocrx_word' id='word_1_410' title='bbox 2143 2421 2347 2493; x_wconf 86' lang='lat' dir='ltr'><strong><em>pollens</em></strong></span> <span class='ocrx_word' id='word_1_411' title='bbox 2366 2430 2643 2494; x_wconf 86' lang='lat' dir='ltr'><strong><em>potestate,</em></strong></span> <span class='ocrx_word' id='word_1_412' title='bbox 2660 2438 2779 2495; x_wconf 76' lang='lat' dir='ltr'><strong><em>qua:</em></strong></span> <span class='ocrx_word' id='word_1_413' title='bbox 2796 2439 3003 2479; x_wconf 88' lang='lat' dir='ltr'><strong><em>omnem</em></strong></span> <span class='ocrx_word' id='word_1_414' title='bbox 3022 2424 3352 2481; x_wconf 79' lang='lat' dir='ltr'><strong><em>voluntatem</em></strong></span> <span class='ocrx_word' id='word_1_415' title='bbox 3372 2437 3631 2498; x_wconf 72' lang='lat' dir='ltr'><strong><em>ewquet.</em></strong></span> 
     </span>
    </p>
   </div>
   <div class='ocr_carea' id='block_1_56' title="bbox 2033 2513 3634 2587">
    <p class='ocr_par' dir='ltr' id='par_1_56' title="bbox 2033 2513 3634 2587">
     <span class='ocr_line' id='line_1_56' title="bbox 2033 2513 3634 2587; baseline 0.002 -15"><span class='ocrx_word' id='word_1_416' title='bbox 2033 2513 2190 2572; x_wconf 87' lang='lat' dir='ltr'><strong><em>Solus</em></strong></span> <span class='ocrx_word' id='word_1_417' title='bbox 2215 2517 2498 2570; x_wconf 87' lang='lat' dir='ltr'><strong><em>miserator</em></strong></span> <span class='ocrx_word' id='word_1_418' title='bbox 2522 2533 2587 2571; x_wconf 92' lang='lat' dir='ltr'><strong><em>ac</em></strong></span> <span class='ocrx_word' id='word_1_419' title='bbox 2616 2517 2935 2582; x_wconf 86' lang='lat' dir='ltr'><strong><em>misericors,</em></strong></span> <span class='ocrx_word' id='word_1_420' title='bbox 2980 2517 3093 2587; x_wconf 85' lang='lat' dir='ltr'><strong><em>ipse</em></strong></span> <span class='ocrx_word' id='word_1_421' title='bbox 3128 2519 3380 2573; x_wconf 85' lang='lat' dir='ltr'><strong><em>nimirum</em></strong></span> <span class='ocrx_word' id='word_1_422' title='bbox 3415 2535 3634 2576; x_wconf 89' lang='lat' dir='ltr'><strong><em>munere</em></strong></span> 
     </span>
    </p>
   </div>
   <div class='ocr_carea' id='block_1_57' title="bbox 2034 2608 3634 2680">
    <p class='ocr_par' dir='ltr' id='par_1_57' title="bbox 2034 2608 3634 2680">
     <span class='ocr_line' id='line_1_57' title="bbox 2034 2608 3634 2680; baseline 0.003 -18"><span class='ocrx_word' id='word_1_423' title='bbox 2034 2617 2239 2675; x_wconf 67' lang='lat' dir='ltr'><strong><em>auctor,</em></strong></span> <span class='ocrx_word' id='word_1_424' title='bbox 2288 2616 2347 2662; x_wconf 79' lang='lat' dir='ltr'><strong><em>ut</em></strong></span> <span class='ocrx_word' id='word_1_425' title='bbox 2392 2609 2693 2679; x_wconf 88' lang='lat' dir='ltr'><strong><em>unigenitus</em></strong></span> <span class='ocrx_word' id='word_1_426' title='bbox 2739 2608 2975 2680; x_wconf 82' lang='lat' dir='ltr'><strong><em>ejusdem</em></strong></span> <span class='ocrx_word' id='word_1_427' title='bbox 3003 2622 3180 2662; x_wconf 81' lang='lat' dir='ltr'><strong><em>secum</em></strong></span> <span class='ocrx_word' id='word_1_428' title='bbox 3209 2608 3442 2676; x_wconf 65' lang='lat' dir='ltr'><strong><em>natura,</em></strong></span> <span class='ocrx_word' id='word_1_429' title='bbox 3485 2617 3634 2679; x_wconf 81' lang='lat' dir='ltr'><strong><em>paris</em></strong></span> 
     </span>
    </p>
   </div>
   <div class='ocr_carea' id='block_1_58' title="bbox 2033 2698 3634 2773">
    <p class='ocr_par' dir='ltr' id='par_1_58' title="bbox 2033 2698 3634 2773">
     <span class='ocr_line' id='line_1_58' title="bbox 2033 2698 3634 2773; baseline 0.002 -20"><span class='ocrx_word' id='word_1_430' title='bbox 2033 2700 2243 2755; x_wconf 73' lang='lat' dir='ltr'><strong><em>deitatis</em></strong></span> <span class='ocrx_word' id='word_1_431' title='bbox 2264 2716 2327 2756; x_wconf 87' lang='lat' dir='ltr'><strong><em>ac</em></strong></span> <span class='ocrx_word' id='word_1_432' title='bbox 2356 2700 2606 2755; x_wconf 88' lang='lat' dir='ltr'><strong><em>bonitatis</em></strong></span> <span class='ocrx_word' id='word_1_433' title='bbox 2637 2698 2805 2755; x_wconf 87' lang='lat' dir='ltr'><strong><em>Filius</em></strong></span> <span class='ocrx_word' id='word_1_434' title='bbox 2836 2715 2935 2771; x_wconf 90' lang='lat' dir='ltr'><strong><em>pro</em></strong></span> <span class='ocrx_word' id='word_1_435' title='bbox 2951 2702 3188 2755; x_wconf 89' lang='lat' dir='ltr'><strong><em>humana</em></strong></span> <span class='ocrx_word' id='word_1_436' title='bbox 3210 2709 3405 2756; x_wconf 88' lang='lat' dir='ltr'><strong><em>natura</em></strong></span> <span class='ocrx_word' id='word_1_437' title='bbox 3430 2705 3634 2773; x_wconf 85' lang='lat' dir='ltr'><strong><em>peccati</em></strong></span> 
     </span>
    </p>
   </div>
   <div class='ocr_carea' id='block_1_59' title="bbox 2034 2791 3634 2866">
    <p class='ocr_par' dir='ltr' id='par_1_59' title="bbox 2034 2791 3634 2866">
     <span class='ocr_line' id='line_1_59' title="bbox 2034 2791 3634 2866; baseline 0.002 -20"><span class='ocrx_word' id='word_1_438' title='bbox 2034 2808 2150 2855; x_wconf 84' lang='lat' dir='ltr'><strong><em>rea,</em></strong></span> <span class='ocrx_word' id='word_1_439' title='bbox 2190 2802 2350 2864; x_wconf 89' lang='lat' dir='ltr'><strong><em>atque</em></strong></span> <span class='ocrx_word' id='word_1_440' title='bbox 2382 2795 2440 2847; x_wconf 91' lang='lat' dir='ltr'><strong><em>in</em></strong></span> <span class='ocrx_word' id='word_1_441' title='bbox 2481 2794 2679 2864; x_wconf 69' lang='lat' dir='ltr'><strong><em>interni</em></strong></span> <span class='ocrx_word' id='word_1_442' title='bbox 2704 2793 3129 2864; x_wconf 87' lang='lat' dir='ltr'><strong><em>interitionisque</em></strong></span> <span class='ocrx_word' id='word_1_443' title='bbox 3163 2791 3478 2849; x_wconf 82' lang='lat' dir='ltr'><strong><em>barathrum</em></strong></span> <span class='ocrx_word' id='word_1_444' title='bbox 3506 2811 3634 2866; x_wconf 91' lang='lat' dir='ltr'><strong><em>pro-</em></strong></span> 
     </span>
    </p>
   </div>
   <div class='ocr_carea' id='block_1_60' title="bbox 2037 2876 3632 2954">
    <p class='ocr_par' dir='ltr' id='par_1_60' title="bbox 2037 2876 3632 2954">
     <span class='ocr_line' id='line_1_60' title="bbox 2037 2876 3632 2954; baseline 0.002 -17"><span class='ocrx_word' id='word_1_445' title='bbox 2037 2876 2209 2954; x_wconf 80' lang='lat' dir='ltr'><strong><em>lapsa,</em></strong></span> <span class='ocrx_word' id='word_1_446' title='bbox 2252 2885 2406 2939; x_wconf 87' lang='lat' dir='ltr'><strong><em>homo</em></strong></span> <span class='ocrx_word' id='word_1_447' title='bbox 2450 2883 2621 2952; x_wconf 79' lang='lat' dir='ltr'><strong><em>ﬁeret,</em></strong></span> <span class='ocrx_word' id='word_1_448' title='bbox 2662 2901 2725 2937; x_wconf 89' lang='lat' dir='ltr'><strong><em>ac</em></strong></span> <span class='ocrx_word' id='word_1_449' title='bbox 2750 2899 2871 2938; x_wconf 88' lang='lat' dir='ltr'><strong><em>cum</em></strong></span> <span class='ocrx_word' id='word_1_450' title='bbox 2915 2885 3211 2938; x_wconf 83' lang='lat' dir='ltr'><strong><em>hominibus</em></strong></span> <span class='ocrx_word' id='word_1_451' title='bbox 3239 2886 3437 2940; x_wconf 86' lang='lat' dir='ltr'><strong><em>sociam</em></strong></span> <span class='ocrx_word' id='word_1_452' title='bbox 3465 2886 3632 2940; x_wconf 77' lang='lat' dir='ltr'><strong><em>vitam</em></strong></span> 
     </span>
    </p>
   </div>
   <div class='ocr_carea' id='block_1_61' title="bbox 2036 2976 3634 3048">
    <p class='ocr_par' dir='ltr' id='par_1_61' title="bbox 2036 2976 3634 3048">
     <span class='ocr_line' id='line_1_61' title="bbox 2036 2976 3634 3048; baseline 0.001 -19"><span class='ocrx_word' id='word_1_453' title='bbox 2036 2986 2252 3047; x_wconf 87' lang='lat' dir='ltr'><strong><em>ageret;</em></strong></span> <span class='ocrx_word' id='word_1_454' title='bbox 2306 2984 2364 3028; x_wconf 90' lang='lat' dir='ltr'><strong><em>ut</em></strong></span> <span class='ocrx_word' id='word_1_455' title='bbox 2415 2977 2542 3030; x_wconf 89' lang='lat' dir='ltr'><strong><em>item</em></strong></span> <span class='ocrx_word' id='word_1_456' title='bbox 2583 2976 2856 3029; x_wconf 84' lang='lat' dir='ltr'><strong><em>hominum</em></strong></span> <span class='ocrx_word' id='word_1_457' title='bbox 2909 2993 3072 3030; x_wconf 88' lang='lat' dir='ltr'><strong><em>causa</em></strong></span> <span class='ocrx_word' id='word_1_458' title='bbox 3116 2978 3262 3030; x_wconf 82' lang='lat' dir='ltr'><strong><em>cruci</em></strong></span> <span class='ocrx_word' id='word_1_459' title='bbox 3311 2977 3634 3048; x_wconf 55' lang='lat' dir='ltr'><strong><em>adigeretur,</em></strong></span> 
     </span>
    </p>
   </div>
   <div class='ocr_carea' id='block_1_62' title="bbox 2034 3067 3634 3141">
    <p class='ocr_par' dir='ltr' id='par_1_62' title="bbox 2034 3067 3634 3141">
     <span class='ocr_line' id='line_1_62' title="bbox 2034 3067 3634 3141; baseline 0.003 -21"><span class='ocrx_word' id='word_1_460' title='bbox 2034 3067 2368 3139; x_wconf 86' lang='lat' dir='ltr'><strong><em>sepeliretur,</em></strong></span> <span class='ocrx_word' id='word_1_461' title='bbox 2386 3067 2668 3122; x_wconf 85' lang='lat' dir='ltr'><strong><em>triduanus</em></strong></span> <span class='ocrx_word' id='word_1_462' title='bbox 2699 3075 3017 3138; x_wconf 82' lang='lat' dir='ltr'><strong><em>resurgeret,</em></strong></span> <span class='ocrx_word' id='word_1_463' title='bbox 3059 3067 3465 3140; x_wconf 84' lang='lat' dir='ltr'><strong><em>quadragesimo</em></strong></span> <span class='ocrx_word' id='word_1_464' title='bbox 3517 3077 3634 3141; x_wconf 82' lang='lat' dir='ltr'><strong><em>post</em></strong></span> 
     </span>
    </p>
   </div>
   <div class='ocr_carea' id='block_1_63' title="bbox 2035 3159 3636 3233">
    <p class='ocr_par' dir='ltr' id='par_1_63' title="bbox 2035 3159 3636 3233">
     <span class='ocr_line' id='line_1_63' title="bbox 2035 3159 3636 3233; baseline 0.001 -19"><span class='ocrx_word' id='word_1_465' title='bbox 2035 3161 2119 3214; x_wconf 88' lang='lat' dir='ltr'><strong><em>die</em></strong></span> <span class='ocrx_word' id='word_1_466' title='bbox 2141 3161 2198 3214; x_wconf 90' lang='lat' dir='ltr'><strong><em>in</em></strong></span> <span class='ocrx_word' id='word_1_467' title='bbox 2229 3159 2416 3213; x_wconf 68' lang='lat' dir='ltr'><strong><em>cretum</em></strong></span> <span class='ocrx_word' id='word_1_468' title='bbox 2442 3160 2784 3230; x_wconf 86' lang='lat' dir='ltr'><strong><em>reciperetur,</em></strong></span> <span class='ocrx_word' id='word_1_469' title='bbox 2803 3168 2963 3229; x_wconf 89' lang='lat' dir='ltr'><strong><em>atque</em></strong></span> <span class='ocrx_word' id='word_1_470' title='bbox 2983 3160 3053 3213; x_wconf 87' lang='lat' dir='ltr'><strong><em>ad</em></strong></span> <span class='ocrx_word' id='word_1_471' title='bbox 3080 3159 3298 3215; x_wconf 84' lang='lat' dir='ltr'><strong><em>Patrem</em></strong></span> <span class='ocrx_word' id='word_1_472' title='bbox 3324 3174 3439 3215; x_wconf 83' lang='lat' dir='ltr'><strong><em>cum</em></strong></span> <span class='ocrx_word' id='word_1_473' title='bbox 3467 3162 3636 3233; x_wconf 84' lang='lat' dir='ltr'><strong><em>maje-</em></strong></span> 
     </span>
    </p>
   </div>
   <div class='ocr_carea' id='block_1_64' title="bbox 2034 3249 3330 3317">
    <p class='ocr_par' dir='ltr' id='par_1_64' title="bbox 2034 3249 3330 3317">
     <span class='ocr_line' id='line_1_64' title="bbox 2034 3249 3330 3317; baseline 0 -12"><span class='ocrx_word' id='word_1_474' title='bbox 2034 3262 2190 3317; x_wconf 84' lang='lat' dir='ltr'><strong><em>state,</em></strong></span> <span class='ocrx_word' id='word_1_475' title='bbox 2213 3251 2543 3305; x_wconf 86' lang='lat' dir='ltr'><strong><em>cernentibus</em></strong></span> <span class='ocrx_word' id='word_1_476' title='bbox 2567 3249 2734 3316; x_wconf 85' lang='lat' dir='ltr'><strong><em>nobis,</em></strong></span> <span class='ocrx_word' id='word_1_477' title='bbox 2761 3264 2973 3304; x_wconf 86' lang='lat' dir='ltr'><strong><em>sursum</em></strong></span> <span class='ocrx_word' id='word_1_478' title='bbox 3001 3251 3330 3305; x_wconf 84' lang='lat' dir='ltr'><strong><em>ascenderet.</em></strong></span> 
     </span>
    </p>
   </div>
   <div class='ocr_carea' id='block_1_65' title="bbox 415 3406 1932 3499">
    <p class='ocr_par' dir='ltr' id='par_1_65' title="bbox 415 3406 1929 3495">
     <span class='ocr_line' id='line_1_65' title="bbox 415 3406 1929 3495; baseline -0.001 -17"><span class='ocrx_word' id='word_1_479' title='bbox 415 3427 515 3493; x_wconf 80' lang='grc' dir='ltr'><strong><em>Ὃς</em></strong></span> <span class='ocrx_word' id='word_1_480' title='bbox 536 3425 655 3495; x_wconf 80' lang='grc' dir='ltr'><em>τὴν</em></span> <span class='ocrx_word' id='word_1_481' title='bbox 678 3426 829 3492; x_wconf 81' lang='grc' dir='ltr'><em>ὑπὲρ</em></span> <span class='ocrx_word' id='word_1_482' title='bbox 847 3424 1019 3495; x_wconf 69' lang='grc' dir='ltr'><strong><em>⁴ἡμῶν</em></strong></span> <span class='ocrx_word' id='word_1_483' title='bbox 1057 3406 1404 3495; x_wconf 78' lang='grc' dir='ltr'><em>οὶκονομίαν</em></span> <span class='ocrx_word' id='word_1_484' title='bbox 1433 3425 1810 3493; x_wconf 85' lang='grc' dir='ltr'><em>ὺπερουσίως</em></span> <span class='ocrx_word' id='word_1_485' title='bbox 1839 3438 1929 3477; x_wconf 89' lang='grc' dir='ltr'><em>τε-</em></span> 
     </span>
    </p>
   </div>
   <div class='ocr_carea' id='block_1_66' title="bbox 2037 3406 3697 3499">
    <p class='ocr_par' dir='ltr' id='par_1_66' title="bbox 2103 3412 3697 3499">
     <span class='ocr_line' id='line_1_66' title="bbox 2103 3412 3697 3499; baseline 0.004 -18"><span class='ocrx_word' id='word_1_486' title='bbox 2103 3425 2178 3491; x_wconf 85' lang='lat' dir='ltr'><strong><em>Is,</em></strong></span> <span class='ocrx_word' id='word_1_487' title='bbox 2207 3425 2397 3481; x_wconf 86' lang='lat' dir='ltr'><strong><em>salutis</em></strong></span> <span class='ocrx_word' id='word_1_488' title='bbox 2429 3433 2625 3480; x_wconf 74' lang='lat' dir='ltr'><strong><em>nostra:</em></strong></span> <span class='ocrx_word' id='word_1_489' title='bbox 2649 3426 2877 3496; x_wconf 90' lang='lat' dir='ltr'><strong><em>negotio,</em></strong></span> <span class='ocrx_word' id='word_1_490' title='bbox 2917 3425 3100 3481; x_wconf 88' lang='lat' dir='ltr'><strong><em>altiori</em></strong></span> <span class='ocrx_word' id='word_1_491' title='bbox 3126 3442 3291 3499; x_wconf 81' lang='lat' dir='ltr'><strong><em>quam</em></strong></span> <span class='ocrx_word' id='word_1_492' title='bbox 3320 3443 3499 3486; x_wconf 85' lang='lat' dir='ltr'><strong><em>rerum</em></strong></span> <span class='ocrx_word' id='word_1_493' title='bbox 3526 3447 3631 3487; x_wconf 86' lang='lat' dir='ltr'><strong><em>na-</em></strong></span> <span class='ocrx_word' id='word_1_494' title='bbox 3692 3412 3697 3415; x_wconf 18' lang='lat' dir='ltr'><strong>l</strong></span> 
     </span>
    </p>
   </div>
   <div class='ocr_carea' id='block_1_67' title="bbox 334 3514 1931 3585">
    <p class='ocr_par' dir='ltr' id='par_1_67' title="bbox 334 3514 1931 3585">
     <span class='ocr_line' id='line_1_67' title="bbox 334 3514 1931 3585; baseline -0.003 -13"><span class='ocrx_word' id='word_1_495' title='bbox 334 3514 619 3584; x_wconf 78' lang='grc' dir='ltr'><em>τελεκῶς,</em></span> <span class='ocrx_word' id='word_1_496' title='bbox 654 3519 756 3572; x_wconf 78' lang='grc' dir='ltr'><em>καὶ</em></span> <span class='ocrx_word' id='word_1_497' title='bbox 798 3517 869 3572; x_wconf 82' lang='grc' dir='ltr'><em>ἐν</em></span> <span class='ocrx_word' id='word_1_498' title='bbox 913 3515 1086 3585; x_wconf 78' lang='grc' dir='ltr'><em>δεξιᾷ</em></span> <span class='ocrx_word' id='word_1_499' title='bbox 1134 3516 1242 3571; x_wconf 87' lang='grc' dir='ltr'><em>τοῦ</em></span> <span class='ocrx_word' id='word_1_500' title='bbox 1294 3518 1513 3585; x_wconf 87' lang='grc' dir='ltr'><em>θρόνου</em></span> <span class='ocrx_word' id='word_1_501' title='bbox 1562 3515 1783 3570; x_wconf 81' lang='grc' dir='ltr'><em>λοιπὸν</em></span> <span class='ocrx_word' id='word_1_502' title='bbox 1820 3515 1931 3584; x_wconf 88' lang='grc' dir='ltr'><strong><em>τῆς</em></strong></span> 
     </span>
    </p>
   </div>
   <div class='ocr_carea' id='block_1_68' title="bbox 327 3606 1928 3683">
    <p class='ocr_par' dir='ltr' id='par_1_68' title="bbox 327 3606 1928 3683">
     <span class='ocr_line' id='line_1_68' title="bbox 327 3606 1928 3683; baseline -0.003 -18"><span class='ocrx_word' id='word_1_503' title='bbox 327 3612 775 3683; x_wconf 71' lang='grc' dir='ltr'><em>μεγαλωσύνης</em></span> <span class='ocrx_word' id='word_1_504' title='bbox 819 3611 889 3665; x_wconf 81' lang='grc' dir='ltr'><em>ἐν</em></span> <span class='ocrx_word' id='word_1_505' title='bbox 934 3609 1061 3677; x_wconf 81' lang='grc' dir='ltr'><em>τοῖς</em></span> <span class='ocrx_word' id='word_1_506' title='bbox 1098 3609 1366 3679; x_wconf 75' lang='grc' dir='ltr'><em>ὑψηλοῖς</em></span> <span class='ocrx_word' id='word_1_507' title='bbox 1416 3606 1765 3674; x_wconf 82' lang='grc' dir='ltr'><em>κεκαθικὼς,</em></span> <span class='ocrx_word' id='word_1_508' title='bbox 1811 3606 1928 3662; x_wconf 85' lang='grc' dir='ltr'><strong><em>ἀπ-</em></strong></span> 
     </span>
    </p>
   </div>
   <div class='ocr_carea' id='block_1_69' title="bbox 332 3698 1933 3773">
    <p class='ocr_par' dir='ltr' id='par_1_69' title="bbox 332 3698 1933 3773">
     <span class='ocr_line' id='line_1_69' title="bbox 332 3698 1933 3773; baseline -0.003 -16"><span class='ocrx_word' id='word_1_509' title='bbox 332 3703 617 3757; x_wconf 72' lang='grc' dir='ltr'><em>έστειλεν</em></span> <span class='ocrx_word' id='word_1_510' title='bbox 692 3700 856 3773; x_wconf 71' lang='grc' dir='ltr'><em>ἡμᾶς</em></span> <span class='ocrx_word' id='word_1_511' title='bbox 902 3700 1473 3772; x_wconf 76' lang='grc' dir='ltr'><em>εὐαγγελιζομένους</em></span> <span class='ocrx_word' id='word_1_512' title='bbox 1494 3698 1637 3770; x_wconf 84' lang='grc' dir='ltr'><em>ὑμῖν</em></span> <span class='ocrx_word' id='word_1_513' title='bbox 1683 3698 1933 3768; x_wconf 70' lang='grc' dir='ltr'><em>εἰρήνην</em></span> 
     </span>
    </p>
   </div>
   <div class='ocr_carea' id='block_1_70' title="bbox 335 3792 1930 3864">
    <p class='ocr_par' dir='ltr' id='par_1_70' title="bbox 335 3792 1930 3864">
     <span class='ocr_line' id='line_1_70' title="bbox 335 3792 1930 3864; baseline -0.003 -15"><span class='ocrx_word' id='word_1_514' title='bbox 335 3795 440 3849; x_wconf 77' lang='grc' dir='ltr'><strong><em>καί</em></strong></span> <span class='ocrx_word' id='word_1_515' title='bbox 462 3793 586 3849; x_wconf 84' lang='grc' dir='ltr'><strong><em>πᾶν</em></strong></span> <span class='ocrx_word' id='word_1_516' title='bbox 614 3795 841 3864; x_wconf 77' lang='grc' dir='ltr'><em>ἀγαθόν</em></span> <span class='ocrx_word' id='word_1_517' title='bbox 862 3809 878 3826; x_wconf 87' lang='grc'><strong>·</strong></span> <span class='ocrx_word' id='word_1_518' title='bbox 899 3793 1002 3849; x_wconf 76' lang='grc' dir='ltr'><em>ἵνα</em></span> <span class='ocrx_word' id='word_1_519' title='bbox 1024 3794 1218 3861; x_wconf 79' lang='grc' dir='ltr'><em>τούτῳ</em></span> <span class='ocrx_word' id='word_1_520' title='bbox 1243 3793 1685 3859; x_wconf 80' lang='grc' dir='ltr'><em>πιστεύσαντες</em></span> <span class='ocrx_word' id='word_1_521' title='bbox 1710 3792 1930 3856; x_wconf 78' lang='grc' dir='ltr'><em>βαπτι-</em></span> 
     </span>
    </p>
   </div>
   <div class='ocr_carea' id='block_1_71' title="bbox 334 3880 1929 3958">
    <p class='ocr_par' dir='ltr' id='par_1_71' title="bbox 334 3880 1929 3958">
     <span class='ocr_line' id='line_1_71' title="bbox 334 3880 1929 3958; baseline -0.004 -15"><span class='ocrx_word' id='word_1_522' title='bbox 334 3884 548 3956; x_wconf 83' lang='grc' dir='ltr'><em>σθῆτε,</em></span> <span class='ocrx_word' id='word_1_523' title='bbox 569 3889 671 3941; x_wconf 79' lang='grc' dir='ltr'><em>καὶ</em></span> <span class='ocrx_word' id='word_1_524' title='bbox 693 3880 1048 3958; x_wconf 78' lang='grc' dir='ltr'><em>πληρωθῆτε</em></span> <span class='ocrx_word' id='word_1_525' title='bbox 1061 3888 1150 3952; x_wconf 85' lang='grc' dir='ltr'><strong><em>είς</em></strong></span> <span class='ocrx_word' id='word_1_526' title='bbox 1169 3882 1294 3940; x_wconf 85' lang='grc' dir='ltr'><strong><em>πᾶν</em></strong></span> <span class='ocrx_word' id='word_1_527' title='bbox 1311 3883 1603 3954; x_wconf 73' lang='grc' dir='ltr'><em>πλήρωμα</em></span> <span class='ocrx_word' id='word_1_528' title='bbox 1628 3881 1734 3938; x_wconf 87' lang='grc' dir='ltr'><em>τοῦ</em></span> <span class='ocrx_word' id='word_1_529' title='bbox 1760 3882 1929 3938; x_wconf 86' lang='grc' dir='ltr'><em>Θεοῦ·</em></span> 
     </span>
    </p>
   </div>
   <div class='ocr_carea' id='block_1_72' title="bbox 338 3974 1936 4047">
    <p class='ocr_par' dir='ltr' id='par_1_72' title="bbox 338 3974 1936 4047">
     <span class='ocr_line' id='line_1_72' title="bbox 338 3974 1936 4047; baseline -0.002 -15"><span class='ocrx_word' id='word_1_530' title='bbox 338 3977 442 4033; x_wconf 80' lang='grc' dir='ltr'><em>ἵνα</em></span> <span class='ocrx_word' id='word_1_531' title='bbox 468 3977 960 4047; x_wconf 74' lang='grc' dir='ltr'><em>ἀπολουσόμενοι</em></span> <span class='ocrx_word' id='word_1_532' title='bbox 1002 3977 1103 4033; x_wconf 79' lang='grc' dir='ltr'><em>καὶ</em></span> <span class='ocrx_word' id='word_1_533' title='bbox 1131 3974 1656 4047; x_wconf 79' lang='grc' dir='ltr'><em>ἀποκαθηρὰμενοι</em></span> <span class='ocrx_word' id='word_1_534' title='bbox 1681 3974 1792 4030; x_wconf 87' lang='grc' dir='ltr'><em>τὸν</em></span> <span class='ocrx_word' id='word_1_535' title='bbox 1839 3974 1936 4029; x_wconf 78' lang='grc' dir='ltr'><strong><em>ἐν·</em></strong></span> 
     </span>
    </p>
   </div>
   <div class='ocr_carea' id='block_1_73' title="bbox 340 4065 1931 4139">
    <p class='ocr_par' dir='ltr' id='par_1_73' title="bbox 340 4065 1931 4139">
     <span class='ocr_line' id='line_1_73' title="bbox 340 4065 1931 4139; baseline -0.002 -16"><span class='ocrx_word' id='word_1_536' title='bbox 340 4071 441 4135; x_wconf 84' lang='grc' dir='ltr'><em>τὸς</em></span> <span class='ocrx_word' id='word_1_537' title='bbox 456 4069 775 4139; x_wconf 75' lang='grc' dir='ltr'><em>ἄνθρωπον</em></span> <span class='ocrx_word' id='word_1_538' title='bbox 794 4069 911 4124; x_wconf 80' lang='grc' dir='ltr'><strong><em>ἀπὸ</em></strong></span> <span class='ocrx_word' id='word_1_539' title='bbox 941 4065 1149 4138; x_wconf 83' lang='grc' dir='ltr'><em>πάσης</em></span> <span class='ocrx_word' id='word_1_540' title='bbox 1172 4067 1455 4133; x_wconf 79' lang='grc' dir='ltr'><em>ἀσεϐείας</em></span> <span class='ocrx_word' id='word_1_541' title='bbox 1483 4067 1584 4120; x_wconf 77' lang='grc' dir='ltr'><em>καὶ</em></span> <span class='ocrx_word' id='word_1_542' title='bbox 1614 4067 1931 4134; x_wconf 84' lang='grc' dir='ltr'><em>πονηρίας.</em></span> 
     </span>
    </p>
   </div>
   <div class='ocr_carea' id='block_1_74' title="bbox 343 4157 1935 4230">
    <p class='ocr_par' dir='ltr' id='par_1_74' title="bbox 343 4157 1935 4230">
     <span class='ocr_line' id='line_1_74' title="bbox 343 4157 1935 4230; baseline -0.004 -17"><span class='ocrx_word' id='word_1_543' title='bbox 343 4159 700 4229; x_wconf 82' lang='grc' dir='ltr'><em>πληρωθῆτε</em></span> <span class='ocrx_word' id='word_1_544' title='bbox 750 4157 869 4230; x_wconf 82' lang='grc' dir='ltr'><em>μὲν</em></span> <span class='ocrx_word' id='word_1_545' title='bbox 926 4158 1277 4226; x_wconf 76' lang='grc' dir='ltr'><em>Πνεύματος</em></span> <span class='ocrx_word' id='word_1_546' title='bbox 1327 4158 1526 4227; x_wconf 79' lang='grc' dir='ltr'><em>ἁγίου,</em></span> <span class='ocrx_word' id='word_1_547' title='bbox 1568 4157 1935 4224; x_wconf 79' lang='grc' dir='ltr'><em>κληρονόμοι</em></span> 
     </span>
    </p>
   </div>
   <div class='ocr_carea' id='block_1_75' title="bbox 340 4244 1935 4322">
    <p class='ocr_par' dir='ltr' id='par_1_75' title="bbox 340 4244 1935 4322">
     <span class='ocr_line' id='line_1_75' title="bbox 340 4244 1935 4322; baseline -0.005 -16"><span class='ocrx_word' id='word_1_548' title='bbox 340 4250 413 4306; x_wconf 75' lang='grc' dir='ltr'><em>δὲ</em></span> <span class='ocrx_word' id='word_1_549' title='bbox 444 4252 703 4322; x_wconf 75' lang='grc' dir='ltr'><em>γένησθε</em></span> <span class='ocrx_word' id='word_1_550' title='bbox 735 4251 862 4307; x_wconf 79' lang='grc' dir='ltr'><em>κατ’</em></span> <span class='ocrx_word' id='word_1_551' title='bbox 910 4250 1281 4321; x_wconf 72' lang='grc' dir='ltr'><em>ἐπαγγελίαν</em></span> <span class='ocrx_word' id='word_1_552' title='bbox 1341 4245 1492 4317; x_wconf 77' lang='grc' dir='ltr'><em>ζωῆς</em></span> <span class='ocrx_word' id='word_1_553' title='bbox 1533 4245 1780 4300; x_wconf 74' lang='grc' dir='ltr'><em>αἰωνίου</em></span> <span class='ocrx_word' id='word_1_554' title='bbox 1802 4284 1818 4311; x_wconf 92' lang='grc'><strong><em>,</em></strong></span> <span class='ocrx_word' id='word_1_555' title='bbox 1863 4244 1935 4298; x_wconf 81' lang='grc' dir='ltr'><em>ἐν</em></span> 
     </span>
    </p>
   </div>
   <div class='ocr_carea' id='block_1_76' title="bbox 340 4340 1084 4412">
    <p class='ocr_par' dir='ltr' id='par_1_76' title="bbox 340 4340 1084 4412">
     <span class='ocr_line' id='line_1_76' title="bbox 340 4340 1084 4412; baseline 0 -14"><span class='ocrx_word' id='word_1_556' title='bbox 340 4343 574 4411; x_wconf 72' lang='grc' dir='ltr'><em>Χριστῷ</em></span> <span class='ocrx_word' id='word_1_557' title='bbox 610 4342 834 4412; x_wconf 84' lang='grc' dir='ltr'><em>Ἰησοῦ.</em></span> <span class='ocrx_word' id='word_1_558' title='bbox 884 4340 1084 4412; x_wconf 75' lang='grc' dir='ltr'><em>Ἀμήν.</em></span> 
     </span>
    </p>
   </div>
   <div class='ocr_carea' id='block_1_77' title="bbox 415 4427 1937 4504">
    <p class='ocr_par' dir='ltr' id='par_1_77' title="bbox 415 4427 1937 4504">
     <span class='ocr_line' id='line_1_77' title="bbox 415 4427 1937 4504; baseline -0.005 -18"><span class='ocrx_word' id='word_1_559' title='bbox 415 4434 708 4498; x_wconf 82' lang='grc' dir='ltr'><em>Τοιαύταις</em></span> <span class='ocrx_word' id='word_1_560' title='bbox 726 4436 814 4488; x_wconf 80' lang='grc' dir='ltr'><strong><em>ἀεὶ</em></strong></span> <span class='ocrx_word' id='word_1_561' title='bbox 831 4431 1074 4504; x_wconf 77' lang='grc' dir='ltr'><em>διδαχαῖς</em></span> <span class='ocrx_word' id='word_1_562' title='bbox 1093 4433 1122 4486; x_wconf 86' lang='grc' dir='ltr'>ὁ</span> <span class='ocrx_word' id='word_1_563' title='bbox 1143 4430 1376 4502; x_wconf 80' lang='grc' dir='ltr'><em>ἀξιομνη</em></span> <span class='ocrx_word' id='word_1_564' title='bbox 1385 4427 1774 4499; x_wconf 87' lang='grc' dir='ltr'><em>μονευτότατος</em></span> <span class='ocrx_word' id='word_1_565' title='bbox 1802 4427 1937 4480; x_wconf 80' lang='grc' dir='ltr'><em>Ἰού-</em></span> 
     </span>
    </p>
   </div>
   <div class='ocr_carea' id='block_1_78' title="bbox 341 4514 1935 4596">
    <p class='ocr_par' dir='ltr' id='par_1_78' title="bbox 341 4514 1935 4596">
     <span class='ocr_line' id='line_1_78' title="bbox 341 4514 1935 4596; baseline -0.007 -16"><span class='ocrx_word' id='word_1_566' title='bbox 341 4523 441 4589; x_wconf 85' lang='grc' dir='ltr'><strong><em>δας</em></strong></span> <span class='ocrx_word' id='word_1_567' title='bbox 479 4526 659 4580; x_wconf 75' lang='grc' dir='ltr'><em>πᾶσαν</em></span> <span class='ocrx_word' id='word_1_568' title='bbox 699 4525 920 4596; x_wconf 82' lang='grc' dir='ltr'><em>Συρίαν,</em></span> <span class='ocrx_word' id='word_1_569' title='bbox 971 4525 1069 4579; x_wconf 75' lang='grc' dir='ltr'><em>καὶ</em></span> <span class='ocrx_word' id='word_1_570' title='bbox 1107 4524 1209 4587; x_wconf 76' lang='grc' dir='ltr'><em>τὰς</em></span> <span class='ocrx_word' id='word_1_571' title='bbox 1256 4521 1356 4594; x_wconf 83' lang='grc' dir='ltr'><strong><em>τῆς</em></strong></span> <span class='ocrx_word' id='word_1_572' title='bbox 1398 4514 1574 4592; x_wconf 76' lang='grc' dir='ltr'><strong><em>Ἐᾠσίς</em></strong></span> <span class='ocrx_word' id='word_1_573' title='bbox 1620 4519 1806 4582; x_wconf 83' lang='grc' dir='ltr'><em>πόλεις</em></span> <span class='ocrx_word' id='word_1_574' title='bbox 1838 4517 1935 4571; x_wconf 68' lang='grc' dir='ltr'><em>καὶ</em></span> 
     </span>
    </p>
   </div>
   <div class='ocr_carea' id='block_1_79' title="bbox 2032 3517 3632 3597">
    <p class='ocr_par' dir='ltr' id='par_1_79' title="bbox 2032 3517 3632 3597">
     <span class='ocr_line' id='line_1_79' title="bbox 2032 3517 3632 3597; baseline 0.006 -26"><span class='ocrx_word' id='word_1_575' title='bbox 2032 3528 2157 3573; x_wconf 89' lang='lat' dir='ltr'><strong><em>tura</em></strong></span> <span class='ocrx_word' id='word_1_576' title='bbox 2194 3520 2354 3590; x_wconf 81' lang='lat' dir='ltr'><strong><em>ferat,</em></strong></span> <span class='ocrx_word' id='word_1_577' title='bbox 2405 3517 2624 3573; x_wconf 83' lang='lat' dir='ltr'><strong><em>consilio</em></strong></span> <span class='ocrx_word' id='word_1_578' title='bbox 2648 3526 2808 3589; x_wconf 88' lang='lat' dir='ltr'><strong><em>atque</em></strong></span> <span class='ocrx_word' id='word_1_579' title='bbox 2836 3532 2999 3590; x_wconf 86' lang='lat' dir='ltr'><strong><em>opera</em></strong></span> <span class='ocrx_word' id='word_1_580' title='bbox 3050 3529 3286 3590; x_wconf 88' lang='lat' dir='ltr'><strong><em>peracto,</em></strong></span> <span class='ocrx_word' id='word_1_581' title='bbox 3334 3523 3551 3597; x_wconf 82' lang='lat' dir='ltr'><strong><em>iamque</em></strong></span> <span class='ocrx_word' id='word_1_582' title='bbox 3571 3526 3632 3581; x_wconf 77' lang='lat' dir='ltr'><strong>in</strong></span> 
     </span>
    </p>
   </div>
   <div class='ocr_carea' id='block_1_80' title="bbox 2032 3610 3631 3682">
    <p class='ocr_par' dir='ltr' id='par_1_80' title="bbox 2032 3610 3631 3682">
     <span class='ocr_line' id='line_1_80' title="bbox 2032 3610 3631 3682; baseline 0.005 -17"><span class='ocrx_word' id='word_1_583' title='bbox 2032 3613 2252 3666; x_wconf 73' lang='lat' dir='ltr'><strong><em>dextera</em></strong></span> <span class='ocrx_word' id='word_1_584' title='bbox 2279 3611 2417 3666; x_wconf 86' lang='lat' dir='ltr'><strong><em>sedis</em></strong></span> <span class='ocrx_word' id='word_1_585' title='bbox 2444 3611 2763 3682; x_wconf 73' lang='lat' dir='ltr'><strong><em>maiestatis,</em></strong></span> <span class='ocrx_word' id='word_1_586' title='bbox 2787 3612 2843 3665; x_wconf 90' lang='lat' dir='ltr'><strong><em>in</em></strong></span> <span class='ocrx_word' id='word_1_587' title='bbox 2882 3610 3101 3666; x_wconf 74' lang='lat' dir='ltr'><strong><em>excelsis</em></strong></span> <span class='ocrx_word' id='word_1_588' title='bbox 3128 3614 3336 3682; x_wconf 84' lang='lat' dir='ltr'><strong><em>sedens,</em></strong></span> <span class='ocrx_word' id='word_1_589' title='bbox 3362 3618 3511 3671; x_wconf 83' lang='lat' dir='ltr'><strong><em>misit</em></strong></span> <span class='ocrx_word' id='word_1_590' title='bbox 3534 3633 3631 3673; x_wconf 79' lang='lat' dir='ltr'><strong><em>nos</em></strong></span> 
     </span>
    </p>
   </div>
   <div class='ocr_carea' id='block_1_81' title="bbox 2032 3705 3630 3778">
    <p class='ocr_par' dir='ltr' id='par_1_81' title="bbox 2032 3705 3630 3778">
     <span class='ocr_line' id='line_1_81' title="bbox 2032 3705 3630 3778; baseline 0.002 -16"><span class='ocrx_word' id='word_1_591' title='bbox 2032 3723 2217 3776; x_wconf 87' lang='lat' dir='ltr'><strong><em>pacem</em></strong></span> <span class='ocrx_word' id='word_1_592' title='bbox 2250 3707 2390 3761; x_wconf 80' lang='lat' dir='ltr'><strong><em>vobis</em></strong></span> <span class='ocrx_word' id='word_1_593' title='bbox 2418 3705 2860 3777; x_wconf 78' lang='lat' dir='ltr'><strong><em>euangelizatum,</em></strong></span> <span class='ocrx_word' id='word_1_594' title='bbox 2904 3723 3161 3778; x_wconf 86' lang='lat' dir='ltr'><strong><em>omneque</em></strong></span> <span class='ocrx_word' id='word_1_595' title='bbox 3207 3709 3424 3778; x_wconf 80' lang='lat' dir='ltr'><strong><em>bonum,</em></strong></span> <span class='ocrx_word' id='word_1_596' title='bbox 3463 3718 3523 3763; x_wconf 88' lang='lat' dir='ltr'><strong><em>ut</em></strong></span> <span class='ocrx_word' id='word_1_597' title='bbox 3546 3709 3630 3766; x_wconf 81' lang='lat' dir='ltr'><strong><em>illi</em></strong></span> 
     </span>
    </p>
   </div>
   <div class='ocr_carea' id='block_1_82' title="bbox 2033 3798 3630 3870">
    <p class='ocr_par' dir='ltr' id='par_1_82' title="bbox 2033 3798 3630 3870">
     <span class='ocr_line' id='line_1_82' title="bbox 2033 3798 3630 3870; baseline 0.002 -16"><span class='ocrx_word' id='word_1_598' title='bbox 2033 3800 2300 3855; x_wconf 86' lang='lat' dir='ltr'><strong><em>credentes</em></strong></span> <span class='ocrx_word' id='word_1_599' title='bbox 2332 3800 2692 3870; x_wconf 75' lang='lat' dir='ltr'><strong><em>baptizemini,</em></strong></span> <span class='ocrx_word' id='word_1_600' title='bbox 2722 3806 2772 3852; x_wconf 90' lang='lat' dir='ltr'><strong><em>et</em></strong></span> <span class='ocrx_word' id='word_1_601' title='bbox 2794 3798 3128 3869; x_wconf 87' lang='lat' dir='ltr'><strong><em>impleamini</em></strong></span> <span class='ocrx_word' id='word_1_602' title='bbox 3143 3800 3201 3853; x_wconf 90' lang='lat' dir='ltr'><strong><em>in</em></strong></span> <span class='ocrx_word' id='word_1_603' title='bbox 3220 3812 3429 3855; x_wconf 85' lang='lat' dir='ltr'><strong><em>omnem</em></strong></span> <span class='ocrx_word' id='word_1_604' title='bbox 3456 3801 3630 3869; x_wconf 85' lang='lat' dir='ltr'><strong><em>pleni-</em></strong></span> 
     </span>
    </p>
   </div>
   <div class='ocr_carea' id='block_1_83' title="bbox 2035 3890 3629 3947">
    <p class='ocr_par' dir='ltr' id='par_1_83' title="bbox 2035 3890 3629 3947">
     <span class='ocr_line' id='line_1_83' title="bbox 2035 3890 3629 3947; baseline 0 0"><span class='ocrx_word' id='word_1_605' title='bbox 2035 3893 2273 3947; x_wconf 88' lang='lat' dir='ltr'><strong><em>tudinem</em></strong></span> <span class='ocrx_word' id='word_1_606' title='bbox 2292 3890 2390 3945; x_wconf 89' lang='lat' dir='ltr'><strong><em>Dei</em></strong></span> <span class='ocrx_word' id='word_1_607' title='bbox 2409 3891 2455 3924; x_wconf 78' lang='lat'>”</span> <span class='ocrx_word' id='word_1_608' title='bbox 2489 3908 2502 3945; x_wconf 93' lang='lat'>:</span> <span class='ocrx_word' id='word_1_609' title='bbox 2526 3899 2584 3945; x_wconf 89' lang='lat' dir='ltr'><strong><em>ut</em></strong></span> <span class='ocrx_word' id='word_1_610' title='bbox 2619 3890 2788 3946; x_wconf 87' lang='lat' dir='ltr'><strong><em>abluti</em></strong></span> <span class='ocrx_word' id='word_1_611' title='bbox 2799 3900 2864 3945; x_wconf 88' lang='lat' dir='ltr'><strong><em>.et</em></strong></span> <span class='ocrx_word' id='word_1_612' title='bbox 2889 3891 3162 3945; x_wconf 87' lang='lat' dir='ltr'><strong><em>emundati</em></strong></span> <span class='ocrx_word' id='word_1_613' title='bbox 3182 3892 3490 3947; x_wconf 88' lang='lat' dir='ltr'><strong><em>interiorem</em></strong></span> <span class='ocrx_word' id='word_1_614' title='bbox 3531 3894 3629 3947; x_wconf 83' lang='lat' dir='ltr'><strong><em>h0-</em></strong></span> 
     </span>
    </p>
   </div>
   <div class='ocr_carea' id='block_1_84' title="bbox 2035 3980 3630 4054">
    <p class='ocr_par' dir='ltr' id='par_1_84' title="bbox 2035 3980 3630 4054">
     <span class='ocr_line' id='line_1_84' title="bbox 2035 3980 3630 4054; baseline -0.002 -14"><span class='ocrx_word' id='word_1_615' title='bbox 2035 3986 2233 4040; x_wconf 88' lang='lat' dir='ltr'><strong><em>minem</em></strong></span> <span class='ocrx_word' id='word_1_616' title='bbox 2258 3984 2323 4039; x_wconf 90' lang='lat' dir='ltr'><strong><em>ab</em></strong></span> <span class='ocrx_word' id='word_1_617' title='bbox 2347 3984 2490 4039; x_wconf 90' lang='lat' dir='ltr'><strong><em>omni</em></strong></span> <span class='ocrx_word' id='word_1_618' title='bbox 2507 3985 2778 4054; x_wconf 86' lang='lat' dir='ltr'><strong><em>impietate</em></strong></span> <span class='ocrx_word' id='word_1_619' title='bbox 2808 3990 2860 4036; x_wconf 79' lang='lat' dir='ltr'><strong><em>et</em></strong></span> <span class='ocrx_word' id='word_1_620' title='bbox 2877 3982 3132 4052; x_wconf 86' lang='lat' dir='ltr'><strong><em>nequitia,</em></strong></span> <span class='ocrx_word' id='word_1_621' title='bbox 3153 3981 3486 4052; x_wconf 88' lang='lat' dir='ltr'><strong><em>impleamini</em></strong></span> <span class='ocrx_word' id='word_1_622' title='bbox 3504 3980 3630 4054; x_wconf 85' lang='lat' dir='ltr'><strong><em>Spi-</em></strong></span> 
     </span>
    </p>
   </div>
   <div class='ocr_carea' id='block_1_85' title="bbox 2036 4073 3630 4147">
    <p class='ocr_par' dir='ltr' id='par_1_85' title="bbox 2036 4073 3630 4147">
     <span class='ocr_line' id='line_1_85' title="bbox 2036 4073 3630 4147; baseline 0.001 -16"><span class='ocrx_word' id='word_1_623' title='bbox 2036 4077 2148 4131; x_wconf 87' lang='lat' dir='ltr'><strong><em>ritu</em></strong></span> <span class='ocrx_word' id='word_1_624' title='bbox 2172 4081 2380 4140; x_wconf 88' lang='lat' dir='ltr'><strong><em>sancto,</em></strong></span> <span class='ocrx_word' id='word_1_625' title='bbox 2404 4091 2469 4129; x_wconf 90' lang='lat' dir='ltr'><strong><em>ac</em></strong></span> <span class='ocrx_word' id='word_1_626' title='bbox 2497 4075 2730 4129; x_wconf 67' lang='lat' dir='ltr'><strong><em>hatredes</em></strong></span> <span class='ocrx_word' id='word_1_627' title='bbox 2758 4074 3057 4145; x_wconf 62' lang='lat' dir='ltr'><strong><em>eﬁciamini</em></strong></span> <span class='ocrx_word' id='word_1_628' title='bbox 3074 4073 3363 4128; x_wconf 83' lang='lat' dir='ltr'><strong><em>secundum</em></strong></span> <span class='ocrx_word' id='word_1_629' title='bbox 3402 4077 3630 4147; x_wconf 83' lang='lat' dir='ltr'><strong><em>promis-</em></strong></span> 
     </span>
    </p>
   </div>
   <div class='ocr_carea' id='block_1_86' title="bbox 2037 4164 3376 4234">
    <p class='ocr_par' dir='ltr' id='par_1_86' title="bbox 2037 4164 3376 4234">
     <span class='ocr_line' id='line_1_86' title="bbox 2037 4164 3376 4234; baseline 0.001 -12"><span class='ocrx_word' id='word_1_630' title='bbox 2037 4169 2239 4222; x_wconf 84' lang='lat' dir='ltr'><strong><em>sionem</em></strong></span> <span class='ocrx_word' id='word_1_631' title='bbox 2260 4168 2381 4223; x_wconf 79' lang='lat' dir='ltr'><strong><em>uita:</em></strong></span> <span class='ocrx_word' id='word_1_632' title='bbox 2402 4174 2636 4234; x_wconf 65' lang='lat' dir='ltr'><strong><em>wternat,</em></strong></span> <span class='ocrx_word' id='word_1_633' title='bbox 2662 4169 2720 4221; x_wconf 88' lang='lat' dir='ltr'><strong><em>in</em></strong></span> <span class='ocrx_word' id='word_1_634' title='bbox 2751 4164 2959 4225; x_wconf 85' lang='lat' dir='ltr'><strong><em>Christo</em></strong></span> <span class='ocrx_word' id='word_1_635' title='bbox 2991 4165 3142 4222; x_wconf 71' lang='lat' dir='ltr'><strong><em>Iesu.</em></strong></span> <span class='ocrx_word' id='word_1_636' title='bbox 3186 4166 3376 4223; x_wconf 79' lang='lat' dir='ltr'><strong><em>Amen.</em></strong></span> 
     </span>
    </p>
   </div>
   <div class='ocr_carea' id='block_1_87' title="bbox 2110 4425 3626 4503">
    <p class='ocr_par' dir='ltr' id='par_1_87' title="bbox 2110 4425 3626 4503">
     <span class='ocr_line' id='line_1_87' title="bbox 2110 4425 3626 4503; baseline 0.005 -20"><span class='ocrx_word' id='word_1_637' title='bbox 2110 4426 2457 4499; x_wconf 76' lang='lat' dir='ltr'><strong><em>Ejuscemodi</em></strong></span> <span class='ocrx_word' id='word_1_638' title='bbox 2479 4441 2699 4498; x_wconf 84' lang='lat' dir='ltr'><strong><em>semper</em></strong></span> <span class='ocrx_word' id='word_1_639' title='bbox 2735 4425 3007 4483; x_wconf 85' lang='lat' dir='ltr'><strong><em>doctrinis</em></strong></span> <span class='ocrx_word' id='word_1_640' title='bbox 3054 4427 3393 4499; x_wconf 76' lang='lat' dir='ltr'><strong><em>sempiterna</em></strong></span> <span class='ocrx_word' id='word_1_641' title='bbox 3425 4426 3626 4503; x_wconf 70' lang='lat' dir='ltr'><strong><em>dignus</em></strong></span> 
     </span>
    </p>
   </div>
   <div class='ocr_carea' id='block_1_88' title="bbox 2038 4518 3626 4593">
    <p class='ocr_par' dir='ltr' id='par_1_88' title="bbox 2038 4518 3626 4593">
     <span class='ocr_line' id='line_1_88' title="bbox 2038 4518 3626 4593; baseline 0.004 -17"><span class='ocrx_word' id='word_1_642' title='bbox 2038 4521 2304 4576; x_wconf 83' lang='lat' dir='ltr'><strong><em>memoria</em></strong></span> <span class='ocrx_word' id='word_1_643' title='bbox 2358 4520 2529 4577; x_wconf 71' lang='lat' dir='ltr'><strong><em>ludas</em></strong></span> <span class='ocrx_word' id='word_1_644' title='bbox 2557 4533 2778 4575; x_wconf 89' lang='lat' dir='ltr'><strong><em>omnem</em></strong></span> <span class='ocrx_word' id='word_1_645' title='bbox 2807 4518 3042 4592; x_wconf 84' lang='lat' dir='ltr'><strong><em>Syriam,</em></strong></span> <span class='ocrx_word' id='word_1_646' title='bbox 3075 4518 3429 4593; x_wconf 81' lang='lat' dir='ltr'><strong><em>Orientisque</em></strong></span> <span class='ocrx_word' id='word_1_647' title='bbox 3457 4522 3626 4582; x_wconf 86' lang='lat' dir='ltr'><strong><em>urbes</em></strong></span> 
     </span>
    </p>
   </div>
   <div class='ocr_carea' id='block_1_89' title="bbox 341 4610 1932 4687">
    <p class='ocr_par' dir='ltr' id='par_1_89' title="bbox 341 4610 1932 4687">
     <span class='ocr_line' id='line_1_89' title="bbox 341 4610 1932 4687; baseline -0.004 -19"><span class='ocrx_word' id='word_1_648' title='bbox 341 4616 550 4687; x_wconf 83' lang='grc' dir='ltr'><em>χώρας,</em></span> <span class='ocrx_word' id='word_1_649' title='bbox 571 4615 861 4679; x_wconf 77' lang='grc' dir='ltr'><em>νουθετῶν,</em></span> <span class='ocrx_word' id='word_1_650' title='bbox 879 4614 1284 4683; x_wconf 76' lang='grc' dir='ltr'><em>διαλεγόμενος,</em></span> <span class='ocrx_word' id='word_1_651' title='bbox 1318 4610 1656 4685; x_wconf 82' lang='grc' dir='ltr'><em>παρακαλῶν</em></span> <span class='ocrx_word' id='word_1_652' title='bbox 1676 4611 1773 4664; x_wconf 76' lang='grc' dir='ltr'><em>καὶ</em></span> <span class='ocrx_word' id='word_1_653' title='bbox 1796 4610 1932 4663; x_wconf 79' lang='grc' dir='ltr'><em>πᾶσι</em></span> 
     </span>
    </p>
   </div>
   <div class='ocr_carea' id='block_1_90' title="bbox 2037 4610 3628 4687">
    <p class='ocr_par' dir='ltr' id='par_1_90' title="bbox 2037 4611 3628 4684">
     <span class='ocr_line' id='line_1_90' title="bbox 2037 4611 3628 4684; baseline 0.001 -15"><span class='ocrx_word' id='word_1_654' title='bbox 2037 4622 2095 4669; x_wconf 87' lang='lat' dir='ltr'><strong><em>et</em></strong></span> <span class='ocrx_word' id='word_1_655' title='bbox 2134 4613 2381 4676; x_wconf 83' lang='lat' dir='ltr'><strong><em>castella,</em></strong></span> <span class='ocrx_word' id='word_1_656' title='bbox 2433 4626 2691 4684; x_wconf 82' lang='lat' dir='ltr'><strong><em>arguens,</em></strong></span> <span class='ocrx_word' id='word_1_657' title='bbox 2747 4611 3058 4683; x_wconf 82' lang='lat' dir='ltr'><strong><em>disputans,</em></strong></span> <span class='ocrx_word' id='word_1_658' title='bbox 3090 4611 3409 4679; x_wconf 82' lang='lat' dir='ltr'><strong><em>obsecrans,</em></strong></span> <span class='ocrx_word' id='word_1_659' title='bbox 3446 4614 3628 4672; x_wconf 84' lang='lat' dir='ltr'><strong><em>modis</em></strong></span> 
     </span>
    </p>
   </div>
   <div class='ocr_carea' id='block_1_91' title="bbox 338 4702 1932 4802">
    <p class='ocr_par' dir='ltr' id='par_1_91' title="bbox 338 4702 1929 4780">
     <span class='ocr_line' id='line_1_91' title="bbox 338 4702 1929 4780; baseline -0.003 -20"><span class='ocrx_word' id='word_1_660' title='bbox 338 4707 566 4779; x_wconf 71' lang='grc' dir='ltr'><em>τρόποις</em></span> <span class='ocrx_word' id='word_1_661' title='bbox 596 4706 962 4780; x_wconf 78' lang='grc' dir='ltr'><em>Θεομιμησίας</em></span> <span class='ocrx_word' id='word_1_662' title='bbox 1007 4705 1332 4776; x_wconf 71' lang='grc' dir='ltr'><em>ἐγκείμενος</em></span> <span class='ocrx_word' id='word_1_663' title='bbox 1384 4704 1479 4758; x_wconf 81' lang='grc' dir='ltr'><em>καὶ</em></span> <span class='ocrx_word' id='word_1_664' title='bbox 1532 4702 1929 4774; x_wconf 77' lang='grc' dir='ltr'><em>χρηστότητος,</em></span> 
     </span>
    </p>
   </div>
   <div class='ocr_carea' id='block_1_92' title="bbox 2037 4702 3623 4802">
    <p class='ocr_par' dir='ltr' id='par_1_92' title="bbox 2037 4704 3623 4775">
     <span class='ocr_line' id='line_1_92' title="bbox 2037 4704 3623 4775; baseline 0.003 -15"><span class='ocrx_word' id='word_1_665' title='bbox 2037 4704 2297 4761; x_wconf 86' lang='lat' dir='ltr'><strong><em>omnibus</em></strong></span> <span class='ocrx_word' id='word_1_666' title='bbox 2314 4704 2516 4762; x_wconf 74' lang='lat' dir='ltr'><strong>divina:</strong></span> <span class='ocrx_word' id='word_1_667' title='bbox 2543 4704 2873 4761; x_wconf 81' lang='lat' dir='ltr'><strong><em>imitationis</em></strong></span> <span class='ocrx_word' id='word_1_668' title='bbox 2891 4718 2958 4762; x_wconf 83' lang='lat' dir='ltr'><strong><em>ae</em></strong></span> <span class='ocrx_word' id='word_1_669' title='bbox 2975 4704 3242 4762; x_wconf 83' lang='lat' dir='ltr'><strong><em>bonitatis</em></strong></span> <span class='ocrx_word' id='word_1_670' title='bbox 3271 4706 3623 4775; x_wconf 84' lang='lat' dir='ltr'><strong><em>incumbens,</em></strong></span> 
     </span>
    </p>
   </div>
   <div class='ocr_carea' id='block_1_93' title="bbox 340 4793 1932 4867">
    <p class='ocr_par' dir='ltr' id='par_1_93' title="bbox 340 4793 1929 4867">
     <span class='ocr_line' id='line_1_93' title="bbox 340 4793 1929 4867; baseline -0.003 -16"><span class='ocrx_word' id='word_1_671' title='bbox 340 4799 547 4859; x_wconf 83' lang='grc' dir='ltr'><em>πάσαις</em></span> <span class='ocrx_word' id='word_1_672' title='bbox 592 4797 858 4860; x_wconf 68' lang='grc' dir='ltr'><em>ἐπινοίαις</em></span> <span class='ocrx_word' id='word_1_673' title='bbox 912 4794 1049 4851; x_wconf 85' lang='grc' dir='ltr'><em>Θεοῦ</em></span> <span class='ocrx_word' id='word_1_674' title='bbox 1104 4797 1421 4867; x_wconf 83' lang='grc' dir='ltr'><em>φρονήσεως</em></span> <span class='ocrx_word' id='word_1_675' title='bbox 1479 4794 1677 4858; x_wconf 77' lang='grc' dir='ltr'><em>αὐτοὺς</em></span> <span class='ocrx_word' id='word_1_676' title='bbox 1718 4793 1929 4865; x_wconf 75' lang='grc' dir='ltr'><em>μετῄει,</em></span> 
     </span>
    </p>
   </div>
   <div class='ocr_carea' id='block_1_94' title="bbox 2037 4793 3629 4867">
    <p class='ocr_par' dir='ltr' id='par_1_94' title="bbox 2037 4794 3629 4856">
     <span class='ocr_line' id='line_1_94' title="bbox 2037 4794 3629 4856; baseline 0.003 -4"><span class='ocrx_word' id='word_1_677' title='bbox 2037 4796 2253 4853; x_wconf 86' lang='lat' dir='ltr'><strong><em>cunctis</em></strong></span> <span class='ocrx_word' id='word_1_678' title='bbox 2278 4795 2479 4853; x_wconf 68' lang='lat' dir='ltr'><strong><em>divinae</em></strong></span> <span class='ocrx_word' id='word_1_679' title='bbox 2506 4797 2746 4853; x_wconf 62' lang='lat' dir='ltr'><strong><em>solertiae</em></strong></span> <span class='ocrx_word' id='word_1_680' title='bbox 2780 4794 3081 4854; x_wconf 86' lang='lat' dir='ltr'><strong><em>subtilibus</em></strong></span> <span class='ocrx_word' id='word_1_681' title='bbox 3127 4799 3369 4855; x_wconf 73' lang='lat' dir='ltr'><strong><em>inventis</em></strong></span> <span class='ocrx_word' id='word_1_682' title='bbox 3400 4812 3467 4854; x_wconf 79' lang='lat' dir='ltr'><strong><em>ac</em></strong></span> <span class='ocrx_word' id='word_1_683' title='bbox 3493 4813 3629 4856; x_wconf 84' lang='lat' dir='ltr'><strong><em>con-</em></strong></span> 
     </span>
    </p>
   </div>
   <div class='ocr_carea' id='block_1_95' title="bbox 336 4884 1932 4962">
    <p class='ocr_par' dir='ltr' id='par_1_95' title="bbox 336 4884 1932 4959">
     <span class='ocr_line' id='line_1_95' title="bbox 336 4884 1932 4959; baseline -0.003 -17"><span class='ocrx_word' id='word_1_684' title='bbox 336 4890 441 4942; x_wconf 78' lang='grc' dir='ltr'><em>καὶ</em></span> <span class='ocrx_word' id='word_1_685' title='bbox 479 4889 611 4944; x_wconf 71' lang='grc' dir='ltr'><em>ποτὶ</em></span> <span class='ocrx_word' id='word_1_686' title='bbox 662 4889 761 4959; x_wconf 77' lang='grc' dir='ltr'><em>μὲν</em></span> <span class='ocrx_word' id='word_1_687' title='bbox 803 4890 1131 4959; x_wconf 83' lang='grc' dir='ltr'><em>πειρασμοῖς</em></span> <span class='ocrx_word' id='word_1_688' title='bbox 1161 4886 1420 4955; x_wconf 70' lang='grc' dir='ltr'><em>ἔξαισίοις</em></span> <span class='ocrx_word' id='word_1_689' title='bbox 1471 4885 1569 4941; x_wconf 74' lang='grc' dir='ltr'><em>καὶ</em></span> <span class='ocrx_word' id='word_1_690' title='bbox 1601 4886 1809 4950; x_wconf 73' lang='grc' dir='ltr'><em>αἰκίαις</em></span> <span class='ocrx_word' id='word_1_691' title='bbox 1837 4884 1932 4939; x_wconf 69' lang='grc' dir='ltr'><em>καὶ</em></span> 
     </span>
    </p>
   </div>
   <div class='ocr_carea' id='block_1_96' title="bbox 2037 4884 3629 4962">
    <p class='ocr_par' dir='ltr' id='par_1_96' title="bbox 2037 4885 3629 4962">
     <span class='ocr_line' id='line_1_96' title="bbox 2037 4885 3629 4962; baseline 0.004 -19"><span class='ocrx_word' id='word_1_692' title='bbox 2037 4888 2172 4945; x_wconf 86' lang='lat' dir='ltr'><strong><em>siiiis</em></strong></span> <span class='ocrx_word' id='word_1_693' title='bbox 2204 4887 2629 4960; x_wconf 75' lang='lat' dir='ltr'><strong><em>aggrediebatnr</em></strong></span> <span class='ocrx_word' id='word_1_694' title='bbox 2663 4902 2680 4943; x_wconf 88' lang='lat'><strong>:</strong></span> <span class='ocrx_word' id='word_1_695' title='bbox 2711 4902 2778 4945; x_wconf 72' lang='lat' dir='ltr'><strong><em>ac</em></strong></span> <span class='ocrx_word' id='word_1_696' title='bbox 2816 4889 2984 4945; x_wconf 84' lang='lat' dir='ltr'><strong><em>modo</em></strong></span> <span class='ocrx_word' id='word_1_697' title='bbox 3011 4885 3237 4961; x_wconf 83' lang='lat' dir='ltr'><strong><em>quidem</em></strong></span> <span class='ocrx_word' id='word_1_698' title='bbox 3264 4890 3321 4947; x_wconf 87' lang='lat' dir='ltr'><strong><em>in</em></strong></span> <span class='ocrx_word' id='word_1_699' title='bbox 3367 4890 3629 4962; x_wconf 59' lang='lat' dir='ltr'><strong><em>gravissi-</em></strong></span> 
     </span>
    </p>
   </div>
   <div class='ocr_carea' id='block_1_97' title="bbox 344 4978 1932 5057">
    <p class='ocr_par' dir='ltr' id='par_1_97' title="bbox 344 4978 1932 5057">
     <span class='ocr_line' id='line_1_97' title="bbox 344 4978 1932 5057; baseline 0 -24"><span class='ocrx_word' id='word_1_700' title='bbox 344 4980 588 5051; x_wconf 78' lang='grc' dir='ltr'><em>μάστιξι,</em></span> <span class='ocrx_word' id='word_1_701' title='bbox 620 4982 716 5035; x_wconf 78' lang='grc' dir='ltr'><em>καὶ</em></span> <span class='ocrx_word' id='word_1_702' title='bbox 742 4979 975 5035; x_wconf 75' lang='grc' dir='ltr'><em>Θανάτου</em></span> <span class='ocrx_word' id='word_1_703' title='bbox 999 4981 1267 5044; x_wconf 79' lang='grc' dir='ltr'><em>κινδύνοις</em></span> <span class='ocrx_word' id='word_1_704' title='bbox 1283 4979 1654 5051; x_wconf 79' lang='grc' dir='ltr'><em>περιπίπτων,</em></span> <span class='ocrx_word' id='word_1_705' title='bbox 1681 4978 1769 5032; x_wconf 82' lang='grc' dir='ltr'><em>διὰ</em></span> <span class='ocrx_word' id='word_1_706' title='bbox 1796 4994 1932 5057; x_wconf 74' lang='grc' dir='ltr'><em>προιτ</em></span> 
     </span>
    </p>
   </div>
   <div class='ocr_carea' id='block_1_98' title="bbox 2037 4978 3629 5057">
    <p class='ocr_par' dir='ltr' id='par_1_98' title="bbox 2037 4979 3629 5051">
     <span class='ocr_line' id='line_1_98' title="bbox 2037 4979 3629 5051; baseline 0.003 -18"><span class='ocrx_word' id='word_1_707' title='bbox 2037 4993 2156 5035; x_wconf 84' lang='lat' dir='ltr'><strong><em>mas</em></strong></span> <span class='ocrx_word' id='word_1_708' title='bbox 2184 4979 2520 5037; x_wconf 85' lang='lat' dir='ltr'><strong><em>tentationes</em></strong></span> <span class='ocrx_word' id='word_1_709' title='bbox 2541 4992 2931 5051; x_wconf 83' lang='lat' dir='ltr'><strong><em>aerumnasque</em></strong></span> <span class='ocrx_word' id='word_1_710' title='bbox 2956 4989 3014 5036; x_wconf 85' lang='lat' dir='ltr'><strong><em>et</em></strong></span> <span class='ocrx_word' id='word_1_711' title='bbox 3036 4980 3289 5050; x_wconf 81' lang='lat' dir='ltr'><strong><em>verbera,</em></strong></span> <span class='ocrx_word' id='word_1_712' title='bbox 3328 4991 3393 5039; x_wconf 79' lang='lat' dir='ltr'><strong><em>et</em></strong></span> <span class='ocrx_word' id='word_1_713' title='bbox 3429 4983 3629 5039; x_wconf 83' lang='lat' dir='ltr'><strong><em>mortis</em></strong></span> 
     </span>
    </p>
   </div>
   <div class='ocr_carea' id='block_1_99' title="bbox 339 5068 1932 5147">
    <p class='ocr_par' dir='ltr' id='par_1_99' title="bbox 339 5068 1930 5143">
     <span class='ocr_line' id='line_1_99' title="bbox 339 5068 1930 5143; baseline -0.001 -18"><span class='ocrx_word' id='word_1_714' title='bbox 339 5071 493 5134; x_wconf 86' lang='grc' dir='ltr'><em>νοίας</em></span> <span class='ocrx_word' id='word_1_715' title='bbox 546 5072 640 5126; x_wconf 80' lang='grc' dir='ltr'><em>τοῦ</em></span> <span class='ocrx_word' id='word_1_716' title='bbox 688 5073 746 5125; x_wconf 82' lang='grc' dir='ltr'><em>ὲν</em></span> <span class='ocrx_word' id='word_1_717' title='bbox 780 5072 929 5143; x_wconf 82' lang='grc' dir='ltr'><strong><em>αὐτῷ</em></strong></span> <span class='ocrx_word' id='word_1_718' title='bbox 961 5073 1216 5143; x_wconf 78' lang='grc' dir='ltr'><em>μένοντος</em></span> <span class='ocrx_word' id='word_1_719' title='bbox 1249 5072 1626 5143; x_wconf 70' lang='grc' dir='ltr'><em>ἀπηλλάττετο</em></span> <span class='ocrx_word' id='word_1_720' title='bbox 1652 5068 1892 5143; x_wconf 79' lang='grc' dir='ltr'><em>Χριστοῦ</em></span> <span class='ocrx_word' id='word_1_721' title='bbox 1916 5085 1930 5100; x_wconf 85' lang='grc'><em>’</em></span> 
     </span>
    </p>
   </div>
   <div class='ocr_carea' id='block_1_100' title="bbox 2037 5068 3629 5147">
    <p class='ocr_par' dir='ltr' id='par_1_100' title="bbox 2037 5069 3629 5147">
     <span class='ocr_line' id='line_1_100' title="bbox 2037 5069 3629 5147; baseline 0.004 -21"><span class='ocrx_word' id='word_1_722' title='bbox 2037 5070 2282 5142; x_wconf 83' lang='lat' dir='ltr'><strong><em>pericula</em></strong></span> <span class='ocrx_word' id='word_1_723' title='bbox 2312 5070 2587 5139; x_wconf 79' lang='lat' dir='ltr'><strong><em>incidens,</em></strong></span> <span class='ocrx_word' id='word_1_724' title='bbox 2606 5069 2817 5129; x_wconf 81' lang='lat' dir='ltr'><strong><em>Christi</em></strong></span> <span class='ocrx_word' id='word_1_725' title='bbox 2842 5073 2902 5128; x_wconf 87' lang='lat' dir='ltr'><strong><em>in</em></strong></span> <span class='ocrx_word' id='word_1_726' title='bbox 2924 5086 2994 5129; x_wconf 91' lang='lat' dir='ltr'><strong><em>eo</em></strong></span> <span class='ocrx_word' id='word_1_727' title='bbox 3024 5074 3301 5131; x_wconf 71' lang='lat' dir='ltr'><strong><em>manentis</em></strong></span> <span class='ocrx_word' id='word_1_728' title='bbox 3326 5074 3629 5147; x_wconf 75' lang='lat' dir='ltr'><strong><em>providen-</em></strong></span> 
     </span>
    </p>
   </div>
   <div class='ocr_carea' id='block_1_101' title="bbox 337 5162 1932 5238">
    <p class='ocr_par' dir='ltr' id='par_1_101' title="bbox 337 5162 1931 5238">
     <span class='ocr_line' id='line_1_101' title="bbox 337 5162 1931 5238; baseline -0.001 -22"><span class='ocrx_word' id='word_1_729' title='bbox 337 5163 477 5217; x_wconf 78' lang='grc' dir='ltr'><em>ποτὲ</em></span> <span class='ocrx_word' id='word_1_730' title='bbox 509 5164 565 5217; x_wconf 74' lang='grc' dir='ltr'><em>δὲ</em></span> <span class='ocrx_word' id='word_1_731' title='bbox 616 5164 712 5218; x_wconf 80' lang='grc' dir='ltr'><em>τοῦ</em></span> <span class='ocrx_word' id='word_1_732' title='bbox 766 5164 1124 5238; x_wconf 83' lang='grc' dir='ltr'><em>Παρακλήτου</em></span> <span class='ocrx_word' id='word_1_733' title='bbox 1160 5164 1598 5236; x_wconf 83' lang='grc' dir='ltr'><em>μυστικωτέραις</em></span> <span class='ocrx_word' id='word_1_734' title='bbox 1623 5162 1931 5234; x_wconf 80' lang='grc' dir='ltr'><em>ὲλλάμψεσι</em></span> 
     </span>
    </p>
   </div>
   <div class='ocr_carea' id='block_1_102' title="bbox 2037 5162 3626 5238">
    <p class='ocr_par' dir='ltr' id='par_1_102' title="bbox 2037 5163 3626 5226">
     <span class='ocr_line' id='line_1_102' title="bbox 2037 5163 3626 5226; baseline 0.005 -8"><span class='ocrx_word' id='word_1_735' title='bbox 2037 5164 2113 5219; x_wconf 86' lang='lat' dir='ltr'><strong><em>tia</em></strong></span> <span class='ocrx_word' id='word_1_736' title='bbox 2139 5163 2481 5221; x_wconf 80' lang='lat' dir='ltr'><strong><em>liberabatur</em></strong></span> <span class='ocrx_word' id='word_1_737' title='bbox 2511 5181 2526 5220; x_wconf 90' lang='lat'><strong>:</strong></span> <span class='ocrx_word' id='word_1_738' title='bbox 2558 5165 2726 5224; x_wconf 81' lang='lat' dir='ltr'><strong><em>modo</em></strong></span> <span class='ocrx_word' id='word_1_739' title='bbox 2757 5177 2892 5222; x_wconf 78' lang='lat' dir='ltr'><strong><em>vero</em></strong></span> <span class='ocrx_word' id='word_1_740' title='bbox 2922 5164 3195 5223; x_wconf 76' lang='lat' dir='ltr'><strong><em>Paracleti</em></strong></span> <span class='ocrx_word' id='word_1_741' title='bbox 3228 5167 3626 5226; x_wconf 85' lang='lat' dir='ltr'><strong><em>secretioribus</em></strong></span> 
     </span>
    </p>
   </div>
   <div class='ocr_carea' id='block_1_103' title="bbox 333 5250 1932 5329">
    <p class='ocr_par' dir='ltr' id='par_1_103' title="bbox 333 5255 1927 5329">
     <span class='ocr_line' id='line_1_103' title="bbox 333 5255 1927 5329; baseline -0.003 -16"><span class='ocrx_word' id='word_1_742' title='bbox 333 5256 439 5313; x_wconf 81' lang='grc' dir='ltr'><em>καὶ</em></span> <span class='ocrx_word' id='word_1_743' title='bbox 489 5257 814 5327; x_wconf 71' lang='grc' dir='ltr'><em>ἱερωτάταις</em></span> <span class='ocrx_word' id='word_1_744' title='bbox 869 5261 1218 5313; x_wconf 80' lang='grc' dir='ltr'><em>ἐπισκιάσεσι</em></span> <span class='ocrx_word' id='word_1_745' title='bbox 1254 5257 1654 5329; x_wconf 77' lang='grc' dir='ltr'><em>παρεκαλεϊτοο</em></span> <span class='ocrx_word' id='word_1_746' title='bbox 1691 5256 1788 5311; x_wconf 75' lang='grc' dir='ltr'><em>καὶ</em></span> <span class='ocrx_word' id='word_1_747' title='bbox 1830 5255 1927 5311; x_wconf 66' lang='grc' dir='ltr'><em>νῦν</em></span> 
     </span>
    </p>
   </div>
   <div class='ocr_carea' id='block_1_104' title="bbox 2037 5250 3627 5329">
    <p class='ocr_par' dir='ltr' id='par_1_104' title="bbox 2037 5250 3627 5329">
     <span class='ocr_line' id='line_1_104' title="bbox 2037 5250 3627 5329; baseline 0.004 -19"><span class='ocrx_word' id='word_1_748' title='bbox 2037 5254 2495 5315; x_wconf 69' lang='lat' dir='ltr'><strong><em>“lustrationibus</em></strong></span> <span class='ocrx_word' id='word_1_749' title='bbox 2538 5250 3044 5329; x_wconf 79' lang='lat' dir='ltr'><strong><em>sacratioribusque</em></strong></span> <span class='ocrx_word' id='word_1_750' title='bbox 3105 5256 3627 5316; x_wconf 72' lang='lat' dir='ltr'><strong><em>obumbratiolibus</em></strong></span> 
     </span>
    </p>
   </div>
   <div class='ocr_carea' id='block_1_105' title="bbox 337 5345 1932 5422">
    <p class='ocr_par' dir='ltr' id='par_1_105' title="bbox 337 5345 1927 5422">
     <span class='ocr_line' id='line_1_105' title="bbox 337 5345 1927 5422; baseline 0 -22"><span class='ocrx_word' id='word_1_751' title='bbox 337 5348 446 5422; x_wconf 70' lang='grc' dir='ltr'><em>μὲν</em></span> <span class='ocrx_word' id='word_1_752' title='bbox 469 5347 868 5419; x_wconf 75' lang='grc' dir='ltr'><em>ἀποκαλύψεων</em></span> <span class='ocrx_word' id='word_1_753' title='bbox 900 5348 1189 5421; x_wconf 79' lang='grc' dir='ltr'><em>θειοτέρων</em></span> <span class='ocrx_word' id='word_1_754' title='bbox 1222 5348 1318 5403; x_wconf 79' lang='grc' dir='ltr'><em>καὶ</em></span> <span class='ocrx_word' id='word_1_755' title='bbox 1366 5346 1476 5401; x_wconf 86' lang='grc' dir='ltr'><em>τῶν</em></span> <span class='ocrx_word' id='word_1_756' title='bbox 1515 5347 1763 5418; x_wconf 65' lang='grc' dir='ltr'><em>κρυφίων</em></span> <span class='ocrx_word' id='word_1_757' title='bbox 1790 5345 1927 5402; x_wconf 79' lang='grc' dir='ltr'><em>Θεοῦ</em></span> 
     </span>
    </p>
   </div>
   <div class='ocr_carea' id='block_1_106' title="bbox 2037 5345 3626 5422">
    <p class='ocr_par' dir='ltr' id='par_1_106' title="bbox 2037 5347 3626 5420">
     <span class='ocr_line' id='line_1_106' title="bbox 2037 5347 3626 5420; baseline 0.003 -18"><span class='ocrx_word' id='word_1_758' title='bbox 2037 5347 2385 5404; x_wconf 83' lang='lat' dir='ltr'><strong><em>recreabatur</em></strong></span> <span class='ocrx_word' id='word_1_759' title='bbox 2409 5364 2424 5415; x_wconf 88' lang='lat'><strong>;</strong></span> <span class='ocrx_word' id='word_1_760' title='bbox 2455 5361 2522 5404; x_wconf 79' lang='lat' dir='ltr'><strong><em>ac</em></strong></span> <span class='ocrx_word' id='word_1_761' title='bbox 2546 5360 2699 5405; x_wconf 86' lang='lat' dir='ltr'><strong><em>nunc</em></strong></span> <span class='ocrx_word' id='word_1_762' title='bbox 2718 5349 2948 5420; x_wconf 86' lang='lat' dir='ltr'><strong><em>quidem</em></strong></span> <span class='ocrx_word' id='word_1_763' title='bbox 2969 5348 3307 5405; x_wconf 85' lang='lat' dir='ltr'><strong><em>diviniorum</em></strong></span> <span class='ocrx_word' id='word_1_764' title='bbox 3332 5350 3626 5407; x_wconf 69' lang='lat' dir='ltr'><strong><em>revelatio-</em></strong></span> 
     </span>
    </p>
   </div>
   <div class='ocr_carea' id='block_1_107' title="bbox 335 5436 1932 5513">
    <p class='ocr_par' dir='ltr' id='par_1_107' title="bbox 335 5436 1924 5510">
     <span class='ocr_line' id='line_1_107' title="bbox 335 5436 1924 5510; baseline -0.001 -15"><span class='ocrx_word' id='word_1_765' title='bbox 335 5439 793 5510; x_wconf 78' lang='grc' dir='ltr'><em>καταξιούμενος,</em></span> <span class='ocrx_word' id='word_1_766' title='bbox 835 5438 931 5494; x_wconf 79' lang='grc' dir='ltr'><em>νῦν</em></span> <span class='ocrx_word' id='word_1_767' title='bbox 968 5439 1025 5493; x_wconf 82' lang='grc' dir='ltr'><em>δὲ</em></span> <span class='ocrx_word' id='word_1_768' title='bbox 1079 5438 1406 5510; x_wconf 73' lang='grc' dir='ltr'><em>θαυμασίων</em></span> <span class='ocrx_word' id='word_1_769' title='bbox 1452 5437 1632 5509; x_wconf 75' lang='grc' dir='ltr'><em>ἔργων</em></span> <span class='ocrx_word' id='word_1_770' title='bbox 1688 5436 1924 5510; x_wconf 73' lang='grc' dir='ltr'><em>ὑπερϐο-</em></span> 
     </span>
    </p>
   </div>
   <div class='ocr_carea' id='block_1_108' title="bbox 2037 5436 3626 5513">
    <p class='ocr_par' dir='ltr' id='par_1_108' title="bbox 2037 5439 3626 5513">
     <span class='ocr_line' id='line_1_108' title="bbox 2037 5439 3626 5513; baseline 0.005 -20"><span class='ocrx_word' id='word_1_771' title='bbox 2037 5452 2161 5494; x_wconf 85' lang='lat' dir='ltr'><strong><em>num</em></strong></span> <span class='ocrx_word' id='word_1_772' title='bbox 2190 5439 2398 5511; x_wconf 87' lang='lat' dir='ltr'><strong><em>Deique</em></strong></span> <span class='ocrx_word' id='word_1_773' title='bbox 2438 5442 2785 5498; x_wconf 80' lang='lat' dir='ltr'><strong><em>occultorum</em></strong></span> <span class='ocrx_word' id='word_1_774' title='bbox 2816 5453 3062 5513; x_wconf 82' lang='lat' dir='ltr'><strong><em>compos,</em></strong></span> <span class='ocrx_word' id='word_1_775' title='bbox 3115 5454 3266 5499; x_wconf 87' lang='lat' dir='ltr'><strong><em>nunc</em></strong></span> <span class='ocrx_word' id='word_1_776' title='bbox 3290 5454 3426 5499; x_wconf 76' lang='lat' dir='ltr'><strong><em>vero</em></strong></span> <span class='ocrx_word' id='word_1_777' title='bbox 3453 5440 3626 5501; x_wconf 75' lang='lat' dir='ltr'><strong><em>mira-</em></strong></span> 
     </span>
    </p>
   </div>
   <div class='ocr_carea' id='block_1_109' title="bbox 334 5531 1932 5607">
    <p class='ocr_par' dir='ltr' id='par_1_109' title="bbox 334 5531 1924 5604">
     <span class='ocr_line' id='line_1_109' title="bbox 334 5531 1924 5604; baseline 0.002 -19"><span class='ocrx_word' id='word_1_778' title='bbox 334 5532 484 5598; x_wconf 72' lang='grc' dir='ltr'><em>λαῖς,</em></span> <span class='ocrx_word' id='word_1_779' title='bbox 515 5535 608 5586; x_wconf 78' lang='grc' dir='ltr'><em>καὶ</em></span> <span class='ocrx_word' id='word_1_780' title='bbox 638 5532 937 5604; x_wconf 68' lang='grc' dir='ltr'><em>ἐνεργείαις</em></span> <span class='ocrx_word' id='word_1_781' title='bbox 957 5531 1201 5604; x_wconf 80' lang='grc' dir='ltr'><em>τεράτων</em></span> <span class='ocrx_word' id='word_1_782' title='bbox 1218 5531 1354 5587; x_wconf 81' lang='grc' dir='ltr'><em>Θεοῦ</em></span> <span class='ocrx_word' id='word_1_783' title='bbox 1388 5532 1482 5586; x_wconf 73' lang='grc' dir='ltr'><em>καὶ</em></span> <span class='ocrx_word' id='word_1_784' title='bbox 1507 5531 1751 5604; x_wconf 81' lang='grc' dir='ltr'><em>σημείων</em></span> <span class='ocrx_word' id='word_1_785' title='bbox 1771 5531 1924 5598; x_wconf 76' lang='grc' dir='ltr'><em>δοξα-</em></span> 
     </span>
    </p>
   </div>
   <div class='ocr_carea' id='block_1_110' title="bbox 2037 5531 3622 5607">
    <p class='ocr_par' dir='ltr' id='par_1_110' title="bbox 2037 5532 3622 5607">
     <span class='ocr_line' id='line_1_110' title="bbox 2037 5532 3622 5607; baseline 0.003 -20"><span class='ocrx_word' id='word_1_786' title='bbox 2037 5532 2225 5587; x_wconf 81' lang='lat' dir='ltr'><strong><em>biliurn</em></strong></span> <span class='ocrx_word' id='word_1_787' title='bbox 2266 5547 2497 5604; x_wconf 86' lang='lat' dir='ltr'><strong><em>operum</em></strong></span> <span class='ocrx_word' id='word_1_788' title='bbox 2551 5534 2772 5592; x_wconf 75' lang='lat' dir='ltr'><strong><em>eximiis</em></strong></span> <span class='ocrx_word' id='word_1_789' title='bbox 2801 5534 3147 5601; x_wconf 84' lang='lat' dir='ltr'><strong><em>muneribus,</em></strong></span> <span class='ocrx_word' id='word_1_790' title='bbox 3170 5534 3382 5606; x_wconf 82' lang='lat' dir='ltr'><strong><em>Deique</em></strong></span> <span class='ocrx_word' id='word_1_791' title='bbox 3426 5533 3622 5607; x_wconf 81' lang='lat' dir='ltr'><strong><em>prodi-</em></strong></span> 
     </span>
    </p>
   </div>
   <div class='ocr_carea' id='block_1_111' title="bbox 336 5623 1932 5699">
    <p class='ocr_par' dir='ltr' id='par_1_111' title="bbox 336 5623 1930 5697">
     <span class='ocr_line' id='line_1_111' title="bbox 336 5623 1930 5697; baseline 0.002 -19"><span class='ocrx_word' id='word_1_792' title='bbox 336 5624 572 5697; x_wconf 70' lang='grc' dir='ltr'><em>ξάμενος</em></span> <span class='ocrx_word' id='word_1_793' title='bbox 602 5625 699 5679; x_wconf 76' lang='grc' dir='ltr'><em>καὶ</em></span> <span class='ocrx_word' id='word_1_794' title='bbox 749 5624 1218 5695; x_wconf 79' lang='grc' dir='ltr'><em>μεγαλυνόμενος,</em></span> <span class='ocrx_word' id='word_1_795' title='bbox 1251 5623 1427 5688; x_wconf 73' lang='grc' dir='ltr'><em>οὕτως</em></span> <span class='ocrx_word' id='word_1_796' title='bbox 1471 5625 1809 5696; x_wconf 74' lang='grc' dir='ltr'><em>ἐμεγάλυνεν</em></span> <span class='ocrx_word' id='word_1_797' title='bbox 1837 5625 1930 5681; x_wconf 78' lang='grc' dir='ltr'><em>τὸν</em></span> 
     </span>
    </p>
   </div>
   <div class='ocr_carea' id='block_1_112' title="bbox 2037 5623 3624 5699">
    <p class='ocr_par' dir='ltr' id='par_1_112' title="bbox 2037 5626 3624 5699">
     <span class='ocr_line' id='line_1_112' title="bbox 2037 5626 3624 5699; baseline 0.003 -17"><span class='ocrx_word' id='word_1_798' title='bbox 2037 5626 2248 5698; x_wconf 75' lang='lat' dir='ltr'><strong><em>giorum</em></strong></span> <span class='ocrx_word' id='word_1_799' title='bbox 2314 5641 2381 5682; x_wconf 83' lang='lat' dir='ltr'><strong><em>ac</em></strong></span> <span class='ocrx_word' id='word_1_800' title='bbox 2462 5627 2746 5699; x_wconf 75' lang='lat' dir='ltr'><strong><em>signorum</em></strong></span> <span class='ocrx_word' id='word_1_801' title='bbox 2813 5626 3237 5699; x_wconf 84' lang='lat' dir='ltr'><strong><em>operationibus</em></strong></span> <span class='ocrx_word' id='word_1_802' title='bbox 3308 5626 3491 5686; x_wconf 81' lang='lat' dir='ltr'><strong><em>clarus</em></strong></span> <span class='ocrx_word' id='word_1_803' title='bbox 3556 5642 3624 5688; x_wconf 73' lang='lat' dir='ltr'><strong><em>ac</em></strong></span> 
     </span>
    </p>
   </div>
   <div class='ocr_carea' id='block_1_113' title="bbox 415 5802 823 5866">
    <p class='ocr_par' dir='ltr' id='par_1_113' title="bbox 415 5802 823 5866">
     <span class='ocr_line' id='line_1_113' title="bbox 415 5802 823 5866; baseline -0.017 -4"><span class='ocrx_word' id='word_1_804' title='bbox 415 5805 464 5840; x_wconf 80' lang='grc'><strong><em>³⁵</em></strong></span> <span class='ocrx_word' id='word_1_805' title='bbox 490 5802 658 5861; x_wconf 82' lang='lat' dir='ltr'><strong><em>Hebr.</em></strong></span> <span class='ocrx_word' id='word_1_806' title='bbox 692 5819 728 5866; x_wconf 85' lang='lat' dir='ltr'><strong><em>I,</em></strong></span> <span class='ocrx_word' id='word_1_807' title='bbox 769 5802 823 5856; x_wconf 78' lang='grc'><strong><em>5.</em></strong></span> 
     </span>
    </p>
   </div>
   <div class='ocr_carea' id='block_1_114' title="bbox 675 5894 1932 5991">
    <p class='ocr_par' dir='ltr' id='par_1_114' title="bbox 675 5894 1285 5981">
     <span class='ocr_line' id='line_1_114' title="bbox 675 5894 1285 5981; baseline -0.002 -18"><span class='ocrx_word' id='word_1_808' title='bbox 675 5904 948 5963; x_wconf 70' lang='grc' dir='ltr'><em>Ρλτιιοι..</em></span> <span class='ocrx_word' id='word_1_809' title='bbox 997 5894 1115 5962; x_wconf 79' lang='lat' dir='ltr'><strong><em>Gn.</em></strong></span> <span class='ocrx_word' id='word_1_810' title='bbox 1142 5896 1285 5981; x_wconf 78' lang='lat' dir='ltr'><strong><em>__CV.</em></strong></span> 
     </span>
    </p>
   </div>
   <div class='ocr_carea' id='block_1_115' title="bbox 2037 5894 3217 5991">
    <p class='ocr_par' dir='ltr' id='par_1_115' title="bbox 2049 5906 3217 5991">
     <span class='ocr_line' id='line_1_115' title="bbox 2049 5906 3217 5991; baseline -0.002 0"><span class='ocrx_word' id='word_1_811' title='bbox 2049 5980 2091 5991; x_wconf 58' lang='grc' dir='ltr'><strong><em>ἀ</em></strong></span> <span class='ocrx_word' id='word_1_812' title='bbox 2224 5986 2247 5991; x_wconf 83' lang='lat'><strong><em>..</em></strong></span> <span class='ocrx_word' id='word_1_813' title='bbox 3181 5906 3217 5969; x_wconf 69' lang='lat'><strong>9</strong></span> 
     </span>
    </p>
   </div>
  </div>
