4040 6394
534 360 640 430 267

1725 339 2018 403 ΝΙΟΕΤΕ
2076 337 2271 399 ΡΛΡΗ
2281 335 2525 396 LACON
2540 336 2607 394 lS

3694 325 3810 387 268

532 471 878 542 magniﬁcus,
910 484 1036 525 cum
1079 468 1140 522 in
1173 464 1396 520 modum
1423 463 1716 518 Dominum
1773 461 1957 516 Jesum
2006 471 2114 511 ma-

2222 451 2427 522 Κύριον
2467 449 2698 521 Ἰησοῦν,
2755 447 2927 511 οὑτως
2965 445 3028 498 τὸ
3062 443 3395 511 Εἰαγγέλιον
3437 440 3818 516 ἐπληροςόριι

531 563 822 635 gniﬁcabat
845 580 859 629 ;
884 563 964 618 sic
997 560 1200 618 Christi
1223 557 1520 628 Evangelio
1539 555 1700 610 ﬁdem
1723 563 1928 608 certam
1949 565 2107 605 arro-

531 655 711 726 gabaL

602 748 695 803 Sic
726 756 922 817 praeter
945 745 1071 810 alia,
1099 759 1223 799 cum
1250 751 1304 796 et
1333 741 1588 797 Edessam
1625 737 1792 808 Syria:
1818 733 2106 788 maximam

533 837 878 908 metropolim
917 835 1178 898 venisset,
1229 849 1293 888 ac
1345 833 1398 886 in
1445 846 1510 886 ea
1546 845 1655 883 non
1686 828 1805 882 sine
1829 825 2110 880 laboribus

534 940 700 1002 atque
755 928 1018 984 arumnis
1063 925 1343 981 Christum
1396 920 1795 981 annuntiasset,
1829 927 2108 986 totamque

533 1016 754 1072 diabolo
775 1014 1070 1078 addictam,
1106 1011 1460 1066 divinissimis
1488 1009 1721 1063 maxime
1760 1005 2109 1060 sermonibus

532 1106 904 1177 Operibusque
949 1116 1213 1174 perquam
1258 1099 1473 1156 eximiis
1501 1098 1911 1165 humanumque
1943 1109 2107 1148 exce-

533 1197 795 1253 dentibus
821 1193 1065 1257 modum,
1104 1191 1395 1262 rapuisset,
1428 1205 1490 1244 ac
1511 1205 1608 1259 per
1634 1188 1799 1243 ﬁdem
1825 1186 1953 1242 Jesu
1985 1201 2109 1240 con-

533 1290 792 1349 ciliasset,
824 1295 1175 1354 sanctamque
1198 1284 1249 1338 ei
1277 1281 1596 1341 Ecclesiam.
1625 1281 1720 1351 qui
1739 1294 1958 1334 omnem
1985 1279 2108 1334 vin-

531 1380 609 1434 cit
631 1378 976 1434 sanctitatem
1006 1375 1371 1440 conciliasset,
1403 1390 1468 1430 ac
1492 1383 1682 1446 postea
1729 1373 1939 1428 clarum
1965 1371 2109 1426 Deo-

530 1487 638 1541 que
675 1470 898 1540 dignum
928 1467 1024 1521 Dei
1056 1467 1378 1537 martyrium
1406 1466 1754 1535 complesset,
1780 1464 1861 1519 sic
1890 1463 1958 1519 ad
1980 1478 2108 1518 eum

529 1562 774 1632 gaudens
823 1557 1091 1623 evolavit;
1143 1566 1371 1612 cunctos
1403 1555 1625 1626 quidem
1660 1555 2003 1626 principatus
2054 1563 2111 1610 et

529 1661 851 1724 potestates,
884 1649 1188 1719 mundique
1217 1656 1464 1704 rectores
1497 1647 1872 1712 tenebrarum,
1908 1662 1972 1701 ac
1994 1645 2110 1715 spi-

528 1743 712 1798 ritalia
766 1741 952 1795 omnia
1010 1739 1274 1808 nequitiae
1322 1738 1473 1793 velut
1506 1739 1719 1793 somnia
1774 1738 2109 1807 umbrasque

527 1843 976 1904 prastergressus,
999 1829 1171 1884 sacris
1199 1838 1380 1884 autem
1412 1844 1475 1884 ac
1513 1828 1718 1884 divinis
1743 1829 1950 1899 angelis
1980 1830 2113 1896 (coa-

530 1926 709 1979 lorum
753 1921 1076 1992 spiritaliter
1103 1921 1362 1974 reseratis
1386 1919 1592 1991 januis)
1641 1919 1988 1972 intermistus
2021 1918 2109 1984 ³⁶;

531 2015 877 2084 archangelis
921 2012 1137 2068 obviam
1175 2011 1370 2076 factus,
1415 2011 1869 2082 venerabilesque
1901 2011 2110 2082 princi-

532 2115 693 2177 putus
731 2112 1036 2168 assecutus,
1085 2119 1294 2174 perque
1321 2118 1511 2159 omnes
1561 2111 1778 2159 8³110138
1815 2111 2114 2173 potestates

533 2210 697 2270 atque
717 2199 952 2252 virtutes
1001 2211 1066 2251 ac
1112 2195 1517 2250 dominationes
1565 2194 1874 2250 incredibili
1922 2195 2113 2250 laztitia

532 2302 695 2362 atque
750 2288 1115 2345 exsultatione
1163 2301 1517 2342 commeans:
1554 2287 1689 2357 quin
1728 2295 1784 2343 et
1815 2302 1915 2358 per
1964 2287 2114 2357 ipsos

532 2399 750 2455 quoque
795 2382 1000 2437 mundo
1031 2380 1350 2451 superiores
1377 2379 1629 2442 thronos,
1660 2379 1951 2449 mediaque
2000 2379 2112 2434 cel~

531 2477 871 2531 sissimorum
895 2471 1604 2540 venerabilissimorumque
1625 2470 1922 2526 Cherubim
1949 2479 2113 2540 atque

533 2567 820 2636 Seraphim
851 2564 1066 2650 agmina
1097 2562 1390 2626 deductus,
1410 2562 1562 2616 velut
1589 2561 1950 2617 charissimus
1977 2575 2115 2630 prae-

533 2657 877 2724 dilectusque
908 2653 1054 2709 ﬁlius
1091 2652 1142 2706 ei
1181 2651 1511 2720 apparuisti,
1537 2651 1632 2722 qui
1670 2651 1725 2705 in
1751 2651 1890 2705 solio
1927 2651 2116 2722 gloriae

537 2747 690 2818 regni
731 2747 816 2802 sui
862 2745 1122 2799 laudatur
1159 2745 1243 2810 '7;
1299 2753 1659 2814 actanquam
1689 2743 1884 2808 victor,
1915 2752 1973 2798 et
2017 2741 2113 2812 qui

534 2841 601 2893 ad
630 2838 791 2894 ﬁnem
816 2853 989 2907 usque
1017 2836 1221 2892 Christi
1245 2836 1554 2891 servaveris
1575 2850 1761 2905 opera,
1785 2833 2114 2889 diviniorem

535 2931 736 2984 iterum
769 2928 1259 2998 sublimioremque
1281 2937 1607 2997 potestatem
1643 2927 1697 2981 in
1735 2935 1926 2998 gentes
1952 2925 2020 2980 ab
2047 2939 2116 2981 eo

535 3021 912 3092 consequeris,
945 3021 1130 3090 eique,
1183 3020 1338 3090 juxta
1386 3019 1631 3074 divinam
1656 3018 2111 3088 promissionem,

2221 539 2482 610 Χριστοῦ.

2281 738 2440 793 Οῦτω
2464 739 2600 808 πρὸς
2616 739 2726 801 τοῖς
2741 736 2938 801 ἄλλοις,
2969 735 3061 788 καὶ
3077 735 3344 791 Ἔδεσσαν
3363 735 3625 810 μεγίστην
3639 736 3821 793 οὖσαν

2209 832 2305 899 τῆς
2329 830 2523 900 Συρίας
2556 827 2885 900 μητρόπολιν
2921 827 3264 892 καταλαϐὼν,
3296 829 3390 882 καὶ
3446 830 3504 882 ὲν
3533 832 3675 900 αὑτῇ
3723 832 3820 885 τὸν

2209 921 2444 991 Χριστὸν
2469 921 2570 973 οὑκ
2610 920 2825 982 ἀπόνως
2863 919 3382 989 εύαγγελισάμενος,
3415 921 3591 974 πᾶσαν
3633 938 3701 974 τε
3737 922 3819 991 τῷ

2208 1011 2439 1083 διαϐόλῳ
2496 1012 3010 1083 προσανακειμένην
3038 1014 3397 1082 ἀφαρπάσας,
3446 1012 3504 1064 ἔν
3535 1029 3592 1065 τε
3621 1012 3817 1080 λόγοις

2208 1105 2287 1156 ὅτι
2320 1105 2557 1173 μάλιστα
2600 1105 2904 1166 Θειοτάτοις
2957 1106 3050 1158 καὶ
3080 1105 3263 1174 ἔργοις
3315 1104 3815 1175 ὑπερφυεστάτοις,

2210 1195 2305 1246 καὶ
2328 1194 2416 1246 διὰ
2444 1195 2679 1258 πίστεως
2713 1194 2791 1264 τῷ
2843 1195 3018 1264 Ἰησοῦ
3052 1194 3502 1265 προσοικειώσας,
3529 1196 3626 1248 καὶ
3681 1195 3816 1249 Ἐκ-

2209 1285 2437 1356 κλησίαν
2467 1287 2628 1354 ἀγίαν
2655 1286 2731 1355 τῷ
2763 1287 3048 1358 ὑπεραγίῳ
3074 1271 3280 1358 ταύτην
3323 1286 3812 1358 ἀφιερωσάμενος,

2210 1378 2304 1429 καὶ
2333 1377 2472 1446 μετά
2504 1376 2680 1430 ταῦτά
2704 1394 2762 1430 τε
2807 1379 3105 1450 μαρτύριον
3144 1378 3386 1446 καθαρόν
3413 1395 3473 1431 τε
3514 1379 3610 1432 καὶ
3654 1377 3805 1443 ἀξιό-

2213 1465 2334 1518 οεον
2387 1467 2881 1538 ἀποπεπληρωκὼς
2919 1469 2994 1540 τῷ
3028 1469 3168 1540 Θεῷ,
3214 1470 3426 1540 χαίρων
3459 1468 3605 1523 οὕτω
3669 1471 3812 1540 πρὸς

2209 1558 2372 1612 αὑτὸν
2405 1560 2637 1630 ἀνέπτη,
2677 1561 2857 1626 πάσας
2901 1562 3000 1632 μὲν
3042 1562 3218 1632 ἀρχάς
3249 1562 3342 1614 καὶ
3384 1560 3658 1626 ἐξουσίας,
3716 1559 3810 1613 καὶ

2209 1652 2335 1714 τοὺς
2360 1654 2813 1723 κοσμοκράτορας
2837 1653 2928 1706 τοῦ
2955 1654 3201 1718 σκότους,
3224 1655 3318 1707 καὶ
3347 1655 3523 1708 πάντα
3547 1655 3615 1706 τὰ
3647 1652 3811 1706 πνεύ-

2215 1759 2359 1812 ματα
2411 1743 2510 1813 τῆς
2543 1744 2811 1814 πονηρίας
2840 1784 2855 1807 ,
2909 1745 2985 1808 ὡς
3024 1745 3276 1814 ὀνείρατα
3327 1743 3644 1816 παρελθὼν,
3693 1748 3808 1810 τοῖς

2215 1836 2380 1907 ἱεροῖς
2405 1835 2459 1888 δὲ
2491 1836 2585 1889 καὶ
2642 1837 2809 1902 θείοις
2835 1838 3090 1906 ἀγγέλοις
3137 1837 3247 1890 τῶν
3294 1837 3562 1907 οὐρανίων
3594 1837 3808 1908 νοητῶς

2211 1927 2753 1996 ἀναπεπετασμένων
2783 1929 2966 1983 πυλῶν
2994 1928 3386 1999 παρεμϐαλὼν,
3430 1929 3524 1982 καὶ
3552 1931 3674 1992 τοῖς
3706 1928 3807 1999 ἀρ-

2212 2017 2502 2089 χαγγέλοις
2531 2020 2850 2086 ἀντιϐολῶν,
2877 2023 2971 2075 καὶ
3001 2023 3122 2085 ταῖς
3142 2022 3352 2092 τιμίαις
3381 2021 3577 2093 ἀρχαῖς
3597 2018 3807 2090 τυχὼν,

2212 2109 2304 2161 καὶ
2338 2107 2428 2162 διὰ
2451 2109 2632 2180 πάσης
2652 2109 2903 2175 ἐξουσίας
2934 2111 3099 2180 ἀγίας
3128 2113 3219 2165 καὶ
3251 2111 3536 2180 δυνάμεως
3575 2111 3676 2163 καὶ
3707 2127 3807 2162 κυ-

2215 2200 2459 2271 ριότητος
2482 2201 2538 2253 έν
2569 2201 2793 2272 ἀρῤήτῳ
2826 2202 3142 2272 φαιδρότητι
3171 2205 3264 2256 καὶ
3302 2202 3616 2270 ἀγαλλιάσει
3661 2217 3805 2272 παρ-

2213 2289 2340 2344 ιών·
2380 2290 2471 2344 ναὶ
2510 2289 2575 2362 δὴ
2617 2294 2711 2345 καὶ
2749 2291 2840 2345 διὰ
2885 2292 2993 2345 τῶν
3028 2293 3413 2364 ὑπερκοσμίων
3454 2291 3664 2361 Θρόνων
3710 2291 3804 2344 αὑ-

2210 2378 2342 2443 τῶν,
2377 2382 2472 2434 καλ⁵
2499 2381 2590 2434 διά
2617 2382 2796 2452 μέσων
2820 2382 2929 2436 τῶν
2955 2382 3308 2453 ὑψηλοτάτων
3329 2383 3424 2436 καὶ
3454 2381 3800 2435 σεπτοτάτων

2213 2471 2308 2526 καὶ
2323 2472 2398 2525 Χε
2407 2472 2589 2542 ρουϐεί
2597 2491 2635 2541 μ
2655 2490 2713 2526 τε
2732 2473 2826 2526 καὶ
2843 2475 3122 2546 Σεραφεὶμ
3140 2473 3378 2546 προσιὼν
3407 2473 3482 2542 τῷ
3499 2474 3592 2526 ἐπὶ
3607 2472 3798 2542 θρόνου

2212 2562 2371 2634 δόξης
2391 2563 2491 2633 τῆς
2521 2565 2689 2619 αὑτοῦ
2725 2565 3001 2636 βασιλείας
3029 2567 3371 2639 ὑμνουμένῳ,
3411 2565 3486 2630 ὡς
3515 2565 3800 2636 ἀγαπητὸς

2213 2654 2310 2708 καὶ
2336 2655 2516 2725 τίμιος
2549 2655 2914 2729 ὲνεφανίσθης
2944 2659 3080 2724 οίὸς,
3115 2661 3212 2712 καὶ
3254 2658 3328 2720 ὡς
3355 2655 3676 2726 νενικηκὼς,
3710 2657 3800 2708 καὶ

2212 2742 2289 2806 ὡς
2316 2745 2634 2815 τετηρηκὼς
2663 2745 2788 2818 ἄχρι
2815 2746 3002 2811 τέλους
3027 2749 3112 2802 τὰ.
3131 2747 3267 2818 ἔργα
3293 2745 3386 2800 τοῦ
3418 2745 3676 2817 Χριστοῦ,
3705 2744 3800 2816 τὴν

2215 2835 2308 2888 ἐπὶ
2340 2834 2448 2888 τῶν
2476 2836 2648 2891 ἐθνῶν
2693 2835 2852 2902 αὖθις
2893 2839 3218 2911 ὲνθεὼτερόν
3250 2857 3308 2893 τε
3346 2839 3440 2893 καὶ
3470 2839 3798 2910 ὑψηλότερον

2215 2926 2344 2997 παρ’
2373 2926 2540 2981 αὑτοῦ
2573 2929 2872 3000 λαμϐάνεις
2916 2929 3166 2994 ἐξουσίαν
3189 2947 3220 2987 ο,
3241 2930 3338 2984 καὶ
3363 2930 3513 3002 αὑτῷ
3534 2930 3675 2984 κατά
3702 2930 3798 3000 τὴν

2216 3015 2511 3088 ὑπόσχεσιν
2533 3017 2902 3089 συνεδριάζεις
2930 3022 3024 3074 καὶ
3061 3019 3502 3090 συμποιμαίνεις,
3535 3019 3631 3072 καὶ
3658 3033 3798 3087 συμ-

535 3129 824 3172 consessor
855 3112 1065 3168 assistis
1088 3112 1156 3177 ³⁸,
1179 3127 1396 3181 unaque
1428 3111 1628 3182 pascis,
1660 3119 1717 3164 et
1757 3127 1889 3166 vero
1922 3126 2114 3181 pasces

2221 3108 2507 3176 ποιμανεῖς
2557 3108 2614 3162 δὲ
2666 3109 2732 3161 τά
2757 3109 2906 3178 ἔθνη,
2937 3109 3012 3172 ὡς
3064 3109 3234 3179 σκεύη
3284 3108 3454 3162 ταῦτα
3495 3106 3796 3177 συντρίϐων

536 3221 801 3278 regesque
831 3214 1043 3276 gentes.
1067 3203 1419 3274 confringens
1449 3217 1544 3258 eas
1585 3210 1648 3256 ut
1681 3195 1809 3257 vasa
1851 3203 2000 3273 ﬁguli
2026 3203 2116 3256 ³⁸⁸.

539 3299 646 3354 Sed
677 3305 733 3352 et
763 3295 832 3351 de
863 3296 1011 3366 ligno
1045 3293 1190 3359 vitaz,
1249 3293 1394 3363 quod
1431 3303 1516 3348 est
1567 3293 1622 3345 in
1652 3292 1836 3346 medio
1880 3291 2119 3362 paradisi

538 3401 782 3450 sumens,
807 3399 984 3456 eoque
1023 3397 1273 3446 vescens,
1299 3382 1730 3437 excelsissimam
1765 3381 2118 3435 dilectionem

537 3495 601 3534 ac
627 3476 1030 3533 deiﬁcationem
1083 3475 1499 3545 primorumque
1526 3472 1621 3526 Dei
1670 3471 2120 3526 charissimorum

537 3570 830 3640 pignorum
863 3565 1066 3621 effusas
1087 3566 1468 3636 longaavasque
1494 3563 1720 3618 delicias
1752 3572 1916 3632 atque
1947 3563 2122 3618 hono-

540 3675 630 3714 res
661 3656 846 3713 adiisti
875 3657 943 3711 ³⁸.

607 3749 865 3816 Quaenam
902 3747 1068 3818 igitur
1087 3747 1264 3803 oratio
1290 3756 1530 3804 vestram
1555 3748 1812 3819 explanet
1834 3756 1997 3819 atque
2019 3747 2120 3803 de-

538 3844 710 3898 claret
767 3839 1259 3910 magniﬁcentiam?
1316 3838 1450 3906 Quis
1497 3855 1628 3894 vero
1675 3848 1880 3894 tantam
1919 3839 2120 3894 divinat

539 3935 786 3990 scientiae
816 3935 924 3989 vim
955 3941 1051 3988 aut
1081 3933 1566 4004 contemplationis
1598 3934 1992 3989 sublimitatem
2016 3951 2117 3989 na-

538 4036 681 4093 ctus,
710 4037 791 4092 ut,
817 4041 924 4097 qua
954 4025 1172 4096 polletis
1195 4024 1423 4096 gloriam
1451 4033 1507 4080 et
1531 4026 1836 4080 sanctitatis
1867 4025 2117 4098 magniﬁ-

538 4119 797 4182 centiam,
831 4116 1032 4172 audeat
1054 4124 1265 4172 tentare
1283 4118 1306 4170 ‘i
1324 4116 1796 4184 Quemadmodum
1821 4119 1967 4172 enim
1997 4117 2116 4173 ﬁeri

538 4227 650 4265 non
681 4217 885 4279 potest,
939 4216 1001 4262 ut
1033 4207 1130 4278 qui
1176 4217 1400 4262 terreno
1431 4207 1613 4262 adhuc
1658 4209 1834 4262 utitur
1862 4223 2114 4278 corpore,

539 4309 780 4355 vestram
805 4298 1122 4354 beatitatem
1158 4313 1223 4353 ac
1259 4298 1517 4353 deitatem
1553 4300 1877 4368 conspiciat,
1913 4301 1993 4355 sic
2016 4314 2116 4352 ne-

541 4406 649 4459 que
675 4398 735 4443 ut
755 4388 1052 4444 verborum
1075 4388 1306 4443 canticis
1330 4403 1450 4442 eam
1481 4388 1642 4458 digne
1677 4389 1863 4442 laudet
1881 4403 1945 4442 ac
1973 4387 2119 4443 cele-

2221 3199 2499 3270 κεραμικά
2517 3215 2530 3229 ·
2556 3199 2649 3252 καὶ
2679 3199 2784 3252 ἀπὸ
2815 3199 2909 3252 τοῦ
2951 3199 3107 3264 ξύλου
3135 3200 3192 3253 δὲ
3220 3201 3318 3270 τῆς
3344 3198 3490 3268 ζωῆς
3512 3197 3606 3250 τοῦ
3648 3197 3794 3262 ὄντος

2219 3289 2278 3341 ἐν
2309 3288 2458 3358 μέσῳ
2490 3287 2568 3357 τῷ
2598 3288 2911 3359 παραδείσῳ
2940 3288 3120 3342 λαϐὼν
3161 3289 3256 3342 καὶ
3285 3285 3496 3358 φαγὼν,
3533 3287 3634 3354 τῆς
3656 3288 3795 3357 NT

2218 3377 2445 3449 λοτάτης
2476 3381 2808 3448 ἀγαπήσεως
2850 3381 2941 3433 καὶ
2972 3379 3218 3444 θεὼσεως
3237 3397 3252 3412 ο
3287 3379 3380 3433 καὶ
3412 3378 3522 3432 τῶν
3566 3377 3798 3448 πρώτων

2219 3469 2353 3522 Θεοῦ
2387 3471 2616 3524 τεκνίων
2643 3472 2744 3543 τῆς
2789 3471 3082 3541 ἀκρασίας,
3150 3471 3244 3524 καὶ
3297 3469 3395 3540 τῆς
3441 3468 3797 3540 μακραίωνος

2221 3561 2554 3632 ὲπιϐέϐηκας
2587 3567 2797 3634 τρυφῆς
2830 3565 2924 3617 καὶ
2952 3563 3144 3633 τιμῆς.

2286 3732 2390 3797 Τίς
2418 3731 2486 3789 ἀν
2506 3729 2602 3789 οὖν
2631 3733 2844 3805 γένοιτο
2871 3738 3030 3808 λόγος
3059 3741 3160 3811 τῆς
3187 3742 3456 3812 ὑμετέρας
3489 3743 3808 3816 έκεραντοριο

2223 3822 2318 3888 κδς
2349 3825 2807 3898 μεγαλειότητος;
2850 3829 2935 3894 τίς
2976 3829 3032 3885 δὲ
3072 3833 3165 3886 ἐπὶ
3193 3831 3446 3886 τοσοῦτον
3469 3835 3744 3903 Θεολογίας
3773 3836 3803 3904 ἢ

2223 3914 2456 3981 θεωρίας
2504 3917 2673 3987 ὕψους
2701 3920 2951 3988 ἀφίκετο,
2980 3922 3056 3986 ὡς
3079 3922 3178 3995 τὴν
3205 3924 3328 3979 καθ’
3357 3925 3502 3995 ὑμᾶς
3529 3925 3688 3990 δόξαν
3716 3927 3806 3980 καὶ

2223 4007 2706 4078 μεγαλοπρέπειαν
2761 4011 2862 4079 τῆς
2915 4013 3206 4084 ἁγιότητος
3254 4017 3529 4086 ἐκφράσαι
3563 4017 3802 4088 τολμᾷν;

2221 4096 2432 4168 Ὥσπερ
2483 4099 2590 4169 γὰρ
2646 4103 2930 4172 ἀμήχανον
2984 4103 3075 4158 τὸν
3134 4105 3214 4158 ἔτι
3266 4105 3480 4176 σώματι
3526 4108 3806 4178 χρώμενον

2218 4187 2403 4258 γεηρῷ
2433 4186 2530 4258 τὴν
2581 4190 2856 4262 ὑμετέραν
2916 4196 3348 4266 μακαριωσύνην
3399 4197 3495 4250 καὶ
3556 4199 3804 4267 θειότητα

2218 4281 2478 4350 καθορᾷν,
2511 4281 2685 4346 οὕτως
2711 4284 2881 4355 αὐτὴν
2913 4287 3007 4340 καὶ
3035 4289 3148 4350 τοῖς
3169 4287 3258 4342 διά
3285 4288 3394 4341 τῶν
3423 4288 3599 4356 λόγων
3619 4289 3804 4358 ὕμνοις

2216 4372 2380 4439 ἀξίως
2403 4373 2664 4428 ἀδύνατον
2690 4377 2978 4447 εὐφημεῖν.
3017 4379 3204 4445 Ἀξιον
3251 4381 3545 4451 τοιγαροῦν
3586 4382 3686 4450 τὴν
3722 4397 3807 4432 σε·

544 4481 686 4534 brct.
722 4479 963 4550 Equum
1011 4479 1243 4549 proinde
1268 4489 1327 4532 ut
1368 4481 1813 4549 augustissimum
1845 4479 2114 4550 digneque

2221 4464 2493 4534 πτοτᾱιτην
2531 4466 2628 4518 καὶ
2657 4465 3262 4542 ἀξιομακαριστοτάτην
3295 4473 3806 4543 προσαγορεύοντας

543 4575 920 4630 beatissimum
948 4583 1115 4644 caput
1149 4575 1467 4638 salutantes,
1499 4574 1572 4628 ita
1605 4573 1852 4629 dicamus
1887 4591 1901 4628 :

615 4667 771 4722 Salve
792 4666 888 4730 sis,
921 4681 955 4721 ο
983 4665 1142 4720 beate
1174 4663 1291 4735 ipse
1316 4665 1612 4734 inspector,
1657 4679 1896 4733 vereque
1937 4678 2000 4717 ac
2025 4677 2115 4717 se-

545 4759 672 4814 dule
701 4759 798 4814 Dei
827 4757 993 4814 Verbi
1023 4756 1248 4812 famule.
1285 4755 1443 4812 Salve
1474 4756 1570 4821 sis,
1600 4755 1739 4812 Juda
1771 4753 2115 4821 charissime,

544 4850 815 4920 dignaque
842 4849 960 4904 veri
989 4847 1205 4903 lsraelis
1235 4854 1290 4902 et
1320 4845 1436 4910 Dei,
1466 4861 1531 4900 ac
1560 4860 1688 4899 vere
1718 4845 1891 4900 Deum
1929 4845 2120 4901 viden-

547 4941 638 5004 tis,
664 4940 848 5009 proles
872 4941 885 4992 ι
912 4937 1060 5009 quod
1083 4946 1392 5009 tequoque
1423 4951 1549 4996 vere
1601 4935 1992 5002 laudas-erunt,
2020 4953 2118 5006 pa-

546 5032 825 5102 rentisque
879 5031 1238 5086 similitudine
1269 5031 1638 5085 adoraverunt
1677 5040 1844 5098 atque
1887 5028 2120 5084 adorant

545 5123 820 5192 spiritales
841 5122 1039 5178 fratres
1063 5123 1141 5177 tui
1174 5141 1189 5175 :
1219 5121 1368 5193 quod
1399 5121 1543 5175 sicut
1595 5121 1684 5176 ille
1725 5135 1790 5174 ex
1824 5119 2008 5182 Patre,
2041 5118 2121 5172 sic

547 5226 602 5270 tu
647 5232 868 5286 quoque
897 5231 964 5272 ex
1009 5216 1102 5270 illo
1125 5215 1375 5270 divinum
1410 5229 1657 5284 germen,
1690 5212 1926 5267 velutex
1961 5211 2120 5265 leone

542 5311 757 5365 catulus
790 5307 1146 5364 emersisti”‘
1185 5326 1197 5362 :
1229 5322 1294 5362 ac
1313 5308 1458 5362 sicut
1479 5307 1564 5360 leo
1598 5305 1652 5359 in
1677 5303 1858 5359 medio
1885 5301 2119 5358 incredi-

544 5400 672 5455 tatis
719 5409 828 5455 tua:
878 5398 1150 5452 recubans
1205 5393 1564 5459 obdormisti;
1601 5407 1702 5447 nec
1756 5392 1850 5463 qui
1891 5393 2120 5447 suscitet

545 5491 688 5544 ullus
719 5497 804 5544 est
825 5488 940 5558 (qui
971 5485 1233 5541 nimirum
1256 5501 1289 5540 a
1313 5481 1546 5553 spiritali
1568 5481 1866 5537 abacturus
1903 5483 1974 5536 sit
2007 5481 2117 5535 hae-

546 5577 797 5644 reditate)
844 5575 992 5645 quod
1031 5574 1240 5628 asinam
1274 5581 1423 5626 tuam
1452 5581 1506 5626 et
1533 5570 1742 5640 pullum
1774 5580 1928 5626 tuum
1959 5571 2114 5640 (gen-

619 5747 663 5778 ³⁸
688 5747 915 5816 Epliess.
957 5765 1026 5813 γι,
1061 5749 1147 5802 19.
1226 5751 1266 5782 ³⁷
1296 5751 1428 5804 Dan.
1457 5765 1532 5812 Ill,
1565 5749 1652 5801 5i.
1737 5749 1778 5779 ³³
1809 5748 1999 5802 Matth.
2038 5763 2121 5801 xix

2217 4555 2481 4626 κεφαλὴν.
2513 4555 2658 4611 οὑτω
2687 4559 2850 4626 φάναι
2870 4574 2886 4592 ’

2289 4657 2487 4730 Χαῖρε,
2505 4651 2550 4713 ὧ
2577 4657 2764 4729 μάκαρ
2791 4656 3056 4723 αὑτόπτα,
3083 4657 3180 4712 καὶ
3217 4658 3464 4729 ὑπηρέτα
3480 4657 3668 4727 γνήσιε
3708 4657 3797 4710 καὶ

2218 4751 2512 4822 δραστήρια
2541 4749 2636 4804 τοῦ
2681 4749 2818 4804 Θεοῦ
2837 4750 3013 4818 Λόγου
3037 4767 3050 4780 ·
3087 4753 3266 4821 χαῖρε,
3306 4749 3475 4802 ’ἰούδα
3511 4749 3676 4818 τίμιε,
3707 4749 3800 4802 καὶ

2219 4844 2336 4908 ἄξιε
2365 4840 2457 4894 τοῦ
2489 4839 2746 4913 ἀληθινοῦ
2793 4840 3009 4913 Ἰσραὴλ
3039 4841 3132 4894 καὶ
3164 4839 3321 4904 Θεοῦ,
3369 4843 3462 4894 καὶ
3491 4840 3622 4892 Θεὸν
3665 4837 3798 4908 ἁλη-

2222 4935 2330 5006 ίὶῶς
2359 4933 2592 5006 ὁρῶντος
2616 4933 2793 5004 Ἰησοῦ
2823 4934 3061 5004 Χριστοῦ
3094 4936 3224 4987 παῖί
3262 4934 3344 4986 ὅτι
3389 4938 3480 4986 καὶ
3516 4933 3574 4985 σὲ
3602 4933 3798 5003 ᾔνεσαν

2220 5004 2408 5089 έντως,
2440 5025 2534 5078 καὶ
2567 5025 2626 5078 ἐν
2657 5022 2966 5092 ὁμοιώματι
2998 5023 3092 5076 τοῦ
3123 5023 3432 5085 τετοκότος,
3468 5023 3517 5075 oi
3547 5023 3604 5075 ἐν
3640 5022 3800 5074 πνεύ-

2226 5133 2356 5186 ματι
2382 5115 2600 5184 ἀδελφοί
2647 5130 2742 5167 σου
2797 5113 3212 5185 προσεκύνησαν
3240 5115 3332 5166 καὶ
3363 5110 3756 5183 προσκυνοῦσιν
3781 5126 3795 5141 ⁸

2221 5209 2302 5261 ὅτι
2336 5206 2588 5278 καθάπερ
2620 5209 2686 5260 ὲκ
2719 5205 2813 5260 τοῦ
2841 5205 3054 5278 Πατρὸς
3081 5206 3308 5268 ἐκεῖνος,
3339 5203 3512 5266 οὕτως
3539 5202 3598 5266 ἐξ
3635 5201 3798 5256 αὑτοῦ

2225 5298 2288 5350 σὺ
2319 5296 2581 5366 θεόφυτος
2603 5294 2850 5366 βλαστὸς,
2873 5296 2948 5360 ὡς
2988 5297 3052 5348 ix
3091 5295 3303 5358 λέοντος
3349 5293 3588 5363 σκύμνος
3615 5293 3798 5346 ἀνεδό-

2176 5419 2184 5426 -
2227 5387 2324 5466 οης
2348 5405 2362 5420 ο
2388 5389 2480 5441 καὶ
2510 5387 2699 5458 ὥσπερ
2721 5387 2858 5442 λέων
2886 5387 3158 5458 ἀναμέσον
3182 5387 3276 5442 τοῦ
3302 5388 3507 5458 κλήρου
3541 5403 3632 5440 σου
3658 5388 3799 5438 ἐκοι-

2229 5479 2408 5551 μήθης
2447 5478 2769 5534 ἀναπεσὼν’
2813 5479 2908 5532 καὶ
2937 5478 3126 5548 ,οὐδεὶς
3175 5481 3204 5533 ό
3250 5480 3503 5545 ἀνιστῶν,
3535 5479 3653 5550 ἢτοι
3703 5478 3798 5547 τῆς

2225 5573 2598 5644 πνευματικῆς
2625 5571 2897 5642 μεθιστῶν
2915 5573 3302 5645 κληρονομίας,
3333 5571 3416 5625 ὅτι
3441 5572 3533 5624 τὸν
3561 5569 3682 5623 δνον
3708 5586 3796 5623 σου

2130 5789 2143 5812 ,
2183 5750 2274 5806 28.
2352 5752 2429 5783 ³⁸*
2463 5750 2604 5806 Psal.
2629 5766 2686 5818 ll,
2718 5752 2772 5806 9.
2853 5752 2894 5785 "
2927 5750 3099 5821 Apoc.
3130 5765 3186 5816 ιι,
3215 5746 3268 5801 7.
3311 5749 3388 5781 ⁸³*
3413 5746 3548 5803 Gen.
3581 5761 3723 5809 xui,
3745 5744 3795 5799 8-
