4040 6410
525 444 629 508 ειη

1689 425 1985 490 ΝῘΟΕΤᾸΞ
2021 421 2558 482 I’APHLAGONIS

3749 269 3755 298 Ι

3673 415 3778 494 273

523 572 587 611 ac
609 555 686 611 illi
718 554 982 610 formatus
1009 550 1139 616 ﬁde,
1165 566 1273 604 una
1299 547 1507 604 Christi
1533 546 1805 608 doctrina,
1837 557 1944 596 una
1983 553 2104 609 gra-

2210 549 2345 597 στει,
2379 535 2478 604 μιᾷ
2506 532 2600 585 τοῦ
2623 531 2859 602 Χριστοῦ
2887 531 3096 602 διδαχῇ,
3149 533 3249 601 μιᾷ
3279 531 3462 603 χάριτι
3509 532 3598 586 καὶ
3621 535 3775 586 πνεύο

524 645 599 700 tia
635 643 942 712 eodemque
982 640 1260 713 perfectus
1314 637 1546 708 Spiritu,
1602 633 1778 705 ipsum
1828 640 2105 702 postremo

524 735 905 791 beatissimum
959 731 1256 801 complevit
1284 727 1682 784 duodenarium
1729 723 2103 794 apostolorum

523 828 756 881 chorum
793 843 807 878 :
856 823 951 894 qui
1005 822 1190 877 ﬁatut
1225 835 1336 875 non
1367 819 1518 889 paria
1543 817 1652 870 illis
1683 813 1905 885 praemia
1931 813 2106 866 hono-

525 931 749 987 resque,
784 925 900 969 tum
930 915 988 970 in
1015 913 1169 969 caelis
1199 927 1228 964 ο
1259 911 1406 980 Rege
1442 907 1628 981 gloria:
1655 921 1719 960 ac
1755 903 2102 974 praemiorum

520 1008 828 1080 justissimo
851 1005 1082 1069 arbitro,
1115 1012 1230 1058 tum
1260 1003 1315 1056 in
1343 1010 1488 1058 terra
1518 997 1661 1068 apud
1693 995 1963 1052 sermonis
1993 1009 2104 1048 non

527 1098 750 1167 iniquos
778 1096 1186 1166 dispensatores
1222 1090 1507 1145 obtineat?
1557 1086 1870 1142 Laudemus
1919 1084 2105 1154 itaque

525 1184 1148 1252 Mathiam,venerabile
1192 1197 1416 1247 nomen,
1471 1181 1716 1243 beatum,
1773 1175 2102 1238 colendum;

523 1295 665 1342 rem,
688 1294 807 1348 quae
831 1292 929 1347 pro
949 1274 1185 1330 nominis
1217 1273 1432 1328 ratione
1471 1281 1587 1326 tum
1613 1269 1968 1338 intelligatur,
1989 1275 2105 1320 tum

524 1370 815 1434 laudetur;
859 1382 988 1422 vere
1044 1366 1306 1420 nimirum
1340 1363 1437 1417 Dei
1497 1361 1726 1422 donum,
1757 1359 1844 1412 his
1893 1357 2108 1412 scilicet

525 1461 621 1531 qui
645 1460 944 1528 accipiunt.
975 1456 1089 1512 Hoc
1117 1455 1283 1510 etiam
1327 1454 1430 1509 sibi
1466 1453 1603 1516 vult,
1632 1449 1782 1520 quod
1813 1449 1892 1502 sic
1918 1447 2106 1516 appel-

525 1552 692 1605 latur.
719 1548 1030 1604 Laudemus
1065 1562 1190 1601 cum
1242 1545 1501 1609 cantico;
1539 1558 1626 1607 ac,
1665 1549 1871 1610 quanta
1930 1537 2106 1592 facul-

524 1652 627 1705 tas,
665 1656 812 1706 eum,
837 1639 933 1710 qui
960 1639 1186 1693 virtutis
1207 1635 1616 1708 magniﬁcentia
1639 1647 1858 1687 omnem
1881 1629 2106 1684 laudum

525 1731 873 1801 Splendorem
932 1730 1234 1799 superavit,
1266 1726 1683 1797 magniﬁcemus
1719 1741 1732 1777 :
1790 1737 1891 1777 nec
1919 1720 2109 1776 verbis

2208 638 2337 690 ματι
2369 621 2448 691 τῷ
2499 620 2648 690 αὐτῷ
2686 622 3142 690 κατηρτισμένος,
3178 621 3276 674 καὶ
3307 621 3408 690 τῆς
3435 621 3778 691 μακαριωτά-

2206 729 2304 782 της
2338 711 2447 768 τῶν
2471 712 2784 766 ἀποστόλων
2807 710 3222 773 δυοκαιδεκάδος
3258 711 3486 782 ὕστερον
3519 708 3782 766 ἀναδέδιι-

2207 821 2328 858 κται
2343 805 2564 874 συμπλη
2574 804 2771 875 ρωτὴς,
2796 804 2912 865 πῶς
2929 802 2991 854 οὐ
3007 803 3117 856 τῶν
3133 803 3264 856 ίσων
3281 801 3461 872 γερῶν
3489 803 3580 855 καὶ
3593 802 3782 872 τιμῶν,

2206 895 2264 948 ἐν
2292 912 2351 948 τε
2377 898 2489 957 τοῖς
2523 897 2771 966 οὐρανοῖς
2805 895 2956 965 παρὰ
2981 894 3062 966 τῷ
3093 894 3312 948 Βασιλεῖ
3349 893 3452 963 τῆς
3481 894 3659 963 δόξης,
3695 895 3779 946 καὶ

2205 987 2314 1040 τῶν
2370 986 2622 1040 ἐπάθλων
2679 985 3006 1055 δικαιοτάτῳ
3060 984 3364 1056 βραϐευτῇο
3424 986 3518 1038 καὶ⁵
3561 985 3653 1039 ἐπὶ
3681 986 3781 1056 γῆς

2206 1077 2356 1148 παρά
2377 1094 2438 1145 γε
2469 1079 2580 1139 τοῖς
2613 1076 2713 1128 οὐκ
2755 1076 2962 1138 ἀδίκοις
2995 1074 3090 1128 τοῦ
3117 1075 3279 1141 λόγου
3308 1075 3610 1142 διαιτηταῖς
3654 1092 3782 1128 κατ-

2206 1170 2394 1235 αξιοῖτ’
2413 1170 2478 1224 ἀν
2495 1187 2511 1237 ;
2527 1169 2840 1237 Αίνέσωμεν
2863 1166 3152 1237 τοιγαροῦν
3173 1166 3414 1234 Μαθίαν,
3424 1166 3487 1220 τὸ
3507 1168 3788 1237 σεϐάσμιον

2205 1264 2397 1334 ὄνομα,
2431 1262 2491 1316 τὺ
2527 1263 2820 1332 μακάριον,
2842 1259 2905 1312 τὸ
2924 1260 3130 1328 τίμιον,
3165 1259 3227 1311 τὸ
3260 1259 3403 1312 κατά
3429 1259 3490 1313 τὸ
3519 1259 3710 1329 ὄνομα,
3731 1261 3788 1314 τὸ

2207 1356 2442 1426 πρᾶγμα
2462 1353 2752 1424 νοούμενον
2791 1352 2886 1404 καὶ
2923 1350 3279 1421 αίνούμενον·
3307 1350 3376 1404 τό
3410 1352 3627 1420 ἀληθῶς
3653 1353 3784 1421 δόμα

2207 1452 2342 1507 Θεοῦ
2365 1495 2380 1518 ,
2413 1451 2613 1523 δηλαδὴ
2676 1454 2787 1515 τοῖς
2815 1449 3154 1521 λαμϐάνουσι
3177 1467 3191 1480 ·
3235 1448 3395 1503 τοῦτο
3423 1447 3536 1518 γὰρ
3559 1448 3595 1518 ἡ
3628 1461 3787 1517 προσ-

2206 1545 2402 1616 ηγορία
2432 1543 2710 1614 βούλεται·
2741 1543 3048 1612 αίνέσωμεν
3083 1542 3198 1612 μετ’
3231 1539 3398 1610 ᾠδῆς,
3437 1537 3531 1591 καὶ
3562 1537 3785 1590 ἀποστο-

2207 1635 2379 1697 λικοῖς
2409 1634 2674 1698 ἐπαίνοις,
2709 1632 2787 1696 ὡς
2818 1631 3040 1700 ἐφικτὸν
3068 1631 3221 1700 ἡμῖν,
3251 1626 3669 1699 μεγαλύνωμεν,
3701 1625 3786 1677 τὸν

2205 1727 2273 1795 τῇ
2294 1722 2633 1794 μεγαλοφυῖᾳ
2658 1722 2758 1792 τῆς
2781 1723 2985 1792 ἀρετῆς
3056 1722 3239 1774 πᾶσαν
3256 1719 3497 1772 ἐπαίνων
3527 1717 3789 1784 ὑπερανα-

527 1822 706 1877 solum
739 1837 931 1876 verum
971 1822 1102 1877 Jesu
1149 1819 1480 1888 discipulum
1517 1817 1841 1878 exaltemus,
1911 1813 2004 1868 sed
2053 1822 2107 1866 et

2208 1815 2380 1868 ϐάντα
2399 1813 2764 1884 λαμπρότητα
2788 1829 2802 1844 ·
2837 1811 2932 1865 καὶ
2969 1811 3044 1882 μὴ
3090 1813 3205 1872 τοῖς
3244 1808 3425 1876 λόγοις
3457 1805 3621 1878 μόνον
3648 1805 3786 1875 ὑψώ-

1246 1871 1474 1980 beoque
1503 1908 1763 1978 acceptis,
1816 1871 1962 1960 illius
1994 1920 2106 1958 me-

2211 1923 2394 1975 σωμεν
2420 1871 2512 1958 τδν
2553 1871 2776 1974 γνήσιον
2827 1902 2921 1956 τοῦ
2969 1871 3471 1972 ’Ἰησοῦμαθητὴνξ
3529 1895 3668 1950 ἀλλά
3694 1871 3789 1950 καὶ

530 2003 763 2058 muriam
791 2005 1182 2074 constipemus.

600 2177 859 2239 Qttaanam
893 2192 1024 2247 ergo
1079 2187 1206 2232 sunt
1241 2192 1489 2240 munera,
1541 2175 1744 2245 quibus
1771 2189 1998 2244 magnus
2025 2187 2108 2227 sa-

531 2279 734 2333 cerque
767 2266 1046 2334 apostolus
1076 2267 1272 2322 lubens
1291 2267 1590 2337 accipitur?
1609 2267 1726 2321 Non
1753 2281 1952 2319 aurum
1981 2264 2107 2320 dico

529 2363 586 2410 et
624 2365 933 2425 argentum,
992 2372 1094 2412 nec
1147 2359 1415 2414 unionum
1466 2357 1745 2428 fulgores,
1781 2366 1876 2411 aut
1927 2363 2109 2411 vestes

528 2443 802 2510 pretiosas
845 2452 1024 2512 (terrae
1061 2445 1269 2502 scilicet
1322 2446 1582 2510 fructum,
1632 2456 1687 2500 ct
1716 2461 1838 2514 quae
1869 2445 1923 2498 in
1962 2453 2108 2498 terra

531 2531 781 2586 diﬁluant
809 2548 872 2587 ac
903 2534 1220 2603 intereant),
1244 2535 1340 2588 sed
1371 2537 1601 2604 perenni
1635 2535 1710 2588 illi
1731 2549 1958 2588 munere
1995 2541 2130 2591 ter-.

533 2638 796 2677 rcnorum
822 2625 1207 2691 abjectionem,
1249 2641 1491 2680 amorem
1535 2626 1864 2689 caelestium,
1912 2641 2108 2680 carna-

531 2715 666 2768 lium
722 2724 1098 2786 eontemptum
1152 2728 1316 2786 atque
1379 2718 1732 2788 neglectum,
1779 2718 2107 2788 spiritalium

530 2821 760 2875 gnavam
792 2823 1012 2877 operam
1045 2825 1342 2879 curamque
1384 2811 1721 2865 offeramus:
1771 2826 1835 2864 ac
1886 2809 2109 2879 quidem

529 2909 635 2965 pro
663 2897 897 2967 pecunia
930 2897 1256 2968 longiusque
1303 2915 1331 2952 a
1367 2901 1577 2954 ratione
1619 2901 1951 2954 abhorrente
1984 2915 2110 2954 cor-

531 2987 682 3056 poris
711 2987 991 3056 voluptate
1021 3002 1084 3042 ac
1109 2987 1338 3043 libidine
1366 2990 1588 3043 virtutis
1611 2988 1948 3044 desiderium
1990 2999 2108 3042 stu-

532 3076 832 3148 diumque;
865 3094 966 3148 pro
1003 3080 1110 3133 cibi
1133 3080 1226 3149 qui
1263 3081 1658 3151 corrumpitur,
1691 3096 1924 3150 operosa
1955 3081 2107 3134 solli-

2206 1998 2480 2068 λαμπροῖς
2521 1996 2603 2049 ὃτι
2642 1995 2878 2066 μάλιστα
2933 1994 3132 2064 δώροις
3176 1991 3272 2046 καὶ
3327 1987 3652 2058 θεοτερπέσι
3700 1987 3786 2057 τὴν

2211 2089 2434 2158 μνήμην
2463 2084 2631 2140 αὐτοῦ
2661 2083 3163 2152 καταπυκάσωμεν.

2278 2179 2414 2231 Τίνα
2442 2177 2621 2230 τοίνυν
2667 2177 2736 2230 τὰ
2761 2175 2933 2247 δῶρα,
2967 2171 3049 2238 οἷς
3077 2177 3105 2228 ό
3139 2174 3313 2243 μέγας
3351 2171 3444 2226 καὶ
3479 2170 3628 2242 ίερδς
3671 2170 3786 2224 ἀπό·

2211 2269 2395 2332 στολος
2427 2269 2608 2339 χαίρει
2647 2267 3138 2338 φιλοτιμούμενοςς
3171 2266 3247 2318 Οὐ
3291 2267 3491 2336 χρυσὸν
3519 2264 3668 2332 λέγω
3703 2262 3786 2318 καὶ

2207 2362 2468 2432 ἄργυρον,
2497 2359 2618 2412 οὐδέ
2665 2358 2832 2412 λίθων
2885 2357 3302 2428 λαμπρότητας,
3340 2355 3464 2410 οὐδὲ
3491 2355 3607 2409 τῶν
3635 2354 3783 2424 ἐσθη-

2213 2451 2397 2519 μάτων
2419 2450 2518 2512 τάς
2581 2448 2918 2518 τιμιότητας,
2950 2445 3052 2515 γῆς
3088 2446 3247 2509 δντας
3278 2444 3509 2517 καρπὸν,
3541 2445 3637 2497 καὶ
3659 2442 3786 2497 κατά

2209 2543 2309 2609 γῆς
2337 2543 2530 2612 ῥέοντα
2555 2541 2649 2593 καὶ
2677 2539 2947 2608 ὀλλύμενα
2967 2554 2981 2569 ·
3021 2537 3158 2591 ἀλλά
3197 2537 3674 2606 δωροφορήσωμεν
3698 2534 3785 2602 τὴν

2209 2633 2318 2685 τῶν
2347 2633 2549 2700 γηΐνων
2574 2631 2858 2694 ἀπόθεσιν,
2894 2629 3001 2682 τῶν
3028 2627 3292 2699 οὐρανίων
3316 2626 3414 2700 τὴν
3447 2627 3655 2696 ἔφεσιν,
3691 2623 3784 2678 τῶν

2212 2722 2488 2792 σαρκικῶν
2547 2721 2644 2792 τὴν
2697 2719 3000 2792 ὑπεροψίαν
3057 2720 3152 2773 καὶ
3202 2720 3302 2790 τὴν
3354 2719 3642 2790 ἀμέλειαν,
3687 2716 3784 2769 τῶν

2210 2813 2596 2884 πνευματικῶν
2619 2813 2718 2882 τὴν
2751 2812 3015 2882 ἐργασίαν
3040 2812 3134 2864 καὶ
3179 2811 3521 2881 ἐπιμέλειαν·
3557 2811 3652 2864 καὶ
3678 2807 3785 2862 ἀντὶ

2213 2905 2313 2975 μὲν
2336 2903 2434 2974 τῆς
2465 2901 2924 2974 βοσκηματώδους
2947 2905 3040 2957 καὶ
3055 2903 3402 2972 ἀλογωτέρας
3423 2900 3514 2954 τοῦ
3544 2899 3783 2970 σώματος

2212 2997 2429 3067 ἡδονῆς,
2461 2996 2559 3065 τὴν
2583 2997 2680 3066 τῆς
2719 2995 2923 3067 ἀρετῆς
2962 2993 3261 3064 ἐπιθυμίαν
3295 2993 3388 3047 καὶ
3415 2994 3514 3062 τὴν
3536 2993 3782 3062 σπουδήν

2211 3088 2331 3140 ἀντὶ
2351 3087 2407 3139 δὲ
2441 3086 2541 3156 τῆς
2568 3087 2696 3158 περὶ
2713 3088 2814 3154 τὴν
2837 3086 3220 3156 ἀπολλυμένην
3245 3085 3446 3156 βρῶσιν
3473 3085 3786 3154 πολυεργίας

533 3169 778 3228 citudine
795 3188 859 3226 ac
877 3173 1179 3243 diligentia,
1195 3189 1480 3230 sacrorum
1499 3176 1848 3244 eloquiorum
1865 3175 2107 3246 legisque

2216 3180 2311 3232 καὶ
2338 3176 2676 3246 φιλοπονίας,
2727 3177 2835 3231 τῶν
2889 3177 3053 3247 ίερῶν
3099 3175 3298 3245 λογίων
3341 3177 3438 3229 καὶ
3485 3173 3584 3229 τοῦ
3634 3175 3784 3245 νόμου

534 3263 765 3333 Spiritus
805 3266 930 3320 vitae
961 3281 1154 3335 puram
1181 3268 1593 3324 meditationem
1626 3268 2019 3324 fructiﬁcemus
2040 3271 2105 3321 ".

535 3354 627 3407 Sic
655 3355 802 3408 enim
826 3370 977 3419 vere,
1022 3356 1109 3410 his
1129 3359 1222 3426 qui
1253 3359 1465 3413 sincere
1494 3359 1738 3424 laudant,
1773 3360 1940 3413 etiam
1987 3373 2110 3412 cor-

536 3441 692 3511 poris
765 3445 1117 3508 necessaria,
1176 3446 1415 3501 ccelestis
1477 3447 1659 3500 Patris
1734 3446 2108 3502 muniﬁcentia

538 3533 764 3586 omnino
794 3532 1172 3588 subministrat
1213 3549 1314 3603 pro
1344 3551 1412 3590 eo
1445 3551 1509 3591 ac
1532 3535 1780 3606 promisit
1812 3536 1894 3593 δι’.

605 3715 725 3771 Non
753 3716 899 3772 enim
929 3717 1132 3772 frustra
1170 3733 1322 3773 sacra
1355 3721 1442 3773 lex
1468 3720 1832 3776 cessationem
1876 3721 1946 3776 ab
1973 3738 2110 3792 ope-

537 3809 696 3863 ribus
715 3810 1117 3880 corporalibus,
1168 3825 1267 3882 per
1297 3812 1421 3867 illos
1471 3813 1708 3868 maxime
1753 3813 1874 3868 dies
1905 3813 2111 3883 quibus

533 3902 802 3956 festorum
829 3903 1095 3958 solemnia
1119 3913 1380 3974 aguntur,
1431 3903 1694 3959 indixisse
1720 3905 2063 3975 conspicitur
2092 3923 2106 3972 ;

535 4007 638 4048 nec
685 4007 752 4048 eo
799 3992 1050 4058 consilio,
1102 4003 1161 4048 ut
1189 3995 1436 4064 corporis
1471 3995 1586 4049 otio
1637 4011 1701 4050 ac
1739 3995 1950 4050 desidia
1985 4012 2110 4050 car-

533 4085 729 4155 nisque
755 4086 985 4141 mollitie
1015 4087 1259 4142 animum
1298 4088 1515 4142 libidini
1549 4089 1900 4154 laxaremus;
1949 4103 2112 4143 secus

534 4191 670 4230 vero
704 4176 908 4234 indicta
943 4179 1252 4243 vacatione,
1284 4180 1386 4234 hoc
1429 4180 1574 4234 serio
1605 4189 1762 4234 curat
1790 4189 1848 4235 et
1888 4180 2020 4251 agit,
2051 4188 2112 4234 ut

535 4275 594 4322 et
614 4282 844 4336 corpore
865 4276 922 4326 et
957 4279 1141 4326 mente
1182 4279 1239 4326 et
1269 4271 1452 4324 animo
1502 4287 1532 4325 a
1582 4280 1802 4326 terrena
1831 4272 2113 4340 inquietu-

538 4357 668 4414 dine
711 4359 1012 4433 laboreque
1035 4376 1099 4415 ac
1135 4361 1383 4415 molestia
1412 4361 1558 4415 circa
1589 4375 1678 4415 res
1715 4377 1882 4416 vanas
1911 4363 2113 4417 libere-

537 4465 683 4514 mur,
713 4458 877 4521 atque
907 4450 976 4505 ad
1006 4451 1213 4506 bonttm
1248 4461 1446 4506 natura
1492 4458 1705 4519 (verum
1737 4454 1872 4508 illud
1901 4454 2109 4509 bonum

2214 3268 2310 3322 τοῦ
2341 3269 2658 3339 Πνεύματος
2687 3271 2786 3338 τῆς
2819 3267 2964 3337 ζωῆς
2993 3269 3091 3338 τὴν
3117 3267 3364 3338 καθαρὰν
3405 3266 3642 3338 μελέτην
3669 3281 3788 3334 καρ-

2213 3359 2547 3429 ποφορῶμεν
2571 3376 2586 3391 ο
2620 3359 2794 3428 ταύτῃ
2830 3358 2938 3428 γὰρ
2971 3357 3184 3428 ἀληθῶς
3215 3360 3329 3420 τοῖς
3361 3357 3609 3426 γνησίως
3647 3354 3787 3418 δοξά-

2209 3451 2385 3517 ζουσι,
2414 3452 2508 3502 καὶ
2549 3451 2582 3520 ἡ
2625 3450 2734 3502 τῶν
2773 3448 3098 3518 ἐπιτηδείων
3122 3447 3216 3500 τοῦ
3249 3447 3502 3517 σώματος
3531 3446 3674 3518 πρὸς
3699 3443 3786 3498 τοῦ

2209 3540 2459 3609 οὐρανίου
2490 3539 2719 3610 Πατρός,
2739 3538 2813 3602 ὼς
2837 3538 3195 3609 ἐπήγγελται,
3219 3537 3432 3599 πάντως
3450 3536 3645 3589 ἕπεται
3672 3550 3785 3606 χορ-

2207 3630 2358 3700 ηγῖα.

2278 3719 2390 3774 Καὶ
2419 3717 2524 3787 γάρ
2554 3717 2653 3771 οὐκ
2681 3717 2802 3785 είκῆ
2840 3714 2937 3787 τὴν
2965 3715 3074 3770 ἀπὸ
3099 3713 3208 3768 τῶν
3245 3713 3577 3783 σωματικῶν
3613 3713 3778 3784 ἔργων

2208 3813 2429 3884 ἀργίαν,
2481 3814 2576 3866 καὶ
2630 3813 2864 3881 μάλιστα
2919 3810 3059 3864 κατὰ
3089 3809 3186 3872 τὰς
3239 3809 3390 3880 ἱερὰς
3440 3806 3548 3860 τῶν
3589 3804 3781 3876 ἑορτῶν

2211 3904 2444 3974 ἡμέρας,
2499 3905 2528 3957 ό
2558 3903 2700 3973 ίερὸς
2753 3901 2999 3971 φαίνεται
3046 3900 3208 3970 νόμος
3265 3897 3636 3968 συντεταχώς·
3679 3894 3782 3950 οὐδ’

2211 3993 2352 4047 ὥστε
2378 3992 2630 4066 ῥᾳστώνῃ
2662 3991 2915 4062 σώματος
2949 3991 3045 4044 καὶ
3090 3991 3307 4044 ἀνέσεσι
3351 3991 3556 4060 σαρκὸς
3586 3991 3786 4059 ἐφεῖναι

2211 4085 2310 4154 τὴν
2357 4082 2535 4154 ψυχὴν
2570 4084 2787 4154 ἡδοναῖς
2811 4097 2826 4112 ·
2878 4081 3185 4135 τούναντίον
3236 4081 3336 4150 μὲν
3359 4075 3472 4144 οὖν,
3509 4082 3605 4134 καὶ
3637 4079 3784 4147 σῶμα

2211 4177 2307 4231 καὶ
2336 4175 2461 4230 νοῦν
2504 4176 2595 4230 καὶ
2623 4174 2797 4245 ψυχὴν
2821 4172 3163 4244 ἐξείργεσθαι
3200 4172 3299 4242 μὲν
3323 4172 3423 4243 τῆς
3457 4174 3610 4226 κάτω
3635 4187 3783 4242 περι-

2212 4269 2406 4339 φορᾶς,
2436 4269 2530 4321 καὶ
2554 4267 2652 4337 τῆς
2684 4266 2814 4336 περὶ
2835 4264 2905 4319 τά
2930 4266 3136 4334 μάταια
3172 4262 3476 4335 μοχθηρίας
3503 4269 3602 4317 καὶ
3631 4261 3782 4331 όχλη-

2214 4365 2338 4434 ρίας
2367 4361 2800 4418 ἀπαλλάττεσθαι
2836 4360 2925 4416 διὰ
2970 4361 3072 4430 τῆς
3125 4360 3321 4431 ἀργίας
3375 4359 3781 4429 προμηθεῖται·

2213 4457 2586 4511 ἀνατείνεσθαι
2611 4455 2667 4508 δὲ
2714 4454 2848 4524 πρὸς
2895 4453 2956 4507 τὸ
2991 4451 3153 4522 φύσει
3187 4452 3370 4515 καλὸν,
3402 4452 3464 4506 τὸ
3518 4451 3688 4513 ὅντως
3732 4448 3785 4500 δν

537 4544 595 4599 et
621 4539 853 4594 amabile
883 4549 1095 4596 naturae
1125 4542 1276 4598 omni
1311 4541 1634 4612 intelligenti
1679 4558 1744 4598 ac
1775 4545 2004 4601 rationis
2052 4545 2107 4600 vi

2213 4548 2414 4617 ἀγαθὸν
2439 4548 2534 4602 καὶ
2558 4512 2858 4617 ἐπέραστον
3059 4545 3218 4614 νοερᾷ
3244 4543 3340 4597 καὶ
3359 4512 3574 4614 ’λογικῇ
3601 4541 3783 4610 otiatur

536 4630 802 4703 praeditas)
853 4634 1160 4703 erigamur;
1207 4632 1449 4702 dumque
1498 4648 1527 4686 a
1562 4635 1839 4690 saecularis
1871 4636 1996 4692 vita:
2031 4638 2111 4690 la-

537 4723 766 4779 boribus
796 4739 860 4780 ac
887 4723 1156 4779 molestiis
1186 4725 1360 4779 otium
1389 4725 1621 4794 agimus,
1655 4727 1922 4796 potiorem
1958 4728 2108 4782 illam

534 4823 592 4870 et
641 4821 951 4869 manentem
982 4813 1212 4867 rationis
1246 4821 1410 4882 atque
1461 4813 1682 4868 virtutis
1729 4815 2108 4884 operationem

535 4902 908 4970 proferamus;
938 4902 1249 4970 divinisque
1289 4902 1520 4956 canticis
1563 4918 1626 4958 ac
1655 4905 1826 4958 sacris
1860 4904 2112 4974 Scriptu-

535 5009 723 5048 rarum
758 4994 1232 5059 meditationibus,
1261 4995 1379 5064 jugi
1410 4983 1646 5064 denique
1694 5013 1920 5066 precum
1965 4998 2106 5053 assi-

535 5085 765 5147 duitate,
792 5086 1028 5141 Domino
1053 5086 1417 5156 perfruamur.

607 5203 649 5234 δ’
681 5203 840 5257 Joan.
871 5219 947 5272 νι,
980 5204 1086 5270 27;
1115 5205 1273 5259 Rom.
1309 5221 1423 5268 vm,
1455 5205 1508 5258 Ξ.
1586 5206 1651 5278 “ﬁ
1677 5206 1867 5260 Matth.
1903 5223 1979 5272 vr,
2004 5209 2094 5262 37.

536 5363 854 5420 cusserunt,
886 5357 1046 5426 cujus
1072 5371 1180 5427 non
1211 5355 1471 5412 videntur
1501 5357 1676 5414 Judmi
1714 5357 2103 5427 habuissejus,

534 5428 630 5481 sed
663 5427 1033 5480 Romanorum
1094 5426 1361 5480 duntaxat
1405 5428 1690 5496 praesides.
1753 5426 2104 5482 Placent’vc—

535 5506 683 5551 teres
733 5495 953 5561 tabulae,
983 5495 1184 5565 quibus
1216 5495 1426 5549 nudum
1467 5498 1679 5551 Mathiaa
1715 5497 2100 5566 consignatum

534 5568 736 5627 natale,
763 5567 1093 5634 quibuscum
1121 5566 1304 5619 malim
1346 5567 1592 5635 proﬁteri
1627 5567 1840 5620 nescire
1869 5567 2101 5635 reliqua,

534 5651 697 5705 quam
754 5651 876 5705 qua:
925 5637 1167 5690 nesciam
1225 5644 1285 5688 ut
1334 5645 1482 5690 certa
1540 5636 1846 5690 venditare.
1891 5635 2105 5690 Crescit

535 5704 752 5773 semper
775 5704 916 5759 fama
948 5706 1153 5759 eundo.
1181 5705 1480 5775 Displicent
1515 5708 1648 5760 Acta
1670 5707 1758 5759 illa
1783 5721 1847 5759 ex
1870 5705 2106 5759 Hebrwo

536 5791 715 5837 versa,
747 5776 892 5844 quod
916 5791 1075 5829 uuam
1104 5774 1346 5830 Judaeum
1389 5776 1562 5829 velint
1614 5775 1827 5828 Malitia:
1880 5775 2105 5844 provin-

577 5848 698 5908 ‘--m,
725 5863 844 5914 quzc
873 5844 976 5899 fuit
1031 5845 1220 5901 Jacobi
1282 5845 1556 5912 Ζεὺοιίιεὶ,
1599 5846 1944 5913 aliorumque
1975 5860 2105 5913 apo-

2211 4640 2306 4692 καὶ
2353 4637 2550 4708 σχολὴν
2599 4638 2708 4692 ἀπὸ
2759 4635 2870 4689 τῶν
2936 4635 3202 4706 βιωτικῶν
3255 4634 3492 4704 ἄγοντας
3551 4633 3781 4704 μόχθων,

2210 4730 2375 4784 παντὶ
2407 4729 2584 4783 σθένει
2631 4728 2732 4800 τὴν
2781 4729 3015 4798 κρείττω
3070 4727 3166 4782 καὶ
3225 4728 3492 4796 μένουσαν
3528 4723 3788 4795 ἐργασίαν

2209 4821 2305 4874 τοῦ
2329 4821 2486 4888 λόγου
2523 4821 2618 4873 καὶ
2644 4821 2743 4888 τῆς
2762 4819 2962 4890 ἀρετῆς
2988 4818 3262 4892 προτιμᾷν
3285 4835 3298 4848 ·
3331 4817 3522 4888 ὕμνοις
3545 4833 3605 4870 τε
3632 4814 3789 4872 θείοις

2211 4912 2308 4966 καὶ
2345 4912 2516 4982 ἱεραῖς
2545 4911 2654 4964 τῶν
2673 4910 2868 4979 λογίων
2901 4909 3154 4978 μελέταις
3183 4914 3276 4964 καὶ
3307 4909 3638 4981 προσευχαῖς
3665 4905 3788 4959 ἀεν-

2217 5006 2364 5066 νάοις
2382 5001 2474 5055 τοῦ
2504 4999 2710 5073 Κυρίου
2741 5002 3114 5074 κατατρυῳᾷν.

2204 5359 2494 5423 stolorum,
2522 5365 2578 5412 et
2611 5373 2719 5428 qua
2769 5357 2982 5422 relicta,
3021 5356 3101 5428 ad
3151 5355 3528 5428 alias_gentes
3557 5350 3788 5428 commi-

2203 5438 2452 5498 grarunt,
2492 5443 2603 5482 uno
2628 5424 2826 5482 relicto
2846 5428 3050 5483 Iacobo
3078 5425 3252 5498 fratre
3300 5424 3518 5498 Domini
3565 5424 3787 5498 ξεινοβο-

2203 5493 2474 5568 lymorum
2506 5498 2774 5562 antistite,
2810 5512 2974 5568 quem
3011 5497 3189 5568 solum
3217 5510 3346 5568 cum
3379 5493 3777 5568 RetroPaulus

2199 5564 2554 5638 Ierosolymis
2585 5577 2662 5638 ret
2717 5568 2775 5620 in
2829 5564 3017 5638 Iudaea
3069 5566 3308 5638 viderit;
3351 5566 3476 5620 aliis
3522 5564 3785 5638 nimirum

2203 5633 2434 5706 ipsoque
2469 5637 2671 5706 Mathia
2706 5652 2806 5705 per
2836 5637 2970 5691 alias
3003 5635 3259 5706 regiones
3305 5650 3406 5706 pro
3443 5633 3785 5703 apostolatus

2203 5705 2431 5760 munere
2465 5705 2752 5776 dispersis,
2785 5706 2875 5760 ubi
2910 5714 3033 5776 post
3061 5705 3336 5776 annos,“
3362 5720 3394 5760 a
3423 5718 3520 5759 sua
3551 5715 3786 5757 conver-

2205 5777 2381 5839 sione,
2414 5791 2480 5829 co
2506 5775 2757 5830 ascendit
2783 5786 2844 5830 ut
2869 5775 3092 5832 Petrum
3145 5775 3433 5845 inviseret,
3463 5784 3673 5830 etcum
3718 5780 3784 5823 eo

2203 5845 2562 5912 Evangelium
2580 5911 2586 5919 _
2604 5847 2898 5902 conferret.
