4040 6398
390 423 497 488 273

1094 424 1374 486 ORATIO
1411 425 1566 486 XIV.
1609 423 1785 483 -ΙΝ
1815 422 2127 484 LAUDEM
2166 425 2226 484 S.
2260 424 2572 486 MATIIL‘E
2608 427 2865 490 APOST.

3551 418 3657 486 274

461 538 620 594 οὕτω
664 538 926 607 γάννυται
977 540 1085 602 πᾶς
1139 539 1440 602 ἀπόστολος
1493 537 1973 608 δωροφορούμενος

2148 536 2285 592 Eum
2328 539 2384 593 in
2431 541 2654 597 modum
2714 540 3039 597 muneribus
3076 538 3251 610 accipi
3283 553 3350 595 ac
3395 538 3657 594 honorari

391 631 485 686 καὶ
503 629 809 701 τιμώμενος
829 647 843 660 ·
873 629 1018 684 οὕτω
1046 629 1140 684 καὶ
1165 632 1270 694 πᾶς
1297 629 1449 698 ἀγιος
1473 645 1486 658 ·
1515 629 1658 683 οὕτω
1687 629 1781 682 καὶ
1808 631 1835 682 6
1860 628 1967 681 τῶν

387 723 558 792 ἁγίων
594 723 773 793 χαίρει
795 720 946 785 Θεὸς,
987 722 1179 790 ’Ἄγιος
1208 724 1268 776 ὲν
1312 721 1492 790 ἀγίοις
1525 722 1964 790 ἀναπαυόμενος,

388 809 484 866 καὶ
505 811 864 881 δοξαζόμενος
892 812 950 863 εν
971 810 1370 879 δοξαζομένοις,
1404 813 1432 864 6
1466 813 1561 865 καὶ
1584 813 1716 882 ἡμῖν
1746 811 1836 864 τὸν
1869 811 1968 880 τῆς

381 903 671 970 ἁγιότητος
700 901 866 972 νόμον
894 901 1226 971 νομοθετῶν.

476 992 690 1047 Οὐκοῦν
759 992 1110 1062 σχολάσωμεν
1163 993 1405 1064 σήμερον
1458 993 1642 1065 πάσης
1701 995 1968 1066 ἐργασίας

384 1083 648 1154 βιωτικῆς
667 1098 682 1114 ·
724 1084 1096 1154 σχολάσωμεν,
1141 1085 1238 1138 καὶ
1270 1085 1491 1156 γνῶμεν
1519 1087 1602 1140 ὅτι
1632 1081 1788 1149 οὗτός
1817 1088 1968 1141 ἐστιν

382 1178 414 1230 6
442 1176 597 1245 Θεὸς,
628 1178 658 1229 6
685 1176 938 1246 καθάπερ
968 1178 1026 1230 ὲν
1070 1176 1321 1248 οὐρανοῖς
1354 1181 1469 1242 τοῖς
1510 1178 1828 1241 ἀποστόλοις
1872 1179 1971 1232 αύ-

384 1268 482 1321 τοῦ
539 1268 829 1333 κατοικῶν,
886 1268 981 1322 καὶ
1012 1269 1131 1332 ὅλος
1165 1268 1234 1322 δι’
1265 1268 1391 1323 ὅλου
1442 1269 1654 1334 τούτοις
1686 1270 1970 1340 ὑπερφυέ-

385 1377 560 1416 στατα
587 1362 664 1432 τῷ
699 1362 970 1433 πνεύματι
1005 1364 1417 1434 συνενούμενος,
1451 1366 1546 1418 καὶ
1581 1364 1743 1434 σῶμα
1771 1365 1971 1418 ἑαυτοῦ

383 1456 798 1526 πανακήρατον,
835 1456 1180 1524 πανάμωμον
1240 1457 1788 1526 κατασκευαζόμενος
1811 1473 1826 1487 ο
1872 1457 1970 1511 καὶ

388 1546 466 1616 μὴ
493 1545 933 1615 περιφρονῶμεν,
966 1546 1081 1599 ἀλλ’
1111 1545 1363 1615 εἰδῶμεν,
1412 1546 1490 1610 ὡς
1522 1548 1631 1617 ὅτῳ
1681 1545 1748 1600 ἂν
1779 1548 1970 1618 τρόπῳ

379 1635 498 1696 τοῖς
530 1633 799 1704 μαθηταῖς
832 1632 1294 1704 προσφερώμεθα,
1326 1633 1486 1687 τοῦτο
1523 1635 1659 1704 πρὸς
1685 1635 1848 1690 αὑτὸν
1876 1637 1970 1690 εύ-

383 1724 624 1786 θυὸόλως
650 1725 742 1778 τὸν
775 1726 1108 1780 Διδάσκαλον
1137 1726 1546 1794 ἀναπέμπεται.
1584 1728 1694 1782 Καὶ
1721 1728 1913 1799 ὥσπερ
1942 1732 1971 1784 6

378 1814 670 1884 δεχόμενος
711 1817 930 1882 αὐτοὺς,
963 1817 1056 1870 τὸν
1089 1817 1490 1872 ἀποστείλαντα
1539 1818 1794 1890 δέχεται·
1827 1819 1970 1875 οὕτω

379 1910 478 1965 καὶ
497 1913 526 1964 6
553 1911 786 1975 ἀθετῶν,
819 1913 1024 1967 ἐκεῖνον
1049 1913 1231 1966 ἀθετεῖ
1247 1913 1472 1984 δηλαδή.

461 2000 617 2055 Ἐπεὶ
637 2001 694 2055 δὲ
727 2001 898 2056 ταῦτα
926 2003 1022 2056 καὶ
1057 2003 1277 2074 εἴρηται
1328 2004 1512 2066 καλῶς
1543 2005 1640 2060 καὶ
1680 2006 1974 2060 πεπίστευ-

375 2109 494 2160 ται,
525 2093 656 2164 φέρε
685 2093 751 2166 δὴ
788 2095 882 2146 καὶ
924 2095 1165 2166 σήμερον
1216 2096 1360 2150 κατά
1387 2096 1448 2150 τὸ
1481 2097 1682 2168 μέτρον
1724 2096 1826 2168 τῆς
1849 2099 1973 2152 ἑπι-

380 2185 790 2254 χορηγουμένης
845 2186 1054 2240 ἀνωθεν
1115 2187 1337 2256 χάριτος
1361 2224 1380 2251 ,
1436 2188 1545 2242 τῶν
1593 2188 1972 2243 ἀποστολικῶν

382 2276 624 2330 ἐπαίνων
676 2275 965 2345 ἁψώμεθα,
998 2278 1096 2332 καὶ
1123 2278 1218 2331 τοῦ
1255 2280 1403 2351 ἱεροῦ
1439 2281 1532 2334 καὶ
1559 2281 1705 2336 θείου
1732 2281 1974 2347 Μαθίου,

384 2366 526 2418 κατά
547 2367 607 2419 τὸ
632 2368 752 2421 ἐνὸν
780 2369 880 2437 τῆς
911 2369 1220 2438 δυνάμεως,
1249 2371 1358 2424 τῶν
1387 2373 1679 2442 εὐφημιῶν
1707 2387 1972 2444 κατατρυ-

383 2455 580 2526 φῶμεν
596 2473 610 2486 ο
648 2459 748 2511 οὐκ
771 2459 851 2523 είς
876 2460 1081 2529 πλῆθος
1115 2461 1209 2515 τὸν
1234 2461 1390 2532 λόγον
1412 2464 1792 2527 ἀποτείνοντες
1808 2481 1822 2494 ·
1852 2466 1972 2520 ούδὶ

380 2547 491 2618 γὰρ
516 2549 797 2618 ἀνέχονται
823 2553 1204 2624 μακρηγορίας
1231 2553 1281 2606 οί
1309 2555 1436 2624 περὶ
1458 2554 1567 2609 τῶν
1589 2555 1753 2609 θείων
1776 2555 1937 2626 ῦμνοι
1953 2573 1968 2585 “

379 2634 464 2703 τῷ
507 2640 941 2710 συντετμημένῳ
995 2641 1050 2694 δὲ
1111 2643 1312 2713 μᾶλλον
1345 2645 1566 2714 ἥδονται
1618 2647 1714 2699 καὶ
1761 2647 1968 2718 γοργῷ.

384 2726 598 2793 Ἀλλως
623 2729 704 2794 δὲ,
737 2731 858 2784 οὐδὲ
891 2733 1013 2786 καθ’
1047 2733 1278 2788 ἕκαστον
1321 2736 1430 2789 τῶν
1460 2738 1767 2808 εἰρημένων
1793 2738 1966 2809 αύτῷ,

382 2819 427 2888 ἢ
445 2821 871 2892 πεπραγμένων,
903 2825 1004 2878 ὅσα
1033 2828 1153 2890 ταῖς
1182 2831 1422 2898 μακραῖς
1452 2830 1723 2900 περιόδοις
1753 2842 1972 2903 κατωρ-

385 2910 602 2965 θώσατο
648 2913 902 2978 διεξιέναι
934 2918 1134 2981 σκοπός
1159 2935 1176 2951 ο
1207 2919 1348 2973 ἀλλά
1383 2921 1599 2990 πρῶτον
1631 2925 1730 2994 μὲν
1775 2925 1874 2994 τὴν
1903 2927 1977 2978 ie-

387 3003 490 3072 ρὰν
527 3003 720 3073 κλῆσιν
745 3045 758 3067 ,
795 3005 987 3059 ἔπειτα
1015 3008 1112 3078 τὴν
1159 3010 1268 3063 ἀπὸ
1301 3011 1401 3081 τῆς
1431 3011 1689 3085 δευτέρας
1709 3014 1818 3068 τῶν
1841 3016 1976 3068 ἁποο

388 3092 594 3146 στόλων
617 3093 825 3158 τάξεως
869 3096 961 3149 ἐπὶ
984 3096 1081 3168 τὴν
1126 3099 1354 3171 πρώτην
1382 3102 1550 3156 αὑτοῦ
1585 3108 1978 3176 προσυπομνή-

389 3201 583 3248 σαντες
640 3187 934 3258 ἀναγωγήν
1028 3185 1147 3243 εἶτα
1201 3191 1300 3262 τὴν
1353 3194 1591 3264 μέθεξιν,
1639 3197 1760 3267 ἦτοι
1811 3199 1976 3268 λῆψιν

386 3276 486 3329 τοῦ
536 3277 877 3346 Πνεύματος,
918 3282 1014 3334 καὶ
1063 3281 1163 3354 τὴν
1185 3285 1552 3357 ἀποστολικὴν
1605 3296 1832 3360 πορείαν
1856 3293 1976 3344 ἐπι-

385 3369 703 3438 τέμνοντες,
752 3373 845 3424 καὶ
905 3371 1112 3442 βραχέα
1160 3378 1678 3448 προσφωνήσαντες,
1733 3381 1976 3448 ἀφοσιω-

387 3458 598 3528 σόμεθα
630 3462 867 3532 μετρίως
894 3462 1039 3517 οὕτω
1065 3465 1163 3534 τὴν
1191 3465 1440 3536 ὀφειλὴν.

472 3549 731 3618 Ἐκεῖνος,
783 3555 1123 3628 Ἰσραηλίτης
1165 3558 1266 3628 μὲν
1295 3555 1364 3630 ἦν
1419 3560 1658 3633 ἀληθῶς,
1695 3561 1886 3634 ὥσπερ
1913 3564 1978 3634 δὴ

387 3643 484 3697 καὶ
514 3644 716 3708 πάντες
755 3647 806 3698 οί
865 3647 1131 3716 μαθηταὶ,
1187 3651 1283 3702 καὶ
1335 3651 1525 3705 τέκνον
1557 3653 1654 3706 τοῦ
1699 3655 1976 3727 Ἀδραὰμ,

387 3733 466 3796 ὡς
512 3734 573 3787 τὸ
608 3734 770 3805 ἔργον
811 3737 1130 3806 πεποιηκὼς
1151 3739 1246 3792 τοῦ
1288 3739 1574 3812 Ἀδραάμο
1603 3742 1760 3816 εἴπερ
1818 3746 1978 3814 ἔργον

391 3825 628 3891 ἐκείνου,
659 3827 844 3891 πίστις
890 3829 1217 3901 εἰλικρινὴς,
1251 3833 1344 3886 καὶ
1376 3834 1408 3904 ὴ
1463 3835 1706 3906 ἑπομένη
1735 3836 1871 3907 αὐτῇ
1902 3838 1982 3891 δε-

392 3916 679 3987 καιοσύνη·
723 3917 947 3988 ἐλεγχος
988 3920 1046 3975 δὲ
1076 3921 1258 3993 πάσης
1288 3923 1390 3992 τῆς
1424 3924 1681 3990 πίστεως,
1712 3929 1742 3980 6
1775 3927 1979 3999 Κύριος

405 4005 634 4076 Ἰησοῦς,
661 4006 720 4071 ὃς
745 4010 841 4062 καὶ
887 4007 1033 4073 λίθος
1065 4007 1513 4082 προσκόμματος,
1542 4014 1638 4066 καὶ
1678 4012 1858 4084 πέτρα
1895 4033 1982 4067 τε-

2075 627 2318 697 gestiunt
2347 645 2538 688 omnes
2570 633 2801 705 apostoli
2841 653 2853 688 :
2900 634 2982 689 sic
3008 642 3066 687 et
3093 633 3268 688 sancti
3315 647 3545 698 omnes;
3576 632 3658 686 sic

2073 726 2131 773 et
2167 729 2481 777 sanctorum
2515 725 2680 790 Deus,
2703 726 2796 796 qui
2822 724 3059 780 Sanctus
3081 723 3136 778 in
3162 724 3368 778 sanctis
3387 721 3658 793 conquie-

2075 814 2198 877 scit,
2231 816 2597 889 laudibusque
2629 821 2906 891 excipitur
2939 820 2994 875 in
3025 819 3092 874 iis
3118 817 3213 888 qui
3249 817 3566 881 laudantur,
3592 829 3658 870 ac

2075 903 2237 960 nobis
2267 914 2327 960 ut
2355 906 2530 963 simus
2557 910 2754 974 sancti,
2787 910 2906 980 lege
2925 908 3123 964 sancit.

2145 995 2319 1066 Igitur
2373 1014 2636 1056 vacemus
2675 1002 2838 1058 hodie
2885 1002 2953 1056 ab
3000 1001 3150 1056 omni
3191 1015 3259 1056 ex
3305 998 3493 1056 smculi
3551 1013 3656 1054 usu

2075 1097 2273 1151 opere;
2320 1100 2582 1143 vacemus
2612 1103 2677 1143 ac
2733 1087 3124 1160 intelligamus,
3158 1088 3417 1160 quoniam
3450 1087 3541 1141 hic
3567 1094 3653 1141 est

2076 1174 2242 1240 Deus,
2268 1176 2362 1245 qui
2391 1178 2446 1232 in
2470 1180 2734 1248 apostolis
2759 1181 2873 1236 suis
2902 1180 3114 1236 habitat
3135 1181 3286 1235 velut
3305 1179 3360 1234 in
3387 1179 3545 1235 cmlis
3567 1178 3651 1244 “;

2077 1275 2335 1337 totusque
2363 1285 2428 1324 ex
2461 1279 2576 1326 toto
2603 1273 2684 1328 eis
2708 1288 2875 1343 supra
2896 1289 3060 1344 quam
3081 1273 3281 1328 eximia
3303 1271 3516 1326 ratione
3537 1271 3652 1341 spi-

2077 1357 2187 1412 ritu
2219 1359 2431 1425 unitur,
2479 1377 2751 1432 suumque
2782 1363 3322 1433 incorruptissimum
3355 1371 3413 1417 et
3461 1363 3658 1417 imma-

2077 1448 2477 1506 culatissimum
2520 1467 2724 1522 corpus
2759 1453 2883 1508 illos
2929 1452 3138 1508 efficit:
3197 1467 3300 1507 nec
3328 1465 3461 1507 vero
3517 1466 3656 1507 con-

2079 1549 2406 1606 temnamus,
2424 1543 2521 1598 sed
2556 1544 2948 1615 intelligamus,
2983 1559 3094 1614 quo
3125 1543 3344 1599 tandem
3374 1540 3540 1597 modo
3570 1539 3657 1595 usi

2077 1631 2366 1703 discipulis
2413 1634 2702 1700 fuerimus,
2732 1635 2786 1690 id
2817 1635 2883 1690 ad
2913 1635 3092 1705 ipsum
3137 1643 3288 1691 recta
3336 1633 3654 1705 Magistrum

2077 1737 2363 1798 spectare:
2389 1743 2454 1782 ac
2487 1727 2634 1784 sicut
2659 1728 2754 1798 qui
2785 1743 2882 1783 eos
2913 1728 3131 1798 recipit,
3176 1742 3303 1782 eum
3333 1726 3530 1796 recipit
3561 1723 3656 1794 qui

2077 1819 2257 1889 ipsum
2285 1821 2472 1884 misit,
2503 1821 2585 1876 sic
2625 1819 2720 1890 qui
2755 1820 2988 1891 spernit,
3022 1820 3176 1875 illum
3209 1819 3399 1890 utique
3430 1830 3657 1888 speme-

2007 1892 2048 1948 Β
2079 1927 2160 1977 re,
2185 1921 2339 1967 certo
2370 1912 2690 1967 noverimus
2716 1912 2783 1967 “.

2146 2003 2602 2074 Quandoquidem
2632 2014 2816 2060 autem
2869 2003 2987 2060 haec
3016 2011 3166 2059 recte
3209 2010 3322 2058 tum
3353 2002 3501 2057 dicta
3540 2011 3658 2058 tum

2078 2095 2287 2151 credita
2313 2103 2462 2160 sunt,
2487 2112 2585 2167 age
2612 2097 2778 2152 hodie
2804 2097 2972 2152 etiam
3003 2111 3104 2168 pro
3132 2110 3410 2151 concessae
3440 2094 3658 2150 cmlitus

2079 2187 2265 2255 gratia:
2316 2187 2560 2254 modulo,
2623 2189 2956 2258 apostolicas
3007 2188 3200 2244 laudes
3252 2187 3655 2258 aggrediamur,

2047 2343 2052 2348 ν
2080 2278 2333 2347 sacrique
2353 2293 2419 2332 ac
2449 2278 2621 2332 divini
2655 2279 2892 2345 Matbize,
2936 2287 3144 2350 quanta
3170 2280 3254 2334 vis
3279 2279 3446 2334 animi
3492 2295 3556 2335 ac
3577 2279 3662 2333 fa-

2079 2370 2277 2435 cultas,
2303 2371 2596 2440 praeconiis
2622 2371 2730 2425 laeti
2756 2371 3138 2442 indulgeamus
3167 2390 3180 2424 :
3211 2385 3320 2424 non
3352 2385 3417 2424 ea
3449 2370 3662 2424 ratione

2081 2470 2143 2515 ut
2174 2477 2485 2518 sermonem
2524 2462 2682 2532 c0pia
2717 2461 3107 2531 protrahamus
3137 2475 3152 2514 :
3183 2474 3312 2514 nam
3360 2474 3542 2529 neque
3571 2458 3660 2513 di-

2078 2552 2221 2607 vina:
2251 2552 2441 2608 laudes
2471 2552 2844 2622 prolixitatem
2876 2551 3081 2616 ferunt,
3123 2549 3259 2621 quin
3293 2549 3449 2605 brevi
3473 2549 3658 2620 potius

2079 2658 2144 2697 ac
2159 2641 2333 2698 vivaci
2353 2658 2450 2698 seu
2480 2643 2707 2699 incitato
2737 2643 2960 2713 eloquio
2981 2643 3226 2713 proclive
3250 2643 3659 2713 depanguntur.

2078 2735 2157 2790 Ac
2189 2751 2293 2791 nec
2327 2744 2592 2805 praeterea
2622 2735 2757 2791 illud
2787 2735 2977 2792 animo
3009 2735 3393 2799 constitutum,
3419 2741 3480 2788 ut
3516 2732 3664 2787 dicta

2079 2841 2313 2896 quaeque
2346 2835 2442 2881 aut
2499 2826 2641 2882 facta
2691 2826 3060 2898 (quaecunque
3090 2827 3304 2882 scilicet
3328 2841 3427 2896 per
3471 2824 3666 2895 longos

2082 2917 2350 2972 circuitus
2380 2919 2640 2988 praeclare
2694 2918 2772 2973 illi
2809 2927 2962 2990 gesta
2989 2919 3140 2988 sunt)
3188 2917 3521 2979 edisseram;
3565 2914 3664 2970 sed

2083 3017 2144 3062 ut
2171 3009 2410 3079 primum
2454 3024 2610 3064 sacra
2641 3010 2929 3065 vocatione
2969 3009 3163 3071 relata.
3212 3017 3441 3076 tumque
3466 3007 3588 3078 ejus
3633 3021 3664 3058 a

2084 3101 2326 3157 secunda
2355 3101 2422 3155 ad
2467 3102 2702 3171 primam
2751 3102 3127 3172 apostolorum
3179 3099 3410 3155 classem
3465 3114 3664 3168 prove-

2085 3194 2266 3248 ctione
2289 3203 2540 3259 narrata;
2565 3193 2876 3264 exindeque
2903 3193 3232 3262 compendio
3258 3191 3517 3246 collatum
3539 3190 3664 3260 Spi-

2086 3284 2226 3338 ritus
2271 3283 2500 3349 donum,
2541 3300 2606 3340 ac
2638 3300 2740 3355 pro
2772 3284 3077 3354 apostolico
3129 3297 3360 3338 munere
3405 3289 3661 3351 suscepta

2085 3375 2283 3429 itinera
2303 3375 2574 3437 exsecuti,
2603 3375 2870 3444 brevique
2892 3372 3289 3429 acclamatione
3323 3387 3419 3427 seu
3455 3371 3662 3426 saluta-

2087 3467 2235 3520 tione
2262 3465 2459 3529 functi,
2482 3465 2562 3520 sic
2581 3465 2664 3520 vel
2684 3465 2899 3521 modice
2922 3464 3172 3521 debitum
3207 3463 3604 3534 persolvemus.

2156 3558 2388 3613 Matbias
2441 3574 2572 3614 vere
2595 3557 2686 3613 ille
2709 3558 2934 3627 quidem
2969 3557 3215 3612 Israelita
3245 3555 3370 3620 fuit,
3404 3554 3668 3625 quemad-

2089 3651 2311 3706 modum
2369 3652 2537 3707 etiam
2573 3651 2770 3721 reliqui
2808 3648 3172 3719 discipuli“,
3223 3657 3388 3718 atque
3431 3646 3666 3701 Abrahae

2087 3742 2254 3808 ﬁlius,
2305 3749 2365 3796 ut
2411 3742 2508 3812 qui
2541 3741 2776 3796 Abrahae
2801 3757 2941 3811 opus
2972 3740 3167 3796 fecerit
3205 3756 3218 3792 :
3271 3738 3474 3809 quippe
3525 3752 3666 3806 opus

2085 3834 2256 3898 illius,
2291 3849 2422 3890 vera
2453 3833 2590 3888 fides
2621 3841 2745 3899 est;
2776 3848 2840 3888 ac
2869 3847 2990 3902 quae
3023 3831 3156 3886 huic
3208 3844 3394 3884 comes
3425 3827 3664 3892 exsistit,

2081 3926 2318 3998 iustitia.
2365 3925 2559 3981 Omnis
2597 3933 2782 3979 autem
2816 3923 2941 3978 fidei
2973 3920 3248 3992 probatio,
3279 3917 3546 3973 Dominus
3571 3917 3666 3972 Je-

2087 4034 2204 4082 sus,
2233 4032 2397 4087 quem
2447 4015 2684 4085 lapidem
2710 4013 3036 4069 offensionis
3065 4020 3123 4066 et
3160 4019 3374 4080 petram
3421 4009 3668 4064 scandali

394 4097 608 4152 θεῖσθαι
641 4100 956 4170 γέγραπται
1011 4102 1333 4167 σκανδάλου,
1377 4102 1582 4174 δηλαδὴ
1635 4107 1749 4169 τοῖς
1781 4106 1973 4179 καρδίᾳ

2088 4110 2374 4180 Scriptura
2401 4108 2640 4179 positum
2667 4115 2954 4169 testatur;
2987 4119 3186 4173 nempe
3232 4103 3339 4157 illis
3369 4100 3464 4172 qui
3496 4115 3666 4170 pravo
3703 4098 3712 4106 ’

394 4189 758 4258 κεχρημένοις
781 4191 1028 4262 σκαμσῇ·
1061 4192 1336 4260 ἀνευθέτῳ
1370 4193 1598 4265 γνώμης
1615 4195 1971 4268 στρεδλότητι

396 4281 491 4334 καὶ
513 4280 920 4354 διεστραμμένη
945 4283 1177 4354 διανοίᾳ,
1225 4285 1302 4354 τῷ
1331 4285 1525 4356 ἀγαθῷ
1564 4287 1661 4340 καὶ
1690 4288 1840 4341 εὐθεῖ
1883 4288 1983 4360 τὴν

2091 4207 2383 4257 versantur
2438 4197 2606 4254 corde
2634 4199 2707 4265 ‘5;
2759 4197 2853 4267 qui
2902 4197 3167 4251 nimirum
3223 4195 3409 4264 inepta
3462 4194 3668 4249 mentis

2091 4293 2452 4364 perversitate
2480 4306 2544 4346 ac
2577 4289 2820 4360 obliquis
2858 4289 3027 4344 animi
3063 4287 3390 4350 rationibus,
3434 4285 3514 4341 illi
3563 4285 3668 4340 im-

397 4372 562 4441 φύσιν
599 4375 1025 4444 προσπταίουσι,
1080 4376 1176 4430 καὶ¹
1231 4378 1646 4449 ὲφαρμοσθῆναι
1676 4381 1852 4450 τούτῳ
1909 4381 1973 4452 μί

2090 4384 2442 4456 pinguntqui
2497 4390 2692 4437 natura
2723 4380 2900 4436 bonus
2929 4389 3222 4448 rectusque
3269 4387 3374 4443 est,
3415 4392 3519 4433 nec
3558 4378 3664 4448 ipsi

399 4465 766 4536 βουλομένοις,
801 4466 835 4538 ἢ
870 4468 946 4538 μὴ
967 4468 1284 4539 δυναμένοις
1305 4485 1319 4500 ο
1349 4471 1496 4535 ὅσοις
1519 4471 1577 4525 δὲ
1599 4470 1726 4536 νοῦς
1752 4473 1986 4546 εὐθύτη-

2091 4476 2338 4546 coaptari
2362 4484 2460 4530 aut
2491 4475 2705 4540 volunt,
2756 4481 2851 4528 aut
2881 4478 3144 4542 possunt:
3179 4479 3452 4540 quotquot
3480 4476 3665 4524 autem

396 4573 491 4620 τος
525 4558 751 4628 μέτοχος
779 4561 874 4614 καὶ
908 4560 1270 4632 ἀγαθότητος,
1301 4561 1378 4634 τῷ
1411 4564 1582 4635 ὁμοίῳ
1608 4563 1670 4617 τὸ
1695 4565 1883 4635 ὅμοιον
1910 4566 1973 4630 ὡς

2091 4585 2156 4625 ea
2180 4577 2364 4624 mente
2393 4566 2632 4637 praediti,
2664 4581 2787 4636 quae
2812 4565 2884 4620 sit
2917 4561 3270 4618 rectitudinis
3293 4561 3572 4630 particeps
3602 4575 3668 4614 ac

403 4651 630 4718 τάχιστα
677 4650 896 4718 γνόντες
933 4653 1030 4706 καὶ
1064 4654 1514 4719 πεπιστευκότες,
1564 4657 1658 4709 καὶ
1704 4657 1796 4710 τὸν
1855 4657 1973 4712 Tibi

2090 4658 2380 4723 bonitatis,
2417 4657 2600 4714 simile
2635 4655 2803 4712 simili
2838 4669 3001 4725 quam
3057 4654 3345 4710 celerrime
3387 4666 3663 4722 cognove-

398 4739 494 4794 τοῦ
528 4740 815 4812 ἀνθρώπου
845 4744 986 4797 κατά
1011 4744 1176 4812 φύσιν
1205 4745 1482 4816 ὁρώμενον
1526 4749 1621 4801 καὶ
1644 4749 1973 4821 γνωριζόμε-

2089 4760 2217 4806 runt
2260 4766 2324 4805 ac
2380 4748 2758 4811 crediderunt,
2811 4746 3122 4816 Filiumque
3176 4743 3418 4798 hominis
3471 4751 3668 4797 natura

399 4847 513 4894 νον,
557 4831 650 4885 τὸν
679 4832 842 4886 αὑτὸν
872 4835 966 4887 καὶ
1001 4835 1128 4888 Yle
1154 4835 1291 4888 Θεοῦ
1348 4836 1524 4908 ἀληθῆ
1559 4840 1673 4902 τοῖς
1707 4839 1973 4910 ὑπερφυε-

2090 4843 2448 4912 conspicuum
2479 4856 2544 4896 ac
2584 4839 2884 4904 visibilem,
2923 4837 3182 4894 eumdem
3242 4835 3421 4906 ipsum
3473 4849 3666 4889 verum

402 4924 619 4988 στάτοις
669 4925 778 4979 τῶν
835 4927 1154 4997 θαυμασίων
1196 4928 1575 5000 βεϐαιούμενοι
1601 4971 1617 4997 ,
1677 4925 1824 4986 οὗτοι
1888 4933 1973 4987 καῖ

2089 4935 2187 4990 Dei
2240 4934 2462 4995 Filium‘.
2519 4930 2927 5004 praemagnilica
2966 4930 3251 5000 signorum
3290 4928 3414 4982 luce
3453 4925 3665 4980 inducti

401 5016 570 5070 τέκνα
623 5016 717 5071 τοῦ
751 5018 1027 5090 Ἀϐραὰμ,
1074 5019 1152 5084 ὼς
1197 5020 1275 5092 τῷ
1311 5023 1520 5076 ἐκείνου
1566 5025 1846 5094 μιμήματι
1894 5043 1973 5078 πι-

2090 5036 2243 5083 certo
2272 5025 2691 5088 existimarunt;
2731 5022 2788 5076 hi
2815 5022 3050 5086 scilicet,
3087 5030 3202 5075 tum
3235 5018 3330 5074 lilii
3363 5017 3661 5080 Abraham,

406 5108 712 5172 στεύοντες,
741 5110 836 5162 καὶ
873 5110 1044 5164 τέκνα
1094 5111 1253 5178 Θεοῦ,
1296 5114 1398 5166 οὐκ
1429 5115 1722 5186 ἀκολουθίᾳ
1775 5116 1973 5186 φύσεως

2089 5117 2240 5173 velut
2263 5117 2411 5172 illius
2443 5115 2732 5171 credentes
2781 5113 3055 5182 exemplo,
3111 5119 3224 5165 tum
3261 5109 3357 5164 lilii
3391 5108 3508 5172 Dei,
3553 5122 3662 5160 non

402 5197 527 5252 οὐδὲ
559 5202 802 5270 σαρκξνῳ
840 5201 1158 5272 γεννώμενα
1210 5204 1477 5276 θελήματι
1497 5244 1514 5272 ,
1547 5207 1636 5260 διά
1667 5207 1899 5272 πίστεως
1934 5211 1973 5263 δί

2091 5219 2296 5265 natura;
2324 5207 2521 5264 ordine
2556 5215 2654 5262 aut
2700 5205 2885 5261 carnis
2918 5205 3202 5258 voluntate
3256 5200 3392 5265 nati,
3431 5197 3526 5253 sed
3569 5213 3667 5265 per

405 5290 500 5344 καὶ
533 5291 755 5361 ἀγάπης
791 5291 882 5346 τοῦ
917 5293 1256 5363 Μονογενοῦς
1281 5296 1728 5367 ἀναγεννώμενα.

2090 5300 2366 5372 Unigcniti
2413 5299 2576 5354 fidem
2633 5313 2698 5352 ac
2747 5296 3103 5352 dilectionem
3160 5291 3374 5354 renati,
3435 5287 3663 5343 exstite-

2092 5401 2244 5447 runt.

483 5476 705 5531 Τούτων
735 5472 815 5540 εἷς
846 5479 941 5532 καὶ
971 5481 1002 5532 6
1034 5482 1454 5553 μακαριώτατος
1503 5484 1840 5556 ἐχρημάτισε
1877 5489 1973 5541 Μαε

2171 5483 2375 5537 llorum
2423 5497 2454 5536 e
2505 5497 2735 5536 numero
2785 5495 2928 5535 unus
2962 5477 3174 5533 exstitit
3213 5485 3267 5530 et
3313 5469 3666 5528 beatissimus

409 5567 554 5634 θίας,
585 5569 680 5622 καὶ
719 5569 920 5636 ἀγαθὸς
950 5571 1052 5640 τὴν
1079 5572 1256 5643 ψυχὴν
1285 5575 1350 5627 ἐκ
1406 5575 1596 5638 παιδὸς
1629 5575 1727 5636 ὣν,
1775 5577 1871 5630 καὶ
1902 5577 1973 5631 τδε

2096 5577 2358 5632 Mathias:
2391 5589 2643 5643 nempea
2692 5572 2900 5628 teneris
2946 5569 3240 5638 unguibus,
3296 5566 3436 5620 bona
3484 5560 3668 5617 anima

408 5659 537 5714 νοῦν
564 5659 749 5725 εὐθὺς,
767 5662 860 5714 καὶ¹
889 5661 986 5732 τὴν
1018 5663 1246 5732 καρδίαν
1273 5664 1483 5734 πραῢς,
1513 5666 1607 5718 καὶ
1631 5665 1731 5737 την
1763 5667 1973 5738 γνώμης

2096 5676 2260 5737 atque
2307 5665 2490 5720 indole
2541 5665 2827 5734 praeditus,
2881 5669 3172 5727 menteque
3212 5664 3398 5712 rectus
3426 5662 3483 5711 et
3527 5652 3672 5708 lenis

487 5833 535 5865 ⁸³
553 5835 698 5889 Psal.
735 5849 856 5901 ην,
895 5835 979 5890 ll.
1057 5835 1101 5867 "
1130 5834 1261 5891 Luc.
1301 5853 1354 5904 χ,
1393 5837 1475 5894 16.
1551 5839 1594 5872 ⁸⁸
1619 5837 1776 5895 Joau.
1813 5856 1850 5905 ι,
1878 5840 1973 5907 Πί

2084 5855 2140 5905 ll,
2174 5841 2262 5895 59.
2343 5839 2388 5874 "
2419 5841 2524 5894 lsa.
2564 5853 2675 5897 \‘lll.
2717 5837 2778 5891 ll
2813 5851 2828 5901 ;
2884 5833 3042 5889 llum.
3093 5849 3165 5898 Ix,
3193 5831 3283 5886 32.
