4040 6416
431 428 543 493 275

1604 425 1899 487 NICETzE
1936 424 2388 487 PAPHLAGON
2396 426 2469 486 IS

3608 421 3728 485 2⁸16

432 540 641 607 animo,
691 553 967 611 sensuque
1001 540 1256 611 placidus
1300 556 1367 597 ac
1421 540 1706 598 modestus
1755 542 2015 611 mitisque

2139 541 2376 612 φηστὸς,
2404 541 2498 595 καὶ
2514 539 2607 595 τὸν
2624 540 2724 611 τῆς
2748 539 2926 612 ψυχῆς
2942 539 3145 612 τρόπον
3168 538 3439 610 ἐπιεικὴς,
3461 538 3539 603 ὡς
3558 538 3732 609 μόνον

433 647 561 688 cum
588 641 758 698 esset,
779 632 874 688 ubi
903 633 1147 703 primum
1170 634 1300 690 Jesu
1322 633 1466 691 fama
1494 637 1552 692 in
1584 636 1839 692 omnium
1868 648 2033 689 aures

432 723 701 790 insonuit,
738 732 1140 795 cmperuntque
1164 724 1372 781 Christi
1414 728 1681 783 miracula
1707 728 1762 780 in
1800 724 2028 781 Christo

433 812 876 881 increbrescere,
928 816 1077 871 haud
1106 817 1240 873 satis
1261 818 1475 888 putavit
1518 819 1713 884 auditu
1758 818 2030 873 solover-

432 901 567 957 bum
599 904 919 974 suscipere;
952 908 1089 975 quin
1118 914 1176 960 et
1210 907 1457 961 cucurrit
1506 907 1694 961 animo
1737 906 1935 962 avidus
1967 916 2031 961 ut

436 996 573 1066 ipsis
605 1012 828 1067 quoque
858 997 1038 1052 oculis
1063 998 1455 1054 miraculorum
1482 997 1764 1068 inspector
1789 997 1970 1052 ﬁeret.

507 1087 631 1142 Mox
658 1088 843 1159 itaque
863 1104 928 1144 ac
960 1088 1120 1157 vidit,
1141 1105 1250 1144 non
1289 1089 1584 1155 dubitavit,
1608 1098 1703 1143 aut
1731 1089 1884 1144 velut
1932 1091 2030 1160 qui

438 1179 673 1235 modicae
739 1180 869 1236 ﬁdei
919 1188 1069 1248 sunt,
1132 1196 1336 1251 anceps
1399 1181 1580 1237 haesit.
1646 1182 1769 1237 Non
1822 1182 2029 1238 invidia

438 1271 668 1340 exarsit,
718 1273 871 1328 velut
901 1274 1286 1345 malignissimi
1323 1274 1535 1340 Judazi;
1574 1290 1684 1330 non
1720 1274 2028 1330 dementis—

438 1361 707 1417 simorum
730 1363 1020 1433 gentilium
1054 1380 1210 1421 more
1238 1365 1462 1436 segnior
1490 1364 1636 1431 fuit;
1668 1366 1803 1436 quin
1840 1365 2029 1420 animo

438 1451 748 1519 revirescit,
771 1453 1046 1509 excitatur
1071 1456 1309 1525 spiritu;
1360 1471 1427 1511 ac
1448 1456 1675 1527 quidem
1715 1464 1900 1512 mente
1930 1457 2028 1511 ad-

440 1540 696 1606 miratur,
729 1543 784 1597 in
813 1542 1154 1599 desiderium
1203 1560 1337 1600 vero
1364 1546 1628 1602 transfert
1670 1547 2024 1615 miraculum,

439 1633 890 1707 desideriumque
952 1637 1239 1693 desiderio
1287 1640 1614 1705 cumulans,
1668 1638 1727 1693 in
1775 1639 2024 1696 divinum

437 1736 681 1777 amorem
704 1724 982 1793 provehit.
1005 1725 1334 1782 Vehementi
1370 1726 1610 1798 denique
1653 1738 2026 1801 contentoque

438 1811 769 1869 bonil'ormis
823 1814 1032 1869 amoris
1092 1815 1292 1871 ardore
1319 1857 1335 1882 ,
1392 1817 1621 1887 depulsa
1677 1831 2023 1875 terrenorum

2135 636 2170 705 ἡ
2197 632 2293 687 τοῦ
2347 632 2522 701 Ἰησοῦ
2554 633 2713 703 φήμη
2744 633 2850 686 ἀνά
2890 633 3074 694 πάσας
3122 631 3234 686 τῶν
3283 629 3593 702 ἀνθρώπων
3638 629 3727 682 δι-

2134 725 2320 794 ηχεϊτο
2348 722 2540 787 ἀκοάς,
2575 724 2671 775 καὶ
2688 720 2758 774 τά
2785 720 2882 775 τοῦ
2912 719 3151 791 Χριστοῦ
3186 720 3468 791 θαυμάσια
3497 721 3556 772 ἐν
3584 719 3733 788 Χρι-

2135 813 2247 884 στῷ
2276 813 2717 877 ἀπεκαλύπτετο,
2766 817 2869 866 οὐκ
2898 810 3174 883 αὕταρκες
3200 813 3406 883 ἥγηται
3443 810 3512 863 δι’
3548 811 3730 880 ἀκοῆς

2136 908 2305 976 μόνης
2356 905 2418 959 τὸ
2454 908 2607 977 ῥῆμα
2651 903 3086 971 καταδέξασθαιο
3120 903 3258 957 ἀλλά
3307 902 3404 955 καὶ
3443 899 3731 970 αὐτόπτης

2130 1001 2241 1054 τῶν
2270 1000 2594 1069 θαυμασίων
2628 998 2834 1069 ἔδραμε
2864 997 3139 1068 γενέσθαι.

2215 1094 2305 1157 Ὠς
2325 1092 2419 1147 οὖν
2449 1089 2611 1153 εἶδεν.
2648 1093 2748 1146 οὐκ
2782 1092 3063 1146 ἐδίστασεν
3096 1093 3173 1154 ὼς
3196 1092 3246 1145 οί
3291 1090 3625 1160 ὀλιγόπιστοι
3649 1091 3721 1161 τῇ

2128 1184 2355 1255 διανοίᾳ.
2387 1185 2502 1238 Οὐκ
2546 1184 2872 1253 ἐδάσκηνεν,
2910 1183 2987 1247 ὥς
3010 1184 3059 1237 οἱ
3095 1182 3391 1252 κακοήθεις
3435 1181 3719 1235 Ἰουδαῖοι·

2128 1276 2250 1329 ούδέ
2272 1274 2680 1347 ἐρῤᾳθύμησεν,
2712 1275 2789 1339 ὡς
2816 1275 2867 1328 οἱ
2908 1275 3229 1328 ἀνούστατοι
3277 1274 3389 1327 τῶν
3452 1272 3718 1326 ἐθνικῶν·

2128 1368 2249 1421 ἀλλ’
2304 1367 2598 1421 ἀναθάλλει
2660 1369 2763 1436 τὴν
2820 1366 3055 1437 καρδίαν
3081 1406 3096 1428 ,
3152 1365 3605 1437 ἀναζωπυρεῖται
3656 1364 3719 1417 τὸ

2127 1460 2381 1529 πνεῦμαο
2411 1461 2504 1513 καὶ
2557 1461 2831 1529 θαυμάζει
2867 1459 2969 1529 μὲν
3024 1458 3103 1528 τῷ
3156 1458 3273 1522 νοτ,
3320 1460 3400 1521 είς
3446 1456 3611 1511 πόθον
3659 1455 3718 1509 δὲ

2130 1552 2454 1624 μετατίθησι
2487 1552 2549 1606 τὺ
2604 1551 2831 1621 θαῦμα·
2884 1551 3036 1622 πόθῳ
3086 1551 3144 1605 δέ
3175 1550 3335 1604 πόθον
3382 1549 3718 1619 προστιθεὶς,

2126 1642 2208 1705 είς
2258 1642 2441 1695 ἐνθεον
2478 1640 2658 1710 ἔρωτα
2716 1641 3055 1711 προκόπτειο
3106 1640 3185 1712 τῷ
3240 1639 3459 1711 σφοδρῷ
3506 1638 3563 1691 δὲ
3626 1639 3719 1692 τοῦ

2126 1731 2473 1801 ἀγαθοειδοῦς
2492 1732 2695 1804 ἔρωτος
2716 1734 2810 1787 καὶ
2828 1732 3203 1802 ἐπιτεταμένῳ
3230 1734 3412 1785 πᾶσαν
3441 1731 3550 1785 τῶν
3570 1733 3723 1784 κάτω

2126 1823 2597 1895 διακρουσάμενος
2626 1823 2949 1894 ἐπιθυμίαν,
2979 1824 3077 1877 καὶ
3107 1824 3290 1877 πᾶσαν
3330 1820 3427 1877 τοῦ
3463 1820 3559 1875 νῦν
3585 1823 3724 1876 αίῶ-

437 1907 589 1960 omni
641 1906 970 1977 cupiditate,
1031 1907 1295 1978 omnique
1352 1911 1539 1965 sazculi
1590 1911 1755 1983 hujus
1796 1928 2027 1968 excussa

2139 1934 2219 1981 νος
2246 1888 2719 1988 ἀποτιν-αξάμενος
2751 1888 2989 1988 σπουδήν
3009 1931 3026 1949 ⁶
3062 1917 3159 1970 καὶ
3186 1917 3423 1980 οἰκείους
3460 1915 3559 1988 μὲν
3584 1916 3727 1970 πάν-

437 2014 604 2065 cura;
628 2008 795 2071 atque
826 2003 1157 2059 necessariis
1185 2004 1411 2075 quidem
1438 2003 1699 2060 omnibus
1738 2005 1890 2058 velut
1924 2005 2027 2059 mi-

437 2091 592 2147 nime
644 2094 977 2159 necessariis
1031 2096 1255 2166 spretis,
1310 2096 1765 2166 charissimisque
1821 2097 2030 2151 relictis

436 2183 594 2239 velut
612 2186 910 2249 extraneis,
939 2188 1189 2242 omnium
1221 2189 1343 2244 vice
1373 2204 1542 2243 unum
1566 2188 1770 2259 oppido
1804 2190 2030 2259 optabat

441 2277 688 2333 nancisci
728 2278 940 2335 Jesum.
995 2281 1106 2337 Has
1168 2299 1308 2339 unas
1345 2284 1713 2354 percupiebat
1755 2284 1978 2340 divitias
2012 2303 2025 2339 :

439 2374 612 2423 totam
641 2369 721 2424 illi
759 2371 928 2426 vitam
962 2388 1148 2428 comes
1176 2374 1460 2430 adhaerere
1487 2376 1727 2442 avebat;
1768 2385 1826 2431 et
1850 2386 1912 2432 ut
1944 2376 2032 2430 di-

437 2460 598 2517 vinas
623 2461 770 2518 illius
808 2472 1118 2519 mereretur
1149 2466 1345 2522 audire
1378 2467 1820 2536 praedicationes,
1855 2468 2032 2537 pluris

440 2552 522 2607 illi
551 2569 773 2610 servum
806 2571 951 2623 esse,
984 2573 1149 2628 quam
1167 2567 1229 2613 ut
1252 2559 1640 2615 universorum
1672 2560 1842 2615 herus
1860 2566 2029 2624 esset,

441 2643 726 2727 habebat:
757 2664 930 2705 unum
985 2650 1141 2706 illum
1170 2652 1300 2707 vitae
1342 2669 1457 2709 sum
1490 2664 1705 2725 patrem
1739 2663 1795 2711 et
1850 2665 2035 2725 pasto-

442 2751 562 2792 rem
582 2744 748 2807 atque
784 2740 1112 2811 magistrum
1142 2751 1199 2799 et
1223 2752 1623 2814 praeceptorem
1647 2745 1907 2801 ducebat.

511 2828 658 2897 Quid
686 2846 820 2887 vero
840 2832 1151 2890 Dominus?
1185 2851 1320 2890 num
1346 2836 1606 2908 discipuli
1626 2838 2034 2893 aemulationem

442 2923 687 2992 sprevit?
738 2923 847 2980 Aut
874 2925 1099 2982 admisit
1127 2928 1380 2998 quidem,
1431 2931 1527 2986 sed
1576 2938 1755 2985 tamen
1789 2930 2033 2985 ﬁdelium

445 3014 623 3070 turba:
673 3014 1067 3073 innumerabili
1112 3020 1355 3092 adlegit?
1404 3023 1490 3076 vel
1549 3023 1789 3093 denique
1836 3022 2034 3093 paucis

444 3102 670 3173 quidem
716 3113 775 3161 et
831 3107 928 3177 qui
980 3106 1141 3165 facile
1175 3121 1609 3167 numerarentur
1655 3113 1962 3177 accensuit,
1999 3128 2030 3167 a

2128 2027 2231 2073 τας
2254 2010 2331 2073 ὡς
2361 2010 2668 2074 ἀνοικείους
2701 2009 2996 2082 ὑπεριδὼν,
3020 2010 3097 2073 ὡς
3124 2009 3441 2080 ἀλλοτρίους
3487 2007 3546 2063 δὲ
3596 2009 3731 2071 τοὺς

2132 2100 2424 2169 φιλτάτους
2444 2101 2627 2171 ἀφεὶς,
2661 2100 2821 2171 μόνον
2848 2099 2995 2171 ἐχειν
3023 2099 3148 2153 ἀντὶ
3172 2101 3392 2153 πάντων
3416 2098 3606 2152 ἐπόθει
3632 2097 3730 2151 τὸν

2142 2191 2374 2262 Ἰησοῦν.
2399 2193 2579 2247 Μόνον
2604 2191 2841 2263 Χριστὸν
2872 2191 3059 2245 ἐπόθει
3088 2191 3342 2245 πλουτεῖν
3364 2209 3379 2224 ο
3412 2189 3564 2260 αὐτῷ
3594 2190 3729 2242 ἀκοο

2128 2286 2340 2341 λουθεῖν
2378 2285 2468 2339 διὰ
2495 2284 2609 2354 βίου
2643 2285 2848 2347 παντός
2872 2300 2887 2315 ·
2921 2282 3089 2337 αὐτοῦ
3125 2282 3236 2336 τῶν
3265 2280 3727 2356 θεοῤῥημοσυνῶν

2132 2376 2523 2443 καταξιοῦσθαι
2549 2390 2565 2407 ο
2623 2373 2790 2427 αὐτοῦ
2851 2372 3040 2437 δοῦλος
3097 2369 3260 2437 εἶναι,
3294 2371 3328 2442 ἢ
3362 2371 3473 2425 τῶν
3507 2370 3727 2424 πάντων

2129 2468 2401 2539 δεσπότην
2423 2465 2725 2535 ἐπεθύμειο
2762 2465 2856 2519 καὶ
2888 2466 3053 2519 αὑτὸν
3084 2465 3185 2536 τῆς
3217 2463 3424 2527 οἰκείας
3449 2463 3594 2532 ζωῆς
3620 2478 3726 2514 πα-

2131 2561 2291 2627 τέρα,
2344 2559 2579 2629 ποιμένα
2634 2557 2731 2613 καὶ
2780 2556 3104 2612 διδάσκαλον
3159 2557 3321 2628 μόνον
3370 2555 3580 2609 ἐτίθετο
3629 2552 3724 2607 καὶ

2133 2649 2479 2721 καθηγητήν.

2208 2832 2274 2888 Τί
2305 2833 2393 2888 δαὶ
2420 2835 2448 2888 ό
2475 2832 2716 2903 Κύριος;
2747 2826 2857 2904 ἄρα
2895 2831 3123 2904 παρεῖδε
3154 2829 3245 2883 τὸν
3288 2828 3449 2896 ζῆλον
3499 2825 3590 2880 τοῦ
3621 2841 3723 2896 μα·

2135 2924 2347 2996 θητοῦ;
2399 2926 2469 2977 Ἢ
2499 2923 2772 2994 προσέσχε
2811 2924 2931 2994 μὲν,
2980 2919 3058 2991 τῷ
3109 2919 3399 2991 ἀναρίθμῳ
3429 2917 3487 2971 δέ
3538 2914 3721 2970 τοῦτον

2134 3016 2331 3087 πλήθει
2357 3015 2615 3079 συνέταξε
2644 3015 2755 3068 τῶν
2788 3014 3037 3078 πιστῶν;
3069 3013 3103 3083 ἢ
3131 3014 3243 3075 τοῖς
3268 3010 3470 3078 ὀλίγοις
3506 3008 3604 3081 μὲν
3630 3008 3721 3061 καὶ

2130 3108 2523 3179 εύαριθμήτοις
2558 3105 2990 3178 συνηρίθμησεν,
3041 3105 3141 3174 τῆς
3176 3101 3402 3174 πρώτης
3435 3101 3491 3154 δέ
3517 3099 3722 3166 τάξεως

445 3196 622 3264 prima
658 3205 840 3253 tamen
873 3201 1045 3257 classe
1075 3202 1326 3272 repulit?
1372 3204 1594 3260 Minime
1621 3204 1905 3273 gentium;
1933 3205 2031 3260 sed

2139 3199 2439 3265 ἀπῶσατος
2475 3196 2763 3266 Οὐδαμῶςο
2800 3194 2937 3249 ἀλλά
2977 3195 3077 3265 τῆς
3105 3193 3364 3264 δευτέρας
3398 3192 3497 3262 μὲν
3521 3187 3723 3289 egeo);

448 3302 576 3342 cum
624 3288 864 3358 primum
915 3293 1175 3350 secundae
1223 3294 1631 3366 discipulorum
1668 3298 1860 3352 classis
1905 3313 2032 3352 eum

2139 3289 2247 3343 τῶν
2276 3288 2441 3342 αὐτοῦ
2475 3286 2733 3358 μαθητῶν
2762 3286 2981 3357 πρῶτον
3004 3281 3257 3354 ἠξιωκὼς
3278 3282 3371 3335 καὶ
3396 3282 3507 3345 τοῖς
3548 3277 3725 3334 Ἕὸδο-

447 3377 745 3444 effecisset,
774 3396 841 3436 ac
864 3381 1227 3454 Septuaginta
1253 3385 1570 3457 adlegisset,
1602 3388 1928 3458 cunctisque
1957 3388 2041 3443 di-

449 3469 597 3525 vinis
615 3473 1125 3546 sacratioribusque
1167 3477 1443 3533 doctrinis
1472 3493 1536 3533 ac
1565 3478 1849 3534 miraculis
1872 3480 2039 3535 abso-

450 3559 709 3617 lutiorem
745 3572 1086 3633 praestasset,
1114 3582 1245 3623 eum
1292 3567 1349 3623 in
1384 3568 1611 3624 modum
1656 3568 1806 3624 omni
1841 3584 2042 3640 prove-

452 3659 601 3706 ctum
622 3651 825 3722 pietate
841 3663 1006 3726 atquc
1020 3658 1248 3724 virtute,
1273 3658 1341 3715 ad
1364 3676 1682 3730 supremum
1708 3677 1923 3728 eorum,
1943 3663 2039 3734 qui

453 3745 726 3815 coryphtei
757 3756 964 3814 essent,
989 3749 1152 3820 digne
1169 3767 1270 3821 pro
1286 3754 1502 3809 meritis
1528 3754 2037 3826 snstollitgradum.

522 3835 593 3890 At
646 3837 922 3906 quisnam,
956 3840 1115 3907 cedo,
1163 3842 1362 3899 modus
1397 3846 1816 3901 translationis?
1852 3848 2041 3903 Domi-

451 3943 562 3982 nus
592 3928 772 3995 Jesus,
796 3930 883 3986 sui
912 3932 966 3986 in
991 3941 1135 3989 terra
1154 3935 1426 3991 incolatus
1474 3937 1727 3992 absoluta
1751 3954 1927 4007 mora,
1956 3954 2044 3994 sa-

450 4020 758 4093 lutarisque
788 4023 1219 4095 dispensationis
1258 4038 1485 4098 peracto
1534 4044 1725 4101 opere,
1778 4045 1843 4086 ac
1888 4032 2041 4086 Omni

453 4114 633 4170 Patris
699 4116 918 4187 expleto
949 4120 1206 4184 consilio,
1268 4120 1336 4176 ad
1384 4121 1661 4176 viviﬁcam
1713 4123 2042 4194 beatamque

454 4205 643 4261 crucis
668 4208 979 4277 passionem
1004 4222 1251 4267 venerat.
1304 4212 1384 4267 At:
1419 4213 1591 4269 Judas
1623 4213 1850 4284 quidem
1899 4230 2044 4269 unus

455 4295 524 4350 de
543 4296 862 4363 duodecim,
897 4299 993 4354 illo
1027 4299 1255 4364 luds-is,
1291 4301 1419 4355 data
1473 4303 1745 4372 pecunia,
1798 4304 2041 4373 prodito,

454 4389 819 4456 apostolicum
855 4405 1061 4445 munus
1089 4392 1293 4461 laqueo
1325 4402 1712 4448 commutat-at.
1744 4394 1918 4449 Judaei
1949 4392 2047 4448 ﬂa-

456 4480 615 4548 gellis
631 4497 856 4548 cassum,
889 4484 1140 4553 colaphis
1180 4484 1602 4541 dehonestatum
1633 4486 1688 4550 (ο
1728 4487 1879 4541 nulla
1913 4501 2041 4542 ver-

2141 3382 2385 3453 μήκοντα
2414 3377 2779 3450 συντεταχὼς,
2816 3377 2912 3431 καὶ
2942 3377 3148 3438 πάσαις
3190 3373 3354 3428 αὐτὸν
3381 3372 3724 3441 θεουργικαϊς

2139 3471 2726 3545 προκαταρτισάμενος
2758 3469 3207 3541 μυσταγωγίαις,
3239 3465 3383 3519 οὕτω
3431 3463 3577 3518 κατά
3620 3463 3725 3515 πᾶ-

2141 3580 2240 3617 σαν
2270 3562 2558 3616 εὐσέϐειαν
2608 3561 2707 3615 καὶ
2756 3560 2960 3631 ἀρετὴν
2996 3557 3397 3630 προκεκοφότα,
3453 3553 3593 3624 πρὸς
3635 3553 3724 3606 τὸν

2139 3655 2419 3714 ἀνώτατον
2467 3653 2578 3708 τῶν
2636 3651 2953 3724 κορυφαίων
3003 3648 3353 3720 ἀξιοπρεπῶς
3407 3646 3600 3715 ἀνάγει
3632 3645 3724 3715 βα-

2140 3749 2301 3820 θμόν.

2211 3842 2309 3904 Τίς
2363 3841 2452 3895 δαὶ
2495 3841 2591 3894 καὶ
2644 3840 2848 3909 τρόπος
2900 3837 3000 3908 τῆς
3061 3834 3435 3907 μεταθέσεως;
3503 3831 3723 3901 Ἐπειδὴ

2143 3934 2480 3989 συνετελείτο
2528 3932 2629 4003 μὲν
2673 3931 2753 4001 τῷ
2786 3929 2978 4001 Κυρίῳ
3024 3926 3197 3997 Ἰησοῦ
3224 3927 3257 3995 ἡ
3308 3924 3401 3978 ἐπὶ
3450 3924 3555 3991 γῆς
3589 3920 3724 3989 μετά

2144 4028 2395 4096 σώματος
2426 4024 2698 4096 διατριϐὴ,
2730 4023 2789 4077 τὸ
2817 4022 2976 4092 ἔργον
3023 4020 3080 4075 δὲ
3102 4020 3201 4089 τῆς
3236 4016 3506 4088 σωτηρίου
3548 4016 3724 4069 διατε-

2141 4117 2381 4183 τελεκὼς
2414 4116 2749 4186 οἰκονομίας,
2785 4117 2880 4169 κοιλ⁵
2934 4115 3117 4168 πᾶσαν
3164 4114 3264 4182 τὴν
3317 4110 3594 4180 πατρικὴν
3620 4122 3726 4160 ’πε-

2146 4211 2312 4281 ράνας
2346 4210 2561 4280 βουλὴν,
2594 4209 2686 4262 ἐπὶ
2715 4208 2775 4261 τὸ
2814 4206 3079 4273 ζωοποιὸν
3106 4203 3199 4258 τοῦ
3232 4201 3471 4273 σταυροῦ
3499 4202 3593 4254 καὶ
3621 4217 3725 4270 μα-

2143 4303 2334 4370 κάριον
2366 4296 2469 4372 ἧκε
2515 4300 2686 4362 πάθος
2707 4316 2719 4329 ·
2745 4300 2840 4352 καὶ
2889 4297 3091 4357 Ἰούδας
3121 4296 3221 4368 μὲν
3251 4291 3330 4358 εἷς
3354 4294 3464 4348 τῶν
3519 4293 3726 4347 δώδεκα

2143 4398 2257 4458 τοῖς
2301 4394 2576 4457 Ἰουδαίοις
2625 4392 2815 4446 τοῦτον
2871 4390 3140 4462 ἀργυρίου
3175 4389 3497 4459 προέμενος,
3534 4385 3727 4457 βρόχον

2143 4486 2415 4558 ἠλλάξατο
2437 4486 2540 4556 τῆς
2580 4485 2889 4554 ἀποστολῆς
2908 4502 2922 4516 ο
2952 4484 3002 4537 οἱ
3032 4483 3089 4537 δὲ
3118 4481 3310 4535 τοῦτον
3341 4478 3726 4550 φραγελώσαν-

455 4573 654 4628 borum
690 4574 742 4627 vi
776 4574 1156 4645 explicabilem
1196 4577 1669 4646 longanimitatem
1691 4578 1729 4650 l)
1780 4578 2035 4635 illusum-

2139 4594 2231 4641 τες
2280 4578 2672 4644 κολαφίσαντες
2748 4576 2815 4640 (ὣ
2867 4574 3251 4646 μακροθυμίας
3308 4572 3518 4642 ἀφάτου
3544 4570 3583 4641 ί)
3634 4568 3726 4621 καὶ

457 4678 567 4732 que
601 4663 755 4719 cruci
798 4664 1101 4720 aﬂixerant.
1163 4667 1214 4722 ls
1253 4677 1439 4722 autem
1495 4669 1820 4725 conculcata
1859 4677 2040 4725 morte

457 4770 523 4810 ac
558 4770 627 4810 eo
660 4754 756 4825 qui
810 4757 1008 4811 mortis
1052 4757 1291 4814 habebat
1342 4758 1659 4830 imperium,
1712 4776 1742 4814 a
1801 4760 2042 4815 mortuis

460 4847 777 4915 suscitatus,
813 4849 1038 4920 jamque
1067 4850 1325 4919 pluribus
1349 4852 1531 4908 modis
1553 4852 1843 4923 discipulis
1866 4853 2045 4908 factus

462 4939 814 5008 conspicuus,
841 4952 1120 5010 postremo
1152 4942 1262 4997 illis
1290 4943 1613 4999 videntibus
1642 4945 1697 4999 'rn
1723 4945 1923 5001 caelum
1953 4960 2039 4999 re-

462 5035 656 5096 οιιριιιε
676 5036 816 5083 erat.
846 5028 1141 5099 Postquam
1173 5031 1359 5101 itaque
1378 5032 1495 5088 haec
1518 5033 1592 5087 ita
1624 5040 1776 5103 gesta
1801 5033 2042 5097 fuerant,

461 5119 692 5188 exsurgit
721 5120 906 5175 statim
935 5135 1167 5191 magnus
1187 5121 1377 5177 Petrus
1395 5123 1443 5155 ⁸⁸
1465 5123 1563 5193 (illi
1598 5124 1744 5177 enim
1776 5123 2047 5179 sermonis

464 5210 827 5280 principatus,
873 5212 1074 5283 jusque
1130 5214 1419 5282 pascendae
1464 5222 1629 5286 atque
1664 5213 1918 5285 regendae
1948 5214 2046 5267 Ec-

463 5301 644 5355 clesiae
672 5302 1051 5357 concreditum
1085 5307 1227 5371 erat)
1263 5305 1431 5375 inque
1456 5306 1638 5360 media
1668 5306 2045 5375 apostolorum

465 5392 647 5458 turba,
680 5393 901 5463 publica
947 5394 1003 5448 in
1049 5394 1258 5466 Spiritu
1285 5396 1551 5451 concione
1587 5396 1743 5451 Iudae
1771 5396 2046 5466 proditio-

466 5499 613 5547 nem,
629 5493 687 5540 et
710 5501 878 5555 quam
907 5486 1027 5556 ejus
1047 5500 1210 5541 causa
1234 5486 1474 5554 diruptis
1503 5486 1810 5542 visceribus
1826 5502 2044 5556 pcenam

466 5573 515 5628 is
546 5576 880 5639 sustulisset,
918 5587 1318 5632 commemorat
1349 5595 1362 5630 :
1404 5577 1808 5634 duodenarium
1847 5594 2046 5633 nume-

466 5679 609 5725 rum.
638 5681 802 5734 quem
826 5665 1097 5721 Dominus
1124 5666 1181 5720 in
1211 5668 1475 5737 aposwlis
1504 5683 1724 5724 sacrum
1757 5667 2045 5732 voluisset,

470 5753 675 5810 inlude
704 5755 1227 5823 diminutum,haud
1281 5759 1697 5830 despiciendum
1741 5775 1892 5818 esse:
1952 5764 2050 5815 aut

539 5870 585 5903 “
606 5870 734 5965 μοι.
781 5886 819 5940 ι,

2145 4669 2583 4736 καταπαίξαντες
2635 4667 3020 4739 ἐσταύρωσαν·
3062 4666 3090 4718 ό
3118 4666 3174 4719 δὲ
3203 4665 3293 4718 τὸν
3328 4664 3581 4724 θάνατον,
3631 4661 3726 4715 καὶ

2142 4761 2235 4815 τδν
2268 4761 2332 4815 τὸ
2357 4761 2558 4831 κράτος
2615 4760 2807 4831 ἔχοντα
2834 4757 2928 4812 τοῦ
2961 4758 3192 4812 θανάτου
3219 4754 3574 4825 πεπατηκὼς,
3608 4770 3725 4823 τρι-

2145 4853 2354 4923 ήμερος
2379 4852 2601 4921 ἀνίαχεν
2630 4852 2694 4904 ἐκ
2716 4850 2826 4904 τῶν
2871 4848 3103 4915 νεκρῶν,
3143 4848 3239 4901 καὶ
3287 4846 3507 4915 τρόποις
3535 4842 3726 4898 ἑαυτὸν

2145 4943 2387 4997 πλείοσιν
2435 4942 2742 5013 ἐμφανίσας
2791 4943 2902 5004 τοῖς
2946 4940 3239 5011 μαθηταῖς,
3269 4937 3523 5007 δρώντων
3550 4934 3723 4988 αὐτῶν

2145 5036 2372 5105 ἔσχατον
2397 5036 2479 5096 είς
2499 5034 2591 5088 τὸν
2620 5033 2852 5104 οὐρανὸν
2881 5033 3346 5103 ἀναλαμϐάνεται.
3391 5027 3607 5097 Ἐπειδὴ
3633 5022 3722 5094 οὖξν

2144 5123 2290 5179 οὕτω
2339 5124 2513 5178 ταῦτα
2551 5122 2953 5185 συντετέλεστο,
3001 5122 3317 5176 ἀνίσταται
3351 5119 3450 5189 μὲν
3492 5118 3520 5170 δ
3553 5116 3723 5188 μέγας

2147 5215 2367 5284 Πέτρος
2397 5213 2560 5276 εὐθύς
2582 5230 2598 5246 ⁸
2628 5213 2806 5283 τούτῳ
2841 5213 2949 5283 γάρ
2971 5211 3060 5265 τοῦ
3088 5211 3248 5279 λόγου
3277 5208 3378 5280 τὴν
3406 5208 3722 5279 ἠγεμονίαν,

2149 5309 2242 5361 καὶ
2270 5309 2365 5378 τῆς
2404 5304 2733 5373 Ἑκκλησίας
2763 5301 3171 5374 ἐγκεχειρίσθαι
3200 5300 3299 5370 τὴν
3328 5298 3721 5369 ποιμαντικήνο

2147 5399 2205 5450 ἐν
2240 5398 2389 5467 μέσῳ
2417 5397 2471 5451 δὲ
2504 5396 2581 5469 τῷ
2615 5394 2814 5465 πλήθει
2841 5394 2950 5447 τῶν
2979 5392 3298 5447 ἀποστόλων
3329 5393 3391 5444 ἐν
3439 5391 3513 5461 τῷ
3555 5387 3724 5443 Πνεύ-

2151 5505 2282 5558 Pa“
2305 5487 2656 5559 δημηγορῶν,
2680 5485 3088 5556 ἀναμιμνήσκει
3122 5484 3221 5555 μὲν
3245 5482 3345 5555 τὴν
3399 5481 3569 5537 Ἰούδα
3592 5497 3725 5547 προ-

2146 5578 2352 5642 δοσίαν,
2381 5580 2477 5632 καὶ
2505 5577 2661 5648 ῥῆξιν
2689 5578 2759 5649 ἢν
2786 5577 2855 5629 δι’
2881 5575 3053 5646 αὐτὴν
3082 5573 3289 5644 ὑπέστη
3315 5590 3330 5604 ο
3369 5574 3470 5627 οὐκ
3496 5573 3644 5636 ἄξιον
3667 5570 3722 5625 δέ

2149 5687 2283 5740 φησι
2307 5669 2407 5740 τὴν
2435 5668 2514 5741 τῷ
2542 5668 2733 5740 Κυρίῳ
2757 5685 2952 5739 τετιμη
2961 5671 3130 5738 μένην
3176 5665 3451 5720 δωδεκάδα
3481 5663 3727 5736 μειωθεῐ-

2151 5779 2252 5817 σαν
2300 5759 2601 5832 ὑπεριδεῖν,
2631 5759 2754 5816 οὐδὲ
2781 5759 2872 5816 τὸν
2902 5757 2998 5813 τοῦ
3049 5757 3504 5829 παραϐεϐηκότος
3559 5757 3724 5810 τόπον
