4040 6396
250 419 365 485 277

1001 415 1282 478 ORATIO
1320 415 1570 476 XIV.—
1608 411 1692 473 IN
1733 409 2050 471 LAUDEM
2087 412 2147 473 S.
2175 413 2489 473 ΜΑΤΗΙίΕ
2527 414 2776 477 APOST.

3425 418 3532 482 278

256 531 636 604 κεκενωμένον
677 530 918 601 ὁρῶντας
963 527 1335 600 παραμελεῖν·
1383 527 1484 579 ἕνα
1533 525 1590 578 δὲ
1619 525 1729 579 δεῖν
1754 522 1847 576 τὸν

1955 523 2427 591 committendum,
2481 535 2542 581 ut
2587 543 2762 598 quem-
2806 528 3028 585 videant
3081 546 3324 587 vacuum
3370 533 3525 588 Judae

256 627 330 681 ἐκ
361 626 462 695 τῆς
483 622 742 693 δευτέρας
788 619 1019 686 τάξεως,
1077 619 1196 688 1Ιιτοι
1235 618 1335 688 τῆς
1374 617 1522 687 ἱερᾶς
1550 614 1661 668 τῶν
1713 616 1850 668 ἀπο-

260 715 464 770 στόλων
507 712 1006 784 ἐόδομηκοντάδος,
1081 709 1190 762 τῶν
1235 709 1490 778 ἀπαρχῆς
1527 707 1621 760 τοῦ
1678 706 1847 773 εὐαγ-

261 805 482 876 γελικοῦ
506 806 862 876 κηρύγματος
886 804 1048 873 ἄχρις
1077 801 1247 870 αὐτῆς
1275 799 1594 870 ἀναλήψεως
1627 798 1704 869 τῷ
1741 799 1849 868 ’1η-

262 897 359 951 σοῦ
388 895 974 968 παρηκολουθηκότων,
1007 893 1097 946 τὸν
1121 890 1490 960 δοκιμώτατον
1512 889 1702 961 κλήρῳ
1733 890 1849 943 δια-

259 985 509 1055 γνόντας,
539 986 620 1047 εἰς
651 983 742 1037 τὸν
776 981 875 1036 τοῦ
901 981 1346 1052 ἀπωλισθηκότος
1376 980 1848 1050 ἀντικαταστῆσαι

261 1073 368 1145 κλῆ
376 1091 495 1146 ρον.

334 1257 448 1310 Καὶ
473 1255 666 1320 οὕτως,
691 1248 1157 1326 ὧμακαριώτατε
1197 1253 1284 1316 σὺ,
1324 1253 1383 1306 ἐν
1426 1251 1615 1322 μέσοις
1658 1251 1847 1317 αὐτοῖς

266 1349 342 1414 ῶς
370 1350 768 1420 ἐπισημότατος
790 1349 896 1402 τῶν
918 1346 1094 1400 ἀλλων
1115 1345 1444 1416 προϐληθείς
1468 1361 1527 1400 τε
1555 1345 1646 1398 καὶ
1670 1360 1850 1415 παρα-

269 1441 421 1506 στὰς,
452 1442 549 1497 καὶ
571 1441 652 1514 τῷ
681 1439 810 1510 ἱερῷ
839 1437 1487 1510 συγκληρωθεὶςΊούστῳ
1512 1453 1527 1468 ⁸
1559 1433 1702 1502 εἷτα,
1727 1438 1850 1500 ταῖς

266 1532 375 1587 τῶν
409 1532 723 1600 κορυφαίων
775 1531 946 1603 ἱεραῖς
985 1530 1335 1599 προσευχαῖς,
1371 1528 1468 1581 καὶ
1525 1526 1723 1598 μᾶλλον
1780 1529 1848 1598 τῇ

265 1626 450 1697 δικαίᾳ
493 1626 587 1678 τοῦ
615 1625 749 1678 Θεοῦ
779 1625 966 1695 ψήφῳ,
1013 1622 1110 1676 τοῦ
1155 1623 1224 1676 τά
1275 1622 1414 1694 βάθη
1448 1621 1557 1675 τῶν
1599 1621 1850 1676 διανοιῶν

265 1718 518 1790 ὁρῶντος,
569 1717 662 1770 τοῦ
693 1717 894 1788 κλήρου
941 1717 1200 1778 πεσόντος
1241 1716 1334 1768 ἐπὶ
1368 1715 1448 1781 σὲ,
1483 1713 1846 1786 ἀναλαμϐάνῃ

270 1810 368 1879 μὲν
397 1807 460 1861 ἐκ
483 1808 593 1862 τῶν
641 1808 1072 1878 Ἐόδομήκοντα,
1105 1811 1218 1872 τοῖς
1247 1807 1444 1860 ἕνδεκα
1479 1805 1537 1859 δέ
1568 1821 1847 1872 συγκατα-

262 1901 596 1972 ψηφισθεὶς,
650 1901 743 1954 τὸν
794 1902 974 1972 τίμιον
1031 1901 1130 1971 τῆς
1180 1899 1483 1961 δωδεκάδος
1534 1898 1849 1970 ἀνέπλησας

263 1993 530 2064 ἀριθμόνο
563 1992 736 2059 οὕτως
759 1992 858 2065 τὴν
911 1993 1183 2064 μυστικὴν
1220 1993 1316 2045 τοῦ
1354 1991 1492 2045 Θεοῦ
1541 1991 1849 2063 παράταξιν

266 2090 680 2161 ἀνεπλήρωσας,
706 2092 804 2145 καὶ
827 2091 925 2162 τὴν
953 2092 1046 2144 ἐπὶ
1068 2091 1150 2160 τῷ
1175 2089 1495 2143 πεπτωκότι
1534 2086 1712 2156 λύπην
1739 2086 1852 2148 τοῖς

268 2180 365 2236 τοῦ
394 2182 558 2250 λόγου
588 2185 1100 2252 πρωταγωνισταῖς,
1135 2181 1227 2235 διὰ
1249 2182 1350 2251 τῆς
1376 2181 1478 2250 σῆς
1502 2179 1853 2240 ἀναστάσεως

271 2273 693 2344 παρεμυθήσω·
729 2274 825 2328 καὶ
876 2273 975 2345 τὴν
1025 2272 1337 2343 ἐπισκοπὴν
1365 2271 1576 2325 ἐκείνου
1625 2268 1767 2323 κατά
1793 2268 1856 2322 τὸ

272 2362 418 2431 ἱερὸν
443 2363 624 2431 λόγιον
646 2362 850 2428 λαϐὼν,
883 2364 978 2418 καὶ
1022 2363 1118 2416 τοῦ
1155 2362 1366 2433 κλήρου.
1418 2360 1519 2431 τῆς
1550 2358 1857 2428 ἀποστολῆς

269 2453 803 2524 κεκληρονομηκώς·
845 2455 940 2509 καὶ
995 2454 1096 2524 τῆς
1125 2453 1492 2522 ἀποστολικῆς
1542 2452 1710 2522 τιμῆς
1759 2453 1854 2505 καὶ

266 2546 538 2616 καθέδρας
584 2547 721 2610 τέως
763 2548 876 2617 μὲν·
902 2547 1001 2618 τῆς
1049 2546 1199 2600 κάτω
1244 2545 1339 2599 καὶ
1396 2544 1685 2598 κατέναντι
1744 2543 1853 2595 τῶν

265 2639 461 2698 ἐθνῶν.
501 2639 639 2710 μετά
676 2639 849 2693 ταῦτα
892 2639 948 2693 δέ
983 2637 1200 2708 καὶτῆς
1224 2639 1282 2691 ἐν
1307 2635 1558 2707 οὐρανοῖς
1592 2636 1744 2706 παρά
1773 2633 1854 2704 τῷ

265 2727 577 2798 ἐπουρανίῳ
628 2728 1076 2800 συγκαθιζήσεως
1108 2728 1349 2792 Βασιλεῖ,
1419 2729 1536 2797 ἅμα
1573 2729 1684 2790 τοῖς
1714 2745 1850 2797 πρε-

273 2816 562 2881 σϐυτάτοις
585 2819 1014 2890 κατηξιωμένος,
1057 2819 1274 2891 όφθήσῃ
1307 2817 1567 2886 φαιδρῶς,
1600 2817 1731 2888 ὠςή
1761 2817 1855 2871 τοῦ

267 2904 538 2974 ἀψευδοῦς
566 2909 880 2977 ὑπόσχεσις,
910 2909 1040 2971 τοῖς·
1068 2908 1263 2962 ἕνδεκα
1297 2907 1731 2976 συγκαθήμενος,
1764 2910 1856 2963 καὶ

269 2994 478 3064 κρίνων
507 2993 597 3048 τὸν
641 2995 878 3067 Ἰσραήλ.
922 2994 1082 3050 Ἀλλά
1107 2993 1264 3048 τοῦτο
1296 2995 1395 3067 μὲν
1436 2993 1685 3065 ὕστερον.

347 3172 484 3226 Τότε
529 3173 587 3227 δέ
623 3175 734 3239 τοῖς
764 3174 1004 3246 πρώτοις
1031 3175 1140 3229 τῶν
1173 3175 1333 3248 ιερῶν
1369 3175 1633 3244 θεολόγων
1657 3176 1733 3240 ὡς
1777 3170 1856 3238 εἷς

272 3264 352 3319 ὢν
371 3265 550 3319 αὐτῶν
575 3265 632 3318 ὲν
662 3267 860 3338 ἐκείνῳ
883 3267 960 3338 τῷ
990 3266 1224 3338 ὑπερῴῳ
1257 3268 1612 3340 συνεδρεύων,
1639 3270 1734 3322 καὶ
1758 3269 1857 3337 τὴν

269 3357 368 3409 τοῦ
400 3356 714 3428 Πνεῦματος
766 3359 968 3428 ὁμοίως
996 3359 1224 3422 ἐκείνοις
1253 3359 1590 3427 ἐπαγγελίαν
1620 3360 1854 3430 προσδε-

268 3449 506 3519 χόμενος
523 3466 538 3481 ⁸
572 3450 770 3521 ἐπειδὴ,
787 3450 848 3502 τὸ
873 3449 1106 3520 Πνεῦμα
1122 3451 1183 3503 τὸ
1207 3451 1362 3519 ἅγιον
1390 3451 1490 3522 τῆς
1529 3452 1692 3518 ἁγίας
1720 3452 1857 3505 Πεν-

263 3541 540 3610 τηκοστῆς
599 3540 1118 3612 συμπληρουμένης,
1154 3542 1446 3612 οὐρανόθεν
1481 3543 1699 3597 ἐνιείδει
1751 3561 1856 3597 πυ-

264 3632 436 3704 ρίνων
457 3632 719 3704 ἐπεδήμει
748 3632 1032 3702 γλωσσῶν,
1064 3634 1159 3688 καὶ
1185 3635 1271 3705 ἐφ’
1298 3635 1379 3688 ἐνὶ
1405 3635 1613 3690 τούτων
1640 3635 1858 3707 ἑκάστῳ

262 3722 659 3793 καθεζόμενον,
697 3723 796 3792 τῆς
841 3723 1032 3777 ἐαυτοῦ
1082 3725 1364 3794 δυνάμεως
1395 3726 1655 3797 ἐπλήρου,
1714 3727 1854 3797 πλη-

261 3813 468 3887 ροῦσαι
497 3815 596 3888 μὲν
627 3815 725 3871 καὶ
757 3815 919 3881 αὐτὸς
943 3817 1164 3889 χάριτος
1211 3816 1414 3890 ζώσης,
1467 3817 1775 3889 πληροῦσαι
1797 3819 1854 3874 δὲ

261 3907 468 3978 σοφίας
501 3908 599 3963 καὶ
651 3909 936 3973 συνέσεως.
983 3911 1094 3964 Καὶ
1130 3910 1192 3964 οὐ
1222 3910 1381 3982 τήνδε
1437 3911 1536 3982 μὲν
1571 3911 1853 3983 ἐνέργειαν

255 4001 362 4055 τοῦ
397 4000 755 4072 Παρακλήτου
786 4000 1057 4066 πλουτεῖς,
1098 4003 1198 4073 τῆς
1236 4002 1294 4056 δὲ
1335 4001 1533 4075 λείπειθ
1573 4001 1764 4074 ὥσπερ
1795 4005 1854 4058 δέ

256 4090 400 4153 ναὸς
429 4089 670 4162 καθαρὸς
701 4091 795 4145 καὶ
823 4092 1001 4160 ἅγιος,
1038 4093 1210 4164 αὐτῆς
1237 4093 1330 4148 τοῦ
1371 4093 1506 4148 Θεοῦ
1535 4094 1854 4165 Πνεύματος

254 4186 364 4256 τῆς
394 4183 601 4249 οὐσίας,
617 4185 730 4246 τοῖς
759 4183 940 4248 ἄλλοις
964 4184 1166 4255 ὁμοίως
1203 4186 1526 4250 ἀποστόλοις
1556 4187 1646 4241 διά
1672 4189 1854 4258 πάσης

255 4273 564 4344 γενόμενος
589 4274 792 4345 ἀρετῆς
839 4275 934 4328 καὶ
962 4274 1074 4344 βίου
1114 4273 1511 4346 καθαρότητος,
1534 4276 1662 4346 ὃλην
1686 4278 1858 4348 ὑπερ-

259 4367 534 4439 αρρήτως
588 4366 684 4421 καὶ
738 4365 1080 4438 ὑπερουσίως
1136 4367 1196 4420 ἐν
1248 4366 1426 4437 ἐαυτῷ
1478 4367 1576 4440 τὴν
1627 4368 1856 4440 θεότητα

260 4459 632 4524 κατέπαυσας
654 4475 669 4491 ο
696 4457 842 4512 οὓτω
869 4458 1042 4513 δὲκαὶ
1068 4457 1180 4512 τῶν
1211 4461 1603 4530 πνευματικῶν
1625 4464 1854 4532 ἐνεργη-

1949 615 2386 685 praevaricatoris
2451 618 2671 684 locum,
2728 619 2834 689 ipsi
2890 621 3171 693 negligant
3218 640 3233 676 :
3302 638 3531 679 necesse

1948 721 2092 771 esse,
2132 717 2192 762 ut
2221 708 2290 763 de
2333 710 2577 765 secunda
2608 712 2782 766 classe
2822 712 2964 783 (hoc
2994 723 3100 779 est,
3140 730 3206 769 ex
3247 730 3401 770 sacra
3447 731 3534 771 se-

1949 798 2230 868 ptuaginta
2261 801 2634 869 apostolorum
2669 801 2853 872 turba)
2888 819 3059 858 unum
3088 819 3158 858 ex
3182 804 3288 870 his,
3335 805 3428 874 qui
3460 805 3531 860 ab

1948 891 2279 961 evangelica:
2308 893 2710 962 praedicationis
2749 894 2979 950 exordio
3011 895 3079 950 ad
3111 895 3284 966 ipsam
3313 897 3443 952 Jesu
3474 897 3532 957 in

1949 983 2150 1038 caelum
2205 985 2602 1055 receptionem,
2651 988 2844 1043 sedulo
2885 989 3138 1044 assectati
3198 989 3329 1054 sint,
3365 1004 3530 1059 quem

1950 1076 2118 1130 sortis
2137 1075 2476 1132 indicationc
2509 1079 2959 1148 probatissimum
2993 1081 3270 1147 noverint,
3305 1081 3361 1136 in
3411 1083 3533 1153 ejus

1949 1167 2048 1236 qui
2077 1166 2266 1236 lapsus
2300 1169 2394 1233 sit,
2421 1179 2626 1225 sortem
2657 1187 2970 1242 munusque
3004 1171 3296 1227 suiiiciant.

2018 1247 2197 1326 Atqu‘e
2247 1257 2350 1313 hac
2378 1259 2611 1325 ratione,
2654 1271 2714 1316 tu
2749 1263 2803 1322 (ο
2833 1262 3211 1332 beatissime!)
3252 1279 3355 1319 ceu
3405 1263 3534 1319 reli-

1950 1343 2074 1412 quis
2104 1345 2393 1412 illustrior,
2433 1347 2488 1401 in
2544 1349 2784 1404 medium
2817 1352 3119 1421 productus
3144 1368 3208 1409 ac
3238 1362 3534 1424 praesenta-

1955 1441 2062 1498 tus,
2097 1433 2331 1504 dataque
2359 1451 2486 1491 cum
2531 1447 2720 1494 sancto
2749 1439 2908 1495 Justo
2947 1443 3226 1497 communi
3273 1444 3534 1515 sociaque

1952 1536 2122 1593 sorte,
2155 1537 2380 1600 tumque
2419 1532 2591 1587 sacris
2636 1535 3052 1605 coryphazorum
3082 1537 3344 1607 precibus
3377 1537 3534 1608 (quin

1952 1619 2049 1674 Dei
2082 1621 2286 1690 potius,
2321 1622 2409 1677 cui
2434 1623 2743 1679 animorum
2780 1627 3052 1695 profunda
3068 1637 3354 1697 perspecta
3383 1636 3532 1693 sunt,

1945 1709 2095 1780 justo
2130 1711 2435 1783 suﬂragio),
2463 1713 2555 1768 illa
2584 1714 2640 1768 in
2672 1723 2723 1771 te
2753 1715 3012 1784 cadente,
3069 1733 3135 1772 ex
3178 1718 3535 1790 Septuaginta

1948 1813 2284 1873 assumptus,
2346 1803 2716 1876 undecimque
2765 1808 2963 1877 primis
3015 1809 3284 1877 adlectus,
3346 1825 3535 1866 sacra-

1950 1897 2137 1945 mento
2163 1891 2536 1948 venerabilem
2571 1892 2971 1948 duodenarium
3020 1890 3311 1951 numerum
3344 1897 3538 1967 imple-

1950 1978 2043 2033 sti.
2077 1977 2170 2034 Sic
2194 1980 2455 2036 nimirum
2478 1982 2767 2053 mysticam
2814 1984 2913 2038 Dei
2954 1986 3129 2040 aciem
3159 1987 3427 2057 integram
3455 1986 3536 2040 ef-

1950 2070 2153 2138 fecisti,
2183 2087 2583 2146 aspersumque
2603 2074 2760 2131 Iudae
2781 2075 2942 2131 ruina
2969 2077 3164 2147 primis
3211 2077 3322 2133 illis
3365 2093 3535 2133 evan-

1951 2165 2148 2235 gelica
2160 2165 2576 2234 praedicationis
2589 2166 2826 2223 ducibus
2855 2183 3149 2224 uiatorem
3177 2169 3534 2224 suscitatione

1953 2262 2049 2310 tua
2074 2255 2384 2313 abstersisti
2409 2259 2452 2290 ""
2477 2276 2490 2313 :
2525 2259 2782 2330 illiusque
2816 2270 3014 2317 nactus
3042 2262 3420 2333 episcopatum
3449 2263 3535 2333 (ut

1956 2361 2114 2402 sacro
2142 2351 2573 2417 praenuntiatum
2613 2361 2736 2408 erat
2764 2354 3015 2422 oraculo)
3049 2365 3365 2426 sortemque
3398 2371 3534 2425 apo-

1955 2436 2138 2493 stolici
2185 2441 2434 2498 muneris
2485 2451 2636 2499 sorte
2679 2444 2914 2516 adeptus
2954 2447 3331 2517 (apostolicam
3379 2447 3538 2504 deni-

1953 2543 2063 2599 que
2107 2529 2431 2601 dignitatem
2456 2548 2522 2589 ac
2561 2533 2770 2602 sedem,
2800 2537 3068 2593 hactenus
3090 2537 3312 2607 quidem
3342 2537 3396 2592 in
3426 2547 3538 2593 ter-

1955 2620 2031 2676 ris
2062 2633 2119 2678 et
2145 2637 2331 2678 coram
2379 2625 2655 2696 gentibus,
2687 2637 2878 2698 postea
2911 2644 3044 2684 vero
3080 2629 3244 2685 etiam
3268 2630 3325 2684 in
3355 2629 3533 2701 cunis)

1953 2714 2220 2769 caelorum
2250 2716 2385 2788 Regi
2421 2725 2481 2772 ut
2507 2717 2798 2775 consideas
2844 2736 2953 2774 una
2983 2736 3106 2775 cum
3134 2720 3538 2791 antiquissimis

1955 2807 2063 2863 illis
2087 2820 2425 2866 consecutus
2461 2811 2584 2867 laete
2627 2827 2693 2867 ac
2729 2813 3020 2883 splendide
3049 2816 3132 2882 (ut
3161 2816 3280 2885 ejus
3315 2815 3408 2884 qui
3440 2828 3537 2870 vc-

1957 2913 2053 2952 rax
2077 2906 2162 2954 est
2206 2900 2499 2968 promissio
2527 2903 2633 2969 est)
2680 2904 2799 2972 pari
2829 2919 2956 2958 cum
2998 2904 3256 2958 undecim
3302 2905 3536 2975 collegio

1957 2985 2156 3041 sedens
2191 3003 2257 3042 ac
2296 2988 2553 3044 lsraelem
2600 2990 2874 3061 judicans,
2902 2994 3207 3064 _apparebis
3238 2994 3304 3048 ⁸⁸.
3329 2995 3533 3050 Verum

1959 3073 2076 3130 haec
2105 3084 2316 3144 postea.
2969 3137 2974 3142 .

2030 3166 2187 3222 Tunc
2217 3184 2349 3224 vero
2377 3187 2484 3227 una
2529 3187 2654 3227 cum
2697 3188 2980 3228 sacrorum
3020 3175 3398 3246 theologorum
3422 3178 3538 3248 pri-

1958 3255 2066 3311 mis
2092 3259 2436 3317 antistitibus
2469 3263 2622 3318 velut
2649 3279 2794 3318 unus
2827 3280 2893 3318 ex
2932 3265 3014 3321 eis
3042 3266 3098 3321 in
3131 3269 3418 3322 caenaculo
3445 3270 3539 3324 illo

1958 3350 2282 3414 consedens,
2321 3353 2551 3423 parique
2594 3355 2703 3410 illis
2748 3356 2962 3412 ratione
2991 3359 3324 3427 promissum
3361 3361 3539 3431 Spiri-

1959 3448 2074 3494 tum
2102 3451 2352 3498 sanctum
2397 3455 2757 3516 exspectans;
2802 3448 3148 3505 divinissimo
3195 3451 3292 3506 illo
3328 3452 3537 3523 Spiritu

1957 3531 2088 3586 dum
2122 3536 2492 3604 compleretur
2521 3547 2710 3594 sancta
2749 3540 3073 3597 Pentecoste
3095 3543 3380 3614 ignearum
3407 3561 3536 3614 spe-

1957 3623 2041 3678 cie
2065 3624 2373 3696 linguarum
2409 3644 2441 3683 e
2467 3629 2607 3686 ccelo
2628 3630 2908 3698 veniente,
2953 3650 3016 3689 ac
3049 3634 3298 3704 singulos
3341 3652 3554 3691 eorum

1954 3716 2157 3786 quibus
2187 3719 2412 3785 insedit,
2460 3736 2559 3776 sua
2587 3723 2794 3779 virtute
2849 3725 3134 3795 implente,
3179 3727 3440 3796 impletus
3477 3739 3534 3783 et

1956 3806 2074 3876 ipse
2099 3808 2223 3864 viva
2273 3812 2447 3881 gratia
2491 3827 2585 3867 es:
2629 3813 2890 3883 impletus
2920 3816 3191 3885 sapientia
3225 3826 3280 3871 et
3330 3819 3538 3872 intelli~

1955 3899 2171 3968 gentia:
2203 3916 2306 3956 nec
2335 3901 2438 3956 hac
2465 3903 2686 3971 quidem
2716 3905 2986 3960 Paracleti
3014 3908 3220 3962 virtute
3251 3905 3541 3964 aﬂluenter

1955 3988 2194 4044 donatus
2222 4005 2304 4052 es,
2345 3991 2548 4061 illaque
2577 3993 2869 4050 deiiceris:
2896 3995 3032 4064 quin
3062 3997 3250 4064 potius
3279 3999 3540 4053 substan-

1957 4079 2047 4134 tias
2066 4081 2164 4135 Dei
2202 4080 2460 4150 Spiritus,
2496 4083 2652 4138 velut
2698 4085 2968 4140 mundum
3009 4098 3370 4158 sanctumque
3411 4099 3543 4145 tem.

1957 4170 2131 4243 plum,
2163 4172 2310 4225 haud
2354 4187 2516 4228 secus
2553 4189 2617 4229 ac
2658 4176 2892 4244 apostoli
2927 4177 3145 4248 reliqui,
3196 4181 3348 4234 omni
3387 4183 3539 4238 cultu

1957 4261 2178 4316 virtutis
2224 4263 2462 4332 vitaeque
2508 4265 2802 4331 munditia,
2853 4267 3104 4333 effectus,
3155 4271 3304 4326 nulla
3339 4273 3540 4328 verbo-

1958 4368 2081 4408 rum
2107 4353 2160 4408 vi
2191 4355 2524 4424 erplicahili,
2581 4357 3035 4430 divinissimaque
3087 4363 3322 4428 ratione,
3374 4366 3428 4420 in
3487 4376 3540 4422 te

1961 4450 2128 4496 totam
2163 4442 2509 4499 divinitatem
2544 4446 2940 4525 conquiescere
2974 4448 3152 4504 fecisti
3185 4451 3256 4517 θ’,
3285 4460 3450 4524 atque
3482 4454 3540 4511 in

261 4552 482 4622 μάτων,
507 4552 570 4605 οὑ
608 4550 720 4604 τῶν
751 4550 870 4621 μὲν,
900 4549 1009 4605 τῶν
1033 4550 1090 4603 ’δ’
1113 4549 1174 4603 οῦ
1195 4565 1230 4580 ’-
1254 4551 1470 4604 πάντων
1503 4552 1562 4606 δέ
1592 4553 1855 4624 κατηξιω-

1957 4549 2085 4590 eum
2115 4534 2360 4602 modum,
2386 4551 2498 4590 non
2523 4537 2630 4592 alia
2655 4537 2902 4608 quidem,
2926 4540 3051 4595 aliis
3069 4541 3418 4610 desideratis,
3441 4549 3538 4602 sed

262 4644 458 4715 μένος,
512 4643 609 4696 καὶ
658 4642 860 4706 πάσαις
904 4641 1081 4706 θείαις
1135 4641 1402 4712 δυνάμεσι
1445 4642 1548 4712 τῆς
1572 4643 1666 4696 τοῦ
1714 4643 1850 4697 Θεοῦ

259 4732 574 4804 συγκροτού
583 4749 746 4804 μενος
770 4731 970 4797 δεξιᾶς,
1007 4731 1278 4801 εὐκαίρως
1307 4732 1402 4785 καὶ
1441 4732 1603 4793 αὐτὸς
1631 4734 1744 4796 τοῖς
1765 4733 1854 4797 ζο-

259 4823 603 4896 φορωτέροις
637 4821 923 4891 ἐπιδημεῖς
955 4820 1064 4874 τῶν
1106 4819 1296 4885 ἐθνῶν,
1343 4821 1632 4891 περιουσίᾳ
1658 4819 1848 4892 νοεροῦ

259 4914 671 4982 κατακαλύψων
701 4914 908 4981 φωτός..

335 5003 457 5060 Καὶ
477 5005 586 5074 γὰρ
627 5002 816 5073 ὥσπερ
840 5001 942 5073 ὕλῃ
993 5001 1099 5054 τινὶ
1146 5000 1430 5072 παχυτέρα
1457 5017 1517 5053 τε
1569 5000 1663 5054 καὶ
1693 5002 1857 5071 ὑγρορ

261 5098 408 5170 τέρᾳ.
453 5097 566 5166 πῦρ
594 5095 885 5167 ἐμϐληθὲν,
935 5092 1185 5164 ἀμυδρὸν
1215 5094 1314 5162 μὲν
1345 5092 1426 5158 ὃν,
1465 5091 1600 5162 ἔσϐη
1627 5093 1721 5147 καὶ
1754 5111 1855 5164 με·

265 5191 552 5261 μάρανται
595 5187 882 5256 παραυτά,
934 5185 1033 5252 τῆς
1080 5182 1391 5252 παχύτητος
1451 5182 1485 5252 ἢ
1553 5183 1856 5252 ὑγρότητος

259 5278 504 5354 ήττηθέν
527 5295 544 5310 ο
579 5277 778 5348 λάϐρον
819 5277 866 5330 δ’
893 5277 976 5330 ὅτι
1018 5275 1252 5346 μάλιστα
1279 5274 1374 5327 καὶ
1399 5273 1728 5344 δραστήριον
1760 5291 1857 5326 πε-

263 5373 464 5447 φηνὸς,
497 5369 811 5441 παραυτίκα
841 5367 938 5438 μὲν
964 5367 1094 5430 ἴσως
1124 5367 1225 5420 οὑκ
1247 5365 1441 5436 ἀνῆψε,
1474 5368 1541 5436 τῇ
1568 5365 1664 5418 τοῦ
1686 5365 1856 5419 ὑπεκ-

264 5458 551 5530 καύματος
581 5455 1046 5526 ἀνεπιτηδειότητι
1071 5472 1085 5486 ·
1121 5454 1451 5524 ἐνδομυχοῦν
1482 5453 1539 5506 δέ
1572 5454 1713 5506 κατά
1757 5454 1852 5524 βάν

262 5552 383 5616 θος,
419 5551 510 5603 καὶ
565 5547 864 5618 λεληθότως
910 5548 1009 5618 τὴν
1061 5548 1429 5618 ὑποκειμένην
1482 5543 1847 5614 ἀναξηραίνον

264 5641 426 5713 ὓλην,
469 5640 549 5702 είς
581 5639 823 5710 μεγάλην
849 5638 1107 5708 ἐξαίφνης
1140 5635 1499 5707 ἀνερῤιπίσθη
1529 5635 1724 5705 φλόγα,
1755 5637 1849 5689 καὶ

1953 4625 2138 4679 omnia
2167 4625 2315 4680 illius
2344 4627 2487 4681 dona
2515 4636 2874 4694 consecutus,
2929 4632 3254 4702 cunctisque
3284 4634 3380 4687 Dei
3407 4633 3541 4689 dex-

1954 4723 2089 4772 terae
2117 4716 2418 4772 virtutibus
2473 4717 2797 4786 instructus,
2857 4730 3169 4791 opportune
3215 4733 3272 4778 et
3318 4725 3538 4794 ipsead

1954 4817 2146 4877 gentes
2181 4810 2374 4880 majori
2414 4810 2615 4865 oblitas
2647 4811 2906 4882 caligine,
2933 4812 3342 4871 abundantiore
3373 4831 3541 4888 oper-

1958 4907 2117 4955 turus
2138 4900 2258 4955 luce
2282 4901 2566 4970 profectus
2590 4917 2669 4958 es,

2026 4991 2242 5046 Etenim
2269 4993 2415 5048 sicut
2439 4993 2601 5063 ignis,
2631 4993 2676 5048 si
2700 4994 2753 5048 in
2782 4993 3111 5052 crassiorem
3146 4996 3540 5055 humidiorem.

1953 5096 2060 5151 que
2087 5083 2318 5138 forsitan
2363 5085 2638 5154 lignorum
2680 5097 2892 5144 struem
2923 5089 3162 5161 injicias,
3213 5091 3393 5162 sitque
3445 5093 3539 5150 ille

1954 5175 2116 5230 exilis
2144 5191 2209 5231 ac
2243 5177 2444 5241 tenuis,
2477 5192 2604 5231 mox
2646 5181 3020 5252 exstinguitur
3079 5190 3137 5236 et
3170 5183 3536 5254 elanguescit.

1954 5266 2226 5321 crassitiei
2269 5267 2347 5322 illi
2395 5283 2459 5323 ac
2488 5268 2806 5326 humiditati
2843 5271 3021 5327 victus
3065 5273 3414 5328 concedens:
3449 5275 3535 5328 sin

1958 5367 2142 5412 autem
2188 5359 2422 5414 maxime
2452 5374 2618 5414 vorax
2650 5361 2905 5431 aerisque
2945 5361 3241 5424 exstiterit,
3267 5361 3370 5415 etsi
3395 5360 3537 5416 forte

1960 5463 2070 5501 non
2124 5448 2378 5516 protinus
2423 5449 2688 5505 accendat
2733 5450 2965 5504 inhabili
3013 5449 3202 5506 fomite
3261 5464 3365 5504 nec
3403 5449 3538 5504 satis

1959 5536 2247 5605 disposito,
2290 5537 2530 5605 penitius
2562 5549 2743 5594 tamen
2783 5538 3033 5594 insidens
3078 5540 3296 5608 imaque
3335 5554 3535 5607 perva-

1957 5627 2115 5692 dens,
2144 5642 2208 5682 ac
2235 5629 2437 5683 sensim
2469 5629 2771 5700 subjectam
2801 5630 3085 5684 materiam
3127 5629 3434 5700 exsiccans,
3479 5632 3536 5690 in

344 5815 392 5849 δ”
414 5813 558 5874 Psal.
592 5830 740 5888 cvm,
774 5818 826 5874 8.
906 5817 947 5850 “
979 5815 1166 5873 Matth.
1203 5833 1315 5884 xu,
1354 5817 1447 5873 28.
1515 5819 1555 5851 "’
1587 5817 1744 5875 Joan.
1782 5836 1854 5884 ιγ,
1893 5823 1981 5876 24.
