4040 6418
476 443 586 508 279

1620 445 1916 508 NICETE
1953 443 2488 510 PAPHLAGONIS

3661 436 3784 498 280

472 569 726 626 magnam
772 552 1069 623 derepente
1107 555 1479 610 exsuscitatur
1516 555 1810 622 flammam,
1857 566 2055 611 totam-

2156 558 2283 628 ὅλην
2298 557 2366 610 δι’
2397 555 2519 609 ὅλου
2549 553 2840 618 λεπτῦνονζ
2869 547 3048 620 ἑαυτῷ
3095 521 3438 620 έξωμοίωσεν
3458 564 3473 578 ·
3502 546 3681 601 οὕτω
3707 544 3784 616 δὴ

474 659 582 714 que
610 659 837 714 prorsus
860 644 1059 700 molem
1093 657 1420 705 extenuans.
1443 646 1526 700 sui
1561 646 1796 708 similem
1827 647 2011 701 reddit
2037 666 2050 700 :

473 737 555 794 sic
577 753 708 793 sane
741 738 907 792 etiam
939 753 1170 809 magnus
1215 738 1304 792 hic
1337 739 1614 807 Evangelii
1647 754 1849 807 praeco.
1901 747 2054 808 post-

473 845 638 900 quam
665 829 876 885 caelesti
898 831 1098 900 plenus
1131 829 1279 899 igne.
1321 844 1490 898 reque
1532 829 1648 898 ipsa
1693 829 1832 899 ignis
1864 845 2054 884 evase-

473 929 582 983 rat.
618 930 838 976 terrena
879 921 1064 977 relicta
1088 921 1410 985 Jerusalem,
1451 930 1615 990 atque
1653 921 1721 974 ad
1748 937 1844 976 eas
1872 920 2054 991 profe-

473 1025 599 1066 ctus
627 1021 839 1082 gentes,
874 1013 942 1067 ad
987 1029 1126 1082 quas
1155 1012 1336 1066 aﬂ'latu
1391 1028 1492 1066 suo
1536 1012 1760 1066 divinus
1813 1012 2054 1082 Spiritus

472 1103 859 1166 advocaverat,
907 1104 1220 1173 sensimque
1255 1105 1373 1172 ejus
1426 1104 1587 1172 ignis,
1623 1117 1786 1172 quem
1827 1110 2052 1170 pectore

473 1195 743 1265 gestabat,
785 1195 893 1249 illis
911 1195 1172 1249 virtutem
1204 1195 1525 1256 immittens,
1550 1195 1884 1263 optimisque
1909 1193 2052 1247 divi-

471 1287 561 1342 nis
589 1286 1074 1356 prmdicationibus
1118 1287 1696 1356 praestantissimisque
1747 1285 2048 1349 miraculis,

470 1377 736 1447 paulatim
769 1378 1095 1432 insidentem
1119 1393 1311 1431 eorum
1338 1379 1657 1446 pectoribus
1687 1379 2047 1446 impietatem,

472 1467 828 1537 inolitamque
853 1467 1219 1522 viscositatem
1244 1477 1489 1522 atterens
1512 1485 1575 1523 ac
1611 1478 1866 1530 tenuans,
1903 1475 2050 1520 tum-

470 1571 580 1626 que
619 1557 785 1611 animi
812 1558 1003 1612 sordes
1049 1558 1381 1622 absumens,
1430 1567 1598 1628 atque
1653 1560 1720 1611 ad
1760 1557 1885 1612 ildei
1921 1557 2048 1610 illu-

469 1649 788 1704 strationem
824 1647 1056 1704 idoneos
1094 1663 1434 1719 praeparans,
1469 1649 1548 1702 sic
1594 1657 1825 1717 repente
1853 1647 1923 1702 ad
1955 1661 2049 1701 ve-

468 1741 647 1795 ritatis
671 1739 794 1794 illos
814 1740 1152 1810 agnitionem
1175 1739 1448 1800 accendit,
1464 1754 1528 1793 ac
1551 1737 1759 1807 Spiritu
1778 1738 2018 1792 illustrat
2033 1778 2048 1800 ,

467 1828 802 1898 innovatque
825 1844 988 1898 aqua,
1023 1843 1088 1883 ac
1128 1843 1283 1882 sacra
1315 1827 1573 1882 unctione
1595 1827 1903 1898 consignat,
1927 1827 2052 1881 Dei-

2156 649 2252 701 καὶ
2286 649 2315 701 ό
2353 646 2524 718 μέγας
2543 640 2697 708 οὗτος
2732 642 2826 696 τοῦ
2864 643 3026 711 λόγου
3053 637 3337 712 θέηγόρος,
3373 637 3574 710 ἐπειδὴ
3624 637 3784 708 πλήο

2159 755 2261 811 ρης
2292 739 2503 791 ἐκείνου
2537 736 2629 789 τοῦ
2653 733 2907 808 οὐρανίου
2939 729 3112 804 πυρδς
3158 728 3247 802 ἦν,
3288 732 3384 785 καὶ
3414 731 3782 802 αὐτόχρημα

2156 829 2288 899 πῦρ,
2321 827 2419 899 τὴν
2442 827 2593 880 κάτω
2619 825 2794 880 λιπὼν
2831 822 3212 894 Ἰερουσαλὴμ,
3243 822 3340 875 καὶ
3369 821 3455 891 ἐφ’
3486 819 3522 875 ἃ
3550 817 3781 873 τοῦτον

2154 923 2285 992 έθνη
2321 921 2382 973 τὸ
2409 919 2592 973 κινοῦν
2639 916 2863 987 Πνεῦμα
2913 916 3058 968 θεῖον
3095 913 3506 984 προσκέκληται
3535 927 3776 981 πορευ-

2155 1013 2292 1076 θεὶς,
2331 1012 2422 1064 καὶ
2461 1010 2559 1080 τὴν
2602 1009 2884 1080 ἐνέργειαν
2921 1007 3107 1077 ἠρέμα
3138 1004 3349 1066 τούτοις
3376 1003 3471 1056 τοῦ
3515 1005 3581 1055 έν
3607 998 3785 1068 αὐτῷ

2155 1105 2324 1175 πυρὸς
2357 1103 2554 1168 ἐνιεὶς,
2609 1101 2703 1154 καὶ
2751 1097 3051 1164 θεολογίαις
3103 1095 3353 1166 ἀρίσταις
3402 1093 3497 1146 καὶ
3527 1091 3783 1160 θαυμα-

2153 1197 2434 1268 τουργίαις
2459 1191 2782 1264 κρατίσταις
2807 1187 3129 1256 καταδραχὺ
3159 1186 3260 1253 τὴν
3293 1180 3779 1253 ένεσκιρωμένην

2152 1289 2274 1350 ταῖς
2297 1283 2476 1338 αὐτῶν
2503 1281 2756 1352 καρδίαις
2779 1276 3034 1332 ἀσέϐειαν
3065 1273 3348 1328 λεπτύνων
3367 1288 3382 1305 ·
3411 1272 3507 1324 καὶ
3531 1271 3651 1341 τὴν
3675 1271 3774 1324 ἑν·

2154 1378 2497 1448 τετηγμένην
2522 1372 2912 1443 γλισχρότητα,
2963 1369 3062 1422 εἴτ’
3097 1366 3191 1421 οῦν
3241 1365 3438 1436 κηλίδα
3471 1363 3584 1433 τῆς
3634 1363 3774 1416 δια-

2153 1473 2298 1535 νοίας
2346 1467 2661 1535 ὲξανελὼν,
2725 1465 2820 1517 καὶ
2855 1461 3195 1532 ἐπιτηδείους
3253 1457 3393 1529 πρὸς
3453 1455 3771 1526 φωτισμὸν

2153 1563 2388 1624 πίστεως
2417 1554 3104 1629 προπαρασκευαζόμενος,
3135 1549 3310 1613 οὓτως
3342 1547 3620 1617 ἐξαπίνης
3659 1547 3774 1600 αύ-

2151 1655 2280 1716 τοῦς
2309 1651 2444 1721 πρὸς
2487 1649 2585 1718 τὴν
2619 1647 2718 1715 τῆς
2749 1645 3008 1716 ἀληθείας
3036 1643 3333 1712 ἐπίγνωσιν
3358 1641 3625 1704 ἀνάπτει,
3667 1639 3770 1693 καὶ

2152 1744 2458 1814 λαμπρύνει
2489 1741 2566 1814 τῷ
2594 1739 2896 1808 Πνεῦματι,
2932 1737 3026 1790 καὶ
3056 1735 3291 1799 καινίζει
3319 1733 3398 1804 τῷ
3424 1732 3580 1786 ὕδατι
3615 1749 3634 1763 ο
3665 1731 3769 1784 καὶ

2155 1835 2286 1907 ἱερῷ
2320 1833 2584 1904 χρίσματι
2624 1825 2937 1899 σφραγίζει,
2971 1827 3063 1880 καὶ
3094 1827 3298 1896 ῥήματι
3325 1823 3548 1892 ἁγιάζει
3573 1821 3764 1876 Θεοῦ·

468 1937 578 1991 que
605 1921 774 1976 verbo
798 1920 1136 1975 sanctificat:
1173 1921 1340 1990 inque
1359 1934 1485 1974 eum
1512 1919 1736 1974 modum
1761 1928 1905 1975 totos
1931 1935 2052 1974 om-

2156 1926 2251 1980 καὶ
2278 1925 2452 1986 οῦτως
2506 1922 2662 1985 ὅλους
2692 1920 2760 1975 δι’
2797 1919 2920 1973 ὅλου
2966 1917 3059 1972 τοῦ
3105 1917 3227 1970 κατ’
3276 1915 3441 1968 αὑτὸν
3482 1912 3756 1984 οὐρανίου

471 2014 628 2079 nino,
648 2028 758 2083 quo
784 2014 1045 2068 incensus
1062 2020 1202 2076 erat,
1225 2011 1433 2068 coalesti
1457 2027 1555 2066 eos
1585 2013 1708 2082 igne
1735 2012 1974 2081 replens,
1998 2012 2052 2065 in

472 2118 631 2158 suam
664 2102 830 2158 trahit
865 2101 1306 2158 similitudinem.
1335 2102 1744 2173 Scripturarum
1784 2103 1935 2156 enim
1960 2102 2053 2156 do-

474 2193 751 2248 cumentis
776 2209 899 2263 quae
945 2193 1210 2256 tironum,
1250 2207 1315 2248 ac
1347 2192 1741 2247 rudimentaria
1778 2200 1928 2256 sunt,
1955 2206 2052 2246 eos

471 2285 778 2340 emundans
797 2300 862 2340 ac
891 2285 1211 2348 instituens,
1227 2282 1760 2354 perfectioribusque
1779 2283 2052 2338 doctrinis

468 2376 790 2432 illuminans
816 2385 981 2446 atque
1005 2391 1360 2445 componens.
1381 2390 1484 2430 nec
1518 2389 1628 2428 non
1657 2375 1933 2443 supremis
1963 2373 2051 2427 di-

467 2468 619 2524 vinis
637 2467 1124 2538 praedicationibus
1156 2468 1471 2538 perﬁciens.
1516 2469 1838 2536 donansque
1888 2466 2053 2519 abso—

468 2555 707 2620 latione,
734 2558 831 2613 Dei
859 2558 1001 2613 ﬁlios
1026 2559 1429 2623 immaculatos,
1456 2558 1777 2613 cohaeredes
1812 2573 1876 2612 ac
1915 2572 2052 2612 con-

470 2652 790 2722 corporales
811 2650 1567 2721 comparticipesqueChristi
1599 2650 1766 2706 elIicit
1801 2669 1814 2703 :
1859 2651 2052 2720 sicque

469 2743 582 2813 iam
612 2743 665 2797 in
697 2743 971 2798 Ecclesias
1007 2751 1228 2798 sanctas
1262 2743 1527 2809 Domino,
1586 2758 1890 2814 gregesque
1932 2758 2053 2797 ma-

469 2845 581 2900 gno
633 2829 982 2885 sacerdotum
1035 2838 1429 2900 pastorumque
1479 2831 1718 2902 principi
1759 2846 1983 2902 cogens,
2021 2846 2053 2884 a

471 2922 798 2991 nequissimi
831 2930 1104 2992 potestate
1128 2922 1392 2977 liberatos
1435 2933 1598 2994 atque
1620 2924 1852 2988 solutos,
1883 2925 2052 2979 coale-

469 3015 542 3070 sti
586 3029 684 3069 eos
714 3014 859 3069 Patri
893 3029 1267 3085 supremoque
1292 3015 1540 3072 omnium
1580 3016 1711 3087 Hegi
1741 3017 2018 3071 admovet.

539 3106 630 3162 Sic
662 3107 894 3162 Mathias
923 3109 1217 3164 Dominum
1268 3109 1612 3174 clariﬁcavit,
1667 3111 1858 3180 sicque
1887 3110 2053 3164 vicis-

471 3198 578 3253 sim
610 3197 763 3254 illum
813 3199 1078 3255 Dominus
1120 3201 1477 3267 clariﬁcavit;
1534 3209 1764 3272 eratque
1796 3201 2051 3255 mirabile
2079 3240 2124 3297 ο

471 3291 751 3361 quoddam
782 3292 926 3346 inter
955 3293 1146 3347 ambos
1177 3294 1331 3348 velut
1361 3304 1664 3358 certamen,
1700 3309 1764 3348 ac
1794 3293 2050 3349 vincendi
2079 3278 2124 3300 “’

471 3383 659 3437 ardor.
685 3383 820 3436 Nam
853 3384 994 3438 alter
1020 3385 1268 3453 quidem,
1317 3385 1413 3454 qui
1438 3385 1686 3440 salvandi
1730 3395 1916 3440 essent
1946 3385 2055 3438 Do-

473 3475 624 3528 mino
643 3474 998 3545 adiungebat,
1031 3477 1291 3546 omnique
1317 3485 1515 3532 conatu
1539 3493 1604 3532 ac
1626 3477 1896 3532 industria
1914 3478 2055 3548 ejus,

473 3567 570 3637 qui
594 3568 843 3631 miserat,
896 3583 1150 3638 quaerens
1177 3570 1430 3640 gloriam,
1474 3584 1667 3624 eorum
1699 3584 1932 3624 numero
1963 3568 2058 3623 ad-

475 3658 685 3713 debat:
727 3658 863 3713 alter
919 3667 1146 3724 autem,
1202 3660 1292 3715 his
1337 3661 1433 3730 qui
1487 3660 1857 3715 credidissent
1907 3659 2058 3714 illius

474 3763 666 3819 opera,
693 3763 952 3804 coronam
977 3749 1169 3819 gloria
1214 3749 1496 3818 animique
1526 3749 1955 3804 exsultationem
1993 3762 2057 3800 ac

474 3839 645 3896 decus
671 3839 969 3896 munificus
1003 3849 1390 3896 remunerator
1422 3840 1683 3895 donabat.

548 3929 690 3988 Sane
719 3931 942 4001 quidem
979 3933 1212 4008 maxima
1255 3931 1405 4002 digni
1439 3931 1806 3986 admiratione
1854 3930 2058 3986 beatis-

476 4023 600 4079 simi
630 4023 863 4093 apostoli
904 4023 1170 4078 circuitus
1208 4037 1402 4078 omnes
1435 4037 1498 4078 ac
1541 4023 2054 4094 peregrinationes:

473 4119 748 4183 quotquot
771 4111 902 4167 item
929 4112 1006 4168 illi
1041 4111 1258 4168 fortiter
1274 4120 1428 4184 gesta
1453 4113 1744 4170 universas
1767 4113 2057 4169 lustrando

473 4205 748 4268 nationes,
778 4205 1223 4275 splendidissima
1260 4207 1354 4263 illa
1382 4207 1543 4277 plane
1565 4222 1630 4262 ac
1662 4207 2007 4261 divinissima
2037 4223 2052 4271 ;

471 4304 599 4344 eum
634 4291 830 4360 primis
861 4295 996 4347 vero
1039 4293 1184 4364 apud
1229 4309 1326 4349 eos
1355 4294 1623 4360 exhibita,
1659 4295 1754 4365 qui
1789 4295 1845 4349 in
1878 4295 2055 4365 prima

471 4377 754 4451 Ethiopia
777 4382 936 4439 sedes
973 4384 1199 4439 habent.
1241 4385 1613 4442 Admirandus
1641 4388 1791 4442 enim
1832 4387 1920 4441 vir
1951 4387 2056 4443 iste

475 4472 632 4536 Jesu,
661 4472 807 4543 apud
837 4481 992 4530 atros
1025 4475 1149 4530 illos
1176 4478 1425 4546 corporis
1458 4479 1707 4552 fuligine,
1743 4480 2054 4549 mentisque

2155 2015 2532 2088 πεπληρωκὼς
2560 2014 2750 2086 πυρὸς,
2781 2011 2975 2082 ἑαυτῷ-
2993 2009 3254 2080 ὲξομοιοῐ.
3289 2008 3423 2070 Ταῖς
3449 2007 3760 2074 εἰσαγωγι-

2154 2113 2276 2172 καῐς
2312 2109 2421 2181 γὰρ
2455 2107 2564 2162 τῶν
2614 2105 2811 2174 λογίων
2853 2103 3099 2173 διδαχαῖς
3128 2099 3412 2171 καθαίρων
3453 2097 3553 2152 καὶ
3601 2112 3761 2149 creto

2153 2202 2335 2273 χειῶν,
2369 2203 2480 2265 τοῖς
2510 2197 2867 2268 τελειοτέροις
2908 2196 2965 2249 δὲ
3007 2194 3118 2248 τῶν
3150 2192 3440 2262 δογμάτων
3484 2187 3753 2258 φωτίζων

2153 2295 2248 2348 καὶ
2275 2291 2556 2362 συμὸιὸῶν
2581 2307 2594 2322 ο
2626 2291 2750 2351 ταῖς
2772 2289 3032 2341 ἀνωτάτω
3063 2285 3122 2339 δὲ
3145 2285 3451 2352 θεολογίαις
3477 2280 3754 2350 καταρτί-

2154 2386 2262 2450 ζων
2285 2383 2482 2445 αὐτοὺς
2513 2381 2606 2435 καὶ
2638 2377 3057 2449 τελεσιουργῶν,
3091 2377 3259 2430 τέκνα
3282 2372 3418 2428 Θεοῦ
3459 2371 3753 2442 ἀμώμητα

2156 2471 2582 2543 συγκληρονόμα
2611 2470 2707 2523 καὶ
2739 2469 3004 2538 σύσσωμα
3029 2467 3124 2520 καὶ
3150 2464 3468 2536 συμμέτοχα
3502 2463 3748 2515 δείκνυσι

2154 2565 2248 2618 τοῦ
2277 2561 2546 2634 Χριστοῦ’
2584 2562 2678 2615 καὶ
2738 2560 2882 2614 οὕτω
2929 2558 3114 2611 λοιπὸν
3150 2559 3229 2619 εις
3261 2555 3558 2624 ἐκκλησίας
3575 2553 3751 2620 ἁγίας

2155 2656 2365 2725 Κυρίῳ,
2397 2653 2492 2706 καὶ⁵
2517 2651 2691 2704 σεπτά
2745 2650 2972 2720 ποίμνια
3001 2648 3079 2717 τῷ
3111 2645 3332 2716 μεγάλῳ
3367 2645 3617 2715 ἀρχιερεῖ
3643 2641 3744 2694 καὶ

2154 2743 2503 2815 ἀρχιποίμενι
2552 2740 2845 2800 καθιστῶν,
2893 2737 3204 2807 ἀπήλλαττε
3255 2735 3354 2803 μὲν
3397 2731 3493 2785 καὶ
3522 2728 3745 2796 ἠλευθέ-

2157 2855 2251 2909 ρου
2283 2836 2383 2900 τῆς
2432 2834 2683 2900 ἐξουσίας
2717 2831 2812 2885 τοῦ
2847 2827 3090 2900 πονηροῦ
3112 2845 3127 2860 ο
3162 2827 3240 2896 τῷ
3269 2823 3505 2895 οὐρανίῳ
3531 2821 3589 2874 δὲ
3616 2819 3744 2872 τού-

2153 2946 2279 2992 τους
2300 2929 2536 2999 παρίστη
2560 2924 2738 2996 Πατρὶ
2771 2925 2865 2977 καὶ
2893 2920 3261 2992 ιιαμΰασιλεῑ.

2229 3114 2387 3169 Οῦτω
2436 3112 2654 3174 Μαθίας
2681 3109 2900 3174 ὲδόξασε
2930 3107 3024 3160 τὸν
3046 3106 3275 3176 Κύριον,
3304 3102 3400 3154 καὶ
3427 3088 3600 3162 οῦτως
3635 3097 3737 3152 αύ-

2154 3209 2246 3261 τὸν
2279 3205 2634 3272 ἀντεδόξασεν
2659 3205 2687 3257 δ
2719 3202 2924 3273 Κύριος
2941 3216 2956 3231 ·
2993 3200 3085 3253 καὶ
3107 3194 3176 3267 ἦν
3198 3193 3490 3264 θαυμαστή
3520 3208 3607 3254 τις
3629 3184 3738 3243 οἷον

2156 3298 2358 3369 ἀμιλλα
2389 3299 2444 3350 έν
2481 3295 2833 3366 ἀμφοτέροις.
2878 3292 2939 3345 Ὅ
2977 3291 3076 3362 μὲν
3126 3288 3234 3360 γὰρ
3263 3283 3583 3357 προσετίθει
3614 3283 3736 3344 τοὺς

2158 3387 2503 3456 σωζομένους
2525 3384 2604 3456 τῷ
2635 3383 2850 3454 Κυρίῳ,
2879 3381 3031 3450 πάσῃ
3064 3379 3278 3450 μηχανῇ
3304 3376 3403 3445 τὴν
3433 3373 3596 3438 δόξαν
3642 3370 3738 3424 τοῦ

2157 3479 2470 3550 πέμψαντος
2495 3476 2657 3530 αὑτὸν
2691 3474 2872 3544 ζητῶν
2891 3489 2906 3504 ·
2936 3474 2965 3526 ό
3009 3472 3066 3524 δὲ
3111 3469 3288 3540 τούτῳ
3317 3468 3445 3530 τοὺς
3466 3466 3535 3519 δι’
3566 3462 3737 3518 αὐτοῦ

2157 3569 2531 3632 πιστεύοντας,
2559 3569 2882 3636 καυχήσεως
2909 3563 3194 3632 στέφανον,
3222 3559 3536 3630 ἀγαλλίαμά
3555 3576 3615 3612 τε
3639 3559 3733 3612 καὶ

2155 3662 2312 3726 δόξαν
2342 3660 2519 3731 ψυχῆς
2543 3657 2915 3728 ἀντεδωρεῖτο.

2231 3941 2388 3994 Ἔστι
2431 3937 2530 4008 μὲν
2557 3936 2650 3989 οῦν
2680 3936 2860 3998 πάσας
2884 3933 2977 3987 τοῦ
3005 3933 3428 4005 μακαριωτάτου
3453 3931 3555 3994 τὰς
3581 3946 3735 4001 περιο

2156 4033 2308 4094 ὁδους
2353 4026 2753 4099 ύπεράγασθαι,
2813 4027 2908 4080 καὶ⁵
2935 4027 3034 4088 τάς
3079 4025 3467 4096 ἀνδραγαθίας,
3517 4026 3650 4088 ὅσας
3681 4024 3737 4077 ὲν

2157 4125 2325 4177 πᾶσιν
2356 4121 2533 4174 ἔθνεσι
2571 4119 2952 4190 κατεπράξατο
2993 4118 3242 4191 περιιὼν,
3264 4118 3342 4182 ὡς
3382 4116 3737 4186 ἀξιολογωτά-

2155 4233 2254 4278 τας
2286 4213 2381 4268 καὶ
2405 4211 2835 4278 ἀξιοθεωτάτας·
2864 4211 2963 4280 οὐχ
2990 4211 3192 4280 ἣκιστα
3219 4211 3297 4275 δὲ,
3327 4210 3395 4280 ἢν
3419 4208 3480 4261 έν
3503 4210 3615 4270 τοῖς
3643 4207 3739 4277 τὴν

2158 4305 2382 4377 πρώτην
2435 4303 2725 4358 Αἰθιοπίαν
2783 4301 3028 4355 οἰκοῦσιν
3080 4299 3412 4365 έπεδείξατο.
3468 4299 3595 4362 Τοῖς
3631 4298 3738 4369 γὰρ

2161 4396 2419 4466 μέλανσιν
2452 4393 2684 4456 ἐκείνοις
2751 4391 2813 4445 τὸ
2866 4392 3048 4462 σῶμα,
3088 4390 3439 4461 μελαντέροις
3489 4389 3546 4443 δὲ
3603 4388 3739 4441 πολὺ

2161 4487 2321 4540 πλέον
2347 4487 2439 4539 τὸν
2470 4485 2598 4539 νοῦν
2620 4484 2717 4538 καλ⁵
2741 4484 2842 4553 τὴν
2873 4483 3074 4554 ψυχὴν,
3091 4484 3186 4535 καὶ
3211 4481 3508 4552 ὠμοϐόρων
3534 4479 3740 4550 θηρίων

478 4563 599 4632 ipsa
627 4573 792 4635 atque
824 4565 994 4621 animi
1021 4567 1433 4640 caliginelonge
1460 4572 1714 4635 atriores,
1747 4585 1852 4626 nec
1888 4570 2054 4641 quid-

2157 4577 2521 4647 διενηνοχόσιν
2578 4575 2752 4640 οὐδέν,
2811 4575 2840 4628 ό
2893 4572 3199 4643 θαυμάσιος
3248 4564 3402 4634 οῦτος
3454 4569 3740 4640 ἄνθρωπος

476 4670 642 4725 quam
684 4657 997 4714 crudivoris
1029 4660 1408 4716 animantibus
1439 4663 1769 4728 dissimiles,
1812 4677 2054 4718 commo-

475 4753 656 4810 ratus,
689 4745 857 4816 inque
891 4748 1076 4803 medio
1113 4751 1412 4818 agrestium
1457 4751 1757 4808 bestiarum
1794 4762 2053 4823 tanquam

476 4835 676 4902 homo,
734 4853 833 4892 seu
884 4840 1070 4909 potius
1129 4842 1274 4897 inter
1329 4844 1750 4900 scelestissimos
1802 4845 2056 4901 homines

475 4931 632 5001 quasi
675 4932 821 4988 Deus
873 4934 1088 5000 beatus,
1143 4937 1200 4991 in
1234 4937 1455 5007 longum
1502 4947 1719 5009 tempus
1759 4949 2012 4995 versatus
2039 4979 2054 5004 ,

477 5024 682 5079 nedum
729 5026 938 5082 nullum
976 5043 1208 5099 prorsus
1237 5030 1457 5085 illorum
1493 5031 1790 5102 proterviae
1818 5048 1884 5089 ac
1925 5033 2056 5088 feri-
2095 5041 2123 5064 °

474 5116 609 5172 tatis
654 5119 947 5190 vestigium
986 5121 1090 5177 sibi
1127 5122 1242 5193 ipse
1287 5124 1501 5188 ascivit,
1545 5140 1737 5180 verum
1781 5140 1881 5180 sua
1929 5126 2056 5181 illos

477 5211 904 5267 mansuetudine
935 5212 1226 5283 impartiit.
1254 5215 1468 5271 Nedum
1513 5217 1662 5272 nulla
1692 5217 1811 5271 vitii
1844 5217 2056 5273 macula

475 5300 683 5355 Christi
723 5300 947 5358 dotibus
971 5305 1351 5374 praenitentem
1396 5308 1639 5362 animum
1675 5309 1892 5375 imbuit,
1922 5310 2054 5379 quin

477 5393 544 5446 ad
575 5392 862 5448 meliorem
896 5409 993 5450 eos
1010 5395 1222 5468 frugem
1253 5399 1632 5452 commutavit.
1659 5400 1892 5454 Prorsus
1907 5399 2056 5453 enim

477 5486 813 5541 contrarium
832 5491 1112 5544 contrario
1128 5506 1350 5555 sanans,
1372 5507 1565 5546 eorum
1587 5491 1771 5548 cordis
1795 5492 2056 5547 duritiam

476 5581 534 5626 et
579 5577 946 5644 pervicaciam
986 5595 1050 5634 ac
1089 5580 1433 5650 superbiam,
1479 5599 1692 5639 morum
1741 5587 2010 5640 suavitate
2042 5625 2056 5649 ,

478 5664 726 5731 lenitate,
760 5671 1078 5738 placiditate
1119 5673 1481 5744 emolliebat;
1527 5675 1824 5742 feritatem,
1876 5677 2058 5741 dolos,

480 5753 897 5824 malignitatem,
938 5760 1108 5813 animi
1155 5761 1528 5832 benignitate,
1588 5765 1851 5830 candore,
1905 5781 2058 5819 man-

482 5844 779 5901 suetudine
813 5849 1125 5906 iullcctcbat
1153 5869 1167 5916 ;
1199 5853 1476 5910 mellilluis
1511 5856 1751 5927 denique
1787 5857 2061 5913 sermoni-

2155 4667 2549 4739 ἐμφιλοχωρῶν
2572 4666 2666 4720 τοῦ
2713 4665 2911 4738 Ἰησοῦ,
2938 4667 3031 4718 καὶ
3053 4663 3111 4716 έν
3141 4663 3292 4732 μέσῳ
3322 4660 3506 4732 θηρῶν
3529 4659 3742 4732 ἀγρίων

2157 4763 2232 4826 ὡς
2259 4761 2576 4832 ἄνθρωπος’
2614 4758 2816 4831 μᾶλλον
2841 4758 2900 4812 δὲ
2933 4755 3138 4827 μεταξὺ
3161 4753 3416 4826 πονηρῶν
3436 4751 3742 4822 ἀνθρώπων

2156 4854 2244 4910 οἷα
2275 4856 2411 4920 Θεὸς
2436 4856 2639 4924 ἀγαθὸς
2664 4855 2758 4908 ἐπὶ
2789 4853 2921 4907 πολὺ
2955 4850 3226 4905 κατοικῶν
3247 4891 3262 4915 ,
3299 4850 3361 4903 οὐ
3390 4850 3486 4918 τῆς
3515 4847 3741 4900 ἐκείνων

2159 4946 2486 5015 ἰταμότητος
2536 4945 2682 5014 ίχνος
2707 4944 2843 5007 ὅλως
2872 4943 3191 5010 ὲπεσύρετο,
3247 4939 3346 5009 τῆς
3376 4937 3581 5000 οἰκείας
3612 4952 3741 5007 μετ-

2158 5039 2327 5092 έδωκε
2353 5035 2722 5107 χρηστότητος
2751 5033 2808 5088 δέ
2828 5051 2842 5064 ·
2893 5031 3006 5086 οὔτ’
3047 5027 3141 5085 οῦν
3169 5032 3270 5102 τῆς
3324 5029 3522 5090 κακίας
3547 5026 3739 5081 σπῖλον

2157 5131 2223 5200 τῇ
2245 5127 2569 5200 χριστοειδεῖ
2594 5124 2998 5197 προσετρίψατο
3026 5123 3171 5193 ψυχῇ
3194 5138 3210 5152 θ
3236 5122 3543 5192 κρείττονος
3571 5135 3737 5190 μετα-

2159 5221 2324 5290 ϐολῆς
2343 5219 2568 5282 τούτους
2600 5216 2909 5289 κατηξίωσε
2924 5217 3002 5270 δέ·
3021 5215 3098 5286 τῷ
3117 5215 3344 5280 ἐναντίῳ
3365 5216 3472 5285 γὰρ
3501 5212 3739 5282 ἀτεχνῶς

2158 5311 2466 5365 τούναντίον
2485 5309 2794 5379 ἐξιώμενος,
2819 5309 2880 5362 τδ
2903 5307 3136 5377 σκληρὸν
3159 5307 3255 5379 μὲν
3283 5305 3464 5359 αὐτῶν
3481 5304 3578 5372 τῆς
3602 5319 3756 5372 καρ-·

2157 5403 2274 5464 δίας
2301 5405 2392 5455 καὶ
2423 5401 2711 5465 δυσπειθὲς
2747 5401 2842 5454 καὶ
2876 5399 3177 5469 ἀγέρωχον,
3209 5394 3287 5468 τῷ
3318 5395 3513 5465 ἁπαλῷ
3533 5412 3592 5447 τε
3620 5393 3738 5466 seu

2159 5496 2254 5548 καὶ
2311 5494 2559 5564 μειλιχίῳ
2606 5491 2984 5562 κατεμάλαττε
3015 5490 3108 5543 καὶ
3139 5490 3339 5559 πραεῖο
3375 5487 3436 5540 τὸ
3464 5487 3736 5556 ἀνήμερον

2158 5588 2215 5641 δὲ
2246 5587 2338 5641 καὶ
2373 5587 2606 5639 ὓπουλον
2640 5584 2735 5638 καὶ
2778 5586 2985 5647 σκαιὸν,
3014 5582 3091 5654 τῷ
3115 5580 3424 5650 ἀγαθοειδεῖ
3457 5579 3558 5648 τῆς
3587 5577 3738 5646 ’γνώ-

2163 5695 2290 5749 μης,
2322 5675 2568 5747 ἁπλοῖκῷ
2593 5693 2651 5728 τε
2681 5675 2774 5728 καὶ
2803 5675 3068 5745 προσηνεῖ
3102 5670 3478 5727 κατεδυσώπει
3500 5687 3514 5701 ’
3533 5670 3630 5722 καὶ
3662 5667 3739 5739 τῷ

2159 5770 2268 5824 τῶν
2293 5771 2468 5837 λόγων
2489 5769 2547 5821 δὲ
2566 5767 2877 5839 μελιρῤύτῳ
2905 5765 3094 5835 καὶτῷ
3119 5765 3214 5819 τοῦ
3241 5765 3444 5835 τρόπου
3473 5763 3529 5818 δὲ
3547 5762 3738 5831 ὲνθέῳ,

2162 5861 2254 5915 καὶ
2290 5859 2368 5930 τῷ
2397 5857 2504 5913 τῶν
2536 5855 2714 5927 ἔργων
2747 5856 2802 5910 δὲ
2837 5854 3175 5926 μεγαλοδόξῳ
3222 5852 3620 5921 καταπλήττων
3648 5849 3740 5903 αύ-
