4040 6392
247 403 363 464 281

941 389 1225 452 ORATIO
1253 389 1407 448 XIV.
1466 411 1535 422 —
1576 381 1661 444 IN
1719 384 2026 446 LAUDEM
2073 383 2134 442 S.
2171 383 2488 443 ΜΑΤΗΙΕ
2522 383 2780 444 APOST.

3425 387 3538 453 282

251 516 389 580 τοὺς
417 515 514 568 καὶ
539 508 809 580 δκεροϐὦν.
841 507 920 572 εις
944 504 1348 574 συγκατάθεσιν
1393 500 1539 556 οὓτω
1584 503 1683 571 τῆς
1708 501 1841 570 ἁλη-

1949 499 2051 553 bus
2079 499 2358 568 rectisque
2392 499 2647 553 moribus
2668 513 2734 552 ac
2759 497 3065 570 magniﬁcis
3095 498 3379 569 operibus,
3413 511 3534 558 stu-

256 608 414 672 θείας
432 602 557 678 ἦγε.
595 603 660 658 Ἦ
688 599 917 672 ἀλήθεια
945 599 1004 653 δὲ
1023 597 1140 663 τίςῖ

330 793 553 853 Γνῶτε,
589 792 773 862 φησιν,
802 784 851 844 ὦ
899 786 1139 855 ἄνδρες,
1179 784 1364 856 γνῶτε
1415 782 1515 836 διὰ
1555 779 1662 836 τοῦ
1697 777 1848 849 πρὸς

260 883 421 954 ὑμᾶς
447 881 915 951 ἀπεσταλμένον
965 879 1076 934 τὸν
1130 876 1586 934 ἀπεσταλκόταο
1619 874 1718 928 καὶ
1777 872 1850 926 ἐν

260 975 411 1045 ἐμοί,
447 976 552 1029 τὸν
589 973 665 1027 δι’
693 971 840 1042 ἐμοῦ
869 971 1309 1039 κηρυττόμενον
1333 967 1679 1037 γνωρίσατε.
1737 965 1849 1018 Τὸν

261 1068 334 1120 ἐν
352 1065 480 1136 ἐμοὶ
515 1062 827 1120 λαλοῦντα
875 1062 974 1116 καὶ
1001 1060 1188 1122 ζῶντα
1229 1059 1314 1128 μὴ
1367 1058 1638 1126 ἀγνοεῖτε
1671 1055 1844 1112 Θεὸν.

263 1159 408 1224 Θεὸς
439 1157 549 1226 γὰρ
585 1149 763 1222 οὗτος
787 1153 1023 1221 ἀληθής
1063 1152 1197 1206 ἐστι
1226 1153 1430 1221 μόνος,
1483 1151 1672 1220 μόνος
1705 1146 1847 1212 Θεὸς

262 1248 436 1310 θεῶν,
480 1251 695 1317 Κύριος
726 1246 966 1314 κυρίων,
995 1245 1094 1298 καί
1129 1245 1324 1313 Ἄγιος
1349 1242 1623 1312 πέφυκεν
1665 1241 1850 1309 ἀγίων

258 1343 481 1412 μόνοςο
517 1339 587 1404 ὃς
615 1338 708 1394 ἀεὶ
744 1339 848 1404 ὢν,
903 1337 1003 1392 καί
1048 1337 1194 1401 ὅλος
1225 1336 1343 1404 τὴν
1384 1335 1576 1404 φύσιν
1627 1333 1850 1401 ἀγαθὸς

258 1435 364 1498 ὢν,
391 1435 503 1488 οὐκ
554 1432 836 1486 ἐϐούλετο
862 1431 1051 1500 μόνος
1071 1427 1290 1483 ἑαυτοῦ
1321 1424 1736 1494 κατατρυφᾷν·
1769 1426 1848 1491 ὡς

258 1525 336 1579 ἂν
358 1524 426 1578 δὲ
447 1525 697 1589 πλείους
719 1519 840 1577 εἶεν
865 1525 920 1576 οί
945 1521 1450 1590 εὐεργετούμενοι,
1475 1518 1712 1588 πρῶτον
1729 1519 1850 1588 μὲν

258 1617 366 1670 τὸν
389 1615 582 1670 ἀῢλον
635 1615 870 1684 κόσμον
917 1614 1015 1668 καί
1065 1614 1402 1681 νοούμενον
1426 1630 1439 1642 ⁸
1481 1610 1686 1664 ἔπειτα
1741 1610 1850 1663 τὸν

255 1707 473 1762 ὑλικὸν
504 1706 603 1761 καί
636 1706 940 1776 ὁρώμενον
974 1704 1193 1760 τοῦτον
1217 1705 1288 1758 ἐν
1335 1703 1523 1773 σοφίᾳ
1552 1700 1846 1768 κατεστή-

253 1811 405 1850 σατο
430 1812 444 1826 ·
475 1795 546 1848 ἐν
569 1787 618 1860 ᾧ
649 1794 843 1863 μόνον
865 1793 971 1848 τὸν
1015 1793 1332 1862 ἄνθρωπον
1375 1795 1538 1862 λόγῳ
1568 1791 1665 1845 καί
1705 1792 1846 1845 αὐτο

1949 605 2140 659 porem
2167 599 2548 659 terroremque
2580 589 2880 652 incutiens,
2926 589 2993 643 ad
3021 591 3270 646 veritatis
3297 607 3534 648 consen-

1949 696 2072 735 sum
2107 682 2385 736 trabebat.
2417 684 2486 736 At
2514 696 2764 751 quzenam
2797 680 3048 735 veritas?

2018 774 2314 844 Agnoscite,
2345 774 2544 843 inquit,
2573 789 2603 827 ο
2635 775 2755 832 viri.
2795 775 3058 843 agnoscite
3081 790 3175 844 per
3207 790 3323 828 eum
3355 775 3447 846 qui
3466 775 3537 829 ad

1949 881 2036 918 vos
2067 866 2253 919 missus
2284 876 2381 928 est,
2421 866 2593 936 ipsum
2633 867 2722 932 qui
2752 867 2893 920 misit
2925 883 2943 918 :
2991 875 3148 937 atque
3180 867 3234 919 in
3280 883 3381 930 me,
3414 884 3536 923 eum

1950 958 2040 1026 qui
2087 972 2178 1025 per
2227 972 2308 1008 me
2364 957 2710 1022 praedicatur,
2764 958 3074 1025 cognoscite.
3131 955 3307 1010 Nolite
3363 955 3533 1012 Deum

1947 1049 2196 1118 ignorare
2237 1051 2327 1118 qui
2371 1051 2425 1102 in
2463 1065 2540 1102 me
2592 1047 2846 1118 loquitur,
2889 1065 2951 1102 ac
2990 1047 3157 1102 Deum
3195 1051 3390 1103 vivum.
3437 1051 3536 1105 Hic

1950 1145 2090 1195 enim
2108 1141 2251 1196 solus
2272 1158 2424 1195 verus
2451 1141 2588 1195 Deus
2619 1151 2733 1195 est:
2779 1139 2922 1194 solus
2956 1139 3095 1194 Deus
3133 1141 3373 1204 deorum,
3429 1141 3534 1195 Do-

1951 1233 2124 1286 minus
2178 1232 2588 1297 dominantium,
2639 1231 2782 1285 solus
2821 1230 3046 1286 Sanctus
3085 1241 3410 1287 sanctorum.
3457 1232 3532 1297 Is,

1949 1341 2068 1378 cum
2099 1341 2302 1394 semper
2329 1331 2486 1388 esset,
2519 1342 2582 1378 ac
2613 1333 2751 1378 totus
2795 1334 2991 1378 natura
3032 1325 3194 1378 bonus
3241 1325 3532 1391 exsisteret,

1951 1415 2119 1469 noluit
2144 1415 2287 1470 solus
2305 1417 2413 1486 ipse
2435 1431 2489 1470 se
2512 1417 2618 1485 frui
2641 1432 2703 1469 ac
2719 1418 2900 1469 beatus
2925 1431 3056 1468 esse.
3076 1413 3179 1469 Sed
3198 1424 3254 1468 ut
3277 1417 3330 1469 in
3354 1414 3534 1486 plures

1949 1505 2258 1574 beneﬁcium
2290 1507 2563 1568 transiret,
2595 1508 2768 1577 primo
2813 1507 3024 1576 quidem
3063 1506 3318 1560 mundum
3355 1507 3536 1560 condi-

1949 1598 2048 1662 dit,
2080 1599 2171 1669 qui
2203 1605 2354 1651 extra
2388 1599 2669 1652 materiam
2696 1606 2796 1662 est,
2839 1615 2902 1651 ac
2953 1606 3124 1651 mente
3177 1597 3492 1668 intelligitur
3515 1615 3537 1654 :

1951 1697 2164 1760 tumque
2187 1691 2324 1743 hunc
2349 1691 2522 1760 ipsum
2561 1690 2831 1743 constituit
2866 1691 3092 1743 materia
3127 1698 3425 1743 concretum
3475 1705 3539 1743 ac

1949 1781 2204 1836 visibilem
2227 1799 2246 1846 ;
2278 1783 2336 1835 in
2361 1797 2464 1852 quo
2487 1798 2652 1834 unum
2675 1781 2940 1835 hominem
2966 1783 3174 1834 ratione
3203 1789 3452 1835 ornatum
3474 1797 3540 1835 ac

249 1851 631 1955 εξουσιότητι
649 1851 1075 1956 τετιμημένον,
1107 1851 1220 1940 οὐκ
1245 1888 1333 1952 είς
1362 1851 1542 1949 τέλος
1579 1887 1612 1938 ό
1660 1886 1841 1950 ὑπερ-

1951 1873 2102 1928 liberi
2132 1875 2342 1928 arbitrii
2375 1851 2640 1944 facultate
2679 1873 2982 1944 praditum,
3019 1889 3122 1930 non
3155 1875 3209 1926 in
3242 1873 3405 1942 ﬁnem
3438 1872 3537 1925 de-

247 1978 469 2048 ἀγαθος
499 1978 782 2047 παρεῖδεν
803 1994 819 2009 ·
853 1977 994 2032 ἀλλ’
1033 1977 1222 2043 αὐτὸς
1251 1977 1488 2042 ἐκεῖνος
1513 1978 1546 2030 ὁ
1585 1975 1848 2046 σύνθρο-

1947 1966 2137 2036 spexit,
2175 1965 2263 2035 qui
2306 1980 2470 2034 supra
2503 1981 2665 2035 quam
2699 1963 2865 2017 bonus
2895 1980 2959 2017 ac
2993 1963 3245 2034 benignus
3287 1964 3536 2029 exsistit:

247 2086 358 2134 νος
384 2068 483 2122 καὶ
515 2067 806 2138 συμφυὴς
835 2065 916 2132 τῷ
946 2067 1129 2135 Πατρὶ
1160 2068 1374 2136 Λόγος,
1409 2067 1444 2120 ὁ
1476 2066 1777 2134 ὁμότιμος,
1815 2067 1841 2119 d

1949 2057 2038 2112 sed
2057 2058 2102 2111 is
2125 2057 2236 2127 ipse
2265 2054 2450 2112 Sermo
2481 2055 2639 2110 Patri
2666 2071 2934 2109 consessor
2975 2055 3315 2125 ejusdemque
3345 2071 3408 2108 ac
3447 2053 3540 2107 ille

251 2161 536 2228 όμόθεος,
585 2163 618 2213 ό
636 2157 999 2228 μονογενὴς,
1052 2158 1238 2224 αὐτὸς
1285 2157 1714 2223 ἀναλλοιώτως
1747 2157 1847 2210 καὶ

249 2248 554 2316 ἀτρέπτως
584 2249 654 2302 ἐν
683 2246 764 2313 τῷ
787 2249 1051 2302 τετοκότι
1071 2247 1292 2316 μένων,
1322 2248 1417 2301 ἐπ’
1435 2245 1702 2317 ἐσχάτου
1730 2245 1850 2300 τῶν

247 2340 488 2409 ἡμερῶν
509 2340 736 2393 τούτων
754 2337 1318 2406 ἐνὶινθρωπισθῆναι
1344 2337 1445 2391 διὰ
1482 2337 1592 2391 τὸν
1627 2338 1850 2406 ἀνθρω-

245 2444 370 2485 πον
415 2432 745 2500 ἠνέσχετο,
781 2430 882 2484 καὶ
926 2430 1152 2498 λύτρον
1211 2429 1433 2484 ἑαυτὸν
1481 2429 1634 2497 ὑπὲρ
1677 2429 1848 2498 ἡμῶν

241 2521 541 2587 δεδωκὼς,
571 2520 1019 2589 ἐξηγοράσατοο
1063 2520 1162 2574 καί
1193 2520 1270 2574 δι’
1297 2520 1518 2575 ἑαυτοῦ
1552 2519 1633 2586 τῷ
1663 2520 1844 2589 Πατρί

242 2612 784 2679 προσῳκειώσατοο
825 2612 923 2666 διὰ
971 2612 1240 2678 σταυροῦ
1263 2611 1381 2680 μὲν
1412 2612 1522 2665 τὸν
1547 2613 1847 2679 τύραννον

241 2703 520 2757 καθελών
539 2721 555 2736 ο
584 2703 662 2757 δι’
676 2701 1072 2767 ἀναστάσεως
1089 2701 1159 2754 δὲ
1187 2701 1526 2770 τριημέρου,
1556 2702 1670 2770 τὴν
1699 2703 1842 2770 ἠμε-

241 2793 429 2861 τέραν
461 2792 696 2858 ζὶυώσας
741 2793 841 2847 καὶ
895 2791 1126 2855 θεώσας
1143 2790 1388 2860 μορφήν
1411 2806 1426 2820 ·
1482 2785 1664 2857 οὗτος
1693 2792 1839 2846 ἀνα-

240 2883 701 2952 λαμϐανόμενος
735 2881 888 2950 πρὸς
907 2881 1016 2935 τὸν
1043 2881 1115 2934 ἐν
1143 2880 1424 2948 οὐρανοῖς
1445 2880 1696 2948 Πατέρα,
1733 2880 1843 2933 δὼο
1870 2891 1873 2893 ’

243 2969 393 3025 ﬂexa
413 2971 554 3036 τοὺς
574 2971 807 3036 πάντας
844 2968 1004 3039 ἡμᾶς
1037 2969 1158 3024 τῶν
1186 2970 1374 3024 αὐτοῦ
1397 2969 1680 3038 μαθητῶν
1702 2969 1845 3036 τοὺς

244 3062 540 3128 ἀρίστους
575 3060 967 3124 ἀποστέλλει,
1013 3063 1242 3125 ταύτην
1299 3061 1380 3126 τῷ
1429 3063 1636 3130 κόσμῳ
1663 3062 1846 3116 παντί

243 3151 366 3217 τὴν
391 3151 692 3219 σωτήριον
719 3153 1067 3220 οἰκονομίαν
1089 3153 1636 3220 καταγγέλλοντας.

335 3241 620 3311 Ὀρῶντες
669 3238 804 3308 οὖν,
839 3238 887 3297 ὦ
927 3242 1146 3312 ἄνδρες
1173 3242 1500 3312 ἐχέφρονες
1553 3245 1653 3296 καί
1688 3260 1842 3298 συν·

242 3334 391 3398 ετοί,
420 3333 539 3386 τῶν
577 3336 847 3403 σημείων
884 3334 998 3401 τὴν
1027 3334 1289 3403 δύναμιν
1339 3333 1460 3388 τῶν
1487 3335 1841 3404 ἐνεργουμέ-

239 3442 369 3479 νων
393 3425 464 3480 ἐν
505 3426 668 3493 ἡμῖν,
713 3425 836 3480 τῶν
883 3425 1116 3493 νεκρῶν
1144 3427 1259 3493 τὴν
1313 3426 1686 3491 ἀνάστασιν,
1718 3427 1842 3480 τῶν

239 3517 491 3586 τυφλῶν
513 3519 628 3584 τὴν
663 3519 1024 3587 ἀνάϐλεψιν,
1058 3520 1158 3573 καί
1193 3517 1314 3572 τῶν
1341 3519 1541 3586 κακῶς
1569 3521 1841 3586 πασχόνο

237 3628 364 3666 των
408 3610 654 3664 πάντων
705 3611 822 3678 τὴν
855 3611 1044 3674 ἴασιν,
1099 3611 1201 3664 διὰ
1231 3613 1462 3666 τούτων
1501 3611 1839 3677 πιστώθητε

234 3705 318 3770 τῇ
350 3703 623 3769 ἀληθείᾳ,
662 3702 1062 3770 κραταιώθητε
1091 3701 1175 3768 τῷ
1225 3705 1387 3773 λόγῳ
1414 3702 1492 3768 τῷ
1529 3705 1840 3774 εὐαγγελι-

233 3791 465 3862 ζομένῳ
493 3793 612 3847 νῦν
635 3793 707 3847 ἐν
729 3793 894 3862 ὑμῖν,
922 3794 1023 3848 καὶ
1051 3794 1169 3860 τὴν
1188 3796 1456 3847 παλαιὰν
1475 3793 1717 3861 πλάνην
1740 3794 1837 3848 καὶ

232 3879 456 3940 πᾶσαν
473 3882 907 3950 ἀπανθρωπίαν
932 3883 1032 3936 καί
1053 3883 1336 3937 ἀσέϐειαν
1363 3883 1838 3952 ἐκτιναξάμενοι,

229 3975 591 4030 ἐνδύσασθε
639 3972 748 4026 τὸν
798 3975 1018 4042 Κύριον
1057 3973 1230 4043 ἡμῶν
1271 3975 1508 4040 Ἰησοῦν
1545 3975 1836 4043 Χριστόνο

228 4065 307 4120 δι’
349 4061 424 4121 οὗ
454 4064 555 4118 καὶ
577 4064 868 4130 λαϐόντες
899 4064 966 4116 τὸ
1006 4064 1251 4132 Πνεῦμα
1279 4063 1389 4131 τῆς
1419 4065 1683 4134 χάριτος,
1731 4067 1829 4119 καί

229 4155 316 4224 τῷ
346 4155 453 4226 τῆς
483 4159 949 4225 παλιγγενεσίας
999 4155 1536 4220 ἀνακαινισθέντες
1575 4156 1831 4223 λουτρῷ,

230 4249 299 4303 τὸ
331 4233 623 4316 θηριῶδες
667 4245 786 4314 μὲν
813 4245 926 4312 τῆς
952 4244 1191 4314 γνώμης
1225 4247 1321 4298 καὶ
1355 4245 1708 4313 δύστροπον
1749 4250 1836 4312 εις

1951 2159 2183 2214 παίω-ιτ,
2229 2150 2423 2202 honore
2464 2165 2702 2218 compar,
2756 2149 2961 2218 pariter
2995 2147 3156 2212 Deus,
3188 2148 3492 2217 unigenitus
3517 2185 3534 2211 ,

1951 2241 2102 2296 nulla
2141 2243 2431 2296 mutatione
2469 2249 2564 2295 aut
2597 2239 2714 2294 labe
2760 2241 2816 2294 in
2846 2256 2904 2294 eo
2943 2256 3164 2294 manens
3211 2240 3302 2308 qui
3335 2239 3534 2308 genuit,

1951 2335 2200 2389 extremis
2228 2335 2365 2388 hisee
2391 2333 2568 2387 diebus
2602 2333 2874 2386 hominum
2895 2348 3057 2385 causa
3100 2331 3253 2384 homo
3281 2329 3400 2398 fieri
3438 2345 3539 2381 un-

1949 2429 2085 2492 nuit,
2126 2443 2189 2480 ac
2225 2427 2457 2494 seipsum
2501 2425 2636 2478 dans
2679 2440 2774 2494 pro
2808 2422 2954 2476 nobis
2986 2424 3234 2491 pretium,
3277 2419 3538 2484 redemit;

1945 2534 2148 2589 suaque
2176 2519 2286 2588 ipse
2310 2532 2474 2586 Opera
2505 2533 2568 2570 ac
2615 2515 2988 2569 intercessione
3023 2512 3177 2566 Patri
3216 2510 3536 2575 conciliavit,

1947 2627 2042 2682 per
2090 2626 2298 2664 crucem
2338 2609 2549 2680 quidem
2589 2606 2798 2662 sublato
2843 2615 3094 2678 tyranno,
3138 2604 3391 2657 triduana
3417 2618 3538 2656 vero

1947 2701 2329 2756 resurrectione
2368 2699 2633 2766 uiviﬁcata
2663 2715 2726 2752 ac
2751 2697 3003 2766 deiﬁcata
3041 2703 3224 2749 nostra
3267 2693 3539 2747 hominum

1947 2794 2142 2862 forma.
2176 2792 2272 2845 Hic
2302 2791 2371 2845 ad
2399 2789 2618 2844 Patrem
2646 2790 2703 2842 in
2733 2787 2887 2843 caelos
2916 2794 3180 2857 receptus,
3219 2800 3400 2838 omnes
3442 2799 3537 2836 nos

1946 2884 2221 2937 duodecim
2246 2882 2393 2936 illius
2428 2883 2722 2952 pracipuos
2756 2877 3039 2950 discipulos
3060 2878 3243 2938 mittit,
3279 2876 3369 2945 qui
3390 2873 3537 2927 omni

1949 2975 2146 3028 mundo
2179 2972 2474 3028 salutarem
2489 2974 2626 3026 hanc
2659 2970 3110 3040 dispensationem
3141 2966 3534 3020 annuntiemus.

2018 3245 2152 3302 Cum
2177 3247 2360 3315 igitur,
2391 3246 2492 3300 uiri
2521 3242 2808 3314 prudentes
2835 3257 2899 3296 ac
2938 3240 3220 3310 sapientes,
3259 3237 3533 3308 signorum

1943 3343 2125 3412 qtuein
2144 3342 2290 3394 nobis
2306 3340 2439 3409 ﬁunt
2461 3341 2563 3393 vim
2579 3339 2910 3409 perspiciatis
2931 3336 3250 3390 :suscitatos
3275 3343 3533 3404 mortuos,

1942 3451 2101 3488 caecos
2131 3432 2232 3486 luci
2263 3433 2512 3494 redditos,
2557 3430 2698 3484 male
2727 3429 3033 3483 habentium
3067 3443 3233 3498 genus
3270 3443 3421 3481 omne
3446 3444 3536 3481 sa—

1942 3535 2117 3585 natos,
2155 3540 2247 3593 per
2272 3525 2382 3576 hazc
2409 3521 2568 3590 [idem
2592 3521 2804 3574 veritati
2834 3525 3104 3589 prwstate.
3129 3515 3538 3586 Conﬁrmamini

1943 3633 2005 3669 ea
2031 3615 2270 3668 doctrina
2298 3629 2416 3683 quia
2445 3612 2586 3682 apud
2615 3629 2703 3666 vos
2730 3611 2883 3664 modo
2904 3610 3256 3681 pra’dicatur,
3277 3617 3535 3662 ueterem-

1945 3724 2044 3777 que
2074 3722 2306 3760 errorem
2338 3722 2400 3758 ac
2443 3720 2649 3758 omnem
2687 3703 3076 3756 immanitatem
3109 3700 3539 3768 impietatemque

1943 3800 2278 3859 excutientes,
2295 3797 2576 3850 induimini
2606 3794 2889 3848 Dominum
2912 3800 3150 3846 nostrum
3170 3790 3352 3845 Iesum
3377 3787 3538 3844 Chri-

1942 3901 2129 3955 stum;
2165 3906 2258 3959 per
2289 3904 2447 3959 quem
2485 3894 2696 3956 accepto
2735 3883 2938 3953 Spiritu
2968 3883 3177 3952 gratiae,
3217 3897 3281 3934 ac
3319 3897 3538 3950 regene-

1945 3983 2166 4035 rationis
2190 3978 2429 4050 innovati
2455 3976 2693 4040 lavacro,
2725 3974 2894 4027 animi
2929 3972 3198 4040 feritatem
3239 3987 3299 4024 ac
3326 3986 3538 4023 morum

1939 4074 2258 4144 pravitatem
2299 4071 2355 4122 in
2389 4067 2659 4121 lenitatem
2705 4065 3016 4118 conoertetis
3057 4079 3118 4115 ac
3154 4062 3473 4116 modestiam
3510 4103 3531 4128 ι

1941 4177 2140 4231 proque
2171 4177 2228 4214 eo
2265 4175 2328 4213 ac
2357 4159 2590 4212 homines
2618 4157 2758 4219 sitis,
2787 4155 2890 4223 ﬁlii
2927 4154 3023 4208 Dei
3053 4169 3143 4221 per
3166 4154 3396 4224 gratiam
3434 4167 3539 4207 cae-

1946 4247 2063 4301 lesti
2093 4245 2248 4300 Patri
2276 4245 2684 4314 adoptabimini,
2716 4247 2772 4298 in
2797 4243 3001 4299 Christo
3025 4242 3174 4298 Iesu.
3206 4242 3396 4296 Amen.

229 4336 537 4406 ὴπιότητα
569 4335 1134 4405 μταποιηθήσεσθε
1163 4335 1263 4387 καὶ
1293 4334 1622 4388 ἐπιείκειαν
1645 4353 1660 4367 ο
1698 4337 1830 4390 ἀντὶ
1871 4337 2206 4406 ἀνθρώπων
2239 4335 2328 4401 δὲ,
2363 4337 2482 4390 υἱοὶ
2543 4333 2696 4390 Θεοῦ
2727 4337 2878 4388 κατὰ
2898 4333 3096 4404 χάριν,
3137 4332 3216 4398 τῷ
3277 4331 3540 4400 οὐρανίῳ

229 4425 753 4493 σισποιηθήσεσθε
777 4425 979 4494 Πατρὶ,
1010 4427 1080 4478 ἐν
1106 4424 1338 4492 Χριστῷ
1375 4425 1603 4494 Ἰησοῦ.
1635 4427 1835 4497 Ἀμήν.

305 4517 536 4572 Τούτων
565 4519 614 4571 ol
646 4519 878 4588 ἀπηνεῖς
899 4519 1096 4571 ἐκεῖνοι
1125 4517 1269 4571 κατὰ
1309 4518 1412 4589 τὴν
1456 4519 1637 4572 αὐτῶν
1663 4521 1833 4574 διαλε-

2011 4521 2110 4578 His
2161 4522 2332 4593 igitur
2373 4521 2616 4578 immites
2663 4521 2740 4578 illi
2787 4521 2992 4578 divinis
3042 4519 3537 4592 praedicationibus

233 4628 374 4664 κτον
402 4611 686 4674 ἐπαΐοντες
717 4610 825 4662 τῶν
860 4609 1172 4677 θεολογιῶν,
1223 4609 1318 4663 καὶ
1345 4613 1444 4682 τὴν
1476 4613 1648 4683 ὀργὴν
1693 4614 1832 4668 καο-

235 4700 519 4771 υφιὲντες,
549 4700 644 4754 καὶ
672 4700 771 4771 τὴν
798 4701 1029 4770 ἀπειλὴν
1062 4701 1468 4770 μετατιθέντες,
1518 4705 1702 4757 πίστιν
1735 4705 1834 4774 μὲν

235 4791 368 4846 ἀντὶ
399 4791 498 4861 τῆς
527 4791 835 4858 ἀπειθείας,
866 4794 987 4846 ἀντὶ
1010 4793 1107 4862 τῆς
1135 4793 1326 4864 πρώην
1351 4794 1408 4847 δὲ
1428 4796 1628 4864 μανίας
1661 4797 1834 4850 ἐπιεί-

237 4901 424 4946 κειαν,
447 4883 542 4936 καὶ
571 4883 672 4954 τὴν
698 4884 899 4955 ἀρετὴν
928 4889 1029 4954 τῆς
1061 4886 1263 4949 κακίας
1290 4888 1736 4957 ἀντηλλάττοντο.

310 4974 474 5042 Παρὰ
516 4974 744 5039 τούτοις,
770 4969 814 5027 ὧ
849 4976 1228 5043 παναγέστατε
1273 4978 1480 5045 Mallia,
1507 4980 1600 5032 ἐπὶ
1623 4981 1839 5050 χρόνοις

243 5065 580 5137 μεμενηκὼς
604 5069 832 5132 ἱκανοῖς,
858 5068 954 5121 καὶ
988 5068 1218 5134 πολλοὺς
1242 5071 1346 5139 μὲν
1384 5073 1476 5124 ἐπὶ
1500 5071 1561 5127 τὸ
1590 5076 1838 5142 κρεῖττον

239 5157 578 5229 ὴλλοιωκὼς,
607 5160 702 5213 καὶ
725 5161 1024 5230 ἑκκλησίας
1051 5162 1379 5233 ἀφιερωκὼς
1409 5164 1485 5234 τῷ
1505 5165 1626 5235 Θεῷ
1647 5183 1658 5196 ·
1681 5167 1780 5220 πλε
1790 5167 1838 5218 i-

243 5268 404 5314 σταις
430 5251 488 5304 δὲ
515 5251 730 5322 θλίψεσι
764 5253 916 5324 παρὰ
937 5253 1046 5306 τῶν
1074 5255 1419 5309 ἀσεϐούντων
1449 5257 1544 5310 καὶ
1569 5258 1836 5322 κινδύνοις

243 5341 584 5414 περιπεσὼν,
620 5342 1141 5413 ἐπιϐουλευόμενος,
1181 5343 1694 5415 βλασφημούμενος,
1728 5364 1834 5416 μα-

245 5431 625 5502 στιγούμενος,
671 5432 1254 5504 προπηλακιζόμενος·
1295 5438 1387 5490 καὶ
1439 5435 1583 5490 οὕτω
1632 5439 1836 5492 τέλειον

242 5525 305 5577 τὸ
341 5522 640 5594 μαρτύριον
673 5523 960 5586 ἀποδιδοὺς
986 5523 1062 5592 τῷ
1089 5523 1230 5593 Θεῷ,
1262 5525 1618 5588 καταλείπεις
1651 5527 1750 5596 μὲν
1774 5529 1836 5580 τὸ

249 5613 476 5684 σαρκίον
501 5612 576 5675 ὠς
605 5612 766 5683 ἄχθος
797 5613 890 5665 ἐπὶ
919 5613 1016 5680 τῆς
1044 5612 1167 5680 γῆς,
1217 5612 1378 5675 αὐτὸς
1409 5613 1465 5667 δὲ
1498 5613 1698 5682 κοῦφος
1738 5615 1832 5667 ἀν-

248 5705 422 5774 έπτης
454 5703 536 5766 εἰς
557 5702 822 5773 οὐρανούς
843 5720 858 5734 θ
887 5705 980 5754 καὶ
1004 5703 1132 5765 τοὺς
1169 5702 1406 5772 μέλανας
1447 5705 1834 5776 ἀπεκδυσάμε-

249 5812 361 5862 νος,
384 5797 504 5860 ταῖς
532 5795 1009 5865 φωτοειδεστάτοις
1042 5795 1472 5868 προσεχώρησας
1520 5799 1626 5854 τῶν
1663 5800 1831 5870 οὐρα-

1939 4612 2060 4681 ipso
2092 4613 2311 4666 illorum
2351 4611 2613 4666 idiomate
2656 4611 2882 4675 auditis,
2923 4611 3114 4679 iraque
3153 4610 3434 4681 mitigata,
3467 4626 3534 4666 ac

1940 4703 2136 4758 missas
2182 4703 2444 4758 facientes
2489 4705 2688 4768 minas,
2734 4719 2836 4774 pro
2896 4703 3281 4759 incredulitate
3342 4701 3530 4770 ﬁdem,

1939 4809 2042 4865 pro
2073 4795 2305 4865 pristina
2337 4795 2553 4850 feritate
2595 4805 2762 4866 atque
2801 4796 2988 4852 furore
3019 4795 3300 4850 lenitatem
3333 4803 3391 4849 et
3413 4809 3532 4850 mo—

1941 4888 2197 4952 destiam,
2236 4904 2337 4958 pro
2360 4889 2496 4943 vitio
2526 4889 2787 4944 virtutem
2819 4895 3256 4943 commutavere.

2012 4979 2308 5049 Postquam
2355 4989 2538 5034 autem
2600 4995 2776 5035 annos
2820 4987 2904 5034 sat
2955 4979 3162 5034 multos
3215 4977 3360 5049 apud
3406 4994 3530 5035 eam

1939 5078 2183 5140 gentem,
2212 5069 2564 5124 sanctissime
2590 5069 2818 5133 Mathia,
2841 5082 3097 5125 versatus
3121 5085 3293 5137 esses,
3318 5069 3531 5141 plures-

1938 5177 2047 5230 que
2097 5161 2164 5216 ad
2206 5161 2489 5215 meliorem
2541 5160 2756 5232 frugem
2796 5177 3221 5224 revocasses.ac
3262 5163 3530 5220 ecclesias

1939 5251 2053 5306 Deo
2097 5265 2478 5306 consecrasses
2519 5268 2536 5315 ;
2587 5252 3013 5322 quamplurimis
3063 5269 3164 5323 per
3231 5253 3529 5322 impiorum

1939 5353 2148 5399 struem
2180 5342 2504 5412 perfunctus
2528 5344 2814 5406 aerumnis,
2845 5356 3219 5415 exceptusque
3241 5343 3524 5414 periculis,

1941 5435 2158 5490 insidiis
2195 5437 2494 5504 appetitus,
2528 5436 2892 5506 blaspliemiis
2929 5436 3238 5500 lacessitus,
3271 5435 3528 5491 verberi-

1939 5527 2048 5580 bus
2085 5525 2502 5587 dehonestatus.
2550 5527 2795 5582 ludibrio
2827 5528 3052 5582 habitus
3092 5543 3158 5582 ac
3189 5527 3524 5595 vellicatus;

1941 5619 2107 5687 inque
2138 5618 2286 5671 hunc
2331 5617 2556 5671 modum
2590 5619 2895 5687 perfectum
2936 5620 3051 5674 Deo
3083 5618 3323 5673 reddens
3373 5621 3530 5676 testi-

1941 5709 2209 5770 monium,
2241 5707 2392 5762 velut
2428 5708 2643 5762 sarcina
2675 5709 3010 5778 corpusculo
3045 5711 3101 5766 in
3128 5719 3274 5766 terra
3308 5714 3527 5776 relicto,

1942 5798 2056 5868 ipse
2103 5805 2164 5853 ut
2218 5796 2356 5853 levis
2407 5795 2462 5851 in
2513 5796 2686 5853 cmlos
2736 5797 3021 5868 evolasti;
3073 5799 3339 5875 nigraque
3399 5813 3527 5862 cute
