4040 6396
285 400 408 464 289

1080 398 1368 460 ORATIO
1407 398 1524 458 XV.
1555 423 1620 434 -
1668 398 1747 458 IN
1779 397 2095 457 LAUDEM
2135 398 2197 458 S.
2239 398 2762 462 MARCI'APOST.

3459 403 3568 469 290

284 505 384 559 καὶ
435 497 845 571 εὐαγγελιστὴν,
893 499 1188 570 προσθήσω
1233 498 1290 551 δὲ
1322 500 1416 552 καὶ
1449 499 1732 570 ίεράρχην,
1783 497 1878 552 καὶ

1990 510 2132 556 stam
2157 541 2173 567 ,
2205 501 2396 556 addam
2426 517 2558 557 vero
2583 513 2635 557 et
2659 503 2981 570 antistitem,
3005 505 3243 578 Jesuqne
3265 509 3568 579 majestatis

283 597 391 666 τῆς
443 593 618 664 Ἰησοῦ
667 595 1094 662 μεγαλειότητος
1119 591 1373 661 μάρτυρα
1401 589 1628 661 Μάρκον
1656 589 1882 658 ἀφηγῆ-

287 701 381 738 σαι
403 699 418 715 ο
449 683 541 737 καὶ
574 683 685 744 τοῖς
716 683 781 735 ὲκ
811 681 921 734 τῶν
948 680 1125 748 λόγων
1169 679 1414 742 ἐπαίνοις
1434 679 1510 744 ὡς
1544 680 1761 733 ἄνθεσιν
1790 678 1884 730 εὑ-

285 775 516 830 ωδιάσαι
533 774 628 828 καὶ
655 775 1097 842 κατακοσμῆσαι.
1120 765 1292 834 Οὗτος
1315 771 1424 841 γὰρ
1453 773 1604 840 ἡμᾶς
1623 772 1880 840 σήμερον,

283 866 364 938 τῷ
391 865 642 935 γλυκερῷ
671 864 770 934 μὲν
800 865 896 918 καὶ
925 863 1128 934 ἡδίστῳ
1158 862 1258 931 τῆς
1288 862 1454 916 αὑτοῦ
1497 863 1718 932 μνήμης
1747 864 1882 933 πρὸς

280 961 484 1011 οἰκεῖον
512 955 892 1026 ἀναζωπυρῶν
921 951 1072 1009 αἶνον
1091 972 1106 986 ο
1131 954 1208 1024 τῷ
1231 953 1458 1021 ποικίλῳ
1477 954 1536 1007 δὲ
1556 955 1651 1022 τῆς
1683 955 1884 1026 ἀρετῆς

284 1048 383 1102 καὶ
424 1047 860 1119 μεγαλοπρεπεῖ,
920 1047 1013 1099 τὸν
1058 1047 1217 1100 ὄκνον
1259 1047 1392 1117 ἡμῖν
1417 1048 1604 1108 ἐνιεὶς,
1641 1045 1882 1113 ἀγωνίας

281 1157 347 1193 τε
389 1139 504 1210 ἆμα
534 1138 632 1193 καὶ
664 1137 975 1210 προθυμίας
1012 1137 1373 1208 ἐμπίπλησιν.
1415 1136 1554 1190 Ἀλλ’
1602 1139 1764 1208 ἡμεῖς
1787 1134 1882 1188 τοῦ

288 1231 611 1300 Πνεύματος
652 1229 753 1300 τὴν
799 1229 1112 1300 ἐνέργειαν,
1165 1229 1260 1282 καὶ
1324 1229 1420 1284 τοῦ
1458 1227 1882 1298 εὐφημουμὲνου

286 1323 391 1392 τὴν
421 1321 670 1390 θεολόγον
696 1323 1160 1392 ἐπικαλεσάμενοι
1191 1323 1401 1393 φωνὴν,
1437 1320 1647 1391 βραχέα
1686 1319 1882 1388 τούτῳ,

288 1417 386 1470 καὶ
434 1416 537 1469 ὅσα
590 1413 754 1467 δώσει
808 1413 1282 1485 προσλαλήσωμεν
1307 1429 1322 1444 ο
1370 1413 1512 1466 οὕτω
1547 1413 1656 1483 γὰρ
1701 1409 1887 1465 καὶτὸ

289 1508 450 1580 χρέος
479 1507 559 1578 τῷ
586 1507 901 1577 λογιωτάτῳ
928 1505 1024 1559 τοῦ
1053 1505 1230 1574 Λόγου
1262 1507 1405 1558 κατά
1423 1503 1662 1572 δύναμιν
1690 1500 1885 1571 ὑφέξο-

293 1618 394 1672 μεν
435 1601 675 1670 μαθητῇ,
717 1599 808 1653 καὶ
844 1601 910 1670 τῇ
968 1597 1266 1667 Ἐκκλησία
1311 1596 1409 1649 τοῦ
1458 1594 1594 1648 Θεοῦ
1623 1594 1717 1647 τὸν
1742 1593 1885 1664 ἱερὸν

285 1691 711 1760 ἀφοσιωσόμεθα
746 1689 931 1743 πόθον.

360 1775 531 1845 υῦτος
552 1783 736 1836 τοίνυν
763 1783 793 1834 ό
825 1779 1080 1843 ἐκλεκτὸς
1108 1781 1200 1833 καὶ
1233 1779 1460 1849 δόκιμος
1486 1778 1884 1848 εὐαγγελιστὴς

280 1871 380 1928 ⁶τοῦ
423 1871 620 1942 Ἰησοῦ,
654 1874 683 1926 ό
711 1871 964 1943 λαμπρὸς
993 1873 1095 1941 τῆς
1133 1870 1452 1940 οἰκονομίας
1473 1869 1569 1923 τοῦ
1601 1868 1738 1923 Θεοῦ
1774 1868 1880 1922 Λό-

280 1980 384 2031 γου
423 1961 716 2031 θεολόγοςο
769 1963 798 2015 ό
852 1961 1341 2030 φωτοφανέστατος
1397 1961 1497 2030 τῆς
1553 1958 1885 2029 Ἐκκλησίας

280 2054 552 2126 λαμπτὴρ
572 2067 587 2082 ⁸
611 2056 641 2107 ὁ
661 2055 736 2126 μὴ
760 2053 941 2122 λόγοις
976 2053 1136 2123 μόνον
1175 2056 1383 2119 σοφοῖς,
1414 2051 1552 2106 ἀλλά
1587 2053 1681 2104 καὶ
1699 2051 1887 2118 ἁγίαις

284 2145 559 2217 ι’ραφαῖς,
587 2145 724 2198 ἀλλὰ
749 2146 845 2197 καὶ
883 2142 1058 2212 ἀγῶσι
1095 2145 1369 2214 στερροῖς,
1405 2142 1542 2196 ἀλλά
1575 2144 1669 2195 καὶ
1712 2143 1888 2212 παθη-

290 2255 461 2308 μασιν
491 2237 807 2306 ἀθλητικοῖς
863 2235 1262 2305 ὑπέρλαμπρον
1289 2235 1352 2287 τὸ
1405 2235 1526 2288 κατ’
1558 2234 1720 2288 αὑτὸν
1749 2251 1889 2304 μαρ-

287 2331 480 2400 τύριον
532 2326 944 2399 ἀποπληρώσας
995 2325 1074 2397 τῷ
1117 2325 1260 2395 Θεῷ.
1320 2318 1510 2391 Οὗτος,
1569 2326 1670 2396 τὴν
1718 2326 1888 2394 ἀκοὴν

286 2420 562 2489 πρότερον
616 2417 874 2489 ἀκηκοὼς
932 2415 1028 2472 τοῦ
1062 2415 1260 2488 Ἰησοῦ,
1307 2417 1407 2470 οὐκ
1455 2417 1618 2470 ἐὸυσε
1669 2417 1738 2471 τὰ
1772 2410 1888 2470 ὦτα

287 2511 434 2566 κατὰ
457 2511 586 2573 τοὺς
618 2509 867 2573 ἀπειθεῖς
889 2550 904 2574 ,
939 2507 1050 2563 οὐδ’
1081 2509 1284 2580 ἤκουσε
1331 2509 1452 2579 μὲν,
1486 2511 1768 2572 ἀσυνέτως
1793 2509 1848 2563 δέ
1868 2527 1884 2542 ο

286 2603 413 2656 οὐδὲ
443 2602 684 2666 συνετῶς
709 2601 829 2672 μὲν,
863 2601 922 2654 οὐ
953 2602 1092 2674 μετά
1123 2601 1366 2665 πίστεως
1405 2602 1463 2655 δέ
1485 2619 1498 2634 ·
1527 2602 1650 2656 οὐδὲ
1682 2602 1888 2665 πιστῶς

293 2696 419 2764 μὲν,
447 2693 668 2763 ἀμελῶς
705 2693 762 2746 δὲ
807 2693 884 2764 τῷ
917 2693 1312 2764 κηρυττομένῳ
1360 2696 1670 2765 προσφοιτᾷ
1695 2693 1839 2765 λόγῳ
1867 2708 1883 2723 ο

291 2786 478 2854 πάσης
527 2783 585 2838 δὲ
625 2783 768 2837 κατὰ
817 2784 999 2855 σάρκα
1029 2784 1375 2852 συγγενείας,
1409 2785 1594 2856 πάσης
1639 2787 1887 2854 κτήσεως

291 2878 390 2931 καὶ
415 2875 789 2947 προσπαθείας
809 2874 866 2928 δὲ
893 2875 1074 2945 πάσης
1099 2875 1208 2928 τῶν
1241 2877 1446 2945 γηΐνων
1476 2876 1694 2940 τελείως
1722 2878 1888 2948 ὑπερ.

298 2969 448 3036 ιδὼν,
477 2967 670 3039 ὥσπερ
718 2968 915 3038 ἔλαφος
955 2968 1192 3040 ἔδραμεν
1222 2970 1280 3020 ὲν
1303 2969 1464 3036 δίψει,
1494 2969 1602 3023 τῶν
1630 2969 1886 3040 ζωηρρύ-

293 3081 410 3118 των
439 3063 678 3134 Χριστοῦ
711 3062 1160 3136 πλησθησόμενος
1184 3063 1399 3133 πηγῶν.

371 3247 438 3302 Τί
464 3247 558 3302 οῦν
581 3248 608 3301 ό
629 3245 854 3318 Κύριος,
881 3247 916 3316 η
944 3244 1096 3316 πηγὴ
1124 3243 1233 3298 τῶν
1265 3245 1503 3312 δωρεῶν,
1524 3247 1586 3298 τὸ
1613 3246 1886 3319 πλήρωμα

298 3342 411 3396 τῶν
442 3339 684 3409 ἀγαθῶν,
715 3341 744 3392 ὁ
763 3338 858 3392 τοῦ
887 3339 1101 3408 Πατρὸς
1123 3337 1545 3409 ἀπαράλλακτος
1577 3341 1888 3412 χαρακτὴρ,

295 3435 328 3486 ὁ
364 3431 458 3486 τοῦ
485 3428 746 3483 θεωτικοῦ
769 3428 1086 3499 Πνεύματος
1106 3427 1272 3497 δοτήρ
1296 3445 1310 3492 ;
1348 3427 1459 3492 πῶς
1490 3423 1666 3491 οὗτος,
1701 3429 1734 3500 ἢ
1763 3431 1891 3501 ποίᾳ

297 3521 537 3578 διαθέσει
560 3520 652 3574 τὸν
675 3519 877 3591 θερμὸν
907 3517 1051 3572 οὕτω
1073 3519 1391 3589 προσήκατο
1414 3520 1676 3590 φοιτητήν
1699 3537 1714 3585 ;
1745 3516 1892 3592 'Apd

297 3633 363 3686 γε
391 3614 580 3668 τοῦτον
597 3612 672 3677 ὡς
699 3612 798 3666 οὐκ
827 3609 1044 3664 εὔθετον
1074 3609 1370 3676 ἀπώσατο;
1409 3609 1442 3681 ἢ
1474 3609 1634 3677 λόγου
1660 3611 1891 3681 βραχέος

296 3709 472 3776 ἀξιοῖς
499 3706 533 3779 ἢ
563 3705 642 3777 τῷ
675 3702 856 3774 πολλῷ
903 3701 1102 3772 πλήθει
1149 3703 1477 3773 συναριθμεῖ
1503 3702 1612 3755 τῶν
1643 3704 1888 3771 πιστῶν;

295 3801 332 3872 ἢ
359 3799 471 3854 τῶν
524 3795 1031 3870 πρωτοαποστόλων
1083 3794 1230 3856 τινὸς
1262 3795 1410 3865 ἦττω
1448 3794 1757 3864 παρέσχετο
1790 3795 1889 3864 τὴν

276 3892 467 3963 ’τιμήν
490 3906 506 3956 ;
544 3889 841 3960 οῦμενουν.
881 3886 1048 3957 Ὁμοῦ
1076 3887 1132 3940 δὲ
1151 3881 1261 3940 εἶδε
1285 3885 1493 3952 τοῦτον,
1524 3887 1617 3940 καὶ
1637 3886 1714 3957 τῷ
1737 3886 1891 3956 βάθει

293 3981 402 4052 τῆς
430 3980 661 4052 καρδίας
707 3977 872 4034 αὐτοῦ
920 3977 1206 4046 ἐνέϐλεψεν
1250 3977 1325 4042 ὡς
1355 3977 1510 4041 Θεὸς,
1566 3982 1662 4030 καὶ
1692 3978 1752 4031 δν
1786 3979 1892 4049 πρὸ

296 4072 612 4143 καταδολῆς
643 4071 761 4142 ᾔδει
795 4069 890 4125 τοῦ
920 4070 1128 4140 κόσμου
1171 4069 1253 4141 τῷ
1284 4068 1451 4122 αὐτοῦ
1507 4068 1720 4138 σώματι
1752 4070 1892 4140 σύμ-

304 4182 516 4238 μορφον
545 4163 825 4234 ἐσόμενον,
857 4163 1044 4218 τοῦτον
1096 4164 1194 4218 καὶ
1226 4161 1558 4230 σωματικῶς
1607 4162 1735 4234 ἀρτι
1764 4173 1894 4231 φοι-

297 4257 480 4312 τῶντα
501 4255 634 4327 παρ’
657 4254 821 4310 αὐτὸν
850 4252 995 4318 ἰδὼν,
1028 4253 1127 4324 τὴν
1147 4252 1242 4306 τοῦ
1274 4253 1392 4314 νοὸς
1425 4251 1589 4317 εὐθὺς
1633 4253 1892 4324 ᾑρέτισεν

299 4349 598 4420 εὐθύτητα,
657 4347 752 4401 καὶ
787 4347 848 4401 τδ
880 4346 1182 4418 ἀκραιφνὲς
1229 4345 1447 4415 ἠγάσθη
1497 4345 1599 4414 τῆς
1628 4346 1888 4409 πίστεως,

301 4442 399 4496 καὶ
417 4441 480 4495 τὸ
496 4439 736 4512 καθαρὸν
751 4438 1007 4510 ἠγάπησε
1031 4438 1130 4508 τῆς
1162 4437 1542 4526 διανοίας,κκαὶ
1571 4436 1633 4490 τὸ
1663 4435 1892 4506 ἀληθευ-

1989 598 2184 646 testeni
2213 591 2456 648 Marcum
2490 594 2748 650 laudibus
2764 596 3130 663 celebremus,
3159 614 3224 655 ac
3251 601 3400 656 velut
3428 618 3560 658 sua-

1987 683 2336 740 veolentibus
2364 682 2617 749 ﬂoribus,
2652 687 3047 742 encomiastico
3072 705 3327 745 sermone
3371 706 3566 762 asper-

1987 789 2182 844 gamus
2208 789 2271 829 ac
2304 791 2659 832 exornetuus.
2689 778 2791 832 Hic
2810 779 2955 833 enim
2981 795 3082 836 nos
3106 781 3265 838 hodie
3286 783 3432 839 dulci
3464 801 3566 841 sua

1987 865 2428 935 suavissimaque
2462 866 2746 933 memoria,
2783 868 2837 921 in
2881 883 3036 923 suam
3063 871 3264 926 excitat
3311 872 3562 941 Iaudem;

1987 952 2244 1024 idemque
2299 954 2663 1010 nihilominus
2694 957 2850 1011 vario
2882 971 2945 1012 ac
2998 961 3406 1030 praemaguiiico
3442 979 3567 1018 sua-

1987 1059 2109 1098 rum
2145 1046 2411 1100 virtutum
2461 1047 2636 1113 cultu,
2689 1055 2969 1117 torporem
3024 1051 3303 1120 injiciens,
3372 1055 3568 1111 timore

1986 1136 2193 1206 pariter
2223 1152 2287 1191 ac
2317 1137 2603 1193 alacritate
2625 1139 2910 1208 adimplet.
2944 1141 3057 1196 Nos
3085 1144 3369 1206 enimvero
3401 1146 3561 1200 invo-

1987 1236 2114 1282 cato
2161 1228 2405 1298 Spiritus
2429 1229 2635 1293 afﬂatu,
2668 1231 2904 1302 ejusque
2937 1233 3116 1303 ipsius
3141 1235 3235 1305 qui
3267 1236 3444 1292 laudis
3478 1253 3568 1292 ar-

1986 1329 2248 1388 gumento
2271 1323 2590 1390 propositus
2613 1334 2714 1389 est,
2736 1324 2922 1378 divina
2951 1325 3110 1382 nobis
3133 1327 3377 1382 adhibita
3408 1343 3563 1397 voce,

1988 1424 2161 1480 pauca
2219 1411 2318 1478 illi,
2355 1420 2410 1467 et
2463 1429 2586 1484 qua:
2645 1413 2954 1480 donaverit,
3004 1418 3415 1488 proloquamur.
3475 1422 3569 1476 Sic

1986 1503 2156 1561 enim.
2189 1510 2309 1556 tum
2344 1504 2797 1574 eloquentissimo
2850 1505 3012 1562 Verbi
3045 1509 3314 1580 discipulo
3358 1529 3458 1582 pro
3487 1516 3572 1568 vi-

1987 1591 2075 1647 rili
2109 1601 2295 1647 nostra
2318 1592 2563 1649 debitum
2592 1596 2957 1656 exsolvemus.
2989 1605 3102 1652 tum
3127 1613 3288 1655 sacro
3315 1601 3571 1658 Ecclesiae

1987 1678 2080 1735 Dei
2105 1679 2384 1735 desiderio
2408 1681 2798 1750 defungetuur.

2061 1769 2160 1826 Hic
2191 1773 2358 1844 igitur
2386 1773 2654 1842 probatus
2683 1783 2852 1845 atque
2893 1777 3107 1836 electus
3153 1779 3284 1836 Jesu
3324 1797 3568 1852 evange-

1990 1860 2133 1926 lista,
2193 1863 2288 1917 Dei
2335 1862 2498 1919 Verbi
2555 1864 2990 1936 dispensationis
3021 1871 3206 1926 clarus
3260 1873 3569 1942 theologus,

1986 1955 2251 2012 Ecclesia!
2279 1956 2683 2013 lucidissimum
2721 1959 2904 2014 lumen
2929 2001 2946 2026 ,
2980 1965 3074 2032 qui
3105 1964 3309 2019 nedum
3339 1965 3566 2036 sapien-

1988 2046 2218 2102 tissimis
2255 2048 2626 2112 sermonibus,
2660 2049 2757 2104 sed
2801 2061 2855 2105 et
2883 2049 3187 2122 Scripturis
3235 2054 3436 2120 sacris,
3468 2055 3568 2110 sed

1987 2146 2042 2193 et
2065 2139 2278 2194 robusti
2299 2141 2467 2194 animi
2495 2143 2911 2209 certaminibus,
2935 2145 3030 2200 scd
3057 2156 3111 2200 et
3138 2147 3417 2200 athleticis
3440 2161 3569 2214 pas-

1989 2230 2262 2293 siouibus,
2291 2246 2457 2302 supra
2489 2234 2710 2287 modum
2761 2236 2976 2292 illustre
3024 2237 3348 2307 martyrium
3405 2252 3566 2292 suum

1993 2323 2104 2377 Deo
2157 2321 2494 2392 adimplevit.
2540 2323 2614 2390 Is,
2659 2325 2845 2380 audita
2889 2328 3043 2397 prius
3083 2325 3213 2385 Jesu
3268 2329 3568 2391 auditione,

1989 2413 2416 2484 haudquaquam
2449 2415 2854 2470 incredulorum
2880 2433 3030 2474 more
3057 2435 3219 2475 aures
3249 2421 3522 2475 obturavit
3550 2437 3566 2486 ;

1989 2521 2092 2559 nec
2120 2521 2250 2560 vero
2282 2506 2493 2561 audivit
2538 2516 2773 2574 tantum,
2807 2517 2864 2563 at
2917 2510 3036 2566 sine
3099 2513 3418 2579 intellectu;
3469 2529 3569 2569 nec

1987 2613 2111 2654 cum
2144 2597 2426 2653 intellectu
2475 2599 2720 2669 quidem,
2769 2610 2825 2656 at
2853 2602 2972 2656 sine
3003 2601 3145 2668 ﬁde;
3178 2619 3280 2658 nec
3309 2603 3415 2658 ﬁde
3443 2604 3568 2674 qui-

1989 2691 2138 2753 dem,
2180 2699 2236 2743 at
2271 2690 2441 2745 animi
2484 2692 2735 2745 socordia
2769 2694 3143 2763 praedicatioui
3192 2696 3438 2750 auditum
3471 2696 3572 2750 ad-

1989 2784 2159 2836 movit
2193 2801 2205 2836 :
2236 2782 2489 2854 quinimo
2527 2784 2736 2838 carnali
2776 2785 2926 2840 omni
2980 2794 3165 2856 spreta
3213 2791 3568 2857 cogitatione,

1987 2873 2138 2927 omni
2179 2875 2436 2944 despecta
2470 2874 2805 2940 substantia,
2856 2886 3199 2932 terrenorum
3251 2879 3400 2932 oinui
3447 2878 3573 2932 libi-

1988 2965 2116 3020 dine
2149 2964 2386 3035 perfecte
2409 2975 2745 3034 contempta,
2773 2967 2919 3018 cervi
2957 2967 3010 3020 in
3050 2983 3281 3032 morem,
3313 2969 3573 3024 vitalibus

1987 3059 2195 3115 Christi
2230 3060 2486 3115 laticibus
2513 3060 2872 3118 inebriandus
2915 3077 2978 3118 ac
3008 3061 3348 3132 prolueudus
3375 3075 3572 3116 accur-

1988 3152 2062 3206 rit
2090 3152 2143 3206 in
2175 3151 2265 3206 siti
2295 3151 2363 3204 ⁸³.

2065 3263 2206 3330 Quid
2240 3263 2406 3334 igitur
2432 3263 2716 3330 Dominus,
2756 3263 2880 3320 fons
2918 3264 3010 3320 ille
3047 3265 3346 3329 donorum,
3402 3262 3575 3318 bono-

1993 3370 2114 3410 rum
2141 3356 2444 3426 plenitudo,
2478 3353 2658 3410 Patris
2680 3355 3146 3410 incommutabilis
3173 3355 3366 3422 ﬁgura,
3392 3353 3572 3409 deiﬁci

1993 3444 2233 3514 Spiritus
2261 3444 2463 3499 datori
2493 3443 2542 3499 Is
2575 3446 2837 3500 nimirum
2861 3461 3096 3514 quanam
3139 3447 3368 3510 ratione,
3392 3457 3572 3516 quove

1994 3538 2197 3592 mentis
2233 3536 2452 3601 aliectu,
2483 3544 2637 3590 tanto
2662 3545 2846 3591 actum
2873 3536 3087 3592 fervore
3115 3537 3444 3606 discipulum
3469 3537 3572 3592 ad-

1991 3627 2187 3682 misit?
2225 3628 2365 3681 Num
2393 3628 2554 3697 quasi
2590 3627 2774 3681 minus
2795 3626 3052 3681 idonequ
3074 3627 3314 3698 repulit?
3340 3637 3434 3680 aut
3464 3628 3573 3681 mi-

1991 3718 2145 3774 noris
2183 3718 2358 3772 fecit?
2391 3718 2475 3772 vel
2517 3717 2847 3786 promiscuae
2887 3716 3128 3770 lldelium
3170 3717 3346 3770 turba:
3391 3730 3572 3770 annuo

1989 3810 2204 3865 merat?
2232 3817 2327 3863 aut
2360 3809 2572 3862 minore
2602 3809 2814 3862 honore
2860 3807 3023 3860 habet
3063 3820 3128 3859 ac
3178 3805 3350 3858 ullum
3405 3805 3573 3873 primi

1989 3905 2202 3959 ordinis
2243 3899 2588 3972 apostolum?
2631 3898 2849 3952 Minime
2865 3898 3108 3967 gentium
3155 3914 3170 3949 :
3203 3897 3334 3965 quin
3358 3909 3482 3950 mox
3507 3908 3573 3948 ac

1991 3993 2150 4054 vidit,
2181 4001 2236 4047 et
2266 3992 2415 4046 velut
2464 3989 2628 4051 Deus,
2671 3988 2820 4041 illius
2855 3987 2964 4039 alta
2996 3985 3237 4056 pectoris
3294 3986 3570 4052 inspexit;

1991 4102 2154 4154 quem
2185 4093 2310 4138 ante
2337 4080 2526 4135 mundi
2556 4078 3006 4134 constitutionem
3046 4091 3150 4130 suo
3179 4078 3398 4145 corpori
3430 4091 3566 4129 con-

1992 4175 2224 4229 formem
2273 4174 2390 4226 fore
2429 4177 2692 4224 noverat:
2723 4168 2788 4222 ad
2829 4183 2888 4222 se
2922 4166 3036 4236 jam
3090 4167 3254 4221 etiam
3297 4167 3570 4235 corporali

1992 4280 2182 4337 gressu
2211 4265 2520 4318 venientem
2555 4275 2811 4325 cernens,
2849 4258 2971 4328 ejus
2987 4259 3176 4313 statim
3209 4259 3374 4312 anitui
3409 4259 3571 4312 recti-

1999 4353 2247 4408 tudiuem
2293 4350 2582 4420 probavit;
2617 4348 2736 4402 ﬁdei
2778 4348 3151 4404 sinceritatem
3200 4348 3431 4402 miratus
3461 4356 3567 4412 est,

1995 4445 2196 4500 nu-ntis
2247 4444 2540 4514 puritatem
2567 4441 2797 4505 dilexit;
2835 4453 3124 4510 moresque
3169 4440 3284 4494 veri
3344 4449 3572 4496 tenaces

299 4537 454 4594 τικδν
482 4536 577 4591 τοῦ
615 4535 819 4606 τρόπου
850 4533 948 4588 καὶ
974 4533 1252 4588 ἄπλαστον
1279 4529 1618 4602 πεφιληκὼς,
1644 4533 1757 4596 τοῖς
1792 4548 1886 4584 πι-

1995 4547 2158 4606 atque
2190 4535 2470 4604 simplices
2514 4547 2729 4597 amans,
2780 4530 3224 4586 ﬁdelissimorum
3267 4531 3574 4602 discipulo-

302 4629 587 4691 ποτάτοις
619 4626 904 4681 συντάττει
927 4626 1036 4680 τῶν
1067 4624 1364 4696 ὁμιλητῶν.

375 4721 488 4773 Καὶ
547 4717 740 4787 επειδὴ
809 4718 923 4779 τοῖς
973 4715 1373 4788 πρεσϐυτάτοις
1450 4714 1895 4783 ἐγκαταλεγῆναι

303 4811 571 4867 ἀδύνατον
589 4803 682 4880 ἧν,
722 4809 822 4881 ήδη
853 4807 954 4878 τῆς
984 4809 1135 4880 ἱερᾶς
1161 4806 1460 4870 δωδεκάδος
1487 4807 1897 4878 συμπεπληρω-

306 4903 510 4974 μένηςο
561 4903 677 4965 τοῖς
723 4899 996 4970 δευτέροις
1024 4899 1124 4968 μὲν
1146 4897 1244 4968 τὴν
1277 4897 1430 4962 τάξιν
1454 4897 1740 4968 ὲναριθμεῖ
1763 4909 1778 4926 ⁸
1827 4899 1893 4966 τῇ

305 4995 642 5064 ἑϐδοματικῇ
696 4992 842 5061 λιγω
897 4991 1084 5061 λογάδι
1137 4990 1249 5044 τῶν
1306 4989 1567 5060 μαθητῶν
1587 5007 1599 5021 ·
1653 4991 1753 5061 τῆς
1784 4991 1895 5044 τῶν

306 5083 542 5155 πρώτων
570 5083 626 5138 δὲ
657 5083 877 5153 χάριτος
908 5078 1160 5147 καταξιοῖ
1184 5080 1278 5134 καὶ
1307 5079 1473 5150 τιμῆς
1493 5095 1508 5112 ο
1543 5075 1646 5144 οἷς,
1671 5079 1767 5132 καὶ
1800 5079 1894 5133 τοῦ

305 5175 648 5246 Εὑαγγελίου
683 5175 878 5229 σεπτὸν
906 5174 1192 5244 ὕποφήτην
1223 5173 1386 5228 αὑτὸν
1421 5173 1559 5244 μετά
1586 5173 1782 5240 ταῦτα,
1801 5171 1896 5226 καὶ

302 5269 554 5336 ἀξιόθεον
575 5265 959 5322 ἀποδείκνυσιν
982 5263 1338 5335 ἱεροφάντην.
1400 5262 1621 5332 Ἐπειδὴ
1653 5263 1764 5332 γὰρ
1785 5263 1896 5317 τῶν

303 5360 428 5417 κατ’
466 5360 630 5413 αὑτὸν
662 5356 980 5429 μυστηρίων
1015 5355 1316 5426 ἀκροατὴν,
1349 5355 1444 5410 καὶ
1480 5354 1590 5406 τῶν
1627 5354 1890 5408 θεοτελῶν

303 5451 486 5522 ἔργων
543 5449 769 5504 ἐκείνων
793 5487 809 5514 ,
872 5447 968 5502 καὶ⁸
1024 5444 1136 5498 τῶν
1175 5444 1458 5509 ζωοποιῶν
1503 5444 1846 5514 παθημάτων
1869 5487 1886 5510 ,

303 5543 404 5597 καὶ
461 5541 562 5610 τῆς
617 5539 972 5602 ἀναστάσεως
1035 5537 1130 5591 καὶ
1175 5535 1275 5605 τῆς
1337 5534 1660 5605 ἀναλήψεως
1723 5535 1887 5590 αὑτὸν

307 5636 555 5704 ἀπέφηνε
611 5633 821 5704 μύστην
879 5629 974 5682 καὶ
1027 5627 1256 5698 θεατήν·
1327 5628 1423 5680 καὶ
1489 5627 1581 5680 τοῦ
1637 5628 1887 5700 Πνεῦμαο

379 5813 430 5848 ⁵³
450 5809 598 5868 Psal.
641 5826 748 5878 ιιι,
779 5809 833 5866 5.

1995 4644 2116 4682 rum
2145 4624 2380 4693 collegio
2409 4623 2676 4694 adjungit.

2064 4717 2338 4784 Quoniam
2363 4731 2494 4770 vero
2531 4713 2676 4768 haud
2710 4712 2826 4767 ﬁeri
2886 4719 3122 4782 poterat,
3159 4719 3220 4765 ut
3269 4726 3430 4766 sacro
3454 4709 3571 4778 jam

1992 4806 2334 4863 duodenario
2380 4804 2651 4873 completo
2706 4817 2960 4866 numero,
3014 4800 3414 4870 antiquissimis
3462 4799 3573 4854 illis

1993 4899 2292 4968 primisque
2317 4901 2662 4958 accenseret;
2687 4892 2754 4946 iis
2779 4899 3056 4954 accensct,
3084 4890 3178 4960 qui
3203 4887 3428 4944 secundi
3452 4888 3574 4956 qui-

1996 4990 2121 5045 dem
2159 4987 2371 5043 ordinis
2413 4993 2596 5042 essent
2637 4983 3021 5055 (septuaginta
3073 4981 3330 5035 niniirum
3382 4979 3574 5035 eiectis

1996 5075 2335 5148 discipulis),
2378 5083 2435 5129 at
2470 5075 2770 5145 primorum
2821 5081 3002 5126 tamen
3036 5071 3210 5140 gratia
3255 5079 3313 5125 et
3363 5070 3575 5126 honore

1996 5179 2199 5242 auget;
2235 5185 2343 5242 qua
2369 5176 2424 5223 et
2449 5167 2800 5239 postmodum
2831 5164 3110 5234 Evangelii
3141 5165 3462 5234 praclarum
3495 5163 3575 5216 in-

1997 5270 2315 5332 terpretem,
2352 5260 2711 5330 divinumque
2745 5272 3031 5313 sacrorum
3080 5255 3384 5310 antistitem
3418 5251 3570 5307 facit.

1997 5355 2157 5422 Quod
2187 5354 2336 5409 enim
2363 5367 2590 5408 suorum
2627 5359 2680 5405 te
2711 5347 3098 5421 mysteriorum
3127 5345 3456 5404 auditorem,
3484 5341 3583 5416 di-I

1995 5421 2362 5513 vitiorumque
2389 5455 2614 5511 operum
2639 5439 2882 5504 illorum,
2911 5451 2976 5490 ac
2993 5434 3335 5490 viviﬁcarqu
3361 5421 3583 5498 passio-'

1995 5553 2150 5603 num,
2190 5531 2719 5601 resurrectionisque
2751 5539 2917 5598 atque
2971 5527 3025 5581 in
3058 5525 3258 5580 celum
3294 5528 3584 5622 receptio?

2001 5629 2088 5683 nis
2135 5623 2445 5695 cognitione
2508 5622 2797 5685 imbuerat,
2856 5619 3163 5684 horumque
3205 5619 3576 5684 spectatorem
