4040 6420
538 398 642 466 291
1750 393 2046 472 meam:
2078 393 2114 453 ιι

2220 391 2528 452 HLAGON
2538 392 2608 451 [ς
3763 389 3880 454 ὶεὲ

540 507 786 570 fecerat;
835 501 979 574 ignis
1006 501 1136 557 item
1192 501 1380 570 specie
1425 500 1655 573 delapso
1714 500 1770 555 in
1825 500 2114 570 discipulo:

2230 516 2324 563 τος
2380 499 2479 569 μὲν
2554 497 2858 570 πυροειδῶς
2913 499 3003 552 ἐπ’
3055 499 3257 563 αυτοὺς
3317 500 3672 568 κατιόντος,
3733 498 3882 562 (aut;

542 596 752 668 Spiritu
783 605 1001 657 sancto.
1031 595 1148 664 pari
1177 608 1302 649 cum
1333 594 1639 664 coryphzeis
1660 594 1988 662 compendio
2014 593 2114 647 do-

2220 582 2334 652 τοῖς
2406 589 2730 659 κορυφαίοις
2779 588 3151 658 κατηξίωσεν·
3206 590 3463 644 κοινωνόν
3515 606 3596 644 τε
3670 589 3878 660 πάσης

540 699 789 750 naverat,
823 690 1116 758 omnisque
1154 687 1396 742 cmlestis
1446 689 1691 741 muneris
1741 683 2114 755 participatio-

2219 686 2424 756 ὁμοίως
2479 686 2742 755 οὐρανίας
2811 685 3064 751 ἀπέδειξε
3133 686 3385 756 δωρεᾶς,
3442 686 3538 740 ἵνα.
3620 686 3701 738 τὸ
3760 684 3881 738 λεῖοι

542 797 663 835 nem
700 778 1043 843 indulserat;
1074 787 1132 831 ut
1154 777 1299 845 quod
1332 778 1547 832 ordinis
1572 776 1893 847 prasjudieio
1922 776 2114 830 deesse

2221 795 2322 831 πον
2382 778 2482 846 τῆς
2540 777 2753 843 τάξεως
2804 777 2873 831 δι’
2930 780 3120 849 ἑτέρου
3172 779 3517 849 χαρίσματος
3582 780 3876 847 ἀναπλη-

540 871 841 935 videretur,
875 856 984 923 alio
1028 870 1341 937 expleretur
1383 883 1644 931 munere;
1678 867 1867 937 implet
1900 866 2114 935 sapien-

2224 871 2345 939 σθῇ-
2409 840 2637 941 ςέληροί
2671 871 2770 939 μὲν
2814 840 3037 938 σοφίας,
3094 840 3296 940 πληροῖ
3348 840 3414 924 ’δὲ
3478 840 3876 941 implorante;
3966 840 3967 885 ί

543 962 642 1031 tia,
682 962 868 1030 implet
897 960 1106 1028 majore
1150 961 1324 1029 gratia
1362 967 1416 1013 et
1468 961 1733 1021 veritate;
1780 958 1964 1011 omnis
1990 957 2043 1011 in
2070 968 2114 1012 te

2232 962 2480 1032 μείζονος
2511 961 2606 1013 καὶ
2636 960 2928 1029 ἀληθείας*
2980 960 3230 1014 ἀνακινεῖ
3265 961 3321 1015 δὲ
3354 962 3596 1031 μνήμην
3635 961 3870 1029 ἐναργῆ

542 1053 976 1124 dispensationis
1009 1050 1304 1105 dilucidam
1338 1052 1653 1119 claramque
1681 1050 2001 1103 memoriam
2027 1063 2114 1101 ex-

2222 1055 2320 1123 τῆς
2343 1053 2473 1122 ὅλης
2515 1052 2829 1121 οἰκονομίας
2869 1053 2927 1103 ἐν
2959 1051 3061 1104 σοί.
3105 1051 3271 1104 Ὅθεν
3297 1055 3418 1115 ὅλος
3454 1052 3701 1112 ἔνθους,
3735 1052 3867 1113 ὅλος

543 1148 701 1198 citat.
738 1146 1104 1207 Quamobrem
1137 1152 1281 1197 totus
1308 1142 1415 1196 Deo
1447 1141 1683 1204 albatus.
1716 1152 1882 1204 totus,
1909 1156 1942 1194 o
1964 1142 2114 1195 beate

2221 1145 2476 1212 ἐξεστὼς,
2506 1138 2551 1198 ὧ
2586 1145 2829 1213 μακάριε
2862 1144 3078 1214 Μάρκε,
3118 1144 3364 1215 Χριστῷ,
3411 1146 3508 1197 καὶ
3544 1145 3644 1213 τῷ
3678 1144 3861 1198 αὑτοῦ

544 1235 752 1289 Marce!
805 1236 1026 1289 Christo
1076 1234 1370 1299 excedens,
1406 1234 1635 1304 ejusque
1663 1234 1880 1289 fervens
1909 1234 2114 1303 Spiritu

2224 1235 2502 1303 11νεύματι
2541 1234 2968 1305 διαθερμανθείς
3022 1252 3083 1287 τε
3133 1235 3228 1287 καὶ
3270 1236 3706 1306 ὲμπνευσθεὶς,
3763 1238 3864 1288 καὶ

540 1335 701 1392 atque
728 1326 989 1379 instinctu
1023 1333 1209 1388 actus;
1246 1323 1376 1390 quin
1403 1324 1567 1377 etiam
1602 1338 1802 1392 magno
1829 1325 2114 1393 primoque

2224 1326 2330 1379 ὑπὸ
2375 1325 2471 1379 τοῦ
2543 1326 2781 1396 μεγάλου
2839 1325 2895 1379 δὲ
2956 1326 3051 1378 καὶ
3099 1324 3567 1395 πρωταποστόλου
3630 1324 3860 1393 Πέτρου
3966 1308 3967 1383 ί

542 1431 607 1469 ac
632 1418 877 1485 principe
905 1415 1278 1485 apostolorum
1314 1412 1499 1477 Petro,
1533 1416 1607 1467 ttti
1640 1413 1782 1468 fama
1807 1426 1910 1478 est,
1941 1416 1994 1469 in
2019 1416 2121 1469 hoc

539 1517 872 1577 provocante
923 1518 1087 1577 atque
1130 1507 1397 1577 jubeute,
1441 1509 1794 1573 evangelicus
1844 1508 2118 1577 scriptor,

540 1604 871 1670 baptismum
927 1616 1126 1658 narras
1169 1612 1226 1656 et
1277 1602 1657 1665 tcntationem,
1702 1599 1872 1655 ducto
1922 1599 2122 1654 divinat

537 1705 643 1749 tua:
667 1693 991 1763 scriptionis
1035 1693 1262 1747 exordio
1290 1692 1361 1747 ab
1402 1694 1725 1747 ostensione
1753 1690 1883 1748 Jesu
1930 1692 2117 1748 Israel.

530 1788 855 1846 Conscribis
880 1803 1011 1843 vero
1039 1789 1417 1858 apostolorum
1446 1788 1771 1843 electionem
1797 1787 2121 1842 sublimem-

2224 1418 2647 1488 παρακινηθεὶς,
2680 1416 2757 1480 ὥς
2794 1419 2858 1487 γέ
2895 1434 3055 1485 φασι,
3081 1419 3219 1488 πρὸς
3250 1424 3409 1471 τοῦτο
3455 1418 3561 1471 καλ⁸
3594 1435 3860 1488 προτρα-

2222 1509 2369 1573 πεὶς,
2405 1508 2732 1579 εὐαγγελίζῃ
2787 1509 2888 1578 μὲν
2922 1508 3021 1578 τὴν
3070 1507 3321 1577 βάπτισιν
3355 1509 3451 1560 καὶ
3489 1508 3595 1559 τὸν
3654 1526 3855 1576 πειρα-

2224 1598 2382 1667 σμὸν,
2416 1599 2593 1668 ἀρχὴν
2631 1598 2731 1665 τῆς
2774 1598 2916 1651 κατὰ
2962 1600 3019 1652 σὲ
3054 1598 3414 1652 θεοπνεύστου
3445 1599 3722 1669 Γρσφῆς,
3755 1598 3853 1669 τὴν

2222 1686 2493 1754 ἀνάδειξιν
2532 1688 2669 1759 πρὸς
2716 1688 2809 1740 τὸν
2844 1689 3066 1759 Ἰσραὴλ
3112 1690 3563 1760 ἀναταττόμενος
3598 1692 3707 1745 τοῦ
3748 1692 3847 1763 ’1η-

2224 1776 2345 1830 σοῦ⁸
2380 1777 2704 1848 εὐαγγελίζῃ
2740 1776 2797 1830 δὲ
2826 1779 2934 1830 τῶν
2986 1780 3301 1832 ἀποστόλων
3325 1781 3425 1849 τὴν
3449 1781 3709 1851 ἐκλογὴν
3752 1786 3838 1837 καί

532 1896 640 1949 que
684 1851 1113 1950 legislationetn,
1169 1893 1233 1933 ac
1293 1879 1570 1950 parabolis
1622 1881 1862 1935 intextas
1897 1879 2114 1936 divinas

2219 1870 2314 1940 τὴν
2356 1869 2566 1939 ὑψηλὴν
2600 1870 2945 1939 νομοθεσίαν,
2983 1872 3201 1936 καὶτὰς
3229 1872 3630 1944 παραϐολικὲις
3663 1875 3826 1928 θεολοο

533 1970 959 2040 praedicationes
987 1987 1003 2036 ;
1032 1972 1098 2025 ad
1125 1970 1242 2024 haec
1267 1970 1446 2025 omnis
1469 1971 1689 2041 generis
1733 1970 1874 2025 male
1905 1970 2117 2025 haben-

532 2063 669 2115 tium
700 2062 1043 2126 curationes,
1078 2062 1343 2130 variaque
1382 2062 1647 2115 miracula
1686 2076 1750 2115 ac
1776 2061 1829 2115 in
1864 2059 2117 2116 Thabore

533 2151 1101 2218 transformatiouem,
1128 2162 1221 2205 tuo
1245 2151 1322 2205 illi
1356 2165 1519 2206 sacro
1553 2151 1754 2206 inseris
1779 2161 2116 2205 commenta-

531 2245 639 2299 rio.
680 2244 891 2300 Exinde
925 2244 1307 2299 admirandum
1339 2243 1546 2299 Christi
1591 2241 1991 2315 Jerosolymam
2031 2244 2116 2297 in-

531 2354 783 2409 gressum
811 2338 1095 2403 edisseris,
1131 2340 1604 2407 innocentumque
1633 2337 1903 2391 olivarum
1944 2336 2116 2392 ramis

530 2447 598 2485 ac
622 2431 812 2487 stratis
842 2431 1089 2487 vestibus
1119 2430 1383 2501 triumphi
1412 2430 1614 2502 specie,
1647 2430 1854 2483 clarum
1883 2428 2117 2484 comita-

531 2532 644 2575 tum
685 2530 739 2576 et
768 2522 1182 2592 acceptionem;
1212 2536 1426 2577 sacram
1456 2522 1695 2591 denique
1728 2535 1965 2587 caenam,
1992 2536 2120 2591 pro-

530 2612 819 2678 ditionem,
856 2613 1100 2681 iniquam
1136 2615 1488 2676 sententiam,
1529 2627 1775 2676 crucem,
1810 2610 1996 2675 funus,
2029 2626 2118 2665 se-

534 2706 835 2774 pulturam,
861 2705 1322 2759 resurrectionem
1343 2703 1431 2758 die
1458 2707 1620 2759 tertia
1644 2714 1694 2759 et
1718 2703 2113 2772 apparitionem

531 2809 699 2866 atque
741 2796 795 2851 in
833 2796 1037 2851 coelum
1079 2797 1470 2866 receptionem,
1500 2797 1673 2852 sacris
1700 2796 2114 2865 Scripturarum

531 2886 908 2941 monumentis
943 2886 1299 2955 consignans,
1338 2900 1405 2941 ne
1435 2901 1634 2956 magna
1679 2887 1877 2942 salutis
1914 2895 2117 2940 nostrae

531 2979 791 3048 mysteria
812 2978 1074 3033 memoria
1096 2976 1428 3044 tliﬂluerent,
1456 2978 1673 3048 egregie
1722 2977 1940 3042 cavisti,
1980 2976 2115 3047 quin

528 3077 586 3124 et
635 3070 898 3125 universo
937 3078 1207 3124 terrarum
1254 3070 1397 3135 orbi,
1437 3069 1797 3138 omniumque
1828 3069 2113 3121 hominum

529 3161 730 3216 animis
781 3160 963 3232 (quod
1007 3168 1102 3215 tua
1150 3161 1477 3231 spectabat)
1507 3176 1766 3233 magnum
1831 3158 2113 3230 Evangelii

531 3251 719 3306 lumen
745 3252 896 3306 claro
926 3251 1360 3307 sidereintulisti
1395 3267 1412 3305 :
1441 3252 1706 3323 pariaque
1738 3251 2116 3307 sacratissimo

530 3338 812 3409 Iatthaao,
833 3341 1147 3411 divinisque
1173 3341 1297 3395 aliis
1321 3338 1563 3409 Spiritus
1587 3340 1956 3413 scriptoribus
1981 3355 2115 3395 con-

532 3440 798 3487 sentanea
850 3431 1105 3500 idemque
1159 3430 1397 3485 valentia
1453 3432 1645 3485 eodem
1687 3432 1891 3500 Spiritu
1923 3432 2116 3485 elucu-

533 3523 757 3589 bratus,
783 3536 1131 3577 communem
1174 3521 1395 3591 pietatis
1439 3536 1692 3592 veraeque
1741 3523 2005 3577 doctrinae
2037 3531 2118 3577 ta-

530 3611 758 3678 bellam,
805 3611 904 3666 abs
949 3619 1003 3668 te
1057 3610 1440 3682 conscriptum
1486 3611 1844 3682 Evangelium
1902 3612 2117 3667 cunctis

530 3703 896 3776 proposuisti.

604 3796 743 3851 Eum
777 3796 831 3850 in
864 3793 1115 3858 modum,
1154 3793 1408 3851 eumdem
1448 3809 1513 3849 ac
1539 3795 1699 3865 primi
1748 3792 1983 3863 apostoli
2016 3793 2115 3847 ho-

531 3903 725 3943 norem
758 3896 1117 3951 consecutus,
1142 3885 1342 3942 iisdem
1367 3902 1589 3957 quoque
1619 3901 1921 3941 consessor
1949 3885 2117 3941 exsti-

533 3979 674 4034 tisti.
710 3976 802 4034 Sic
833 3978 1204 4048 apostolorum
1244 3977 1511 4049 principis
1536 3978 1804 4047 regnique
1845 3977 2112 4031 caelorum

529 4071 811 4141 clavigeri,
850 4071 979 4125 boni
1018 4069 1170 4124 illius
1218 4068 1407 4124 statim
1437 4084 1466 4122 a
1498 4067 1719 4125 Christo
1762 4068 2003 4139 pastoris
2049 4081 2115 4121 ac

532 4160 876 4217 successoris
922 4169 1185 4225 sectator,
1220 4159 1454 4229 ejusque
1474 4160 1625 4214 omni
1660 4158 1775 4213 fere
1799 4160 2020 4214 civitate
2050 4174 2114 4212 ac

529 4260 694 4322 gente
724 4252 1011 4316 itinerum,
1066 4266 1502 4321 sermonumque
1542 4265 1607 4307 ac
1651 4251 2111 4320 disputationum,

532 4360 750 4399 necnon
811 4345 1098 4415 signorum
1146 4358 1213 4398 ac
1252 4343 1631 4413 prodigiorum
1692 4344 1898 4407 socius,
1965 4345 2113 4399 illius

533 4443 820 4503 tantopere
847 4434 1048 4502 spiritu
1082 4434 1372 4503 sacrisque
1421 4432 1701 4503 Evangelii
1732 4431 2112 4490 [unctionibus

530 4534 697 4595 atque
728 4525 852 4579 aliis
917 4526 1161 4596 Spiritus
1203 4526 1708 4589 ministrationibus
1750 4526 2022 4592 claruisti,
2053 4533 2113 4580 ut

532 4617 654 4688 ejus
686 4618 862 4689 ipsius
891 4619 947 4672 in
972 4619 1172 4690 spiritu
1207 4617 1381 4674 Filius
1411 4628 1526 4674 tum
1553 4618 1870 4687 elﬁcercris,
1902 4629 2017 4675 tum
2042 4621 2118 4674 in-

532 4711 680 4777 clyta
708 4711 950 4767 nominis
977 4712 1345 4782 appellatione
1374 4712 1666 4769 dicereris.

604 4800 736 4872 Ejus
782 4804 940 4872 jussu
994 4817 1162 4874 atque
1219 4803 1661 4861 ordinationibus
1725 4804 2109 4861 Alexandriam

535 4886 753 4960 ἐξεγριί
787 4889 1066 4959 profectus
1124 4891 1347 4947 Christo
1374 4893 1428 4946 in
1477 4909 1540 4950 ea
1576 4894 1872 4949 Ecclesiam
1907 4896 2114 4950 consti-

532 4984 690 5038 tuisti
724 5003 737 5038 :
771 4985 866 5039 illo
906 4986 1025 5055 ipso
1082 4987 1415 5042 inconcusso
1474 4988 1833 5043 fundamento
1890 4989 2109 5058 posito;

532 5074 653 5144 ipse
699 5077 884 5129 statim
932 5092 961 5129 a
1005 5076 1137 5133 Jesu
1170 5079 1667 5148 supermdiﬂcalus,
1718 5079 1886 5149 inque
1932 5081 2107 5150 teipse

529 5174 766 5220 cunctos
796 5168 1035 5221 lltlelium
1082 5176 1262 5223 cretus
1310 5171 1662 5225 committens
1710 5184 2105 5242 coaptansque.

530 5259 611 5312 Ac
638 5261 779 5328 quod
815 5260 1226 5316 sacratissimus
1258 5260 1497 5317 Jacobus
1523 5261 1991 5334 Jerosolymorum
2017 5263 2112 5320 Ec-

529 5351 735 5416 desim,
761 5362 815 5407 et
844 5353 929 5408 his
960 5356 1053 5424 qui
1098 5364 1257 5408 erant
1284 5370 1349 5409 ex
1381 5356 1830 5421 circumcisione,
1870 5359 1973 5411 hoc
1995 5359 2111 5427 ipse

477 5512 480 5515 .
529 5443 914 5500 Alexandrinae
940 5461 1001 5499 ac
1030 5449 1301 5501 universa:
1328 5446 1565 5519 Egypto
1597 5450 1877 5506 exstitisti.

605 5739 943 5816 (δελ-Ὅπερ
983 5746 1017 5798 ό
1065 5743 1221 5812 ἱερὸς
1279 5743 1568 5809 Ἰάκωϐος.
1618 5745 2101 5816 Comparationem

529 5809 693 5882 auget
717 5809 1081 5886 Hieronymus
1111 5809 1484 5886 vinicalalogo,
1527 5809 2099 5891 secutus'Eu'scbium,

2219 1961 2369 2028 γὶαςο
2405 1959 2540 2029 πρὸς
2570 1959 2631 2014 δὲ
2674 1960 2770 2013 καὶ
2819 1962 2919 2024 τὰς
2958 1962 3313 2026 παντοδαπὰς
3346 1964 3454 2016 τῶν
3486 1965 3693 2029 κακῶς
3714 1980 3803 2021 m-

2219 2051 2460 2121 σχόντων
2491 2051 2809 2121 θεραπείας,
2859 2053 2956 2106 καὶ
3008 2053 3078 2108 τὰ
3136 2054 3358 2108 ποικίλα
3387 2053 3687 2125 θαύματα,
3727 2056 3807 2109 καὶ

2215 2144 2317 2214 τὴν
2361 2144 2456 2195 ἐπὶ
2485 2142 2578 2196 τοῦ
2619 2142 2903 2215 Θασωρίου
2959 2147 3389 2217 μεταμορφωσιν
3430 2151 3499 2221 τῇ
3534 2151 3678 2222 ἱερᾷ
3714 2153 3824 2202 ὲπι-

2219 2236 2490 2306 συνείρεις
2537 2236 2754 2306 Γραφῇο
2806 2237 2899 2289 ἐπὶ
2941 2237 3156 2301 τούτοις
3188 2239 3288 2310 τὴν
3330 2240 3662 2312 θαυμασίαν
3705 2244 3829 2313 Χρι-

2218 2326 2349 2381 στοῦ
2382 2327 2519 2398 πρὸς
2567 2327 2667 2398 τὴν
2716 2327 3082 2402 Ἰερουσαλὴμ
3109 2331 3346 2385 είσοδίαν
3378 2331 3699 2404 θεηγορεῖς,
3742 2336 3827 2386 καὶ

2216 2421 2317 2490 τὴν
2352 2421 2492 2491 μετὰ
2516 2420 2729 2475 κλάδων
2760 2421 2977 2487 ἐλαιῶν,
3005 2423 3102 2476 κα1⁵
3127 2423 3360 2492 ἱματίων
3391 2423 3700 2495 στρὼσιως
3724 2425 3828 2478 τῶν

2219 2514 2606 2583 ἁπειροκάκων
2650 2514 2977 2586 δορυφορίαν
3012 2516 3106 2569 καὶ
3137 2514 3407 2581 δεξίωσιν.
3455 2516 3580 2571 Ἐπὶ
3610 2516 3826 2582 τούτοις

2216 2606 2278 2659 τὸ
2308 2607 2522 2660 δεῖπνον
2550 2606 2612 2660 τὸ
2642 2608 2809 2680 ἱερὸν,
2851 2607 2952 2678 τὴν
2983 2608 3301 2678 προδοσίαν,
3346 2609 3445 2681 τὴν
3473 2610 3671 2664 ἄδικον
3700 2609 3821 2683 κρί-

2220 2714 2324 2762 σιν,
2352 2698 2443 2752 τὸν
2492 2698 2748 2768 σταυρὸν,
2778 2698 2877 2771 τὴν
2927 2700 3171 2769 κηδείαν,
3199 2701 3300 2771 τὴν
3328 2703 3527 2773 ταφὴν,
3563 2703 3676 2775 τὴν
3709 2720 3821 2773 τρι-

2216 2792 2424 2861 ήμερον
2447 2792 2746 2846 ἀνάστασιν
2780 2793 2876 2846 καὶ
2901 2794 3196 2862 ὲμιράνισιν
3225 2794 3318 2848 καὶ
3340 2793 3640 2865 ἀνάληψιν,
3678 2797 3820 2868 ἱερο-

2218 2883 2432 2950 λογίαις
2453 2883 2628 2946 θείαις
2667 2883 3031 2954 συντεταχὼς,
3057 2885 3159 2938 οὐκ
3192 2885 3416 2956 ἀφῆκας
3442 2885 3583 2958 λήθη
3616 2887 3693 2941 τὰ
3727 2904 3820 2958 μευ

2216 2976 2359 3045 γάλα
2405 2976 2507 3045 τῆς
2546 2977 2705 3045 ἡμῶν
2748 2978 3023 3047 σωτηρίας
3069 2979 3346 3050 μυστήρια
3395 2982 3814 3053 παραρῤυῆσαιο

2216 3074 2281 3141 τῇ
2312 3070 2609 3142 οἰκουμένῃ
2659 3070 2717 3123 δὲ
2752 3070 2922 3140 πάσῃ,
2971 3072 3068 3123 καὶ
3106 3071 3310 3135 πάσαις
3359 3072 3674 3142 ἀνθρώπων
3714 3074 3810 3143 ψυ-

2220 3164 2364 3233 χαῖς,
2396 3163 2520 3216 ὅσον
2547 3164 2641 3214 ἐπὶ
2668 3162 2776 3227 σοὶ,
2800 3162 2861 3215 τὸ
2898 3162 3039 3233 μέγα
3067 3163 3161 3217 τοῦ
3184 3164 3520 3233 Εὐαγγελίου
3552 3167 3814 3237 ἐνήστρα-

2217 3254 2329 3324 ψας
2372 3255 2509 3323 φῶς·
2539 3256 2635 3309 καὶ
2664 3254 2742 3325 τῷ
2772 3254 2905 3325 ίερῷ
2944 3254 3211 3327 Ματθαίῳ
3246 3256 3542 3326 ἐφάμιλλα,
3577 3259 3680 3312 καὶ
3706 3260 3810 3320 τοῖς

2217 3346 2399 3410 ἄλλοις
2433 3347 2935 3418 μυσταγωγράφοις
2962 3347 3058 3401 τοῦ
3086 3348 3426 3419 Πνεύματος,
3457 3350 3726 3421 σύστοιχα
3755 3366 3806 3402 τι

2218 3436 2317 3489 καὶ
2350 3436 2671 3507 ὁμοδύναμα
2690 3436 2767 3507 τῷ
2802 3438 2903 3508 ίσῳ
2935 3437 3214 3508 Πνεύματι
3241 3439 3588 3510 διαθέμενος,
3624 3456 3800 3495 κοινω-

2216 3526 2307 3579 νὸν
2338 3524 2359 3598 [
2385 3526 2461 3580 αι.
2487 3525 2688 3599 κοινὸν]
2715 3528 3003 3591 εὐσεόείας
3021 3531 3117 3582 καὶ
3144 3528 3555 3600 ὰληθογνωσίας
3609 3529 3808 3585 πίνακα

2220 3619 2358 3672 πᾶσι
2393 3618 2452 3672 τὸ
2489 3619 2629 3673 κατὰ
2664 3620 2724 3672 σὲ
2752 3619 3110 3689 προτέθεικας
3139 3621 3491 3691 Εὑαγγέλιον.

2288 3804 2446 3859 Οὕτω
2474 3807 2585 3870 τοῖς
2617 3806 3096 3876 πρωταποστὸλοις
3115 3807 3469 3882 κατηξιώθης
3496 3811 3688 3882 τιμῆς,
3719 3808 3807 3865 καὶ

2218 3895 2588 3969 συγκάθεδρος
2631 3899 3012 3968 ὲχρημάτισας
3042 3901 3155 3962 τοῖς
3189 3900 3395 3963 αὐτοῖς.
3420 3899 3579 3956 Οὕτω
3603 3901 3683 3973 τῷ
3717 3917 3808 3955 κο-

2218 3988 2454 4062 ρυφαίῳ,
2490 3991 2586 4044 καὶ⁸
2629 3991 2730 4061 τῆς
2763 3992 2858 4045 τοῦ
2893 3990 3030 4045 Θεοῦ
3069 3991 3367 4064 κλειδούχῳ
3412 3993 3719 4064 βασιλείας,
3749 3992 3805 4046 τδ

2220 4082 2360 4152 μετὰ
2389 4081 2627 4151 Χριστὸν
2657 4082 2820 4147 εὐθὺς
2845 4082 3037 4155 ἀγαθῷ
3060 4084 3284 4156 ποιμένι
3319 4085 3417 4139 καὶ
3445 4084 3675 4155 διαδόχῳ
3697 4084 3806 4139 Πέ-

2214 4189 2332 4243 τρῳ
2401 4172 2822 4228 κατακολουθῶν
2849 4214 2864 4242 ,
2926 4178 3021 4230 καὶ
3088 4176 3198 4230 τῶν
3265 4176 3410 4231 κατὰ
3474 4179 3659 4231 πᾶσαν
3719 4193 3808 4248 μι-

2215 4261 2352 4334 κροῦ
2396 4262 2551 4317 πόλιν
2591 4265 2687 4317 καὶ
2730 4265 2837 4317 πᾶν
2874 4265 3027 4330 ἔθνος
3062 4265 3353 4338 περιόδων,
3395 4266 3581 4334 λόγων
3621 4281 3681 4319 τε
3717 4264 3807 4319 καὶ

2217 4356 2515 4424 συλλόγων,
2557 4356 2803 4428 σημείων
2841 4372 2901 4411 τε
2927 4358 3023 4413 καὶ
3054 4359 3302 4430 τεράτων
3328 4356 3479 4428 αὐτῷ
3508 4355 3804 4422 κοινωνῶν,

2216 4449 2313 4502 ἐπὶ
2352 4447 2610 4501 τοσοῦτον
2662 4448 2829 4502 αὑτοῦ
2861 4448 2942 4520 τῷ
2972 4452 3280 4521 πνεύματι,
3329 4452 3451 4513 ταῖς
3485 4466 3545 4502 τε
3606 4449 3808 4520 ἱερολο-

2151 4566 2191 4621 D
2219 4538 2368 4606 γίαις
2401 4537 2497 4591 τοῦ
2532 4536 2892 4606 Εὐαγγελίου,
2921 4543 3043 4604 ταῖς
3059 4539 3108 4594 τ’
3140 4539 3327 4604 ἄλλαις
3362 4540 3456 4595 τοῦ
3490 4542 3806 4611 Πνεύματος

2221 4628 2559 4697 ἱερουργίαις
2614 4629 2711 4682 καὶ
2751 4629 3064 4695 διακονίαις
3115 4635 3512 4705 εὐηρέστησας,
3537 4631 3682 4687 ὥστε
3715 4633 3807 4687 καὶ

2218 4720 2300 4781 εἰς
2339 4719 2456 4772 υἱὸν
2486 4719 2635 4789 αὐτῷ
2666 4722 2806 4774 κατὰ
2841 4721 3057 4792 πνεῦμα
3092 4724 3353 4793 γενέσθαι
3381 4727 3475 4780 καὶ
3516 4724 3802 4796 κληθῆναι.

2288 4808 2423 4872 Ταῖς
2446 4808 2613 4862 αὐτοῦ
2658 4809 2716 4862 δὲ
2752 4817 3092 4883 προτροπαῖς
3144 4816 3239 4869 καὶ
3289 4815 3671 4888 προχειρίσεσι
3712 4817 3803 4871 καὶ

2214 4896 2312 4967 τὴν
2347 4898 2468 4950 κατ’
2515 4898 2794 4967 Αἴγυπτον
2838 4901 3247 4974 Ἀλεξάνδρειαν
3288 4905 3635 4970 καταλαϐὼν,
3682 4906 3801 4960 Ἐκ-

2213 4988 2443 5057 κλησίαν
2499 4990 2558 5043 ὲν
2611 4991 2752 5062 αὐτῇ
2804 4994 3092 5065 ἀνεστήσω
3120 4995 3363 5066 Χριστῷ·
3396 4996 3674 5070 ἄρρηκτον
3709 4999 3802 5068 μὲν

2215 5077 2465 5146 θεμέλιον
2511 5081 2721 5133 ἐκεῖνον
2774 5083 3181 5153 καταθέμενος·
3216 5084 3380 5149 εὐθὺς
3432 5085 3488 5139 δὲ
3539 5086 3677 5155 μετὰ
3706 5086 3805 5140 ’τὸν

2229 5170 2438 5240 Ἰησοῦν
2490 5172 3018 5246 ὲποικοδομούμενος
3073 5176 3236 5238 αὐτὸς
3261 5215 3277 5240 ,
3342 5179 3438 5233 καὶ
3495 5180 3582 5247 ἐφ’
3629 5177 3805 5249 ἑαυτῷ

2218 5263 2401 5316 πάντα
2425 5265 2852 5336 συναρμολογῶν
2881 5270 2977 5323 καὶ
3005 5269 3365 5340 συμὸισάζων
3382 5273 3453 5326 τὰ
3484 5276 3805 5343 συστήματα

2217 5353 2326 5406 τῶν
2365 5356 2611 5408 πιστῶνο
2667 5359 2765 5411 καὶ
2811 5361 2949 5430 ὅπερ
2985 5362 3015 5415 ὁ
3069 5362 3214 5433 ἱερὸς
3273 5364 3526 5429 Ἰάκωϐος
3582 5366 3696 5435 (55)
3737 5368 3800 5437 τῇ

2218 5444 2361 5497 κατὰ
2395 5445 2752 5518 Ἰερουσαλὴμ
2792 5449 3110 5522 Ἐκκλησία,
3130 5452 3226 5506 καὶ
3253 5456 3366 5520 τοῖς
3392 5456 3458 5508 ὲκ
3482 5455 3801 5525 περιτομῆς,

2213 5534 2374 5587 τοῦτο
2402 5539 2498 5590 καὶ
2535 5537 2698 5602 αὐτὸς
2727 5540 2921 5612 ἐκείνῃ
2959 5544 3027 5610 τῇ
3082 5543 3260 5610 πόλει,
3294 5546 3395 5598 καὶ
3432 5548 3498 5617 τῇ
3538 5547 3800 5617 Αἰγύπτῳ

2214 5625 2368 5697 πάσῃ
2404 5628 2845 5698 κεχρημάτικας.

2213 5756 2462 5838 utsolet,
2491 5757 2531 5813 l.
2565 5774 2626 5825 ιι,
2676 5775 2726 5838 c_.
2773 5762 2860 5838 17,
2919 5763 3012 5838 ubi
3050 5764 3260 5838 multis
3287 5767 3596 5832 contendit,
3661 5784 3799 5838 quos

2212 5826 2371 5882 Philo
2404 5838 2663 5899 tanquam
2689 5832 2911 5890 Judaeos
2941 5834 3156 5921 laudat,
3179 5826 3796 5924 Ιιὶὺῖζιίειιιρρίίςὲίηιι,
