  <div class='ocr_page' id='page_1' title='image "/cluster/home/n/w/nwhite01/storage/ocr_20150623/105/coo.31924054870096/166.png"; bbox 0 0 4040 6396; ppageno 0'>
   <div class='ocr_carea' id='block_1_1' title="bbox 180 355 298 419">
    <p class='ocr_par' dir='ltr' id='par_1_1' title="bbox 180 355 298 419">
     <span class='ocr_line' id='line_1_1' title="bbox 180 355 298 419; baseline 0.008 -1"><span class='ocrx_word' id='word_1_1' title='bbox 180 355 298 419; x_wconf 78' lang='lat'><strong>293</strong></span> 
     </span>
    </p>
   </div>
   <div class='ocr_carea' id='block_1_2' title="bbox 977 341 2685 415">
    <p class='ocr_par' dir='ltr' id='par_1_2' title="bbox 977 341 2685 415">
     <span class='ocr_line' id='line_1_2' title="bbox 977 341 2685 415; baseline -0.006 0"><span class='ocrx_word' id='word_1_2' title='bbox 977 350 1263 415; x_wconf 81' lang='lat' dir='ltr'><strong>ORATIO</strong></span> <span class='ocrx_word' id='word_1_3' title='bbox 1288 351 1409 413; x_wconf 81' lang='lat' dir='ltr'><strong>XV.</strong></span> <span class='ocrx_word' id='word_1_4' title='bbox 1451 374 1521 389; x_wconf 88' lang='lat'><em>--</em></span> <span class='ocrx_word' id='word_1_5' title='bbox 1585 349 1669 412; x_wconf 91' lang='lat' dir='ltr'><strong>IN</strong></span> <span class='ocrx_word' id='word_1_6' title='bbox 1698 342 2018 410; x_wconf 78' lang='lat' dir='ltr'><strong>LAUDEM</strong></span> <span class='ocrx_word' id='word_1_7' title='bbox 2050 343 2114 405; x_wconf 87' lang='lat' dir='ltr'><strong>S.</strong></span> <span class='ocrx_word' id='word_1_8' title='bbox 2153 342 2397 406; x_wconf 79' lang='lat' dir='ltr'><strong>MARCI</strong></span> <span class='ocrx_word' id='word_1_9' title='bbox 2428 341 2685 405; x_wconf 80' lang='lat' dir='ltr'><strong>APOST.</strong></span> 
     </span>
    </p>
   </div>
   <div class='ocr_carea' id='block_1_3' title="bbox 3356 341 3473 414">
    <p class='ocr_par' dir='ltr' id='par_1_3' title="bbox 3356 341 3473 414">
     <span class='ocr_line' id='line_1_3' title="bbox 3356 341 3473 414; baseline 0 -4"><span class='ocrx_word' id='word_1_10' title='bbox 3356 341 3473 414; x_wconf 65' lang='grc'><strong>294</strong></span> 
     </span>
    </p>
   </div>
   <div class='ocr_carea' id='block_1_4' title="bbox 258 448 1783 535">
    <p class='ocr_par' dir='ltr' id='par_1_4' title="bbox 258 459 1779 535">
     <span class='ocr_line' id='line_1_4' title="bbox 258 459 1779 535; baseline -0.005 -15"><span class='ocrx_word' id='word_1_11' title='bbox 258 464 395 520; x_wconf 73' lang='lat' dir='ltr'><strong>Anci</strong></span> <span class='ocrx_word' id='word_1_12' title='bbox 422 460 557 535; x_wconf 84' lang='grc' dir='ltr'>γοῦν</span> <span class='ocrx_word' id='word_1_13' title='bbox 584 462 699 526; x_wconf 81' lang='grc' dir='ltr'>τοῖς</span> <span class='ocrx_word' id='word_1_14' title='bbox 729 459 994 518; x_wconf 77' lang='grc' dir='ltr'><strong>ἀνωτάτω</strong></span> <span class='ocrx_word' id='word_1_15' title='bbox 1022 460 1116 516; x_wconf 88' lang='grc' dir='ltr'><strong>τοῦ</strong></span> <span class='ocrx_word' id='word_1_16' title='bbox 1148 461 1469 531; x_wconf 83' lang='grc' dir='ltr'>Πνεύματος</span> <span class='ocrx_word' id='word_1_17' title='bbox 1495 459 1779 531; x_wconf 79' lang='grc' dir='ltr'>χαρίσμα-</span> 
     </span>
    </p>
   </div>
   <div class='ocr_carea' id='block_1_5' title="bbox 1885 448 3467 535">
    <p class='ocr_par' dir='ltr' id='par_1_5' title="bbox 1954 448 3467 526">
     <span class='ocr_line' id='line_1_5' title="bbox 1954 448 3467 526; baseline 0.002 -19"><span class='ocrx_word' id='word_1_18' title='bbox 1954 453 2164 525; x_wconf 85' lang='lat' dir='ltr'><strong>Duplici</strong></span> <span class='ocrx_word' id='word_1_19' title='bbox 2190 448 2379 525; x_wconf 84' lang='lat' dir='ltr'><strong>itaque</strong></span> <span class='ocrx_word' id='word_1_20' title='bbox 2407 468 2668 525; x_wconf 87' lang='lat' dir='ltr'><strong>supremo</strong></span> <span class='ocrx_word' id='word_1_21' title='bbox 2695 451 2940 524; x_wconf 77' lang='lat' dir='ltr'><strong>Spiritus</strong></span> <span class='ocrx_word' id='word_1_22' title='bbox 2961 468 3189 513; x_wconf 91' lang='lat' dir='ltr'><strong>munere</strong></span> <span class='ocrx_word' id='word_1_23' title='bbox 3214 448 3467 526; x_wconf 75' lang='lat' dir='ltr'><strong>(aposto-</strong></span> 
     </span>
    </p>
   </div>
   <div class='ocr_carea' id='block_1_6' title="bbox 184 550 1778 627">
    <p class='ocr_par' dir='ltr' id='par_1_6' title="bbox 184 550 1778 627">
     <span class='ocr_line' id='line_1_6' title="bbox 184 550 1778 627; baseline -0.006 -14"><span class='ocrx_word' id='word_1_24' title='bbox 184 576 297 625; x_wconf 89' lang='grc' dir='ltr'>σιν,</span> <span class='ocrx_word' id='word_1_25' title='bbox 330 552 676 627; x_wconf 83' lang='grc' dir='ltr'>ἀποστολικῷ</span> <span class='ocrx_word' id='word_1_26' title='bbox 725 571 789 609; x_wconf 91' lang='grc' dir='ltr'><strong>τε</strong></span> <span class='ocrx_word' id='word_1_27' title='bbox 841 553 938 608; x_wconf 78' lang='grc' dir='ltr'>καὶ</span> <span class='ocrx_word' id='word_1_28' title='bbox 986 550 1292 625; x_wconf 84' lang='grc' dir='ltr'>ίεραρχικῷ</span> <span class='ocrx_word' id='word_1_29' title='bbox 1318 550 1778 625; x_wconf 80' lang='grc' dir='ltr'><strong>κατηρτισμένος,</strong></span> 
     </span>
    </p>
   </div>
   <div class='ocr_carea' id='block_1_7' title="bbox 183 638 1781 721">
    <p class='ocr_par' dir='ltr' id='par_1_7' title="bbox 183 638 1781 721">
     <span class='ocr_line' id='line_1_7' title="bbox 183 638 1781 721; baseline -0.005 -17"><span class='ocrx_word' id='word_1_30' title='bbox 183 649 267 721; x_wconf 80' lang='grc' dir='ltr'>τῷ</span> <span class='ocrx_word' id='word_1_31' title='bbox 298 650 397 721; x_wconf 81' lang='grc' dir='ltr'>μὲν</span> <span class='ocrx_word' id='word_1_32' title='bbox 425 647 561 720; x_wconf 76' lang='grc' dir='ltr'>πρὸς</span> <span class='ocrx_word' id='word_1_33' title='bbox 608 647 737 710; x_wconf 79' lang='grc' dir='ltr'>τοὺς</span> <span class='ocrx_word' id='word_1_34' title='bbox 786 645 892 711; x_wconf 76' lang='grc' dir='ltr'><strong>ἔξω</strong></span> <span class='ocrx_word' id='word_1_35' title='bbox 944 645 1045 715; x_wconf 83' lang='grc' dir='ltr'>τῆς</span> <span class='ocrx_word' id='word_1_36' title='bbox 1100 638 1361 711; x_wconf 71' lang='grc' dir='ltr'>πίστεως,</span> <span class='ocrx_word' id='word_1_37' title='bbox 1406 643 1485 716; x_wconf 82' lang='grc' dir='ltr'>τῷ</span> <span class='ocrx_word' id='word_1_38' title='bbox 1537 643 1595 698; x_wconf 77' lang='grc' dir='ltr'>δὲ</span> <span class='ocrx_word' id='word_1_39' title='bbox 1642 643 1781 714; x_wconf 81' lang='grc' dir='ltr'>πρὸς</span> 
     </span>
    </p>
   </div>
   <div class='ocr_carea' id='block_1_8' title="bbox 182 736 1778 810">
    <p class='ocr_par' dir='ltr' id='par_1_8' title="bbox 182 736 1778 810">
     <span class='ocr_line' id='line_1_8' title="bbox 182 736 1778 810; baseline -0.004 -14"><span class='ocrx_word' id='word_1_40' title='bbox 182 741 315 805; x_wconf 77' lang='grc' dir='ltr'>τοὺς</span> <span class='ocrx_word' id='word_1_41' title='bbox 338 740 406 795; x_wconf 86' lang='grc' dir='ltr'><strong>δι’</strong></span> <span class='ocrx_word' id='word_1_42' title='bbox 440 739 607 794; x_wconf 79' lang='grc' dir='ltr'>αὐτοῦ</span> <span class='ocrx_word' id='word_1_43' title='bbox 653 739 1013 802; x_wconf 82' lang='grc' dir='ltr'><strong>πιστεύοντας</strong></span> <span class='ocrx_word' id='word_1_44' title='bbox 1038 739 1065 792; x_wconf 82' lang='grc' dir='ltr'><strong>ὁ</strong></span> <span class='ocrx_word' id='word_1_45' title='bbox 1102 736 1524 809; x_wconf 78' lang='grc' dir='ltr'><strong>μακαριώτατος</strong></span> <span class='ocrx_word' id='word_1_46' title='bbox 1553 736 1778 810; x_wconf 67' lang='grc' dir='ltr'>ἐχρῆτοθ</span> 
     </span>
    </p>
   </div>
   <div class='ocr_carea' id='block_1_9' title="bbox 181 828 1781 905">
    <p class='ocr_par' dir='ltr' id='par_1_9' title="bbox 181 828 1781 905">
     <span class='ocr_line' id='line_1_9' title="bbox 181 828 1781 905; baseline -0.001 -17"><span class='ocrx_word' id='word_1_47' title='bbox 181 835 284 891; x_wconf 78' lang='grc' dir='ltr'>καὶ</span> <span class='ocrx_word' id='word_1_48' title='bbox 309 828 397 888; x_wconf 77' lang='grc' dir='ltr'><strong>οἷα</strong></span> <span class='ocrx_word' id='word_1_49' title='bbox 455 834 556 905; x_wconf 82' lang='grc' dir='ltr'>μὲν</span> <span class='ocrx_word' id='word_1_50' title='bbox 588 832 909 899; x_wconf 80' lang='grc' dir='ltr'>ἀπόστολος,</span> <span class='ocrx_word' id='word_1_51' title='bbox 963 831 1100 903; x_wconf 81' lang='grc' dir='ltr'>πρὸς</span> <span class='ocrx_word' id='word_1_52' title='bbox 1129 830 1254 895; x_wconf 81' lang='grc' dir='ltr'>τοὺς</span> <span class='ocrx_word' id='word_1_53' title='bbox 1285 829 1667 898; x_wconf 77' lang='grc' dir='ltr'>ὲλληνίξοντας</span> <span class='ocrx_word' id='word_1_54' title='bbox 1699 831 1781 886; x_wconf 71' lang='grc' dir='ltr'>ἔτι</span> 
     </span>
    </p>
   </div>
   <div class='ocr_carea' id='block_1_10' title="bbox 180 921 1782 1000">
    <p class='ocr_par' dir='ltr' id='par_1_10' title="bbox 180 921 1782 1000">
     <span class='ocr_line' id='line_1_10' title="bbox 180 921 1782 1000; baseline -0.001 -20"><span class='ocrx_word' id='word_1_55' title='bbox 180 926 728 1000; x_wconf 75' lang='grc' dir='ltr'>παρρησιαζόμενος,</span> <span class='ocrx_word' id='word_1_56' title='bbox 783 922 1124 996; x_wconf 83' lang='grc' dir='ltr'>παρακαλῶν</span> <span class='ocrx_word' id='word_1_57' title='bbox 1151 963 1166 990; x_wconf 93' lang='grc'><strong>,</strong></span> <span class='ocrx_word' id='word_1_58' title='bbox 1206 921 1495 988; x_wconf 79' lang='grc' dir='ltr'>νουθετῶν,</span> <span class='ocrx_word' id='word_1_59' title='bbox 1539 923 1782 994; x_wconf 77' lang='grc' dir='ltr'><strong>ἐλέγχων</strong></span> 
     </span>
    </p>
   </div>
   <div class='ocr_carea' id='block_1_11' title="bbox 179 1014 1780 1089">
    <p class='ocr_par' dir='ltr' id='par_1_11' title="bbox 179 1014 1780 1089">
     <span class='ocr_line' id='line_1_11' title="bbox 179 1014 1780 1089; baseline -0.001 -18"><span class='ocrx_word' id='word_1_60' title='bbox 179 1018 287 1089; x_wconf 77' lang='grc' dir='ltr'>τὴν</span> <span class='ocrx_word' id='word_1_61' title='bbox 317 1016 597 1083; x_wconf 76' lang='grc' dir='ltr'>ἀσέϐειαν,</span> <span class='ocrx_word' id='word_1_62' title='bbox 633 1014 911 1089; x_wconf 82' lang='grc' dir='ltr'>διασύρων</span> <span class='ocrx_word' id='word_1_63' title='bbox 951 1015 1052 1086; x_wconf 81' lang='grc' dir='ltr'>τὴν</span> <span class='ocrx_word' id='word_1_64' title='bbox 1082 1015 1395 1084; x_wconf 74' lang='grc' dir='ltr'>ἀσέλγειαν,</span> <span class='ocrx_word' id='word_1_65' title='bbox 1425 1014 1780 1087; x_wconf 75' lang='grc' dir='ltr'>θριαμϐεύων</span> 
     </span>
    </p>
   </div>
   <div class='ocr_carea' id='block_1_12' title="bbox 181 1106 1783 1181">
    <p class='ocr_par' dir='ltr' id='par_1_12' title="bbox 181 1106 1783 1181">
     <span class='ocr_line' id='line_1_12' title="bbox 181 1106 1783 1181; baseline -0.004 -16"><span class='ocrx_word' id='word_1_66' title='bbox 181 1108 287 1181; x_wconf 79' lang='grc' dir='ltr'>τὴν</span> <span class='ocrx_word' id='word_1_67' title='bbox 336 1108 440 1179; x_wconf 81' lang='grc' dir='ltr'>τῆς</span> <span class='ocrx_word' id='word_1_68' title='bbox 483 1107 783 1180; x_wconf 75' lang='grc' dir='ltr'>θρησκείας</span> <span class='ocrx_word' id='word_1_69' title='bbox 836 1108 1211 1179; x_wconf 84' lang='grc' dir='ltr'>ματαιότητα,</span> <span class='ocrx_word' id='word_1_70' title='bbox 1261 1106 1783 1179; x_wconf 76' lang='grc' dir='ltr'>παραδειγματίζων</span> 
     </span>
    </p>
   </div>
   <div class='ocr_carea' id='block_1_13' title="bbox 185 1198 1785 1271">
    <p class='ocr_par' dir='ltr' id='par_1_13' title="bbox 185 1198 1785 1271">
     <span class='ocr_line' id='line_1_13' title="bbox 185 1198 1785 1271; baseline -0.003 -15"><span class='ocrx_word' id='word_1_71' title='bbox 185 1201 299 1256; x_wconf 85' lang='grc' dir='ltr'><strong>τῶν</strong></span> <span class='ocrx_word' id='word_1_72' title='bbox 347 1201 713 1271; x_wconf 76' lang='grc' dir='ltr'>σεδασμάτων</span> <span class='ocrx_word' id='word_1_73' title='bbox 752 1198 854 1271; x_wconf 84' lang='grc' dir='ltr'>τὴν</span> <span class='ocrx_word' id='word_1_74' title='bbox 897 1198 1233 1270; x_wconf 80' lang='grc' dir='ltr'>σαθρότητα,</span> <span class='ocrx_word' id='word_1_75' title='bbox 1274 1199 1785 1271; x_wconf 83' lang='grc' dir='ltr'>διαμαρτυρόμενος</span> 
     </span>
    </p>
   </div>
   <div class='ocr_carea' id='block_1_14' title="bbox 188 1290 1785 1362">
    <p class='ocr_par' dir='ltr' id='par_1_14' title="bbox 188 1290 1785 1362">
     <span class='ocr_line' id='line_1_14' title="bbox 188 1290 1785 1362; baseline -0.003 -15"><span class='ocrx_word' id='word_1_76' title='bbox 188 1292 249 1347; x_wconf 81' lang='grc' dir='ltr'>δὲ</span> <span class='ocrx_word' id='word_1_77' title='bbox 277 1291 371 1346; x_wconf 85' lang='grc' dir='ltr'><strong>τδν</strong></span> <span class='ocrx_word' id='word_1_78' title='bbox 399 1290 511 1345; x_wconf 91' lang='grc' dir='ltr'><strong>τῶν</strong></span> <span class='ocrx_word' id='word_1_79' title='bbox 543 1290 680 1346; x_wconf 85' lang='grc' dir='ltr'>ὅλων</span> <span class='ocrx_word' id='word_1_80' title='bbox 703 1291 1051 1362; x_wconf 82' lang='grc' dir='ltr'>Δημιουργὸν</span> <span class='ocrx_word' id='word_1_81' title='bbox 1085 1291 1183 1345; x_wconf 70' lang='grc' dir='ltr'>καὶ</span> <span class='ocrx_word' id='word_1_82' title='bbox 1205 1291 1439 1362; x_wconf 82' lang='grc' dir='ltr'>συνοχέα</span> <span class='ocrx_word' id='word_1_83' title='bbox 1466 1290 1622 1344; x_wconf 85' lang='grc' dir='ltr'>Θεόν.</span> <span class='ocrx_word' id='word_1_84' title='bbox 1657 1291 1785 1343; x_wconf 71' lang='grc' dir='ltr'>Διαμ-</span> 
     </span>
    </p>
   </div>
   <div class='ocr_carea' id='block_1_15' title="bbox 194 1378 1786 1454">
    <p class='ocr_par' dir='ltr' id='par_1_15' title="bbox 194 1378 1786 1454">
     <span class='ocr_line' id='line_1_15' title="bbox 194 1378 1786 1454; baseline 0.001 -21"><span class='ocrx_word' id='word_1_85' title='bbox 194 1380 608 1454; x_wconf 85' lang='grc' dir='ltr'>μαρτυρόμενος</span> <span class='ocrx_word' id='word_1_86' title='bbox 635 1380 923 1435; x_wconf 82' lang='grc' dir='ltr'>πιστεύειν</span> <span class='ocrx_word' id='word_1_87' title='bbox 943 1381 1063 1452; x_wconf 84' lang='grc' dir='ltr'><strong>Θεῷ</strong></span> <span class='ocrx_word' id='word_1_88' title='bbox 1090 1378 1258 1445; x_wconf 77' lang='grc' dir='ltr'>ζῶντι</span> <span class='ocrx_word' id='word_1_89' title='bbox 1286 1381 1380 1435; x_wconf 71' lang='grc' dir='ltr'>καὶ</span> <span class='ocrx_word' id='word_1_90' title='bbox 1403 1379 1663 1451; x_wconf 81' lang='grc' dir='ltr'><strong>ἀληθινῷ,</strong></span> <span class='ocrx_word' id='word_1_91' title='bbox 1690 1382 1786 1434; x_wconf 76' lang='grc' dir='ltr'>καὶ</span> 
     </span>
    </p>
   </div>
   <div class='ocr_carea' id='block_1_16' title="bbox 187 1471 1787 1544">
    <p class='ocr_par' dir='ltr' id='par_1_16' title="bbox 187 1471 1787 1544">
     <span class='ocr_line' id='line_1_16' title="bbox 187 1471 1787 1544; baseline 0 -19"><span class='ocrx_word' id='word_1_92' title='bbox 187 1471 271 1543; x_wconf 80' lang='grc' dir='ltr'><strong>τῷ</strong></span> <span class='ocrx_word' id='word_1_93' title='bbox 299 1472 465 1525; x_wconf 82' lang='grc' dir='ltr'>αὐτοῦ</span> <span class='ocrx_word' id='word_1_94' title='bbox 500 1471 660 1543; x_wconf 83' lang='grc' dir='ltr'>Λόγῳ</span> <span class='ocrx_word' id='word_1_95' title='bbox 720 1471 797 1536; x_wconf 82' lang='grc' dir='ltr'><strong>ὡς</strong></span> <span class='ocrx_word' id='word_1_96' title='bbox 869 1475 1111 1544; x_wconf 80' lang='grc' dir='ltr'>συμφυεῖ</span> <span class='ocrx_word' id='word_1_97' title='bbox 1164 1474 1260 1527; x_wconf 72' lang='grc' dir='ltr'>καὶ</span> <span class='ocrx_word' id='word_1_98' title='bbox 1313 1473 1655 1543; x_wconf 86' lang='grc' dir='ltr'>συνανάρχῳ,</span> <span class='ocrx_word' id='word_1_99' title='bbox 1709 1472 1787 1536; x_wconf 87' lang='grc' dir='ltr'>ὼς</span> 
     </span>
    </p>
   </div>
   <div class='ocr_carea' id='block_1_17' title="bbox 189 1562 1786 1635">
    <p class='ocr_par' dir='ltr' id='par_1_17' title="bbox 189 1562 1786 1635">
     <span class='ocr_line' id='line_1_17' title="bbox 189 1562 1786 1635; baseline -0.001 -18"><span class='ocrx_word' id='word_1_100' title='bbox 189 1562 523 1635; x_wconf 84' lang='grc' dir='ltr'>πρωτοτόκῳ</span> <span class='ocrx_word' id='word_1_101' title='bbox 579 1564 764 1634; x_wconf 82' lang='grc' dir='ltr'>πάσης</span> <span class='ocrx_word' id='word_1_102' title='bbox 803 1563 1055 1630; x_wconf 80' lang='grc' dir='ltr'>κτίσεως,</span> <span class='ocrx_word' id='word_1_103' title='bbox 1087 1562 1185 1617; x_wconf 84' lang='grc' dir='ltr'>καὶ</span> <span class='ocrx_word' id='word_1_104' title='bbox 1215 1563 1516 1631; x_wconf 83' lang='grc' dir='ltr'>Μονογενεῖ</span> <span class='ocrx_word' id='word_1_105' title='bbox 1536 1579 1551 1593; x_wconf 76' lang='grc' dir='ltr'><strong>ο</strong></span> <span class='ocrx_word' id='word_1_106' title='bbox 1582 1562 1786 1616; x_wconf 77' lang='grc' dir='ltr'>εἰδέναι</span> 
     </span>
    </p>
   </div>
   <div class='ocr_carea' id='block_1_18' title="bbox 188 1652 1786 1726">
    <p class='ocr_par' dir='ltr' id='par_1_18' title="bbox 188 1652 1786 1726">
     <span class='ocr_line' id='line_1_18' title="bbox 188 1652 1786 1726; baseline -0.003 -15"><span class='ocrx_word' id='word_1_107' title='bbox 188 1656 249 1711; x_wconf 80' lang='grc' dir='ltr'>δὲ</span> <span class='ocrx_word' id='word_1_108' title='bbox 281 1656 375 1709; x_wconf 76' lang='grc' dir='ltr'>καὶ</span> <span class='ocrx_word' id='word_1_109' title='bbox 408 1654 632 1726; x_wconf 81' lang='grc' dir='ltr'>Πνεῦμα</span> <span class='ocrx_word' id='word_1_110' title='bbox 678 1653 740 1708; x_wconf 88' lang='grc' dir='ltr'><strong>τδ</strong></span> <span class='ocrx_word' id='word_1_111' title='bbox 794 1654 951 1724; x_wconf 76' lang='grc' dir='ltr'>ἅγιον</span> <span class='ocrx_word' id='word_1_112' title='bbox 996 1654 1074 1719; x_wconf 86' lang='grc' dir='ltr'><strong>ὡς</strong></span> <span class='ocrx_word' id='word_1_113' title='bbox 1134 1653 1398 1725; x_wconf 83' lang='grc' dir='ltr'>ὁμότιμον</span> <span class='ocrx_word' id='word_1_114' title='bbox 1439 1653 1655 1715; x_wconf 82' lang='grc' dir='ltr'>τούτοις</span> <span class='ocrx_word' id='word_1_115' title='bbox 1689 1652 1786 1708; x_wconf 81' lang='grc' dir='ltr'>καὶ</span> 
     </span>
    </p>
   </div>
   <div class='ocr_carea' id='block_1_19' title="bbox 190 1742 1787 1814">
    <p class='ocr_par' dir='ltr' id='par_1_19' title="bbox 190 1742 1787 1814">
     <span class='ocr_line' id='line_1_19' title="bbox 190 1742 1787 1814; baseline -0.001 -16"><span class='ocrx_word' id='word_1_116' title='bbox 190 1744 481 1814; x_wconf 79' lang='grc' dir='ltr'>σύνθρονον</span> <span class='ocrx_word' id='word_1_117' title='bbox 532 1744 626 1797; x_wconf 78' lang='grc' dir='ltr'>καὶ</span> <span class='ocrx_word' id='word_1_118' title='bbox 655 1742 905 1814; x_wconf 76' lang='grc' dir='ltr'>συμφυές</span> <span class='ocrx_word' id='word_1_119' title='bbox 927 1760 941 1774; x_wconf 93' lang='grc'><strong>·</strong></span> <span class='ocrx_word' id='word_1_120' title='bbox 971 1743 1264 1809; x_wconf 78' lang='grc' dir='ltr'>διδάσκων,</span> <span class='ocrx_word' id='word_1_121' title='bbox 1303 1744 1401 1797; x_wconf 74' lang='grc' dir='ltr'>καὶ</span> <span class='ocrx_word' id='word_1_122' title='bbox 1448 1742 1787 1814; x_wconf 83' lang='grc' dir='ltr'>παρακαλῶν</span> 
     </span>
    </p>
   </div>
   <div class='ocr_carea' id='block_1_20' title="bbox 1885 544 3470 618">
    <p class='ocr_par' dir='ltr' id='par_1_20' title="bbox 1885 544 3470 618">
     <span class='ocr_line' id='line_1_20' title="bbox 1885 544 3470 618; baseline 0 -18"><span class='ocrx_word' id='word_1_123' title='bbox 1885 544 1993 600; x_wconf 93' lang='lat' dir='ltr'><strong>lico</strong></span> <span class='ocrx_word' id='word_1_124' title='bbox 2014 545 2230 601; x_wconf 90' lang='lat' dir='ltr'><strong>scilicet</strong></span> <span class='ocrx_word' id='word_1_125' title='bbox 2259 552 2315 601; x_wconf 94' lang='lat' dir='ltr'><strong>et</strong></span> <span class='ocrx_word' id='word_1_126' title='bbox 2335 544 2682 602; x_wconf 88' lang='lat' dir='ltr'><strong>bierarchico</strong></span> <span class='ocrx_word' id='word_1_127' title='bbox 2700 559 2797 602; x_wconf 88' lang='lat' dir='ltr'><strong>seu</strong></span> <span class='ocrx_word' id='word_1_128' title='bbox 2823 544 3128 618; x_wconf 87' lang='lat' dir='ltr'><strong>pontiﬁcio)</strong></span> <span class='ocrx_word' id='word_1_129' title='bbox 3159 545 3433 616; x_wconf 79' lang='lat' dir='ltr'><strong>perlectus</strong></span> <span class='ocrx_word' id='word_1_130' title='bbox 3452 584 3470 613; x_wconf 91' lang='lat'><strong>,</strong></span> 
     </span>
    </p>
   </div>
   <div class='ocr_carea' id='block_1_21' title="bbox 1883 636 3472 710">
    <p class='ocr_par' dir='ltr' id='par_1_21' title="bbox 1883 636 3472 710">
     <span class='ocr_line' id='line_1_21' title="bbox 1883 636 3472 710; baseline -0.001 -17"><span class='ocrx_word' id='word_1_131' title='bbox 1883 638 2055 694; x_wconf 89' lang='lat' dir='ltr'><strong>altero</strong></span> <span class='ocrx_word' id='word_1_132' title='bbox 2085 637 2305 708; x_wconf 86' lang='lat' dir='ltr'><strong>quidem</strong></span> <span class='ocrx_word' id='word_1_133' title='bbox 2333 638 2417 693; x_wconf 88' lang='lat' dir='ltr'><strong>vir</strong></span> <span class='ocrx_word' id='word_1_134' title='bbox 2448 638 2803 695; x_wconf 77' lang='lat' dir='ltr'><strong>beatissimus</strong></span> <span class='ocrx_word' id='word_1_135' title='bbox 2823 654 2946 710; x_wconf 82' lang='lat' dir='ltr'><strong>erga</strong></span> <span class='ocrx_word' id='word_1_136' title='bbox 2982 654 3079 695; x_wconf 89' lang='lat' dir='ltr'><strong>eos</strong></span> <span class='ocrx_word' id='word_1_137' title='bbox 3105 639 3357 694; x_wconf 89' lang='lat' dir='ltr'><strong>utebatur</strong></span> <span class='ocrx_word' id='word_1_138' title='bbox 3376 636 3472 709; x_wconf 91' lang='lat' dir='ltr'><strong>qui</strong></span> 
     </span>
    </p>
   </div>
   <div class='ocr_carea' id='block_1_22' title="bbox 1883 730 3471 802">
    <p class='ocr_par' dir='ltr' id='par_1_22' title="bbox 1883 730 3471 802">
     <span class='ocr_line' id='line_1_22' title="bbox 1883 730 3471 802; baseline 0 -17"><span class='ocrx_word' id='word_1_139' title='bbox 1883 738 2134 785; x_wconf 80' lang='lat' dir='ltr'><strong>extranei</strong></span> <span class='ocrx_word' id='word_1_140' title='bbox 2162 745 2193 785; x_wconf 88' lang='lat' dir='ltr'><strong>a</strong></span> <span class='ocrx_word' id='word_1_141' title='bbox 2232 730 2337 786; x_wconf 79' lang='lat' dir='ltr'><strong>ﬁde</strong></span> <span class='ocrx_word' id='word_1_142' title='bbox 2361 740 2519 787; x_wconf 89' lang='lat' dir='ltr'><strong>erant</strong></span> <span class='ocrx_word' id='word_1_143' title='bbox 2539 772 2553 797; x_wconf 92' lang='lat'><strong>,</strong></span> <span class='ocrx_word' id='word_1_144' title='bbox 2595 732 2769 787; x_wconf 87' lang='lat' dir='ltr'><strong>altero</strong></span> <span class='ocrx_word' id='word_1_145' title='bbox 2791 732 2845 786; x_wconf 91' lang='lat' dir='ltr'><strong>in</strong></span> <span class='ocrx_word' id='word_1_146' title='bbox 2869 747 2985 798; x_wconf 88' lang='lat' dir='ltr'><strong>eos,</strong></span> <span class='ocrx_word' id='word_1_147' title='bbox 3010 732 3101 801; x_wconf 89' lang='lat' dir='ltr'><strong>qui</strong></span> <span class='ocrx_word' id='word_1_148' title='bbox 3132 731 3280 787; x_wconf 86' lang='lat' dir='ltr'><strong>illius</strong></span> <span class='ocrx_word' id='word_1_149' title='bbox 3304 744 3471 802; x_wconf 81' lang='lat' dir='ltr'><strong>opera</strong></span> 
     </span>
    </p>
   </div>
   <div class='ocr_carea' id='block_1_23' title="bbox 1882 819 3468 893">
    <p class='ocr_par' dir='ltr' id='par_1_23' title="bbox 1882 819 3468 893">
     <span class='ocr_line' id='line_1_23' title="bbox 1882 819 3468 893; baseline 0.002 -19"><span class='ocrx_word' id='word_1_150' title='bbox 1882 820 1951 874; x_wconf 91' lang='lat' dir='ltr'><strong>ad</strong></span> <span class='ocrx_word' id='word_1_151' title='bbox 2007 819 2168 876; x_wconf 76' lang='lat' dir='ltr'><strong>[idem</strong></span> <span class='ocrx_word' id='word_1_152' title='bbox 2216 822 2625 887; x_wconf 87' lang='lat' dir='ltr'><strong>accessissent;</strong></span> <span class='ocrx_word' id='word_1_153' title='bbox 2681 836 2766 887; x_wconf 90' lang='lat' dir='ltr'><strong>ac,</strong></span> <span class='ocrx_word' id='word_1_154' title='bbox 2814 837 2912 893; x_wconf 90' lang='lat' dir='ltr'><strong>pro</strong></span> <span class='ocrx_word' id='word_1_155' title='bbox 2961 822 3194 892; x_wconf 88' lang='lat' dir='ltr'><strong>apostoli</strong></span> <span class='ocrx_word' id='word_1_156' title='bbox 3245 823 3468 890; x_wconf 89' lang='lat' dir='ltr'><strong>quidem</strong></span> 
     </span>
    </p>
   </div>
   <div class='ocr_carea' id='block_1_24' title="bbox 1883 912 3465 985">
    <p class='ocr_par' dir='ltr' id='par_1_24' title="bbox 1883 912 3465 985">
     <span class='ocr_line' id='line_1_24' title="bbox 1883 912 3465 985; baseline 0.003 -20"><span class='ocrx_word' id='word_1_157' title='bbox 1883 927 2135 980; x_wconf 90' lang='lat' dir='ltr'><strong>munere,</strong></span> <span class='ocrx_word' id='word_1_158' title='bbox 2179 913 2246 968; x_wconf 91' lang='lat' dir='ltr'><strong>ad</strong></span> <span class='ocrx_word' id='word_1_159' title='bbox 2272 929 2369 970; x_wconf 90' lang='lat' dir='ltr'><strong>eos</strong></span> <span class='ocrx_word' id='word_1_160' title='bbox 2399 913 2493 985; x_wconf 90' lang='lat' dir='ltr'><strong>qui</strong></span> <span class='ocrx_word' id='word_1_161' title='bbox 2521 912 2840 969; x_wconf 60' lang='lat' dir='ltr'><strong>Graecanico</strong></span> <span class='ocrx_word' id='word_1_162' title='bbox 2871 913 3051 968; x_wconf 86' lang='lat' dir='ltr'><strong>adhuc</strong></span> <span class='ocrx_word' id='word_1_163' title='bbox 3088 928 3280 969; x_wconf 90' lang='lat' dir='ltr'><strong>errore</strong></span> <span class='ocrx_word' id='word_1_164' title='bbox 3311 921 3465 969; x_wconf 90' lang='lat' dir='ltr'><strong>tene-</strong></span> 
     </span>
    </p>
   </div>
   <div class='ocr_carea' id='block_1_25' title="bbox 1886 1005 3474 1077">
    <p class='ocr_par' dir='ltr' id='par_1_25' title="bbox 1886 1005 3474 1077">
     <span class='ocr_line' id='line_1_25' title="bbox 1886 1005 3474 1077; baseline 0.003 -21"><span class='ocrx_word' id='word_1_165' title='bbox 1886 1010 2080 1058; x_wconf 85' lang='lat' dir='ltr'><strong>rentur</strong></span> <span class='ocrx_word' id='word_1_166' title='bbox 2118 1005 2352 1074; x_wconf 91' lang='lat' dir='ltr'><strong>loquens</strong></span> <span class='ocrx_word' id='word_1_167' title='bbox 2398 1005 2595 1072; x_wconf 85' lang='lat' dir='ltr'><strong>libere,</strong></span> <span class='ocrx_word' id='word_1_168' title='bbox 2633 1006 2958 1069; x_wconf 84' lang='lat' dir='ltr'><strong>obsecrans,</strong></span> <span class='ocrx_word' id='word_1_169' title='bbox 3011 1006 3329 1077; x_wconf 80' lang='lat' dir='ltr'><strong>increpans,</strong></span> <span class='ocrx_word' id='word_1_170' title='bbox 3377 1021 3474 1061; x_wconf 91' lang='lat' dir='ltr'><strong>ar-</strong></span> 
     </span>
    </p>
   </div>
   <div class='ocr_carea' id='block_1_26' title="bbox 1885 1095 3474 1166">
    <p class='ocr_par' dir='ltr' id='par_1_26' title="bbox 1885 1095 3474 1166">
     <span class='ocr_line' id='line_1_26' title="bbox 1885 1095 3474 1166; baseline 0.001 -19"><span class='ocrx_word' id='word_1_171' title='bbox 1885 1109 2058 1165; x_wconf 88' lang='lat' dir='ltr'><strong>guens</strong></span> <span class='ocrx_word' id='word_1_172' title='bbox 2084 1095 2448 1165; x_wconf 86' lang='lat' dir='ltr'><strong>impietatem,</strong></span> <span class='ocrx_word' id='word_1_173' title='bbox 2481 1095 2887 1166; x_wconf 84' lang='lat' dir='ltr'><strong>impudicitiam</strong></span> <span class='ocrx_word' id='word_1_174' title='bbox 2932 1109 3225 1161; x_wconf 88' lang='lat' dir='ltr'><strong>accusans,</strong></span> <span class='ocrx_word' id='word_1_175' title='bbox 3276 1108 3474 1164; x_wconf 87' lang='lat' dir='ltr'><strong>super-</strong></span> 
     </span>
    </p>
   </div>
   <div class='ocr_carea' id='block_1_27' title="bbox 1886 1185 3472 1246">
    <p class='ocr_par' dir='ltr' id='par_1_27' title="bbox 1886 1185 3472 1246">
     <span class='ocr_line' id='line_1_27' title="bbox 1886 1185 3472 1246; baseline -0.002 -4"><span class='ocrx_word' id='word_1_176' title='bbox 1886 1185 2131 1242; x_wconf 89' lang='lat' dir='ltr'><strong>stitionis</strong></span> <span class='ocrx_word' id='word_1_177' title='bbox 2153 1187 2451 1242; x_wconf 85' lang='lat' dir='ltr'><strong>vanitatem</strong></span> <span class='ocrx_word' id='word_1_178' title='bbox 2477 1186 2795 1246; x_wconf 85' lang='lat' dir='ltr'><strong>traducens,</strong></span> <span class='ocrx_word' id='word_1_179' title='bbox 2820 1185 3109 1239; x_wconf 88' lang='lat' dir='ltr'><strong>numinum</strong></span> <span class='ocrx_word' id='word_1_180' title='bbox 3132 1185 3472 1240; x_wconf 84' lang='lat' dir='ltr'><strong>debilitatem</strong></span> 
     </span>
    </p>
   </div>
   <div class='ocr_carea' id='block_1_28' title="bbox 1886 1277 3475 1350">
    <p class='ocr_par' dir='ltr' id='par_1_28' title="bbox 1886 1277 3475 1350">
     <span class='ocr_line' id='line_1_28' title="bbox 1886 1277 3475 1350; baseline -0.001 -16"><span class='ocrx_word' id='word_1_181' title='bbox 1886 1279 2225 1350; x_wconf 83' lang='lat' dir='ltr'><strong>suggillans;</strong></span> <span class='ocrx_word' id='word_1_182' title='bbox 2270 1280 2766 1349; x_wconf 88' lang='lat' dir='ltr'><strong>universorumque</strong></span> <span class='ocrx_word' id='word_1_183' title='bbox 2800 1277 3112 1333; x_wconf 83' lang='lat' dir='ltr'><strong>Creatorem</strong></span> <span class='ocrx_word' id='word_1_184' title='bbox 3150 1286 3205 1333; x_wconf 88' lang='lat' dir='ltr'><strong>et</strong></span> <span class='ocrx_word' id='word_1_185' title='bbox 3248 1293 3475 1333; x_wconf 89' lang='lat' dir='ltr'><strong>conser-</strong></span> 
     </span>
    </p>
   </div>
   <div class='ocr_carea' id='block_1_29' title="bbox 1886 1369 3473 1431">
    <p class='ocr_par' dir='ltr' id='par_1_29' title="bbox 1886 1369 3473 1431">
     <span class='ocr_line' id='line_1_29' title="bbox 1886 1369 3473 1431; baseline 0.001 -8"><span class='ocrx_word' id='word_1_186' title='bbox 1886 1376 2132 1425; x_wconf 89' lang='lat' dir='ltr'><strong>vatorcm</strong></span> <span class='ocrx_word' id='word_1_187' title='bbox 2192 1369 2367 1426; x_wconf 91' lang='lat' dir='ltr'><strong>Deum</strong></span> <span class='ocrx_word' id='word_1_188' title='bbox 2422 1380 2762 1431; x_wconf 84' lang='lat' dir='ltr'><strong>contestans.</strong></span> <span class='ocrx_word' id='word_1_189' title='bbox 2821 1369 3153 1426; x_wconf 85' lang='lat' dir='ltr'><strong>Contestans</strong></span> <span class='ocrx_word' id='word_1_190' title='bbox 3211 1369 3473 1424; x_wconf 86' lang='lat' dir='ltr'><strong>nimirum</strong></span> 
     </span>
    </p>
   </div>
   <div class='ocr_carea' id='block_1_30' title="bbox 1888 1458 3472 1532">
    <p class='ocr_par' dir='ltr' id='par_1_30' title="bbox 1888 1458 3472 1532">
     <span class='ocr_line' id='line_1_30' title="bbox 1888 1458 3472 1532; baseline 0.001 -19"><span class='ocrx_word' id='word_1_191' title='bbox 1888 1458 2001 1515; x_wconf 90' lang='lat' dir='ltr'><strong>Deo</strong></span> <span class='ocrx_word' id='word_1_192' title='bbox 2024 1462 2147 1517; x_wconf 91' lang='lat' dir='ltr'><strong>vivo</strong></span> <span class='ocrx_word' id='word_1_193' title='bbox 2184 1478 2249 1518; x_wconf 89' lang='lat' dir='ltr'><strong>ac</strong></span> <span class='ocrx_word' id='word_1_194' title='bbox 2270 1478 2401 1519; x_wconf 78' lang='lat' dir='ltr'><strong>vero</strong></span> <span class='ocrx_word' id='word_1_195' title='bbox 2431 1463 2680 1525; x_wconf 86' lang='lat' dir='ltr'><strong>credere,</strong></span> <span class='ocrx_word' id='word_1_196' title='bbox 2711 1462 2946 1532; x_wconf 81' lang='lat' dir='ltr'><strong>ejusque</strong></span> <span class='ocrx_word' id='word_1_197' title='bbox 2971 1459 3177 1528; x_wconf 89' lang='lat' dir='ltr'><strong>Verbo,</strong></span> <span class='ocrx_word' id='word_1_198' title='bbox 3225 1461 3472 1531; x_wconf 85' lang='lat' dir='ltr'><strong>ejusdem</strong></span> 
     </span>
    </p>
   </div>
   <div class='ocr_carea' id='block_1_31' title="bbox 1888 1552 3468 1634">
    <p class='ocr_par' dir='ltr' id='par_1_31' title="bbox 1888 1552 3468 1634">
     <span class='ocr_line' id='line_1_31' title="bbox 1888 1552 3468 1634; baseline -0.001 -27"><span class='ocrx_word' id='word_1_199' title='bbox 1888 1552 2104 1607; x_wconf 86' lang='lat' dir='ltr'><strong>scilicet</strong></span> <span class='ocrx_word' id='word_1_200' title='bbox 2133 1569 2198 1634; x_wconf 86' lang='lat' dir='ltr'><strong>ac</strong></span> <span class='ocrx_word' id='word_1_201' title='bbox 2231 1553 2323 1609; x_wconf 90' lang='lat' dir='ltr'><strong>ille</strong></span> <span class='ocrx_word' id='word_1_202' title='bbox 2354 1560 2592 1618; x_wconf 65' lang='lat' dir='ltr'><strong>naturae,</strong></span> <span class='ocrx_word' id='word_1_203' title='bbox 2623 1568 2685 1608; x_wconf 91' lang='lat' dir='ltr'><strong>ac</strong></span> <span class='ocrx_word' id='word_1_204' title='bbox 2718 1561 3021 1617; x_wconf 72' lang='lat' dir='ltr'><strong>coteterno,</strong></span> <span class='ocrx_word' id='word_1_205' title='bbox 3052 1564 3313 1620; x_wconf 75' lang='lat' dir='ltr'><strong>tanquam</strong></span> <span class='ocrx_word' id='word_1_206' title='bbox 3348 1552 3468 1621; x_wconf 82' lang='lat' dir='ltr'><strong>pri—</strong></span> 
     </span>
    </p>
   </div>
   <div class='ocr_carea' id='block_1_32' title="bbox 1888 1645 3476 1719">
    <p class='ocr_par' dir='ltr' id='par_1_32' title="bbox 1888 1645 3476 1719">
     <span class='ocr_line' id='line_1_32' title="bbox 1888 1645 3476 1719; baseline 0 -18"><span class='ocrx_word' id='word_1_207' title='bbox 1888 1647 2168 1719; x_wconf 80' lang='lat' dir='ltr'><strong>mogenita</strong></span> <span class='ocrx_word' id='word_1_208' title='bbox 2212 1648 2397 1703; x_wconf 90' lang='lat' dir='ltr'><strong>omnis</strong></span> <span class='ocrx_word' id='word_1_209' title='bbox 2441 1652 2713 1703; x_wconf 70' lang='lat' dir='ltr'><strong>creatum</strong></span> <span class='ocrx_word' id='word_1_210' title='bbox 2745 1647 2816 1709; x_wconf 73' lang='grc'><strong>⁸⁸.</strong></span> <span class='ocrx_word' id='word_1_211' title='bbox 2849 1655 2905 1702; x_wconf 91' lang='lat' dir='ltr'><strong>et</strong></span> <span class='ocrx_word' id='word_1_212' title='bbox 2941 1646 3257 1717; x_wconf 89' lang='lat' dir='ltr'><strong>Unigenito.</strong></span> <span class='ocrx_word' id='word_1_213' title='bbox 3318 1645 3476 1701; x_wconf 88' lang='lat' dir='ltr'><strong>Scire</strong></span> 
     </span>
    </p>
   </div>
   <div class='ocr_carea' id='block_1_33' title="bbox 1888 1739 3475 1811">
    <p class='ocr_par' dir='ltr' id='par_1_33' title="bbox 1888 1739 3475 1811">
     <span class='ocr_line' id='line_1_33' title="bbox 1888 1739 3475 1811; baseline -0.001 -17"><span class='ocrx_word' id='word_1_214' title='bbox 1888 1755 2021 1795; x_wconf 89' lang='lat' dir='ltr'><strong>vero</strong></span> <span class='ocrx_word' id='word_1_215' title='bbox 2078 1742 2241 1796; x_wconf 90' lang='lat' dir='ltr'><strong>etiam</strong></span> <span class='ocrx_word' id='word_1_216' title='bbox 2302 1739 2570 1811; x_wconf 73' lang='lat' dir='ltr'><strong>Spiritum</strong></span> <span class='ocrx_word' id='word_1_217' title='bbox 2624 1750 2897 1803; x_wconf 87' lang='lat' dir='ltr'><strong>sanctum,</strong></span> <span class='ocrx_word' id='word_1_218' title='bbox 2953 1747 3217 1808; x_wconf 86' lang='lat' dir='ltr'><strong>tanquam</strong></span> <span class='ocrx_word' id='word_1_219' title='bbox 3258 1739 3373 1809; x_wconf 88' lang='lat' dir='ltr'><strong>pari</strong></span> <span class='ocrx_word' id='word_1_220' title='bbox 3410 1751 3475 1792; x_wconf 90' lang='lat' dir='ltr'><strong>ac</strong></span> 
     </span>
    </p>
   </div>
   <div class='ocr_carea' id='block_1_34' title="bbox 186 1824 1783 1910">
    <p class='ocr_par' dir='ltr' id='par_1_34' title="bbox 186 1834 1783 1907">
     <span class='ocr_line' id='line_1_34' title="bbox 186 1834 1783 1907; baseline -0.001 -19"><span class='ocrx_word' id='word_1_221' title='bbox 186 1834 468 1889; x_wconf 85' lang='grc' dir='ltr'>πιστεύειν</span> <span class='ocrx_word' id='word_1_222' title='bbox 499 1835 595 1889; x_wconf 80' lang='grc' dir='ltr'>καὶ</span> <span class='ocrx_word' id='word_1_223' title='bbox 629 1837 983 1907; x_wconf 80' lang='grc' dir='ltr'>προσκυνεῖν,</span> <span class='ocrx_word' id='word_1_224' title='bbox 1026 1834 1249 1906; x_wconf 81' lang='grc' dir='ltr'>Πατέρα</span> <span class='ocrx_word' id='word_1_225' title='bbox 1287 1836 1388 1906; x_wconf 83' lang='grc' dir='ltr'>μὲν</span> <span class='ocrx_word' id='word_1_226' title='bbox 1432 1834 1510 1898; x_wconf 84' lang='grc' dir='ltr'>ὡς</span> <span class='ocrx_word' id='word_1_227' title='bbox 1553 1834 1783 1906; x_wconf 74' lang='grc' dir='ltr'>ἀγέννη-</span> 
     </span>
    </p>
   </div>
   <div class='ocr_carea' id='block_1_35' title="bbox 1885 1824 3477 1910">
    <p class='ocr_par' dir='ltr' id='par_1_35' title="bbox 1889 1828 3477 1910">
     <span class='ocr_line' id='line_1_35' title="bbox 1889 1828 3477 1910; baseline -0.003 -24"><span class='ocrx_word' id='word_1_228' title='bbox 1889 1831 1965 1886; x_wconf 90' lang='lat' dir='ltr'><strong>illi</strong></span> <span class='ocrx_word' id='word_1_229' title='bbox 2023 1833 2232 1886; x_wconf 85' lang='lat' dir='ltr'><strong>honore</strong></span> <span class='ocrx_word' id='word_1_230' title='bbox 2285 1837 2338 1886; x_wconf 87' lang='lat' dir='ltr'><strong>et</strong></span> <span class='ocrx_word' id='word_1_231' title='bbox 2382 1830 2685 1901; x_wconf 88' lang='lat' dir='ltr'><strong>dignitate,</strong></span> <span class='ocrx_word' id='word_1_232' title='bbox 2748 1831 3051 1910; x_wconf 80' lang='lat' dir='ltr'><strong>eademque</strong></span> <span class='ocrx_word' id='word_1_233' title='bbox 3103 1830 3233 1885; x_wconf 86' lang='lat' dir='ltr'><strong>sede</strong></span> <span class='ocrx_word' id='word_1_234' title='bbox 3297 1828 3477 1884; x_wconf 88' lang='lat' dir='ltr'><strong>subli-</strong></span> 
     </span>
    </p>
   </div>
   <div class='ocr_carea' id='block_1_36' title="bbox 181 1925 1789 1999">
    <p class='ocr_par' dir='ltr' id='par_1_36' title="bbox 181 1925 1789 1999">
     <span class='ocr_line' id='line_1_36' title="bbox 181 1925 1789 1999; baseline 0 -20"><span class='ocrx_word' id='word_1_235' title='bbox 181 1944 280 1980; x_wconf 91' lang='grc' dir='ltr'><strong>τον</strong></span> <span class='ocrx_word' id='word_1_236' title='bbox 304 1927 399 1980; x_wconf 71' lang='grc' dir='ltr'>καὶ</span> <span class='ocrx_word' id='word_1_237' title='bbox 419 1926 531 1981; x_wconf 89' lang='grc' dir='ltr'><strong>τῶν</strong></span> <span class='ocrx_word' id='word_1_238' title='bbox 564 1926 702 1982; x_wconf 79' lang='grc' dir='ltr'>ὅλων</span> <span class='ocrx_word' id='word_1_239' title='bbox 730 1927 930 1992; x_wconf 77' lang='grc' dir='ltr'>αἴτιον,</span> <span class='ocrx_word' id='word_1_240' title='bbox 967 1926 1063 1981; x_wconf 75' lang='grc' dir='ltr'><strong>καὶ</strong></span> <span class='ocrx_word' id='word_1_241' title='bbox 1096 1926 1457 1999; x_wconf 90' lang='grc' dir='ltr'>προάναρχον</span> <span class='ocrx_word' id='word_1_242' title='bbox 1482 1925 1591 1979; x_wconf 91' lang='grc' dir='ltr'><strong>τῶν</strong></span> <span class='ocrx_word' id='word_1_243' title='bbox 1616 1925 1789 1979; x_wconf 76' lang='grc' dir='ltr'>ὄντων</span> 
     </span>
    </p>
   </div>
   <div class='ocr_carea' id='block_1_37' title="bbox 181 2014 1789 2091">
    <p class='ocr_par' dir='ltr' id='par_1_37' title="bbox 181 2014 1789 2091">
     <span class='ocr_line' id='line_1_37' title="bbox 181 2014 1789 2091; baseline -0.002 -19"><span class='ocrx_word' id='word_1_244' title='bbox 181 2018 407 2073; x_wconf 81' lang='grc' dir='ltr'>πάντων</span> <span class='ocrx_word' id='word_1_245' title='bbox 446 2019 622 2091; x_wconf 78' lang='grc' dir='ltr'>ἀρχήν</span> <span class='ocrx_word' id='word_1_246' title='bbox 643 2036 657 2049; x_wconf 75' lang='grc' dir='ltr'><strong>ο</strong></span> <span class='ocrx_word' id='word_1_247' title='bbox 694 2017 827 2073; x_wconf 83' lang='grc' dir='ltr'>Υἱδν</span> <span class='ocrx_word' id='word_1_248' title='bbox 850 2018 929 2080; x_wconf 77' lang='grc' dir='ltr'>δὲ,</span> <span class='ocrx_word' id='word_1_249' title='bbox 960 2016 1036 2081; x_wconf 82' lang='grc' dir='ltr'><strong>ὡς</strong></span> <span class='ocrx_word' id='word_1_250' title='bbox 1090 2019 1156 2071; x_wconf 81' lang='grc' dir='ltr'>ὲκ</span> <span class='ocrx_word' id='word_1_251' title='bbox 1206 2016 1302 2071; x_wconf 91' lang='grc' dir='ltr'><strong>τοῦ</strong></span> <span class='ocrx_word' id='word_1_252' title='bbox 1337 2017 1549 2088; x_wconf 77' lang='grc' dir='ltr'>[ἰατρὸς</span> <span class='ocrx_word' id='word_1_253' title='bbox 1583 2014 1789 2086; x_wconf 83' lang='grc' dir='ltr'>γεννώ-</span> 
     </span>
    </p>
   </div>
   <div class='ocr_carea' id='block_1_38' title="bbox 188 2105 1789 2180">
    <p class='ocr_par' dir='ltr' id='par_1_38' title="bbox 188 2105 1789 2180">
     <span class='ocr_line' id='line_1_38' title="bbox 188 2105 1789 2180; baseline -0.001 -18"><span class='ocrx_word' id='word_1_254' title='bbox 188 2126 354 2180; x_wconf 83' lang='grc' dir='ltr'>μενον</span> <span class='ocrx_word' id='word_1_255' title='bbox 387 2109 738 2180; x_wconf 85' lang='grc' dir='ltr'>προαιωνίως</span> <span class='ocrx_word' id='word_1_256' title='bbox 789 2110 886 2164; x_wconf 74' lang='grc' dir='ltr'>καὶ</span> <span class='ocrx_word' id='word_1_257' title='bbox 931 2107 1298 2178; x_wconf 69' lang='grc' dir='ltr'><strong>ὐτιερουιτίως⁹</strong></span> <span class='ocrx_word' id='word_1_258' title='bbox 1345 2108 1443 2162; x_wconf 62' lang='grc' dir='ltr'><strong>καὶ⁸</strong></span> <span class='ocrx_word' id='word_1_259' title='bbox 1474 2107 1700 2178; x_wconf 82' lang='grc' dir='ltr'>Πνεῦμα</span> <span class='ocrx_word' id='word_1_260' title='bbox 1731 2105 1789 2161; x_wconf 79' lang='grc' dir='ltr'>δὲ</span> 
     </span>
    </p>
   </div>
   <div class='ocr_carea' id='block_1_39' title="bbox 184 2195 1790 2268">
    <p class='ocr_par' dir='ltr' id='par_1_39' title="bbox 184 2195 1790 2268">
     <span class='ocr_line' id='line_1_39' title="bbox 184 2195 1790 2268; baseline -0.002 -17"><span class='ocrx_word' id='word_1_261' title='bbox 184 2200 252 2252; x_wconf 81' lang='grc' dir='ltr'>τὸ</span> <span class='ocrx_word' id='word_1_262' title='bbox 279 2200 455 2268; x_wconf 67' lang='grc' dir='ltr'>ἅγιον,</span> <span class='ocrx_word' id='word_1_263' title='bbox 488 2200 563 2263; x_wconf 83' lang='grc' dir='ltr'>ὡς</span> <span class='ocrx_word' id='word_1_264' title='bbox 588 2201 652 2252; x_wconf 69' lang='grc' dir='ltr'>ἑκ</span> <span class='ocrx_word' id='word_1_265' title='bbox 672 2200 772 2267; x_wconf 82' lang='grc' dir='ltr'>τῆς</span> <span class='ocrx_word' id='word_1_266' title='bbox 804 2197 981 2268; x_wconf 80' lang='grc' dir='ltr'>αὐτῆς</span> <span class='ocrx_word' id='word_1_267' title='bbox 1006 2198 1189 2261; x_wconf 74' lang='grc' dir='ltr'>αἰτίας</span> <span class='ocrx_word' id='word_1_268' title='bbox 1210 2198 1607 2268; x_wconf 84' lang='grc' dir='ltr'>ύπερανάρχως</span> <span class='ocrx_word' id='word_1_269' title='bbox 1630 2195 1790 2263; x_wconf 82' lang='grc' dir='ltr'>ὲξαλ-</span> 
     </span>
    </p>
   </div>
   <div class='ocr_carea' id='block_1_40' title="bbox 184 2282 1790 2364">
    <p class='ocr_par' dir='ltr' id='par_1_40' title="bbox 184 2282 1790 2364">
     <span class='ocr_line' id='line_1_40' title="bbox 184 2282 1790 2364; baseline -0.001 -20"><span class='ocrx_word' id='word_1_270' title='bbox 184 2282 439 2361; x_wconf 81' lang='grc' dir='ltr'>λόμενον.</span> <span class='ocrx_word' id='word_1_271' title='bbox 473 2288 765 2362; x_wconf 90' lang='grc' dir='ltr'>Παραινῶν</span> <span class='ocrx_word' id='word_1_272' title='bbox 790 2288 846 2343; x_wconf 80' lang='grc' dir='ltr'>δὲ</span> <span class='ocrx_word' id='word_1_273' title='bbox 877 2290 975 2343; x_wconf 71' lang='grc' dir='ltr'><strong>καὶ</strong></span> <span class='ocrx_word' id='word_1_274' title='bbox 1003 2288 1468 2361; x_wconf 84' lang='grc' dir='ltr'>παρεγγυώμενος</span> <span class='ocrx_word' id='word_1_275' title='bbox 1501 2288 1597 2364; x_wconf 80' lang='grc' dir='ltr'><strong>ὅλῃ</strong></span> <span class='ocrx_word' id='word_1_276' title='bbox 1627 2288 1790 2343; x_wconf 85' lang='grc' dir='ltr'>δυνά-</span> 
     </span>
    </p>
   </div>
   <div class='ocr_carea' id='block_1_41' title="bbox 185 2380 1787 2454">
    <p class='ocr_par' dir='ltr' id='par_1_41' title="bbox 185 2380 1787 2454">
     <span class='ocr_line' id='line_1_41' title="bbox 185 2380 1787 2454; baseline 0.001 -20"><span class='ocrx_word' id='word_1_277' title='bbox 185 2399 282 2452; x_wconf 82' lang='grc' dir='ltr'><strong>μει</strong></span> <span class='ocrx_word' id='word_1_278' title='bbox 315 2382 410 2435; x_wconf 76' lang='grc' dir='ltr'>καὶ</span> <span class='ocrx_word' id='word_1_279' title='bbox 435 2381 531 2436; x_wconf 91' lang='grc' dir='ltr'><strong>τοῦ</strong></span> <span class='ocrx_word' id='word_1_280' title='bbox 563 2382 682 2447; x_wconf 80' lang='grc' dir='ltr'>ἐνὸς</span> <span class='ocrx_word' id='word_1_281' title='bbox 713 2380 815 2452; x_wconf 81' lang='grc' dir='ltr'>τῆς</span> <span class='ocrx_word' id='word_1_282' title='bbox 856 2382 1185 2454; x_wconf 87' lang='grc' dir='ltr'>ύπερουσίου</span> <span class='ocrx_word' id='word_1_283' title='bbox 1222 2380 1429 2452; x_wconf 81' lang='grc' dir='ltr'>ταύτης</span> <span class='ocrx_word' id='word_1_284' title='bbox 1459 2382 1556 2437; x_wconf 80' lang='grc' dir='ltr'>καὶ</span> <span class='ocrx_word' id='word_1_285' title='bbox 1585 2399 1787 2454; x_wconf 82' lang='grc' dir='ltr'>μοναρ-</span> 
     </span>
    </p>
   </div>
   <div class='ocr_carea' id='block_1_42' title="bbox 179 2472 1783 2545">
    <p class='ocr_par' dir='ltr' id='par_1_42' title="bbox 179 2472 1783 2545">
     <span class='ocr_line' id='line_1_42' title="bbox 179 2472 1783 2545; baseline 0.001 -20"><span class='ocrx_word' id='word_1_286' title='bbox 179 2473 351 2543; x_wconf 82' lang='grc' dir='ltr'>χικῆς</span> <span class='ocrx_word' id='word_1_287' title='bbox 390 2473 622 2545; x_wconf 80' lang='grc' dir='ltr'>Τριάδος</span> <span class='ocrx_word' id='word_1_288' title='bbox 652 2474 754 2543; x_wconf 84' lang='grc' dir='ltr'>τὴν</span> <span class='ocrx_word' id='word_1_289' title='bbox 777 2472 1163 2544; x_wconf 76' lang='grc' dir='ltr'>φιλάνθρωπον</span> <span class='ocrx_word' id='word_1_290' title='bbox 1194 2473 1427 2526; x_wconf 78' lang='grc' dir='ltr'>κένωσιν</span> <span class='ocrx_word' id='word_1_291' title='bbox 1458 2472 1783 2541; x_wconf 70' lang='grc' dir='ltr'>ἐπιγνῶναι,</span> 
     </span>
    </p>
   </div>
   <div class='ocr_carea' id='block_1_43' title="bbox 180 2561 1785 2636">
    <p class='ocr_par' dir='ltr' id='par_1_43' title="bbox 180 2561 1785 2636">
     <span class='ocr_line' id='line_1_43' title="bbox 180 2561 1785 2636; baseline -0.001 -18"><span class='ocrx_word' id='word_1_292' title='bbox 180 2564 283 2618; x_wconf 84' lang='grc' dir='ltr'>καὶ</span> <span class='ocrx_word' id='word_1_293' title='bbox 318 2561 414 2616; x_wconf 87' lang='grc' dir='ltr'><strong>τοῦ</strong></span> <span class='ocrx_word' id='word_1_294' title='bbox 448 2562 588 2618; x_wconf 83' lang='grc' dir='ltr'>Θεοῦ</span> <span class='ocrx_word' id='word_1_295' title='bbox 616 2563 794 2633; x_wconf 82' lang='grc' dir='ltr'>Λόγου</span> <span class='ocrx_word' id='word_1_296' title='bbox 850 2564 952 2634; x_wconf 75' lang='grc' dir='ltr'>τὴν</span> <span class='ocrx_word' id='word_1_297' title='bbox 1016 2564 1294 2634; x_wconf 88' lang='grc' dir='ltr'>σάρκωσιν</span> <span class='ocrx_word' id='word_1_298' title='bbox 1354 2562 1431 2636; x_wconf 81' lang='grc' dir='ltr'>μὴ</span> <span class='ocrx_word' id='word_1_299' title='bbox 1486 2563 1785 2619; x_wconf 81' lang='grc' dir='ltr'>ἀπαναίνε-</span> 
     </span>
    </p>
   </div>
   <div class='ocr_carea' id='block_1_44' title="bbox 183 2654 1785 2727">
    <p class='ocr_par' dir='ltr' id='par_1_44' title="bbox 183 2654 1785 2727">
     <span class='ocr_line' id='line_1_44' title="bbox 183 2654 1785 2727; baseline 0.001 -19"><span class='ocrx_word' id='word_1_300' title='bbox 183 2654 338 2708; x_wconf 66' lang='grc' dir='ltr'>σθαι*</span> <span class='ocrx_word' id='word_1_301' title='bbox 366 2654 504 2709; x_wconf 84' lang='grc' dir='ltr'>ἀλλὰ</span> <span class='ocrx_word' id='word_1_302' title='bbox 548 2655 642 2708; x_wconf 78' lang='grc' dir='ltr'>καὶ</span> <span class='ocrx_word' id='word_1_303' title='bbox 698 2654 800 2727; x_wconf 80' lang='grc' dir='ltr'>τὴν</span> <span class='ocrx_word' id='word_1_304' title='bbox 849 2654 910 2722; x_wconf 76' lang='grc' dir='ltr'><strong>ἐξ</strong></span> <span class='ocrx_word' id='word_1_305' title='bbox 963 2654 1136 2725; x_wconf 81' lang='grc' dir='ltr'>ἁγνῆς</span> <span class='ocrx_word' id='word_1_306' title='bbox 1164 2657 1341 2725; x_wconf 84' lang='grc' dir='ltr'>κόρης</span> <span class='ocrx_word' id='word_1_307' title='bbox 1372 2655 1651 2727; x_wconf 82' lang='grc' dir='ltr'>γέννησιν,</span> <span class='ocrx_word' id='word_1_308' title='bbox 1690 2655 1785 2710; x_wconf 75' lang='grc' dir='ltr'>καὶ</span> 
     </span>
    </p>
   </div>
   <div class='ocr_carea' id='block_1_45' title="bbox 178 2743 1784 2817">
    <p class='ocr_par' dir='ltr' id='par_1_45' title="bbox 178 2743 1784 2817">
     <span class='ocr_line' id='line_1_45' title="bbox 178 2743 1784 2817; baseline -0.001 -19"><span class='ocrx_word' id='word_1_309' title='bbox 178 2744 283 2817; x_wconf 84' lang='grc' dir='ltr'>τὴν</span> <span class='ocrx_word' id='word_1_310' title='bbox 313 2743 403 2799; x_wconf 78' lang='grc' dir='ltr'><strong>διὰ</strong></span> <span class='ocrx_word' id='word_1_311' title='bbox 432 2743 527 2798; x_wconf 89' lang='grc' dir='ltr'><strong>τοῦ</strong></span> <span class='ocrx_word' id='word_1_312' title='bbox 571 2743 820 2798; x_wconf 81' lang='grc' dir='ltr'>Ἰωάννου</span> <span class='ocrx_word' id='word_1_313' title='bbox 848 2743 1133 2816; x_wconf 83' lang='grc' dir='ltr'>βάπτισιν,</span> <span class='ocrx_word' id='word_1_314' title='bbox 1161 2745 1256 2798; x_wconf 80' lang='grc' dir='ltr'>καὶ</span> <span class='ocrx_word' id='word_1_315' title='bbox 1282 2744 1385 2816; x_wconf 79' lang='grc' dir='ltr'>τὴν</span> <span class='ocrx_word' id='word_1_316' title='bbox 1415 2745 1784 2817; x_wconf 79' lang='grc' dir='ltr'>εὐαγγελικὴν</span> 
     </span>
    </p>
   </div>
   <div class='ocr_carea' id='block_1_46' title="bbox 176 2835 1783 2907">
    <p class='ocr_par' dir='ltr' id='par_1_46' title="bbox 176 2835 1783 2907">
     <span class='ocr_line' id='line_1_46' title="bbox 176 2835 1783 2907; baseline 0.001 -17"><span class='ocrx_word' id='word_1_317' title='bbox 176 2837 409 2907; x_wconf 83' lang='grc' dir='ltr'>διδαχὴν</span> <span class='ocrx_word' id='word_1_318' title='bbox 457 2837 675 2900; x_wconf 84' lang='grc' dir='ltr'>πᾶσαν,</span> <span class='ocrx_word' id='word_1_319' title='bbox 723 2835 801 2899; x_wconf 87' lang='grc' dir='ltr'>ὡς</span> <span class='ocrx_word' id='word_1_320' title='bbox 841 2835 1111 2907; x_wconf 82' lang='grc' dir='ltr'>σωτήριον</span> <span class='ocrx_word' id='word_1_321' title='bbox 1166 2835 1380 2899; x_wconf 84' lang='grc' dir='ltr'>πάντας</span> <span class='ocrx_word' id='word_1_322' title='bbox 1419 2836 1783 2907; x_wconf 79' lang='grc' dir='ltr'>ἀποδέχεσθαι</span> 
     </span>
    </p>
   </div>
   <div class='ocr_carea' id='block_1_47' title="bbox 178 2926 1780 3001">
    <p class='ocr_par' dir='ltr' id='par_1_47' title="bbox 178 2926 1780 3001">
     <span class='ocr_line' id='line_1_47' title="bbox 178 2926 1780 3001; baseline -0.001 -18"><span class='ocrx_word' id='word_1_323' title='bbox 178 2930 353 3000; x_wconf 88' lang='grc' dir='ltr'>νόμον</span> <span class='ocrx_word' id='word_1_324' title='bbox 402 2928 498 2981; x_wconf 77' lang='grc' dir='ltr'><strong>καὶ</strong></span> <span class='ocrx_word' id='word_1_325' title='bbox 555 2927 818 2999; x_wconf 84' lang='grc' dir='ltr'>ἀληθείας</span> <span class='ocrx_word' id='word_1_326' title='bbox 857 2926 1112 2998; x_wconf 79' lang='grc' dir='ltr'>δόγματα</span> <span class='ocrx_word' id='word_1_327' title='bbox 1153 2928 1480 3001; x_wconf 84' lang='grc' dir='ltr'>παρεκάλει·</span> <span class='ocrx_word' id='word_1_328' title='bbox 1533 2930 1670 3000; x_wconf 76' lang='grc' dir='ltr'>πρὸς</span> <span class='ocrx_word' id='word_1_329' title='bbox 1700 2930 1780 2994; x_wconf 84' lang='grc' dir='ltr'>δὲ,</span> 
     </span>
    </p>
   </div>
   <div class='ocr_carea' id='block_1_48' title="bbox 179 3017 1781 3090">
    <p class='ocr_par' dir='ltr' id='par_1_48' title="bbox 179 3017 1781 3090">
     <span class='ocr_line' id='line_1_48' title="bbox 179 3017 1781 3090; baseline 0.001 -16"><span class='ocrx_word' id='word_1_330' title='bbox 179 3020 284 3074; x_wconf 57' lang='grc' dir='ltr'><strong>καὶ⁹</strong></span> <span class='ocrx_word' id='word_1_331' title='bbox 339 3020 438 3089; x_wconf 85' lang='grc' dir='ltr'>τὴν</span> <span class='ocrx_word' id='word_1_332' title='bbox 498 3018 637 3089; x_wconf 78' lang='grc' dir='ltr'>ὑπὲρ</span> <span class='ocrx_word' id='word_1_333' title='bbox 684 3017 845 3089; x_wconf 77' lang='grc' dir='ltr'>ἡμῶν</span> <span class='ocrx_word' id='word_1_334' title='bbox 905 3018 1232 3090; x_wconf 87' lang='grc' dir='ltr'>σταύρωσιν,</span> <span class='ocrx_word' id='word_1_335' title='bbox 1265 3021 1361 3075; x_wconf 71' lang='grc' dir='ltr'>καὶ</span> <span class='ocrx_word' id='word_1_336' title='bbox 1396 3021 1490 3074; x_wconf 78' lang='grc' dir='ltr'>τὸν</span> <span class='ocrx_word' id='word_1_337' title='bbox 1524 3020 1781 3086; x_wconf 84' lang='grc' dir='ltr'>θάνατον,</span> 
     </span>
    </p>
   </div>
   <div class='ocr_carea' id='block_1_49' title="bbox 181 3109 1782 3183">
    <p class='ocr_par' dir='ltr' id='par_1_49' title="bbox 181 3109 1782 3183">
     <span class='ocr_line' id='line_1_49' title="bbox 181 3109 1782 3183; baseline -0.001 -17"><span class='ocrx_word' id='word_1_338' title='bbox 181 3112 283 3166; x_wconf 81' lang='grc' dir='ltr'>καὶ</span> <span class='ocrx_word' id='word_1_339' title='bbox 329 3111 429 3181; x_wconf 79' lang='grc' dir='ltr'>τὴν</span> <span class='ocrx_word' id='word_1_340' title='bbox 466 3109 696 3181; x_wconf 88' lang='grc' dir='ltr'>λόγχην,</span> <span class='ocrx_word' id='word_1_341' title='bbox 740 3109 835 3164; x_wconf 79' lang='grc' dir='ltr'>καὶ</span> <span class='ocrx_word' id='word_1_342' title='bbox 879 3109 978 3180; x_wconf 82' lang='grc' dir='ltr'>τὴν</span> <span class='ocrx_word' id='word_1_343' title='bbox 1015 3110 1195 3183; x_wconf 78' lang='grc' dir='ltr'>ταφὴν</span> <span class='ocrx_word' id='word_1_344' title='bbox 1237 3111 1314 3182; x_wconf 85' lang='grc' dir='ltr'>μὴ</span> <span class='ocrx_word' id='word_1_345' title='bbox 1357 3113 1782 3183; x_wconf 76' lang='grc' dir='ltr'>ἐπαισχύνεσθαι</span> 
     </span>
    </p>
   </div>
   <div class='ocr_carea' id='block_1_50' title="bbox 180 3201 1777 3276">
    <p class='ocr_par' dir='ltr' id='par_1_50' title="bbox 180 3201 1777 3276">
     <span class='ocr_line' id='line_1_50' title="bbox 180 3201 1777 3276; baseline 0.002 -20"><span class='ocrx_word' id='word_1_346' title='bbox 180 3202 262 3266; x_wconf 84' lang='grc' dir='ltr'><strong>ὡς</strong></span> <span class='ocrx_word' id='word_1_347' title='bbox 293 3202 503 3273; x_wconf 84' lang='grc' dir='ltr'>ἀσθενῆ</span> <span class='ocrx_word' id='word_1_348' title='bbox 533 3203 628 3255; x_wconf 78' lang='grc' dir='ltr'><strong>καὶ</strong></span> <span class='ocrx_word' id='word_1_349' title='bbox 664 3201 1031 3256; x_wconf 66' lang='grc' dir='ltr'>ὲπονείδισταυ</span> <span class='ocrx_word' id='word_1_350' title='bbox 1059 3202 1195 3257; x_wconf 79' lang='grc' dir='ltr'>ἀλλὰ</span> <span class='ocrx_word' id='word_1_351' title='bbox 1227 3203 1325 3274; x_wconf 82' lang='grc' dir='ltr'>τὴν</span> <span class='ocrx_word' id='word_1_352' title='bbox 1350 3203 1409 3268; x_wconf 77' lang='grc' dir='ltr'><strong>ἐξ</strong></span> <span class='ocrx_word' id='word_1_353' title='bbox 1454 3203 1584 3275; x_wconf 72' lang='grc' dir='ltr'>ᾅδου</span> <span class='ocrx_word' id='word_1_354' title='bbox 1636 3223 1725 3276; x_wconf 90' lang='grc' dir='ltr'><strong>τρι</strong></span> <span class='ocrx_word' id='word_1_355' title='bbox 1751 3233 1777 3245; x_wconf 91' lang='grc'><strong><em>-</em></strong></span> 
     </span>
    </p>
   </div>
   <div class='ocr_carea' id='block_1_51' title="bbox 181 3294 1781 3366">
    <p class='ocr_par' dir='ltr' id='par_1_51' title="bbox 181 3294 1781 3366">
     <span class='ocr_line' id='line_1_51' title="bbox 181 3294 1781 3366; baseline 0.003 -20"><span class='ocrx_word' id='word_1_356' title='bbox 181 3295 297 3365; x_wconf 82' lang='grc' dir='ltr'>ήμε</span> <span class='ocrx_word' id='word_1_357' title='bbox 305 3311 401 3365; x_wconf 91' lang='grc' dir='ltr'><strong>ρον</strong></span> <span class='ocrx_word' id='word_1_358' title='bbox 416 3294 534 3366; x_wconf 79' lang='grc' dir='ltr'>μετ’</span> <span class='ocrx_word' id='word_1_359' title='bbox 551 3294 802 3359; x_wconf 79' lang='grc' dir='ltr'>ἐξουσίας</span> <span class='ocrx_word' id='word_1_360' title='bbox 818 3294 1059 3365; x_wconf 76' lang='grc' dir='ltr'>ἔγερσιν,</span> <span class='ocrx_word' id='word_1_361' title='bbox 1079 3296 1175 3348; x_wconf 78' lang='grc' dir='ltr'>καὶ</span> <span class='ocrx_word' id='word_1_362' title='bbox 1191 3295 1290 3362; x_wconf 84' lang='grc' dir='ltr'>τὴν</span> <span class='ocrx_word' id='word_1_363' title='bbox 1314 3298 1781 3362; x_wconf 79' lang='grc' dir='ltr'>συνεξανάστασιν</span> 
     </span>
    </p>
   </div>
   <div class='ocr_carea' id='block_1_52' title="bbox 180 3385 1781 3461">
    <p class='ocr_par' dir='ltr' id='par_1_52' title="bbox 180 3385 1781 3461">
     <span class='ocr_line' id='line_1_52' title="bbox 180 3385 1781 3461; baseline 0.004 -23"><span class='ocrx_word' id='word_1_364' title='bbox 180 3385 297 3439; x_wconf 80' lang='grc' dir='ltr'><strong>τῶν</strong></span> <span class='ocrx_word' id='word_1_365' title='bbox 324 3386 558 3458; x_wconf 80' lang='grc' dir='ltr'>νεκρῶν,</span> <span class='ocrx_word' id='word_1_366' title='bbox 595 3386 691 3439; x_wconf 79' lang='grc' dir='ltr'><strong>καὶ</strong></span> <span class='ocrx_word' id='word_1_367' title='bbox 718 3386 817 3457; x_wconf 82' lang='grc' dir='ltr'>τὴν</span> <span class='ocrx_word' id='word_1_368' title='bbox 849 3388 929 3450; x_wconf 88' lang='grc' dir='ltr'><strong>είς</strong></span> <span class='ocrx_word' id='word_1_369' title='bbox 960 3387 1192 3457; x_wconf 84' lang='grc' dir='ltr'>οὐρανὸν</span> <span class='ocrx_word' id='word_1_370' title='bbox 1215 3387 1411 3442; x_wconf 81' lang='grc' dir='ltr'>ἀνοδον</span> <span class='ocrx_word' id='word_1_371' title='bbox 1430 3387 1781 3461; x_wconf 78' lang='grc' dir='ltr'>θεωροῦντας</span> 
     </span>
    </p>
   </div>
   <div class='ocr_carea' id='block_1_53' title="bbox 180 3477 1779 3549">
    <p class='ocr_par' dir='ltr' id='par_1_53' title="bbox 180 3477 1779 3549">
     <span class='ocr_line' id='line_1_53' title="bbox 180 3477 1779 3549; baseline 0.003 -19"><span class='ocrx_word' id='word_1_372' title='bbox 180 3478 278 3531; x_wconf 79' lang='grc' dir='ltr'>καὶ</span> <span class='ocrx_word' id='word_1_373' title='bbox 310 3477 688 3543; x_wconf 79' lang='grc' dir='ltr'>πιστεύοντας,</span> <span class='ocrx_word' id='word_1_374' title='bbox 718 3477 1205 3549; x_wconf 70' lang='grc' dir='ltr'>ἑλλαμπρύνεσθαι</span> <span class='ocrx_word' id='word_1_375' title='bbox 1243 3478 1448 3548; x_wconf 79' lang='grc' dir='ltr'>μᾶλλον</span> <span class='ocrx_word' id='word_1_376' title='bbox 1478 3481 1576 3533; x_wconf 77' lang='grc' dir='ltr'>καὶ</span> <span class='ocrx_word' id='word_1_377' title='bbox 1617 3480 1779 3546; x_wconf 79' lang='grc' dir='ltr'>δοξά-</span> 
     </span>
    </p>
   </div>
   <div class='ocr_carea' id='block_1_54' title="bbox 179 3569 1781 3643">
    <p class='ocr_par' dir='ltr' id='par_1_54' title="bbox 179 3569 1781 3643">
     <span class='ocr_line' id='line_1_54' title="bbox 179 3569 1781 3643; baseline 0.002 -21"><span class='ocrx_word' id='word_1_378' title='bbox 179 3570 418 3636; x_wconf 79' lang='grc' dir='ltr'>ζεσθαι,</span> <span class='ocrx_word' id='word_1_379' title='bbox 459 3569 620 3641; x_wconf 80' lang='grc' dir='ltr'>εἴπερ</span> <span class='ocrx_word' id='word_1_380' title='bbox 676 3569 814 3623; x_wconf 88' lang='grc' dir='ltr'>Θεοῦ</span> <span class='ocrx_word' id='word_1_381' title='bbox 856 3570 1145 3641; x_wconf 86' lang='grc' dir='ltr'>δυνάμεως</span> <span class='ocrx_word' id='word_1_382' title='bbox 1190 3569 1368 3624; x_wconf 82' lang='grc' dir='ltr'>ταῦτα</span> <span class='ocrx_word' id='word_1_383' title='bbox 1418 3570 1781 3643; x_wconf 88' lang='grc' dir='ltr'>γνωρίσματα</span> 
     </span>
    </p>
   </div>
   <div class='ocr_carea' id='block_1_55' title="bbox 182 3660 1783 3734">
    <p class='ocr_par' dir='ltr' id='par_1_55' title="bbox 182 3660 1783 3734">
     <span class='ocr_line' id='line_1_55' title="bbox 182 3660 1783 3734; baseline 0.002 -19"><span class='ocrx_word' id='word_1_384' title='bbox 182 3663 360 3732; x_wconf 74' lang='grc' dir='ltr'>σαφῆο</span> <span class='ocrx_word' id='word_1_385' title='bbox 396 3662 707 3734; x_wconf 81' lang='grc' dir='ltr'>προσδοκᾷν</span> <span class='ocrx_word' id='word_1_386' title='bbox 735 3662 793 3717; x_wconf 81' lang='grc' dir='ltr'>δὲ</span> <span class='ocrx_word' id='word_1_387' title='bbox 822 3662 918 3716; x_wconf 79' lang='grc' dir='ltr'>καὶ</span> <span class='ocrx_word' id='word_1_388' title='bbox 950 3661 1048 3734; x_wconf 81' lang='grc' dir='ltr'>τὴν</span> <span class='ocrx_word' id='word_1_389' title='bbox 1080 3660 1141 3726; x_wconf 76' lang='grc' dir='ltr'>ἐξ</span> <span class='ocrx_word' id='word_1_390' title='bbox 1165 3661 1399 3731; x_wconf 86' lang='grc' dir='ltr'>οὐρανοῦ</span> <span class='ocrx_word' id='word_1_391' title='bbox 1451 3664 1617 3719; x_wconf 84' lang='grc' dir='ltr'>πάλιν</span> <span class='ocrx_word' id='word_1_392' title='bbox 1658 3665 1783 3718; x_wconf 90' lang='grc' dir='ltr'>δευ-</span> 
     </span>
    </p>
   </div>
   <div class='ocr_carea' id='block_1_56' title="bbox 176 3751 1783 3826">
    <p class='ocr_par' dir='ltr' id='par_1_56' title="bbox 176 3751 1783 3826">
     <span class='ocr_line' id='line_1_56' title="bbox 176 3751 1783 3826; baseline 0.002 -18"><span class='ocrx_word' id='word_1_393' title='bbox 176 3753 353 3826; x_wconf 80' lang='grc' dir='ltr'>τέραν</span> <span class='ocrx_word' id='word_1_394' title='bbox 400 3755 543 3826; x_wconf 89' lang='grc' dir='ltr'><strong>μετά</strong></span> <span class='ocrx_word' id='word_1_395' title='bbox 565 3751 726 3824; x_wconf 77' lang='grc' dir='ltr'>δόξης</span> <span class='ocrx_word' id='word_1_396' title='bbox 754 3754 1098 3824; x_wconf 73' lang='grc' dir='ltr'>ἐπιφάνειαν,</span> <span class='ocrx_word' id='word_1_397' title='bbox 1126 3754 1223 3807; x_wconf 76' lang='grc' dir='ltr'>καὶ</span> <span class='ocrx_word' id='word_1_398' title='bbox 1257 3755 1460 3820; x_wconf 82' lang='grc' dir='ltr'>παντὸς</span> <span class='ocrx_word' id='word_1_399' title='bbox 1503 3756 1658 3811; x_wconf 84' lang='grc' dir='ltr'>τοῦδε</span> <span class='ocrx_word' id='word_1_400' title='bbox 1687 3756 1783 3812; x_wconf 82' lang='grc' dir='ltr'><strong>τοῦ</strong></span> 
     </span>
    </p>
   </div>
   <div class='ocr_carea' id='block_1_57' title="bbox 175 3846 1785 3921">
    <p class='ocr_par' dir='ltr' id='par_1_57' title="bbox 175 3846 1785 3921">
     <span class='ocr_line' id='line_1_57' title="bbox 175 3846 1785 3921; baseline 0.002 -20"><span class='ocrx_word' id='word_1_401' title='bbox 175 3847 395 3915; x_wconf 89' lang='grc' dir='ltr'>κόσμου</span> <span class='ocrx_word' id='word_1_402' title='bbox 437 3846 535 3919; x_wconf 77' lang='grc' dir='ltr'>τὴν</span> <span class='ocrx_word' id='word_1_403' title='bbox 577 3849 671 3902; x_wconf 68' lang='grc' dir='ltr'><strong>ἐπὶ</strong></span> <span class='ocrx_word' id='word_1_404' title='bbox 739 3847 800 3901; x_wconf 73' lang='grc' dir='ltr'><strong>τὸ</strong></span> <span class='ocrx_word' id='word_1_405' title='bbox 844 3849 1092 3918; x_wconf 82' lang='grc' dir='ltr'>κρεῖττον</span> <span class='ocrx_word' id='word_1_406' title='bbox 1141 3846 1432 3903; x_wconf 81' lang='grc' dir='ltr'>ἀλλοίωσιν</span> <span class='ocrx_word' id='word_1_407' title='bbox 1480 3849 1578 3903; x_wconf 79' lang='grc' dir='ltr'>καὶ</span> <span class='ocrx_word' id='word_1_408' title='bbox 1615 3866 1785 3921; x_wconf 85' lang='grc' dir='ltr'>μετα-</span> 
     </span>
    </p>
   </div>
   <div class='ocr_carea' id='block_1_58' title="bbox 174 3934 1785 4006">
    <p class='ocr_par' dir='ltr' id='par_1_58' title="bbox 174 3934 1785 4006">
     <span class='ocr_line' id='line_1_58' title="bbox 174 3934 1785 4006; baseline 0.003 -18"><span class='ocrx_word' id='word_1_409' title='bbox 174 3934 437 4006; x_wconf 87' lang='grc' dir='ltr'>ποίησιν,</span> <span class='ocrx_word' id='word_1_410' title='bbox 487 3936 583 3991; x_wconf 76' lang='grc' dir='ltr'>καὶ</span> <span class='ocrx_word' id='word_1_411' title='bbox 629 3935 740 3989; x_wconf 92' lang='grc' dir='ltr'><strong>τῶν</strong></span> <span class='ocrx_word' id='word_1_412' title='bbox 782 3935 998 4006; x_wconf 89' lang='grc' dir='ltr'>νεκρῶν</span> <span class='ocrx_word' id='word_1_413' title='bbox 1024 3936 1127 4006; x_wconf 83' lang='grc' dir='ltr'><strong>τὴν</strong></span> <span class='ocrx_word' id='word_1_414' title='bbox 1169 3937 1493 4003; x_wconf 77' lang='grc' dir='ltr'>ἀνάστασιν,</span> <span class='ocrx_word' id='word_1_415' title='bbox 1530 3940 1627 3993; x_wconf 69' lang='grc' dir='ltr'>καὶ</span> <span class='ocrx_word' id='word_1_416' title='bbox 1674 3939 1785 3993; x_wconf 89' lang='grc' dir='ltr'><strong>τῶν</strong></span> 
     </span>
    </p>
   </div>
   <div class='ocr_carea' id='block_1_59' title="bbox 170 4021 1783 4099">
    <p class='ocr_par' dir='ltr' id='par_1_59' title="bbox 170 4021 1783 4099">
     <span class='ocr_line' id='line_1_59' title="bbox 170 4021 1783 4099; baseline 0.003 -23"><span class='ocrx_word' id='word_1_417' title='bbox 170 4021 410 4078; x_wconf 83' lang='grc' dir='ltr'>δικαίων</span> <span class='ocrx_word' id='word_1_418' title='bbox 458 4023 559 4095; x_wconf 78' lang='grc' dir='ltr'>τὴν</span> <span class='ocrx_word' id='word_1_419' title='bbox 606 4022 844 4088; x_wconf 77' lang='grc' dir='ltr'>ζώωσιν,</span> <span class='ocrx_word' id='word_1_420' title='bbox 883 4024 978 4076; x_wconf 77' lang='grc' dir='ltr'>καὶ</span> <span class='ocrx_word' id='word_1_421' title='bbox 1016 4022 1125 4077; x_wconf 85' lang='grc' dir='ltr'><strong>τῶν</strong></span> <span class='ocrx_word' id='word_1_422' title='bbox 1153 4023 1503 4096; x_wconf 81' lang='grc' dir='ltr'>ἁμαρτωλῶν</span> <span class='ocrx_word' id='word_1_423' title='bbox 1534 4025 1635 4099; x_wconf 82' lang='grc' dir='ltr'>τὴν</span> <span class='ocrx_word' id='word_1_424' title='bbox 1680 4044 1783 4081; x_wconf 90' lang='grc' dir='ltr'>κα-</span> 
     </span>
    </p>
   </div>
   <div class='ocr_carea' id='block_1_60' title="bbox 167 4112 466 4186">
    <p class='ocr_par' dir='ltr' id='par_1_60' title="bbox 167 4112 466 4186">
     <span class='ocr_line' id='line_1_60' title="bbox 167 4112 466 4186; baseline 0.01 -20"><span class='ocrx_word' id='word_1_425' title='bbox 167 4112 466 4186; x_wconf 79' lang='grc' dir='ltr'>τάκρισιν.</span> 
     </span>
    </p>
   </div>
   <div class='ocr_carea' id='block_1_61' title="bbox 1891 1921 3474 1993">
    <p class='ocr_par' dir='ltr' id='par_1_61' title="bbox 1891 1921 3474 1993">
     <span class='ocr_line' id='line_1_61' title="bbox 1891 1921 3474 1993; baseline -0.004 -13"><span class='ocrx_word' id='word_1_426' title='bbox 1891 1940 2034 1980; x_wconf 88' lang='lat' dir='ltr'><strong>mem</strong></span> <span class='ocrx_word' id='word_1_427' title='bbox 2085 1940 2147 1979; x_wconf 91' lang='lat' dir='ltr'><strong>ac</strong></span> <span class='ocrx_word' id='word_1_428' title='bbox 2177 1922 2424 1993; x_wconf 80' lang='lat' dir='ltr'><strong>ejusdem</strong></span> <span class='ocrx_word' id='word_1_429' title='bbox 2481 1932 2714 1977; x_wconf 70' lang='lat' dir='ltr'><strong>naturm.</strong></span> <span class='ocrx_word' id='word_1_430' title='bbox 2781 1922 2993 1977; x_wconf 88' lang='lat' dir='ltr'><strong>Docens</strong></span> <span class='ocrx_word' id='word_1_431' title='bbox 3029 1921 3311 1985; x_wconf 89' lang='lat' dir='ltr'><strong>nimirum,</strong></span> <span class='ocrx_word' id='word_1_432' title='bbox 3345 1921 3474 1974; x_wconf 88' lang='lat' dir='ltr'><strong>hor-</strong></span> 
     </span>
    </p>
   </div>
   <div class='ocr_carea' id='block_1_62' title="bbox 1889 2009 3477 2086">
    <p class='ocr_par' dir='ltr' id='par_1_62' title="bbox 1889 2009 3477 2086">
     <span class='ocr_line' id='line_1_62' title="bbox 1889 2009 3477 2086; baseline -0.006 -14"><span class='ocrx_word' id='word_1_433' title='bbox 1889 2026 2130 2086; x_wconf 88' lang='lat' dir='ltr'><strong>tansqne</strong></span> <span class='ocrx_word' id='word_1_434' title='bbox 2161 2029 2227 2071; x_wconf 85' lang='lat' dir='ltr'><strong>ac</strong></span> <span class='ocrx_word' id='word_1_435' title='bbox 2255 2015 2579 2076; x_wconf 86' lang='lat' dir='ltr'><strong>obsecrans,</strong></span> <span class='ocrx_word' id='word_1_436' title='bbox 2613 2013 2906 2068; x_wconf 86' lang='lat' dir='ltr'><strong>crederent</strong></span> <span class='ocrx_word' id='word_1_437' title='bbox 2936 2024 2990 2069; x_wconf 87' lang='lat' dir='ltr'><strong>et</strong></span> <span class='ocrx_word' id='word_1_438' title='bbox 3018 2017 3335 2078; x_wconf 72' lang='lat' dir='ltr'><strong>adorarent,</strong></span> <span class='ocrx_word' id='word_1_439' title='bbox 3370 2009 3477 2063; x_wconf 85' lang='lat' dir='ltr'><strong>Pa-</strong></span> 
     </span>
    </p>
   </div>
   <div class='ocr_carea' id='block_1_63' title="bbox 1889 2106 3473 2177">
    <p class='ocr_par' dir='ltr' id='par_1_63' title="bbox 1889 2106 3473 2177">
     <span class='ocr_line' id='line_1_63' title="bbox 1889 2106 3473 2177; baseline -0.006 -13"><span class='ocrx_word' id='word_1_440' title='bbox 1889 2116 2029 2164; x_wconf 85' lang='lat' dir='ltr'><strong>trem</strong></span> <span class='ocrx_word' id='word_1_441' title='bbox 2067 2107 2288 2177; x_wconf 91' lang='lat' dir='ltr'><strong>quidem</strong></span> <span class='ocrx_word' id='word_1_442' title='bbox 2318 2114 2377 2161; x_wconf 91' lang='lat' dir='ltr'><strong>ut</strong></span> <span class='ocrx_word' id='word_1_443' title='bbox 2407 2107 2709 2176; x_wconf 87' lang='lat' dir='ltr'><strong>ingenitum</strong></span> <span class='ocrx_word' id='word_1_444' title='bbox 2753 2120 3048 2174; x_wconf 81' lang='lat' dir='ltr'><strong>rerumque</strong></span> <span class='ocrx_word' id='word_1_445' title='bbox 3089 2106 3473 2158; x_wconf 84' lang='lat' dir='ltr'><strong>universarum</strong></span> 
     </span>
    </p>
   </div>
   <div class='ocr_carea' id='block_1_64' title="bbox 1890 2194 3472 2266">
    <p class='ocr_par' dir='ltr' id='par_1_64' title="bbox 1890 2194 3472 2266">
     <span class='ocr_line' id='line_1_64' title="bbox 1890 2194 3472 2266; baseline -0.006 -13"><span class='ocrx_word' id='word_1_446' title='bbox 1890 2208 2193 2264; x_wconf 88' lang='lat' dir='ltr'><strong>auctorem,</strong></span> <span class='ocrx_word' id='word_1_447' title='bbox 2231 2199 2479 2254; x_wconf 90' lang='lat' dir='ltr'><strong>omnium</strong></span> <span class='ocrx_word' id='word_1_448' title='bbox 2524 2195 2761 2264; x_wconf 86' lang='lat' dir='ltr'><strong>denique</strong></span> <span class='ocrx_word' id='word_1_449' title='bbox 2790 2194 3122 2266; x_wconf 85' lang='lat' dir='ltr'><strong>principium</strong></span> <span class='ocrx_word' id='word_1_450' title='bbox 3155 2208 3319 2248; x_wconf 86' lang='lat' dir='ltr'><strong>omne</strong></span> <span class='ocrx_word' id='word_1_451' title='bbox 3368 2206 3472 2245; x_wconf 89' lang='lat' dir='ltr'><strong>an-</strong></span> 
     </span>
    </p>
   </div>
   <div class='ocr_carea' id='block_1_65' title="bbox 1889 2282 3477 2360">
    <p class='ocr_par' dir='ltr' id='par_1_65' title="bbox 1889 2282 3477 2360">
     <span class='ocr_line' id='line_1_65' title="bbox 1889 2282 3477 2360; baseline -0.003 -16"><span class='ocrx_word' id='word_1_452' title='bbox 1889 2290 2153 2346; x_wconf 89' lang='lat' dir='ltr'><strong>tecedens</strong></span> <span class='ocrx_word' id='word_1_453' title='bbox 2204 2289 2539 2360; x_wconf 88' lang='lat' dir='ltr'><strong>principium</strong></span> <span class='ocrx_word' id='word_1_454' title='bbox 2579 2305 2596 2342; x_wconf 89' lang='lat'><strong>:</strong></span> <span class='ocrx_word' id='word_1_455' title='bbox 2632 2286 2831 2341; x_wconf 85' lang='lat' dir='ltr'><strong>Filium</strong></span> <span class='ocrx_word' id='word_1_456' title='bbox 2882 2300 3035 2352; x_wconf 85' lang='lat' dir='ltr'><strong>vero,</strong></span> <span class='ocrx_word' id='word_1_457' title='bbox 3082 2294 3142 2339; x_wconf 91' lang='lat' dir='ltr'><strong>ut</strong></span> <span class='ocrx_word' id='word_1_458' title='bbox 3188 2301 3254 2340; x_wconf 77' lang='lat' dir='ltr'><strong>ex</strong></span> <span class='ocrx_word' id='word_1_459' title='bbox 3311 2282 3477 2340; x_wconf 85' lang='lat' dir='ltr'><strong>Patre</strong></span> 
     </span>
    </p>
   </div>
   <div class='ocr_carea' id='block_1_66' title="bbox 1890 2372 3474 2451">
    <p class='ocr_par' dir='ltr' id='par_1_66' title="bbox 1890 2372 3474 2451">
     <span class='ocr_line' id='line_1_66' title="bbox 1890 2372 3474 2451; baseline -0.004 -18"><span class='ocrx_word' id='word_1_460' title='bbox 1890 2390 2216 2451; x_wconf 67' lang='lat' dir='ltr'><strong>praaaeterne</strong></span> <span class='ocrx_word' id='word_1_461' title='bbox 2237 2393 2302 2433; x_wconf 87' lang='lat' dir='ltr'><strong>ac</strong></span> <span class='ocrx_word' id='word_1_462' title='bbox 2331 2374 2944 2449; x_wconf 84' lang='lat' dir='ltr'><strong>supersubstantialiter</strong></span> <span class='ocrx_word' id='word_1_463' title='bbox 2968 2384 3158 2428; x_wconf 88' lang='lat' dir='ltr'><strong>natum</strong></span> <span class='ocrx_word' id='word_1_464' title='bbox 3189 2391 3204 2428; x_wconf 92' lang='lat'><strong>:</strong></span> <span class='ocrx_word' id='word_1_465' title='bbox 3228 2389 3293 2427; x_wconf 88' lang='lat' dir='ltr'><strong>ac</strong></span> <span class='ocrx_word' id='word_1_466' title='bbox 3324 2372 3474 2428; x_wconf 86' lang='lat' dir='ltr'><strong>deni-</strong></span> 
     </span>
    </p>
   </div>
   <div class='ocr_carea' id='block_1_67' title="bbox 1887 2466 3479 2543">
    <p class='ocr_par' dir='ltr' id='par_1_67' title="bbox 1887 2466 3479 2543">
     <span class='ocr_line' id='line_1_67' title="bbox 1887 2466 3479 2543; baseline -0.006 -16"><span class='ocrx_word' id='word_1_467' title='bbox 1887 2487 1995 2543; x_wconf 89' lang='lat' dir='ltr'><strong>que</strong></span> <span class='ocrx_word' id='word_1_468' title='bbox 2029 2470 2295 2541; x_wconf 89' lang='lat' dir='ltr'><strong>Spiritnm</strong></span> <span class='ocrx_word' id='word_1_469' title='bbox 2336 2478 2619 2533; x_wconf 90' lang='lat' dir='ltr'><strong>sanctum,</strong></span> <span class='ocrx_word' id='word_1_470' title='bbox 2654 2478 2711 2522; x_wconf 92' lang='lat' dir='ltr'><strong>ut</strong></span> <span class='ocrx_word' id='word_1_471' title='bbox 2741 2467 2835 2537; x_wconf 93' lang='lat' dir='ltr'><strong>qui</strong></span> <span class='ocrx_word' id='word_1_472' title='bbox 2865 2466 3058 2521; x_wconf 86' lang='lat' dir='ltr'><strong>eodem</strong></span> <span class='ocrx_word' id='word_1_473' title='bbox 3090 2473 3320 2519; x_wconf 90' lang='lat' dir='ltr'><strong>auctore</strong></span> <span class='ocrx_word' id='word_1_474' title='bbox 3343 2478 3479 2534; x_wconf 63' lang='lat' dir='ltr'><strong>pras-</strong></span> 
     </span>
    </p>
   </div>
   <div class='ocr_carea' id='block_1_68' title="bbox 1885 2557 3477 2632">
    <p class='ocr_par' dir='ltr' id='par_1_68' title="bbox 1885 2557 3477 2632">
     <span class='ocr_line' id='line_1_68' title="bbox 1885 2557 3477 2632; baseline -0.004 -14"><span class='ocrx_word' id='word_1_475' title='bbox 1885 2570 2091 2618; x_wconf 74' lang='lat' dir='ltr'><strong>aeterne</strong></span> <span class='ocrx_word' id='word_1_476' title='bbox 2111 2560 2388 2632; x_wconf 87' lang='lat' dir='ltr'><strong>prosiliat.</strong></span> <span class='ocrx_word' id='word_1_477' title='bbox 2417 2557 2660 2614; x_wconf 83' lang='lat' dir='ltr'><strong>Hortans</strong></span> <span class='ocrx_word' id='word_1_478' title='bbox 2689 2559 2821 2613; x_wconf 86' lang='lat' dir='ltr'><strong>totis</strong></span> <span class='ocrx_word' id='word_1_479' title='bbox 2851 2558 3068 2612; x_wconf 89' lang='lat' dir='ltr'><strong>viribus</strong></span> <span class='ocrx_word' id='word_1_480' title='bbox 3103 2565 3271 2627; x_wconf 87' lang='lat' dir='ltr'><strong>atque</strong></span> <span class='ocrx_word' id='word_1_481' title='bbox 3292 2557 3477 2611; x_wconf 89' lang='lat' dir='ltr'><strong>admo-</strong></span> 
     </span>
    </p>
   </div>
   <div class='ocr_carea' id='block_1_69' title="bbox 1887 2648 3473 2724">
    <p class='ocr_par' dir='ltr' id='par_1_69' title="bbox 1887 2648 3473 2724">
     <span class='ocr_line' id='line_1_69' title="bbox 1887 2648 3473 2724; baseline -0.003 -15"><span class='ocrx_word' id='word_1_482' title='bbox 1887 2671 2025 2710; x_wconf 91' lang='lat' dir='ltr'><strong>nens</strong></span> <span class='ocrx_word' id='word_1_483' title='bbox 2049 2650 2071 2720; x_wconf 82' lang='grc'>’,</span> <span class='ocrx_word' id='word_1_484' title='bbox 2144 2654 2314 2710; x_wconf 89' lang='lat' dir='ltr'><strong>unius</strong></span> <span class='ocrx_word' id='word_1_485' title='bbox 2380 2669 2601 2724; x_wconf 90' lang='lat' dir='ltr'><strong>quoque</strong></span> <span class='ocrx_word' id='word_1_486' title='bbox 2674 2649 3228 2722; x_wconf 84' lang='lat' dir='ltr'><strong>supersubstantialis</strong></span> <span class='ocrx_word' id='word_1_487' title='bbox 3306 2648 3473 2719; x_wconf 89' lang='lat' dir='ltr'><strong>hujus</strong></span> 
     </span>
    </p>
   </div>
   <div class='ocr_carea' id='block_1_70' title="bbox 1886 2742 3470 2817">
    <p class='ocr_par' dir='ltr' id='par_1_70' title="bbox 1886 2742 3470 2817">
     <span class='ocr_line' id='line_1_70' title="bbox 1886 2742 3470 2817; baseline -0.003 -14"><span class='ocrx_word' id='word_1_488' title='bbox 1886 2746 2184 2803; x_wconf 87' lang='lat' dir='ltr'><strong>Trinitatis</strong></span> <span class='ocrx_word' id='word_1_489' title='bbox 2227 2761 2449 2817; x_wconf 91' lang='lat' dir='ltr'><strong>unoque</strong></span> <span class='ocrx_word' id='word_1_490' title='bbox 2483 2746 2796 2817; x_wconf 69' lang='lat' dir='ltr'><strong>principatu:</strong></span> <span class='ocrx_word' id='word_1_491' title='bbox 2837 2743 3094 2815; x_wconf 86' lang='lat' dir='ltr'><strong>pollentis</strong></span> <span class='ocrx_word' id='word_1_492' title='bbox 3139 2742 3470 2813; x_wconf 86' lang='lat' dir='ltr'><strong>benignissi-</strong></span> 
     </span>
    </p>
   </div>
   <div class='ocr_carea' id='block_1_71' title="bbox 1886 2830 3473 2906">
    <p class='ocr_par' dir='ltr' id='par_1_71' title="bbox 1886 2830 3473 2906">
     <span class='ocr_line' id='line_1_71' title="bbox 1886 2830 3473 2906; baseline -0.006 -13"><span class='ocrx_word' id='word_1_493' title='bbox 1886 2854 2032 2893; x_wconf 90' lang='lat' dir='ltr'><strong>mam</strong></span> <span class='ocrx_word' id='word_1_494' title='bbox 2055 2836 2488 2893; x_wconf 80' lang='lat' dir='ltr'><strong>exiuanitionem</strong></span> <span class='ocrx_word' id='word_1_495' title='bbox 2513 2842 2897 2906; x_wconf 85' lang='lat' dir='ltr'><strong>agnoscerent,</strong></span> <span class='ocrx_word' id='word_1_496' title='bbox 2934 2833 3141 2902; x_wconf 88' lang='lat' dir='ltr'><strong>Deique</strong></span> <span class='ocrx_word' id='word_1_497' title='bbox 3176 2830 3335 2887; x_wconf 84' lang='lat' dir='ltr'><strong>Verbi</strong></span> <span class='ocrx_word' id='word_1_498' title='bbox 3383 2831 3473 2886; x_wconf 88' lang='lat' dir='ltr'><strong>in-</strong></span> 
     </span>
    </p>
   </div>
   <div class='ocr_carea' id='block_1_72' title="bbox 1886 2924 3478 2992">
    <p class='ocr_par' dir='ltr' id='par_1_72' title="bbox 1886 2924 3478 2992">
     <span class='ocr_line' id='line_1_72' title="bbox 1886 2924 3478 2992; baseline -0.004 -8"><span class='ocrx_word' id='word_1_499' title='bbox 1886 2929 2267 2985; x_wconf 88' lang='lat' dir='ltr'><strong>carnationem</strong></span> <span class='ocrx_word' id='word_1_500' title='bbox 2311 2943 2418 2983; x_wconf 91' lang='lat' dir='ltr'><strong>non</strong></span> <span class='ocrx_word' id='word_1_501' title='bbox 2461 2927 2787 2982; x_wconf 84' lang='lat' dir='ltr'><strong>abnuerent.</strong></span> <span class='ocrx_word' id='word_1_502' title='bbox 2824 2925 2967 2992; x_wconf 88' lang='lat' dir='ltr'><strong>Quin</strong></span> <span class='ocrx_word' id='word_1_503' title='bbox 2991 2934 3046 2979; x_wconf 89' lang='lat' dir='ltr'><strong>et</strong></span> <span class='ocrx_word' id='word_1_504' title='bbox 3079 2924 3345 2980; x_wconf 83' lang='lat' dir='ltr'><strong>suadebat</strong></span> <span class='ocrx_word' id='word_1_505' title='bbox 3375 2939 3478 2978; x_wconf 86' lang='lat' dir='ltr'><strong>na-</strong></span> 
     </span>
    </p>
   </div>
   <div class='ocr_carea' id='block_1_73' title="bbox 1886 3017 3472 3091">
    <p class='ocr_par' dir='ltr' id='par_1_73' title="bbox 1886 3017 3472 3091">
     <span class='ocr_line' id='line_1_73' title="bbox 1886 3017 3472 3091; baseline -0.004 -14"><span class='ocrx_word' id='word_1_506' title='bbox 1886 3031 2002 3077; x_wconf 90' lang='lat' dir='ltr'><strong>tum</strong></span> <span class='ocrx_word' id='word_1_507' title='bbox 2040 3038 2104 3076; x_wconf 77' lang='lat' dir='ltr'><strong>ex</strong></span> <span class='ocrx_word' id='word_1_508' title='bbox 2129 3021 2444 3078; x_wconf 87' lang='lat' dir='ltr'><strong>castissima</strong></span> <span class='ocrx_word' id='word_1_509' title='bbox 2477 3021 2681 3091; x_wconf 89' lang='lat' dir='ltr'><strong>puella,</strong></span> <span class='ocrx_word' id='word_1_510' title='bbox 2726 3028 2781 3075; x_wconf 92' lang='lat' dir='ltr'><strong>et</strong></span> <span class='ocrx_word' id='word_1_511' title='bbox 2821 3033 2851 3072; x_wconf 92' lang='lat' dir='ltr'><strong>a</strong></span> <span class='ocrx_word' id='word_1_512' title='bbox 2883 3017 3101 3073; x_wconf 83' lang='lat' dir='ltr'><strong>Joanne</strong></span> <span class='ocrx_word' id='word_1_513' title='bbox 3154 3017 3472 3084; x_wconf 89' lang='lat' dir='ltr'><strong>intinctum,</strong></span> 
     </span>
    </p>
   </div>
   <div class='ocr_carea' id='block_1_74' title="bbox 1885 3110 3473 3184">
    <p class='ocr_par' dir='ltr' id='par_1_74' title="bbox 1885 3110 3473 3184">
     <span class='ocr_line' id='line_1_74' title="bbox 1885 3110 3473 3184; baseline -0.003 -14"><span class='ocrx_word' id='word_1_514' title='bbox 1885 3130 2217 3184; x_wconf 88' lang='lat' dir='ltr'><strong>omnemque</strong></span> <span class='ocrx_word' id='word_1_515' title='bbox 2239 3114 2609 3183; x_wconf 86' lang='lat' dir='ltr'><strong>evangelicam</strong></span> <span class='ocrx_word' id='word_1_516' title='bbox 2640 3113 2976 3177; x_wconf 87' lang='lat' dir='ltr'><strong>doctrinam,</strong></span> <span class='ocrx_word' id='word_1_517' title='bbox 3012 3125 3113 3166; x_wconf 88' lang='lat' dir='ltr'><strong>ceu</strong></span> <span class='ocrx_word' id='word_1_518' title='bbox 3172 3110 3473 3166; x_wconf 83' lang='lat' dir='ltr'><strong>salutarem</strong></span> 
     </span>
    </p>
   </div>
   <div class='ocr_carea' id='block_1_75' title="bbox 1885 3196 3475 3274">
    <p class='ocr_par' dir='ltr' id='par_1_75' title="bbox 1885 3196 3475 3274">
     <span class='ocr_line' id='line_1_75' title="bbox 1885 3196 3475 3274; baseline -0.003 -15"><span class='ocrx_word' id='word_1_519' title='bbox 1885 3207 2057 3274; x_wconf 81' lang='lat' dir='ltr'><strong>legem</strong></span> <span class='ocrx_word' id='word_1_520' title='bbox 2077 3220 2144 3259; x_wconf 89' lang='lat' dir='ltr'><strong>ac</strong></span> <span class='ocrx_word' id='word_1_521' title='bbox 2172 3203 2423 3258; x_wconf 77' lang='lat' dir='ltr'><strong>veritatis</strong></span> <span class='ocrx_word' id='word_1_522' title='bbox 2462 3202 2710 3265; x_wconf 87' lang='lat' dir='ltr'><strong>decreta,</strong></span> <span class='ocrx_word' id='word_1_523' title='bbox 2743 3215 2936 3255; x_wconf 78' lang='lat' dir='ltr'><strong>oniues</strong></span> <span class='ocrx_word' id='word_1_524' title='bbox 2961 3199 3292 3269; x_wconf 89' lang='lat' dir='ltr'><strong>reciperent.</strong></span> <span class='ocrx_word' id='word_1_525' title='bbox 3327 3196 3475 3254; x_wconf 59' lang='lat' dir='ltr'><strong>Prat-</strong></span> 
     </span>
    </p>
   </div>
   <div class='ocr_carea' id='block_1_76' title="bbox 1884 3295 3479 3365">
    <p class='ocr_par' dir='ltr' id='par_1_76' title="bbox 1884 3295 3479 3365">
     <span class='ocr_line' id='line_1_76' title="bbox 1884 3295 3479 3365; baseline -0.006 -13"><span class='ocrx_word' id='word_1_526' title='bbox 1884 3306 2035 3352; x_wconf 87' lang='lat' dir='ltr'><strong>terea</strong></span> <span class='ocrx_word' id='word_1_527' title='bbox 2068 3311 2201 3352; x_wconf 90' lang='lat' dir='ltr'><strong>vero</strong></span> <span class='ocrx_word' id='word_1_528' title='bbox 2231 3295 2398 3351; x_wconf 89' lang='lat' dir='ltr'><strong>etiam</strong></span> <span class='ocrx_word' id='word_1_529' title='bbox 2449 3305 2671 3365; x_wconf 88' lang='lat' dir='ltr'><strong>propter</strong></span> <span class='ocrx_word' id='word_1_530' title='bbox 2731 3307 2833 3348; x_wconf 92' lang='lat' dir='ltr'><strong>nos</strong></span> <span class='ocrx_word' id='word_1_531' title='bbox 2863 3304 3180 3362; x_wconf 80' lang='lat' dir='ltr'><strong>susceptam</strong></span> <span class='ocrx_word' id='word_1_532' title='bbox 3228 3305 3479 3357; x_wconf 79' lang='lat' dir='ltr'><strong>crucem,</strong></span> 
     </span>
    </p>
   </div>
   <div class='ocr_carea' id='block_1_77' title="bbox 1882 3383 3463 3460">
    <p class='ocr_par' dir='ltr' id='par_1_77' title="bbox 1882 3383 3463 3460">
     <span class='ocr_line' id='line_1_77' title="bbox 1882 3383 3463 3460; baseline -0.004 -16"><span class='ocrx_word' id='word_1_533' title='bbox 1882 3397 2231 3460; x_wconf 89' lang='lat' dir='ltr'><strong>mortemque</strong></span> <span class='ocrx_word' id='word_1_534' title='bbox 2258 3394 2314 3443; x_wconf 89' lang='lat' dir='ltr'><strong>et</strong></span> <span class='ocrx_word' id='word_1_535' title='bbox 2341 3388 2707 3458; x_wconf 89' lang='lat' dir='ltr'><strong>sepulturam,</strong></span> <span class='ocrx_word' id='word_1_536' title='bbox 2740 3393 2801 3440; x_wconf 92' lang='lat' dir='ltr'><strong>ut</strong></span> <span class='ocrx_word' id='word_1_537' title='bbox 2836 3384 3055 3439; x_wconf 75' lang='lat' dir='ltr'><strong>infirma</strong></span> <span class='ocrx_word' id='word_1_538' title='bbox 3095 3390 3151 3439; x_wconf 82' lang='lat' dir='ltr'><strong>et</strong></span> <span class='ocrx_word' id='word_1_539' title='bbox 3198 3383 3463 3453; x_wconf 87' lang='lat' dir='ltr'><strong>probrum</strong></span> 
     </span>
    </p>
   </div>
   <div class='ocr_carea' id='block_1_78' title="bbox 1885 3474 3470 3545">
    <p class='ocr_par' dir='ltr' id='par_1_78' title="bbox 1885 3474 3470 3545">
     <span class='ocr_line' id='line_1_78' title="bbox 1885 3474 3470 3545; baseline -0.005 -9"><span class='ocrx_word' id='word_1_540' title='bbox 1885 3481 2142 3536; x_wconf 85' lang='lat' dir='ltr'><strong>habentia</strong></span> <span class='ocrx_word' id='word_1_541' title='bbox 2172 3495 2281 3535; x_wconf 88' lang='lat' dir='ltr'><strong>non</strong></span> <span class='ocrx_word' id='word_1_542' title='bbox 2317 3478 2745 3542; x_wconf 87' lang='lat' dir='ltr'><strong>erubescerent;</strong></span> <span class='ocrx_word' id='word_1_543' title='bbox 2776 3475 2871 3530; x_wconf 81' lang='lat' dir='ltr'><strong>sed</strong></span> <span class='ocrx_word' id='word_1_544' title='bbox 2899 3475 2992 3545; x_wconf 89' lang='lat' dir='ltr'><strong>qui</strong></span> <span class='ocrx_word' id='word_1_545' title='bbox 3047 3474 3362 3529; x_wconf 72' lang='lat' dir='ltr'><strong>triduanum</strong></span> <span class='ocrx_word' id='word_1_546' title='bbox 3401 3489 3470 3528; x_wconf 78' lang='lat' dir='ltr'><strong>ex</strong></span> 
     </span>
    </p>
   </div>
   <div class='ocr_carea' id='block_1_79' title="bbox 1885 3566 3479 3641">
    <p class='ocr_par' dir='ltr' id='par_1_79' title="bbox 1885 3566 3479 3641">
     <span class='ocr_line' id='line_1_79' title="bbox 1885 3566 3479 3641; baseline -0.004 -13"><span class='ocrx_word' id='word_1_547' title='bbox 1885 3572 2083 3629; x_wconf 80' lang='lat' dir='ltr'><strong>inferis</strong></span> <span class='ocrx_word' id='word_1_548' title='bbox 2101 3586 2226 3627; x_wconf 88' lang='lat' dir='ltr'><strong>cum</strong></span> <span class='ocrx_word' id='word_1_549' title='bbox 2258 3576 2531 3641; x_wconf 72' lang='lat' dir='ltr'><strong>ponestate</strong></span> <span class='ocrx_word' id='word_1_550' title='bbox 2559 3566 3001 3631; x_wconf 84' lang='lat' dir='ltr'><strong>suscitationem,</strong></span> <span class='ocrx_word' id='word_1_551' title='bbox 3022 3575 3479 3636; x_wconf 84' lang='lat' dir='ltr'><strong>mortuornmque</strong></span> 
     </span>
    </p>
   </div>
   <div class='ocr_carea' id='block_1_80' title="bbox 1882 3658 3470 3735">
    <p class='ocr_par' dir='ltr' id='par_1_80' title="bbox 1882 3658 3470 3735">
     <span class='ocr_line' id='line_1_80' title="bbox 1882 3658 3470 3735; baseline -0.004 -17"><span class='ocrx_word' id='word_1_552' title='bbox 1882 3665 2088 3735; x_wconf 88' lang='lat' dir='ltr'><strong>pariter</strong></span> <span class='ocrx_word' id='word_1_553' title='bbox 2123 3662 2537 3722; x_wconf 82' lang='lat' dir='ltr'><strong>excitationem,</strong></span> <span class='ocrx_word' id='word_1_554' title='bbox 2589 3667 2756 3730; x_wconf 88' lang='lat' dir='ltr'><strong>atque</strong></span> <span class='ocrx_word' id='word_1_555' title='bbox 2803 3659 2857 3714; x_wconf 93' lang='lat' dir='ltr'><strong>in</strong></span> <span class='ocrx_word' id='word_1_556' title='bbox 2910 3658 3111 3713; x_wconf 75' lang='lat' dir='ltr'><strong>cmlum</strong></span> <span class='ocrx_word' id='word_1_557' title='bbox 3171 3672 3470 3713; x_wconf 77' lang='lat' dir='ltr'><strong>ascensura</strong></span> 
     </span>
    </p>
   </div>
   <div class='ocr_carea' id='block_1_81' title="bbox 1883 3749 3477 3818">
    <p class='ocr_par' dir='ltr' id='par_1_81' title="bbox 1883 3749 3477 3818">
     <span class='ocr_line' id='line_1_81' title="bbox 1883 3749 3477 3818; baseline -0.005 -7"><span class='ocrx_word' id='word_1_558' title='bbox 1883 3754 2304 3811; x_wconf 87' lang='lat' dir='ltr'><strong>considerarent</strong></span> <span class='ocrx_word' id='word_1_559' title='bbox 2350 3767 2418 3808; x_wconf 90' lang='lat' dir='ltr'><strong>ac</strong></span> <span class='ocrx_word' id='word_1_560' title='bbox 2468 3751 2758 3807; x_wconf 79' lang='lat' dir='ltr'><strong>crederent</strong></span> <span class='ocrx_word' id='word_1_561' title='bbox 2809 3749 3128 3804; x_wconf 63' lang='lat' dir='ltr'><strong>laetarentur</strong></span> <span class='ocrx_word' id='word_1_562' title='bbox 3179 3749 3355 3818; x_wconf 86' lang='lat' dir='ltr'><strong>magis</strong></span> <span class='ocrx_word' id='word_1_563' title='bbox 3407 3762 3477 3803; x_wconf 90' lang='lat' dir='ltr'><strong>ac</strong></span> 
     </span>
    </p>
   </div>
   <div class='ocr_carea' id='block_1_82' title="bbox 1884 3841 3476 3920">
    <p class='ocr_par' dir='ltr' id='par_1_82' title="bbox 1884 3841 3476 3920">
     <span class='ocr_line' id='line_1_82' title="bbox 1884 3841 3476 3920; baseline -0.005 -17"><span class='ocrx_word' id='word_1_564' title='bbox 1884 3850 2254 3920; x_wconf 67' lang='lat' dir='ltr'><strong>gloriarentur</strong></span> <span class='ocrx_word' id='word_1_565' title='bbox 2278 3864 2293 3901; x_wconf 90' lang='lat'><strong>:</strong></span> <span class='ocrx_word' id='word_1_566' title='bbox 2321 3845 2522 3916; x_wconf 90' lang='lat' dir='ltr'><strong>quippe</strong></span> <span class='ocrx_word' id='word_1_567' title='bbox 2543 3858 2667 3899; x_wconf 83' lang='lat' dir='ltr'><strong>cum</strong></span> <span class='ocrx_word' id='word_1_568' title='bbox 2708 3842 2824 3897; x_wconf 79' lang='lat' dir='ltr'><strong>haec</strong></span> <span class='ocrx_word' id='word_1_569' title='bbox 2851 3842 3055 3898; x_wconf 67' lang='lat' dir='ltr'><strong>divina:</strong></span> <span class='ocrx_word' id='word_1_570' title='bbox 3084 3841 3304 3896; x_wconf 87' lang='lat' dir='ltr'><strong>virtutis</strong></span> <span class='ocrx_word' id='word_1_571' title='bbox 3348 3855 3476 3911; x_wconf 57' lang='lat' dir='ltr'><strong>per-</strong></span> 
     </span>
    </p>
   </div>
   <div class='ocr_carea' id='block_1_83' title="bbox 1887 3932 3472 4009">
    <p class='ocr_par' dir='ltr' id='par_1_83' title="bbox 1887 3932 3472 4009">
     <span class='ocr_line' id='line_1_83' title="bbox 1887 3932 3472 4009; baseline -0.006 -14"><span class='ocrx_word' id='word_1_572' title='bbox 1887 3940 2079 4009; x_wconf 84' lang='lat' dir='ltr'><strong>spicua</strong></span> <span class='ocrx_word' id='word_1_573' title='bbox 2112 3937 2313 3992; x_wconf 85' lang='lat' dir='ltr'><strong>indicia</strong></span> <span class='ocrx_word' id='word_1_574' title='bbox 2344 3943 2533 3990; x_wconf 88' lang='lat' dir='ltr'><strong>essent</strong></span> <span class='ocrx_word' id='word_1_575' title='bbox 2567 3952 2581 3988; x_wconf 92' lang='lat'><strong>:</strong></span> <span class='ocrx_word' id='word_1_576' title='bbox 2617 3940 3004 4007; x_wconf 74' lang='lat' dir='ltr'><strong>exSpectarent</strong></span> <span class='ocrx_word' id='word_1_577' title='bbox 3042 3934 3276 4003; x_wconf 87' lang='lat' dir='ltr'><strong>denique</strong></span> <span class='ocrx_word' id='word_1_578' title='bbox 3305 3932 3472 3988; x_wconf 89' lang='lat' dir='ltr'><strong>etiam</strong></span> 
     </span>
    </p>
   </div>
   <div class='ocr_carea' id='block_1_84' title="bbox 1894 4020 3476 4089">
    <p class='ocr_par' dir='ltr' id='par_1_84' title="bbox 1894 4020 3476 4089">
     <span class='ocr_line' id='line_1_84' title="bbox 1894 4020 3476 4089; baseline -0.006 -8"><span class='ocrx_word' id='word_1_579' title='bbox 1894 4025 2190 4081; x_wconf 89' lang='lat' dir='ltr'><strong>secundam</strong></span> <span class='ocrx_word' id='word_1_580' title='bbox 2248 4038 2280 4078; x_wconf 92' lang='lat' dir='ltr'><strong>e</strong></span> <span class='ocrx_word' id='word_1_581' title='bbox 2339 4024 2481 4077; x_wconf 59' lang='lat' dir='ltr'><strong>caelo</strong></span> <span class='ocrx_word' id='word_1_582' title='bbox 2533 4035 2754 4075; x_wconf 80' lang='lat' dir='ltr'><strong>rursum</strong></span> <span class='ocrx_word' id='word_1_583' title='bbox 2800 4035 2927 4074; x_wconf 84' lang='lat' dir='ltr'><strong>cum</strong></span> <span class='ocrx_word' id='word_1_584' title='bbox 2978 4020 3262 4089; x_wconf 76' lang='lat' dir='ltr'><strong>majestate</strong></span> <span class='ocrx_word' id='word_1_585' title='bbox 3305 4034 3476 4089; x_wconf 88' lang='lat' dir='ltr'><strong>appa-</strong></span> 
     </span>
    </p>
   </div>
   <div class='ocr_carea' id='block_1_85' title="bbox 1886 4110 3476 4182">
    <p class='ocr_par' dir='ltr' id='par_1_85' title="bbox 1886 4110 3476 4182">
     <span class='ocr_line' id='line_1_85' title="bbox 1886 4110 3476 4182; baseline -0.006 -10"><span class='ocrx_word' id='word_1_586' title='bbox 1886 4118 2167 4179; x_wconf 90' lang='lat' dir='ltr'><strong>ritionem,</strong></span> <span class='ocrx_word' id='word_1_587' title='bbox 2233 4112 2534 4182; x_wconf 88' lang='lat' dir='ltr'><strong>mundique</strong></span> <span class='ocrx_word' id='word_1_588' title='bbox 2587 4112 2826 4167; x_wconf 84' lang='lat' dir='ltr'><strong>universi</strong></span> <span class='ocrx_word' id='word_1_589' title='bbox 2876 4110 2931 4165; x_wconf 93' lang='lat' dir='ltr'><strong>in</strong></span> <span class='ocrx_word' id='word_1_590' title='bbox 2966 4111 3161 4168; x_wconf 88' lang='lat' dir='ltr'><strong>melius</strong></span> <span class='ocrx_word' id='word_1_591' title='bbox 3211 4110 3476 4165; x_wconf 88' lang='lat' dir='ltr'><strong>immuta-</strong></span> 
     </span>
    </p>
   </div>
   <div class='ocr_carea' id='block_1_86' title="bbox 169 4201 3472 4285">
    <p class='ocr_par' dir='ltr' id='par_1_86' title="bbox 169 4201 3472 4285">
     <span class='ocr_line' id='line_1_86' title="bbox 169 4201 3472 4285; baseline -0.002 -22"><span class='ocrx_word' id='word_1_592' title='bbox 169 4211 407 4285; x_wconf 67' lang='lat' dir='ltr'><strong>tionem,</strong></span> <span class='ocrx_word' id='word_1_593' title='bbox 445 4222 658 4265; x_wconf 86' lang='lat' dir='ltr'><strong>necnon</strong></span> <span class='ocrx_word' id='word_1_594' title='bbox 688 4214 1031 4261; x_wconf 83' lang='lat' dir='ltr'><strong>mortuorum</strong></span> <span class='ocrx_word' id='word_1_595' title='bbox 1059 4210 1546 4275; x_wconf 83' lang='lat' dir='ltr'><strong>resurrectionem,</strong></span> <span class='ocrx_word' id='word_1_596' title='bbox 1582 4211 1975 4283; x_wconf 88' lang='lat' dir='ltr'><strong>justorumque</strong></span> <span class='ocrx_word' id='word_1_597' title='bbox 1996 4205 2422 4264; x_wconf 75' lang='lat' dir='ltr'><strong>viviﬁcationem</strong></span> <span class='ocrx_word' id='word_1_598' title='bbox 2455 4217 2520 4258; x_wconf 90' lang='lat' dir='ltr'><strong>ac</strong></span> <span class='ocrx_word' id='word_1_599' title='bbox 2550 4212 2900 4274; x_wconf 88' lang='lat' dir='ltr'><strong>peccatorum</strong></span> <span class='ocrx_word' id='word_1_600' title='bbox 2934 4201 3472 4257; x_wconf 79' lang='lat' dir='ltr'><strong>condemnationem.</strong></span> 
     </span>
    </p>
   </div>
   <div class='ocr_carea' id='block_1_87' title="bbox 212 4302 717 4368">
    <p class='ocr_par' dir='ltr' id='par_1_87' title="bbox 212 4302 717 4368">
     <span class='ocr_line' id='line_1_87' title="bbox 212 4302 717 4368; baseline -0.01 -7"><span class='ocrx_word' id='word_1_601' title='bbox 212 4306 262 4337; x_wconf 76' lang='lat'><strong>“</strong></span> <span class='ocrx_word' id='word_1_602' title='bbox 287 4305 515 4361; x_wconf 82' lang='lat' dir='ltr'><strong>Coloss.</strong></span> <span class='ocrx_word' id='word_1_603' title='bbox 563 4319 603 4368; x_wconf 88' lang='grc' dir='ltr'><strong>ι,</strong></span> <span class='ocrx_word' id='word_1_604' title='bbox 628 4302 717 4357; x_wconf 79' lang='grc'><strong>15.</strong></span> 
     </span>
    </p>
   </div>
   <div class='ocr_carea' id='block_1_88' title="bbox 178 4435 1778 4510">
    <p class='ocr_par' dir='ltr' id='par_1_88' title="bbox 178 4435 1778 4510">
     <span class='ocr_line' id='line_1_88' title="bbox 178 4435 1778 4510; baseline -0.002 -17"><span class='ocrx_word' id='word_1_605' title='bbox 178 4440 539 4510; x_wconf 62' lang='grc' dir='ltr'>θεραπευτάς</span> <span class='ocrx_word' id='word_1_606' title='bbox 567 4452 664 4492; x_wconf 90' lang='lat' dir='ltr'><strong>seu</strong></span> <span class='ocrx_word' id='word_1_607' title='bbox 691 4437 935 4510; x_wconf 78' lang='lat' dir='ltr'><strong>cultores</strong></span> <span class='ocrx_word' id='word_1_608' title='bbox 976 4435 1329 4510; x_wconf 79' lang='lat' dir='ltr'><strong>Christianos</strong></span> <span class='ocrx_word' id='word_1_609' title='bbox 1352 4436 1466 4506; x_wconf 91' lang='lat' dir='ltr'><strong>jam</strong></span> <span class='ocrx_word' id='word_1_610' title='bbox 1492 4444 1616 4510; x_wconf 77' lang='lat' dir='ltr'><strong>tum</strong></span> <span class='ocrx_word' id='word_1_611' title='bbox 1655 4450 1778 4490; x_wconf 90' lang='lat' dir='ltr'><strong>mo-</strong></span> 
     </span>
    </p>
   </div>
   <div class='ocr_carea' id='block_1_89' title="bbox 179 4506 1775 4577">
    <p class='ocr_par' dir='ltr' id='par_1_89' title="bbox 179 4506 1775 4577">
     <span class='ocr_line' id='line_1_89' title="bbox 179 4506 1775 4577; baseline -0.003 -12"><span class='ocrx_word' id='word_1_612' title='bbox 179 4506 393 4565; x_wconf 68' lang='lat' dir='ltr'><strong>nachos</strong></span> <span class='ocrx_word' id='word_1_613' title='bbox 427 4508 761 4577; x_wconf 15' lang='lat' dir='ltr'><strong>fuisse,iqui</strong></span> <span class='ocrx_word' id='word_1_614' title='bbox 781 4507 964 4562; x_wconf 84' lang='lat' dir='ltr'><strong>Marco</strong></span> <span class='ocrx_word' id='word_1_615' title='bbox 995 4507 1227 4562; x_wconf 89' lang='lat' dir='ltr'><strong>doctore</strong></span> <span class='ocrx_word' id='word_1_616' title='bbox 1260 4506 1608 4577; x_wconf 70' lang='lat' dir='ltr'><strong>Alexandria:</strong></span> <span class='ocrx_word' id='word_1_617' title='bbox 1630 4521 1775 4576; x_wconf 68' lang='lat' dir='ltr'><strong>prae—</strong></span> 
     </span>
    </p>
   </div>
   <div class='ocr_carea' id='block_1_90' title="bbox 180 4576 1778 4650">
    <p class='ocr_par' dir='ltr' id='par_1_90' title="bbox 180 4576 1778 4650">
     <span class='ocr_line' id='line_1_90' title="bbox 180 4576 1778 4650; baseline -0.003 -15"><span class='ocrx_word' id='word_1_618' title='bbox 180 4591 414 4643; x_wconf 87' lang='lat' dir='ltr'><strong>starent,</strong></span> <span class='ocrx_word' id='word_1_619' title='bbox 445 4577 603 4650; x_wconf 83' lang='lat' dir='ltr'><strong>quod</strong></span> <span class='ocrx_word' id='word_1_620' title='bbox 633 4576 1259 4650; x_wconf 33' lang='lat' dir='ltr'><strong>Jcrosolymishﬁdeles,</strong></span> <span class='ocrx_word' id='word_1_621' title='bbox 1280 4591 1422 4650; x_wconf 85' lang='lat' dir='ltr'><strong>quos</strong></span> <span class='ocrx_word' id='word_1_622' title='bbox 1452 4576 1632 4632; x_wconf 88' lang='lat' dir='ltr'><strong>Lucas</strong></span> <span class='ocrx_word' id='word_1_623' title='bbox 1686 4591 1778 4650; x_wconf 80' lang='lat' dir='ltr'><strong>re-</strong></span> 
     </span>
    </p>
   </div>
   <div class='ocr_carea' id='block_1_91' title="bbox 181 4647 1784 4717">
    <p class='ocr_par' dir='ltr' id='par_1_91' title="bbox 181 4647 1784 4717">
     <span class='ocr_line' id='line_1_91' title="bbox 181 4647 1784 4717; baseline -0.002 -14"><span class='ocrx_word' id='word_1_624' title='bbox 181 4649 310 4715; x_wconf 81' lang='lat' dir='ltr'><strong>fert,</strong></span> <span class='ocrx_word' id='word_1_625' title='bbox 370 4647 628 4706; x_wconf 76' lang='lat' dir='ltr'><strong>venditis</strong></span> <span class='ocrx_word' id='word_1_626' title='bbox 676 4647 1143 4717; x_wconf 70' lang='lat' dir='ltr'><strong>posseSsionibus,</strong></span> <span class='ocrx_word' id='word_1_627' title='bbox 1196 4647 1263 4702; x_wconf 91' lang='lat' dir='ltr'><strong>ad</strong></span> <span class='ocrx_word' id='word_1_628' title='bbox 1293 4647 1461 4717; x_wconf 84' lang='lat' dir='ltr'><strong>pedes</strong></span> <span class='ocrx_word' id='word_1_629' title='bbox 1496 4647 1784 4717; x_wconf 85' lang='lat' dir='ltr'><strong>apostolo-</strong></span> 
     </span>
    </p>
   </div>
   <div class='ocr_carea' id='block_1_92' title="bbox 179 4717 1785 4791">
    <p class='ocr_par' dir='ltr' id='par_1_92' title="bbox 179 4717 1785 4791">
     <span class='ocr_line' id='line_1_92' title="bbox 179 4717 1785 4791; baseline -0.002 -18"><span class='ocrx_word' id='word_1_630' title='bbox 179 4721 594 4791; x_wconf 90' lang='lat' dir='ltr'><strong>rumpretium</strong></span> <span class='ocrx_word' id='word_1_631' title='bbox 637 4718 928 4791; x_wconf 78' lang='lat' dir='ltr'><strong>detulisse,</strong></span> <span class='ocrx_word' id='word_1_632' title='bbox 984 4717 1357 4791; x_wconf 79' lang='lat' dir='ltr'><strong>habuisseque</strong></span> <span class='ocrx_word' id='word_1_633' title='bbox 1404 4719 1588 4771; x_wconf 89' lang='lat' dir='ltr'><strong>omnia</strong></span> <span class='ocrx_word' id='word_1_634' title='bbox 1629 4731 1785 4791; x_wconf 81' lang='lat' dir='ltr'><strong>com-</strong></span> 
     </span>
    </p>
   </div>
   <div class='ocr_carea' id='block_1_93' title="bbox 184 4787 1781 4861">
    <p class='ocr_par' dir='ltr' id='par_1_93' title="bbox 184 4787 1781 4861">
     <span class='ocr_line' id='line_1_93' title="bbox 184 4787 1781 4861; baseline -0.002 -17"><span class='ocrx_word' id='word_1_635' title='bbox 184 4787 410 4861; x_wconf 74' lang='lat' dir='ltr'><strong>munia;</strong></span> <span class='ocrx_word' id='word_1_636' title='bbox 441 4804 578 4861; x_wconf 72' lang='lat' dir='ltr'><strong>qua:</strong></span> <span class='ocrx_word' id='word_1_637' title='bbox 607 4788 770 4861; x_wconf 77' lang='lat' dir='ltr'><strong>nobis</strong></span> <span class='ocrx_word' id='word_1_638' title='bbox 804 4788 984 4843; x_wconf 79' lang='lat' dir='ltr'><strong>forma</strong></span> <span class='ocrx_word' id='word_1_639' title='bbox 1016 4787 1287 4858; x_wconf 69' lang='lat' dir='ltr'><strong>religiosae</strong></span> <span class='ocrx_word' id='word_1_640' title='bbox 1331 4787 1693 4861; x_wconf 66' lang='lat' dir='ltr'><strong>paupertatis,</strong></span> <span class='ocrx_word' id='word_1_641' title='bbox 1725 4787 1781 4861; x_wconf 79' lang='lat' dir='ltr'><strong>in</strong></span> 
     </span>
    </p>
   </div>
   <div class='ocr_carea' id='block_1_94' title="bbox 185 4855 1779 4932">
    <p class='ocr_par' dir='ltr' id='par_1_94' title="bbox 185 4855 1779 4932">
     <span class='ocr_line' id='line_1_94' title="bbox 185 4855 1779 4932; baseline -0.001 -19"><span class='ocrx_word' id='word_1_642' title='bbox 185 4855 403 4932; x_wconf 61' lang='lat' dir='ltr'><strong>Christi</strong></span> <span class='ocrx_word' id='word_1_643' title='bbox 442 4855 810 4932; x_wconf 66' lang='lat' dir='ltr'><strong>i&#39;ps:i_familia</strong></span> <span class='ocrx_word' id='word_1_644' title='bbox 840 4867 896 4912; x_wconf 90' lang='lat' dir='ltr'><strong>et</strong></span> <span class='ocrx_word' id='word_1_645' title='bbox 921 4855 1188 4932; x_wconf 71' lang='lat' dir='ltr'><strong>apostolis</strong></span> <span class='ocrx_word' id='word_1_646' title='bbox 1231 4855 1590 4932; x_wconf 68' lang='lat' dir='ltr'><strong>consecrata.</strong></span> <span class='ocrx_word' id='word_1_647' title='bbox 1622 4855 1779 4923; x_wconf 86' lang='lat' dir='ltr'><strong>Quod</strong></span> 
     </span>
    </p>
   </div>
   <div class='ocr_carea' id='block_1_95' title="bbox 188 4928 1785 4999">
    <p class='ocr_par' dir='ltr' id='par_1_95' title="bbox 188 4928 1785 4999">
     <span class='ocr_line' id='line_1_95' title="bbox 188 4928 1785 4999; baseline -0.001 -18"><span class='ocrx_word' id='word_1_648' title='bbox 188 4929 266 4999; x_wconf 85' lang='lat' dir='ltr'><strong>ita</strong></span> <span class='ocrx_word' id='word_1_649' title='bbox 287 4928 536 4986; x_wconf 67' lang='lat' dir='ltr'><strong>senserit</strong></span> <span class='ocrx_word' id='word_1_650' title='bbox 573 4929 847 4983; x_wconf 86' lang='lat' dir='ltr'><strong>Eusebius</strong></span> <span class='ocrx_word' id='word_1_651' title='bbox 875 4937 932 4983; x_wconf 88' lang='lat' dir='ltr'><strong>et</strong></span> <span class='ocrx_word' id='word_1_652' title='bbox 958 4928 1293 4999; x_wconf 73' lang='lat' dir='ltr'><strong>scripserit,</strong></span> <span class='ocrx_word' id='word_1_653' title='bbox 1322 4928 1567 4998; x_wconf 77' lang='lat' dir='ltr'><strong>graviter</strong></span> <span class='ocrx_word' id='word_1_654' title='bbox 1592 4942 1785 4999; x_wconf 80' lang='lat' dir='ltr'><strong>repre-</strong></span> 
     </span>
    </p>
   </div>
   <div class='ocr_carea' id='block_1_96' title="bbox 192 4997 1785 5070">
    <p class='ocr_par' dir='ltr' id='par_1_96' title="bbox 192 4997 1785 5070">
     <span class='ocr_line' id='line_1_96' title="bbox 192 4997 1785 5070; baseline 0.001 -20"><span class='ocrx_word' id='word_1_655' title='bbox 192 4997 386 5054; x_wconf 85' lang='lat' dir='ltr'><strong>hendit</strong></span> <span class='ocrx_word' id='word_1_656' title='bbox 432 5000 691 5070; x_wconf 70' lang='lat' dir='ltr'><strong>Scaliger</strong></span> <span class='ocrx_word' id='word_1_657' title='bbox 702 4999 861 5070; x_wconf 58' lang='lat' dir='ltr'><strong>libro</strong></span> <span class='ocrx_word' id='word_1_658' title='bbox 889 5013 945 5054; x_wconf 82' lang='grc' dir='ltr'><strong>νι</strong></span> <span class='ocrx_word' id='word_1_659' title='bbox 968 4999 1059 5070; x_wconf 61' lang='grc' dir='ltr'>ρο</span> <span class='ocrx_word' id='word_1_660' title='bbox 1099 4997 1305 5070; x_wconf 70' lang='lat' dir='ltr'><strong>erneud.</strong></span> <span class='ocrx_word' id='word_1_661' title='bbox 1336 4997 1785 5070; x_wconf 67' lang='lat' dir='ltr'><strong>temporum,_ei-</strong></span> 
     </span>
    </p>
   </div>
   <div class='ocr_carea' id='block_1_97' title="bbox 192 5067 1782 5137">
    <p class='ocr_par' dir='ltr' id='par_1_97' title="bbox 192 5067 1782 5137">
     <span class='ocr_line' id='line_1_97' title="bbox 192 5067 1782 5137; baseline 0.001 -17"><span class='ocrx_word' id='word_1_662' title='bbox 192 5083 301 5137; x_wconf 88' lang='lat' dir='ltr'><strong>que</strong></span> <span class='ocrx_word' id='word_1_663' title='bbox 335 5067 645 5126; x_wconf 84' lang='lat' dir='ltr'><strong>assentitur</strong></span> <span class='ocrx_word' id='word_1_664' title='bbox 674 5068 900 5124; x_wconf 78' lang='lat' dir='ltr'><strong>ilenric.</strong></span> <span class='ocrx_word' id='word_1_665' title='bbox 963 5069 1218 5125; x_wconf 79' lang='lat' dir='ltr'><strong>Valesius</strong></span> <span class='ocrx_word' id='word_1_666' title='bbox 1281 5070 1350 5121; x_wconf 87' lang='lat' dir='ltr'><strong>ad</strong></span> <span class='ocrx_word' id='word_1_667' title='bbox 1376 5067 1633 5122; x_wconf 86' lang='lat' dir='ltr'><strong>eumdem</strong></span> <span class='ocrx_word' id='word_1_668' title='bbox 1670 5068 1782 5121; x_wconf 87' lang='lat' dir='ltr'><strong>Eu-</strong></span> 
     </span>
    </p>
   </div>
   <div class='ocr_carea' id='block_1_98' title="bbox 193 5137 1788 5209">
    <p class='ocr_par' dir='ltr' id='par_1_98' title="bbox 193 5137 1788 5209">
     <span class='ocr_line' id='line_1_98' title="bbox 193 5137 1788 5209; baseline 0.002 -19"><span class='ocrx_word' id='word_1_669' title='bbox 193 5138 445 5209; x_wconf 84' lang='lat' dir='ltr'><strong>sebium;</strong></span> <span class='ocrx_word' id='word_1_670' title='bbox 472 5156 585 5196; x_wconf 86' lang='lat' dir='ltr'><strong>nec</strong></span> <span class='ocrx_word' id='word_1_671' title='bbox 617 5147 808 5209; x_wconf 90' lang='lat' dir='ltr'><strong>putem</strong></span> <span class='ocrx_word' id='word_1_672' title='bbox 840 5139 1146 5209; x_wconf 86' lang='lat' dir='ltr'><strong>abhorrere</strong></span> <span class='ocrx_word' id='word_1_673' title='bbox 1177 5152 1317 5209; x_wconf 84' lang='lat' dir='ltr'><strong>quos</strong></span> <span class='ocrx_word' id='word_1_674' title='bbox 1347 5151 1542 5209; x_wconf 74' lang='lat' dir='ltr'><strong>omnes</strong></span> <span class='ocrx_word' id='word_1_675' title='bbox 1586 5137 1644 5191; x_wconf 90' lang='lat' dir='ltr'><strong>in</strong></span> <span class='ocrx_word' id='word_1_676' title='bbox 1672 5153 1788 5193; x_wconf 85' lang='lat' dir='ltr'><strong>nta-</strong></span> 
     </span>
    </p>
   </div>
   <div class='ocr_carea' id='block_1_99' title="bbox 193 5207 1785 5279">
    <p class='ocr_par' dir='ltr' id='par_1_99' title="bbox 193 5207 1785 5279">
     <span class='ocr_line' id='line_1_99' title="bbox 193 5207 1785 5279; baseline 0.001 -18"><span class='ocrx_word' id='word_1_677' title='bbox 193 5208 363 5279; x_wconf 77' lang='lat' dir='ltr'><strong>nibus</strong></span> <span class='ocrx_word' id='word_1_678' title='bbox 400 5210 577 5266; x_wconf 81' lang='lat' dir='ltr'><strong>Marci</strong></span> <span class='ocrx_word' id='word_1_679' title='bbox 619 5207 948 5264; x_wconf 74' lang='lat' dir='ltr'><strong>laudatores</strong></span> <span class='ocrx_word' id='word_1_680' title='bbox 1000 5207 1399 5279; x_wconf 52' lang='lat' dir='ltr'><strong>habeo&#39;(Beda</strong></span> <span class='ocrx_word' id='word_1_681' title='bbox 1450 5215 1683 5279; x_wconf 76' lang='lat' dir='ltr'><strong>excepto</strong></span> <span class='ocrx_word' id='word_1_682' title='bbox 1729 5218 1785 5262; x_wconf 91' lang='lat' dir='ltr'><strong>et</strong></span> 
     </span>
    </p>
   </div>
   <div class='ocr_carea' id='block_1_100' title="bbox 193 5274 1784 5349">
    <p class='ocr_par' dir='ltr' id='par_1_100' title="bbox 193 5274 1784 5349">
     <span class='ocr_line' id='line_1_100' title="bbox 193 5274 1784 5349; baseline -0.001 -18"><span class='ocrx_word' id='word_1_683' title='bbox 193 5276 507 5349; x_wconf 79' lang='lat' dir='ltr'><strong>Damiano),</strong></span> <span class='ocrx_word' id='word_1_684' title='bbox 570 5280 843 5340; x_wconf 84' lang='lat' dir='ltr'><strong>Nicetam,</strong></span> <span class='ocrx_word' id='word_1_685' title='bbox 907 5274 1249 5348; x_wconf 81' lang='lat' dir='ltr'><strong>Procopium</strong></span> <span class='ocrx_word' id='word_1_686' title='bbox 1303 5277 1500 5349; x_wconf 87' lang='lat' dir='ltr'><strong>rhet.,__</strong></span> <span class='ocrx_word' id='word_1_687' title='bbox 1535 5274 1784 5349; x_wconf 80' lang='lat' dir='ltr'><strong>Lauren-</strong></span> 
     </span>
    </p>
   </div>
   <div class='ocr_carea' id='block_1_101' title="bbox 194 5346 1785 5420">
    <p class='ocr_par' dir='ltr' id='par_1_101' title="bbox 194 5346 1785 5420">
     <span class='ocr_line' id='line_1_101' title="bbox 194 5346 1785 5420; baseline 0 -19"><span class='ocrx_word' id='word_1_688' title='bbox 194 5347 333 5420; x_wconf 89' lang='lat' dir='ltr'><strong>tium</strong></span> <span class='ocrx_word' id='word_1_689' title='bbox 353 5346 592 5417; x_wconf 80' lang='lat' dir='ltr'><strong>Justin.,</strong></span> <span class='ocrx_word' id='word_1_690' title='bbox 618 5359 752 5415; x_wconf 88' lang='lat' dir='ltr'><strong>etc.,</strong></span> <span class='ocrx_word' id='word_1_691' title='bbox 801 5349 949 5420; x_wconf 87' lang='lat' dir='ltr'><strong>quod</strong></span> <span class='ocrx_word' id='word_1_692' title='bbox 986 5349 1043 5420; x_wconf 86' lang='lat' dir='ltr'><strong>in</strong></span> <span class='ocrx_word' id='word_1_693' title='bbox 1090 5346 1209 5403; x_wconf 81' lang='lat' dir='ltr'><strong>suis</strong></span> <span class='ocrx_word' id='word_1_694' title='bbox 1263 5346 1543 5420; x_wconf 75' lang='lat' dir='ltr'><strong>encomiis</strong></span> <span class='ocrx_word' id='word_1_695' title='bbox 1578 5347 1785 5420; x_wconf 76' lang='lat' dir='ltr'><strong>nullam</strong></span> 
     </span>
    </p>
   </div>
   <div class='ocr_carea' id='block_1_102' title="bbox 197 5416 1784 5488">
    <p class='ocr_par' dir='ltr' id='par_1_102' title="bbox 197 5416 1784 5488">
     <span class='ocr_line' id='line_1_102' title="bbox 197 5416 1784 5488; baseline 0 -18"><span class='ocrx_word' id='word_1_696' title='bbox 197 5419 320 5488; x_wconf 88' lang='lat' dir='ltr'><strong>ejus</strong></span> <span class='ocrx_word' id='word_1_697' title='bbox 349 5423 430 5477; x_wconf 90' lang='lat' dir='ltr'><strong>rei</strong></span> <span class='ocrx_word' id='word_1_698' title='bbox 462 5416 1097 5483; x_wconf 42' lang='lat' dir='ltr'><strong>mentionem—fecerint,</strong></span> <span class='ocrx_word' id='word_1_699' title='bbox 1131 5429 1195 5473; x_wconf 90' lang='lat' dir='ltr'><strong>ut</strong></span> <span class='ocrx_word' id='word_1_700' title='bbox 1228 5433 1333 5488; x_wconf 83' lang='lat' dir='ltr'><strong>nec</strong></span> <span class='ocrx_word' id='word_1_701' title='bbox 1370 5416 1546 5473; x_wconf 60' lang='lat' dir='ltr'><strong>Graeci</strong></span> <span class='ocrx_word' id='word_1_702' title='bbox 1585 5416 1643 5488; x_wconf 78' lang='lat' dir='ltr'><strong>in</strong></span> <span class='ocrx_word' id='word_1_703' title='bbox 1670 5416 1784 5488; x_wconf 84' lang='lat' dir='ltr'><strong>Me-</strong></span> 
     </span>
    </p>
   </div>
   <div class='ocr_carea' id='block_1_103' title="bbox 195 5485 1782 5563">
    <p class='ocr_par' dir='ltr' id='par_1_103' title="bbox 195 5485 1782 5563">
     <span class='ocr_line' id='line_1_103' title="bbox 195 5485 1782 5563; baseline 0.002 -23"><span class='ocrx_word' id='word_1_704' title='bbox 195 5485 371 5563; x_wconf 68' lang='lat' dir='ltr'><strong>naeis:</strong></span> <span class='ocrx_word' id='word_1_705' title='bbox 416 5506 665 5563; x_wconf 79' lang='lat' dir='ltr'><strong>quorum</strong></span> <span class='ocrx_word' id='word_1_706' title='bbox 705 5488 958 5563; x_wconf 75' lang='lat' dir='ltr'><strong>proinde</strong></span> <span class='ocrx_word' id='word_1_707' title='bbox 1006 5503 1110 5558; x_wconf 79' lang='lat' dir='ltr'><strong>ego</strong></span> <span class='ocrx_word' id='word_1_708' title='bbox 1153 5486 1427 5563; x_wconf 79' lang='lat' dir='ltr'><strong>judicium</strong></span> <span class='ocrx_word' id='word_1_709' title='bbox 1479 5501 1593 5541; x_wconf 91' lang='lat' dir='ltr'><strong>non</strong></span> <span class='ocrx_word' id='word_1_710' title='bbox 1613 5485 1782 5563; x_wconf 86' lang='lat' dir='ltr'><strong>_l&#39;a_ci.|e</strong></span> 
     </span>
    </p>
   </div>
   <div class='ocr_carea' id='block_1_104' title="bbox 200 5557 1787 5630">
    <p class='ocr_par' dir='ltr' id='par_1_104' title="bbox 200 5557 1787 5630">
     <span class='ocr_line' id='line_1_104' title="bbox 200 5557 1787 5630; baseline -0.001 -16"><span class='ocrx_word' id='word_1_711' title='bbox 200 5557 513 5630; x_wconf 78' lang='lat' dir='ltr'><strong>reieceriin.</strong></span> <span class='ocrx_word' id='word_1_712' title='bbox 542 5557 780 5620; x_wconf 79' lang='lat' dir='ltr'><strong>Uteniin</strong></span> <span class='ocrx_word' id='word_1_713' title='bbox 812 5557 1068 5630; x_wconf 87' lang='lat' dir='ltr'><strong>placeant</strong></span> <span class='ocrx_word' id='word_1_714' title='bbox 1102 5557 1502 5630; x_wconf 88' lang='lat' dir='ltr'><strong>monachorum</strong></span> <span class='ocrx_word' id='word_1_715' title='bbox 1541 5557 1787 5630; x_wconf 79' lang='lat' dir='ltr'><strong>origines</strong></span> 
     </span>
    </p>
   </div>
   <div class='ocr_carea' id='block_1_105' title="bbox 201 5628 1786 5703">
    <p class='ocr_par' dir='ltr' id='par_1_105' title="bbox 201 5628 1786 5703">
     <span class='ocr_line' id='line_1_105' title="bbox 201 5628 1786 5703; baseline 0.001 -23"><span class='ocrx_word' id='word_1_716' title='bbox 201 5629 282 5682; x_wconf 88' lang='lat' dir='ltr'><strong>sic</strong></span> <span class='ocrx_word' id='word_1_717' title='bbox 315 5633 584 5703; x_wconf 64' lang='lat' dir='ltr'><strong>antiquas,</strong></span> <span class='ocrx_word' id='word_1_718' title='bbox 614 5646 727 5687; x_wconf 92' lang='lat' dir='ltr'><strong>non</strong></span> <span class='ocrx_word' id='word_1_719' title='bbox 762 5628 958 5703; x_wconf 58' lang='lat' dir='ltr'><strong>iamen</strong></span> <span class='ocrx_word' id='word_1_720' title='bbox 1000 5628 1176 5703; x_wconf 69' lang='lat' dir='ltr'><strong>iacile</strong></span> <span class='ocrx_word' id='word_1_721' title='bbox 1201 5637 1309 5703; x_wconf 78' lang='lat' dir='ltr'><strong>est,</strong></span> <span class='ocrx_word' id='word_1_722' title='bbox 1361 5637 1510 5703; x_wconf 76' lang='lat' dir='ltr'><strong>tanta</strong></span> <span class='ocrx_word' id='word_1_723' title='bbox 1536 5642 1660 5698; x_wconf 70' lang='lat' dir='ltr'><strong>quae</strong></span> <span class='ocrx_word' id='word_1_724' title='bbox 1682 5628 1786 5703; x_wconf 81' lang='lat' dir='ltr'><strong>ob-</strong></span> 
     </span>
    </p>
   </div>
   <div class='ocr_carea' id='block_1_106' title="bbox 204 5698 1786 5776">
    <p class='ocr_par' dir='ltr' id='par_1_106' title="bbox 204 5698 1786 5776">
     <span class='ocr_line' id='line_1_106' title="bbox 204 5698 1786 5776; baseline 0.003 -27"><span class='ocrx_word' id='word_1_725' title='bbox 204 5705 355 5776; x_wconf 72' lang='lat' dir='ltr'><strong>stant</strong></span> <span class='ocrx_word' id='word_1_726' title='bbox 377 5698 723 5776; x_wconf 74' lang='lat' dir='ltr'><strong>d_eéoquerc._</strong></span> <span class='ocrx_word' id='word_1_727' title='bbox 756 5701 931 5776; x_wconf 62' lang='lat' dir='ltr'><strong>Erant</strong></span> <span class='ocrx_word' id='word_1_728' title='bbox 965 5698 1381 5776; x_wconf 73' lang='lat' dir='ltr'><strong>_Al_exandri:e_a</strong></span> <span class='ocrx_word' id='word_1_729' title='bbox 1406 5698 1581 5776; x_wconf 80' lang='lat' dir='ltr'><strong>prima</strong></span> <span class='ocrx_word' id='word_1_730' title='bbox 1611 5699 1786 5769; x_wconf 85' lang='lat' dir='ltr'><strong>capti-</strong></span> 
     </span>
    </p>
   </div>
   <div class='ocr_carea' id='block_1_107' title="bbox 208 5769 1782 5839">
    <p class='ocr_par' dir='ltr' id='par_1_107' title="bbox 208 5769 1782 5839">
     <span class='ocr_line' id='line_1_107' title="bbox 208 5769 1782 5839; baseline 0.004 -21"><span class='ocrx_word' id='word_1_731' title='bbox 208 5769 375 5839; x_wconf 71' lang='lat' dir='ltr'><strong>vitate</strong></span> <span class='ocrx_word' id='word_1_732' title='bbox 412 5769 855 5829; x_wconf 72' lang='lat' dir='ltr'><strong>innumerabiles</strong></span> <span class='ocrx_word' id='word_1_733' title='bbox 874 5769 1089 5836; x_wconf 73' lang='lat' dir='ltr'><strong>Judaei;</strong></span> <span class='ocrx_word' id='word_1_734' title='bbox 1125 5769 1237 5839; x_wconf 87' lang='lat' dir='ltr'><strong>ipsi</strong></span> <span class='ocrx_word' id='word_1_735' title='bbox 1251 5769 1387 5839; x_wconf 81' lang='lat' dir='ltr'><strong>legis</strong></span> <span class='ocrx_word' id='word_1_736' title='bbox 1409 5769 1782 5839; x_wconf 70' lang='lat' dir='ltr'><strong>mntulatores,</strong></span> 
     </span>
    </p>
   </div>
   <div class='ocr_carea' id='block_1_108' title="bbox 202 5831 1787 5913">
    <p class='ocr_par' dir='ltr' id='par_1_108' title="bbox 202 5831 1787 5913">
     <span class='ocr_line' id='line_1_108' title="bbox 202 5831 1787 5913; baseline 0.007 -27"><span class='ocrx_word' id='word_1_737' title='bbox 202 5831 261 5887; x_wconf 83' lang='lat' dir='ltr'><strong>in</strong></span> <span class='ocrx_word' id='word_1_738' title='bbox 322 5841 530 5908; x_wconf 79' lang='lat' dir='ltr'><strong>quibus</strong></span> <span class='ocrx_word' id='word_1_739' title='bbox 569 5853 729 5901; x_wconf 84' lang='lat' dir='ltr'><strong>erant</strong></span> <span class='ocrx_word' id='word_1_740' title='bbox 770 5843 819 5897; x_wconf 80' lang='lat' dir='ltr'><strong>ot</strong></span> <span class='ocrx_word' id='word_1_741' title='bbox 877 5841 946 5898; x_wconf 77' lang='grc' dir='ltr'>τὰ</span> <span class='ocrx_word' id='word_1_742' title='bbox 990 5831 1200 5913; x_wconf 72' lang='grc' dir='ltr'>πατρία</span> <span class='ocrx_word' id='word_1_743' title='bbox 1254 5831 1693 5911; x_wconf 57' lang='grc' dir='ltr'>φῦεοσοφοῦντες,</span> <span class='ocrx_word' id='word_1_744' title='bbox 1729 5831 1787 5897; x_wconf 76' lang='grc' dir='ltr'>οὶ</span> 
     </span>
    </p>
   </div>
   <div class='ocr_carea' id='block_1_109' title="bbox 1887 4429 3471 4504">
    <p class='ocr_par' dir='ltr' id='par_1_109' title="bbox 1887 4429 3471 4504">
     <span class='ocr_line' id='line_1_109' title="bbox 1887 4429 3471 4504; baseline -0.001 -15"><span class='ocrx_word' id='word_1_745' title='bbox 1887 4434 2209 4498; x_wconf 80' lang='grc' dir='ltr'>ἀσκοῦντες,</span> <span class='ocrx_word' id='word_1_746' title='bbox 2245 4433 2340 4504; x_wconf 83' lang='lat' dir='ltr'><strong>qui</strong></span> <span class='ocrx_word' id='word_1_747' title='bbox 2373 4430 2779 4504; x_wconf 82' lang='lat' dir='ltr'><strong>vitaseveriori</strong></span> <span class='ocrx_word' id='word_1_748' title='bbox 2802 4430 3150 4504; x_wconf 80' lang='lat' dir='ltr'><strong>sanctitatem</strong></span> <span class='ocrx_word' id='word_1_749' title='bbox 3162 4429 3471 4504; x_wconf 60' lang='lat' dir='ltr'><strong>quamdam</strong></span> 
     </span>
    </p>
   </div>
   <div class='ocr_carea' id='block_1_110' title="bbox 1886 4498 3470 4576">
    <p class='ocr_par' dir='ltr' id='par_1_110' title="bbox 1886 4498 3470 4576">
     <span class='ocr_line' id='line_1_110' title="bbox 1886 4498 3470 4576; baseline -0.003 -16"><span class='ocrx_word' id='word_1_750' title='bbox 1886 4507 2055 4576; x_wconf 82' lang='lat' dir='ltr'><strong>vulgo</strong></span> <span class='ocrx_word' id='word_1_751' title='bbox 2073 4498 2338 4576; x_wconf 81' lang='lat' dir='ltr'><strong>majorem</strong></span> <span class='ocrx_word' id='word_1_752' title='bbox 2365 4502 2715 4576; x_wconf 63' lang='lat' dir='ltr'><strong>praeferrent,</strong></span> <span class='ocrx_word' id='word_1_753' title='bbox 2744 4516 2885 4576; x_wconf 85' lang='lat' dir='ltr'><strong>quos</strong></span> <span class='ocrx_word' id='word_1_754' title='bbox 2907 4498 3470 4576; x_wconf 7' lang='lat' dir='ltr'><strong>latuisseplfhilonem,</strong></span> 
     </span>
    </p>
   </div>
   <div class='ocr_carea' id='block_1_111' title="bbox 1814 4550 3473 4640">
    <p class='ocr_par' dir='ltr' id='par_1_111' title="bbox 1814 4550 3473 4640">
     <span class='ocr_line' id='line_1_111' title="bbox 1814 4550 3473 4640; baseline -0.003 -7"><span class='ocrx_word' id='word_1_755' title='bbox 1814 4550 1859 4606; x_wconf 76' lang='grc' dir='ltr'><strong>θ</strong></span> <span class='ocrx_word' id='word_1_756' title='bbox 1886 4550 2464 4633; x_wconf 53' lang='grc' dir='ltr'><strong>,ἱῦἕιῗιῇἰίὲῚεὲεὲηιέιῖ</strong></span> <span class='ocrx_word' id='word_1_757' title='bbox 2487 4550 3473 4640; x_wconf 43' lang='lat' dir='ltr'><strong>(inrisum:{una}tamen};</strong></span> 
     </span>
    </p>
   </div>
   <div class='ocr_carea' id='block_1_112' title="bbox 1886 4641 3469 4717">
    <p class='ocr_par' dir='ltr' id='par_1_112' title="bbox 1886 4641 3469 4717">
     <span class='ocr_line' id='line_1_112' title="bbox 1886 4641 3469 4717; baseline -0.003 -16"><span class='ocrx_word' id='word_1_758' title='bbox 1886 4655 2096 4717; x_wconf 85' lang='lat' dir='ltr'><strong>ageret,</strong></span> <span class='ocrx_word' id='word_1_759' title='bbox 2136 4658 2432 4717; x_wconf 75' lang='lat' dir='ltr'><strong>rerumque</strong></span> <span class='ocrx_word' id='word_1_760' title='bbox 2472 4642 2831 4717; x_wconf 58' lang='lat' dir='ltr'><strong>,Iuilaicarum</strong></span> <span class='ocrx_word' id='word_1_761' title='bbox 2882 4641 3254 4709; x_wconf 83' lang='lat' dir='ltr'><strong>peritissimus</strong></span> <span class='ocrx_word' id='word_1_762' title='bbox 3298 4649 3469 4717; x_wconf 69' lang='lat' dir='ltr'><strong>esset,</strong></span> 
     </span>
    </p>
   </div>
   <div class='ocr_carea' id='block_1_113' title="bbox 1886 4711 3471 4782">
    <p class='ocr_par' dir='ltr' id='par_1_113' title="bbox 1886 4711 3471 4782">
     <span class='ocr_line' id='line_1_113' title="bbox 1886 4711 3471 4782; baseline -0.002 -12"><span class='ocrx_word' id='word_1_763' title='bbox 1886 4711 1991 4771; x_wconf 77' lang='lat' dir='ltr'><strong>néc</strong></span> <span class='ocrx_word' id='word_1_764' title='bbox 2024 4730 2152 4771; x_wconf 90' lang='lat' dir='ltr'><strong>eum</strong></span> <span class='ocrx_word' id='word_1_765' title='bbox 2211 4730 2301 4769; x_wconf 89' lang='lat' dir='ltr'><strong>res</strong></span> <span class='ocrx_word' id='word_1_766' title='bbox 2347 4711 2691 4769; x_wconf 63' lang='lat' dir='ltr'><strong>Christianae</strong></span> <span class='ocrx_word' id='word_1_767' title='bbox 2716 4740 2723 4747; x_wconf 92' lang='lat'><strong>-</strong></span> <span class='ocrx_word' id='word_1_768' title='bbox 2749 4711 3010 4773; x_wconf 81' lang='lat' dir='ltr'><strong>laterent,</strong></span> <span class='ocrx_word' id='word_1_769' title='bbox 3049 4726 3193 4782; x_wconf 62' lang='lat' dir='ltr'><strong>aegre</strong></span> <span class='ocrx_word' id='word_1_770' title='bbox 3224 4711 3471 4782; x_wconf 57' lang='lat' dir='ltr'><strong>suaderi</strong></span> 
     </span>
    </p>
   </div>
   <div class='ocr_carea' id='block_1_114' title="bbox 1925 4780 3474 4853">
    <p class='ocr_par' dir='ltr' id='par_1_114' title="bbox 1925 4780 3474 4853">
     <span class='ocr_line' id='line_1_114' title="bbox 1925 4780 3474 4853; baseline -0.001 -14"><span class='ocrx_word' id='word_1_771' title='bbox 1925 4796 2091 4842; x_wconf 90' lang='lat' dir='ltr'><strong>otest.</strong></span> <span class='ocrx_word' id='word_1_772' title='bbox 2145 4783 2431 4840; x_wconf 82' lang='lat' dir='ltr'><strong>Accedunt</strong></span> <span class='ocrx_word' id='word_1_773' title='bbox 2489 4783 2595 4837; x_wconf 86' lang='lat' dir='ltr'><strong>alia</strong></span> <span class='ocrx_word' id='word_1_774' title='bbox 2649 4797 2772 4853; x_wconf 67' lang='lat' dir='ltr'><strong>quae</strong></span> <span class='ocrx_word' id='word_1_775' title='bbox 2808 4780 3163 4853; x_wconf 67' lang='lat' dir='ltr'><strong>prosequitur</strong></span> <span class='ocrx_word' id='word_1_776' title='bbox 3223 4780 3474 4853; x_wconf 81' lang='lat' dir='ltr'><strong>Valesius</strong></span> 
     </span>
    </p>
   </div>
   <div class='ocr_carea' id='block_1_115' title="bbox 1906 4850 3466 4927">
    <p class='ocr_par' dir='ltr' id='par_1_115' title="bbox 1906 4850 3466 4927">
     <span class='ocr_line' id='line_1_115' title="bbox 1906 4850 3466 4927; baseline -0.003 -16"><span class='ocrx_word' id='word_1_777' title='bbox 1906 4871 2047 4927; x_wconf 83' lang='lat' dir='ltr'><strong>onge</strong></span> <span class='ocrx_word' id='word_1_778' title='bbox 2078 4855 2298 4910; x_wconf 74' lang='lat' dir='ltr'><strong>diversa</strong></span> <span class='ocrx_word' id='word_1_779' title='bbox 2320 4854 2392 4908; x_wconf 90' lang='lat' dir='ltr'><strong>ab</strong></span> <span class='ocrx_word' id='word_1_780' title='bbox 2409 4853 2544 4927; x_wconf 77' lang='lat' dir='ltr'><strong>_i_lli_s</strong></span> <span class='ocrx_word' id='word_1_781' title='bbox 2569 4850 2692 4927; x_wconf 63' lang='lat' dir='ltr'><strong>quae</strong></span> <span class='ocrx_word' id='word_1_782' title='bbox 2746 4850 2905 4907; x_wconf 87' lang='lat' dir='ltr'><strong>erant</strong></span> <span class='ocrx_word' id='word_1_783' title='bbox 2949 4850 3249 4927; x_wconf 73' lang='lat' dir='ltr'><strong>Christiani</strong></span> <span class='ocrx_word' id='word_1_784' title='bbox 3300 4852 3466 4927; x_wconf 82' lang='lat' dir='ltr'><strong>ritus,</strong></span> 
     </span>
    </p>
   </div>
   <div class='ocr_carea' id='block_1_116' title="bbox 1885 4920 3476 4996">
    <p class='ocr_par' dir='ltr' id='par_1_116' title="bbox 1885 4920 3476 4996">
     <span class='ocr_line' id='line_1_116' title="bbox 1885 4920 3476 4996; baseline -0.003 -16"><span class='ocrx_word' id='word_1_785' title='bbox 1885 4936 1942 4981; x_wconf 91' lang='lat' dir='ltr'><strong>et</strong></span> <span class='ocrx_word' id='word_1_786' title='bbox 1969 4920 2092 4996; x_wconf 64' lang='lat' dir='ltr'><strong>qua:</strong></span> <span class='ocrx_word' id='word_1_787' title='bbox 2125 4933 2348 4996; x_wconf 89' lang='lat' dir='ltr'><strong>recepta</strong></span> <span class='ocrx_word' id='word_1_788' title='bbox 2395 4920 3152 4996; x_wconf 71' lang='lat' dir='ltr'><strong>Christianorum_moribus</strong></span> <span class='ocrx_word' id='word_1_789' title='bbox 3178 4920 3476 4996; x_wconf 60' lang='grc' dir='ltr'><strong>Δπίει-οεοιν-</strong></span> 
     </span>
    </p>
   </div>
   <div class='ocr_carea' id='block_1_117' title="bbox 1880 4991 3471 5052">
    <p class='ocr_par' dir='ltr' id='par_1_117' title="bbox 1880 4991 3471 5052">
     <span class='ocr_line' id='line_1_117' title="bbox 1880 4991 3471 5052; baseline -0.001 -2"><span class='ocrx_word' id='word_1_790' title='bbox 1880 4991 2001 5052; x_wconf 77' lang='lat' dir='ltr'><strong>‘mis</strong></span> <span class='ocrx_word' id='word_1_791' title='bbox 2046 5010 2151 5050; x_wconf 89' lang='lat' dir='ltr'><strong>nos</strong></span> <span class='ocrx_word' id='word_1_792' title='bbox 2180 4991 2346 5049; x_wconf 77' lang='lat' dir='ltr'><strong>docet</strong></span> <span class='ocrx_word' id='word_1_793' title='bbox 2378 4993 2617 5048; x_wconf 78' lang='lat' dir='ltr'><strong>Actuum</strong></span> <span class='ocrx_word' id='word_1_794' title='bbox 2654 4993 2818 5048; x_wconf 88' lang='lat' dir='ltr'><strong>liber.</strong></span> <span class='ocrx_word' id='word_1_795' title='bbox 2858 4992 3115 5046; x_wconf 69' lang='lat' dir='ltr'><strong>Diversus</strong></span> <span class='ocrx_word' id='word_1_796' title='bbox 3144 4991 3214 5045; x_wconf 86' lang='lat' dir='ltr'><strong>ab</strong></span> <span class='ocrx_word' id='word_1_797' title='bbox 3245 4991 3471 5049; x_wconf 80' lang='lat' dir='ltr'><strong>Essenis</strong></span> 
     </span>
    </p>
   </div>
   <div class='ocr_carea' id='block_1_118' title="bbox 1885 5062 3472 5132">
    <p class='ocr_par' dir='ltr' id='par_1_118' title="bbox 1885 5062 3472 5132">
     <span class='ocr_line' id='line_1_118' title="bbox 1885 5062 3472 5132; baseline -0.001 -12"><span class='ocrx_word' id='word_1_798' title='bbox 1885 5066 2136 5121; x_wconf 81' lang='lat' dir='ltr'><strong>ostendit</strong></span> <span class='ocrx_word' id='word_1_799' title='bbox 2190 5064 2440 5120; x_wconf 87' lang='lat' dir='ltr'><strong>Valesius</strong></span> <span class='ocrx_word' id='word_1_800' title='bbox 2499 5072 2693 5118; x_wconf 87' lang='lat' dir='ltr'><strong>contra</strong></span> <span class='ocrx_word' id='word_1_801' title='bbox 2739 5062 3298 5132; x_wconf 36' lang='lat' dir='ltr'><strong>ScaligerumLMihi</strong></span> <span class='ocrx_word' id='word_1_802' title='bbox 3359 5077 3472 5119; x_wconf 78' lang='lat' dir='ltr'><strong>non</strong></span> 
     </span>
    </p>
   </div>
   <div class='ocr_carea' id='block_1_119' title="bbox 1886 5130 3471 5206">
    <p class='ocr_par' dir='ltr' id='par_1_119' title="bbox 1886 5130 3471 5206">
     <span class='ocr_line' id='line_1_119' title="bbox 1886 5130 3471 5206; baseline -0.003 -16"><span class='ocrx_word' id='word_1_803' title='bbox 1886 5136 2019 5206; x_wconf 84' lang='lat' dir='ltr'><strong>licet</strong></span> <span class='ocrx_word' id='word_1_804' title='bbox 2069 5136 2229 5206; x_wconf 87' lang='lat' dir='ltr'><strong>plura</strong></span> <span class='ocrx_word' id='word_1_805' title='bbox 2278 5135 2584 5206; x_wconf 76' lang='lat' dir='ltr'><strong>inquirere.</strong></span> <span class='ocrx_word' id='word_1_806' title='bbox 2636 5130 3029 5206; x_wconf 51' lang='lat' dir='ltr'><strong>Monacho&#39;ruln</strong></span> <span class='ocrx_word' id='word_1_807' title='bbox 3087 5130 3471 5206; x_wconf 51' lang='lat' dir='ltr'><strong>{Egyptiorum</strong></span> 
     </span>
    </p>
   </div>
   <div class='ocr_carea' id='block_1_120' title="bbox 1886 5201 3469 5277">
    <p class='ocr_par' dir='ltr' id='par_1_120' title="bbox 1886 5201 3469 5277">
     <span class='ocr_line' id='line_1_120' title="bbox 1886 5201 3469 5277; baseline -0.004 -17"><span class='ocrx_word' id='word_1_808' title='bbox 1886 5201 2153 5277; x_wconf 80' lang='lat' dir='ltr'><strong>origines.</strong></span> <span class='ocrx_word' id='word_1_809' title='bbox 2187 5213 2311 5275; x_wconf 88' lang='lat' dir='ltr'><strong>post</strong></span> <span class='ocrx_word' id='word_1_810' title='bbox 2345 5201 2470 5277; x_wconf 83' lang='lat' dir='ltr'><strong>illas</strong></span> <span class='ocrx_word' id='word_1_811' title='bbox 2497 5202 2854 5277; x_wconf 78' lang='lat' dir='ltr'><strong>Jcrosolymis</strong></span> <span class='ocrx_word' id='word_1_812' title='bbox 2879 5201 3021 5277; x_wconf 87' lang='lat' dir='ltr'><strong>et_in</strong></span> <span class='ocrx_word' id='word_1_813' title='bbox 3074 5201 3469 5277; x_wconf 76' lang='lat' dir='ltr'><strong>apostolis_de&#39;-</strong></span> 
     </span>
    </p>
   </div>
   <div class='ocr_carea' id='block_1_121' title="bbox 1882 5271 3470 5346">
    <p class='ocr_par' dir='ltr' id='par_1_121' title="bbox 1882 5271 3470 5346">
     <span class='ocr_line' id='line_1_121' title="bbox 1882 5271 3470 5346; baseline -0.004 -16"><span class='ocrx_word' id='word_1_814' title='bbox 1882 5271 2259 5346; x_wconf 65' lang='lat' dir='ltr'><strong>&#39;signationes.</strong></span> <span class='ocrx_word' id='word_1_815' title='bbox 2295 5275 2531 5346; x_wconf 86' lang='lat' dir='ltr'><strong>maxime</strong></span> <span class='ocrx_word' id='word_1_816' title='bbox 2560 5271 2756 5343; x_wconf 77' lang='lat' dir='ltr'><strong>probo,</strong></span> <span class='ocrx_word' id='word_1_817' title='bbox 2782 5288 2920 5346; x_wconf 83' lang='lat' dir='ltr'><strong>quas</strong></span> <span class='ocrx_word' id='word_1_818' title='bbox 2943 5271 2998 5326; x_wconf 92' lang='lat' dir='ltr'><strong>in</strong></span> <span class='ocrx_word' id='word_1_819' title='bbox 3031 5271 3314 5326; x_wconf 84' lang='lat' dir='ltr'><strong>monachis</strong></span> <span class='ocrx_word' id='word_1_820' title='bbox 3340 5271 3470 5346; x_wconf 68' lang='lat' dir='ltr'><strong>Bai.-</strong></span> 
     </span>
    </p>
   </div>
   <div class='ocr_carea' id='block_1_122' title="bbox 1889 5341 3470 5412">
    <p class='ocr_par' dir='ltr' id='par_1_122' title="bbox 1889 5341 3470 5412">
     <span class='ocr_line' id='line_1_122' title="bbox 1889 5341 3470 5412; baseline -0.003 -13"><span class='ocrx_word' id='word_1_821' title='bbox 1889 5341 2079 5400; x_wconf 61' lang='lat' dir='ltr'><strong>th&#39;unis</strong></span> <span class='ocrx_word' id='word_1_822' title='bbox 2104 5355 2162 5399; x_wconf 91' lang='lat' dir='ltr'><strong>et</strong></span> <span class='ocrx_word' id='word_1_823' title='bbox 2186 5344 2418 5401; x_wconf 89' lang='lat' dir='ltr'><strong>Sinaitis</strong></span> <span class='ocrx_word' id='word_1_824' title='bbox 2450 5341 2619 5400; x_wconf 78' lang='lat' dir='ltr'><strong>habet</strong></span> <span class='ocrx_word' id='word_1_825' title='bbox 2669 5341 2998 5399; x_wconf 83' lang='lat' dir='ltr'><strong>Ammonius</strong></span> <span class='ocrx_word' id='word_1_826' title='bbox 3035 5358 3067 5396; x_wconf 89' lang='lat' dir='ltr'><strong>a</strong></span> <span class='ocrx_word' id='word_1_827' title='bbox 3115 5357 3201 5396; x_wconf 89' lang='lat' dir='ltr'><strong>me</strong></span> <span class='ocrx_word' id='word_1_828' title='bbox 3256 5341 3470 5412; x_wconf 80' lang='lat' dir='ltr'><strong>produ-</strong></span> 
     </span>
    </p>
   </div>
   <div class='ocr_carea' id='block_1_123' title="bbox 1887 5410 3467 5485">
    <p class='ocr_par' dir='ltr' id='par_1_123' title="bbox 1887 5410 3467 5485">
     <span class='ocr_line' id='line_1_123' title="bbox 1887 5410 3467 5485; baseline -0.004 -14"><span class='ocrx_word' id='word_1_829' title='bbox 1887 5424 2031 5480; x_wconf 85' lang='lat' dir='ltr'><strong>ctus,</strong></span> <span class='ocrx_word' id='word_1_830' title='bbox 2062 5415 2419 5485; x_wconf 89' lang='lat' dir='ltr'><strong>insinuatque</strong></span> <span class='ocrx_word' id='word_1_831' title='bbox 2461 5415 2684 5485; x_wconf 84' lang='lat' dir='ltr'><strong>Antonii</strong></span> <span class='ocrx_word' id='word_1_832' title='bbox 2735 5414 2878 5485; x_wconf 84' lang='lat' dir='ltr'><strong>Vita,</strong></span> <span class='ocrx_word' id='word_1_833' title='bbox 2907 5422 2966 5468; x_wconf 93' lang='lat' dir='ltr'><strong>et</strong></span> <span class='ocrx_word' id='word_1_834' title='bbox 3006 5412 3160 5485; x_wconf 67' lang='lat' dir='ltr'><strong>Bauli</strong></span> <span class='ocrx_word' id='word_1_835' title='bbox 3191 5410 3467 5485; x_wconf 69' lang='lat' dir='ltr'><strong>Erernitae,</strong></span> 
     </span>
    </p>
   </div>
   <div class='ocr_carea' id='block_1_124' title="bbox 1887 5478 3469 5556">
    <p class='ocr_par' dir='ltr' id='par_1_124' title="bbox 1887 5478 3469 5556">
     <span class='ocr_line' id='line_1_124' title="bbox 1887 5478 3469 5556; baseline -0.003 -16"><span class='ocrx_word' id='word_1_836' title='bbox 1887 5500 1953 5541; x_wconf 89' lang='lat' dir='ltr'><strong>ac</strong></span> <span class='ocrx_word' id='word_1_837' title='bbox 1972 5478 2025 5540; x_wconf 89' lang='lat' dir='ltr'><strong>si</strong></span> <span class='ocrx_word' id='word_1_838' title='bbox 2055 5484 2187 5556; x_wconf 89' lang='lat' dir='ltr'><strong>quid</strong></span> <span class='ocrx_word' id='word_1_839' title='bbox 2214 5478 2394 5541; x_wconf 71' lang='lat' dir='ltr'><strong>exstat</strong></span> <span class='ocrx_word' id='word_1_840' title='bbox 2414 5485 2503 5541; x_wconf 88' lang='lat' dir='ltr'><strong>his</strong></span> <span class='ocrx_word' id='word_1_841' title='bbox 2558 5478 2871 5556; x_wconf 77' lang='lat' dir='ltr'><strong>antiquius,</strong></span> <span class='ocrx_word' id='word_1_842' title='bbox 2921 5481 3086 5537; x_wconf 88' lang='lat' dir='ltr'><strong>modo</strong></span> <span class='ocrx_word' id='word_1_843' title='bbox 3141 5496 3286 5536; x_wconf 75' lang='lat' dir='ltr'><strong>sana:</strong></span> <span class='ocrx_word' id='word_1_844' title='bbox 3315 5478 3469 5556; x_wconf 78' lang='lat' dir='ltr'><strong>iidei,</strong></span> 
     </span>
    </p>
   </div>
   <div class='ocr_carea' id='block_1_125' title="bbox 1885 5551 3472 5627">
    <p class='ocr_par' dir='ltr' id='par_1_125' title="bbox 1885 5551 3472 5627">
     <span class='ocr_line' id='line_1_125' title="bbox 1885 5551 3472 5627; baseline -0.002 -17"><span class='ocrx_word' id='word_1_845' title='bbox 1885 5571 2007 5627; x_wconf 83' lang='lat' dir='ltr'><strong>non</strong></span> <span class='ocrx_word' id='word_1_846' title='bbox 2051 5551 2497 5627; x_wconf 78' lang='lat' dir='ltr'><strong>apocryphorum</strong></span> <span class='ocrx_word' id='word_1_847' title='bbox 2554 5551 2846 5627; x_wconf 76' lang='lat' dir='ltr'><strong>insomniis</strong></span> <span class='ocrx_word' id='word_1_848' title='bbox 2868 5561 3092 5627; x_wconf 72' lang='lat' dir='ltr'><strong>nutans,</strong></span> <span class='ocrx_word' id='word_1_849' title='bbox 3112 5559 3228 5627; x_wconf 80' lang='lat' dir='ltr'><strong>_:_t_ut</strong></span> <span class='ocrx_word' id='word_1_850' title='bbox 3285 5551 3472 5627; x_wconf 76' lang='lat' dir='ltr'><strong>minus</strong></span> 
     </span>
    </p>
   </div>
   <div class='ocr_carea' id='block_1_126' title="bbox 1885 5619 3468 5695">
    <p class='ocr_par' dir='ltr' id='par_1_126' title="bbox 1885 5619 3468 5695">
     <span class='ocr_line' id='line_1_126' title="bbox 1885 5619 3468 5695; baseline -0.004 -13"><span class='ocrx_word' id='word_1_851' title='bbox 1885 5619 2273 5695; x_wconf 48' lang='lat' dir='ltr'><strong>exploratum:</strong></span> <span class='ocrx_word' id='word_1_852' title='bbox 2319 5626 2378 5683; x_wconf 90' lang='lat' dir='ltr'><strong>Si</strong></span> <span class='ocrx_word' id='word_1_853' title='bbox 2422 5626 2513 5681; x_wconf 89' lang='lat' dir='ltr'><strong>cui</strong></span> <span class='ocrx_word' id='word_1_854' title='bbox 2558 5635 2756 5695; x_wconf 79' lang='lat' dir='ltr'><strong>tamen</strong></span> <span class='ocrx_word' id='word_1_855' title='bbox 2792 5621 3048 5686; x_wconf 81' lang='lat' dir='ltr'><strong>Eusebii,</strong></span> <span class='ocrx_word' id='word_1_856' title='bbox 3110 5619 3468 5695; x_wconf 77' lang='lat' dir='ltr'><strong>Hieronymi,</strong></span> 
     </span>
    </p>
   </div>
   <div class='ocr_carea' id='block_1_127' title="bbox 1888 5690 3471 5766">
    <p class='ocr_par' dir='ltr' id='par_1_127' title="bbox 1888 5690 3471 5766">
     <span class='ocr_line' id='line_1_127' title="bbox 1888 5690 3471 5766; baseline -0.001 -17"><span class='ocrx_word' id='word_1_857' title='bbox 1888 5690 2209 5766; x_wconf 79' lang='lat' dir='ltr'><strong>Epiphanii,</strong></span> <span class='ocrx_word' id='word_1_858' title='bbox 2239 5705 2374 5761; x_wconf 89' lang='lat' dir='ltr'><strong>etc.,</strong></span> <span class='ocrx_word' id='word_1_859' title='bbox 2403 5695 2679 5766; x_wconf 84' lang='lat' dir='ltr'><strong>sententia</strong></span> <span class='ocrx_word' id='word_1_860' title='bbox 2706 5693 2909 5765; x_wconf 89' lang='lat' dir='ltr'><strong>placet,</strong></span> <span class='ocrx_word' id='word_1_861' title='bbox 2936 5690 3220 5766; x_wconf 84' lang='lat' dir='ltr'><strong>ut_magi_s</strong></span> <span class='ocrx_word' id='word_1_862' title='bbox 3269 5690 3360 5761; x_wconf 74' lang='lat' dir='ltr'><strong>pia</strong></span> <span class='ocrx_word' id='word_1_863' title='bbox 3410 5701 3471 5748; x_wconf 85' lang='lat' dir='ltr'><strong>et</strong></span> 
     </span>
    </p>
   </div>
   <div class='ocr_carea' id='block_1_128' title="bbox 1886 5759 3470 5893">
    <p class='ocr_par' dir='ltr' id='par_1_128' title="bbox 1886 5759 3470 5893">
     <span class='ocr_line' id='line_1_128' title="bbox 1886 5759 3470 5893; baseline 0 -73"><span class='ocrx_word' id='word_1_864' title='bbox 1886 5759 2097 5893; x_wconf 51' lang='lat' dir='ltr'><strong>faves:</strong></span> <span class='ocrx_word' id='word_1_865' title='bbox 2137 5759 2392 5824; x_wconf 85' lang='lat' dir='ltr'><strong>instituto</strong></span> <span class='ocrx_word' id='word_1_866' title='bbox 2460 5759 2901 5829; x_wconf 78' lang='lat' dir='ltr'><strong>monachorum,</strong></span> <span class='ocrx_word' id='word_1_867' title='bbox 2965 5759 3470 5847; x_wconf 41' lang='lat' dir='ltr'><strong>adcat’Baroniam</strong></span> 
     </span>
     <span class='ocr_line' id='line_1_129' title="bbox 1890 5851 2297 5893; baseline 0.012 -2"><span class='ocrx_word' id='word_1_868' title='bbox 1890 5851 1982 5891; x_wconf 86' lang='lat' dir='ltr'><strong>an.</strong></span> <span class='ocrx_word' id='word_1_869' title='bbox 2087 5878 2102 5893; x_wconf 90' lang='lat'><strong>.</strong></span> <span class='ocrx_word' id='word_1_870' title='bbox 2290 5856 2297 5864; x_wconf 62' lang='grc' dir='ltr'>ί</span> 
     </span>
    </p>
   </div>
   <div class='ocr_carea' id='block_1_129' title="bbox 1890 5851 2297 5893">
    <p class='ocr_par' dir='ltr' id='par_1_129' title="bbox 1890 5851 2297 5893">
     <span class='ocr_line' id='line_1_130' title="bbox 1890 5851 2297 5893; baseline 0.012 -3"><span class='ocrx_word' id='word_1_871' title='bbox 1890 5851 1982 5891; x_wconf 85' lang='lat' dir='ltr'><strong>an.</strong></span> <span class='ocrx_word' id='word_1_872' title='bbox 2012 5851 2102 5893; x_wconf 68' lang='grc'><strong>04.</strong></span> <span class='ocrx_word' id='word_1_873' title='bbox 2290 5856 2297 5864; x_wconf 74' lang='grc'><strong><em>⁸</em></strong></span> 
     </span>
    </p>
   </div>
  </div>
