4040 6410
214 422 324 489 297

1025 415 1308 478 ORATIO
1346 416 1464 477 XV.
1504 440 1574 451 —
1609 415 1694 476 ῘΝ
1731 412 2049 476 LAUDEM
2076 413 2134 474 S.
2166 412 2409 475 MARCI
2445 412 2701 476 APOST.

3389 418 3494 481 298

219 540 499 609 πανιέρως
531 533 1045 602 διασκευαζόμενος,
1102 533 1199 586 καὶ
1238 528 1552 601 προσευχὰς
1604 527 1805 597 ἐγγρά-

1914 526 2271 583 cmremonias
2350 531 2726 586 sacratissime
2778 544 3116 604 componens
3170 549 3234 592 ac
3306 552 3499 608 preces

219 648 359 699 φους
390 627 735 698 παραδιδοὺς,
767 627 863 679 καὶ
890 626 990 695 τὴν
1022 622 1291 695 μυστικὴν
1322 622 1418 675 καὶ
1466 620 1806 689 ἀναίμακτον

217 722 317 776 τοῦ
360 718 672 792 ζωαρχικοῦ
723 718 980 787 σώματος
1028 715 1127 768 καὶ
1156 711 1807 783 αἵματοςὶεροτελεστίαν

218 833 281 867 τε
345 815 438 870 καὶ
493 810 862 882 λειτουργίαν,
912 806 1277 868 θεοτυπὼτοις
1327 804 1676 876 παραδόσεσι,
1713 803 1809 855 καὶ

217 902 475 973 ἀμώμοις
511 900 592 971 τῷ
640 900 919 972 πνεύματι
967 897 1399 966 διατυπούμενος
1440 895 1804 958 ἁκολουθίαις,

215 996 389 1049 τύπον
437 1013 497 1048 τε
536 995 647 1047 τῶν
679 991 1012 1064 βαπτισμῶν
1069 998 1165 1044 καὶ
1216 987 1565 1061 χειροτονιῶν
1621 987 1805 1059 ἱερῶν,

216 1085 315 1138 καὶ
367 1087 550 1139 πᾶσαν
599 1085 790 1148 ἁπλῶς
835 1085 935 1154 τὴν
981 1080 1443 1152 ὲκκλησιαστικὴν
1499 1079 1805 1151 ἱεραρχίαν,

216 1178 399 1248 εὐχῶν
448 1195 509 1230 τε
546 1170 829 1248 μυστικῶν
884 1175 1230 1248 ἱερολογίαις,
1288 1173 1386 1227 καὶ⁹
1448 1171 1809 1242 συμϐολικαῖς

218 1270 610 1341 θεσμοθεσὶαις
641 1269 1014 1333 ἁποστολικῶς
1047 1267 1467 1337 διαταξάμενος,
1495 1265 1557 1317 οὐ
1588 1266 1655 1334 τῇ
1688 1263 1809 1316 κατ’

222 1365 389 1418 αὑτὸν
414 1366 576 1434 γενεᾷ
612 1364 795 1434 μόνον,
844 1364 981 1418 ἀλλὰ
1033 1364 1128 1416 καὶ
1169 1362 1371 1423 πάσαις
1406 1360 1555 1429 ἑξῆς,
1605 1356 1809 1428 ἱεροθέ-

216 1471 323 1522 της
359 1455 648 1523 σωτήριος,
702 1454 798 1507 καὶ
842 1455 1036 1524 καινῆς
1087 1449 1353 1521 διαθήκης
1383 1448 1605 1519 ἄριστος
1652 1462 1814 1515 νομο-

223 1547 390 1615 θέτης
429 1546 802 1616 ἀναπέφηνεν.

294 1637 404 1688 Καὶ
433 1636 532 1705 οὐχ
573 1635 763 1707 ὥσπερ
800 1637 1006 1706 Μωσῆς
1050 1636 1258 1697 ἐκεῖνος
1297 1636 1325 1686 ὁ
1373 1632 1538 1697 πάνυ,
1571 1632 1811 1703 κραταιᾷ

217 1728 366 1797 χειρὶ
429 1729 543 1789 τοῖς
597 1728 916 1795 Αἰγυπτίοις
954 1725 1315 1797 ὲμπεπαιλώς
1338 1744 1351 1757 ·
1386 1727 1524 1797 πρὸς
1554 1725 1653 1793 τὴν
1681 1723 1810 1795 ἔρη-

219 1836 323 1886 μον
351 1818 407 1871 δὲ
439 1820 534 1871 καὶ
586 1819 648 1872 τὸ
693 1820 823 1891 ὅρος
864 1820 1233 1892 διαϐεϐηκώς·
1264 1818 1487 1877 ἐδέξατο
1537 1817 1636 1887 μὲν
1667 1817 1808 1871 ἄνω-

1916 618 2124 687 seripto
2154 619 2400 684 tradens,
2432 622 2833 692 mysticamque
2863 632 2918 678 et
2974 623 3320 682 incruentam
3360 627 3502 683 vivi-

1916 708 2005 763 tici
2038 710 2290 779 corporis
2317 718 2484 782 atque
2510 715 2794 784 sanguinis
2832 715 3264 773 celebrationem
3300 721 3499 776 ritum-

1917 816 2025 869 que
2049 800 2252 857 divinis
2284 804 2699 871 traditionibus,
2728 821 2794 862 ac
2825 808 2975 862 omni
3026 809 3154 881 iabe
3186 811 3341 881 puris
3384 812 3503 868 olli-

1918 894 2020 949 eiis
2053 895 2395 962 informans;
2428 899 2819 970 haptismatum
2853 901 3092 972 denique
3122 919 3187 959 ae
3218 918 3498 962 sacrarum

1917 986 2327 1042 ordinationum
2386 990 2573 1057 ritum,
2606 1006 2935 1063 omnemque
2974 1008 3205 1064 prorsus
3246 996 3503 1051 ecclesia—

1918 1080 2115 1133 sticam
2150 1081 2517 1137 hierarchiam
2552 1098 2775 1154 precum
2800 1088 3152 1157 mysticarum
3189 1088 3364 1145 sacris
3393 1102 3504 1145 ser-

1920 1172 2178 1226 monibus
2214 1187 2279 1228 ae
2332 1175 2654 1245 symbolicis
2703 1178 3147 1237 institutionibus
3199 1183 3502 1252 apostolico

1920 1275 2083 1314 sensu
2121 1271 2365 1333 nutuque
2393 1266 2713 1329 instituens,
2738 1269 2950 1336 [nedum
2985 1286 3121 1336 suae,
3150 1271 3244 1327 sed
3285 1283 3341 1327 et
3362 1287 3500 1327 cun-

1918 1354 2022 1406 ctis
2052 1354 2313 1426 deinceps
2333 1359 2612 1425 aetatibus,
2643 1359 2903 1415 salutaris
2924 1376 3211 1417 sacrorum
3242 1364 3498 1433 antistes,

1919 1446 2158 1515 novique
2184 1450 2499 1504 testamenti
2526 1452 2771 1521 optimus
2797 1453 3079 1524 legislator
3108 1454 3332 1511 eil'ulsit.
3375 1478 3379 1483 τ

1989 1627 2099 1681 Nec
2135 1629 2277 1684 sient
2306 1630 2703 1687 celeberrimus
2744 1632 2836 1688 ille
2871 1633 3049 1691 Moses
3084 1636 3137 1690 in
3172 1651 3338 1692 manu
3368 1636 3498 1693 forti

1918 1722 2200 1790 percussis
2230 1721 2525 1793 IEgyptiis,
2553 1730 2719 1794 atque
2774 1725 2828 1779 in
2884 1726 3164 1783 desertum
3214 1730 3502 1797 secedens,

1917 1828 2337 1884 cunseensoque
2366 1823 2553 1871 monle
2577 1818 2799 1874 cmlitus
2826 1819 3073 1889 quidem,
3108 1832 3164 1875 at
3198 1823 3253 1876 in
3311 1823 3503 1878 littera

213 1911 307 1963 θεν
335 1911 519 1981 νόμον,
553 1912 646 1964 τὸν
696 1913 754 1965 ἑν
793 1913 1082 1983 γράμματι
1117 1913 1203 1966 δέ*
1236 1913 1331 1966 καὶ
1366 1910 1651 1981 νομοθετεῖ
1682 1908 1804 1979 μὲν,

1916 1912 2096 1959 tamen
2129 1906 2365 1973 positam
2391 1906 2590 1978 Legem
2616 1910 2865 1979 accepit;
2890 1924 2956 1965 ac
2983 1910 3102 1976 lege
3127 1911 3350 1983 quidem
3382 1929 3502 1969 san-

214 2004 366 2072 μόνῳ
400 2002 476 2072 τῷ
523 2004 741 2074 Ἰσραὴλ
786 2005 842 2057 δέ
864 2020 877 2033 ·
930 2005 1045 2057 ἀλλ’
1079 2005 1402 2073 Αἰγυπτίοις
1439 2003 1537 2073 μὲν
1568 2004 1802 2073 νοητοῖς,

210 2098 335 2157 ταῖς
385 2096 871 2164 ἅντιτεταγμέναις
903 2096 1191 2167 δυνάμεσι,
1247 2098 1339 2149 καὶ
1372 2098 1508 2150 πᾶσι
1535 2098 1649 2157 τοῖς
1677 2096 1810 2147 ἀσε-

216 2189 372 2239 6ἑσιν
396 2187 506 2239 τῶν
534 2189 850 2256 Αἰγυπτίων
891 2189 1363 2259 συμπλεκόμενος,
1399 2189 1496 2240 καὶ
1526 2178 1808 2255 κατακρά-

215 2297 313 2343 τος
341 2279 565 2340 τούτους
614 2280 987 2350 τροποόμενος
1032 2280 1129 2332 καὶ
1178 2279 1490 2351 καθαιρῶν’
1528 2278 1630 2349 τὴν
1676 2278 1807 2331 ἆσέ·

219 2373 374 2433 ϐειαν
404 2372 461 2425 δὲ
491 2373 670 2426 αὐτῶν
701 2373 794 2427 καὶ
847 2373 1137 2440 ἀσέλγειαν
1168 2373 1506 2442 ἀπημάντως
1541 2371 1617 2435 ὡς
1657 2372 1809 2441 Ἐρυ-

219 2467 356 2537 θράν
399 2469 460 2521 ἐν
506 2466 731 2536 Χριστῷ
774 2466 949 2535 Ἰησοῦ
998 2466 1212 2532 διαϐὰς,
1248 2467 1343 2519 καὶ
1388 2465 1523 2535 πρὸς
1551 2466 1651 2535 τὴν
1682 2467 1808 2535 ἠρε-

219 2558 387 2625 μαίαν
413 2558 508 2611 τοῦ
536 2558 629 2612 νοῦ
661 2557 1000 2612 κατάστασιν
1032 2558 1126 2611 καὶ
1158 2557 1436 2628 γαλήνιον,
1469 2556 1545 2620 ὡς
1595 2555 1805 2626 ἔρημον

216 2651 579 2723 προηωρῶν,
628 2651 723 2705 καὶ
765 2649 843 2721 τῷ
897 2652 996 2720 τῆς
1034 2650 1316 2718 θεολογίας
1352 2651 1806 2722 προσαναόαίνων

211 2742 334 2813 ὄρει
365 2743 541 2812 στόμα
571 2743 712 2796 κατὰ
754 2742 932 2812 στόμα
975 2742 1275 2813 προσλαλεῖ
1306 2742 1384 2812 τῷ
1414 2743 1556 2815 Θεῷο
1593 2746 1687 2796 καὶ
1715 2743 1806 2797 τὸν

213 2832 383 2902 νόμον
425 2834 638 2887 ἐκεῖθεν
673 2834 733 2886 οὐ
760 2834 856 2887 τοῦ
885 2834 1240 2905 γράμματος,
1270 2834 1406 2888 ἀλλὰ
1433 2835 1528 2888 τοῦ
1561 2836 1805 2906 πνεύμα-

215 2941 310 2987 τος
343 2924 717 2995 νομοθετεῖται
738 2942 753 2956 ⁸
785 2927 879 2979 καὶ
931 2917 1276 2997 ἱερουργίαν,
1297 2928 1357 2979 οὑ
1389 2928 1489 2998 τὴν
1522 2929 1580 2980 ἐν
1615 2927 1807 2991 τύποις

214 3033 277 3068 τε
332 3020 425 3070 καὶ
462 3020 665 3081 σκιαῖς,
694 3018 832 3071 ἀλλὰ
861 3017 961 3089 τὴν
1013 3022 1069 3073 ὲν
1100 3019 1329 3089 ἀληθείᾳ
1384 3020 1482 3072 καὶ
1534 3018 1809 3091 πνεύματι

214 3107 603 3179 θεωρουμένην
641 3109 1122 3180 μυσταγωγηθεὶς,
1151 3109 1212 3163 οὐ
1245 3112 1311 3181 τῇ
1341 3110 1464 3164 κατ’
1491 3110 1657 3164 αὑτὸν
1690 3111 1813 3164 Ἐκ-

215 3199 422 3271 κλησὶξι
453 3201 632 3270 μόνον,
670 3201 806 3254 ἀλλὰ
837 3206 902 3272 τῇ
938 3202 1201 3273 καθολικῇ
1242 3203 1543 3273 νομοθετεῖ.
1576 3205 1687 3258 Καὶ
1707 3206 1806 3275 οὐχ
1832 3248 1879 3310 c

215 3293 303 3344 ἑνὶ
329 3293 489 3363 μόνον
515 3294 677 3360 ἔθνει,
704 3295 800 3347 καὶ
830 3294 1005 3366 τούτῳ
1043 3293 1224 3367 μικρῷ
1254 3296 1349 3349 καὶ
1386 3296 1557 3366 ὁρίοις
1586 3298 1805 3367 μικροῖς

213 3383 607 3457 διειλημμὲνῳ,
646 3389 711 3458 τῇ
753 3387 1051 3459 οἱκουμένη
1083 3386 1140 3441 δὲ
1184 3388 1357 3461 πάσῃ,
1395 3390 1488 3443 καὶ
1533 3391 1699 3443 παντὶ
1729 3389 1807 3459 τῷ

212 3478 596 3549 Χριστωνύμῳ
644 3477 972 3549 πληρώματι
1023 3481 1304 3551 μυστικῶς
1361 3483 1665 3536 ἐπιστατεῖ·
1705 3483 1803 3536 καὶ

209 3566 449 3637 διαθήκη
468 3569 649 3639 καινὴ,
680 3572 776 3623 καὶ
804 3569 1100 3641 παράδοσις
1134 3572 1490 3645 ἁποστολικὴ,
1518 3574 1616 3629 καὶ
1641 3575 1805 3645 νόμος

210 3663 494 3732 ἀληθείας,
537 3666 645 3718 πᾶν
668 3666 728 3718 τὸ
758 3669 889 3737 παρ’
924 3666 1136 3720 ἐκείνου
1169 3666 1380 3737 λεχθὲν,
1409 3666 1443 3738 ἦ
1475 3664 1801 3739 παραδοθὲν,

208 3757 274 3808 οὐ
306 3759 419 3821 τοῖς
460 3757 871 3829 Ἀλεξανδρεῦσι
905 3758 1107 3828 μόνοις,
1142 3758 1280 3813 ἀλλὰ
1304 3760 1397 3812 καὶ
1431 3759 1633 3824 πάσαις
1662 3761 1799 3814 καθ-

210 3845 337 3899 όλου
364 3850 486 3910 ταῖς
513 3849 687 3916 ἱεραῖς
732 3847 1085 3917 Ἐκκλησίαις
1113 3850 1460 3921 χρηματίζει,

194 3968 203 3977 -
304 3938 459 3992 Ἐπεὶ
499 3939 556 3991 δὲ
605 3940 807 4019 πάσαις
850 3938 954 4009 μὲν
1000 3942 1391 4005 ἀποστολικαῖς
1424 3942 1800 4013 θεοσημείαις,

209 4030 420 4093 πάσαις
447 4031 505 4084 δὲ
544 4029 717 4094 θείαις
740 4031 1021 4102 χρώμενος
1051 4032 1409 4104 ἱερουργίαις,
1439 4033 1501 4086 τὸ
1529 4034 1691 4105 ἔργον
1724 4035 1806 4087 εὑ-

207 4122 446 4192 ἁρεστον
486 4120 606 4192 Θεῷ
634 4122 729 4175 καὶ⁹
759 4122 968 4175 τέλειον
1005 4123 1104 4193 τῆς
1134 4123 1300 4177 αὐτοῦ
1340 4124 1657 4195 παρέστησε
1686 4124 1803 4177 δια-

208 4215 538 4279 κονίας,καὶ
572 4212 805 4276 πολλοὺς
838 4214 936 4284 μὲν
966 4214 1045 4286 τῷ
1073 4215 1338 4287 χρίσματι
1364 4216 1466 4285 τῆς
1501 4216 1804 4287 ἱερωσύνης

204 4304 600 4368 τετελειωκὼς·
646 4306 999 4375 παμπόλλους
1045 4306 1101 4359 δὲ
1131 4310 1230 4377 τῆς
1263 4306 1550 4377 εἰδωλικῆς
1576 4309 1804 4379 ἀπάτης

205 4400 310 4451 καὶ
341 4398 549 4467 πλάνης
592 4399 902 4470 ῥυσάμενος
922 4438 936 4463 ,
972 4399 1061 4452 διὰ
1091 4398 1330 4463 πίστεως
1374 4399 1695 4471 προσήγαγε
1726 4399 1804 4471 τῷ

200 4489 459 4559 Χριστῷ,
496 4489 644 4553 ἄξιον
677 4489 1106 4562 κέκριταιομηδὲ
1152 4491 1255 4561 τῆς
1284 4490 1650 4564 ἀθλοφορικῆς
1686 4493 1800 4563 (57)

196 4581 377 4634 αὐτὸν
408 4580 801 4652 ἀπολελεῖφθαι
832 4583 1022 4655 τιμῆς.

1917 1997 2011 2061 cit,
2044 2013 2235 2053 verum
2289 1999 2393 2055 soli
2430 1998 2616 2055 lsraeli
2649 2018 2662 2055 :
2697 2002 2948 2070 quinimo
2989 2017 3113 2059 cum
3151 2005 3502 2076 spiritalibus

1919 2091 2190 2165 Egyptiis
2224 2095 2582 2165 (adversariis
2611 2087 2825 2153 scilicet
2857 2101 3224 2169 poteStatibus
3254 2101 3505 2158 cunctis-

1920 2196 2026 2253 que
2056 2181 2441 2255 Egyptiorum
2473 2186 2682 2258 impiis)
2705 2202 3061 2260 congressus,
3091 2190 3267 2261 iisque
3283 2193 3504 2263 penitus

1921 2273 2061 2330 fusis
2097 2288 2161 2329 ac
2221 2274 2546 2345 proﬂigatis,
2599 2292 2814 2332 necnon
2872 2278 3090 2333 illorum
3132 2279 3414 2351 impietate
3438 2294 3504 2338 ac

1920 2364 2168 2428 lascivia,
2204 2365 2383 2421 instar
2409 2366 2577 2422 maris
2599 2362 2773 2422 Rubri
2799 2369 3020 2426 innoxie
3046 2372 3100 2426 in
3122 2370 3343 2428 Christo
3371 2370 3500 2429 Jesu

1917 2464 2205 2526 superata;
2240 2460 2500 2529 velutque
2552 2462 2605 2514 in
2648 2461 2955 2529 desertum,
3007 2463 3074 2519 ad
3142 2466 3502 2536 tranquillum

1916 2553 2116 2606 mentis
2145 2559 2347 2606 statum
2381 2554 2739 2624 quietumque
2769 2556 3054 2622 secedens,
3084 2565 3312 2629 tumque
3334 2563 3458 2615 ahui
3480 2584 3503 2601 ο

1915 2641 1983 2695 de
2018 2656 2327 2699 conscenso
2364 2645 2652 2716 theologia:
2680 2656 2887 2712 monte,
2921 2663 3016 2702 ore
3045 2649 3112 2704 ad
3140 2666 3204 2706 os
3237 2668 3361 2706 eum
3390 2653 3501 2709 Deo

1916 2749 2203 2792 sermones
2263 2739 2490 2806 miscet;
2534 2739 2774 2811 indeque
2813 2755 2922 2796 non
2981 2742 3199 2809 litterae,
3237 2747 3337 2801 sed
3392 2751 3504 2820 spi-

1915 2828 2057 2884 ritus
2090 2829 2264 2901 legem
2300 2831 2566 2901 docetur;
2615 2848 2946 2906 sacramque
2988 2835 3354 2907 iunctionem,
3388 2858 3497 2899 non

1914 2936 2036 2991 quae
2067 2922 2121 2976 in
2166 2923 2357 2994 ﬁguris
2386 2932 2441 2980 et
2492 2924 2740 2991 umbris,
2795 2928 2891 2984 sed
2918 2944 3042 2999 quae
3097 2930 3152 2985 in
3209 2932 3408 3003 spiritu
3445 2942 3501 2990 et

1913 3014 2147 3066 veritate
2176 3013 2536 3085 intelligatur,
2561 3015 2847 3083 hauriens,
2874 3018 3073 3073 nedum
3097 3036 3213 3077 sua:
3236 3023 3373 3091 ipse,
3402 3024 3496 3077 sed

1914 3112 1969 3159 et
2026 3104 2328 3160 universali
2377 3106 2559 3161 sancit
2618 3106 2916 3175 Ecclesiae;
2945 3124 3047 3164 nec
3094 3111 3188 3164 uni
3232 3110 3501 3166 duntaxat

1915 3196 2086 3265 genti,
2112 3198 2275 3275 eique
2312 3196 2607 3268 ejusmodi,
2643 3208 2702 3254 nt
2755 3200 2872 3270 ipsa
2933 3202 3131 3272 exigua
3171 3204 3502 3275 angustiori-

1912 3288 2128 3356 busque
2178 3270 2430 3344 terminis
2487 3288 2890 3360 comprehensa
2937 3270 3049 3357 sit,
3078 3289 3176 3347 sed
3238 3270 3499 3348 universo

1911 3385 2185 3438 terrarum
2218 3379 2336 3434 orbi
2369 3393 2435 3433 ac
2486 3377 2932 3434 Christianorum
2968 3378 3118 3440 omni
3152 3381 3322 3435 coetui
3374 3395 3499 3453 my-

1911 3472 2051 3528 stice
2081 3473 2434 3543 praescribit;
2488 3488 2806 3543 novumque
2834 3481 3228 3528 testamentum
3263 3485 3318 3530 et
3358 3488 3495 3545 apo-

1908 3565 2106 3620 stolica
2141 3566 2386 3632 traditio,
2416 3565 2617 3635 lexque
2636 3565 2885 3620 veritatis
2914 3565 3090 3630 audit,
3121 3566 3389 3636 quidquid
3424 3567 3495 3620 ah

1908 3671 1974 3710 eo
2000 3655 2202 3711 nedum
2228 3656 2644 3725 Alexandrinis,
2682 3656 2777 3711 sed
2804 3665 2860 3711 et
2910 3659 3129 3713 cunctis
3190 3659 3493 3715 universim

1909 3751 2118 3804 sanctis
2144 3748 2412 3806 Ecclesiis
2444 3749 2655 3805 dictum
2683 3757 2778 3804 aut
2803 3749 3067 3804 traditum
3109 3751 3199 3804 sit.

1980 3928 2139 3996 Quod
2200 3944 2333 3983 vero
2390 3929 2671 3984 universis
2722 3931 3051 4000 apostolicis
3100 3929 3277 4002 signis
3305 3931 3493 3989 divina

1906 4025 2113 4078 virtute
2173 4022 2457 4089 exhibitis,
2509 4023 2838 4088 cunctisque
2898 4023 3075 4079 sacris
3113 4023 3496 4081 [unctionibus

1909 4116 2175 4185 peractis,
2214 4115 2505 4170 ministerii
2558 4117 2644 4171 sui
2679 4128 2820 4186 opus
2847 4124 3012 4186 quam
3054 4128 3340 4187 acceptum
3384 4116 3496 4175 Deo

1906 4207 2324 4278 perfectumque
2404 4208 2753 4276 reddiderat,
2816 4210 3117 4281 multisque
3160 4211 3494 4268 sacerdotali

1907 4305 2169 4358 unctione
2192 4305 2617 4368 consummatis,
2641 4306 2960 4375 complures
2990 4318 3021 4358 a
3058 4304 3489 4360 simulacrorum

1906 4398 2058 4450 cultu
2094 4404 2259 4466 atque
2291 4410 2483 4451 errore
2515 4396 2779 4452 liberatos
2805 4412 2902 4466 per
2931 4397 3092 4453 [idem
3126 4396 3355 4452 Christo
3393 4395 3463 4451 ad

1903 4487 2189 4558 junxerat,
2227 4501 2411 4555 operae
2468 4490 2705 4557 pretium
2765 4490 2945 4543 visum
2985 4496 3092 4554 est,
3120 4504 3191 4544 ne
3219 4499 3274 4544 et
3297 4488 3492 4544 trium-

1889 4584 2072 4656 phalis
2114 4599 2239 4639 eum
2261 4598 2460 4655 pugna:
2497 4584 2676 4640 honor
2704 4582 2988 4639 deﬁceret.

197 4756 234 4797 ιι
267 4741 766 4817 Sancto-Andrea,_
803 4742 1076 4817 _Ec_qlcs_ia~
1108 4743 1439 4817 Parisiensis
1484 4744 1805 4817 canonicus,
1836 4744 1891 4806 D
1917 4744 2289 4817 singulariter
2311 4742 2642 4817 se'missum
2673 4760 2702 4799 a
2733 4743 2945 4817 Spiritu
2975 4754 3167 4817 sancto
3209 4740 3496 4815 professus

195 4829 275 4885 ex
305 4813 430 4885 cod.
452 4813 770 4885 monasterii
798 4813 855 4868 S.
878 4814 1062 4868 Mariae
1088 4816 1187 4884 τῆς
1221 4814 1582 4885 Ὀδηγητρίας
1612 4817 1669 4870 in
1695 4815 1802 4871 Ca-

199 4884 413 4947 labria,
431 4884 784 4938 ex-cribente
810 4892 974 4953 atque
994 4884 1246 4940 mittente
1270 4884 1325 4939 Si
1338 4884 1474 4939 rleto
1494 4885 1800 4940 cardinale.

202 4953 558 5025 Fuerintque
579 4954 718 5025 adeo
746 4954 857 5008 duo
878 4956 1058 5025 magni
1089 4955 1367 5010 antistites
1384 4955 1487 5025 ipsi
1514 4971 1802 5010 sacrorum

200 5024 495 5078 antistites
540 5032 598 5080 et
647 5024 985 5078 divinarum'
1015 5024 1468 5079 caeremoniarum
1520 5034 1799 5090 auctores,

199 5094 384 5166 ambo
422 5095 654 5166 apostoli
685 5095 916 5166 secundi
946 5094 1183 5159 ordinis,
1215 5097 1321 5149 viri
1367 5096 1603 5150 maxime
1633 5096 1804 5166 spiri-

201 5165 376 5237 tales,
422 5164 661 5237 Jacobus
699 5177 756 5237 et
802 5165 1049 5219 Marcus:
1109 5166 1255 5220 unde
1298 5166 1494 5236 reliqui
1541 5164 1802 5237 tanquam

197 5251 274 5288 ex
307 5236 702 5305 limpidissimo
728 5234 900 5298 fonte,
930 5250 1051 5305 quae
1088 5237 1208 5304 ejus
1230 5234 1450 5306 generis
1477 5234 1667 5290 sancta
1696 5247 1799 5292 tra-

196 5307 494 5370 diderunt,
543 5306 861 5370 hauserint;
898 5307 1012 5360 sive
1052 5307 1219 5360 etiam
1283 5307 1412 5369 illis,
1448 5323 1547 5361 ceu
1577 5307 1800 5361 solidis-

195 5380 354 5431 simo
380 5377 775 5441 fundamento,
802 5391 900 5429 sua
957 5391 1058 5445 pro
1100 5389 1408 5446 temporum
1463 5378 1678 5432 ratione
1709 5379 1794 5434 vel

194 5448 578 5516 (explicatoria
607 5447 690 5500 vel
718 5446 988 5517 breviata,
1024 5462 1118 5500 seu
1146 5448 1308 5502 aliter
1342 5448 1669 5517 composita,
1701 5464 1796 5503 su-

199 5518 666 5600 perstruxerint;
701 5516 815 5600 sive
856 5516 909 5570 id
942 5517 1018 5571 ita
1066 5517 1177 5573 illis
1225 5516 1577 5600 usurpatum.
1606 5518 1799 5600 divino

198 5588 505 5644 instinctu.
540 5602 605 5642 ac
634 5596 951 5659 Sponteﬁea
1000 5597 1284 5659 assumpta
1331 5588 1638 5659 provincia,
1682 5590 1798 5646 sive

196 5660 338 5727 quia
366 5660 603 5728 majores
634 5658 869 5727 apostoli
918 5657 1066 5711 istud
1113 5657 1367 5713 muneris
1398 5659 1481 5713 eis
1534 5659 1794 5727 iniunxe-

199 5737 362 5789 runt.
396 5727 529 5799 dum
552 5727 665 5799 illi,
692 5728 759 5799 iis
779 5743 901 5797 qua:
927 5735 1059 5781 sunt
1086 5730 1316 5798 propius
1350 5729 1639 5799 apostolici
1665 5746 1791 5784 mu-

199 5799 385 5870 neris,
423 5798 519 5852 toti
546 5798 993 5870 incumbunttid
1020 5808 1126 5861 est.
1181 5798 1599 5868 praedicationi;
1630 5816 1796 5870 quam

200 5866 420 5924 Paulus
450 5871 529 5923 sic
555 5867 841 5937 preprium
868 5868 972 5922 sibi
996 5866 1198 5925 munus
1248 5871 1444 5938 voluit,
1484 5879 1545 5926 ut
1571 5866 1663 5927 ad'
1690 5872 1798 5927 hoc

554 5961 827 6022 ΡΑτιιοι..
869 5962 987 6021 Gn.
1021 5960 1147 6021 CV.

1916 4814 2148 4880 sit,'non
2182 4816 2249 4870 ad
2278 4815 2695 4885 baptizandum,
2729 4814 2815 4871 vel
2840 4816 3005 4870 etiam
3031 4814 3099 4869 ad
3138 4816 3279 4870 ritus
3306 4827 3495 4885 sacros

1906 4884 2373 4943 conscribendum
2403 4904 2417 4940 :
2453 4901 2771 4957 quanquam
2799 4885 3094 4941 tradidisse
3145 4901 3272 4941 eum
3295 4884 3494 4943 Corin-

1910 4957 2063 5020 thiis,
2117 4972 2241 5027 qua:
2300 4957 2663 5013 Encharistiae
2719 4958 2886 5012 ritum
2928 4964 3268 5024 spectarent,
3311 4966 3371 5012 et
3422 4960 3492 5013 ad

1908 5028 2168 5093 εὐταξίαν
2192 5029 2247 5081 ἱη
2277 5027 2550 5095 Ecclesia,
2584 5028 2805 5098 aliaque
2829 5029 2949 5098 ejus
2983 5027 3490 5098 generis,_nedum

1909 5100 2138 5169 scripto,
2179 5097 2275 5153 sed
2303 5099 2471 5152 etiam
2504 5094 2799 5169 vcrh0,'ex
2827 5094 2947 5169 ejus
2976 5094 3043 5151 aid
3070 5114 3168 5154 eos
3226 5094 3493 5168 Epistolis

1909 5167 2416 5239 cniii'pertissimum
2443 5179 2549 5223 est.
2586 5167 2882 5239 DeJacoho
2918 5169 3056 5223 alias
3105 5170 3215 5223 dixi
3272 5167 3325 5223 in
3366 5183 3492 5223 meo

1901 5236 2207 5310 Hippolyti
2244 5238 2512 5303 indiculo,
2565 5238 2746 5308 deque
2793 5239 3048 5310 regendae
3110 5239 3372 5310 Ecclesiae
3425 5253 3492 5292 ac

1903 5308 2262 5365 inStituendae
2307 5311 2386 5363 sic
2441 5312 2585 5365 inter
2626 5310 2780 5365 illum
2802 5318 2860 5364 et
2880 5309 3106 5365 Petrum
3130 5324 3195 5364 ae
3220 5309 3491 5364 Joannem

1903 5380 2210 5434 distributo
2240 5396 2493 5435 munere.

1975 5451 2084 5519 (57'
2122 5450 2290 5516 Μηδὲ
2329 5451 2433 5517 τῆς
2491 5448 2922 5519 ἀθλοφορικῆς.
2949 5447 3487 5519 Marcimartyrium

1902 5518 2138 5591 perinde
2204 5521 2409 5575 Menam
2445 5518 2716 5591 referunt,
2777 5520 3044 5588 Metaph.,
3077 5518 3334 5586 Niceph.,
3374 5525 3483 5591 etc.

1904 5587 2060 5658 Quod
2091 5592 2277 5661 ignem,
2297 5590 2596 5661 accessisse
2618 5591 2685 5661 ad
2718 5587 2936 5661 reliqua
2968 5596 3256 5661 tormenta
3286 5587 3487 5661 scribit

1904 5656 2148 5724 Nicetas',
2189 5660 2413 5713 videtur
2469 5659 2769 5727 singulare.
2822 5656 3008 5711 Potuit
3056 5658 3138 5712 sic
3200 5656 3360 5712 turba
3399 5666 3487 5712 tu-

1904 5733 2214 5785 multuantc
2243 5743 2307 5782 ac
2332 5727 2683 5792 saeviente,ut
2702 5736 2787 5782 est
2806 5728 3302 5783 Alexandrinorum
3334 5729 3489 5785 ferox

1908 5802 2214 5869 ingenium,
2248 5798 2485 5852 cadaver
2519 5799 2573 5851 in
2632 5797 2812 5869 ignem
2859 5798 3098 5868 conjici;
3138 5796 3286 5855 unde
3316 5797 3486 5856 Marci

1907 5867 2165 5939 diecipuli
2193 5877 2501 5923 extractum
2533 5867 2837 5923 honoritiee
2896 5867 3244 5939 sepelierint.

2919 5958 2988 6023 10
