4040 6386
626 386 730 446 ΞἯ

696 489 959 560 tlumjam
989 491 1175 560 itaque
1227 499 1427 558 praesto
1479 499 1629 543 esset
1661 488 2034 560 emigrationis
2067 495 2204 542 tem-
2238 493 2285 549 Α

627 599 730 655 pus
759 599 823 637 ac
852 582 1075 653 praemia
1099 581 1434 636 conferenda
1469 589 1678 640 essent.
1741 584 2033 649 derepente
2077 579 2206 631 Ale-

629 675 1026 730 xandrinorum
1091 675 1456 744 nequissimis
1487 675 1638 728 zelus
1669 673 1998 739 inardescit;
2056 671 2210 725 zelus

629 767 846 822 scilicet
908 765 1240 821 dmmouiaci
1283 765 1486 819 furoris
1534 781 1599 819 ac
1656 765 1740 819 sui
1791 765 2082 834 impotens.
2121 760 2208 824 Ili,

627 859 923 915 consilium
949 860 1002 912 in
1034 867 1284 914 sanctum
1310 857 1584 921 ineuntes,
1616 865 1780 926 atque
1805 856 1860 908 in
1915 855 2040 923 ejus
2064 854 2211 908 aedes

630 951 1122 1016 iuvadentes,eum
1151 949 1494 1004 Dominicqu
1543 963 1681 1019 opus
1733 955 1984 1017 agentem
2035 946 2210 999 oll'en-

631 1044 867 1108 dissent,
956 1043 1195 1098 violenta
1247 1057 1412 1096 manu
1481 1043 1792 1110 abreptum.
1879 1038 1980 1094 soli
2047 1037 2214 1108 pavi-

634 1145 822 1192 mento
863 1135 1140 1201 allitlunt;
1188 1142 1417 1205 tumque
1476 1133 1660 1203 ligatis
1689 1148 1720 1187 e
1754 1132 1898 1186 collo
1967 1130 2209 1193 funibus,

633 1227 724 1281 alii
754 1225 974 1294 quidem
1011 1226 1192 1281 media
1221 1224 1554 1280 Alexandria
1581 1223 1820 1278 ludibrio
1854 1221 2214 1292 propudioso-

633 1335 739 1389 que
768 1319 1082 1389 spectaculo
1105 1320 1174 1373 ab
1209 1327 1334 1373 ante
1359 1317 1673 1382 trahebant,
1709 1317 1799 1371 alii
1832 1315 2008 1371 secuti
2051 1314 2212 1368 fusti--

632 1410 1140 1480 buslapidibusque
1179 1408 1490 1463 tundebaut
1523 1425 1536 1462 :
1573 1422 1682 1477 qua
1706 1407 1752 1462 is
1785 1406 2015 1466 saevitia.
2054 1418 2213 1460 sacra

571 1495 574 1500 ’
633 1501 854 1570 Dcoque
884 1499 1080 1554 dilecta
1114 1515 1177 1552 ac
1212 1499 1532 1571 gratissima
1559 1499 1782 1554 victima
1809 1497 2044 1551 exstitit.

703 1677 836 1730 Eum
862 1678 916 1731 in
941 1675 1188 1742 modum,
1209 1675 1584 1745 apostolorum
1609 1688 1824 1730 summa
1854 1673 2217 1727 admiratione

629 1767 815 1836 digne,
866 1780 1157 1820 sacrorum
1218 1765 1527 1818 antistitum
1586 1762 1983 1824 sacratissime,
2014 1763 2215 1815 trium-

1825 377 2116 437 NiCET/E
2154 374 2685 439 PAPHLAGONIS
2908 353 2914 358 ’
3795 385 3872 445 3ρο

2401 485 2552 538 Ἐπεὶ
2583 484 2640 537 δὲ
2669 483 2768 553 τῆς
2795 483 3110 546 ἀναλύσεως
3140 485 3234 538 καὶ
3269 483 3382 536 τῶν
3417 488 3690 555 στεφάνων
3715 490 3741 542 ὁ
3769 510 3865 545 και-

2319 577 2409 648 ρὸς
2449 575 2551 646 ἥδη
2595 576 2779 647 παρῆν
2802 615 2817 641 ,
2852 575 3013 640 ζῆλος
3060 576 3158 644 μὲν
3200 574 3434 641 ἐξάπινα
3472 581 3584 643 τοῖς
3611 581 3714 634 τῶν
3752 584 3867 637 Ἀλε-

2313 667 2585 738 ξανδρέων
2615 667 2920 720 ἀνάπτεται
2955 667 3372 738 πονηροτάτοις·
3402 670 3563 741 ζῆλος
3598 673 3866 743 δαιμωνιὼ-

2312 760 2430 831 δης,
2456 761 2550 813 καὶ
2583 761 2642 812 οὐ
2671 759 2956 822 καθεκτόςο
2995 761 3045 812 oi
3078 761 3410 829 συμὸούλιον
3447 765 3568 817 κατ’
3610 767 3764 820 αὐτοῦ
3793 770 3866 822 λα-

2314 853 2524 918 ϐόντες,
2564 853 2658 906 καὶ⁵
2702 853 2801 922 τὴν
2858 852 3040 905 οίκίαν
3085 853 3180 906 τοῦ
3222 856 3506 926 μακαρίου
3541 860 3864 926 πεφθακὸτες,

2315 944 2407 994 καὶ
2433 941 2620 995 τοῦτον
2649 940 2742 994 τοῦ
2776 942 2986 1012 Κυρίου
3017 942 3077 995 τὸ
3111 943 3273 1013 ἔργον
3308 945 3711 1012 καταλαϐόντες
3735 951 3863 1020 ἔργα.

2317 1032 2567 1102 ζόμενον,
2601 1034 3015 1102 συναρπάζουσί
3040 1051 3098 1087 τε
3137 1035 3408 1104 σφοδρῶς,
3444 1038 3540 1089 καὶ
3567 1037 3646 1108 τῷ
3671 1040 3759 1108 τῆς
3788 1044 3864 1111 γῆς

2316 1124 2506 1192 ἐδάφει
2543 1125 3044 1196 προσαράσσουσιν.
3093 1123 3228 1180 Εἶτα
3273 1127 3566 1190 καλωδίοις
3609 1130 3761 1184 αὐτού
3796 1137 3864 1186 τὸν

2315 1213 2589 1285 τράχηλον
2639 1215 2973 1284 ἐξάψαντες,
3020 1217 3070 1269 οί
3113 1217 3212 1286 μὲν
3243 1216 3564 1288 ἔμπροσθεν
3613 1214 3778 1275 εἷλκον
3801 1224 3865 1276 διὰ

2321 1306 2496 1374 μέσης
2535 1307 2948 1379 Ἀλεξανδρείας
3002 1308 3380 1381 θεατρίζοντες
3430 1314 3527 1364 καὶ
3562 1313 3864 1380 παίγνιοντι-

2318 1397 2522 1460 θέντες
2555 1401 2604 1452 oi
2651 1400 2709 1452 δέ
2744 1399 2921 1464 ξύλοις
2958 1402 3050 1454 καὶ
3099 1401 3274 1468 λίθοις
3307 1404 3570 1473 ἑπόμενοι
3604 1407 3859 1460 κατέκλων

2322 1492 2413 1543 καὶ
2438 1490 2587 1560 θῦμα
2631 1492 2773 1561 ἱερὸν
2813 1492 2957 1544 οὕτω
2990 1493 3084 1546 καὶ
3126 1493 3282 1562 φίλον
3307 1494 3434 1564 Θεῷ
3464 1496 3560 1549 καὶ
3588 1497 3857 1567 εὐχάριστον

2323 1581 2465 1652 ίέρευ
2475 1599 2589 1635 σαν.

2391 1673 2582 1737 Οὕτως
2610 1714 2625 1738 ,
2670 1668 2716 1727 ὦ
2758 1673 3178 1744 θαυμασιώτατε
3238 1676 3350 1729 τῶν
3404 1678 3734 1746 ἀποστόλων,
3776 1679 3851 1732 τῶν

2331 1767 2602 1838 ἱεραρχῶν
2661 1767 3231 1838 ίεροτελεστικώκατε·
3267 1769 3380 1822 τῶν
3407 1769 3723 1842 άθληφὸρων
3739 1775 3847 1844 στερ-

631 1861 931 1928 phatorum
965 1858 1297 1912 athletarum
1341 1857 1645 1912 fortissime
1675 1870 1737 1910 ac
1765 1855 2211 1926 gt-uerosissitne,

2319 1861 2515 1932 ρότατε
2553 1862 2649 1914 καὶ
2687 1863 3064 1930 γενναιότατε,
3117 1862 3178 1915 τὸ
3210 1865 3473 1934 σάρκινον
3511 1865 3719 1936 ἔλυτρον
3739 1883 3836 1934 μιαι-

629 1957 924 2003 cruentum
948 1949 1129 2002 adhuc
1161 1949 1478 2003 necantimn
1532 1948 1788 2002 manibus
1829 1949 2070 2002 scissum
2099 1961 2216 2001 car-

630 2042 720 2095 nis
745 2039 1548 2110 integumentumrelinquens,
1577 2041 1643 2096 ad
1683 2040 2005 2096 certaminis
2036 2039 2214 2109 ipsum

633 2131 920 2201 praesidem
953 2147 1017 2186 ac
1041 2128 1392 2185 Servatorem
1423 2129 1704 2186 Christum
1731 2145 1932 2184 corona
2000 2129 2216 2183 redimi-

631 2233 724 2277 tus
749 2230 1005 2293 receptus
1045 2237 1134 2289 es;
1183 2229 1488 2292 posteaque
1537 2237 1699 2278 sacro
1744 2224 1837 2277 illo
1884 2221 2216 2292 corpusculo

633 2315 745 2384 igni
790 2313 1124 2378 sacrificato,
1159 2313 1234 2368 ita
1284 2315 1527 2385 undique
1581 2314 1654 2379 ei.
1701 2331 1864 2385 quem
1917 2315 2212 2376 dilexeras.

629 2407 812 2460 factus
845 2405 1048 2472 hostia,
1091 2405 1476 2460 holocaustum
1532 2405 1838 2475 perfectum
1899 2405 2213 2460 immacula-

634 2507 747 2551 tum
781 2497 834 2550 in
859 2495 1083 2552 odorem
1118 2498 1406 2554 suavitatis
1459 2496 1678 2553 oblatus
1701 2511 1782 2551 es.

703 2586 816 2640 Ave
837 2587 1042 2656 itaque,
1074 2586 1256 2642 divine
1307 2587 1604 2658 divinoque
1657 2604 1822 2643 sensu
1847 2588 2210 2658 evangelista!

630 2677 844 2737 Gaude.
863 2677 1005 2744 quod
1023 2677 1127 2732 etsi
1147 2677 1394 2731 inferiori
1417 2676 1706 2732 duodecim
1721 2678 1914 2732 ordine
1935 2693 1996 2731 ac
2015 2677 2212 2742 classe,

631 2767 911 2838 Evangelii
969 2775 1155 2822 tamen
1209 2767 1492 2824 functione
1538 2785 1600 2824 ac
1626 2769 1894 2824 Parat-leti
1921 2772 2102 2834 donis,
2148 2774 2216 2825 ab

627 2875 825 2915 eorum
871 2859 1006 2915 nihil
1036 2861 1378 2931 perfectione
1411 2862 1665 2917 delicias.

703 3037 895 3092 Gaude
918 3039 1061 3108 quod
1091 3039 1360 3109 apostolis
1419 3049 1478 3094 ttt
1524 3041 1823 3110 apostolus,
1865 3041 2215 3110 evangelistis

621 3139 894 3199 tanquam
950 3131 1313 3200 evangelista,
1373 3133 1701 3201 patriarchis
1764 3140 1821 3186 ut
1877 3134 2208 3201 patriarcha,

632 3232 797 3290 atque
826 3229 886 3274 ut
909 3233 1116 3292 martyr
1147 3225 1480 3295 martyribus
1536 3235 1970 3281 contuttttcralus
2023 3227 2099 3281 sis
2145 3239 2210 3280 ac

631 3323 952 3383 cooptatus;
1019 3315 1257 3384 hincilue
1335 3319 1470 3372 varii
1517 3320 1734 3388 generis
1777 3335 1978 3374 corona
2015 3320 2214 3373 eximie

633 3388 993 3473 praefulgens,
1025 3419 1240 3458 summo
1273 3408 1516 3460 omnium
1560 3405 1690 3478 Regi
1728 3419 1907 3463 astare
1938 3425 1967 3462 a
2003 3407 2213 3464 dextris

633 3501 666 3547 tl
695 3511 835 3565 guus
861 3495 1081 3549 habitus
1112 3511 1193 3549 es.

708 3587 922 3649 Gaude,
980 3587 1126 3654 quod
1171 3603 1277 3640 nou
1310 3589 1501 3654 semel,
1547 3588 1640 3643 sed
1697 3598 1753 3644 et
1811 3591 2032 3661 saepius,
2065 3590 2214 3645 bono

633 3679 764 3733 Jt-su
805 3677 1120 3731 testimonio
1162 3677 1510 3746 perfunctus,
1557 3695 1731 3750 neque
1773 3681 1943 3736 semel
1996 3684 2214 3737 vinctus

637 3771 884 3830 I‘ttuiluts,
922 3769 1096 3822 media
1138 3769 1362 3825 civitate
1389 3781 1622 3838 tractus,
1656 3783 1709 3826 et
1737 3771 2012 3827 laceratus
2040 3774 2216 3827 carni-

633 3864 738 3914 hus
784 3876 865 3926 es,
891 3871 944 3913 et
993 3869 1087 3913 tuo
1139 3861 1316 3930 ipsius
1361 3877 1559 3917 cruore
1619 3862 1903 3918 infectus:
1947 3865 2040 3919 sed
2091 3873 2216 3934 post

633 3953 866 4022 primum
917 3951 1212 4015 lanienam,
1264 3953 1568 4009 semivivus
1609 3954 1662 4007 in
1705 3971 1986 4009 carcerem
2023 3955 2211 4025 conje-

632 4057 780 4108 ctus,
815 4060 878 4099 ac
913 4058 1076 4100 noctu
1117 4041 1363 4115 angelica
1391 4062 1522 4102 voce
1553 4057 1779 4102 sanatus
1813 4058 1979 4118 atque
2010 4048 2214 4103 anima-

629 4150 720 4193 tus
744 4179 758 4203 ,
796 4139 933 4192 etin
995 4140 1301 4194 crastinqu
1338 4141 1502 4194 simili
1549 4141 1729 4194 adhuc
1771 4142 1985 4195 ratione
2015 4141 2213 4212 ligatus

633 4238 954 4298 tractusque
983 4267 996 4292 ,
1035 4231 1199 4298 inque
1229 4243 1352 4284 eum
1391 4232 1612 4284 modqu
1640 4233 1874 4286 astantis
1900 4233 2115 4285 Domini
2149 4247 2214 4286 ac

629 4319 786 4388 pacis
809 4320 1001 4373 osculo
1033 4316 1547 4386 donantis'aspectu
1579 4330 1863 4374 recreatus
1916 4321 2060 4374 nulla
2091 4337 2214 4375 ver-

635 4409 830 4461 borum
864 4407 913 4460 vi
947 4396 1255 4476 explicahili
1283 4409 1482 4477 gaudio
1509 4421 1563 4462 et
1593 4409 1959 4466 exsultatione
1989 4414 2054 4466 ad
2087 4427 2210 4466 eum

631 4500 912 4568 emigrasti
926 4539 938 4553 .

701 4591 912 4657 Gaude,
946 4591 1147 4658 Marce,
1216 4592 1427 4648 Emeisi
1495 4595 1806 4648 mandatum
1855 4613 1918 4650 ex
1971 4599 2213 4656 nominis

633 4685 752 4753 ipsa
790 4684 1026 4737 ratione.
1094 4683 1235 4739 Vere
1284 4686 1429 4739 enim
1484 4687 1778 4741 Allissimi-
1811 4690 2210 4760 pt-Opemodum

634 4777 952 4831 mandatqu
987 4779 1271 4842 exstitisti,
1294 4779 1610 4849 justificaus
1640 4797 1735 4838 eos
1766 4784 1860 4852 qui
1912 4800 2214 4854 sequeren-

637 4875 744 4929 tur,
766 4880 832 4920 ac
851 4866 1226 4922 condemnatis
1248 4883 1365 4930 eos,
1387 4870 1479 4938 qui
1506 4877 1602 4923 tuo
1625 4869 1920 4941 Evangelio
1946 4873 2212 4928 increduli

636 4964 840 5010 essent.
877 4955 1069 5012 Gaude
1093 4969 1148 5011 et
1174 4958 1381 5023 laetare,
1421 4959 1609 5029 tuique
1633 4976 1939 5016 memorum
1977 4978 2208 5028 memor,

637 5057 745 5101 tua:
774 5063 875 5103 nos
898 5049 1170 5104 claritatis
1215 5058 1269 5104 et
1324 5052 1535 5120 gratim,
1589 5057 1694 5107 tuae
1727 5053 1780 5107 in
1832 5055 1990 5109 cadis
2015 5056 2212 5124 jucun-

633 5139 822 5194 ditatis
878 5149 933 5194 et
963 5140 1272 5211 splendoris
1307 5147 1604 5213 participes
1656 5147 1916 5216 precibus
1951 5147 2124 5211 ellice,
2154 5148 2208 5200 in

629 5231 851 5285 Christo
879 5231 1009 5287 Jesu
1035 5231 1265 5287 Domino
1301 5244 1512 5300 nostro,
1544 5236 1632 5291 cui
1665 5246 1749 5292 est
1780 5238 1976 5299 honor,
2035 5239 2207 5310 gloria

629 5330 685 5376 et
707 5331 952 5392 putealas
979 5330 1205 5377 aeterna.
1247 5325 1442 5380 Amen.

2317 1947 2498 2014 φόνοις
2531 1946 2613 2001 ἐτι
2650 1948 2989 2019 ῥηγνύμενον
3021 1951 3213 2020 χερσὶν
3237 1953 3426 2021 ἀφεὶς,
3460 1954 3597 2023 πρὸς
3629 1955 3711 2008 τὸν
3735 1956 3826 2020 ἀτυ-

2316 2035 2545 2106 νοθέτην
2587 2039 2682 2089 καὶ
2713 2037 2943 2108 Σωτῆρα
2975 2042 3408 2112 στεφανηφορῶν
3439 2043 3731 2114 ἀνελήφθης
3750 2043 3830 2111 Χρι-

2319 2127 2466 2180 στόνο
2501 2127 2598 2182 καὶ
2631 2128 2694 2181 τὸ
2724 2129 2868 2199 ἱερὸν
2900 2130 2958 2184 δὲ
2993 2131 3132 2199 μετὰ
3170 2132 3347 2186 ταῦτα
3385 2135 3658 2204 σωμάτιον
3683 2135 3754 2187 διὰ
3773 2150 3838 2185 πυ-

2320 2223 2414 2288 ρ³ς
2458 2221 2937 2292 ίερουργούμενος,
2979 2224 3074 2275 καὶ
3095 2223 3259 2286 οὕτω,
3292 2225 3384 2278 διά
3417 2227 3633 2281 πάντων
3664 2225 3730 2296 τῷ
3747 2227 3842 2294 ητα·

2317 2312 2525 2382 πηκότι
2557 2329 2614 2366 σε
2647 2314 3092 2386 καθιερούμενος,
3117 2316 3499 2389 ὁλοκάρπωμα
3528 2319 3714 2373 τέλειον
3734 2317 3844 2387 diu»

2321 2421 2421 2474 μον
2450 2405 2531 2468 είς
2563 2405 2742 2477 ὀσμὴν
2777 2406 3003 2470 εὐωδίας
3047 2409 3358 2480 ἀνηνέχθης
3389 2409 3560 2480 αὐτῷ.

2389 2579 2561 2650 Χαῖρε
2587 2578 2789 2643 τοίνυν,
2827 2573 2873 2632 ὣ
2918 2580 3170 2636 θεσπέσιε
3222 2584 3317 2637 καὶ
3357 2583 3586 2654 θεόφρον
3621 2578 3848 2650 εὐαγγελι-

2318 2671 2442 2724 στά.
2476 2671 2669 2742 Χαῖρε,
2695 2673 2777 2725 ὅτι
2805 2674 2854 2725 εί
2879 2673 2973 2726 καὶ
3011 2675 3110 2744 τὴν
3136 2676 3287 2742 τάξιν
3315 2678 3428 2746 τῆς
3451 2675 3726 2736 δωδεκάδος
3748 2673 3842 2723 ὑπο·

2317 2760 2562 2832 ϐέϐηκας
2587 2804 2602 2827 ,
2632 2763 2769 2816 ἀλλὰ
2802 2769 2870 2836 τῇ
2898 2767 3178 2838 ἱερουργίᾳ
3201 2767 3292 2820 τοῦ
3318 2768 3649 2837 Εὐαγγελίου
3669 2765 3745 2818 καὶ
3764 2763 3841 2821 τοῖς

2316 2853 2411 2908 τοῦ
2480 2857 2842 2928 Παρακλήτου
2906 2861 3241 2930 χαρίσμασιν
3317 2861 3475 2916 οὐδὲν
3525 2862 3619 2931 τῆς
3669 2858 3839 2910 ἐκείνων

2317 2945 2574 3018 ἐλείφθης
2615 2949 2980 3017 τελειότητος.

2390 3038 2586 3110 Χαῖρε,
2641 3041 2724 3093 δτι
2775 3043 2888 3104 τοῖς
2933 3041 3251 3122 ἀποστόλοις
3280 3043 3360 3108 ὼς
3419 3040 3725 3102 ἀπόστολος,
3759 3037 3838 3095 τοῖς

2320 3130 2734 3199 εὐαγγελισταῐς
2772 3133 2848 3194 ὡς
2881 3132 3306 3202 εὐαγγελιστὴς.
3367 3135 3464 3188 καὶ
3495 3136 3603 3196 τοῖς
3631 3126 3839 3197 πατριάρ-

2313 3239 2436 3292 χαις
2470 3222 2570 3291 μὲν
2614 3219 2689 3285 ὡς
2726 3223 3092 3294 πατριάρχης,
3125 3223 3201 3286 ὡς
3263 3226 3475 3296 μάρτυς
3507 3223 3560 3276 δὲ
3609 3221 3706 3282 τοῖς
3739 3214 3838 3285 μάρ-

2312 3328 2437 3364 τυσι
2498 3311 2970 3384 συνηριθμημένος
3036 3315 3130 3366 καὶ
3162 3313 3616 3384 συντεταγμένος,
3647 3309 3728 3363 καὶ
3752 3321 3834 3356 πολ-

2315 3401 2452 3473 κίλῳ
2481 3403 2734 3474 στεφάνῳ
2769 3403 2856 3457 διὰ
2887 3405 3062 3458 ταῦτα
3094 3405 3590 3476 καθωραῖζόμενος,
3619 3404 3676 3454 ἐκ
3701 3393 3827 3462 δεξιῶι

2315 3512 2392 3547 πα
2402 3497 2669 3565 ραστῆναι
2693 3497 2770 3566 τῷ
2797 3497 3137 3567 Παμϐασιλεῖ
3165 3497 3544 3563 καταξιούσαι.

2385 3589 2582 3658 Χαῖρε,
2611 3590 2808 3659 ὃτιούχ
2830 3590 2979 3655 ἆπαξ
3026 3591 3126 3660 τὴν
3164 3589 3336 3658 καλὴν
3381 3586 3553 3658 Ἰησοῦ
3590 3576 3835 3653 μαρτυρίαν

2315 3679 2730 3750 ἐμαρτύρησας,
2815 3680 3105 3737 πλεονάκις
3147 3680 3206 3733 δέ
3233 3696 3246 3709 ·
3293 3680 3405 3732 οὐδ’
3461 3676 3602 3742 ἅπαξ
3641 3667 3839 3741 σχοινίοις

2316 3771 2635 3834 καταδεθεὶς
2688 3771 2777 3823 διὰ
2831 3772 3003 3841 μέσης
3045 3771 3145 3841 τῆς
3185 3771 3401 3834 πόλεως
3449 3766 3744 3832 είλκύσθης,
3774 3753 3840 3808 καὶ

2315 3862 2414 3926 τὰς
2445 3864 2655 3933 σάρκας
2713 3863 3119 3932 κατετρύφθης,
3185 3865 3278 3918 καὶ
3324 3864 3410 3936 τῷ
3468 3861 3644 3926 οἰκείῳ
3691 3851 3840 3922 αῖμρτι

2317 3953 2546 4024 ἐδάφης·
2581 3955 2716 4008 ἀλλὰ
2761 3955 2899 4024 μετὰ
2945 3955 3034 4007 τὸν
3081 3958 3420 4026 σπαραγμὸν
3456 3955 3543 4007 τὸν
3577 3947 3761 4020 πρῶτον
3783 3940 3839 3997 εἷς

2316 4045 2543 4115 εἱρκτὴν
2593 4043 2863 4115 ἡμιθανὴς
2905 4043 3222 4114 ἐμϐληθεὶς,
3269 4047 3367 4098 καὶ
3408 4046 3474 4098 δι’
3515 4036 3724 4109 ἀγγέλου
3756 4045 3839 4095 φω⁴

2315 4137 2411 4206 νῆς
2445 4135 2637 4198 νυκτὸς
2669 4135 2838 4196 ἰαθεὶς
2870 4135 2965 4188 καὶ
2999 4134 3522 4208 προθυμοποιηθείς·
3547 4129 3636 4185 καὶ
3664 4125 3721 4192 τῇ
3743 4116 3840 4182 έξῆἶ

2314 4225 2470 4290 αὖθις
2517 4225 2720 4296 ὁμοίως
2756 4225 2933 4290 δεθεὶς
2997 4229 3092 4281 κα)⁸
3151 4229 3510 4300 κατασυρεὶς,
3569 4220 3656 4276 καὶ
3709 4210 3843 4266 οὕτως

2314 4317 2617 4372 ἐπιστάντα
2661 4316 2755 4370 τὸν
2807 4318 3012 4388 Κύριον
3052 4322 3146 4373 καὶ
3196 4321 3491 4392 εἰρηνικῶς
3519 4308 3842 4374 ἀσπαζόμενον

2314 4409 2666 4480 τεθεαμένος,
2697 4409 2836 4480 μετὰ
2863 4413 3037 4482 χαρᾶς
3059 4413 3344 4482 άφράστου
3394 4413 3487 4465 καὶ⁸
3526 4397 3843 4475 ἀγαλλιάσεως

2237 4529 2294 4588 D
2319 4503 2662 4574 ἐξεδήμησας
2703 4507 2843 4573 πρὶς
2869 4504 3054 4558 αὐτόν.

2389 4572 2584 4668 Χαῖρε,
2612 4572 2808 4667 Μάρκε
2830 4637 2844 4661 ,
2870 4597 2908 4664 ἡ
2934 4597 3041 4652 τοῦ
3059 4598 3324 4666 Ὑψιηλοῦ
3348 4591 3585 4660 ἐντολὴ,
3623 4579 3748 4641 κατὰ
3771 4572 3843 4641 τὴν

2318 4689 2600 4760 σημασίαν
2653 4689 2746 4741 τοῦ
2800 4690 3103 4760 ὀνόματος·
3156 4692 3252 4743 καὶ
3287 4689 3398 4762 γὰρ
3439 4671 3842 4768 ἀληθῶςᾲτρόπρν

2317 4781 2440 4834 τινὰ
2490 4780 2586 4834 τοῦ
2637 4780 2892 4850 Ὑψίστου
2927 4783 3156 4850 γέγονας
3209 4782 3421 4852 ἐντολὴ,
3480 4766 3741 4831 δικαιοῦσα
3771 4766 3842 4826 μεν

2318 4871 2448 4933 τοὺς
2479 4872 2804 4940 ἑπομένους,
2832 4871 3242 4942 κατακρίνουσα
3283 4871 3340 4925 δὲ
3382 4871 3505 4930 τοὺς
3533 4853 3843 4945 ἀπειθοῦντξῖ

2317 4960 2396 5031 τῷ
2430 4961 2745 5030 Εὐαγγελίῳ
2799 4979 2913 5016 σου·
2959 4967 3118 5034 χαῖρε
3164 4965 3260 5018 καὶ
3315 4959 3626 5032 εὐφραίνου,
3655 4946 3842 5036 minuit

2319 5054 2684 5124 μεμνημένων
2740 5072 2836 5108 σου
2874 5055 3245 5125 μεμνημένος,
3299 5058 3401 5128 τῆς
3457 5051 3552 5121 (τῆς
3591 5041 3747 5136 δόξης,
3772 5042 3844 5136 ’Ψ

2315 5146 2560 5216 Χάριτος,
2591 5149 2690 5217 τῆς
2719 5147 2818 5216 σῆς
2861 5150 2922 5200 ἐν
2967 5149 3218 5218 οὐρανοῖς
3260 5141 3592 5218 εὐφροσύνης
3631 5131 3840 5218 καὶνλαμς

2314 5239 2590 5308 πρότητος
2653 5238 2955 5310 πρόσευξαι
3009 5217 3324 5310 μετασχεῖν’
3363 5217 3422 5292 ἐν
3455 5223 3664 5304 Χριστῷ
3699 5217 3840 5310 ’,Ιησου

2311 5328 2388 5398 τῷ
2422 5330 2610 5400 κυρίῳ
2637 5309 2814 5400 ἡμῶν,
2841 5325 2884 5399 ᾧ
2913 5333 2947 5400 ἡ
2974 5323 3122 5395 δέξα,
3150 5309 3286 5402 τιμὴ
3307 5331 3400 5386 καὶ
3421 5326 3612 5398 κράτος
3641 5309 3837 5368 αἰώνιον·

2329 5421 2520 5490 Ἀμην.
