4040 6414
587 405 693 467 303

1781 400 2067 459 NICETIS
2103 399 2544 459 PAPHLAGUN
2559 401 2625 458 IS
3801 404 3881 464 3οἱ

587 527 671 570 est
708 511 1198 567 salii-tilicatiotietn
1231 513 1388 565 nobis
1423 513 1779 571 asciscaznus,
1815 509 2164 578 condignam-

2283 527 2447 577 μενοι,
2494 510 2586 561 τὸν
2641 510 2772 579 παρ’
2806 509 2985 561 αὐτῶν
3047 508 3144 577 μὲν
3180 511 3489 576 ἁγιασμὸν
3533 510 3622 576 ἐφ’
3677 512 3883 576 ἑαυτοὺς

588 623 693 676 que
730 607 837 658 illis
867 606 1064 666 vicem,
1101 603 1336 656 salutem
1369 612 1616 655 nostram
1651 603 1966 653 olleramus.

659 779 918 834 Sanctum
939 776 1159 847 quidem
1179 791 1242 829 ac
1259 773 1857 836 convenientissimum,
1879 771 2045 840 utqui
2064 771 2173 824 Dt'o

591 873 987 942 propinquant,
1037 883 1229 921 omnes
1269 864 1526 918 laudibus
1572 873 1733 932 atque
1781 864 1988 916 honore
2044 879 2170 931 pro-

593 977 909 1032 sequamur,
939 960 1033 1015 sed
1062 974 1156 1014 eos
1187 960 1442 1020 maxime,
1491 956 1585 1025 qui
1641 955 1877 1008 maxima
1918 954 2029 1008 Deo
2079 971 2173 1007 ne-

590 1052 926 1106 cessitudine
957 1048 1283 1118 junguntur.
1325 1047 1446 1100 Non
1497 1046 1642 1099 enim
1696 1060 1886 1098 omnes
1924 1043 2170 1112 ejusdem

592 1144 804 1197 ordinis
832 1158 892 1195 ac
914 1142 1109 1195 classis
1132 1141 1433 1200 exsistunt;
1462 1137 1556 1192 sed
1593 1137 1644 1189 in
1666 1135 1840 1205 primo
1864 1136 1953 1188 alii
1979 1151 2170 1198 censu,

591 1237 683 1288 alii
746 1235 801 1287 in
866 1243 1142 1303 postremo
1197 1231 1488 1284 habentur.
1554 1229 1644 1284 Uti
1701 1229 1960 1282 nimirqu
2004 1229 2171 1282 etiam

596 1328 736 1395 apud
773 1343 925 1394 reges
959 1336 1116 1379 terra:
1145 1340 1251 1376 non
1280 1338 1425 1377 unus
1481 1322 1738 1390 idemque
1769 1321 2014 1373 omnium
2041 1336 2172 1372 Con-

593 1436 780 1473 sessus
815 1417 1147 1488 gradusque,
1203 1416 1297 1470 sed
1356 1415 1446 1468 alii
1491 1415 1694 1484 primo,
1747 1413 1836 1465 alii
1894 1421 2172 1482 pzstrcmo

594 1516 865 1565 habentur
915 1529 928 1563 :
977 1511 1202 1578 quidam
1260 1508 1423 1562 etiam
1483 1506 1686 1567 medio,
1747 1519 1845 1572 pro
1901 1503 2174 1572 cujusque

591 1602 806 1651 virtutis
832 1599 1060 1661 ratione,
1097 1605 1192 1649 aut
1222 1597 1344 1662 ejus
1371 1595 1461 1662 qui
1491 1603 1688 1662 [irmest
1712 1595 1777 1645 ad
1805 1608 1900 1646 eos
1933 1608 2125 1645 amore
2157 1612 2169 1644 :

590 1692 664 1742 ita
721 1691 982 1742 nimirum
1037 1689 1205 1741 etiam
1244 1689 1298 1739 in
1351 1687 1666 1739 coelestibus
1716 1684 1973 1748 arbitror,
2032 1684 2174 1737 alios

590 1784 904 1850 superiores
932 1779 1459 1848 eminentioresque,
1493 1777 1631 1832 alios
1660 1777 1952 1832 inferiores
1980 1788 2173 1830 nactos

2278 602 2737 673 ὲπισπασώμεθα·
2800 604 3038 672 ἀμοιϐὴν
3083 603 3139 656 δὲ
3188 605 3401 666 αὐτοῖς
3441 603 3780 675 ἀξιόχρεων,
3807 612 3885 676 τὴν

2279 695 2437 764 ἡμῶν
2477 695 2753 765 σωτηρίαν
2783 693 3250 762 άφοσιωσώμεθα.

2350 785 2563 846 Πάντας
2598 785 2699 852 μὲν
2731 779 2826 836 οῦν
2863 783 3052 852 ὑμνεῖν
3077 785 3169 835 καὶ
3191 786 3383 854 τιμᾷν
3416 787 3555 848 τοὺς
3589 789 3883 856 ἐγγίζοντες

2275 873 2357 942 τῷ
2385 873 2522 942 Θεῷ,
2553 873 2699 926 ὅσιόν
2733 889 2790 925 τε
2821 871 2958 942 ὁμοῦ
2989 874 3080 924 καὶ
3119 875 3642 942 πρεπωδέστατον
3671 881 3881 949 μάλιστα

2275 966 2332 1018 δὲ
2360 967 2485 1029 τοὺς
2533 966 2766 1036 μάλιστα
2819 965 2994 1033 τούτῳ
3051 969 3643 1036 προσῳκειωμένους.
3681 974 3752 1025 Οὐ
3795 979 3881 1042 γὰρ

2277 1061 2373 1127 τῆς
2407 1058 2574 1126 αὐτῆς
2605 1053 2742 1108 εἶναι
2775 1060 2986 1117 πάντας
3022 1057 3234 1120 τάξεως
3271 1060 3378 1110 καὶ
3406 1061 3692 1125 στάσεως·
3719 1063 3878 1134 ὥσπερ

2274 1149 2338 1217 δὴ
2371 1151 2465 1200 καὶ
2514 1152 2665 1218 παρὰ
2715 1152 2827 1209 τοῖς
2867 1149 3127 1217 κρατοῦσι
3176 1149 3311 1217 γῆς,
3351 1150 3419 1201 οὐ
3480 1154 3616 1221 μιᾶς
3658 1156 3772 1208 οὐδὲ
3800 1160 3876 1225 τῆς

2276 1241 2446 1310 αὐτῆς
2504 1242 2705 1302 πάντες
2770 1240 3036 1309 καθέδρας
3084 1242 3116 1310 ἢ
3177 1242 3452 1304 στάσεως
3517 1251 3873 1314 τυγχάνουσιν·

2275 1331 2389 1384 ἀλλ’
2417 1333 2464 1382 οἱ
2499 1332 2599 1399 μὲν
2628 1331 2870 1399 πρώτης,
2911 1332 2960 1382 οἱ
3004 1332 3059 1384 δὲ
3103 1333 3385 1402 ἐσχάτηςο
3420 1334 3583 1388 ἄλλοι
3613 1337 3671 1388 δὲ
3700 1341 3870 1392 τούτων

2279 1421 2482 1491 μεταξὺ
2520 1423 2639 1474 κατ’
2666 1424 2958 1487 ἀναλογίαν
2988 1424 3085 1490 τῆς
3115 1425 3357 1494 ἀρετῆς,
3402 1428 3437 1492 ἦ
3471 1429 3576 1496 τῆς
3605 1429 3699 1481 τοῦ
3738 1432 3869 1501 ὑπερ-

2277 1515 2493 1583 έχοντος
2531 1513 2665 1583 πρὸς
2696 1515 2894 1577 αὐτοὺς
2924 1514 3315 1568 διατάττονται
3356 1517 3684 1586 φιλότητος·
3727 1521 3864 1583 οὕτως

2278 1604 2517 1673 ἡγοῦμαι
2568 1608 2670 1658 κάν
2721 1610 2830 1668 τοῖς
2886 1608 3176 1675 οὐρανίοις,
3213 1612 3354 1672 τοὺς
3414 1611 3524 1678 μὲν
3569 1613 3858 1681 ὑπερτέρας,

2276 1698 2402 1759 τοὺς
2436 1698 2490 1749 δὲ
2521 1698 2947 1766 καταδεεστέρας
2980 1701 3162 1768 λαχεῖν
3194 1702 3447 1767 τάξεως,
3488 1703 3760 1771 ἀναλόγως
3780 1707 3849 1772 τῆς

2283 1787 2588 1856 μειωτικῆς
2616 1788 2723 1839 ἀπὸ
2756 1789 2866 1840 τῶν
2919 1790 3156 1858 πρώτων
3207 1792 3480 1859 ὑφέσεως
3548 1795 3646 1845 καὶ
3701 1796 3850 1847 ὑποϐά-

589 1874 768 1934 sedes,
794 1888 855 1925 ea
895 1881 1012 1924 rata
1063 1872 1293 1935 ratione,
1323 1885 1428 1938 qua
1462 1885 1490 1922 a
1522 1869 1715 1937 primis
1770 1870 1975 1923 minore
2036 1884 2173 1938 pra:-

2283 1895 2438 1939 σεως.
2472 1879 2533 1930 Εἰ
2556 1877 2613 1929 δὲ
2643 1882 2976 1948 μακαριστοὶ
3017 1881 3244 1944 πάντες,
3284 1884 3388 1934 καὶ
3423 1882 3635 1946 πάντες
3674 1886 3830 1937 ἐπαινε-

591 1967 795 2020 stantia
876 1973 1041 2034 atque
1106 1964 1307 2017 virtute
1367 1963 1650 2017 recedunt.
1699 1961 1852 2027 Quod
1908 1964 1952 2015 si
1984 1977 2174 2016 omnes

594 2059 737 2110 beati
775 2057 971 2110 merito
1009 2055 1338 2125 prtetlicandi
1365 2068 1530 2123 atque
1559 2055 1809 2107 laudibus
1836 2055 2173 2115 celebrandi,

595 2151 752 2218 iulth
787 2150 940 2216 prius
973 2150 1064 2217 qui
1107 2149 1282 2216 primo
1313 2148 1364 2199 in
1401 2149 1507 2200 illis
1537 2149 1709 2216 gradu
1764 2155 1910 2207 sunt,
1968 2146 2172 2214 prima-

591 2260 699 2312 que
722 2241 945 2295 Christo
979 2240 1394 2294 necessitudine
1425 2241 1687 2292 devincti.

663 2337 783 2400 Quo
815 2335 981 2404 igitur
1026 2333 1146 2386 loco
1203 2329 1462 2385 Theclam
1525 2331 1947 2392 collocabimus,
2003 2345 2176 2384 sacra:

596 2429 722 2482 ltdei
751 2429 1011 2482 decorum
1035 2427 1254 2496 pignus,
1291 2424 1616 2480 veneranda:
1666 2425 2002 2494 virginitatis
2053 2439 2173 2476 nio-

594 2521 726 2582 nile,
761 2521 1024 2573 intactam
1066 2517 1274 2570 Christi
1324 2532 1607 2586 sponsam,
1659 2516 2029 2570 inviolabilem
2083 2531 2174 2585 ge-

595 2616 798 2668 nialem
860 2609 1254 2668 lectum?Ubi
1314 2611 1564 2679 inquam,
1623 2625 1803 2679 quove
1855 2609 2048 2662 ordine
2110 2623 2174 2662 ac

595 2709 715 2764 lico
772 2716 1097 2769 statuemus,
1161 2718 1325 2773 quam
1371 2704 1422 2757 ei
1469 2702 1886 2757 convenientem
1953 2701 2172 2755 laudem

593 2797 830 2852 eblaturi
865 2809 1056 2848 smnus
1077 2794 1100 2844 ?
1121 2792 1308 2846 Illisne
1335 2791 1720 2846 accensebitur
1742 2791 1834 2860 qui
1862 2791 2176 2859 virginitate

594 2892 920 2956 sanctisque
973 2883 1224 2937 moribus
1288 2883 1454 2936 vitam
1510 2882 1888 2944 instituerunt,
1942 2890 2002 2934 ut
2053 2896 2174 2950 qua:

597 2976 857 3030 nimirum
893 2974 1075 3028 omnis
1107 2973 1382 3026 castitatis
1415 2973 1649 3040 vitaeque
1681 2972 1951 3042 religiosa:
1979 2985 2170 3023 norma

600 3069 803 3122 inunilo
857 3065 1178 3122 exstiterit?
1220 3064 1378 3118 llaud
1436 3066 1716 3118 enimvero
1766 3079 1797 3118 a
1856 3061 2172 3132 triumphali

595 3165 810 3231 agmine
845 3160 1039 3213 abesse
1086 3157 1372 3225 patiatur;
1408 3167 1462 3211 at
1507 3170 1684 3225 neque
1739 3155 1970 3225 primam
2024 3167 2172 3206 inar-

2278 1971 2383 2032 τοὶ,
2408 1970 2589 2039 πολλῷ
2614 1971 2830 2040 πρῶτον
2856 1975 2903 2024 οἱ
2938 1973 3148 2043 πρῶτοι
3169 1976 3272 2043 τὴν
3298 1975 3473 2040 τάξιν
3507 1979 3610 2028 καὶ
3640 1978 3722 2046 τὴν
3740 1979 3824 2044 api;

2277 2060 2369 2112 τὸν
2405 2062 2643 2129 Χριστὸν
2683 2064 2982 2116 οἱκείωσιν.

2350 2319 2460 2372 Ποῦ
2501 2322 2678 2373 τοίνυν
2706 2322 2943 2392 θήσομεν
2978 2324 3207 2388 Θέκλαν,
3235 2326 3302 2378 τὸ
3326 2328 3437 2397 τῆς
3479 2327 3631 2397 ίερᾶς
3659 2326 3840 2385 πίστεως

2275 2411 2540 2480 ἄγαλμα,
2593 2413 2655 2464 τὸ
2727 2417 2826 2483 τῆς
2908 2414 3111 2484 σεπτῆς
3183 2418 3505 2486 παρθενίας
3587 2417 3836 2488 κειμήλιον.

2275 2503 2375 2573 τὴν
2423 2504 2700 2572 ἄψαυστον
2748 2506 2843 2558 τοῦ
2895 2506 3133 2576 Χριστοῦ
3177 2509 3416 2579 νύμφην
3449 2511 3546 2563 καὶ
3568 2509 3839 2563 ἀνεπίόατον

2278 2596 2530 2650 παστάδα
2557 2613 2570 2660 ;
2606 2598 2714 2650 Ποῦ
2743 2599 2970 2669 ταύτην,
3006 2599 3099 2652 καὶ
3124 2601 3182 2652 ὲν
3212 2600 3362 2671 ποίῳ
3389 2602 3612 2672 θέμενοι
3631 2602 3836 2671 τάγματι,

2277 2689 2377 2759 τὴν
2418 2690 2555 2760 αὐτῇ
2591 2691 2910 2758 πρέπουσαν
2939 2692 3146 2746 αίνεσιν
3172 2695 3570 2766 προσάξομεν;
3590 2697 3711 2757 Ταῖς
3732 2710 3837 2761 παρ-

2275 2781 2503 2834 θενικῶς
2561 2785 2651 2835 καὶ
2696 2783 2858 2846 ὁσίως
2915 2785 3264 2854 βεϐιωκυίαις
3339 2783 3736 2852 συντετάξεται.
3786 2785 3839 2845 ὡς

2274 2873 2570 2941 ἀγνότητος
2590 2877 2770 2944 πάσης
2789 2877 2880 2928 καὶ
2898 2877 3196 2947 ἀσκητικοῦ
3221 2879 3348 2949 βίου
3369 2879 3765 2950 νομοθεσία(59)
3781 2877 3836 2943 τῷ

2277 2963 2378 3033 βίῳ
2405 2965 2706 3036 γενομένη;
2738 2967 2880 3020 Ἀλλ’
2916 2969 3014 3022 οὐκ
3044 2969 3112 3023 ἂν
3145 2974 3243 3039 τῆς
3274 2972 3654 3042 ἁθλοφορικῆς
3676 2969 3836 3024 ἀπολεξ-

2275 3056 2471 3109 πεσθαι
2503 3058 2705 3124 τάξεως
2729 3060 3035 3130 ἀνάσχοιτο·
3054 3063 3166 3115 ἀλλ’
3187 3063 3316 3116 οὐδὲ
3336 3064 3407 3118 τά
3431 3063 3749 3135 πρωτοτόκια
3765 3061 3834 3127 τῆς

2279 3148 2586 3218 μαρτυρίας
2637 3149 2781 3219 άλλῳ
2817 3155 3072 3222 παρεῖναι
3135 3155 3536 3220 καταδέξαιτοο
3574 3155 3741 3226 πρώτη
3765 3168 3834 3218 γυ·

595 3255 722 3324 tyrii
763 3254 1004 3305 lauream
1038 3251 1132 3303 ulli
1170 3250 1486 3303 mortalium
1518 3249 1678 3302 cedat
1713 3265 1728 3314 ;
1761 3263 1882 3316 qua:
1917 3247 2176 3300 videlicet

2283 3238 2481 3290 ναικῶν
2508 3241 2739 3304 ἐντόνοις
2759 3244 3019 3311 ἀγωνίαις
3041 3245 3101 3297 τὺ
3118 3245 3214 3315 τῆς
3244 3246 3486 3318 θηλείας
3505 3247 3706 3317 φύσεως
3727 3245 3829 3296 ὀνει-

598 3343 890 3398 mulierum
937 3341 1133 3407 prima,
1163 3339 1517 3392 contentione
1551 3337 1826 3398 certandi,
1860 3335 2176 3404 ingentique

595 3432 904 3486 animorum
940 3429 1014 3494 vi,
1043 3428 1330 3482 muliebris
1371 3441 1537 3480 sexus
1562 3427 1825 3495 probrum
1852 3425 2173 3490 sustulerit,

600 3524 894 3592 primaque
957 3519 1246 3588 spirituale
1322 3519 1668 3587 pancratium
1748 3518 2102 3571 desudaret-it
2160 3535 2173 3581 ;

598 3628 722 3682 quae
789 3609 990 3664 teneris
1052 3607 1280 3676 pedibus
1341 3606 1634 3660 draconem
1700 3605 1850 3658 illum
1920 3619 2177 3673 magnum

603 3702 940 3777 protriverit,
996 3717 1059 3754 ac
1116 3702 1262 3753 velut
1343 3699 1526 3766 regina
1585 3712 1613 3750 a
1684 3697 1894 3750 dextris
1973 3696 2172 3750 sumini

599 3794 843 3848 omnium
903 3791 1061 3860 Regis
1115 3805 1316 3843 corona
1370 3788 1627 3856 insignita
1654 3789 1744 3840 sit.
1801 3785 1941 3851 Quid
1991 3786 2176 3854 igitur,

601 3885 918 3955 triumphali
955 3881 1158 3951 agmini
1191 3880 1571 3933 accensi-bitur
1600 3879 1622 3931 ?
1655 3877 1945 3930 Enimvero
2005 3875 2178 3928 Paulo

601 3976 1009 4051 praedicationis
1041 3975 1214 4037 socia,
1246 3987 1482 4040 eumque
1521 3970 1792 4026 doctrinis
1820 3984 1882 4021 ac
1918 3968 2177 4036 Opcl‘ibtls

603 4074 834 4132 imitata,
887 4067 1278 4131 communique
1328 4065 1774 4134 persecutionum
1820 4075 1883 4114 ac
1930 4060 2182 4114 tentatio-

601 4179 731 4218 num
769 4161 972 4225 stadio,
1004 4157 1208 4212 Christi
1245 4154 1373 4210 Jesu
1425 4156 1709 4224 apostolus
1750 4151 1917 4214 facta,
1973 4161 2180 4221 marty-

604 4271 725 4308 rum
777 4261 924 4307 coatu
983 4247 1227 4304 coerceri
1281 4247 1440 4300 nolit.
1499 4245 1750 4310 Quonam
1809 4244 1974 4314 igitur
2019 4245 2180 4296 modo

603 4347 726 4410 ejus
760 4343 1016 4397 laudibus
1045 4341 1433 4408 del‘ungentes,
1462 4353 1584 4406 quae
1626 4346 1783 4406 grata
1819 4334 2000 4388 futura
2047 4338 2180 4398 sint,

606 4428 1228 4501 praestiterinius?Num
1272 4426 1451 4496 plane,
1493 4441 1601 4479 non
1649 4434 1908 4492 tauquam
1962 4441 2026 4480 ex
2075 4441 2181 4478 una

2279 3330 2367 3392 δος
2389 3332 2736 3402 περιελοῦσα,
2761 3339 2855 3388 καὶ
2878 3336 3066 3406 πρώτη
3095 3338 3284 3408 νοητὸν
3311 3341 3658 3410 παγκράτιον
3677 3340 3821 3400 {taru-

2283 3423 2566 3494 νισαμένη·
2614 3425 2709 3477 καὶ
2732 3428 2890 3479 ποσὶν
2927 3429 3152 3492 ἁπαλοῖς
3190 3431 3283 3483 τὸν
3321 3433 3594 3502 δράκοντα
3625 3441 3811 3483 καταπα-

2286 3515 2498 3583 τήσασα
2541 3517 2632 3569 τὸν
2667 3518 2862 3587 μέγανο
2891 3521 2988 3574 καὶ
3016 3523 3361 3593 στεφηφόρος
3383 3519 3477 3578 οἷα
3503 3521 3760 3592 βασίλισσα
3778 3516 3820 3565 ἐκ

2286 3605 2478 3670 δεξιῶν
2521 3609 2596 3677 τῷ
2626 3610 2990 3680 Παμϐασιλεῖ.
3018 3613 3083 3664 Τί
3109 3611 3238 3680 οὗν;
3267 3619 3382 3679 τοῖς
3415 3614 3719 3682 ἀθλοφόροις
3733 3622 3821 3660 συν·

2284 3699 2568 3765 τετάξεται
2585 3720 2598 3766 ;
2627 3702 2766 3754 Ἀλλ’
2793 3704 2929 3774 αὐτὴ
2949 3705 3145 3774 Παύλῳ
3158 3708 3252 3760 τοῦ
3271 3709 3596 3777 εὐαγγελίου
3613 3701 3823 3766 κοινωνή⁶

2288 3806 2427 3844 σασα
2469 3792 2604 3861 (60),
2649 3795 2743 3846 καὶ
2781 3797 2844 3864 τῇ
2881 3800 3112 3866 μιμήσει
3143 3799 3250 3850 τῶν
3306 3800 3487 3868 λόγων
3533 3797 3623 3852 καὶ
3645 3795 3736 3848 τῶν
3757 3789 3823 3856 ἐρ’

2285 3898 2418 3948 γων’
2448 3885 2542 3935 καὶ
2567 3887 2630 3952 τῇ
2658 3890 2916 3958 κοινωνίᾳ
2947 3888 3054 3939 τῶν
3100 3890 3361 3958 διωγμῶν
3394 3893 3490 3944 καὶ
3530 3882 3820 3956 πειρασμῶν,

2287 3973 2581 4036 ἀπόστολος
2627 3975 2802 4042 Ἰησοῦ
2838 3975 3076 4046 Χριστοῦ
3113 3980 3487 4047 γεγενημένη,
3520 3977 3615 4029 οὐκ
3653 3972 3711 4026 ἂν
3732 3965 3822 4018 ἐθέ-

2289 4064 2369 4115 λοι
2403 4067 2514 4127 τοῖς
2544 4066 2785 4136 μάρτυσι
2815 4068 3198 4138 περιωρίσθαι.
3234 4071 3359 4134 Πῶς
3391 4067 3485 4124 οῦν
3519 4067 3676 4131 αὐτὴν
3702 4064 3823 4113 ἐπαι-

2291 4153 2530 4218 νοῦντες,
2562 4157 2935 4226 κεχαρισμένα
2977 4157 3281 4229 δράσαιμεν
3319 4163 3430 4224 ἄν;
3477 4159 3546 4210 Ἦ
3580 4154 3720 4224 δῆλον
3762 4145 3819 4202 ὡς

2290 4244 2390 4295 οὐκ
2435 4243 2494 4306 ἐξ
2539 4244 2658 4307 ἐνὸς
2715 4245 2748 4314 ἢ
2790 4245 3058 4315 δευτέρους
3098 4250 3259 4315 μόνον
3308 4249 3735 4320 προτερήματος·
3773 4237 3820 4320 ἐκ

2291 4335 2509 4387 πάντων
2568 4335 2624 4387 δὲ
2672 4335 2780 4388 τῶν
2837 4338 2996 4408 ἱερῶν
3048 4341 3218 4410 αὐτῆς
3269 4336 3703 4410 ἐπιτηδευμάτων
3720 4319 3819 4391 ,ουῖς

2293 4426 2434 4480 κατὰ
2491 4427 2552 4479 τὸ
2601 4429 2903 4499 ἀκρότατον
2957 4432 3440 4503 ὲνευδοκιμηκέναι
3518 4422 3820 4502 μεμαρτύρη·

607 4523 847 4577 alterave
893 4522 1072 4577 solum
1105 4517 1452 4582 excellentia,
1505 4517 1599 4571 sed
1651 4532 1716 4570 ex
1765 4516 2017 4570 omnibtts
2059 4517 2176 4585 ejus

2284 4535 2399 4580 ται,
2437 4521 2675 4591 ἀγαπῴη
2707 4520 2774 4574 ἂν
2808 4522 3149 4576 ἐπαινεῖσθαι
3195 4527 3290 4578 καὶ
3324 4522 3705 4595 θαυμάζεσθαι.

607 4612 1108 4673 sacrisinstitutis,
1143 4609 1345 4677 quibus
1375 4622 1587 4660 summe
1618 4607 1907 4669 claruisse,
1934 4608 2262 4677 egregiaque
2331 4609 2490 4664 laude
2552 4611 2897 4679 perfunctam
2951 4629 3093 4677 esse,
3143 4617 3505 4685 conspicuum
3569 4620 3665 4673 est,
3725 4604 3816 4656 lau-

605 4707 722 4763 dari
760 4713 979 4774 excptet
1011 4717 1076 4755 ac
1107 4699 1456 4755 admirationi
1491 4699 1722 4752 haberi?

681 4797 791 4865 (59)
831 4791 1187 4860 Ἀσκητικοῦ
1206 4793 1350 4865 βίον
1367 4792 1708 4858 νομοθεσία.
1745 4789 1795 4842 Ν
1803 4808 1972 4856 arma,
1994 4794 2177 4863 regula

607 4869 727 4922 iiitw
753 4863 1032 4935 religiosa’.
1077 4865 1167 4935 Sic
1200 4863 1394 4914 merito
1428 4865 1671 4929 σεμνεῖον
1733 4871 1890 4935 vocat
1929 4879 2175 4935 sequen-

610 4938 777 4998 tibus,
812 4932 1093 4990 aédieulam
1157 4934 1211 4984 in
1276 4940 1457 4983 monte
1505 4947 1670 4999 prope
1726 4932 2052 4996 Seleuciam,
2087 4934 2176 4988 ubi

608 5017 846 5074 quietam
881 5008 1045 5058 vitam
1080 5003 1470 5073 agebat,cxtr:i
1507 5004 1706 5074 civium
1742 5005 1954 5062 turbas,
1979 5012 2032 5074 et
2069 5019 2177 5071 quo

612 5073 758 5128 illam
816 5076 1031 5130 feminae
1088 5084 1143 5125 et
1201 5073 1387 5138 aegroti
1445 5073 1998 5136 conveniebant;ubi
2049 5087 2101 5127 et
2150 5091 2176 5125 a

610 5157 760 5211 petra
785 5162 947 5198 orans
981 5146 1259 5210 absorpta,
1289 5153 1341 5192 ut
1365 5142 1432 5193 ab
1455 5143 1668 5208 spurcis
1700 5141 2014 5195 hominibus
2039 5154 2184 5197 esset

611 5216 685 5268 illi
719 5226 855 5277 tuza,
885 5215 1094 5267 illibata
1121 5212 1428 5278 virginitas.
1476 5213 1560 5264 Sit
1611 5213 1794 5278 itaque
1839 5211 2066 5277 Thecla,
2106 5213 2182 5264 uti

613 5294 938 5355 martyrum,
966 5285 1044 5337 sit:
1068 5293 1121 5335 et
1153 5296 1434 5336 sacratum
1481 5282 1775 5355 Virginum,
1821 5285 1934 5355 sub
1997 5293 2186 5335 sancto

612 5351 864 5408 instituto
903 5355 1156 5422 princeps
1183 5364 1238 5406 et
1264 5365 1649 5422 llOl'lI'iaLVCIKB
1696 5351 2019 5422 digxﬁrpsia,
2065 5355 2186 5419 ejus

614 5427 689 5478 illi
717 5418 952 5480 instituti
985 5418 1202 5475 auctore
1261 5435 1456 5488 magno
1483 5421 1672 5474 Paulo.
1724 5418 1903 5473 Nostri
1939 5418 2185 5474 l‘horen-

613 5511 699 5548 ses
721 5498 860 5548 hanc
885 5495 1098 5546 laudent
1129 5493 1350 5544 Martha:
1375 5491 1643 5551 tribuunt,
1673 5492 1787 5542 sive
1809 5494 1971 5544 etiam
2011 5490 2190 5545 Maria:

613 5566 1117 5634 Magdalenacaquze
1166 5564 1247 5616 sic
1302 5560 1816 5634 religiosainvitam
1873 5561 2186 5634 coluerint;

613 5630 914 5703 acquidein
955 5633 1220 5685 Martham
1271 5631 1529 5703 similium
1583 5630 1853 5703 virginum
1913 5631 2186 5694 sodalitio,

612 5699 756 5772 quod
791 5705 947 5756 liilem
985 5705 1226 5764 haberet,
1258 5702 1360 5754 nisi
1400 5710 1520 5754 acta
1582 5699 1916 5765 laboiarent,
1959 5716 2080 5768 qua:
2135 5709 2190 5754 et

617 5774 742 5827 l'ius
775 5773 810 5825 V
844 5792 872 5826 e
904 5774 1060 5824 ltum.
1097 5772 1376 5826 Breviario
1405 5786 1620 5822 movere
1650 5772 1944 5840 cogitabat,
1981 5784 2037 5823 ut
2071 5779 2190 5826 erat

609 5845 1048 5899 ciiiutictissinia'
1085 5844 1255 5907 naris,
1287 5850 1340 5896 et
1369 5841 1448 5895 sic
1501 5840 1726 5895 incertis
1762 5841 1907 5910 piam
1946 5840 2185 5896 ﬁdelium

2285 4793 2667 4847 credulitatem
2698 4795 2918 4847 onerari
2951 4810 3094 4863 atgre
3126 4795 3360 4852 ferebat.

2356 4865 2470 4932 (60)
2494 4863 2600 4917 Τοῦ
2613 4864 2965 4932 εὐαγγελίου
2990 4853 3434 4928 κοινωνήσασα.
3464 4866 3550 4920 Sic
3572 4853 3812 4932 evangelii.

2287 4925 2382 4988 seu
2413 4925 2821 5004 przrdieatioiiis
2851 4935 2999 4988 socia
3052 4925 3236 4988 Paulo»
3277 4936 3475 4992 Thecla
3512 4925 3812 5004 ρκειῆιίιννυί

2289 5019 2395 5056 non
2413 4993 2528 5056 'nisi
2566 5004 2820 5072 privatim
2855 5019 2918 5056 ac
2953 5007 3300 5070 necessitate,
3345 5010 3458 5062 sive
3507 5001 3650 5055 Pauli
3707 4993 3794 5046 alio

2289 5090 2522 5142 rumque
2567 5071 2958 5126 ίιιιὶιιὶεῑιδοτιιιιι
3021 5075 3285 5138 absentia,
3362 5073 3585 5133 docendi
3651 5071 3814 5142 inutilis

2291 5129 2570 5217 usurparit
2599 5162 2611 5194 :
2641 5145 2792 5217 quod
2819 5145 3136 5217 certe__ips_is
3164 5129 3322 5217 Pauli
3353 5129 3554 5217 legibus
3577 5154 3634 5192 ac

2289 5216 2404 5276 size,
2429 5204 2500 5267 ile
2544 5204 2831 5266 mulierum
2869 5217 2922 5266 in
2967 5204 3209 5269 Ecclesia
3263 5204 3499 5276 sileniio,
3537 5224 3634 5265 non
3665 5204 3810 5276 uocel.

2291 5283 2445 5348 Quod
2475 5298 2608 5355 ergo
2642 5283 2941 5346 ἀπόστολος
2971 5284 3176 5337 dicitur
3203 5286 3462 5355 singulari
3512 5276 3806 5355 excellentia,

2293 5347 2444 5406 more
2477 5347 2790 5406 Graecorum
2843 5364 2947 5419 est,
2994 5355 3086 5422 qui
3141 5347 3414 5422 apostolos
3479 5347 3696 5422 prociive
3731 5349 3806 5422 Vg;

2292 5430 2420 5475 cant
2451 5438 2546 5478 eos
2572 5437 2763 5476 omnes
2800 5424 2894 5490 qui
2933 5399 3026 5476 ⁷ίιιι
3063 5399 3193 5477 remI
3230 5399 3610 5492 lidiiivinaljoris
3641 5399 3806 5492 aliqtﬂ“

2295 5486 2869 5565 Opera:contu-lerunt.
2902 5494 2992 5565 Sic
3015 5495 3123 5547 illis
3153 5495 3404 5565 discipuli
3448 5486 3623 5565 oinues

2297 5554 2404 5630 qiie
2435 5563 2667 5615 ministri
2693 5564 2948 5629 apostoli,
3008 5565 3088 5617 sic
3143 5554 3526 5620 Consiantinus
3574 5554 3805 5630 “895195

2301 5619 2672 5704 ἰσαπὸστολος,
2699 5619 2798 5704 ρὶιιη
2828 5619 3080 5704 apostolis
3137 5619 3620 5704 eisqueﬁconsertus,
3658 5619 3804 5704 "i

2299 5717 2461 5776 verus
2494 5703 2546 5754 in
2574 5694 2829 5776 Martiae.
2859 5694 2952 5757 Sic
2986 5694 3237 5776 plenam,
3291 5707 3402 5776 Τῆς
3426 5703 3586 5776 ἁγίας,
3617 5694 3803 5776 μεῖῗέῗξ

2301 5771 2576 5848 μᾷρτυρος
2613 5772 2708 5848 {tal-
2735 5773 3089 5848 ζσαποστόλου
3137 5763 3398 5848 ΘέκληςΪ
3416 5763 3608 5830 Anatol.
3637 5763 3804 5828 πρωτο⁹

2300 5841 2510 5912 μάρτυς
2534 5841 2821 5896 ἀπόστολε.
