4040 6360
233 436 342 498 305

1049 428 1338 491 ORATIO
1365 429 1518 490 XVI.
1555 452 1623 465 --
1660 429 1741 488 ΙΝ
1774 428 2090 490 LAUDEM
2132 428 2191 487 S.
2234 426 2574 488 THECLE.
2994 444 3005 475 ι

3412 432 3520 495 306

316 550 542 618 Πρῶτον
572 547 668 618 μὲν
697 539 791 601 οὖν
821 545 920 616 τὴν
951 544 1294 616 παρθενικὴν
1325 543 1494 614 αὐτῆς
1538 543 1602 595 ὲκ
1633 543 1827 613 νεότη-

2006 541 2247 595 Primum
2307 542 2493 610 itaque
2566 542 2888 613 virginalem
2964 545 3086 613 ejus
3144 562 3172 599 a
3227 546 3518 615 iuventute

236 659 330 707 τος
375 639 742 712 ἀναστροφὴν,
783 639 985 711 μᾶλλον
1022 638 1080 691 δὲ
1146 638 1247 707 τὴν
1295 639 1376 700 εἰς
1416 635 1654 707 Χριστὸν
1692 633 1831 702 ἀγά-

244 751 407 805 πησιν
455 733 550 786 καὶ
600 731 787 788 πίστιν
835 731 981 784 κατά
1032 729 1266 800 δύναμιν
1331 726 1717 797 ὲπαινώμεθα·
1761 725 1829 780 δι’

240 820 324 895 ἧς,
368 824 403 893 ἥ
460 839 520 875 τε
568 821 843 893 παρθενία
887 823 983 874 καὶ
1014 822 1049 891 ἡ
1105 819 1333 889 ἄθλησις
1373 818 1826 885 ὑπερανθὴσασα,

240 918 320 979 είς
364 915 465 986 τὴν
506 912 879 981 ἀποστολικὴν
914 911 1087 981 αὐτὴν
1122 909 1557 980 προσανύψωσεν
1585 907 1833 978 κορυφὴν

238 1007 273 1076 ἢ
307 1005 621 1076 περιωπήν.
661 1005 824 1073 ’Δρτι
862 1003 973 1075 γὰρ
994 1001 1088 1055 τοῦ
1147 1001 1389 1071 μεγάλου
1436 1002 1535 1071 τῆς
1574 1001 1833 1072 ἀληθείας

239 1095 639 1167 εὐαγγελιστοῦ
659 1137 675 1159 ,
729 1096 830 1165 τῆς
864 1094 1126 1164 οὐρανίας
1158 1094 1254 1147 καὶ
1303 1093 1833 1163 μεγαλοφωνοτάτης

241 1191 338 1243 τοῦ
371 1189 708 1258 Εὐαγγελίου
746 1187 1001 1258 βροντῆς,
1030 1186 1129 1253 τῆς
1157 1185 1486 1254 ὑπερφὼτου
1517 1184 1624 1237 τῶν
1656 1186 1837 1256 ἔργων

248 1279 486 1350 Χριστοῦ
519 1280 614 1332 καὶ
644 1278 823 1346 λόγων
867 1275 1159 1346 ἀστραπῆς
1210 1276 1360 1344 (61)·
1410 1274 1624 1329 Παύλου
1666 1275 1834 1341 λέγω,

249 1372 345 1425 τοῦ
374 1371 644 1441 στόματος
701 1367 896 1437 Ἰησοῦ,
929 1366 1026 1421 τοῦ
1071 1367 1307 1438 ὀργάνου
1357 1366 1452 1420 τοῦ
1493 1366 1836 1436 Πνεύματος,

248 1464 348 1533 τῆς
377 1461 752 1531 εὑηχεστάτης
789 1459 927 1513 Θεοῦ
985 1459 1309 1526 σάλπιγγος,
1355 1460 1455 1526 τῆς
1510 1459 1578 1511 τὰ
1634 1458 1838 1527 πέρατα

250 1552 733 1623 συγκαλουμένηςο
766 1551 982 1615 τούτου,
1018 1552 1065 1603 τ’
1095 1550 1231 1604 ἄλλα
1276 1567 1336 1604 τε
1370 1550 1472 1619 τῆς
1511 1550 1838 1619 οἰκουμένης

249 1646 482 1708 διιόντος
531 1644 699 1715 μέρη,
749 1643 843 1697 καὶ
871 1642 964 1695 τὸν
1004 1643 1104 1711 τῆς
1152 1642 1301 1711 ζωῆς
1357 1640 1518 1709 λόγον
1558 1639 1747 1709 ὥσπερ
1784 1658 1836 1693 τι

251 1741 398 1793 θεῖον
444 1737 931 1807 καταὸαλλομένου
975 1735 1202 1806 σπέρμα
1237 1752 1250 1765 ·
1304 1734 1387 1788 ἔτι
1442 1734 1499 1787 δὲ
1560 1734 1697 1803 πρὸς
1728 1736 1839 1795 τοῖς

248 1832 429 1895 ἄλλοις
475 1830 573 1884 καὶ⁵
630 1830 853 1884 Ἰκόνιον
907 1828 1321 1898 κατειληφότος,
1371 1829 1467 1881 καὶ
1516 1826 1649 1897 παρ’
1685 1826 1838 1896 ἀνδρὶ

250 1893 734 1992 ξεναγ-ωγρυμένου
766 1921 963 1991 πιστῷ·
1003 1920 1098 1974 καὶ
1119 1893 1299 1991 -ἀρτιρ
1337 1919 1437 1990 μὲν
1480 1919 1560 1989 τῷ
1591 1893 1701 1973 ἀπὸ
1732 1893 1839 1986 γῆς

1957 1918 2051 1972 lem
2128 1916 2330 1986 hospes
2385 1926 2571 1987 ageret
2619 1933 2633 1982 ;

246 1984 307 2069 τὸ
348 1984 634 2084 σωμάδιον
680 1984 1099 2083 στηριζομένου·
1156 1984 1306 2084 ἀρτῴ
1337 1984 1410 2063 δὲ
1453 1984 1692 2080 οὐρανίῳ
1730 1984 1841 2062 τῶν

248 2108 732 2177 ὲπισυναγομένων
761 2101 1118 2175 στηρίζοντος
1153 2104 1400 2175 καρδίας·
1455 2105 1549 2157 καὶ
1583 2102 1721 2156 θεῶν
1743 2101 1843 2172 μὲν

252 2198 454 2263 ἀθέων,
514 2197 614 2251 καὶ
684 2197 975 2268 συνηθείας
1018 2200 1233 2267 κακῆς,
1294 2197 1390 2250 καὶ
1449 2195 1843 2265 δεισιδαίμονος

256 2290 482 2359 ἀγωγῆς
527 2289 589 2341 τὸ
639 2287 938 2356 θεοστυγὲς
991 2287 1341 2357 διασύροντος
1408 2288 1502 2341 καὶ
1572 2286 1841 2357 μυσαρόν·

260 2379 523 2450 ὑψοῦντος
575 2379 633 2433 δὲ
684 2381 785 2449 τὴν
834 2377 996 2444 δόξαν
1048 2379 1144 2432 τοῦ
1183 2378 1407 2448 ὑψίστου
1441 2376 1600 2443 Θεοῦ,
1627 2378 1719 2431 καὶ
1745 2378 1846 2449 τὴν

258 2475 500 2545 ἄρρητον
555 2473 841 2542 σάρκωσιν
883 2470 977 2525 τοῦ
1022 2471 1222 2541 Ἰησοῦ·
1263 2473 1323 2525 τό
1348 2490 1406 2525 τε
1447 2472 1709 2536 ζωοποιον
1744 2472 1847 2526 πά-

258 2565 345 2625 θος
385 2563 483 2616 καὶ
531 2563 822 2632 σωτήριον’
852 2563 952 2633 τήν
1004 2580 1064 2615 τε
1085 2564 1390 2634 τριήμερον
1434 2563 1746 2617 ἀνάσταῖσιν
1774 2563 1842 2617 ὲκ

256 2654 492 2724 νεκρῶν,
536 2655 631 2708 καὶ
669 2655 770 2726 τὴν
811 2655 1404 2726 τεσσαρακονθήμερον
1436 2654 1706 2726 ἀνάληψιν
1739 2657 1848 2709 ἀπὸ

254 2745 382 2816 γῆς·
413 2746 509 2799 καὶ
537 2744 636 2815 τὴν
659 2745 955 2816 οὐρανόθεν
988 2741 1157 2809 αὖθις
1183 2746 1509 2815 ἐπιφάνειαν
1525 2745 1621 2799 καὶ
1639 2746 1844 2815 κρίσιν·

258 2836 349 2889 καὶ
380 2833 481 2906 τὴν
523 2834 742 2888 δικαίαν
772 2835 885 2887 τῶν
937 2834 1288 2906 βεὸιωμένων
1325 2836 1583 2890 ἀπόδοσιν
1629 2836 1848 2906 φιλοσο-

257 2929 509 2998 φοῦντος,
543 2929 639 2983 καὶ
668 2930 881 3003 ῥήμασι
912 2929 1135 3001 χάριτος
1155 2929 1454 3000 ὑμνοῦντος
1484 2931 1726 3000 μεστοῖς·
1762 2929 1853 2983 ναὶ

260 3024 370 3095 μην
414 3022 511 3076 καὶ
545 3022 638 3076 τὸν
671 3021 922 3093 ἡδυπαθῆ
959 3021 1056 3092 μὲν
1103 3023 1200 3076 καὶ
1239 3021 1542 3076 ἀκόλαστον
1573 3022 1688 3092 βίον
1729 3022 1853 3074 ἑπι-

262 3113 616 3178 σκὼπτοντος
649 3113 724 3176 ὡς
765 3112 1070 3184 βδελυκτόν·
1097 3113 1189 3168 τὸν
1217 3114 1449 3186 ἄμωμον
1474 3114 1533 3168 δὲ
1555 3114 1651 3169 καὶ
1688 3114 1852 3185 ἁγνὸν

1938 634 2442 696 conversationem,
2490 633 2623 702 quin
2676 636 2878 705 potius,
2920 653 3029 706 qua
3060 636 3342 691 Christum
3390 652 3520 707 pro-

1938 733 2127 780 secuta
2168 734 2275 790 est,
2300 726 2657 782 dilectionem
2696 741 2761 779 ac
2793 727 2974 793 ﬁdem,
3022 744 3123 798 pro
3154 729 3296 782 virili
3331 738 3521 785 nostra

1939 816 2227 872 laudemus
2262 855 2279 881 ,
2310 816 2468 885 cujus
2509 817 2769 871 nimirum
2810 833 2934 888 epe,
2981 818 3267 889 virginitas
3313 820 3522 888 pariter

1940 908 2208 976 vigorque
2266 907 2589 963 certaminis
2647 909 2848 963 altiore
2910 909 3188 963 cumulata
3249 908 3404 974 ﬂore,
3454 909 3521 963 ad

1942 997 2315 1067 apostolicum
2347 998 2518 1069 ipsam
2564 1015 2840 1054 summum
2870 1001 3131 1055 verticem
3182 1016 3281 1054 seu
3330 1016 3524 1068 specu—

1942 1091 2049 1143 lam
2095 1089 2314 1145 abunde
2349 1102 2737 1160 provexcrunt.
2783 1091 2902 1146 Jam
2935 1093 3081 1147 enim
3129 1109 3329 1164 magno
3378 1094 3523 1147 veri-

1942 1184 2073 1237 tatis
2122 1196 2399 1252 praecone,
2468 1184 2681 1239 caelesti
2729 1184 3194 1256 vocalissimoque
3245 1184 3541 1253 Evangelii

1942 1276 2177 1341 tonitru,
2241 1275 2361 1330 luce
2402 1276 2552 1330 omni
2603 1278 2840 1331 clariore
2884 1276 3088 1333 Christi
3138 1293 3365 1348 operum
3408 1293 3525 1349 scr-

1953 1383 2292 1436 monumque
2354 1366 2612 1437 fulgetra,
2663 1367 2834 1423 Paulo
2887 1370 3172 1432 nimirum,
3222 1366 3352 1424 Jesu
3406 1384 3526 1433 ore,

1947 1458 2185 1528 Spiritus
2211 1474 2444 1529 organo,
2489 1460 2581 1512 Dei
2631 1461 2941 1515 clarissima
2985 1460 3137 1523 tuba,
3183 1460 3339 1515 orbis
3388 1474 3526 1513 con-

1944 1561 2177 1605 vocante
2248 1550 2383 1605 lines
2434 1568 2447 1603 :
2497 1551 2638 1616 hoc,
2703 1553 2950 1621 inquam,
3004 1568 3130 1607 cum
3186 1554 3325 1607 alias
3376 1553 3528 1608 orbis

1946 1650 2270 1712 peragrante
2298 1649 2499 1711 partes,
2536 1657 2597 1695 ac
2635 1644 2861 1696 verbum
2909 1643 3031 1696 vita:
3092 1642 3241 1697 velut
3287 1642 3527 1696 divinam

1947 1734 2241 1803 quamdam
2278 1740 2578 1789 sementem
2608 1733 2967 1802 jaciente;ac
3000 1749 3124 1788 cum
3178 1745 3377 1804 praeter
3423 1733 3529 1788 alia

1949 1826 2067 1877 loca
2100 1823 2266 1877 etiam
2306 1820 2554 1877 Iconium
2588 1824 2856 1888 venisset,
2897 1833 2952 1878 et
2988 1823 3133 1893 apud
3186 1824 3362 1878 virum
3395 1823 3530 1877 iide-

2689 1931 2752 1971 ac
2820 1932 2960 1987 pane
3025 1915 3249 1986 quidem
3308 1923 3531 1971 terreno

1947 2004 2340 2074 corpusculum
2402 2003 2778 2065 conﬁrmaret,
2836 2004 3049 2059 ccelesti
3117 2017 3267 2060 vero.
3339 2016 3533 2057 eorum

1946 2098 2039 2168 qui
2098 2097 2165 2151 ad
2229 2112 2353 2151 eum
2421 2106 2924 2167 congregarentur,
2997 2097 3215 2151 animos
3272 2094 3530 2158 fulciret,

1947 2189 2307 2259 inauiumque
2340 2189 2571 2244 deorum
2612 2198 2666 2244 et
2712 2205 2894 2259 pravae
2939 2188 3380 2253 consuetudinis,
3408 2219 3412 2223 «
3439 2203 3535 2242 su-

1949 2280 2394 2351 perstitiosazque
2440 2281 2834 2349 institutionis,
2898 2282 3136 2337 invisqu
3190 2280 3304 2336 Deo
3353 2281 3536 2337 scelus

1949 2374 2446 2443 detestandumque
2481 2374 2824 2440 traduceret,
2877 2374 3082 2444 Deique
3125 2375 3381 2430 altissimi
3417 2374 3536 2443 glo-

1950 2468 2110 2531 riam,
2144 2476 2197 2521 et
2241 2480 2499 2519 arcanam
2553 2464 2682 2521 Jesu
2739 2467 3175 2522 incarnationem
3232 2469 3534 2533 exaltaret,

1950 2559 2336 2630 vivilicamqne
2364 2568 2419 2615 et
2446 2560 2743 2615 salutarem
2773 2560 3085 2631 passionem
3113 2560 3541 2629 triduanamque

1950 2667 2016 2706 ex
2049 2652 2280 2707 mortuis
2311 2654 2798 2714 resurrectionem,
2834 2662 3000 2724 atque
3033 2670 3063 2709 e
3098 2652 3264 2708 terris
3296 2653 3538 2722 quadra.

1951 2744 2160 2815 gesimo
2207 2744 2295 2799 die
2337 2745 2390 2799 in
2446 2746 2619 2800 cmlos
2671 2746 3068 2814 receptionem,
3127 2761 3464 2815 rursumque
3511 2762 3541 2797 e

1953 2838 2111 2893 cuslis
2169 2838 2598 2908 apparitionem,
2651 2838 3034 2910 iudiciumque
3079 2854 3143 2894 ac
3182 2838 3387 2909 justam
3443 2855 3551 2909 pro,

1954 2932 2079 2984 vita:
2116 2930 2336 2984 meritis
2368 2934 2420 2984 in
2451 2946 2625 3000 eaque
2653 2930 2826 3000 gestis
2861 2931 3284 2987 retributionem
3315 2932 3540 3000 sapien-

1956 3032 2041 3077 ter
2064 3020 2402 3089 declararet,
2436 3038 2500 3077 ae
2552 3023 2735 3077 verbis
2767 3023 2959 3092 gratia:
3007 3024 3185 3092 plenis
3239 3022 3485 3077 laudaret
3525 3039 3539 3075 :

1956 3127 2171 3168 necnon
2230 3113 2394 3169 etiam
2450 3114 2820 3185 voluptariam
2846 3130 2912 3171 ac
2964 3115 3319 3170 libidinosam
3371 3115 3537 3168 vitam

265 3204 667 3276 μακαρίζοντός
712 3205 809 3258 καὶ
839 3205 1189 3277 παρθενικὸν,
1232 3206 1308 3271 ὡς
1337 3208 1538 3261 οἰκεῖον
1578 3206 1708 3261 ὄντα
1731 3204 1849 3278 θεῷ

1958 3204 2108 3260 velut
2134 3203 2518 3260 detestabilem
2554 3204 2900 3275 suggillaret,
2934 3204 3277 3274 impollutam
3317 3221 3451 3259 vero
3487 3214 3544 3259 et

264 3300 357 3352 καὶ
389 3299 637 3368 ἀρεστόν.

334 3479 522 3534 Ταῦτα
554 3480 649 3535 τοῦ
682 3479 890 3553 ὑψηλοῦ
933 3485 1178 3553 κήρυκος
1221 3483 1333 3546 τοῖς
1367 3481 1504 3553 πρὸς
1539 3476 1703 3535 αὐτὸν
1735 3482 1850 3535 εἰσ-

267 3569 445 3623 ιοῦσιν
476 3571 793 3641 ὁμιλοῦντος
814 3588 828 3603 ο
882 3573 976 3626 καὶ
1002 3572 1166 3627 τινῶν
1203 3571 1304 3641 μὲν
1334 3573 1506 3643 ἡδέως
1548 3574 1643 3628 καὶ
1679 3590 1852 3641 προσ-

264 3662 417 3731 ηνῶς
449 3664 822 3735 ἀκροωμένων
845 3678 857 3691 ·
892 3663 1055 3716 τινῶν
1080 3662 1135 3716 δὲ
1163 3663 1299 3734 πρὸς
1330 3663 1418 3716 τὸν
1445 3663 1604 3732 λόγον
1628 3666 1855 3717 ἀνεπαι-

262 3754 483 3826 σθήτιυς
498 3754 701 3807 διατιθε
712 3754 909 3822 μένων·
930 3751 1099 3826 ἔ[σ]τι
1116 3753 1160 3805 δ’
1183 3748 1258 3807 ὧν
1283 3755 1377 3807 καὶ
1398 3754 1853 3828 ὑποτονθορυζόν-

264 3864 395 3912 των,
433 3847 527 3900 καὶ
557 3846 771 3918 πονηρᾶ
822 3845 1192 3915 λογιζομένων
1239 3847 1361 3899 ἀντὶ⁹
1397 3846 1640 3914 ἀγαθῶν,
1678 3847 1855 3901 Θέκλα

262 3939 471 4003 νεᾶνις,
499 3937 750 4007 θυγάτηρ
783 3939 881 4009 μὲν
910 3938 1202 4002 Θεοκλείας
1227 3979 1241 3999 ,
1282 3942 1494 4009 μνηστὴ
1528 3939 1584 3992 δὲ
1612 3918 1857 4012 Θαμύριο

263 4030 380 4092 δος,
408 4027 469 4094 ἐξ
494 4030 739 4097 ὑπογύου
784 4029 1025 4099 μένουσα
1054 4029 1288 4095 τούτοις,
1326 4032 1417 4084 καὶ
1448 4031 1536 4084 διὰ
1564 4035 1661 4101 τῆς
1700 4032 1853 4104 θυρί-

260 4125 355 4186 δος
389 4123 452 4176 τὸ
483 4121 576 4187 οὓς
621 4123 972 4193 ὑποσχομένη
1001 4163 1014 4185 ,
1062 4123 1173 4175 τῶν
1232 4123 1448 4176 Παύλου
1493 4124 1854 4177 διδασκαλιῶν

264 4216 606 4285 ἐπηκροᾶτο.
642 4216 750 4268 Καὶ
785 4215 845 4267 τὸ
889 4215 1182 4285 πρόσωπον
1220 4215 1321 4283 μὲν
1362 4216 1496 4285 όρᾷν
1533 4217 1634 4268 οὐκ
1678 4212 1855 4285 εἶχεν·

263 4306 414 4359 οὕτω
443 4307 499 4359 δὲ
525 4308 621 4375 τῆς
657 4306 876 4376 διδαχῆς
908 4308 999 4358 καὶ
1052 4306 1159 4358 τῶν
1191 4302 1354 4360 αὐτοῦ
1390 4307 1562 4376 λόγων
1591 4308 1860 4380 ἐξήρτητο

268 4398 688 4467 μυσταγωγίας,
741 4397 815 4461 ὡς
846 4398 973 4468 ὃλην
1003 4398 1070 4451 δι’
1101 4399 1222 4451 ὅλου
1249 4397 1358 4451 τῶν
1409 4400 1697 4471 παρόντων
1751 4402 1860 4454 ἀπ-

266 4489 606 4548 αναστᾶσαν,
640 4488 778 4555 προς
807 4488 900 4541 τὸν
931 4488 1423 4558 εὐαγγελιζόμενον
1464 4489 1697 4561 ἀρθῆναι
1723 4491 1857 4562 Χρι-

267 4579 420 4632 στόι.
451 4578 642 4642 Οὕτως
664 4582 728 4631 ὲκ
752 4579 974 4650 πρώτης
997 4579 1157 4643 εὐθὺς
1189 4580 1441 4652 ἀκοῆς,ὣ
1463 4581 1564 4653 τῆς
1590 4582 1857 4648 πίστεωςί
1889 4563 1943 4623 D

267 4672 467 4742 ἐξέστη
493 4672 591 4740 μὲν
621 4671 732 4724 τῶν
763 4673 979 4725 οἰκείων
1000 4673 1230 4745 ’ἐξέστη
1271 4674 1328 4728 δὲ
1359 4675 1531 4746 αὐτῆς
1553 4691 1566 4705 ⁸
1603 4678 1698 4731 καὶ
1726 4681 1865 4749 μήτε

268 4763 520 4830 σημείων
553 4763 752 4830 πεῖραν
775 4761 1038 4825 λαϐοῦσα,
1072 4763 1211 4833 μήτε
1240 4763 1416 4834 χρόνῳ
1448 4763 1541 4816 τὸν
1576 4760 1736 4833 λόγον
1768 4764 1864 4818 τοῦ

270 4853 614 4922 Εὐαγγελίου
659 4854 1035 4924 δοκιμάσασα,
1078 4853 1216 4908 ἀλλά
1254 4854 1391 4925 μηδὲ
1437 4855 1528 4908 τὸν
1583 4855 1867 4923 εὐαγγελι-

273 4948 435 5018 στὴν,
475 4948 536 4999 τὸ
583 4946 1046 5018 παραδοξότατον,
1087 4946 1301 5019 ὄμμασι
1348 4946 1692 5019 τεθεαμένη,
1725 4947 1869 5001 οὕτω

272 5039 540 5094 κατέθετο
571 5043 636 5111 τῇ
663 5039 895 5112 ἀληθείᾳ
914 5079 931 5103 ,
981 5039 1078 5093 καὶ
1127 5041 1266 5112 πρὸς
1311 5040 1484 5112 αὐτῆς
1513 5039 1602 5094 διὰ
1630 5040 1868 5105 πίστεως

270 5132 516 5199 ἐγένετο,
551 5131 628 5195 ὠς
666 5132 760 5185 ἐπὶ
810 5134 994 5203 τρισὶν
1055 5133 1292 5203 ἡμέραις
1347 5134 1650 5204 ἀμνηστεῖν
1698 5133 1868 5204 αὐτὴν

271 5226 478 5288 πάντα,
517 5226 612 5278 καὶ
636 5222 946 5294 βρώματος,
980 5225 1074 5278 καὶ
1106 5224 1370 5294 πόματος.

353 5318 465 5369 Καὶ
524 5318 709 5390 μήτηρ
752 5316 852 5388 μὲν
897 5318 1238 5388 φιλοστόργῳ
1287 5318 1395 5371 τινὶ
1436 5318 1531 5373 καὶ
1589 5317 1871 5389 φιλοῴύχῳ

273 5408 523 5462 διαθέσει
563 5408 687 5479 περὶ
719 5409 889 5480 αὐτὴν
926 5408 1195 5471 εἰσιοῦσα,
1230 5409 1323 5462 καὶ
1356 5410 1616 5464 στένουσα
1643 5413 1737 5465 καὶ
1758 5410 1871 5462 δια-

275 5499 630 5571 πονουμένη·
671 5500 763 5554 καὶ
792 5500 845 5553 τί
886 5501 996 5572 γὰρ
1030 5502 1063 5570 ἡ
1093 5500 1312 5571 μήτηρ;
1353 5501 1430 5571 πῆ
1469 5500 1570 5571 μὲν
1600 5500 1868 5554 κολακεύ-

275 5611 442 5657 ουσα,
481 5592 578 5647 καὶ
629 5592 903 5663 αἱμυλίοις
929 5591 1341 5662 ὑποποιουμένη
1382 5590 1584 5661 λόγοις.
1624 5593 1866 5658 Τέκνον,

277 5683 434 5748 ἐϐόα,
470 5682 802 5753 sputator
838 5680 1057 5736 τέκνον
1090 5680 1347 5750 ἣδιστόν
1387 5682 1439 5750 τ’
1475 5674 1592 5737 οὖν
1618 5682 1717 5735 καὶ
1746 5700 1871 5751 τερ-

1958 3299 2167 3345 castam
2202 3305 2268 3344 ac
2299 3292 2647 3362 virginalem,
2691 3300 2954 3363 tanquam
3006 3291 3114 3348 Deo
3170 3294 3542 3350 necessariam

1956 3383 2122 3453 eique
2147 3384 2405 3452 placitam
2442 3385 2658 3440 beatam
2691 3386 3042 3456 praedicaret.

2028 3478 2155 3534 Haec
2191 3479 2380 3549 itaque
2400 3480 2626 3535 sublimi
2657 3496 2915 3551 przecone
2945 3480 3013 3537 ad
3045 3496 3170 3535 eum
3204 3479 3547 3537 adeuntibus

1959 3582 2273 3640 perorante,
2309 3586 2375 3626 ac
2398 3587 2524 3627 eum
2566 3572 2657 3627 alii
2696 3574 2917 3644 quidem
2952 3573 3191 3628 dulciter
3220 3574 3547 3644 placideque

1958 3662 2235 3726 audirent,
2268 3662 2361 3717 alii
2391 3678 2520 3719 vero
2551 3665 2704 3718 nullo
2743 3667 3019 3718 sermonis
3049 3682 3214 3719 sensu
3258 3666 3547 3719 alliceren-

1958 3763 2070 3819 tur,
2133 3755 2226 3808 alii
2268 3754 2435 3808 etiam
2474 3766 2912 3818 murmurareut,
2962 3772 3024 3810 ac
3074 3772 3173 3825 pro
3215 3758 3372 3810 bonis
3408 3761 3549 3810 mala

1958 3847 2282 3917 cogitarent,
2335 3845 2537 3902 Thecla
2575 3848 2776 3917 puella.
2817 3847 3101 3902 'l‘heoeleze
3147 3849 3366 3917 quidem
3420 3847 3549 3912 lilia,

1960 3954 2162 4010 sponsa
2218 3954 2350 3994 vero
2403 3939 2778 4011 Thamyridis,
2813 3957 2843 3993 e
2882 3941 3064 3994 vicino
3113 3943 3260 3996 aedes
3314 3940 3550 4005 habens,

1960 4046 2025 4085 ac
2054 4046 2148 4100 per
2200 4030 2495 4084 fenestram
2521 4045 2707 4083 aurem
2746 4033 3194 4095 accommodans,
3237 4031 3390 4087 Pauli
3431 4031 3555 4087 doc-

1964 4123 2129 4178 trinis
2183 4122 2553 4177 auscultabat.
2607 4122 2685 4177 Ae
2715 4124 2937 4193 quidem
2978 4124 3171 4178 facient
3220 4125 3407 4181 videre
3445 4142 3553 4179 nou

1964 4215 2166 4269 licebat
2215 4214 2352 4279 ;sic
2419 4229 2549 4267 vero
2595 4230 2623 4267 a
2657 4216 2909 4269 doctrina
2962 4218 3192 4287 ejusque
3240 4232 3554 4271 sermonum

1966 4306 2322 4362 institutione
2358 4307 2656 4377 pendebat,
2693 4316 2752 4362 ut
2803 4316 2919 4363 tota
2968 4325 3201 4381 prorsus
3236 4326 3265 4365 e
3297 4311 3555 4375 terrenis,

1965 4399 2031 4453 ad
2071 4399 2354 4455 Christum
2379 4401 2472 4470 qui
2508 4401 2964 4469 annuntiabatur,
3018 4403 3204 4458 animo
3250 4403 3555 4458 tolleretur.

1966 4490 2059 4548 Sic
2084 4510 2149 4548 ex
2187 4495 2365 4564 primo
2390 4495 2572 4550 statim
2604 4495 2793 4550 auditu
2825 4496 2900 4565 (ο
2929 4497 3097 4551 lidcs!
3124 4500 3140 4564 )
3163 4497 3399 4552 exceSsit
3432 4498 3557 4567 qui-

1968 4586 2091 4642 dem
2135 4585 2324 4648 domo,
2367 4589 2608 4643 excessit
2646 4598 2700 4642 et
2730 4589 2913 4659 seipsa
2952 4605 2967 4653 ;
3005 4589 3170 4658 idque
3216 4604 3341 4643 cum
3379 4605 3558 4658 neque

1968 4679 2251 4747 signorum
2322 4683 2759 4750 experimentum
2824 4683 2993 4736 ullum
3066 4680 3313 4746 fecisset,
3379 4696 3557 4751 neque

1977 4771 2252 4842 Evangelii
2316 4772 2626 4827 doctrinam
2690 4791 2788 4843 per
2845 4783 3063 4844 tempus
3121 4775 3410 4844 probasset
3457 4785 3563 4827 :at

1975 4875 2154 4927 neque
2202 4863 2618 4932 praedicatorem
2695 4865 2845 4932 (rem
2901 4881 3116 4921 summe
3179 4865 3561 4925 inauditam!)

1972 4953 2150 5007 oculis
2197 4963 2540 5023 usurpasset,
2583 4958 2663 5010 sic
2706 4956 2923 5011 veritati
2962 4955 3207 5010 asscnsit
3262 4955 3427 5025 eique
3463 4971 3560 5024 per

1977 5043 2137 5099 [idem
2190 5044 2443 5113 adhaesit,
2499 5057 2558 5102 ut
2609 5048 2794 5103 triduo
2838 5048 3088 5102 omnium
3136 5046 3308 5102 oblita
3360 5047 3454 5109 sit,
3507 5055 3561 5100 et

1975 5138 2083 5193 cibi
2110 5146 2164 5192 et
2189 5149 2373 5209 potus.

2051 5312 2222 5366 Mater
2258 5329 2385 5369 vero
2427 5315 2657 5370 materni
2708 5314 2947 5385 quadam
2996 5314 3201 5370 amoris
3238 5314 3309 5379 vi,
3346 5314 3562 5382 impen-

1975 5406 2230 5475 sioreque
2259 5406 2313 5459 in
2347 5421 2467 5460 eam
2496 5408 2705 5461 carnali
2740 5406 2935 5461 aﬂectu
2991 5408 3264 5476 ingressa,
3309 5418 3562 5475 gemens-

1983 5516 2091 5571 que
2124 5515 2187 5553 ac
2217 5500 2516 5569 quiritans,
2549 5502 2701 5571 (quid
2739 5502 2886 5557 cnim
2912 5501 3058 5555 aliud
3102 5500 3355 5569 mater?)
3399 5496 3563 5552 modo

1982 5594 2202 5663 quidem
2237 5590 2551 5654 blandiens,
2588 5592 2915 5661 lenibusque
2936 5592 3120 5646 verbis
3155 5590 3474 5645 demulceus
3497 5605 3563 5642 ae

1981 5684 2084 5740 sibi
2119 5683 2440 5749 concilians,
2487 5682 2633 5737 Filia
2659 5683 2975 5751 ,clamabat,
3010 5683 3330 5739 charissima
3361 5683 3382 5737 .'
3416 5679 3563 5737 Filia

358 5862 472 5934 (Gl)
510 5859 622 5930 Τῆς
646 5855 993 5930 ὑπερφώτου
1021 5856 1356 5928 ἀστραπῆς.
1393 5855 1597 5929 Fulgur
1641 5878 1790 5916 omne
1847 5880 1849 5907 1

1957 5879 2016 5915 us
2058 5863 2251 5915 lumen.
2295 5862 2445 5917 l‘auli
2484 5862 2679 5918 scitum
2701 5862 3021 5932 (νίιίιιιιιιυιιι,
