4040 6386
647 401 751 469 307

1838 402 1890 465 Ν
1894 402 2128 463 ΙΟΕΤᾹΞ
2162 402 2687 465 PAPHLAGONIS

3790 415 3875 481 308

650 515 781 568 mihi
816 531 944 569 sane
986 513 1321 577 dulcissima,
1367 515 1781 584 gratissimaque
1832 532 1895 569 ac
1947 517 2222 569 desidera-

2326 516 2624 568 πνότατον
2652 514 2750 569 καὶ
2790 516 3214 571 ποθεινότατον
3234 532 3246 546 ·
3288 518 3349 571 τί
3380 519 3482 572 σοι
3524 520 3621 573 real
3653 522 3723 587 τῷ
3747 523 3874 592 ξένῳ

650 607 889 669 tissima,
935 608 1063 676 quid
1120 605 1214 661 tibi
1261 615 1311 661 et
1355 607 1629 675 peregrino
1674 606 1758 659 illi
1803 624 1865 659 ac
1903 606 2166 659 seductori
2198 607 2224 660 2

652 698 852 769 Ecquid
882 718 1058 754 causa:
1084 712 1185 767 est,
1232 718 1327 756 cur
1374 703 1442 754 ad
1487 700 1600 768 ejus
1651 697 1937 751 absurdam
1978 697 2115 750 hanc
2162 712 2225 749 ac

646 789 948 844 inauditam
1001 791 1383 858 fabulationem
1455 805 1633 844 aurem
1692 787 2223 843 accommodaveris?

650 880 797 946 Quid
819 893 897 936 est
926 882 1064 951 quod
1084 884 1376 949 excessisti,
1422 892 1780 953 portentosum
1821 882 1959 934 hunc
2000 879 2224 933 horren-

647 973 873 1039 dumque
902 988 1173 1028 excessum
1203 978 1228 1030 2
1253 973 1362 1028 Cur
1394 984 1504 1028 tota
1530 976 1731 1035 anima,
1763 982 1880 1041 post
1903 973 2222 1027 seductionis

650 1061 806 1130 hujus
842 1062 996 1116 verba
1024 1064 1202 1118 abiisti
1235 1066 1260 1119 2
1290 1063 1561 1119 Revertere
1596 1065 1665 1117 ad
1694 1065 2001 1133 genitricem
2052 1072 2221 1129 tuam,

649 1169 767 1218 qua:
797 1162 845 1206 te
872 1156 1134 1209 educavit.
1198 1156 1387 1225 Aspice
1414 1157 1466 1209 in
1497 1172 1597 1220 me,
1646 1157 1763 1224 ﬁlia
1809 1172 1944 1208 mea.
1986 1153 2223 1224 Loquere

650 1241 718 1294 ad
749 1258 829 1296 me
863 1245 1074 1295 verbum
1100 1260 1118 1308 ;
1148 1245 1356 1314 loquere
1388 1248 1457 1296 ad
1502 1261 1603 1309 me,
1633 1246 1833 1299 viscera
1864 1261 1979 1298 mea
2008 1262 2027 1309 ;
2076 1245 2224 1314 obje-

650 1339 834 1400 ctaque
853 1333 951 1386 hac
973 1333 1254 1393 dementia.
1280 1350 1500 1404 exsurge
1517 1347 1570 1389 ut
1589 1336 1762 1387 cibum
1785 1350 1987 1398 sumas,
2012 1351 2042 1389 o
2066 1335 2182 1403 ﬁlia
2201 1335 2223 1387 !

648 1438 867 1493 exsurge
920 1434 974 1476 ut
1027 1425 1194 1479 bibas.
1238 1426 1380 1492 Quid
1420 1443 1599 1481 causa
1646 1438 1722 1481 est
1780 1443 1875 1480 cur
1925 1427 2002 1481 ita
2045 1443 2220 1483 vecors

650 1517 933 1585 mentisque
967 1517 1115 1584 inops
1145 1518 1324 1573 sedeas
1354 1519 1381 1572 2
2004 1506 2009 1509 Δ

715 1693 805 1747 Sic
838 1694 999 1749 modo
1025 1695 1248 1766 quidem
1299 1696 1622 1757 obsecrans,
1661 1694 1826 1748 modo
1867 1708 1995 1748 vero
2052 1693 2218 1748 etiam

642 1787 1048 1841 austerioribus
1096 1789 1163 1841 ad
1204 1804 1322 1841 eam
1366 1788 1568 1852 verbis,
1599 1785 1709 1841 Cur
1740 1802 1880 1849 vero,
1912 1787 2048 1839 velut
2092 1786 2221 1840 insi-

2327 608 2516 670 τούτῳ
2548 606 2721 675 ἀνδρὶ
2751 609 2848 661 καὶ
2874 612 3077 678 γόητιξ
3106 609 3206 663 real
3241 611 3348 664 ινα
3382 612 3445 665 τι
3473 613 3623 679 πρὸς
3654 615 3763 682 τὴν
3786 621 3873 671 αὑ-

2327 698 2431 751 τοῦ
2478 698 2701 752 λαλιὰν
2749 698 2866 766 τὴν
2898 700 3240 754 ἀλλόκοτον
3287 702 3526 767 ταύτην
3570 704 3665 757 real
3721 706 3876 774 ess-qr

2326 789 2625 857 προσέοου
2675 790 2790 859 τὴν
2819 791 3050 857 ἀκοήν;
3076 794 3201 846 ἰνα
3257 794 3316 846 τι
3350 793 3609 859 ἐξέστης
3636 797 3876 859 ἐξαισίου·

2324 884 2552 949 ταύτην
2583 883 2878 937 ἔκστασιν
2909 883 3007 936 real
3029 883 3307 951 φρικτήη
3337 885 3470 938 Ἵνα
3496 888 3553 939 τί
3597 887 3704 953 ὅλῃ
3730 888 3872 957 ψυχῇ

2325 972 2519 1026 ὀπίσω
2550 972 2667 1025 τῶν
2693 974 2893 1041 λόγων
2925 975 3147 1040 ταύτης
3196 974 3489 1042 ἀπήχθης
3540 974 3649 1043 τῆς
3677 981 3870 1046 πλανή-

2323 1080 2515 1129 σεως;
2551 1064 2951 1133 Ἑπίστρεψον
2982 1065 3130 1132 πρὸς
3166 1064 3280 1132 τὴν
3306 1068 3765 1135 γεννησαμένην
3792 1086 3865 1133 σε,

2322 1156 2440 1223 τὴν
2470 1158 2977 1225 ἀναθρεψαμένην
2996 1174 3072 1211 σε
3090 1174 3103 1187 ·
3129 1159 3381 1225 ,βλέψον
3400 1160 3555 1225 πρός
3582 1176 3675 1227 με,
3692 1161 3868 1214 τέκνον

2322 1248 2469 1316 ἐμόν
2489 1264 2504 1279 ο
2528 1248 2777 1317 φθέγξαι
2803 1250 2951 1315 πρὸς
2982 1250 3086 1317 ἐμὲ
3112 1252 3300 1318 λόγον
3322 1266 3337 1280 ·
3370 1249 3647 1319 φθέγξαι.
3670 1255 3865 1320 calar-

2322 1357 2475 1408 χνον
2536 1341 2682 1409 ἐμὸν
2704 1380 2721 1406 ,
2785 1341 2881 1394 real
2955 1342 3426 1410 ἀπορῤιψσμόνη
3499 1344 3733 1410 ταυτηνὶ
3779 1346 3866 1411 τὴν

2322 1430 2697 1499 παραφορὰν,
2750 1431 3048 1497 ἀνάστηθι
3100 1432 3201 1484 ἐπὶ
3224 1432 3497 1501 βρωτὸν,
3531 1429 3582 1486 ὦ
3627 1435 3860 1503 θύγατερ·

2321 1519 2617 1588 ἀνάστηθι
2642 1522 2741 1575 ἐπὶ
2768 1523 2958 1576 ποτόν
2976 1540 2989 1554 ·
3017 1523 3113 1576 real
3148 1524 3249 1576 ἵνα
3283 1524 3341 1576 τί
3372 1523 3567 1590 οὕτως
3586 1525 3859 1593 ἀπονενοηο

2319 1609 2476 1679 μένη
2511 1612 2663 1679 κάθῃ
2689 1630 2707 1678 ;

2396 1700 2482 1770 [Ιῆ
2515 1702 2614 1770 μὲν
2645 1702 2739 1755 οὖν
2781 1704 2980 1757 οὑτωσὶ
3020 1705 3428 1772 παρακαλοῦσα
3450 1746 3465 1770 ,
3504 1707 3580 1777 πῆ
3608 1708 3662 1761 δὲ
3691 1708 3850 1762 καὶού·
3946 1706 3947 1755 1

2325 1791 2653 1864 στηρότερον
2691 1795 2828 1864 αὐτῇ
2860 1796 3123 1866 χρωμένη
3145 1837 3160 1861 ,
3189 1798 3330 1851 Ἵνα
3379 1800 3439 1851 τί
3459 1838 3475 1860 .
3528 1800 3609 1865 ὠς
3644 1801 3739 1867 μία
3768 1798 3846 1851 τῶν

642 1882 898 1946 pientium
951 1897 1081 1943 una,
1133 1881 1473 1950 increpabat,
1530 1880 1752 1948 teipsam
1798 1878 2103 1947 desperans,
2157 1894 2220 1932 ac

2324 1861 2617 1949 ἀφρόνων,
2660 1861 3020 1953 {ﬂabris-cev,
3068 1861 3291 1953 ἑαυτῆς
3350 1861 3738 1956 ἀπετνωκυῖα,
3771 1885 3835 1939 sal

642 1974 796 2043 quasi
830 1990 946 2043 qum
985 1991 1195 2027 sensum
1235 1986 1439 2026 omnem
1466 1973 1656 2026 mentis
1692 1968 2073 2041 consiliumque
2099 1985 2221 2039 per-

643 2060 866 2126 dideris,
898 2065 977 2124 sic
1008 2063 1454 2118 irrationabiliter
1481 2062 1628 2118 sedes
1656 2063 1680 2117 2
1703 2059 1950 2116 Reverere
1972 2072 2217 2125 matrem,

641 2170 762 2219 qua:
788 2159 841 2210 in
867 2167 916 2211 te
938 2159 1212 2212 erubescit.
1250 2151 1497 2211 Reverere
1534 2164 1808 2224 cognatos,
1843 2154 2063 2216 amicos,
2087 2169 2223 2206 cow-

643 2234 848 2301 tuneos.
887 2247 1092 2301 Pudeat
1127 2266 1158 2300 a
1187 2247 1324 2315 facie
1351 2263 1615 2301 servorum
1647 2256 1879 2301 tuorum.
1926 2242 2027 2298 Ubi
2062 2244 2223 2314 virgi-

642 2356 769 2392 neus
815 2340 1033 2407 pudoris
1083 2340 1295 2393 rubor?
1331 2339 1421 2393 ubi
1462 2340 1696 2394 incessus
1731 2338 1868 2392 ?ubi
1916 2337 2157 2407 gravitas
2192 2336 2218 2391 2

640 2428 729 2483 ubi
768 2430 899 2485 ordo
930 2432 954 2484 2
985 2431 1077 2484 ubi
1106 2433 1252 2499 prior,
1277 2433 1371 2484 illa
1409 2430 1658 2485 honestas
1688 2432 1712 2486 2
1745 2426 1935 2483 Nescis
1972 2444 2086 2482 esse
2120 2444 2214 2483 nos

640 2522 843 2590 primos
890 2522 1030 2576 inter
1082 2521 1253 2577 Iconii
1286 2525 1444 2590 cives,
1498 2532 1769 2592 totamque
1811 2520 1879 2575 ad
1932 2537 2027 2575 nos
2075 2519 2222 2574 urbis

642 2613 1033 2668 cumulationem
1086 2625 1341 2681 spectare,
1395 2630 1577 2684 resque
1642 2624 1855 2667 nostras
1911 2621 2223 2667 cunctorum

640 2706 911 2773 expositas
950 2706 1280 2760 sermonibus
1314 2722 1448 2770 esse,
1487 2706 1594 2761 sive
1628 2706 1739 2762 illa
1777 2706 1960 2777 fausto
1992 2723 2055 2760 ac
2089 2708 2225 2761 omi-

643 2806 769 2849 nato
799 2808 1004 2856 eventu.
1047 2799 1154 2851 sive
1186 2814 1333 2851 secus
1361 2798 1663 2853 succedant.
1721 2799 1829 2853 Cur
1864 2815 1988 2867 ergo
2018 2808 2068 2853 te
2104 2800 2221 2868 ipsa

642 2887 842 2939 invidis
902 2886 1183 2957 gaudium,
1238 2878 1428 2942 amicis
1488 2905 1608 2944 vero
1655 2889 2107 2959 reprehensionem
2160 2905 2223 2943 ac

637 2977 889 3045 probrum
925 2976 1126 3047 prabes
1152 2978 1179 3030 2

717 3150 796 3209 En
817 3164 867 3209 et
888 3170 1111 3224 sponsus
1139 3155 1307 3211 adest.
1348 3154 1428 3211 En
1457 3157 1646 3211 civium
1682 3156 1805 3226 ﬂos,
1823 3157 2107 3228 aequalium
2128 3156 2223 3211 de-

642 3261 758 3306 eor,
799 3242 970 3298 Iconii
1005 3246 1211 3301 oculus.
1260 3244 1339 3300 En
1381 3256 1501 3300 tuus
1529 3245 1835 3317 Thamyris,
1867 3246 2082 3301 Thecla.
2115 3243 2225 3302 Ea:-

641 3350 820 3403 surge.
877 3336 930 3389 in
988 3337 1261 3405 amplexus
1307 3353 1422 3402 rue,
1473 3335 1734 3391 osculare.
1799 3334 1946 3390 Scito
1999 3338 2088 3391 cui
2146 3338 2223 3391 sis

643 3435 985 3493 aesponsuta,
1017 3428 1103 3479 cui
1128 3427 1456 3495 nuptialibus
1484 3428 1660 3496 pactis
1688 3427 1970 3483 obstricta.
2018 3426 2101 3482 Ne
2133 3442 2224 3497 spe

645 3533 890 3579 vacuum,
924 3530 988 3572 ne
1020 3528 1230 3573 tuarum
1252 3528 1514 3590 expertem
1542 3520 1860 3590 gratiarum,
1886 3536 1949 3575 ne
1991 3529 2080 3575 tuo
2113 3521 2226 3589 pri-

645 3619 827 3667 vatum
861 3613 1119 3681 colloquio
1152 3616 1324 3670 virum
1359 3617 1638 3683 repuleris.

717 3795 1011 3868 Thamyris
1047 3814 1203 3863 vero,
1252 3802 1348 3870 qut
1394 3808 1449 3855 et
1494 3800 1613 3871 ipse
1658 3798 1869 3867 aderat,
1926 3799 2058 3870 quid
2113 3813 2224 3853 non

647 3892 906 3957 faciebat,
967 3893 1096 3962 quid
1158 3906 1265 3948 non
1325 3894 1669 3964 loquebatur,
1738 3888 1941 3964 quibus
1987 3891 2224 3948 emolliri

647 3994 875 4038 noverat.
940 3985 1179 4038 aniimnn
1238 3992 1401 4055 atque
1449 4001 1479 4040 a
1539 3986 1854 4041 constantia
1925 3994 2227 4053 tenoreque

652 4075 911 4130 inﬂecti?
951 4074 1164 4139 Thecla,
1231 4076 1436 4139 aiebat,
1506 4077 1636 4131 mihi
1686 4076 2021 4148 gratissima,
2094 4072 2226 4129 mihi

644 4171 962 4237 desponsata
990 4179 1146 4238 atque
1176 4178 1363 4238 aptata
1390 4168 1410 4222 .'
1433 4167 1684 4224 Converte
1718 4179 1983 4237 aspectum
2012 4168 2068 4222 in
2105 4183 2226 4236 pro-

645 4278 767 4313 cum
799 4271 947 4313 tuum
975 4275 993 4313 :
1025 4276 1257 4314 reverere
1288 4272 1462 4314 vocem
1502 4261 1680 4328 sponsi
1712 4261 1811 4314 tui.
1849 4259 1982 4313 Veni
2029 4259 2098 4311 ad
2146 4275 2226 4313 me

647 4352 737 4420 qui
781 4369 955 4405 amem
985 4364 1054 4417 te,
1091 4353 1183 4422 qui
1241 4360 1287 4405 te
1341 4352 1587 4421 diligam,
1646 4352 1836 4420 quique
1880 4351 2063 4403 omnia
2110 4366 2227 4403 mea

650 4457 956 4512 omnemque
999 4459 1169 4496 meam
1216 4444 1598 4505 substantiam,
1651 4457 1831 4509 meque
1878 4445 2049 4506 ipsum
2108 4455 2227 4492 cum

2322 1973 2527 2045 ὥσπερ
2581 1976 3006 2032 ἀπολωλεκυῖα
3051 1979 3317 2032 σύνεσιν
3364 1978 3467 2033 real
3528 1980 3746 2046 βουλὴν
3759 1995 3822 2030 so-

2314 2069 2590 2137 ραλόπως
2644 2068 2866 2123 οὑτωσὶ
2913 2067 3099 2137 reda";
3148 2070 3480 2139 Αίδέσθητι
3506 2071 3722 2141 μητέρα
3757 2069 3831 2122 δια·

2322 2156 2699 2227 τρεπομένην
2748 2158 2819 2211 ἐν
2871 2159 3004 2211 σοί·
3054 2158 3368 2227 αὶδέσθητι
3418 2160 3738 2229 συγ-τενεῖς,
3778 2159 3838 2226 φί-

2322 2250 2493 2314 λους,
2528 2248 2827 2317 ὁμήλικας
2856 2265 2868 2278 ·
2930 2250 3290 2318 αισχύνθητι
3318 2251 3393 2303 ἐκ
3424 2249 3731 2319 προσώπου
3762 2246 3842 2300 τῶν

2323 2336 2454 2393 σῶν
2480 2338 2749 2393 οἰκετῶν.
2777 2338 2903 2393 Ποῦ
2924 2340 2992 2393 τὸ
3026 2339 3352 2408 παρθένοις
3378 2342 3613 2409 πρέπον
3640 2341 3841 2409 ἐρύθημα
3946 2360 3947 2363 η

2324 2429 2436 2499 τῆς
2472 2430 2714 2497 αὶδοῦς;
2743 2431 2864 2485 ποῦ
2903 2430 2968 2484 τὸ
3015 2431 3325 2502 ,ϐάδισμα;
3355 2433 3478 2488 ποῦ
3510 2435 3548 2500 ἡ
3580 2432 3844 2501 σεμνότηςῖ

2324 2521 2444 2576 ποῦ
2479 2522 2517 2588 ἠ
2548 2521 2739 2588 τάξις,
2767 2523 2865 2576 καὶ
2909 2524 2946 2592 ἡ
2987 2523 3244 2592 προτέρα
3268 2526 3631 2593 κοσμιότης;
3668 2524 3765 2574 Οὐκ
3786 2515 3843 2571 οἶα

2324 2619 2445 2669 σθα
2471 2615 2551 2680 ὡς
2579 2614 2798 2682 πρῶτοι
2836 2613 2956 2668 τῶν
2997 2614 3296 2670 Ἰκονιέων
3320 2616 3519 2686 ἡμεῖς,
3554 2616 3641 2669 real
3667 2616 3694 2667 ὁ
3712 2610 3843 2678 ζῆλος

2324 2706 2436 2776 τῆς
2459 2708 2692 2773 πόλεως
2718 2707 2869 2776 πρὸς
2898 2707 3057 2776 ἡμᾶς
3086 2707 3231 2774 ὅλος
3250 2749 3266 2773 ,
3298 2709 3406 2762 real
3429 2710 3502 2763 τὰ
3534 2706 3755 2776 ἡμέτερα
3774 2698 3843 2754 .ιά-

2323 2802 2487 2867 λημα
2510 2799 2720 2864 πᾶσιν,
2764 2799 2886 2854 εἶτε
2913 2798 3126 2866 δεξιῶς
3145 2839 3160 2863 ,
3194 2800 3317 2854 εἴτε
3350 2799 3468 2856 οὖν
3495 2800 3692 2867 ἑτέρως
3725 2795 3843 2860 Exul;

2324 2891 2429 2945 Διά
2481 2891 2539 2945 τί
2584 2886 2699 2945 οὖν
2723 2932 2738 2956 ,
2798 2890 2996 2961 χάρμα
3038 2892 3155 2960 μὲν
3213 2891 3339 2958 τοῖς
3402 2890 3839 2957 ,ϐασκαίνουσινν

2247 2993 2255 2999 ”
2325 2983 2582 3053 ἐλεγγον
2610 2982 2679 3036 δὲ
2714 2983 2813 3037 real
2852 2982 3086 3050 ὄνειδος
3138 2982 3273 3050 τοῖς,
3300 2985 3516 3053 φίλοις
3554 2978 3839 3051 ἐμπαρέχεις

2324 3074 2563 3141 σαυτήν
2578 3092 2599 3141 ;

2415 3165 2571 3220 Ἰδού
2601 3180 2700 3219 σοι
2734 3162 2834 3218 real
2864 3166 2897 3219 ό
2919 3164 3224 3235 μνηστήρ.
3277 3162 3447 3220 Ἰδοὺ
3477 3163 3543 3218 τὸ
3584 3162 3739 3220 ἄνθος
3762 3152 3843 3208 τῶν

2326 3257 2608 3323 πολιτῶν,
2635 3256 2702 3311 τὸ
2733 3257 2963 3320 κάλλος
3005 3255 3121 3310 τῶν
3168 3258 3509 3325 ὁμηλίκων,
3546 3258 3580 3309 d
3625 3250 3714 3306 τοῦ
3747 3248 3840 3300 ἰκοο

2322 3349 2459 3402 νίου
2518 3349 2858 3417 ὀφθαλμόςο
2903 3346 3034 3401 ἰδοὺ
3091 3349 3124 3402 ό
3171 3348 3284 3413 σὸς
3350 3347 3634 3416 Θάμυρις,
3674 3337 3833 3393 Θέιλίν

2323 3438 2642 3507 ἀνάστηθι,
2675 3438 2957 3498 ἄσπασαί.
2977 3439 3184 3493 αὐτόν.
3206 3438 3407 3495 Γνῶθι
3437 3439 3543 3492 τὸν
3569 3421 3825 3502 νυμφευσά

2318 3547 2526 3600 μενον,
2539 3529 2648 3583 τὸν
2670 3528 3264 3600 κατεηυησάμενον·
3276 3530 3366 3598 μὴ
3387 3528 3566 3583 κενὸν
3593 3523 3698 3577 τῶν
3718 3512 3832 3571 ἐλαί·

2323 3619 2465 3685 δων,
2489 3617 2577 3688 μὴ
2612 3619 2732 3672 τῶν
2762 3619 2893 3673 σῶν
2921 3619 3170 3689 ἄμοιρον
3194 3622 3476 3689 χαρίτων.
3512 3615 3609 3671 real
3638 3610 3730 3679 τῆς
3750 3600 3832 3667 σῆς

2324 3709 2691 3780 ἀποπέμψης
2715 3710 3099 3778 ἀστοχοῦντα
3137 3708 3546 3779 προσλαλιᾶς.

2395 3778 2648 3872 suum:
2672 3802 2729 3855 δὲ
2755 3801 2946 3873 παρὼν
2972 3802 3068 3855 καὶ
3097 3778 3279 3866 αὐτὸς,
3314 3803 3370 3855 τί
3399 3802 3498 3870 μὲν
3535 3798 3629 3853 οὐκ
3655 3793 3780 3861 ἔδρα.
3803 3778 3839 3834 τί

2326 3892 2373 3946 δ’
2405 3893 2466 3946 οὐ
2499 3892 2824 3964 προσελᾶλει
2877 3894 2983 3947 τῶν
3015 3894 3117 3947 ὅπα
3160 3894 3400 3963 χαυνοῦν
3439 3889 3546 3946 οἶδε
3591 3886 3675 3941 καὶ
3715 3892 3841 3932 κατα-

2332 3985 2626 4056 μαλάττειν
2644 3985 2845 4055 ψυχήν;
2868 3986 3083 4048 Θέκλα,
3108 3986 3307 4054 λέγων,
3328 3986 3459 4055 ἐμοὶ
3484 3970 3840 4050 κεχαρισμένην

2325 4055 2456 4147 ἐμοὶ
2506 4078 2884 4147 ⁸ἠρμοσμένη.
2944 4078 3041 4131 real
3098 4070 3668 4145 νυμφοστολουμένη
3716 4055 3838 4128 ἐμεῖ’

2326 4170 2697 4238 ὲπίστρεψον
2743 4170 2808 4223 τὸ
2834 4169 3078 4238 βλέμμα
3115 4169 3264 4237 πρὸς
3296 4165 3616 4238 μνηστῆρα
3639 4149 3842 4213 cerati?“

2326 4260 2634 4327 αὶδέσθητι
2689 4260 2895 4330 φωνῆς
2924 4261 3190 4330 νυμφίου
3230 4260 3339 4314 τοῦ
3369 4259 3485 4314 σοῦ
3506 4272 3520 4287 ’
3550 4249 3710 4324 τεγοῦ
3733 4238 3842 4309 πρὸς

2327 4352 2474 4421 ἐμοῦ
2508 4352 2614 4407 τοῦ
2646 4354 3054 4422 πεφιληκότος
3106 4367 3201 4419 σε,
3260 4353 3370 4409 τοῦ
3403 4345 3751 4419 ἡγοπηκότος
3773 4347 3841 4389 σε.

2330 4444 2428 4497 real
2459 4443 2659 4497 πάντα
2689 4443 2761 4497 τὰ
2788 4442 2921 4511 ἐμὰ,
2981 4441 3080 4495 real
3117 4440 3328 4496 πᾶσαν
3377 4438 3591 4507 κτῆσιν
3643 4428 3727 4484 καὶ
3764 4422 3844 4511 ὕξ·

652 4531 920 4596 omnibus,
955 4534 1057 4586 tuis
1097 4532 1342 4585 manibus
1381 4530 1616 4586 credam.
1671 4528 2003 4591 Convertere,
2038 4539 2087 4582 et
2116 4527 2224 4581 vide

2332 4532 2506 4601 αρξιν
2527 4574 2541 4598 ,
2591 4531 2691 4585 real
2739 4504 3003 4602 ἐμαυτὸν
3034 4529 3186 4598 πρὸς
3222 4529 3345 4595 τοῖς
3375 4504 3548 4587 πᾶσι,
3599 4516 3713 4579 ταῖς
3739 4504 3844 4602 σαῖς

653 4632 800 4675 tuum
860 4624 1170 4691 Thamyrin,
1236 4620 1454 4688 Thecla,
1520 4623 1669 4692 eique
1740 4621 1883 4690 loqui
1948 4621 2229 4690 dignare;

651 4716 860 4772 eosdem
889 4718 1247 4785 percipiamus
1278 4715 1421 4770 sales
1449 4732 1469 4781 ;
1503 4731 1588 4781 ac,
1617 4715 1664 4768 si
1693 4713 1856 4775 lubet,
1887 4728 2023 4765 nunc
2049 4711 2232 4765 statim

659 4826 906 4864 ranamus
942 4800 1291 4880 hymenaeum.
1333 4806 1429 4861 Sin
1485 4815 1661 4860 autem
1711 4820 1872 4875 neque
1920 4810 2016 4857 hoc
2066 4804 2230 4866 lubet,

655 4900 775 4955 iube
829 4903 980 4964 mihi,
1037 4910 1087 4956 et
1149 4903 1354 4956 veniam
1410 4898 1478 4953 ad
1528 4898 2093 4966 te;quemadmodum
2137 4912 2232 4966 ego

656 5005 802 5047 tutus
834 5010 951 5047 sum
982 5003 1038 5046 ul
1075 4993 1171 5047 tibi
1189 4994 1453 5062 placeam,
1490 5002 1594 5046 tute
1627 4992 1887 5061 obsequar
1938 4990 2225 5055 voluntati,

657 5097 747 5139 tuo
789 5085 1051 5141 desiderio
1108 5096 1251 5140 totus
1306 5095 1484 5139 tenear
1523 5101 1540 5148 ;
1575 5083 1731 5138 modo
1786 5098 1958 5136 vocem
1990 5080 2231 5143 audiam,

657 5174 812 5228 modo
855 5175 1223 5229 dulcissimam
1270 5176 1402 5229 mihi
1436 5174 1848 5243 fabulationem,
1905 5172 2061 5226 modo
2106 5187 2234 5224 con-

655 5265 836 5318 silium
863 5275 1009 5319 tuum
1028 5268 1277 5332 sentiam,
1308 5266 1459 5320 modo
1491 5280 1594 5318 non
1616 5264 1835 5317 surdum
1866 5263 1936 5317 ad
1959 5272 2006 5317 te
2035 5264 2236 5331 ingres-

655 5374 793 5420 sum,
828 5375 932 5412 non
980 5376 1194 5422 vanum,
1227 5376 1333 5413 non
1364 5361 1599 5424 inanem,
1648 5374 1677 5410 ο
1708 5357 2049 5418 charissima,
2083 5354 2153 5407 ad
2185 5363 2232 5408 te

658 5453 789 5506 mihi
821 5455 1057 5522 prabeas
1092 5453 1399 5506 adventum.

730 5710 917 5781 Neque
965 5712 1049 5766 bis
1096 5713 1364 5766 duntaxat
1415 5712 1621 5775 verbis,
1675 5712 1769 5767 sed
1796 5720 1848 5765 et
1897 5712 2121 5766 nutibus
2168 5712 2234 5766 ad

663 5802 1044 5860 inllcctcndum
1075 5808 1316 5861 animum
1342 5806 1666 5877 compositis
1708 5806 1932 5861 allicere
1977 5805 2227 5871 studens,

2331 4594 2783 4693 ἐῇειρνίζοντοςν
2817 4623 3053 4691 χερσίν.
3075 4594 3517 4690 γἘπίστρεψον,
3548 4610 3638 4668 real
3663 4606 3739 4658 ῑὸε
3769 4594 3845 4693 to":

2330 4679 2448 4769 ab;
2479 4679 2763 4783 édpvptr,
2802 4679 3018 4777 é'ékaa,
3076 4708 3177 4766 real
3224 4679 3412 4780 λόῖιοου
3456 4679 3749 4783 μετάδοςί
3774 4679 3844 4783 ll“!

2330 4802 2495 4857 ἀλῶν
2517 4780 2913 4873 μετάσχωμεν
2948 4799 3064 4855 τῶν
3106 4798 3340 4859 αὐτῶνθ
3389 4798 3509 4859 real,
3561 4794 3610 4846 si
3650 4780 3846 4873 egent.

2330 4863 2545 4949 αὐτίκα
2574 4895 2692 4949 νῦν
2712 4863 2947 4962 ᾄδωμεν
2967 4891 3075 4946 τὸν
3108 4891 3417 4960 ὑμέναιον,
3450 4888 3519 4941 Et
3545 4882 3593 4936 δ’
3615 4871 3722 4965 mir
3744 4863 3847 4965 οὒξξ

2331 4999 2431 5039 σοι
2467 4985 2652 5053 φίλον
2699 4959 2897 5047 τοῦτο,
2927 4959 3241 5043 σύνταξον
3288 4975 3443 5047 ἐμοὶ,
3472 4970 3567 5025 real
3601 4959 3848 5053 ﬁ£w_"9‘:s

2333 5075 2409 5131 σέ
2429 5092 2443 5104 -
2467 5047 2567 5139 ⁷ὠς
2594 5074 2776 5143 ἔγωγε
2804 5070 2915 5139 τῆς
2944 5069 3067 5138 σῆς
3109 5069 3255 5134 ὅλος
3282 5060 3618 5145 apemtum
3647 5047 3737 5144 {0‘7
3751 5047 3849 5145 52"}?

2331 5138 2688 5231 θελήματος,
2708 5138 2807 5213 real
2828 5138 2936 5225 τῆς
2968 5159 3291 5227 ἐπιθυμίας
3314 5155 3457 5217 ὅλος
3484 5143 3593 5214 εἰμὶ
3622 5138 3720 5201 τῆς
3738 5138 3832 5231 (ξης

2332 5207 2522 5322 ξιόνὲῖ
2554 5207 2800 5308 ἀκουσω
2826 5207 3063 5320 seu}???
3116 5207 3312 5319 1:670,”
3360 5243 3469 5313 τῆς
3498 5236 3728 5328 ﬂuat,“

2333 5320 2577 5412 λαλιᾶς·
2609 5342 2719 5411 τῆς
2738 5341 2981 5410 ,ϐουλῆς
3018 5343 3214 5410 μόνον
3251 5336 3568 5399 αἰσθοίμην
3610 5320 3709 5415 τῆς

2330 5409 2539 5493 Μόνον
2558 5434 2644 5505 μὴ
2669 5409 2886 5502 ’κωφὴν
2911 5409 3028 5501 ἣν
3062 5433 3142 5498 ὡς
3181 5431 3258 5485 σὲ
3291 5426 3551 5485 εἴσοδον,
3573 5413 3651 5486 μὴ
3678 5409 3845 5505 xm"?

2328 5528 2416 5598 μὴ
2465 5497 2776 5593 durib-vros;
2800 5497 2840 5589 ,‘
2875 5520 2923 5580 ὦ
2957 5497 3248 5595 έοιλτάτη,
3300 5505 3739 5591 παρασκευάσῃς
3766 5497 3844 5558 μοι

2338 5621 2453 5683 τὴν
2480 5618 2840 5686 παρουσίαν,
3702 5677 3714 5686 _
3779 5684 3788 5686 _
3806 5664 3816 5686 ε

2408 5713 2516 5765 Καὶ
2542 5677 2603 5762 οὐ
2639 5710 2799 5778 μόνον
2828 5707 3039 5769 τούτοις
3064 5708 3173 5769 τοῖς
3210 5707 3465 5777 ῥήμασιν,
3496 5687 3621 5748 ἀλλά
3642 5677 3721 5778 καὶ
3746 5683 3843 5778 vi”

2341 5759 3222 5874 ua—di'buotozirnzinoi;tmicllve'u;
3246 5759 3436 5862 έοκῶν,
3454 5759 3588 5845 ⁷ἀλλὰ
3614 5774 3694 5834 καὶ
3714 5759 3840 5836 φιλή⁴
