4040 6394
273 398 397 462 3Ὁ9

1150 379 1449 452 ORATIO
1466 391 1625 452 XVI.
1662 416 1733 427 -
1792 391 1873 451 1N
1909 392 2223 453 LAUDEM
2277 391 2339 453 s.
2378 391 2716 453 THECL/E.

3455 384 3558 449 3-10

282 527 426 581 μασι
450 503 806 579 χαυνωτικοῖς
824 516 841 534 ·
871 500 1058 573 ἠρέμα
1085 500 1143 555 δὲ
1167 502 1265 556 καὶ
1293 501 1396 572 τῆς
1422 498 1616 570 ὀθόνης
1645 498 1875 568 ὲπαφώ-
1905 506 1924 558 Α

2012 499 2075 553 ed
2099 506 2155 554 et
2178 482 2439 555 mollibus
2469 497 2676 554 osculis
2697 539 2714 566 ,
2759 495 2967 552 sensim
2996 512 3127 553 vero
3153 499 3319 554 etiam
3360 514 3558 572 appre-

284 616 476 671 ιιενος,
502 596 596 652 καὶ
622 594 760 667 πρὸς
792 594 990 647 ἑαυτὸν
1020 591 1412 663 ἐφελκόμενος,
1446 592 1728 660 Ἕτειραι,
1760 589 1875 659 φά.

281 707 504 761 νωμεν,
544 687 732 756 ἔλεγεν
750 703 765 719 ·
813 683 970 755 τάχα
998 683 1115 754 τὰρ
1143 682 1247 737 καὶ
1288 683 1330 752 ἠ
1357 683 1560 739 ἀσιτία
1594 681 1681 736 τόν
1716 681 1877 736 πολὺ

280 782 466 852 μέρος
490 780 864 847 ἐξέστησεν·
899 775 1197 847 τραπέζης
1227 774 1301 829 δὲ
1325 775 1747 845 μετασχοῦσα,
1778 773 1880 828 καὶ

277 870 697 943 ἀγαθυνθεῖσα
723 869 843 939 τὴν
876 867 1153 937 καρδίαν,
1185 866 1407 933 ἑαυτῆς
1445 867 1586 936 ἐστι,
1628 866 1732 920 καὶ
1771 866 1882 920 τὸν

278 968 477 1035 γόητα
502 962 722 1019 τοῦτον
747 961 944 1030 ἄνδρα
965 960 1069 1016 καὶ
1093 958 1383 1028 πονηρὸν,
1408 959 1492 1024 ὡς
1520 957 1760 1026 ἀλήτην
1779 958 1880 1012 καί

281 1057 533 1112 πλάνον
575 1053 1060 1123 ἀποσεισαμένη.
1087 1053 1274 1119 οὕτως
1323 1052 1569 1118 τελείως
1619 1048 1882 1120 ἀνακάμ-

284 1153 436 1220 geste
463 1147 613 1219 ἡμῖν
636 1164 650 1178 ο
692 1147 793 1202 καὶ
830 1146 939 1202 τὸν
966 1143 1247 1215 γαμεταῖς
1275 1142 1671 1213 προσήκοντα
1694 1144 1885 1197 πόθον

289 1242 449 1313 πρὸς
501 1240 665 1311 ἡμᾶς
721 1236 1221 1308 ἀνανεωσαμένη,
1277 1235 1391 1305 τῆς
1437 1234 1886 1306 νενομισμένης

291 1335 522 1390 αὐτίκα
546 1331 963 1404 συγκυρήσεις
986 1330 1247 1400 ὁμιλίας.

370 1427 437 1481 Τί
464 1426 560 1481 οῦν
607 1428 642 1497 ἡ
680 1424 983 1493 παρθένοςς
1016 1419 1107 1493 ἆρ’
1142 1420 1413 1491 ἀπέϐλεψε
1456 1419 1596 1490 πρὸς
1634 1419 1737 1491 τὴν
1779 1436 1885 1489 μη-

295 1520 477 1591 τέρα;
514 1515 625 1589 ἄρα
646 1517 727 1587 τῷ
765 1517 1028 1586 μνήστορι
1082 1513 1423 1585 προσέσχενς
1458 1506 1571 1578 ἆρά
1601 1527 1748 1574 τινος
1776 1509 1887 1564 τῶν

294 1608 524 1663 οἰκείων
556 1608 588 1679 ἢ
622 1609 794 1677 φίλων
824 1605 1144 1676 ἡττηθεῖσα,
1192 1603 1255 1657 τὸ
1284 1601 1386 1670 τῆς
1435 1599 1754 1671 ἀκροάσεως
1797 1600 1889 1653 ἐν·

262 1706 272 1719 ‘
298 1703 604 1775 τεταμένον
640 1699 1017 1771 ὐπεχάλασεν;
1048 1694 1317 1765 Οὐδαμῶς
1337 1708 1352 1724 ⁸
1380 1692 1574 1763 ὥσπερ
1597 1690 1655 1746 δὲ
1683 1690 1890 1762 ὀρνέων

301 1803 471 1871 ἠχὴν,
505 1800 537 1870 ἢ
566 1799 840 1867 σωμάτων
861 1794 1087 1865 ἀψύχων
1111 1792 1288 1862 ψόφον
1318 1790 1418 1854 τὰς
1445 1790 1702 1853 τοιαύτας
1729 1789 1893 1859 ἡγου-

298 1892 441 1961 μένη
470 1887 808 1961 προσλαλιὰς
832 1928 847 1951 ,
902 1888 1000 1941 καὶ
1038 1884 1231 1955 ὥσπερ
1276 1882 1336 1937 δὲ
1378 1881 1610 1951 θάμνος,
1651 1879 1687 1953 ἢ
1714 1879 1894 1951 πέτρα

298 1981 598 2056 βαθύριζος
622 2023 637 2047 ,
671 1982 787 2044 τοίς
818 1979 1074 2033 ἕλκουσιν
1106 1975 1206 2045 οὐχ
1249 1976 1496 2045 ἑπομένη
1521 2013 1540 2038 ,
1583 1972 1753 2043 μόνης
1784 1970 1894 2025 τῶν

296 2073 481 2142 λόγων
534 2071 751 2126 Παύλου
797 2070 899 2141 τῆς
931 2069 1155 2141 χάριτος
1185 2067 1246 2121 ὲν
1290 2065 1539 2137 ἠρεμαίᾳ
1582 2063 1676 2119 νοῦ
1726 2080 1898 2118 κατα-

305 2167 518 2234 στάσει,
539 2166 636 2220 καὶ
666 2162 1025 2234 συναισθήσει
1049 2161 1326 2232 κατήκουε
1351 2158 1550 2230 ψυχῆς.

388 2344 503 2399 Καὶ
549 2338 620 2414 ἧν
664 2344 819 2410 ἄξιον
884 2344 1058 2408 ὅντως
1102 2342 1166 2399 τὸ
1216 2342 1509 2413 γινόμενον
1565 2338 1898 2409 ἐκπλήξεως.

314 2439 582 2511 Τρυφερὰ
615 2438 776 2509 κόρη,
828 2438 1098 2508 ἀμυθήτῳ
1123 2436 1315 2491 κάλλει
1344 2435 1442 2490 καὶ
1470 2432 1764 2504 ὡραιότητι
1795 2430 1902 2485 σώ-

315 2547 488 2601 ματος
518 2531 702 2592 πάσας
738 2529 1049 2599 ἀνθρώπων
1075 2529 1177 2593 τὰς
1227 2525 1539 2596 θυγατέρας
1565 2525 1902 2595 παρευδοκι-

311 2619 516 2690 μοῦσα,
561 2620 620 2672 ἐν
650 2617 803 2688 αὐτῷ
825 2618 930 2686 τῆς
974 2616 1194 2688 ἡλικίας
1219 2616 1298 2687 τῷ
1335 2613 1509 2678 ἄνθει,
1537 2614 1597 2667 ὲν
1629 2612 1768 2682 αὐτῇ
1803 2612 1900 2679 τῆς

307 2711 567 2778 νεότητος
610 2712 678 2780 τῇ
719 2709 873 2779 ἀκμῇ
895 2724 910 2738 ο
972 2708 1065 2761 καὶ
1095 2707 1206 2779 γὰρ
1242 2701 1313 2775 ἦν
1338 2704 1612 2774 ἐπίγαμος
1633 2740 1649 2765 ,
1684 2702 1765 2766 είς
1806 2701 1906 2770 ἑφ-

306 2800 482 2871 ήόους
503 2801 608 2871 ἤδη
632 2799 880 2854 τελοῦσα·
903 2802 998 2854 καὶ
1026 2798 1190 2871 αὕτη,
1220 2799 1358 2868 μήτε
1386 2797 1633 2865 Γραφατς
1659 2809 1898 2864 προπαι-

304 2893 585 2956 δευθεῖσα,
633 2894 772 2963 μήτε
801 2894 953 2964 νόμῳ
978 2891 1115 2945 Θεοῦ
1140 2891 1237 2945 καὶ
1282 2890 1597 2960 προφήταις
1623 2887 1900 2954 παιδαγω-

307 2985 548 3055 γηθεῖσα
568 3025 585 3050 ,
616 2984 693 3049 ὡς
721 2987 883 3057 μόνον
912 2986 1015 3057 τῆς
1046 2982 1415 3051 εὐαγγελικῆς
1447 2978 1720 3053 ὲπῄσθετο
1746 2978 1907 3048 φθογ-

308 3081 445 3149 γῆς.
473 3079 569 3132 καὶ
599 3077 890 3149 ταύτηςού
923 3078 1044 3131 κατ’
1094 3076 1335 3137 εὐθεῖαν,
1385 3071 1503 3125 ἀλλ’
1551 3073 1617 3125 ἑκ
1669 3069 1906 3136 πλαγίας

315 3171 411 3224 ἐπ’
459 3169 630 3239 αὐτὴν
670 3168 878 3238 ίούσης,
937 3165 1133 3236 ἐξέστη
1167 3164 1268 3236 μὶν
1312 3163 1553 3234 στοργῆς
1586 3159 1903 3263 μητρυιῆς·
1933 3205 1975 3263 c

319 3262 519 3329 ὲξὲστη
569 3259 625 3315 δὲ
657 3260 837 3331 πάσης
869 3258 1171 3329 ἐπιθυμίας
1228 3256 1455 3326 σαρκός.
1490 3253 1566 3308 Οὐ
1614 3253 1776 3323 μόνον
1824 3250 1905 3316 δὲ,

317 3352 463 3406 ἀλλὰ
490 3354 585 3406 καὶ
613 3353 813 3423 ἑαυτῆς
844 3352 1089 3406 εκστῦσα
1120 3349 1199 3421 τῷ
1226 3346 1523 3419 πνεύματι,
1570 3345 1664 3400 καὶ
1699 3344 1911 3414 διανοίᾳ

314 3443 547 3514 καθαρᾷ
576 3444 670 3497 καὶ
703 3440 1022 3513 πιστοτάτῳ
1046 3438 1130 3496 νοτ
1154 3480 1170 3506 ,
1198 3438 1294 3493 τὸν
1342 3433 1806 3505 εὐαγγελισθέντα
1832 3431 1911 3486 λό-

316 3553 421 3605 γον
450 3535 614 3599 εὐθύς
642 3534 1002 3604 είσόεξαμένη
1026 3549 1040 3566 ο
1101 3533 1163 3586 ὲν
1210 3531 1383 3602 ἑαυτῇ
1412 3529 1469 3584 δὲ
1503 3527 1694 3583 τοῦτον
1752 3525 1915 3597 ἑδρά-

316 3644 491 3695 σασα,
526 3626 620 3681 καὶ
659 3624 988 3695 ἑδρασθεῖσα
1022 3622 1238 3693 παγίως
1268 3622 1331 3677 ἐν
1359 3619 1546 3692 αὐτῷ,
1597 3617 1782 3690 ὡρᾶτο
1813 3615 1915 3687 μὲν

317 3720 421 3773 ἐπὶ
445 3719 549 3789 γῆς
580 3711 741 3779 οὖσα,
772 3718 887 3780 τοῖς
919 3714 1073 3769 οὖσιν
1102 3715 1169 3768 ὲκ
1211 3715 1317 3784 γῆς
1336 3727 1350 3742 ο
1384 3707 1453 3783 ἦν
1483 3710 1543 3764 δὲ
1576 3711 1636 3763 ἐν
1660 3709 1915 3781 οὐρανοῖς

319 3815 565 3887 ἀληθῶς,
595 3814 692 3866 καὶ
721 3812 835 3865 τῶν
865 3811 1028 3881 ἱερῶν
1070 3808 1288 3863 Παύλου
1341 3806 1565 3874 λογίων,
1600 3803 1675 3867 ὡς
1709 3805 1776 3857 ὲκ
1816 3802 1915 3857 τοῦ

321 3906 727 3979 ὑπερουρανίου
771 3902 911 3958 Θεοῦ
970 3900 1384 3960 καταπαύσασα.
1448 3890 1708 3968 οὐδεμιᾶς
1757 3897 1914 3967 ἠξίου

320 4005 455 4063 τοὺς
496 3999 607 4052 ἀπὸ
648 3998 752 4068 γῆς
781 3994 1097 4066 φωνοῦντας
1131 3990 1491 4062 επιστρτφῆς.
1526 3989 1634 4044 Καὶ
1662 3986 1917 4058 καθάπερ

325 4095 493 4164 ἡμεῖς
529 4091 661 4162 περὶ
691 4089 800 4142 τῶν
857 4084 1173 4154 ἀναγκαίων
1205 4082 1353 4146 τινὸς
1410 4081 1547 4151 πρὸς
1581 4079 1693 4134 τῶν
1745 4079 1918 4150 ὑπερ-

325 4187 564 4255 εχόντων
614 4183 775 4254 ἡμῶν
843 4177 1351 4250 παραγγελλόμενοι
1369 4215 1386 4240 ,
1464 4173 1677 4244 νηπίων
1746 4172 1920 4226 ἐνίοτε

328 4273 801 4346 παραληροῦντων
844 4271 1121 4340 εἰώθαμεν
1147 4267 1548 4338 παραφρονεῖν,
1580 4264 1669 4319 ἵνα
1712 4264 1787 4334 μὴ
1824 4260 1920 4317 τοῦ

328 4367 646 4438 κρείττονος
688 4364 850 4430 λόγου
906 4360 1339 4429 διαμάρτωμεν·
1372 4354 1549 4417 οὕτως
1593 4355 1627 4424 ἡ
1678 4351 1922 4424 μακαρία

338 4459 635 4530 παρθένος,
686 4457 809 4510 ὅλον
836 4451 1163 4524 ἀκραιφνῶς
1190 4450 1280 4503 διὰ
1304 4447 1657 4520 θερμοτάτης
1682 4444 1924 4507 πίστεως

1979 592 2154 647 lienso
2185 591 2356 646 linteo
2407 590 2476 646 ad
2526 605 2696 661 seque
2745 589 2992 656 trahens,
3054 590 3245 663 Surge,
3304 592 3564 658 edamus,

1980 684 2180 746 aiebat,
2213 683 2351 752 forte
2385 699 2501 738 vero
2528 682 2712 737 inedia
2757 699 3003 752 magnam
3049 694 3257 754 partem
3289 700 3568 755 stuporem

1980 776 2180 845 injecit.
2219 773 2319 830 Ubi
2361 782 2539 829 autem
2583 790 2779 829 meum
2829 775 3119 844 particeps,
3188 775 3404 830 meliore
3442 776 3574 848 jam-

1982 869 2161 922 animo
2195 867 2343 936 facta
2376 866 2568 936 fuerit,
2602 876 2696 921 tua
2720 866 2886 934 ipsius
2924 868 3050 931 eris,
3103 865 3346 937 [tuncque
3395 868 3565 921 virum

1982 958 2431 1027 pra’stigiatorem
2482 973 2547 1011 ac
2594 958 2996 1027 nequissimum,
3051 956 3189 1010 velut
3237 955 3566 1012 seductorem

1982 1049 2302 1121 manentque
2334 1050 2664 1117 submersus,
2706 1052 2785 1105 sic
2822 1050 3051 1120 perfecte
3103 1049 3173 1103 ad
3200 1067 3296 1105 nos
3341 1049 3564 1114 redibis,

1985 1140 2389 1211 instauratoque
2426 1158 2608 1196 amore
2642 1141 2934 1213 conjugali,
2969 1149 3277 1196 consuetum
3308 1141 3576 1196 sermonis

1987 1248 2141 1285 usum
2166 1234 2415 1288 continue
2442 1232 2800 1301 reeuperabis.

2061 1412 2202 1478 Quid
2255 1414 2422 1486 igitur
2463 1414 2618 1485 virgo
2646 1415 2672 1469 ?
2719 1412 2858 1468 Num
2905 1414 2971 1469 ad
3000 1421 3230 1467 matrem
3287 1409 3577 1482 respexit?

1990 1500 2128 1557 Num
2172 1504 2240 1557 ad
2284 1519 2510 1572 procum
2546 1504 2790 1558 animum
2843 1505 3079 1560 attendit
3105 1505 3128 1558 ?
3155 1504 3294 1559 Num
3343 1502 3442 1557 ulli
3480 1517 3572 1558 ee-

1991 1592 2127 1647 dens
2169 1592 2611 1647 necessariorum
2649 1602 2745 1647 aut
2780 1594 3110 1658 amicorum,
3160 1593 3382 1647 auditus
3425 1593 3573 1663 rigo-

1992 1695 2108 1734 rem
2153 1680 2471 1735 relaxavit?
2500 1679 2859 1751 Nequaquam
2893 1696 2908 1747 ;
2943 1683 3039 1736 sed
3084 1682 3237 1735 velut
3280 1692 3572 1750 passercu-

1995 1771 2175 1824 lorum
2227 1770 2490 1826 stridulas
2552 1786 2736 1833 voces,
2798 1771 3235 1841 inanimiumque
3280 1781 3572 1839 corporum

1994 1859 2265 1932 fragorem
2329 1861 2636 1917 istiusmodi
2688 1862 2855 1917 verba
2886 1862 3280 1932 alloquentium
3328 1862 3574 1926 ducens;

1996 1953 2093 2011 sed
2137 1961 2193 2009 et
2226 1952 2370 2009 sicut
2410 1952 2755 2018 fruticetum,
2792 1964 2889 2008 aut
2930 1963 3085 2023 petra
3138 1953 3249 2008 alla
3329 1952 3578 2007 radicata

1998 2046 2189 2114 humo,
2238 2046 2544 2101 trahentem
2585 2061 2692 2100 non
2731 2047 3007 2115 sequitur,
3062 2046 3236 2101 solam
3283 2043 3576 2100 verborum

1996 2135 2150 2192 Pauli
2206 2138 2471 2208 gratiam,
2533 2137 2835 2207 tranquillo
2910 2137 3111 2192 mentis
3187 2144 3333 2190 statu
3414 2143 3581 2204 atque

2000 2229 2173 2289 animi
2196 2244 2362 2285 sensu
2396 2229 2675 2286 audiebat.

2075 2321 2315 2390 Eratque
2350 2336 2484 2376 sane
2520 2321 2666 2391 quod
2699 2322 2992 2393 gerebatur
3030 2319 3327 2393 ejusmodi,
3362 2326 3423 2373 ut
3460 2327 3581 2373 stu-

2002 2426 2190 2482 parem
2234 2412 2433 2467 merito
2498 2412 2790 2481 ingereret.
2845 2411 3049 2483 Nempe
3095 2411 3272 2482 puella
3324 2410 3581 2472 delicata,

2004 2501 2270 2556 immensa
2288 2501 2703 2563 pulchritudine
2727 2516 2793 2557 ac
2815 2502 3064 2572 corporis
3085 2509 3372 2555 venustate
3390 2514 3587 2554 omnes

2003 2590 2288 2647 hominum
2313 2590 2455 2650 ﬁlias
2487 2593 2646 2663 longe
2675 2607 2966 2663 superans,
2997 2593 3052 2647 in
3086 2595 3204 2662 ipso
3225 2592 3406 2649 atatis
3431 2590 3584 2653 llore,

2004 2680 2059 2735 in
2094 2681 2213 2750 ipso
2236 2681 2551 2748 juventutis
2575 2683 2761 2754 vigore
2782 2684 3006 2753 (etenim
3037 2683 3193 2754 virgo
3218 2683 3419 2739 nubilis
3443 2690 3584 2746 erat,

2005 2772 2149 2829 inter
2187 2775 2431 2845 ephebos
2466 2774 2579 2845 jam
2613 2777 2957 2844 constituta),
3002 2775 3228 2846 haecque
3263 2777 3421 2837 adeo,
3460 2790 3587 2831 cum

2005 2880 2108 2920 nec
2154 2876 2284 2922 ante
2317 2866 2623 2938 Scripturis
2666 2868 2882 2923 erudita
2926 2868 3141 2935 fuisset,
3191 2883 3293 2922 nec
3346 2867 3437 2921 Dei
3471 2867 3590 2935 lego
3644 2890 3649 2891 ν

2005 2963 2170 3023 atque
2193 2957 2474 3025 prophetis
2510 2957 2765 3011 instituta
2787 2998 2804 3024 ,
2838 2958 2928 3013 ubi
2966 2957 3141 3012 solum
3179 2958 3456 3027 Evangelii
3493 2971 3589 3010 se-

2008 3060 2137 3098 num
2189 3046 2456 3115 percepit,
2491 3060 2727 3116 eumque
2763 3062 2872 3102 non
2920 3061 2992 3101 re:
3014 3055 3088 3109 ta,
3122 3046 3218 3100 sed
3262 3059 3329 3100 ex
3364 3045 3593 3113 obliquo

2007 3138 2074 3193 ad
2106 3154 2227 3194 eam
2254 3139 2582 3203 venientem,
2618 3148 2863 3195 materna
2893 3139 3157 3193 continuo
3183 3138 3422 3193 excessit
3444 3152 3590 3190 amo-

2014 3231 2089 3286 ris
2116 3231 2164 3284 vi
2200 3247 2216 3297 ;
2249 3232 2397 3286 omni
2428 3246 2556 3287 vero
2575 3233 2761 3287 carnis
2778 3228 3081 3302 cupiditate
3102 3229 3343 3284 excessit
3367 3244 3381 3280 :
3416 3242 3594 3297 neque

2013 3323 2065 3379 id
2094 3324 2296 3391 solum,
2331 3324 2427 3381 sed
2455 3331 2511 3381 et
2542 3324 2659 3393 ipsa
2677 3324 2857 3394 seipsa
2888 3323 3159 3379 excedens
3185 3321 3404 3392 spiritu,
3438 3335 3593 3375 men-

2013 3422 2175 3485 teque
2212 3430 2347 3486 pura
2383 3430 2449 3471 ac
2488 3414 2808 3471 ﬁdelissimo
2857 3416 3063 3477 animo,
3100 3428 3267 3484 quam
3303 3410 3591 3475 audierat,

2013 3508 2198 3566 statim
2230 3517 2449 3578 arrepta
2480 3506 2755 3569 doctrina.
2788 3515 2955 3577 atque
2989 3505 3137 3561 illius
3175 3506 3299 3560 sinu
3343 3501 3452 3558 alte
3481 3502 3599 3556 col-

2015 3599 2214 3666 locata,
2251 3601 2478 3671 ipsaque
2512 3602 2569 3655 in
2601 3599 2692 3655 illa
2719 3599 2948 3654 ﬁrmiter
2976 3597 3348 3663 constabilita,
3377 3594 3601 3650 videba-

2014 3701 2107 3746 tur
2127 3691 2348 3761 quidem
2383 3692 2438 3747 in
2468 3701 2614 3746 terra
2638 3691 2866 3754 versari,
2898 3691 2986 3745 his
3012 3691 3105 3760 qui
3134 3697 3294 3744 erant
3312 3687 3380 3743 de
3404 3697 3550 3741 terra
3577 3726 3596 3750 ,

2016 3799 2144 3838 vere
2189 3793 2370 3839 tamen
2408 3783 2465 3837 in
2512 3784 2670 3839 emlis
2721 3782 3066 3844 versabatur,
3119 3781 3404 3849 sacrisque
3442 3775 3598 3832 Pauli

2017 3874 2253 3943 eloquiis
2279 3875 2427 3929 velut
2460 3888 2525 3929 ex
2561 3872 2942 3943 supercmlesti
2992 3872 3102 3927 Deo
3129 3871 3356 3931 auditis,
3404 3884 3473 3923 ne
3516 3869 3604 3924 vel

2020 3965 2306 4019 minimum
2336 3964 2585 4020 converti
2619 3964 2685 4018 ad
2716 3978 2813 4019 eos
2835 3962 3187 4033 dignabatur,
3212 3961 3306 4031 qui
3333 3960 3605 4015 vocabant

2020 4062 2089 4115 de
2119 4069 2287 4116 terra.
2319 4060 2398 4115 Ac
2423 4059 2570 4114 sicut
2610 4073 2734 4123 nos,
2765 4059 2894 4113 dum
2933 4073 2963 4111 a
2998 4057 3136 4113 viris
3168 4057 3511 4127 principibus
3539 4071 3606 4112 ac

2024 4152 2332 4222 majoribus
2379 4152 2812 4209 necessariorum
2859 4149 3142 4222 quidpiam
3189 4149 3478 4220 jnbemur,
3521 4149 3609 4202 in-

2025 4246 2256 4302 fantium
2300 4244 2631 4315 quandoque
2683 4258 2860 4313 nugas
2903 4258 2969 4300 ac
3008 4242 3205 4298 deliria
3254 4251 3615 4297 contemnere

2024 4338 2286 4400 solemus,
2309 4353 2377 4393 ue
2395 4353 2490 4406 per
2508 4336 2596 4389 illa
2617 4335 2844 4404 majoris
2862 4335 3119 4389 momenti
3143 4347 3453 4390 sermonem
3494 4348 3603 4387 non

2026 4431 2161 4484 satis
2191 4443 2555 4498 assequamur
2588 4444 2603 4492 ;
2639 4427 2721 4482 sic
2752 4428 2903 4482 beata
2933 4428 3110 4496 virgo,
3144 4441 3267 4496 quae
3287 4431 3462 4479 totum
3491 4424 3610 4480 sin-

333 4549 676 4617 ἐλλαὸομὲνη
731 4547 824 4599 τὸν
855 4544 1088 4617 Ἰησοῦν,
1139 4539 1376 4603 συνετῶς
1421 4538 1520 4592 καὶ
1565 4534 1923 4596 πανευλαόῶς

2027 4536 2151 4576 cere
2171 4520 2578 4601 ferventissimo
2603 4518 2708 4574 ﬁde
2729 4520 2898 4574 animi
2915 4520 3039 4574 sinu
3062 4518 3368 4588 accepisset
3395 4516 3608 4581 Jesnm,

332 4642 527 4710 ὐπεῖχε
555 4638 635 4707 τῷ
665 4637 879 4691 ἐκείνου
927 4637 1133 4705 κήρυκι
1181 4632 1243 4685 τὸ
1276 4627 1392 4694 οὖς,
1448 4629 1698 4693 ἵνατοῖς
1756 4626 1923 4683 αὐτοῦ

334 4732 562 4801 λογίοις,
585 4731 648 4784 τὺ
676 4729 771 4783 τοῦ
803 4727 1147 4798 γνωσθέντος
1188 4725 1327 4795 αὐτῇ
1358 4721 1494 4777 Θεοῦ
1520 4721 1734 4791 θέλημα
1763 4719 1927 4788 γνοῦ-

341 4843 433 4887 σα,
460 4825 557 4878 καὶ
589 4822 751 4877 τοῦτο
791 4818 1293 4890 καταπραξαμένη,
1353 4814 1573 4886 βέϐαιον
1627 4814 1791 4882 ἑαυτῇ
1831 4814 1929 4865 καὶ

340 4918 610 4985 ἄτρεπτον
637 4913 700 4969 τὸ
730 4911 986 4982 οὐράνιον
1019 4909 1225 4978 ἀγαθὸν
1253 4907 1661 4978 διατηρήσειεν.

410 5095 780 5168 Σωφροσύνην
828 5094 960 5161 γοῦν
986 5090 1084 5145 uel.
1121 5088 1456 5160 ἐγκράτειαν
1478 5128 1494 5153 ,
1525 5084 1800 5154 ἀκτησίαν
1834 5084 1932 5137 καὶ

344 5189 683 5261 παρθενίαν,
738 5185 925 5241 πίστιν
962 5201 1024 5238 τε
1057 5183 1155 5236 καὶ
1180 5181 1427 5251 ἀγάπην,
1481 5177 1558 5241 ὡς
1608 5174 1933 5247 βεϐαιοῦντα

343 5281 571 5356 Χριστῷ
608 5280 706 5353 τὴν
735 5278 916 5350 ψυχὴν
947 5275 1311 5332 ὲπακούσασα
1345 5269 1766 5342 μακαριζόμενα
1786 5308 1801 5332 ,
1837 5265 1930 5336 ερ-

344 5394 465 5447 γοις
496 5375 697 5431 αὐτίκα
732 5373 828 5428 καὶ
858 5370 1157 5443 πράξεσιν,
1201 5367 1301 5439 τὴν
1334 5365 1490 5435 ἱερὰν
1541 5360 1736 5434 μετῄει
1785 5360 1933 5412 διδα-

346 5469 450 5540 χὴν
473 5487 486 5501 ’
520 5467 618 5521 καὶ
665 5467 766 5533 τῆς
801 5459 1131 5531 ἐγκρατείας
1176 5458 1514 5528 περιείχετο.
1566 5453 1661 5509 καὶ
1690 5453 1758 5522 τῇ
1791 5467 1935 5522 παρ-

348 5558 503 5629 θενίᾳ.
534 5553 911 5628 προσεφύετο,
944 5552 1038 5606 καὶ
1072 5553 1175 5619 τὴν
1203 5548 1475 5617 ἀκτησίαν
1515 5541 1832 5617 ᾑρετίζετο*
1862 5540 1932 5595 δι’

347 5646 424 5706 ὧν
455 5651 537 5713 είς
566 5649 752 5702 πίστιν
777 5644 874 5699 τοῦ
912 5640 1287 5713 ἀγαπωμένου
1330 5634 1735 5710 κραταιουμένη
1798 5633 1933 5702 Χρι-

351 5741 503 5807 στοῦ,
535 5740 843 5809 ἓκπληκτος
878 5736 977 5808 μὲν
1010 5734 1183 5789 ἐδόκει
1226 5732 1340 5795 τοῖς
1384 5730 1465 5792 εἰς
1496 5728 1666 5798 αὐτὴν
1695 5725 1931 5797 ὁρῶσιν,

351 5834 451 5906 ὅλη
482 5832 540 5888 δὲ
570 5831 678 5904 ἄρα
709 5826 779 5903 ἦν
815 5826 1093 5898 ὲξεστῶσα
1118 5826 1185 5896 τῇ
1215 5823 1422 5896 θεωρία
1448 5819 1540 5876 τοῦ
1572 5817 1733 5873 θεοῦ.

2031 4615 2327 4683 prudenter
2355 4613 2616 4677 omnique
2636 4611 2938 4667 reverentia
2960 4625 3025 4665 ac
3047 4609 3312 4679 religione
3335 4607 3456 4678 ejus
3471 4622 3612 4677 pra:-

2029 4707 2153 4761 cuni
2203 4721 2393 4762 aurem
2451 4703 2751 4775 praebebat,
2789 4710 2848 4757 ut
2897 4702 3045 4757 illius
3096 4699 3351 4770 eloquiis,
3388 4698 3481 4753 Dei
3532 4698 3617 4754 illi

2029 4797 2233 4868 cogniti
2286 4798 2503 4867 cognita
2559 4795 2858 4857 voluntate,
2907 4807 3139 4861 eamque
3206 4799 3468 4846 exsecuta
3520 4789 3614 4843 tir-

2032 4905 2180 4946 mum
2225 4889 2330 4944 sibi
2370 4905 2434 4945 ac
2469 4886 2748 4942 iuuuobile
2778 4885 3008 4941 cmleste
3044 4884 3248 4938 bomuu
3291 4896 3514 4936 servare
3548 4880 3618 4935 li-

2033 4988 2203 5037 ceret.

2102 5070 2424 5127 Castitatem
2474 5071 2642 5141 igitur
2674 5076 2732 5126 et
2759 5067 3181 5131 continentiam.
3215 5073 3620 5143 paupertatem

2032 5172 2088 5218 et
2129 5165 2524 5234 virginitatem,
2568 5164 2840 5230 iidemque
2875 5171 2929 5218 et
2956 5161 3282 5216 cbaritatem
3325 5154 3614 5228 praedicari

2034 5257 2288 5323 audiens,
2326 5266 2384 5310 nt
2410 5271 2532 5326 quae
2561 5255 2785 5309 Christo
2814 5254 3057 5308 animum
3086 5252 3315 5306 lirmiter
3344 5247 3618 5317 astringe-

2033 5356 2179 5407 rent,
2208 5362 2371 5416 opere
2400 5346 2584 5403 statim
2614 5360 2677 5397 ac
2700 5343 2913 5397 actione
2946 5357 3161 5399 sacram
3193 5340 3383 5397 colens
3408 5334 3617 5391 doctri-

2035 5454 2184 5502 nam,
2222 5435 2578 5491 continentia:
2621 5432 2898 5498 studebat,
2934 5446 2998 5486 ac
3031 5429 3329 5501 virginitati
3371 5425 3614 5479 animout

2036 5527 2355 5586 adhibebat.
2383 5535 2547 5594 atque
2575 5533 2952 5595 paupertatem
2992 5522 3097 5577 sibi
3140 5519 3449 5587 deligabat:
3493 5520 3619 5583 qui-

2038 5612 2141 5679 luis
2169 5621 2223 5675 in
2242 5618 2449 5674 Christi
2475 5617 2774 5687 pratdilecti
2800 5615 3056 5669 roborata
3088 5612 3214 5669 ﬁde.
3241 5621 3465 5679 stupore
3493 5622 3615 5664 eor-

2037 5722 2189 5783 repta
2222 5720 2390 5782 atque
2421 5708 2625 5779 percita
2663 5703 3022 5761 cernentibus
3059 5704 3112 5757 in
3146 5716 3267 5759 eam
3304 5699 3618 5767 videbatur,

2039 5822 2163 5862 cum
2199 5803 2387 5875 utique
2421 5799 2514 5857 Dei
2551 5796 3015 5867 contemplatione
3047 5804 3161 5851 tota
3192 5792 3548 5852 excessisset.
