4040 6420
320 397 439 464 313

317 606 628 675 λογεῖσθαι,
666 605 808 674 Ἐγὼ
835 605 954 674 μέν
973 607 1091 674 εἰμι
1117 603 1432 672 ἅνθρωπος
1468 603 1772 669 Ἰουδαῖος,
1810 607 1917 657 ἀπ-

321 699 600 768 εκρίνατο,
635 694 715 762 τῷ
745 696 852 749 τοῦ
888 695 1153 764 οὐρανοῦ
1201 695 1301 749 καὶ
1349 695 1460 762 τῆς
1502 695 1615 763 γῆς
1659 694 1782 758 Θεῷ
1810 711 1919 761 νη-

322 793 536 843 πιόθεν
582 789 1016 857 ἀνακείμενος·
1050 787 1150 841 καὶ
1198 787 1296 841 διὰ
1333 788 1532 853 τοῦτο,
1578 788 1740 856 νόμῳ
1770 788 1920 842 Θεοῦ

316 881 824 951 παιδαγωγηθείς,
888 881 990 934 καὶ
1060 879 1191 945 ταῖς
1234 879 1509 944 ἐντολαῖς
1560 878 1921 946 προπαιδευ-

314 974 467 1039 θεὶς,
499 973 692 1038 δεκτῷ
724 973 908 1040 καιρῷ
963 974 1263 1042 θειοτέρας
1326 973 1696 1043 κατηξίωμαι
1725 991 1919 1043 μυστ-

315 1065 614 1133 αγωγίας·
647 1065 750 1117 καὶ
788 1065 858 1117 ἐν
897 1064 1091 1133 ἡμέρᾳ
1117 1063 1263 1118 ποτὲ
1283 1065 1445 1133 μέσῃ
1479 1061 1662 1127 εἶδον,
1686 1060 1735 1119 ὦ
1766 1068 1921 1135 λαμ-

316 1159 585 1223 πρότατε
634 1155 875 1226 ἡγεμὼν
903 1195 919 1218 ,
966 1157 1297 1223 οὐρανόθεν
1344 1156 1808 1225 περιιιστράείναν
1844 1175 1921 1226 με

319 1246 454 1316 φῶς
483 1247 641 1316 ὑπὲρ
675 1248 784 1301 τὸν
818 1248 1000 1315 ἣλιον
1027 1262 1040 1275 '
1070 1246 1171 1300 καὶ
1207 1245 1413 1315 φωνῆς
1451 1246 1692 1315 ἤκουσα
1726 1247 1921 1316 ζώσης

322 1342 425 1394 καὶ
456 1341 901 1409 διατρανούσης
931 1340 1001 1393 ἐν
1025 1339 1155 1408 ἐμοὶ
1186 1340 1446 1406 Χριστὸν
1481 1340 1758 1406 Ἰησοῦν
1782 1343 1920 1408 Χρι-

321 1436 482 1489 στὸν
534 1436 787 1498 ἐκεῖνον,
824 1434 897 1487 ὃν
946 1433 1185 1503 ἀγνοῶν
1229 1434 1528 1501 πρότερον
1561 1433 1816 1487 ἐδίωκον
1851 1436 1922 1488 ἐν

320 1528 580 1596 ἀπιστίᾳ
602 1547 614 1559 ·
644 1525 999 1596 ἐπεγνωκὼς
1023 1526 1091 1580 δὲ
1116 1526 1218 1580 διὰ
1241 1525 1585 1594 κρείττονος
1613 1526 1919 1580 ἀποκαλύ-

320 1627 508 1690 ψεως,
551 1624 632 1688 ὡς
655 1622 840 1687 αὑτός
858 1622 1032 1677 ἐστιν
1054 1620 1244 1686 ὅντως
1268 1622 1302 1673 ό
1323 1619 1632 1687 ἀγαπητὸς
1651 1619 1784 1684 Υἱὸς
1811 1619 1919 1672 τοῦ

324 1713 503 1778 Θεοῦ,
538 1714 606 1781 ὃς
632 1715 729 1768 καὶ
777 1714 908 1778 υίὸς
950 1712 1268 1780 ἀνθρώπου
1302 1711 1404 1765 διὰ
1462 1713 1919 1781 φιλανθρωπίαν

319 1808 704 1873 ὐπερουσίως
759 1803 1224 1874 κεχρημάτικεν,
1287 1805 1390 1859 ἵνα
1439 1804 1554 1870 τὴν
1618 1805 1918 1872 ἡμετέραν

315 1896 616 1964 ἐσχατιὰν
672 1898 1128 1965 ἀνακαλέσηται
1156 1915 1170 1928 ’
1243 1898 1344 1951 καὶ
1405 1896 1634 1961 πᾶσαν,
1682 1899 1785 1951 ἵνα
1832 1898 1914 1966 μὴ

311 1987 703 2055 μακρηγορῶ,
738 1989 856 2054 τὴν
893 1988 1000 2042 τοῦ
1037 1989 1188 2042 Θεοῦ
1238 1988 1488 2056 βουλὴν
1513 2005 1904 2057 μεμυσταγω-

318 2077 583 2148 frutequ
607 2083 912 2147 κρείττοσι
938 2080 1148 2150 λόγοις
1193 2080 1271 2134 δι’
1324 2080 1535 2143 αὑτοῦ,
1563 2082 1702 2148 παρ’
1729 2081 1919 2136 αὐτοῦ

323 2170 445 2236 τοῖς
469 2171 718 2226 ἔθνεσιν
736 2172 1188 2241 ἐξαπεστάλην,
1214 2173 1524 2228 διδάσκων
1561 2173 1762 2229 πάντα
1799 2175 1912 2229 ἅν-

324 2264 590 2328 θρωπον,
619 2265 719 2317 καὶ
749 2265 1062 2321 νουθετῶν
1088 2265 1474 2335 ἐπιστρέφειν
1502 2267 1602 2320 ἐπὶ
1631 2266 1741 2320 τὸν
1767 2267 1921 2322 θεὸν

325 2353 437 2407 τὸν
492 2356 751 2423 ἰσχυρὸν
779 2358 888 2411 τὸν
922 2356 1132 2419 ζῶντα·
1171 2360 1270 2411 καὶ
1301 2357 1683 2427 παρακλήσει
1718 2358 1917 2413 πάντα

322 2445 648 2512 ἄνθρωπον
679 2450 1066 2518 παρακαλῶν,
1101 2452 1309 2507 πᾶσαν
1353 2453 1472 2522 μὲν
1517 2453 1777 2520 ἀνομίαν
1815 2454 1914 2507 καὶ

322 2539 569 2594 ἀδικίαν
594 2543 1083 2612 ἀποστρέφεσθαι
1106 2560 1119 2574 ·
1164 2545 1567 2612 δικαιοσύνην
1609 2545 1678 2598 δὲ
1706 2544 1916 2602 πᾶσαν

317 2633 423 2685 καὶ
452 2633 810 2702 ἁγιωσύνην
832 2636 905 2689 ἐν
932 2637 1098 2704 φόϐῳ
1122 2637 1583 2706 κατεργάζεσθαι
1610 2638 1718 2693 τοῦ
1741 2637 1910 2692 Θεοῦ

1180 401 1464 462 ORATIO
1494 403 1650 462 XVI.
1687 426 1749 438 --
1783 404 1867 463 IN
1909 404 2225 465 LAUDEM
2268 404 2329 464 S.
2358 405 2693 466 THECLJE.

413 514 749 578 Ἐνδοθέντος
770 514 823 567 δὲ
857 512 949 566 καὶ
1100 513 1298 585 Παύλῳ
1329 514 1397 567 τὰ
1428 515 1549 567 κατ’
1584 515 1748 566 αὐτον
1786 517 1925 568 ἀπο·
1956 523 1997 577 Α

3506 404 3612 472 314

2102 514 2265 569 Fat-ta
2286 525 2466 570 autem
2486 526 2537 571 ct
2566 516 2731 570 Paulo
2755 516 2993 585 seipsnm
3016 517 3343 574 defendendi
3367 520 3609 583 licentia,

2028 605 2138 674 Ego
2181 606 2408 671 quidem,
2447 609 2750 677 respomlit,
2790 610 2944 663 homo
2981 608 3200 664 Judteus
3232 628 3347 664 sum
3383 652 3396 674 ,
3425 611 3489 665 ab
3524 613 3611 664 in-

2024 695 2200 764 fantia
2231 695 2337 749 Deo
2377 696 2495 750 σιείὶ
2515 707 2563 749 et
2594 707 2748 750 terra:
2770 697 3015 751 addictus
3047 714 3065 753 :
3101 716 3165 752 ac
3203 710 3478 768 propterea
3514 700 3608 753 Dei

2025 785 2134 853 lege
2158 785 2398 839 eruditus
2430 794 2585 855 atque
2610 787 2876 840 mandatis
2900 789 3211 854 instructus,
3241 802 3454 847 accepto
3481 794 3611 844 t‘cm-

2023 893 2150 945 pore
2189 878 2449 931 diviniore
2475 880 2726 948 dignatus
2778 896 2895 931 sum
2936 880 3291 933 institutione.
3342 881 3611 950 Medioque

2023 970 2337 1039 quandoque
2365 970 2451 1024 die
2475 972 2605 1036 vidi,
2629 972 2927 1025 clarissime
2957 989 3172 1039 pra'ses,
3196 975 3609 1044 circumfnlgeu-

2025 1068 2127 1112 tem
2175 1075 2255 1113 me
2301 1076 2328 1113 e
2357 1060 2485 1113 calo
2518 1061 2687 1114 lucem
2732 1061 2843 1115 sole
2873 1063 3305 1131 splendidiorem,
3341 1065 3611 1134 vivamque

2026 1151 2207 1205 audivi
2242 1169 2438 1214 vocem,
2470 1169 2532 1206 ac
2572 1155 2625 1205 in
2664 1170 2745 1207 me
2774 1153 3046 1208 Christum
3084 1154 3271 1209 Jesum
3316 1156 3611 1225 explanan-

2027 1255 2128 1298 tem
2154 1246 2222 1308 ⁵⁸,
2262 1261 2444 1314 nempe
2489 1245 2760 1299 Christum
2798 1246 2977 1309 illum,
3003 1265 3153 1317 quem
3184 1249 3437 1319 ignorans
3461 1251 3611 1311 prius

2024 1344 2375 1409 persequebar
2430 1342 2483 1394 in
2527 1340 2903 1396 incredulitate
2931 1342 2997 1396 “.
3050 1341 3151 1396 Ubi
3201 1354 3375 1396 autem
3428 1342 3611 1396 divina

2027 1432 2345 1486 reuelatione
2375 1434 2589 1501 cognovi
2625 1450 2735 1487 esse
2761 1434 2911 1487 illum
2969 1451 3083 1489 vere
3125 1434 3327 1488 Filium
3364 1434 3461 1488 Dei
3490 1436 3611 1487 cha-

2026 1526 2187 1578 rissin
2208 1540 2318 1586 um,
2353 1527 2443 1595 qui
2470 1535 2520 1580 et
2550 1526 2699 1596 ﬁlius
2732 1526 2961 1581 hominis
2993 1529 3299 1596 impensiori
3330 1530 3384 1581 in
3415 1530 3610 1580 huma-

2025 1633 2151 1670 num
2192 1633 2354 1688 genus
2400 1617 2678 1671 clementia
2719 1619 3187 1690 misericordiaque
3226 1621 3507 1682 exstiterit,
3552 1628 3610 1672 ut

2024 1711 2137 1777 ejus
2156 1722 2419 1764 extremas
2438 1709 2591 1779 fteces
2613 1711 2796 1763 altiori
2812 1728 2969 1779 quam
2986 1712 3120 1779 ferat
3137 1711 3435 1766 substantia
3457 1713 3612 1765 modo

2025 1804 2400 1857 instauraret:
2436 1820 2706 1873 omneque,
2745 1821 2809 1857 ne
2847 1805 2948 1858 sim
2988 1805 3271 1873 prolixior,
3316 1807 3611 1873 potioribus

2018 1898 2184 1951 verbis
2251 1896 2345 1951 Dei
2395 1897 2582 1951 doctus
2648 1897 2954 1962 consilium,
3010 1912 3105 1964 per
3151 1914 3288 1961 eum,
3329 1909 3379 1952 et
3434 1899 3499 1951 ob
3551 1915 3611 1952 eo

2015 1989 2257 2058 gentibus
2295 1990 2486 2043 missus
2515 2005 2653 2051 sum,
2688 1990 2756 2042 ad
2785 1989 3075 2043 docendum
3108 2007 3313 2044 omnem
3349 1994 3611 2045 hominem

2016 2098 2080 2136 ac
2110 2081 2501 2136 admonendum
2535 2085 2770 2137 converti
2798 2085 2867 2138 ad
2902 2084 3065 2139 Deum
3096 2085 3285 2154 fortem
3322 2088 3489 2140 vii-um
3516 2064 3563 2118 ἷτ
3594 2105 3609 2154 ;

2015 2186 2065 2228 et
2097 2184 2152 2227 ut
2178 2174 2444 2229 hortando
2476 2177 2724 2230 hortarer
2744 2192 2946 2242 omnes,
2980 2194 3187 2232 omnem
3217 2180 3609 2247 improbitatem

2019 2282 2081 2319 ac
2112 2265 2432 2333 injustitiam
2469 2269 2728 2334 aversari,
2756 2285 3064 2339 omnemque
3088 2270 3365 2339 justitiam
3391 2288 3461 2325 ac
3483 2289 3611 2325 san-

2023 2358 2261 2412 ctitatem
2302 2358 2356 2412 in
2395 2361 2582 2414 timore
2632 2359 2725 2415 Dei
2768 2363 3026 2430 operari;
3057 2363 3149 2428 qui
3195 2379 3378 2431 nempe
3417 2366 3609 2427 sciant,

2022 2452 2276 2505 statuisse
2299 2451 2461 2517 diem,
2486 2454 2541 2507 in
2570 2469 2673 2523 quo
2698 2455 2801 2508 sibi
2818 2455 2931 2523 ipse
2956 2470 3109 2508 omne
3136 2454 3425 2508 humanum
3450 2471 3612 2526 genus

2022 2549 2193 2611 sistet,
2249 2564 2312 2599 ac
2348 2548 2633 2619 unicuique
2676 2564 2773 2619 pro
2824 2564 3048 2603 suarum
3102 2548 3291 2602 nterito
3342 2548 3609 2600 actionum

2031 2637 2237 2694 reddet.

314 2711 578 2796 εἰδότας,
607 2729 698 2784 ὅτι
732 2731 1006 2799 ἔστησεν
1034 2733 1284 2802 ἡμέραν,
1307 2735 1378 2787 ἐν
1403 2729 1444 2805 ᾗ
1462 2737 1678 2804 μέλλει
1699 2734 1911 2791 πᾶσαν
1946 2735 2139 2802 ἐαυτῷ
2169 2737 2285 2804 τὴν
2307 2737 2741 2806 ἀνθρωπότητα
2764 2732 3091 2802 παριστᾷν,
3173 2732 3273 2787 καὶ
3330 2730 3613 2786 ἀποδιδό⁸

315 2840 422 2877 ναι
449 2824 685 2891 ἑκάστῳ
712 2827 863 2880 κατὰ
896 2827 1016 2894 τὴν
1039 2825 1263 2895 πρᾶξιν
1300 2831 1511 2886 αὐτοῦ.

391 2917 503 2971 Kal
525 2920 597 2972 οὗ
616 2935 715 2987 μοι
739 2921 991 2988 σκοπὸς,
1019 2916 1067 2975 ὦ
1103 2922 1436 2977 δικαιότατε
1461 2923 1741 2991 δικαστὰ,
1775 2931 1916 2981 καθ-

313 3008 485 3073 άπαξ
541 3010 651 3064 τὸν
711 3011 901 3080 τάμον
952 3014 1252 3082 ἀναιρεῖν·
1308 3016 1460 3084 αὕτη
1508 3017 1718 3086 σαφὴς
1784 3019 1917 3071 καθ’

315 3102 494 3171 ἡμῶν
517 3104 647 3157 ἐστι
665 3112 1078 3174 συκοφαντία·
1118 3109 1281 3162 ἀλλὰ
1322 3111 1614 3176 πορνείαν
1640 3111 1759 3179 μὲν
1806 3109 1918 3166 πᾶο

2102 2922 2212 2978 Νεο
2246 2924 2299 2977 id
2332 2922 2462 2976 mihi
2501 2922 2827 2988 propositum
2857 2929 2957 2983 est,
2989 2919 3288 2988 aequissime
3323 2917 3513 2985 judex,
3552 2927 3609 2969 ut

2024 3033 2200 3071 omnes
2233 3030 2452 3083 prorsus
2482 3014 2695 3079 nuptias
2727 3012 2966 3066 sublatas
2992 3011 3143 3064 velim
3168 3028 3186 3075 ;
3214 3011 3323 3063 [uec
3355 3011 3608 3063 nimirum

2024 3109 2304 3162 adversum
2362 3121 2455 3159 nos
2524 3114 2709 3172 aperta
2766 3104 3040 3157 calumnia
3086 3112 3216 3166 est;
3258 3101 3349 3155 sed
3400 3118 3607 3156 omnem

316 3211 446 3249 σαν
498 3195 599 3249 καὶ
651 3197 946 3265 μοιχείαν,
1000 3199 1097 3253 καί
1133 3199 1343 3256 πᾶσαν
1393 3204 1770 3270 ἀκαθαρσίαν
1814 3203 1915 3257 καί

2022 3197 2231 3267 quidem
2268 3195 2677 3264 fornicationem
2711 3204 2761 3248 et
2806 3194 3100 3258 iniec/tiam,
3151 3208 3458 3261 omnemque
3503 3195 3606 3245 im-

317 3287 642 3354 ἐπιθυμίαν
663 3287 889 3355 κακήνο
926 3290 1024 3344 καί
1059 3290 1175 3344 πᾶν
1207 3292 1398 3358 πάθος
1422 3295 1731 3349 ἐκκλίνειν
1761 3312 1916 3363 παρ-

314 3378 498 3431 αινῶ·
530 3380 721 3449 τάμον
761 3381 829 3434 δὲ
872 3382 981 3434 τὸν
1017 3382 1279 3453 ἔννομον
1313 3387 1412 3440 καὶ
1461 3388 1778 3457 ἔνθεσμον,
1839 3388 1920 3453 ὡς

311 3468 611 3536 ἀμίαντον
636 3470 1008 3540 ἀποδέχομαι
1048 3472 1146 3525 καὶ
1198 3474 1363 3543 τιμῶ.
1398 3478 1465 3529 Et
1494 3475 1561 3529 δέ
1601 3494 1692 3542 τις
1744 3480 1917 3546 ψυχὴ

311 3558 531 3625 πραεῖα
575 3559 673 3611 καὶ
717 3559 1009 3626 ἐπιεικὴς,
1054 3562 1151 3616 διὰ
1197 3564 1344 3627 ,ϐίου
1399 3568 1627 3632 παντὸς
1655 3568 1921 3636 ἀγαμίαν

310 3649 416 3703 καὶ
442 3651 771 3717 παρθενίαν
798 3652 1078 3720 ἑλομένη,
1108 3655 1274 3722 μόνῳ
1295 3657 1455 3723 μόνη
1487 3657 1810 3724 σχολάζειν
1838 3657 1919 3723 τῷ

314 3744 533 3809 Κυρίῳ,
570 3744 666 3795 καὶ
691 3742 823 3808 ταῖς
850 3745 1225 3811 προσευχαῖς
1261 3746 1736 3813 ἀπερισπάστως
1762 3752 1917 3817 αίρε-

312 3837 502 3896 τίσαι,
528 3836 702 3888 τοῦτο
723 3835 1062 3889 κάλλιστον
1086 3836 1201 3906 ἐγὼ
1226 3838 1426 3904 κρίνω,
1470 3839 1567 3891 καὶ
1606 3840 1709 3893 τοῦ
1739 3841 1920 3894 errat-

312 3926 498 3980 νέτου
553 3928 1123 3998 ἁξιεπαινετώτερον
1146 3969 1161 3993 ,
1204 3931 1302 3983 καὶ
1339 3930 1445 3983 τοῦ
1494 3933 1690 3999 τιμίου
1725 3933 1918 4002 γάμου

313 4017 681 4087 τιμιώτερον,
716 4019 795 4084 ὡς
825 4018 1049 4072 οίκεῖον
1080 4019 1269 4085 ὄντως
1303 4020 1376 4073 ὃν
1399 4022 1497 4074 καὶ
1517 4022 1762 4090 μᾶλλον
1782 4024 1917 4092 ἁρε-

313 4116 473 4168 orer
497 4112 577 4178 τῷ
594 4112 716 4178 Θεῷ
737 4130 748 4142 ·
775 4115 855 4180 ὡς
874 4115 1070 4168 diuor-
1096 4115 1193 4169 καὶ
1221 4117 1441 4184 νοερὰν
1461 4120 1700 4184 θυσίαν,
1719 4120 1917 4186 ditch

312 4204 415 4260 καὶ
438 4206 705 4273 θελητώς
726 4203 806 4271 τῷ
829 4207 1146 4274 ὑπεραῦλῳ
1176 4207 1662 4277 προσαγομένην.

385 4465 611 4521 Τούτων
663 4469 872 4533 ὲκεϊνος
926 4470 1003 4533 ὡς
1058 4471 1262 4542 ἤκουσε
1300 4472 1411 4528 τῶν
1459 4474 1676 4543 φωνῶν,
1724 4476 1912 4549 ἐπειδὴ

2025 3290 2344 3345 munditiam
2378 3305 2439 3342 ac
2493 3287 2975 3355 concupiscentiam
3014 3286 3213 3340 malam
3238 3286 3306 3350 ⁵³,
3348 3286 3603 3357 quidquid

2022 3381 2230 3435 demum
2263 3379 2499 3433 libidinis
2531 3388 2609 3433 est
2640 3420 2655 3445 ,
2685 3379 2853 3433 vitare
2905 3378 3102 3431 suadeo
3136 3395 3155 3443 ;
3208 3377 3604 3431 matrimonium

2022 3487 2138 3525 vero
2166 3471 2459 3539 legitimum
2481 3479 2801 3540 statumque,
2826 3481 2884 3522 ut
2910 3469 3385 3522 incontaminatum
3410 3468 3604 3534 recipio

2023 3579 2086 3615 ac
2100 3562 2236 3615 colo.
2257 3560 2349 3616 Sin
2370 3575 2544 3616 autem
2566 3562 2745 3614 utilior
2765 3562 3007 3629 quaedam
3034 3561 3367 3629 modestaque
3396 3558 3601 3621 anima,

2020 3668 2111 3721 per
2135 3654 2298 3706 vitam
2331 3668 2536 3705 onmem
2564 3652 2766 3705 delecto
2798 3651 3046 3704 cretibatu
3076 3668 3138 3704 ac
3162 3650 3475 3720 virginitate,
3502 3650 3605 3703 soli

2023 3745 2250 3798 Domino
2284 3745 2399 3798 sola
2435 3759 2644 3808 vacare,
2689 3759 2752 3795 ac
2788 3745 3030 3811 precibus
3068 3744 3387 3796 indistracta
3437 3753 3608 3795 mente

2020 3839 2223 3891 instare
2271 3836 2413 3897 velit,
2461 3835 2517 3886 id
2561 3851 2653 3903 ego
2698 3834 3115 3901 pulcherrimum
3149 3833 3380 3902 judico;
3428 3849 3610 3900 nempe

2023 3925 2285 3980 laudabili
2340 3925 2542 3993 majore
2601 3926 2818 3993 dignum
2869 3924 3047 3989 laude,
3095 3925 3458 3993 connubioque
3513 3923 3608 3975 ho-

2021 4018 2254 4072 norabili
2282 4015 2688 4078 honorabilius;
2719 4023 2777 4067 ut
2818 4016 2956 4083 quod
2982 4014 3091 4067 Deo
3119 4031 3235 4068 vere
3254 4017 3609 4069 necessarium

2022 4129 2084 4166 ac
2133 4111 2303 4179 magis
2340 4107 2619 4174 placitum,
2667 4105 2805 4159 velut
2850 4105 3051 4159 scilicet
3107 4107 3219 4160 sine
3270 4108 3494 4159 materia
3546 4124 3607 4159 ac

2017 4202 2395 4271 intelligentem
2436 4199 2685 4263 hostiam,
2720 4196 3080 4250 immateriate
3127 4213 3190 4250 ac
3235 4197 3510 4251 voluntate
3558 4199 3607 4250 ei

2018 4294 2276 4354 oblatam,
2297 4290 2385 4360 qui
2405 4288 2548 4343 onmi
2573 4285 2654 4340 illi
2677 4287 2816 4357 quod
2845 4295 3000 4340 extra
3023 4287 3301 4341 materiam
3324 4296 3422 4351 est,
3456 4286 3606 4357 longe

2016 4386 2230 4439 eminet.

2089 4478 2186 4533 His
2220 4477 2312 4532 ille
2343 4474 2550 4530 auditis
2581 4472 2830 4535 vocibus,
2865 4470 3009 4542 quod
3044 4472 3292 4527 veritatis
3327 4470 3605 4540 vimjudi-

310 4559 523 4629 κρίνειν
543 4560 642 4613 οὐκ
661 4560 775 4630 ᾔδει
801 4561 901 4632 τὴν
931 4561 1163 4634 δύναμιν
1187 4563 1288 4633 τῆς
1305 4565 1585 4632 ἀληθείας
1614 4567 1780 4639 (ψυχὴ
1800 4569 1906 4641 γὰρ

2022 4588 2144 4627 care
2188 4586 2296 4625 non
2348 4578 2574 4623 noverat
2622 4566 2920 4637 (quisquis
2970 4567 3116 4621 enim
3171 4570 3388 4621 animus
3477 4564 3605 4618 huic

313 4652 492 4718 πᾶσα,
531 4651 610 4718 τῷ
645 4652 741 4705 νῦν
769 4653 927 4706 αίῶνι
950 4655 1045 4707 καὶ
1069 4658 1190 4719 ταῖς
1224 4656 1465 4721 ἀπάταις
1487 4656 1584 4711 τοῦ
1614 4659 1731 4728 βίου
1773 4677 1907 4729 σφο-

311 4748 569 4818 δρότερον
623 4749 1049 4822 ἑμπεφυρμὲνη,
1107 4752 1209 4803 οὐκ
1281 4747 1423 4805 οἶδεν
1487 4755 1908 4826 ἀσκαρδαμυκτὶ

312 4839 452 4909 προς
480 4838 578 4901 τὰς
614 4841 714 4908 τῆς
746 4841 1006 4911 ἀληθείας
1057 4843 1232 4910 αὐγὰς
1284 4846 1555 4898 ἀντωπεῖν
1644 4846 1712 4899 δι’
1751 4847 1780 4899 ὃ
1811 4849 1907 4901 καὶ⁴

305 4931 496 4994 αὐτὸς,
558 4931 684 5000 μήτ’
737 4933 1059 4986 ἀντιτείνειν
1107 4935 1269 5004 ἔχων,
1298 4938 1436 5007 μήτε
1467 4937 1526 4990 δὲ
1563 4938 1907 4992 συντίθεσθαι

305 5024 420 5083 τοῖς
461 5021 568 5074 ὑπὸ
589 5022 685 5074 τοῦ
727 5023 941 5077 Παύλου
973 5025 1350 5095 λαλουμένοις,
1382 5026 1648 5098 ἀσχολίαν
1690 5046 1750 5082 τε
1774 5046 1906 5099 προ-

305 5111 623 5179 φασίζεται,
674 5113 770 5166 καὶ
793 5112 983 5167 τοῦτον
1006 5115 1335 5186 δεσμεύσσς,
1361 5117 1748 5190 καθείργνυσιν
1787 5120 1904 5191 etp-

303 5205 428 5274 κτῇ.
1472 5220 1479 5227 ’

375 5293 441 5346 Τί
471 5289 565 5348 οὖν
595 5295 627 5366 ἠ
660 5295 877 5364 Sexta;
908 5292 1036 5368 'Ap’
1058 5297 1338 5370 ὑπεστάλη
1373 5299 1609 5371 φρίξασα
1639 5303 1776 5373 πρὸς
1803 5303 1902 5373 τὴν

300 5384 398 5437 τοῦ
440 5387 684 5457 κήρυκος
735 5389 1078 5459 ἀπαγωγήν;
1136 5389 1169 5460 ἢ
1207 5391 1404 5459 μικρὸν
1452 5391 1585 5460 γοῦν
1609 5393 1898 5464 καθυφῆκε

301 5477 406 5545 τῆς
438 5478 785 5549 προθέσεωςς
825 5480 857 5550 ἢ
891 5481 1133 5545 διανοίας
1167 5482 1359 5552 βάθεσι
1400 5485 1539 5547 τέως
1591 5485 1691 5557 τὴν
1726 5488 1898 5556 αὐτῆς

301 5569 491 5621 πίστιν
522 5570 1031 5643 ὲγκατέκρυψεν;ἢ
1074 5574 1134 5625 οὐ
1175 5574 1381 5642 σφόδρα
1429 5575 1635 5645 ταύτην
1677 5576 1899 5647 ἐθριάμ-

300 5659 466 5712 ϐευσε
500 5661 851 5730 περιφανῶ;;
892 5662 925 5733 ἢ
960 5662 1283 5732 θοιαμϐεύει
1316 5669 1437 5735 μὲν,
1461 5668 1522 5720 οὐ
1542 5669 1777 5731 συνετῶς
1795 5669 1886 5734 δὲ;

373 5839 418 5871 ³³
449 5837 570 5896 Act.
604 5841 734 5906 tx,3
766 5858 780 5909 ;
817 5859 962 5912 mu,
1000 5847 1080 5903 l5.

1161 5844 1207 5876 "
1248 5843 1435 5901 lTitu.
1472 5862 1511 5915 ι,
1550 5847 1631 5902 13.
1707 5847 1748 5881 ⁵⁷
1781 5847 1923 5907 l‘sal.
1964 5849 2149 5915 “1,5.

2013 4664 2215 4720 smculo
2258 4663 2489 4732 vitmque
2527 4660 2811 4715 erroribus
2868 4659 3247 4714 vehementius
3308 4660 3603 4712 immersus

2011 4769 2117 4824 est,
2150 4756 2425 4812 irretortis
2453 4755 2630 4810 oculis
2660 4754 2909 4809 veritatis
2941 4751 3183 4824 fulgores
3216 4751 3463 4806 contueri
3490 4766 3598 4804 non

2014 4849 2184 4921 novit)
2223 4866 2236 4903 :
2269 4846 2623 4918 quamobrem
2657 4845 2820 4900 etiam
2872 4845 2983 4905 ille,
3020 4859 3143 4898 cum
3188 4857 3289 4897 nec
3318 4842 3598 4897 adversati

2014 4948 2220 5011 posset,
2246 4953 2347 4993 nec
2387 4953 2515 4992 vero
2555 4935 2815 4991 assentiri
2839 4934 2993 4989 Pauli
3021 4934 3224 4999 verbis,
3259 4949 3367 4988 non
3404 4949 3600 4987 vacare

2013 5030 2115 5087 sibi
2153 5044 2248 5100 per
2288 5030 2463 5085 otium
2499 5027 2745 5094 simulat,
2778 5026 3136 5097 vinctumque
3166 5027 3218 5081 in
3260 5041 3482 5081 carcere
3512 5026 3599 5080 in-

2009 5122 2203 5177 cludit.

2078 5301 2219 5368 Quid
2264 5300 2433 5371 igitur
2473 5297 2673 5354 Thecla
2714 5299 2738 5353 ?
2782 5297 3004 5354 Timore
3040 5300 3314 5354 inhorruit
3361 5299 3597 5353 abducto

2004 5392 2291 5464 praecone?
2334 5402 2429 5447 aut
2477 5407 2668 5461 parum
2745 5393 2951 5463 aliquid
3016 5393 3280 5463 prapositi
3345 5401 3594 5447 tenorem

2005 5485 2260 5541 remisit?
2288 5494 2382 5538 aut
2412 5485 2524 5540 alto
2552 5485 2753 5541 mentis
2783 5486 2905 5539 sinu
2939 5486 3203 5540 hactenus
3237 5483 3400 5538 ﬁdem
3436 5499 3591 5537 suam

2008 5578 2306 5631 occultavit
2338 5577 2362 5631 ?
2390 5589 2486 5630 aut
2514 5593 2621 5631 non
2660 5575 2944 5644 splendide
2976 5590 3095 5629 eam
3127 5574 3473 5642 publicant?
3502 5584 3596 5629 aut.

1999 5670 2297 5741 publicavit
2344 5669 2561 5738 quidem
2606 5675 2772 5736 atque
2810 5667 3019 5733 edidit,
3071 5665 3165 5722 sed
3213 5666 3532 5736 imprudcnt
3572 5685 3597 5726 ι’

2232 5847 2278 5880 ⁸³
2313 5846 2527 5902 Coluss.
2568 5860 2648 5910 ut,
2691 5844 2724 5900 5
2758 5860 2775 5911 ;
2817 5842 2981 5899 Hebr.
3013 5858 3135 5909 xm,
3160 5842 3213 5897 «ι.
