4040 6418
286 437 414 502 3Π
1174 445 1459 505 ORATIO
1485 445 1639 506 XVI.
1671 472 1734 482 -
1775 445 1856 506 IN
1898 446 2212 506 LAUDEM
2253 448 2313 507 S.
2350 447 2684 509 TIIECLE.
3487 447 3596 510 318

375 556 459 612 Τί
488 558 584 612 οὖν
612 558 640 612 ό
666 557 962 630 δικαστήςς
995 556 1100 610 Τὸν
1136 558 1234 628 μὲν
1271 555 1656 628 φραγελὼσας,
1684 557 1782 625 τῆς
1813 557 1913 610 πό-

2093 558 2234 626 Quid
2269 575 2400 629 ergo
2429 559 2646 629 iudex?
2675 557 2905 612 Paulum
2939 557 3170 630 ﬂagellis
3202 575 3426 626 exesum,
3461 563 3598 616 urbe

290 647 459 714 λεως
494 650 774 721 ἀπήλασεν
794 664 810 680 ο
841 649 940 720 τὴν
969 649 1026 702 δὲ
1053 649 1237 712 ζῶσαν
1267 650 1472 718 καῆναι
1509 647 1721 700 κελεύει
1752 648 1907 716 πυρί.

2039 652 2168 722 :jicit
2199 651 2490 718 ;'l‘hec|am
2519 667 2646 706 vero
2663 651 2837 704 vivam
2862 651 3017 719 jubet
3039 652 3162 720 igne
3189 653 3448 710 cremari.
3482 655 3598 707 Hoc

291 738 495 793 Τοῦτο
525 741 634 811 γὰρ
676 741 752 810 μὴ
781 741 1114 810 πειθομένης
1136 742 1327 810 αὐτῆς,
1355 740 1449 793 καὶ
1473 741 1504 808 ἠ
1531 739 1712 809 μήτηρ
1741 738 1912 807 μεγά-

2039 743 2162 798 Enim
2203 759 2326 796 cum
2376 759 2580 797 morem
2618 760 2728 797 non
2764 753 2997 812 gereret,
3031 743 3148 812 ipsa
3180 753 3352 797 mater
3387 746 3600 813 magnis

287 831 439 894 λαις
465 832 594 885 ἐϐόα
626 836 921 900 κραυγαῖς.
957 830 1222 884 Ἐνταῦοά
1243 848 1331 900 μοι
1359 830 1437 902 τῷ
1461 830 1603 900 λόγῳ
1626 831 1908 899 κάμνοντι,

2039 833 2353 887 rlamoribus
2398 834 2647 903 urgebat.
2704 835 2824 897 Hic,
2874 849 3081 903 quaeso,
3139 833 3424 888 fatiscente
3467 837 3596 886 mihi

289 925 405 974 καὶ
441 925 500 975 τὸ
521 923 616 976 τοῦ
646 923 860 989 ἀγῶνος
888 923 1118 993 μέγεθος
1149 921 1517 992 ἀμηχανοῦντι
1539 919 1908 989 παραστῆσαι,

2039 925 2292 981 sermonis
2337 925 2412 989 vi,
2445 940 2541 980 nec
2575 926 2894 980 certaminis
2925 927 3119 979 molem
3154 927 3366 979 valente
3405 943 3574 990 reprm

298 1014 771 1081 συναγωνίσασθέ
815 1031 928 1083 μοι,
982 1013 1301 1084 παρεγγυῶ,
1357 1012 1444 1065 διὰ
1495 1011 1804 1082 προσευχῆς
1849 1026 1910 1062 τε

2039 1023 2259 1080 tentare,
2311 1030 2407 1070 vos
2444 1016 2543 1084 ipsi
2592 1017 2845 1083 precibus
2892 1016 3330 1085 propensiusque
3373 1020 3596 1066 atlt'lllis

295 1108 419 1158 καὶ
447 1107 760 1176 προσοχῆςο
797 1108 864 1176 τῇ
899 1105 1020 1174 μὲν,
1043 1104 1243 1174 νοερῶς
1277 1103 1652 1173 ἐξαιτούμενοι
1695 1101 1912 1154 εὐοδοῦ-

2039 1107 2229 1169 mimis
2251 1121 2407 1175 opem
2444 1107 2617 1161 ferte:
2674 1107 2928 1173 precibus
2968 1107 3208 1174 quidem,
3247 1114 3426 1158 mente
3467 1122 3598 1157 ιιλυ-

307 1195 455 1248 σθαί
484 1213 572 1264 μοι
597 1197 687 1248 τὸν
718 1196 874 1263 λόγον
902 1195 1001 1264 τῆς
1029 1193 1368 1261 ἀπαγγελίας
1389 1210 1402 1224 ο
1428 1194 1516 1246 διὰ
1550 1192 1825 1264 προσοχῆς
1853 1192 1911 1244 δὲ

2039 1205 2207 1250 'antes
2241 1206 2300 1250 ut
2337 1197 2627 1251 enarrandi
2670 1213 2851 1251 sermo
2885 1198 3014 1250 mihi
3059 1206 3412 1266 prosperetur
3448 1214 3461 1260 ;
3517 1211 3599 1248 at-

303 1289 422 1339 καλ
456 1286 779 1356 ἀταραξίας,
833 1286 1018 1355 ὥσπερ
1048 1287 1104 1338 ὲν
1156 1285 1335 1354 λιμένι
1393 1285 1502 1338 τινὶ
1548 1284 1788 1353 γαληνῷ,
1832 1281 1912 1352 τῷ

2039 1288 2190 1342 .entis
2228 1302 2357 1341 vero
2387 1289 2588 1342 animis
2627 1299 2679 1342 et
2711 1288 3028 1354 inturbatis,
3067 1299 3125 1341 ut
3167 1289 3316 1341 velut
3347 1289 3399 1340 in
3449 1297 3602 1342 tran-

311 1379 518 1448 οἰκείῳ
543 1378 639 1448 νῷ,
673 1378 857 1431 τοῦτον
886 1377 1191 1448 γαληναίως
1223 1377 1772 1448 ὲγκαθορμιζόμενοι.

2039 1379 2198 1448 quillo
2240 1381 2476 1448 quodam
2529 1393 2710 1450 portu,
2758 1383 2812 1435 in
2867 1393 3044 1437 mente
3071 1390 3272 1442 vestra,
3309 1382 3602 1450 tranquilla

2021 1485 2144 1525 eum
2175 1471 2410 1526 statione
2450 1474 2752 1542 accipiatis.

2099 1562 2240 1617 Urbs
2270 1573 2378 1616 tota
2412 1563 2666 1618 festinato
2692 1565 2742 1618 in
2776 1566 3044 1620 theatrum
3075 1581 3424 1623 concesserat
3455 1589 3468 1622 :
3502 1567 3600 1620 viri

2023 1667 2238 1720 Omnes,
2283 1654 2552 1724 indigent».
2593 1665 2646 1709 et
2681 1656 2953 1724 inquilini,
2987 1660 3203 1714 obscuri
3231 1670 3283 1714 et
3309 1662 3550 1714 illustres
3590 1679 3602 1712 :

400 1560 557 1612 Πᾶσα
579 1559 612 1628 ἡ
634 1557 788 1619 πόλις
817 1555 910 1608 ἐπὶ
933 1555 994 1608 τὸ
1023 1554 1250 1624 θέατρον
1304 1555 1454 1626 ἀνῄει
1495 1555 1632 1622 μετά
1657 1553 1910 1623 σπουδῆς·

309 1650 520 1720 ἄνδρες
564 1648 795 1710 πάντες,
855 1645 1176 1715 αὐτόχθονες
1211 1646 1306 1698 καὶ
1342 1645 1606 1716 ἐπήλυδες
1630 1684 1645 1708 ,
1683 1647 1910 1713 ἀφανεῖς

305 1741 423 1794 καὶ
448 1740 794 1808 περιφανετς⁶
849 1739 1109 1805 γυναῖκες
1160 1738 1360 1803 πᾶσαι,
1397 1735 1768 1807 πρεσϐύτεραι
1819 1735 1914 1789 καὶ

2039 1743 2282 1797 nulieres
2319 1758 2533 1809 omnes,
2567 1746 2814 1800 seniores
2837 1756 2889 1800 et
2916 1748 3186 1815 juniores,
3216 1750 3483 1819 ignobiles
3515 1759 3602 1802 at-

309 1831 609 1900 νεώτεραι,
642 1831 847 1898 ἄσημοι
889 1829 985 1882 καὶ
1020 1830 1285 1898 ἐπίσημοι
1309 1845 1322 1858 ·
1363 1829 1459 1882 καὶ
1489 1831 1660 1896 νήπια
1681 1828 1736 1881 δὲ
1773 1829 1914 1897 μετά

2039 1848 2130 1902 rue
2180 1833 2435 1888 nobiles:
2493 1835 2623 1902 quin
2656 1845 2710 1888 et
2750 1837 2988 1891 infantes
3028 1855 3150 1891 cum
3191 1841 3273 1893 his
3309 1841 3398 1908 qui
3429 1843 3606 1894 aetatis

309 1925 437 1998 τῶν
465 1921 883 1992 καθεστηκότων
908 1921 1130 1992 ἔτρεχον
1172 1922 1302 1974 ἰδεῖν
1325 1939 1338 1952 ·
1370 1923 1463 1975 καὶ
1496 1921 1602 1991 πρὸ
1632 1921 1870 1984 πάντων,
1895 1921 1923 1972 ό

2039 1939 2335 1994 sensusque
2362 1923 2557 1995 integri
2582 1934 2760 1989 erant,
2782 1927 2847 1980 ad
2873 1929 3245 1995 spectaculum
3269 1931 3558 1982 currebant
3585 1948 3599 1994 ;

310 2016 422 2084 τὴν
479 2013 681 2067 ἄτοπον
731 2011 876 2064 οὕτω
907 2013 1092 2082 κρίσιν
1130 2013 1222 2065 καὶ
1262 2012 1446 2065 ἄδικον
1499 2011 1920 2080 ἀποφηνάμενος

2039 2029 2244 2085 araeque
2285 2016 2574 2077 omnibus,
2627 2031 2830 2086 praeses
2876 2018 2990 2085 ipse
3040 2020 3132 2085 qui
3183 2022 3264 2072 sic
3311 2019 3604 2072 absurdam

314 2106 423 2171 ὴγε
435 2103 549 2172 μών
566 2119 579 2133 '
602 2105 695 2157 καὶ
717 2104 906 2172 ἐπειδὴ
923 2107 991 2156 τά
1018 2121 1076 2156 τε
1102 2103 1234 2168 ξύλα
1273 2097 1574 2173 ἡτοίμαστο
1601 2102 1735 2172 πρὸς
1759 2102 1923 2154 ὑπέκ-

2039 2115 2191 2176 itque
2233 2107 2475 2176 iniquam
2531 2109 2731 2162 tulerat
2766 2110 3118 2166 sententiam.
3151 2108 3418 2177 Quodque
3461 2109 3605 2176 ligna

320 2211 542 2264 καυμα,
569 2194 665 2248 καὶ
686 2195 863 2248 πάντα
889 2194 1088 2264 ἕτοιμα
1117 2196 1241 2266 ἤδη,
1269 2197 1364 2249 καὶ
1386 2196 1562 2249 πάντα
1584 2195 1827 2265 εὐτρεπῆ
1853 2193 1922 2247 τὰ

2039 2199 2092 2252 id
2137 2198 2376 2253 fomitem
2426 2209 2614 2268 parata
2653 2207 2832 2264 erant,
2867 2210 3174 2271 cunctaque
3207 2201 3316 2269 jam
3355 2202 3606 2271 expedita

326 2289 469 2358 πρὸς
498 2288 596 2359 τὴν
634 2288 830 2356 πυρὰν,
865 2288 1154 2358 προσήχθη
1198 2289 1290 2341 καὶ
1323 2287 1460 2358 αὑτὴ
1488 2287 1696 2340 Θέκλα·
1732 2287 1826 2339 καὶ
1858 2285 1920 2338 τὸ

2039 2299 2078 2344 3t
2111 2293 2176 2345 ad
2213 2307 2402 2362 rogum
2436 2300 2618 2361 aptata
2654 2302 2831 2358 erant,
2873 2293 3105 2347 adducta
3135 2302 3219 2347 est
3260 2302 3316 2346 et
3356 2291 3556 2345 Thecla
3595 2309 3607 2344 :

327 2381 657 2450 θαυμάσιον,
695 2382 777 2432 ὅτι
815 2381 915 2434 οὐκ
965 2380 1238 2449 ὼχρίασεν
1275 2380 1413 2450 πρὸς
1466 2380 1564 2451 τὴν
1600 2379 1695 2432 τοῦ
1746 2378 1920 2448 πυρὸς

2039 2397 2250 2452 remque
2281 2384 2499 2447 miram,
2524 2383 2666 2452 quod
2696 2399 2802 2437 non
2837 2385 3098 2453 expalluit
3122 2385 3186 2438 ad
3219 2384 3359 2454 ignis
3388 2385 3564 2437 minas
3593 2400 3606 2445 ;

324 2472 592 2541 ἀπειλήν·
614 2473 712 2524 οὐκ
742 2472 1037 2525 ὲδειλίασεν
1069 2473 1168 2539 τὴν
1216 2472 1398 2542 ψυχήν
1420 2488 1432 2502 '
1492 2472 1628 2526 ἀλλὰ
1656 2471 1754 2542 τὴν
1790 2487 1924 2539 καρ·

2039 2488 2134 2527 uon
2175 2473 2357 2527 animo
2393 2473 2704 2528 formidavit
2734 2491 2749 2543 ;
2785 2476 2877 2529 sed
2928 2475 3136 2529 intenta
3181 2486 3357 2530 mente
3393 2477 3611 2530 laetans-

319 2565 450 2617 δίαν
511 2564 608 2635 μὲν
639 2565 1020 2635 ἀνατεταμένη
1081 2565 1175 2617 καὶ
1228 2563 1632 2633 εὐφραινομὲνη
1689 2563 1826 2632 πρὸς
1864 2562 1924 2616 όν

2039 2581 2132 2634 ple
2181 2565 2234 2617 in
2279 2563 2532 2630 Domino,
2572 2566 2626 2619 in
2670 2582 2830 2636 quem
2881 2567 3213 2629 crediderat,
3269 2566 3606 2636 florenteque

320 2654 642 2720 ἐπίστευσε,
699 2653 906 2724 Κύριον
927 2670 940 2683 ·
1000 2653 1269 2706 θάλλουσα
1315 2654 1370 2706 δὲ
1403 2654 1464 2706 τὸ
1487 2656 1797 2724 πρόσωπον,
1830 2655 1926 2706 καὶ⁸

2039 2656 2177 2708 vultu
2212 2656 2265 2708 in
2298 2655 2490 2710 balneo
2531 2657 2596 2709 ad
2651 2656 2940 2710 lavandum
2967 2657 3223 2712 alacriter
3252 2673 3482 2723 exuens,
3516 2663 3611 2709 aut

317 2745 518 2815 ὥσπερ
550 2748 628 2808 εἰς
671 2743 950 2814 βαλανεῖον
979 2745 1074 2798 τοῦ
1105 2745 1404 2798 λούσασθαι
1429 2747 1592 2814 χάριν
1629 2746 1925 2814 προθύμως

2039 2749 2172 2800 velut
2216 2748 2481 2817 genialem
2521 2749 2672 2817 virgo
2715 2751 2913 2804 lectum
2955 2759 3172 2820 petens,
3219 2752 3300 2805 sic
3335 2752 3438 2806 sibi
3474 2765 3612 2804 con-

319 2837 760 2906 ἐιποδυσαμένηο
805 2836 838 2906 ἢ
882 2836 1070 2905 ὥσπερ
1098 2837 1190 2887 ἐπὶ
1222 2837 1468 2888 παστάδα
1501 2835 1755 2905 χωροῦσα
1787 2850 1927 2903 παρ-

2039 2839 2274 2909 signans,
2309 2841 2582 2908 lignorum
2619 2849 2826 2895 struem
2863 2842 3212 2896 conscendit.

319 2929 598 2998 Οενικὴν.
645 2927 819 2990 οὕτως
884 2929 1084 2996 ἑαυτὴν
1148 2926 1761 2998 κατασφραγισαμένη,
1815 2925 1925 2978 τῶν

321 3022 352 3073 ὲ
367 3021 694 3090 στρωμένων
717 3020 986 3072 ὲπιὸαίνει
1021 3017 1191 3082 ξύλων
1215 3018 1347 3088 (6⁵5).

407 3113 504 3176 Τίς
539 3114 597 3166 ού
629 3112 972 3180 κατεκλάσθη
1021 3112 1120 3181 τὴν
1173 3114 1397 3182 καρδίαν
1452 3115 1564 3174 τοῖς
1622 3113 1920 3183 ὁδυρμοῖς;

2099 3104 2272 3173 Cujus
2318 3120 2428 3159 non
2458 3105 2604 3160 tristi
2634 3107 2841 3177 gemitu
2891 3105 3101 3160 fractus
3135 3105 3396 3162 animus?
3440 3106 3612 3176 Cujus

328 3203 437 3267 Τίς
459 3203 517 3257 ού
544 3203 775 3274 παρείθη
811 3206 986 3257 πάντα
1010 3205 1110 3273 τῆς
1144 3204 1344 3275 σαρκὸς
1386 3202 1520 3272 μέλη
1548 3221 1562 3270 ;
1617 3204 1762 3267 τίνος
1819 3222 1923 3258 πα-

2039 3211 2140 3250 ηοιι
2164 3196 2343 3250 soluta
2377 3196 2562 3250 omnia
2597 3197 2784 3250 carnis
2817 3197 3098 3250 membra?
3126 3196 3298 3265 Cujus
3330 3213 3479 3268 genae
3505 3213 3617 3252 non

337 3255 1228 3362 ῥεξάὲακρἰωνᾈιὲτεμπλὲιὲαιξ
1249 3255 1342 3353 τίς
1365 3255 1420 3345 ei
1463 3255 1562 3345 οὲιέ
1609 3255 1920 3346 agitati;

2039 3288 2288 3357 lacrymis
2311 3287 2578 3356 oppletae?
2610 3287 2747 3352 Quis
2784 3303 2892 3341 non
2927 3287 3148 3356 indigne
3179 3287 3348 3343 ferret
3383 3299 3612 3343 senten-

330 3401 473 3454 τησε
501 3385 609 3447 τοῖς
636 3385 1007 3454 κεκριμένοις,
1035 3385 1131 3438 καὶ
1178 3385 1421 3455 σφοδρῶς
1467 3388 1584 3438 ἐκεῖ
1637 3386 1731 3439 τοῦ
1774 3387 1929 3440 δικά-

2039 3380 2180 3442 Liam,
2219 3379 2576 3447 judicemque
2616 3380 2817 3434 acriter
2855 3386 3006 3432 tanta
3036 3379 3124 3431 illa
3157 3379 3313 3433 turba
3366 3395 3473 3434 non
3521 3395 3614 3434 re-

333 3475 528 3540 ζον-τος
555 3478 846 3539 κατεῖπεν;
889 3477 1030 3528 Πᾶσι
1061 3476 1168 3546 γὰρ
1208 3476 1377 3537 ἔλεον,
1431 3476 1692 3544 οὗμενουν
1731 3479 1928 3531 ὁπόσον

2039 3471 2396 3540 prehenderet
2417 3471 2687 3526 ?Cnnctis
2718 3474 2864 3525 enim
2896 3473 3332 3537 miserationem,
3353 3479 3616 3540 quantam

327 3567 512 3617 εἰπεῖν
539 3564 708 3626 ἐστιν,
741 3565 978 3616 ὲνεποῗει
1017 3563 1078 3614 τὸ
1119 3564 1428 3632 γινόμενον,
1489 3563 1689 3631 ὁρῶσιν
1749 3567 1926 3615 νεᾶνιν

2039 3578 2128 3615 nec
2159 3563 2342 3616 verbis
2372 3564 2685 3632 exprimere
2717 3562 2902 3625 liceat,
2955 3578 3043 3617 res
3074 3579 3138 3617 ea
3173 3560 3447 3628 faciebat;
3479 3563 3618 3616 dum

327 3657 509 3726 καλὴν
543 3657 641 3727 μὲν
702 3657 762 3708 τὸ
819 3655 976 3724 σῶμα
1029 3656 1125 3708 καὶ
1175 3657 1454 3724 τρυφερὰν
1490 3671 1504 3685 ο
1562 3654 1841 3725 προθυμίᾳ
1869 3654 1925 3707 δὲ

2039 3651 2274 3705 ridelicct
2296 3653 2588 3706 formosam
2605 3667 2834 3720 corpore
2853 3653 3215 3706 acdelicatam
3245 3653 3477 3721 puellam
3536 3653 3620 3705 vi-

331 3747 649 3816 πνεύματος
683 3747 1058 3800 ἀνυποστάτου
1084 3746 1515 3815 κατατολμῶσαν
1543 3746 1758 3813 φλογὸς,
1822 3746 1918 3799 καὶ

2039 3745 2238 3802 lerent.
2253 3745 2479 3813 spiritus
2496 3745 2800 3809 alacritate,
2818 3745 3096 3815 animique
3125 3746 3337 3798 fervore
3357 3745 3590 3798 intolera
3604 3772 3623 3783 ο

335 3837 671 3908 αἱρουμένην
693 3839 772 3900 είς
798 3837 1003 3904 τέφραν
1019 3836 1215 3889 αὐτίκα
1235 3836 1298 3906 δὴ
1326 3836 1404 3905 τῷ
1425 3837 1556 3905 πυρὶ
1578 3836 1916 3905 διαλυθῆναι,

2039 3837 2183 3890 )ilem
2205 3835 2442 3889 incendii
2473 3835 2578 3888 vim
2601 3844 2974 3898 contemnere,
2993 3838 3259 3905 uialleque
3284 3837 3334 3888 in
3373 3835 3614 3887 favillam

335 3929 374 3998 ἢ
407 3929 506 3996 τὴν
537 3929 707 3997 αὐτῆς
736 3928 999 3999 προέσθαι
1041 3927 1362 3996 παρθενίαν,
1393 3928 1489 3980 καὶ
1534 3927 1626 3980 τὸν
1671 3929 1919 3999 ἁρμοσά-

2039 3930 2208 3982 itatim
2229 3929 2353 3996 igne
2365 3936 2627 3980 exurente
2640 3927 2890 3989 dissolvi,
2905 3943 3066 3994 quam
3085 3927 3448 3994 virginitatem
3465 3940 3624 3978 suam

341 4035 507 4090 μενον
546 4019 993 4087 καταψεύσασθαι
1025 4018 1276 4088 Χριστόν.

2039 4021 2282 4090 prodere,
2313 4027 2406 4072 aut
2435 4017 2655 4073 Christo
2683 4032 2887 4086 sponso
2913 4021 3093 4070 datam
3124 4017 3281 4072 fidem
3316 4016 3524 4070 fallere.

434 4111 580 4163 Ἐκεῖ
608 4112 703 4163 καὶ
731 4112 912 4172 πάσας
940 4107 1096 4180 οἶμαι
1130 4103 1230 4173 τὶς
1280 4109 1540 4178 δυνάμεις
1598 4108 1708 4162 τῶν
1764 4111 1925 4181 ούρα-

2102 4111 2178 4164 lbi
2222 4111 2465 4164 arbitror
2517 4118 2572 4164 et
2619 4109 2875 4163 ccelestes
2913 4123 3105 4162 omnes
3145 4113 3446 4176 potestates
3490 4122 3618 4159 cum

335 4203 454 4256 νῶν
475 4201 709 4274 ὁρώσας,
749 4203 842 4256 τὸν
873 4202 967 4255 τού
1011 4203 1222 4271 ἀγῶνος
1262 4202 1664 4273 ᾠκτειρηκέναι
1709 4205 1932 4275 τρόπον.

2044 4203 2296 4258 viderent
2319 4201 2641 4257 certaminis
2681 4199 2929 4264 modum,
2965 4199 3255 4252 miseratas
3273 4214 3418 4251 esse.
3450 4195 3526 4250 lbi
3566 4203 3622 4250 et

420 4405 532 4475 (f5)
555 4403 676 4458 Τῶν
698 4401 1086 4470 ἐστρωμένων
1115 4402 1402 4456 ἐπιϐαίνει
1430 4402 1646 4475 ξύλων.
1679 4401 1930 4456 Nondum

2046 4405 2228 4475 pisces
2257 4399 2598 4475 grandiores,
2656 4399 2758 4475 ipsi
2815 4413 3060 4475 voraces,
3111 4404 3336 4475 ut__erat
3390 4395 3632 4450 nocendi;

345 4469 558 4532 scilicet
582 4488 814 4526 accensa
865 4469 1033 4542 pyra:
1092 4476 1237 4542 qno'l
1293 4475 1458 4525 etiam
1522 4472 1787 4542 Metaphr.
1818 4475 1893 4526 ait
1922 4491 1936 4539 ;
1972 4479 2016 4535 D
2044 4469 2221 4529 solers
2255 4469 2318 4526 ac
2335 4474 2552 4525 curiosa
2584 4470 2765 4542 omnis
2795 4469 3009 4542 generis
3042 4470 3233 4542 bestiis
3279 4482 3424 4542 ctera
3476 4482 3620 4534 gena

343 4547 605 4614 quodque
637 4543 833 4596 desunt
866 4541 1074 4602 Graeca,
1124 4541 1314 4594 Latina
1365 4541 1717 4611 reprtescnto,
1752 4542 1934 4611 Lignis

347 4626 526 4670 autent
556 4614 661 4676 iam
688 4614 994 4673 substratis,
1021 4622 1243 4665 tortores
1288 4622 1344 4663 ut
1392 4614 1761 4667 conscenderet
1793 4630 1934 4680 prw-

348 4691 650 4753 ceperunt:
709 4683 1010 4735 conscendit
1057 4681 1179 4753 illa,
1228 4683 1378 4750 signa
1437 4699 1491 4738 se
1537 4685 1712 4736 crucis
1757 4685 1933 4736 consi-

348 4751 522 4826 gnans
548 4769 565 4808 :
589 4753 672 4806 illi
703 4751 1244 4826 igrieiu_acc_endunt,
1299 4761 1429 4817 etc.,
1469 4753 1571 4826 ubi
1610 4754 1744 4826 nihil
1775 4763 1933 4808 extra

353 4821 626 4887 ordinem,
653 4832 831 4892 etquo
859 4822 961 4876 sibi
997 4821 1251 4876 Tbeclam
1311 4838 1498 4876 necem
1561 4823 1813 4878 intulisse
1850 4826 1934 4876 vi-

351 4899 568 4949 deatur.
602 4895 693 4946 Sic
725 4893 869 4945 enim
907 4893 1153 4961 quotidie
1183 4893 1452 4960 jubentur
1495 4892 1593 4952 rei,
1631 4910 1753 4963 qua:
1791 4903 1928 4947 sunt

355 4964 658 5018 iub-renda:
685 4965 802 5016 neci
843 4965 1060 5031 przcvia,
1093 4964 1194 5030 ipsi
1222 4972 1502 5032 prtestare,
1531 4971 1930 5032 pt'testantque,

354 5035 577 5088 nemine
609 5050 719 5086 rem
763 5030 979 5086 crimini
1041 5033 1227 5084 dante.
1291 5034 1357 5082 At
1407 5030 1572 5086 Basil.
1647 5034 1698 5084 in
1760 5030 1932 5101 ipsum

349 5106 464 5173 jim
503 5106 555 5155 in
587 5104 821 5156 Slllillllll‘.
858 5102 1089 5173 ⁸ριιιειιηι
1131 5102 1403 5173 flainmam
1442 5102 1706 5156 insiliisse
1740 5113 1936 5156 auctor

355 5170 462 5238 est,
487 5183 824 5239 excusatque
858 5170 1124 5224 Paulinus
1159 5172 1408 5238 exemplo
1458 5173 1688 5225 aliarum
1722 5183 1936 5226 sancta-

358 5261 478 5297 rum
538 5243 851 5299 mulicrum,
913 5258 1034 5309 qua:
1090 5241 1327 5309 Spiritus
1408 5242 1584 5294 sancti
1674 5243 1934 5296 instinctu

361 5312 585 5384 perinde
615 5329 672 5366 se
710 5315 761 5364 in
795 5313 971 5384 ignem
1025 5320 1118 5362 aut
1169 5327 1365 5384 aquam
1395 5319 1590 5384 sponte
1627 5313 1936 5384 praecipites

359 5381 679 5438 dederunt:
757 5383 957 5448 quibus
1015 5382 1272 5433 ontnibus
1339 5382 1640 5447 prmivisset
1711 5381 1935 5448 Thecla,

363 5463 595 5520 utroque
618 5454 888 5520 exemplo,
914 5452 957 5505 si
989 5466 1114 5503 vera
1154 5451 1240 5502 hic
1269 5449 1336 5503 de
1394 5450 1515 5517 igne
1567 5451 1767 5505 Basilio
1809 5468 1935 5504 nar-

362 5535 478 5576 rata
509 5541 523 5576 :
562 5538 686 5574 nam
711 5524 776 5572 de
805 5525 921 5572 lacu
969 5529 1305 5572 conveniunt
1357 5535 1566 5579 omnes.
1602 5535 1660 5574 se
1696 5522 1748 5574 in
1785 5523 1936 5575 illum

362 5592 692 5663 praecipitem
724 5590 959 5651 dedisse,
999 5589 1050 5641 in
1092 5605 1199 5663 quo
1225 5600 1347 5663 eta
1387 5589 1576 5663 phocis
1609 5597 1744 5663 toret
1771 5594 1938 5663 devo-

367 5659 578 5726 i'amla’;
625 5674 967 5729 quaecunque.
1020 5659 1237 5711 tandem
1297 5659 1403 5711 illa:
1456 5661 1642 5727 phocae
1689 5662 1935 5714 fuerint:

365 5731 659 5802 grandiora
682 5731 827 5802 enim
859 5737 977 5802 cete
1019 5738 1073 5783 et
1117 5729 1499 5802 balenas,qutc
1529 5738 1659 5802 sunt
1692 5740 1934 5802 Innnstra

369 5798 602 5860 marina,
640 5800 694 5853 in
737 5801 886 5853 brevi
943 5801 1061 5851 lacu
1095 5807 1148 5852 ct
1185 5807 1376 5866 stagno
1431 5798 1496 5850 ad
1550 5799 1725 5863 ipsum
1778 5801 1937 5852 tbca-

371 5883 538 5938 trum,
580 5885 687 5924 non
723 5871 972 5924 videntcr
1020 5869 1222 5925 servari
1266 5869 1529 5936 potuisse.
1566 5868 1789 5925 Fuerint
1844 5870 1934 5922 alii

2042 4547 2235 4604 tilitas,
2265 4558 2438 4610 eoque
2460 4539 2774 4607 Spectaculo
2815 4541 3022 4610 insana:
3074 4540 3244 4610 plebis
3291 4541 3348 4610 in
3410 4541 3636 4610 magns

2039 4607 2628 4683 quibusqueurbibus,
2659 4611 2838 4683 qualis
2866 4609 3194 4683 ᾼιιι-ἱ-υςτιιὶει,Δ
3212 4607 3460 4683 Orientis
3487 4623 3624 4683 ocu—

2037 4678 2142 4747 lus,
2183 4678 2372 4737 oculos
2402 4678 2690 4750 pascebat.
2715 4681 2831 4747 Ipsa
2863 4678 3049 4732 Basilii
3088 4679 3245 4730 verba
3284 4678 3426 4728 haud
3480 4679 3618 4750 satis

2042 4745 2351 4808 consonare
2382 4745 2676 4815 videntur;
2705 4745 2894 4817 sicque
2940 4765 3050 4801 rem
3101 4758 3305 4809 narrat,
3345 4745 3634 4817 quomodo.

2039 4838 2200 4878 nemo
2229 4837 2363 4878 sane
2413 4829 2620 4888 gestam
2685 4816 2995 4887 putaverit:
3047 4818 3272 4888 Πάντων
3330 4816 3635 4888 τοιγαρούν-

2039 4891 2377 4961 πανταχόθεν
2407 4885 2540 4954 ξύλα
2575 4885 3073 4961 συμφορησάντων,
3127 4887 3218 4938 καὶ
3249 4888 3403 4961 τῆς-
3426 4885 3626 4952 φλογὸς

2036 4965 2116 5026 εἰς
2147 4955 2309 5014 αὐτὸν
2379 4961 2471 5013 τὸν
2506 4955 2701 5028 αἰθέρα
2753 4955 3192 5028 κορυφωθείσης,
3245 4955 3502 5028 ἐπιϐῆναι
3533 4972 3620 5007 κε-

2037 5025 2339 5100 λεύεταιτῇ
2373 5029 2546 5093 οὕτως
2586 5025 2994 5100 ἐκφλογωθείσῃ
3031 5027 3198 5096 πυρᾷ.
3240 5025 3439 5100 Ligur!
3499 5041 3628 5078 conn

2041 5104 2179 5170 ferta
2211 5095 2443 5155 omnium
2479 5116 2638 5168 opera
2675 5099 2904 5167 undique
2932 5095 3300 5170 comportatis,
3321 5106 3368 5148 et
3403 5095 3629 5170 ﬂamma

2041 5165 2092 5225 in
2126 5175 2295 5239 ipsum
2338 5171 2457 5239 jam
2506 5165 2706 5222 (ethera
2751 5165 2862 5221 sese
2923 5167 3254 5239 sustollent_e_,
3301 5181 3489 5239 pyram
3539 5165 3626 5239 fit

2039 5233 2399 5312 ﬂammantem
2426 5241 2568 5308 virgo
2600 5239 2904 5312 inscendere
2924 5239 3163 5304 jubetur.
3205 5233 3349 5288 Non?
3381 5235 3483 5312 hoc
3533 5233 3622 5312 inv

2043 5302 2173 5366 bent
2224 5302 2534 5371 carnilices',
2563 5325 2660 5362 nec
2689 5324 2818 5360 Vero
2850 5302 3148 5360 humanum
3197 5315 3281 5359 est
3336 5302 3480 5372 quod
3535 5305 3623 5367 jn-

2041 5384 2153 5436 beri
2189 5381 2383 5432 ticbeal
2416 5396 2430 5438 ξ
2467 5381 2558 5433 Sed
2589 5380 2689 5446 ipsi
2728 5379 3112 5445 praecipitant,
3144 5375 3244 5428 etsi
3285 5376 3617 5443 quandoque

2041 5454 2258 5506 illorum
2290 5449 2396 5502 vim
2437 5450 2713 5503 nonnulla:
2739 5456 2943 5501 sancta:
3003 5447 3260 5499 mulieres
3327 5457 3626 5509 occupave-

2041 5521 2242 5584 vcrint,
2279 5519 2468 5586 sicque
2509 5527 2700 5586 parato
2722 5533 2852 5584 rogo
2913 5518 3044 5586 ipsa;
3099 5521 3444 5586 spontenorr
3488 5512 3618 5586 ουδ-

2040 5607 2155 5662 que
2189 5580 2431 5662 ipsorum
2470 5580 2736 5662 tortorum
2778 5580 3003 5654 stupore
3031 5580 3264 5662 inuillum
3301 5580 3617 5662 insilieriut,

2044 5651 2101 5714 ut
2128 5651 2509 5725 dc'Apollonia
2543 5658 2785 5726 graviter
2833 5651 3019 5726 narrat
3065 5652 3286 5721 Dionys.
3320 5651 3618 5705 Alexandr.

2042 5722 2318 5784 ref-Hunc
2348 5743 2410 5779 ex
2447 5722 2569 5780 illo'
2596 5725 2884 5779 Eusebius.
2933 5722 3110 5775 Etiam
3159 5736 3319 5778 nemo
3375 5731 3627 5776 veterum

2047 5799 2194 5855 istud
2221 5793 2435 5852 Thcclar
2460 5797 2690 5849 adduxit
2721 5795 2775 5848 in
2799 5793 3129 5863 cxctnpluiu.
