4040 6420
246 408 326 470 3:2
343 407 365 471 l

1171 405 1456 465 ORATIO
1492 404 1651 464 XVI.
1694 427 1758 439 -
1790 399 1869 461 ΙΝ
1915 399 2226 459 LAUDEM
2258 400 2318 459 S.
2361 400 2700 460 THECLE.

3459 399 3564 462 322

248 526 319 578 τέ
331 543 421 597 ρῳ
437 526 551 581 τινὶ
570 524 763 591 δέοντι,
788 523 881 576 καὶ
906 519 1000 574 τοῦ
1023 518 1272 591 σώματος
1290 519 1390 587 τὴν
1403 517 1587 587 ἀκμὴν
1608 513 1885 585 σφριγῶν-

1988 519 2313 565 aestuantem
2354 513 2644 581 quemdau
2672 514 2952 581 juvenem,
2986 521 3290 583 vegetoque
3331 528 3565 584 corpore.

251 636 316 671 τι
331 637 409 671 πε
420 619 687 691 ριπίπτει.
708 616 764 669 Ὀ
788 609 932 684 δὲῆν
956 613 1126 683 Σύρος
1154 612 1249 682 μὲν
1273 611 1351 681 τῷ
1374 611 1541 679 γένει,
1557 606 1880 676 Ἀντιοχέων

254 708 325 762 δὲ
354 710 583 779 πρῶτος
601 725 616 738 ·
640 706 997 774 Ἀλέξανδρος
1019 704 1078 758 δὲ
1090 702 1331 772 τοῦνομα
1356 719 1369 731 ·
1397 694 1550 763 οὗτος
1574 699 1641 752 δι’
1675 699 1879 768 ὀφθαλο

258 799 398 868 μῶν
418 799 680 861 ἑαλωκὼς
709 797 808 867 τῆς
839 796 1031 866 κόρης,
1064 794 1163 847 καὶ
1188 794 1304 856 ὃλος
1326 790 1417 845 τοῦ
1432 792 1631 860 ἔρωτος
1655 790 1881 860 γενόμεα

252 906 361 954 νος
415 890 590 961 (δεινὴ
619 889 729 959 γὰρ
742 888 881 941 νέων
903 886 1026 956 ὄψις
1042 885 1355 945 ἀκόλαστος,
1374 881 1434 933 τὸ
1457 880 1769 951 προσπεσὸν
1792 878 1881 932 αὖα

247 982 328 1051 τῇ
346 980 558 1041 κάλλος
587 975 701 1032 οἷόν
729 995 783 1030 τι
806 976 1222 1046 γλυκερώτατον
1253 972 1402 1043 βέλος
1415 975 1530 1034 τοῖς
1546 971 1766 1041 βάθεσιν
1783 972 1878 1037 ὲγ-

250 1073 661 1142 κατασπεῖραι
683 1069 785 1137 τῆς
823 1067 1095 1136 καρδίας).
1142 1064 1356 1135 πρῶτον
1407 1063 1506 1132 μὲν
1568 1062 1878 1132 ὲξελιπάρει

254 1164 517 1227 Παῦλον,
554 1162 724 1232 μυρία
746 1160 916 1231 δῶρα,
956 1159 1024 1212 τὰ
1057 1158 1156 1229 μὲν
1193 1157 1389 1210 αὐτίκα
1440 1155 1640 1221 διδοὺς,
1694 1157 1763 1208 τὰ
1820 1154 1878 1208 δὲ

258 1255 781 1324 ἐπαγγελλόμενος,
824 1253 878 1306 ετ
932 1268 995 1319 γε
1053 1250 1227 1319 τούτῳ
1279 1251 1530 1318 γαμετὴν
1583 1248 1877 1318 ἐπιτρέψαι

261 1349 493 1402 λαϐεῖν.
526 1347 631 1400 Τὸν
656 1346 735 1409 δὲ,
772 1342 1043 1415 μηδεμίαν
1072 1342 1218 1411 ἔχειν
1265 1342 1346 1403 εἰς
1394 1340 1567 1407 αὐτὴν
1623 1337 1876 1402 ἐξουσίαν

265 1436 686 1507 ἀποκρίνασθαι
712 1453 726 1467 ·
776 1434 935 1489 ἄλλου
970 1433 1079 1504 γὰρ
1123 1428 1283 1495 εἷναι,
1322 1433 1418 1484 καὶ
1476 1431 1622 1500 ἄλλῳ
1673 1428 1877 1498 καθηρ-

273 1528 510 1598 μὸσθαι.

349 1620 423 1671 Τί
448 1617 540 1671 οὖν
561 1619 589 1669 ὁ
609 1616 857 1677 νεανίας;
889 1613 1180 1666 Δύσοιστον
1208 1613 1319 1683 γάρ
1345 1613 1373 1665 ὁ
1407 1611 1547 1681 ἔρως
1578 1626 1591 1640 ·
1619 1611 1873 1679 νεότητος

259 1711 344 1777 δὲ,
376 1713 477 1765 καὶ
505 1709 672 1778 τύφου
703 1709 795 1760 καὶ⁵
827 1705 1081 1776 ποικίλης
1123 1706 1335 1776 τρυφῆς
1366 1702 1662 1773 ἐπιτυχὼν,
1723 1704 1872 1770 γίνε-

261 1821 362 1855 ται
405 1800 748 1859 ἀνύποιστος.
796 1798 966 1868 Ὥραν
1017 1793 1130 1861 οὖν,
1179 1797 1256 1856 ὼς
1320 1796 1595 1865 ενόμιζεν,
1652 1794 1871 1847 εὔθετον

1987 604 2378 668 luxuriantem,
2404 604 2614 659 incidit.
2645 603 2777 659 Erat
2802 605 2870 669 is,
2907 602 3081 677 Syrus
3113 621 3337 676 genere,
3370 606 3565 661 Antin-

1983 695 2283 749 clienorum
2324 696 2560 764 primus,
2618 695 2932 751 Alexander
2956 696 3200 752 nomine.
3234 696 3335 752 Hic
3371 698 3565 767 puella:

1981 793 2178 856 captus
2234 786 2434 852 oculis,
2469 796 2728 857 totusque
2780 802 2968 842 amore
3021 789 3283 843 incensus
3328 789 3567 857 (validus

1980 880 2127 934 enim
2183 880 2499 949 impudicus
2527 881 2793 951 juvenum
2849 888 3128 951 aspectus,
3182 888 3241 934 ιιι
3292 882 3562 951 objectam

1983 971 2477 1036 pulchritudinem.
2517 971 2666 1027 velut
2698 972 3080 1027 dulcissimum
3131 970 3410 1040 quoddam
3448 972 3564 1040 spi--

1978 1063 2162 1117 culum
2183 1062 2306 1118 imis
2329 1065 2519 1133 inligat
2543 1065 2725 1120 cordis
2749 1063 3171 1134 penetralibus),
3192 1064 3429 1132 primum
3453 1063 3565 1131 qui-

1978 1154 2100 1209 dem
2132 1153 2361 1207 Paulum
2405 1156 2721 1221 obsecrare,
2758 1171 2865 1226 qua
2899 1156 3082 1211 statim
3112 1157 3399 1211 innumera
3425 1169 3567 1223 pra:-

1975 1248 2112 1302 beus
2169 1263 2420 1313 munera,
2463 1264 2568 1318 qua
2607 1257 2663 1304 et
2728 1249 2863 1303 dare
2892 1249 3190 1318 pollicitus,
3252 1248 3298 1303 si
3327 1247 3490 1301 modo
3516 1247 3564 1300 ei

1975 1341 2266 1410 conjugem
2305 1339 2563 1395 Ttieclam
2599 1342 2962 1411 permitteret.
3022 1341 3100 1395 Ad
3134 1356 3296 1411 quem
3340 1339 3566 1402 Paulus,

1974 1433 2096 1498 ejus
2128 1433 2231 1487 sibi
2280 1435 2487 1487 nullam
2521 1450 2647 1489 esse
2685 1444 3042 1503 potestatem;
3081 1433 3147 1488 ad
3182 1434 3349 1487 alium
3405 1447 3567 1504 spec-

1976 1535 2111 1588 tare,
2140 1538 2302 1594 atque
2334 1527 2422 1579 alii
2452 1527 2846 1596 desponsatam
2880 1541 3025 1581 esse.

2044 1617 2184 1682 Quid
2223 1618 2392 1685 igitur
2446 1618 2709 1685 juvenis?
2770 1617 2862 1671 Est
2919 1618 3065 1673 enim
3116 1631 3273 1670 amor
3306 1631 3394 1671 res
3423 1632 3567 1687 aegre

1974 1708 2309 1773 tolerabilis;
2338 1709 2426 1762 ubi
2448 1724 2575 1763 vero
2600 1709 2941 1777 iuventutem
2982 1717 3034 1761 et
3062 1708 3374 1778 superbiam
3403 1708 3568 1761 varii-

1971 1815 2081 1867 que
2136 1800 2353 1869 generis
2405 1800 2631 1856 delicias
2687 1808 2881 1854 nactus
2942 1800 3125 1865 fuerit,
3188 1800 3564 1854 intolerabilis.

262 1891 712 1962 ὲπιτετηρηκὼς,
764 1891 928 1953 αὐτὸς
963 1889 1101 1960 αὐτῇ
1129 1890 1216 1941 ,ἐν
1273 1888 1503 1958 ἀμφόδῳ
1543 1887 1651 1940 τινὶ
1709 1903 1870 1954 περι·-

1982 1892 2272 1947 Dbservata
2335 1892 2521 1963 igitur,
2577 1900 2634 1945 ut
2664 1891 3037 1957 existimabat,
3071 1900 3376 1960 opportuna
3428 1900 3569 1944 teni-

263 1987 566 2038 επλέκετο.
621 1984 841 2052 Ἐκείνη
898 1981 958 2035 δὲ
1004 1982 1088 2049 τι;
1129 1981 1351 2053 Πρῶτον
1405 1981 1503 2049 μὲν
1529 1981 1645 2043 τοῖς
1692 1979 1874 2047 λόγοις

263 2075 629 2147 ἀπημύνετο,
660 2076 759 2128 καὶ
789 2074 890 2145 τὴν
915 2076 1188 2145 ἀκρασίαν
1215 2072 1309 2126 τοῦ
1336 2073 1480 2134 νέου,
1508 2072 1604 2126 καὶ
1628 2073 1727 2142 τὴν
1750 2072 1881 2125 ἀκό-

270 2170 476 2221 λαστον
502 2166 807 2237 ἀνεχαίτιζε
848 2164 1175 2236 προσϐολὴν,
1208 2163 1305 2232 Μὴ
1347 2164 1585 2230 βιάζου,
1618 2163 1879 2232 λέγουσα,

270 2261 401 2328 τὴν
432 2260 619 2327 ξένην·
650 2274 664 2290 ·
683 2259 769 2328 μὴ
800 2257 1172 2323 ἀπαιδεύτως
1204 2257 1534 2310 ἑπιτίθεσο.
1570 2256 1875 2310 ’Ῑκονιέων

273 2355 400 2423 εἰμὶ
430 2352 652 2421 πρώτη,
676 2352 774 2406 καὶ
810 2350 1145 2421 γαμηθῆναι
1168 2348 1249 2415 τῷ
1275 2348 1484 2416 πρώτῳ
1512 2348 1622 2418 τῆς
1646 2349 1881 2415 πόλεως

271 2447 446 2511 οὺβο
455 2445 736 2514 υλομένη,
757 2443 873 2498 τῶν
892 2444 1127 2498 οἰκείων
1142 2442 1447 2510 ἀπῶσμαι·
1467 2442 1884 2507 ἀλλίὶπόστη-

270 2543 357 2602 θι,
391 2538 685 2605 ἄνθρωπε.
719 2537 868 2590 Θεοῦ
889 2536 1159 2604 ὑψίστου
1213 2535 1406 2602 δούλη
1459 2535 1582 2603 είμί
1606 2548 1620 2562 '
1648 2531 1883 2601 Χριστῷ

267 2627 925 2699 κατεγγύημαι-Ἰησοῦ
951 2642 966 2658 ο
1001 2624 1231 2695 Χριστῷ
1254 2625 1734 2696 μεμνήστευμαι.
1784 2623 1881 2691 Μὴ

264 2724 523 2791 ἐνόχλει
544 2721 878 2791 τοιγαροῦν.
896 2719 991 2788 Μὴ
1009 2718 1190 2789 πειρῶ
1211 2720 1400 2788 θίγειν
1415 2718 1521 2773 τοῦ
1535 2718 1632 2772 σοὶ
1643 2717 1729 2787 μὴ
1742 2719 1883 2771 κοθ-

262 2815 560 2881 ήκοντος.
583 2815 677 2883 Μὴ
698 2812 879 2883 πειρῶ
899 2814 1121 2882 ψαύειν
1134 2813 1458 2882 ἀψαύστου
1475 2809 1774 2881 σώματος,
1797 2811 1881 2880 μή

265 2907 434 2962 ποτέ
450 2922 553 2961 σοι
580 2906 972 2976 μεταμελτζσῃ
992 2904 1102 2972 τῆς
1119 2904 1406 2970 ὰναιδοῦς
1430 2902 1882 2972 ἐπιχειρήσεως.

264 3001 439 3071 Καλή
464 2999 564 3069 μὲν
578 2998 769 3053 ταῦτα.
788 2997 846 3050 '0
858 2997 914 3051 δὲ
931 2997 1107 3067 εἴχετο
1133 2997 1496 3067 κατακρὰτος.
1514 2996 1579 3048 Ἦ
1599 2995 1655 3047 δὲ
1670 2994 1883 3062 τὺνΊη·

270 3091 417 3144 σοῦν
450 3090 917 3160 ἐπικαλεσαμένη,
947 3089 1258 3159 περισχίςει
1288 3089 1386 3157 μὲν
1421 3085 1571 3155 αὐτῷ
1604 3086 1703 3156 τὴν
1747 3084 1882 3155 χλαο

276 3185 437 3255 μύδα
466 3203 483 3218 θ
519 3183 791 3247 ἀκοντίζει
818 3183 873 3235 δὲ
908 3184 1001 3235 καὶ
1025 3182 1115 3235 τὸν
1139 3183 1404 3249 στέφανον
1435 3181 1542 3233 ἀπὸ
1574 3179 1676 3248 τῆς
1702 3193 1880 3246 κεφαο

1980 1986 2128 2054 poris
2189 1988 2347 2051 liora,
2381 1987 2435 2039 in
2470 1987 2710 2054 compito
2737 1985 2978 2054 quodam
3014 1985 3131 2053 ipse
3164 1984 3238 2037 illi
3275 1985 3569 2053 congredi-

1978 2087 2088 2132 tur.
2145 2079 2286 2143 Quid
2348 2092 2479 2131 νει-ο
2535 2077 2672 2131 illa?
2722 2077 2967 2132 Primum
3019 2076 3237 2146 quidem
3298 2091 3357 2129 sc
3391 2076 3570 2130 verbis

1982 2179 2189 2233 tuetur,
2224 2180 2388 2239 atque
2442 2171 2896 2240 intemperantem
2927 2169 3300 2236 lascivamque.
3332 2168 3570 2222 retundit

1975 2260 2196 2330 juvenis
2245 2262 2561 2316 audaciam.
2597 2261 2681 2315 Ne
2713 2262 2840 2328 vim,
2875 2261 3075 2330 inquit,
3107 2262 3330 2330 hospitae
3359 2260 3567 2329 feceris.

1984 2352 2068 2406 Ne
2136 2367 2372 2418 proterve
2432 2353 2708 2408 insilieris.
2773 2352 3138 2408 lconiensium
3201 2354 3374 2421 prima
3427 2369 3568 2416 sum,

1981 2446 2218 2515 quodque
2276 2445 2468 2499 nollem
2526 2446 2687 2513 primi
2737 2446 2966 2500 civitatis
3023 2446 3220 2514 nuptiis
3278 2445 3569 2515 implicari,

1980 2539 2139 2590 domo
2185 2538 2406 2603 expulsa
2459 2553 2599 2590 sum.
2660 2535 2858 2590 Verum
2912 2538 3154 2603 abscede,
3211 2538 3365 2593 homo
3399 2553 3418 2592 :
3470 2536 3572 2590 Dei

1983 2628 2235 2682 altissimi
2298 2628 2498 2682 ancilla
2574 2645 2725 2694 sum;
2786 2628 3000 2683 Christo
3080 2630 3341 2684 obstricta
3407 2645 3570 2696 sum;

1982 2717 2192 2774 Christo
2224 2736 2341 2772 sum
2375 2721 2716 2789 desponsata.
2759 2719 2841 2775 Ne
2876 2723 3059 2792 itaque
3089 2722 3394 2776 molestiam
3426 2721 3569 2791 fece-

1984 2813 2077 2865 ris.
2117 2810 2197 2865 Ne
2232 2822 2395 2866 tentes
2420 2813 2700 2883 attingere,
2738 2814 2878 2880 quod
2904 2814 2974 2865 ad
3006 2822 3055 2868 te
3090 2830 3191 2866 non
3228 2814 3438 2867 attinet.
3485 2809 3571 2866 Ne

1984 2905 2238 2957 intactum
2260 2920 2450 2973 corpus
2477 2909 2686 2958 coneris
2718 2906 3038 2975 contingere,
3066 2921 3129 2958 ne
3168 2915 3217 2958 te
3250 2905 3391 2973 forte
3413 2915 3572 2959 teme-

1985 2998 2147 3050 raria
2187 2998 2542 3066 aggressionis
2560 2998 2834 3064 paeniteat.
2861 3000 3036 3066 Atque
3062 2998 3177 3052 haec
3207 2997 3568 3066 quidemilla:

1985 3087 2034 3141 is
2090 3104 2221 3142 vero
2257 3090 2388 3142 totis
2451 3088 2660 3142 viribus
2700 3088 2962 3143 instabat.
2996 3087 3136 3143 Tum
3176 3090 3348 3158 virgo,
3384 3088 3572 3143 Jesuui

1985 3178 2269 3234 invni-aus.
2312 3180 2462 3232 illius
2501 3179 2763 3234 discindit
2789 3180 3156 3250 chlamydem,
3186 3196 3365 3249 eique
3391 3182 3573 3249 cupito

273 3278 389 3347 λῆς
420 3294 436 3308 ο
474 3277 820 3331 ὑπεκδύνασα
847 3276 904 3329 δὲ
925 3275 1034 3328 τῶν
1067 3274 1270 3346 χειρῶν
1298 3275 1396 3337 τὰς
1425 3273 1620 3334 λαϐὰς.
1661 3272 1877 3340 ἀφῆκεν

1984 3287 2244 3327 coronam
2303 3273 2533 3337 excutit,
2561 3288 2732 3343 seque
2767 3272 3010 3327 tenentis
3069 3275 3323 3328 manibus
3356 3274 3571 3329 subdu-

273 3370 455 3423 αὐτὸν
478 3371 557 3431 εἰς
582 3372 685 3438 γῆν
717 3366 1076 3437 ἀπωσαμένη.
1149 3366 1208 3419 '0
1237 3364 1293 3417 δὲ
1333 3364 1433 3435 τὴν
1480 3364 1745 3433 αἰσχύνην
1792 3361 1872 3432 τῷ

271 3461 496 3531 φίλτρῳ
539 3460 936 3530 κερασάμενος,
998 3459 1092 3511 καὶ
1143 3456 1358 3529 βαρέως
1421 3453 1741 3524 ἐζηλωκὼς,
1796 3453 1875 3524 τῷ

270 3552 518 3625 ἡγεμόνι
536 3553 638 3623 τῆς
674 3552 883 3614 πόλεως
912 3548 1199 3620 ἐμφανίζει
1225 3552 1345 3603 κατ’
1373 3548 1564 3618 αὐτῆς.
1626 3548 1875 3617 Ἐρωτω-

271 3645 459 3715 μένης
480 3643 558 3709 δὲ,
592 3644 685 3696 καὶ
745 3642 1115 3712 ὁμολογούσης
1153 3640 1296 3695 οὕτω
1341 3639 1682 3711 δεδρακέναι,
1740 3655 1874 3692 κατ-

264 3740 471 3810 ἐκρινε
498 3736 706 3809 θηρίοις
735 3735 1093 3805 παραϐαλεῖν.

355 3918 455 3980 Τίς
484 3917 584 3969 οὐκ
611 3915 937 3980 ὲπεστέναξε
963 3900 1078 3978 τοῖς
1100 3915 1479 3986 κεκριμένοις;
1527 3913 1624 3976 Τίς
1652 3913 1732 3984 τῷ
1779 3914 1877 3967 ἀν-

259 4011 417 4079 οσίῳ
454 4010 551 4080 τῆς
574 4009 808 4075 κρίσεως
838 4009 940 4061 οὐκ
962 4007 1402 4075 ἐπεστύγνατενς
1460 4007 1709 4078 Ἄνδρες,
1773 4023 1870 4074 γυ-

262 4106 496 4169 ναῖκες,
530 4103 625 4155 καὶ
650 4099 983 4154 πολῖταικαὶ
1020 4098 1182 4166 ξένοι,
1214 4100 1430 4154 ἀδικίαν
1467 4096 1609 4153 εἶναι
1638 4100 1699 4153 τὸ
1746 4098 1876 4169 δρώ-

267 4211 453 4265 μενον
485 4192 654 4245 ὲϐόων
692 4208 703 4220 ·
744 4192 914 4264 βίαιον
944 4192 1004 4245 τὸ
1029 4193 1208 4261 δόγμα
1240 4209 1254 4223 ·
1286 4192 1610 4263 τυραννικὸν
1664 4192 1725 4243 τὸ
1776 4193 1871 4259 ὲγ-

264 4304 338 4358 χε
352 4286 530 4354 ἔρημα
558 4301 571 4312 ’
603 4284 883 4353 βιάζεσθαι
919 4283 1208 4352 παρθένον,
1241 4283 1336 4337 καὶ
1362 4282 1534 4335 ταῦτα
1568 4282 1746 4351 ξένην,
1778 4282 1872 4334 καὶ

266 4377 461 4433 ταῦτα
478 4376 584 4428 τῶν
610 4375 907 4444 ἐπιφανῶν.
933 4374 1212 4429 καὶταῦτα
1238 4373 1346 4427 τῶν
1375 4373 1521 4427 ἰδίων
1547 4372 1701 4425 τοῦδε
1732 4372 1873 4424 εἵνε-

268 4487 386 4524 κεν
404 4468 793 4539 δεδιωγμένην.
812 4467 950 4520 Ἀλλ’
976 4468 1126 4538 ὅμως
1152 4466 1181 4517 ὁ
1215 4464 1565 4535 μακρόθυμος
1589 4464 1831 4534 ἠνείχετο
1854 4480 1868 4494 ·

269 4566 386 4619 καὶ
414 4565 516 4618 ὅσα
538 4565 673 4634 πρὸς
699 4565 857 4629 δόξαν
901 4562 1138 4625 οἰκείων,
1190 4559 1479 4631 πόρρωθεν
1535 4559 1873 4629 προητοιμὰ-

1979 3381 2134 3431 cens,
2172 3365 2297 3419 forti
2353 3367 2571 3436 repulsa
2602 3368 2721 3421 solo
2772 3373 3005 3422 stratum
3046 3366 3329 3434 relinquit.
3363 3367 3432 3419 At
3483 3367 3575 3421 ille

1980 3460 2238 3525 probrum
2288 3459 2489 3526 philtro
2546 3459 2937 3524 commiscens,
2990 3459 3254 3529 gravique
3331 3459 3574 3529 percitus

1977 3549 2328 3604 annulatiunc
2379 3564 2497 3602 eam
2526 3558 2755 3604 accusat
2784 3549 2936 3604 urbis
2990 3551 3234 3618 prasidi.
3270 3550 3575 3618 Interroga-

1978 3650 2087 3693 tnni
2124 3657 2271 3706 vero,
2307 3658 2371 3696 ac
2403 3657 2527 3696 cum
2561 3644 2641 3697 sic
2678 3641 2880 3697 fecisse
2907 3642 3191 3704 fateretur,
3228 3642 3423 3697 bestiis
3466 3642 3571 3696 ob-

1973 3734 2269 3803 jwiendum
2324 3736 2430 3787 lata
2491 3736 2545 3788 in
2606 3750 2728 3790 eam
2806 3734 3080 3789 sententia
3135 3737 3571 3805 prmsesdecer-

1979 3829 2085 3879 nit.

2051 3919 2184 3984 Quis
2243 3936 2353 3972 non
2415 3920 2492 3973 rei
2574 3920 2833 3990 iudicatae
2881 3919 3205 3988 indignitate
3266 3919 3575 3989 ingemuit?

1976 4010 2112 4075 Quis
2144 4026 2251 4061 nun
2284 4010 2576 4063 scelestum
2601 4010 2871 4079 judicium
2910 4010 3040 4063 illud
3073 4026 3216 4079 aegre
3240 4009 3407 4064 tulit?
3436 4008 3573 4075 Viri,

1976 4102 2253 4161 mulieres,
2288 4101 2434 4154 cives
2463 4103 2666 4167 pariter
2691 4110 2855 4168 atque
2879 4101 3144 4171 li'ospites,
3178 4102 3426 4169 iniquum
3451 4118 3575 4157 esse

1982 4191 2129 4261 quod
2172 4192 2489 4262 gerebatur,
2523 4192 2978 4258 Conclamarunt;
3034 4192 3332 4245 violentum
3381 4189 3576 4245 decre—

1975 4296 2111 4350 tum,
2140 4289 2478 4357 tyrannicam
2517 4288 2916 4358 aggressionem
2948 4306 2960 4341 :
3002 4288 3110 4341 vim
3143 4287 3327 4341 inferri
3350 4288 3573 4358 virgini,

1978 4379 2141 4447 idque
2196 4378 2430 4447 liospitm
2462 4378 2625 4449 idque
2667 4380 2866 4434 illustii
2900 4381 3069 4447 Stirpe
3098 4390 3260 4447 satae;
3296 4381 3455 4450 idque
3478 4381 3576 4434 de-

1974 4484 2123 4522 mum
2160 4484 2221 4524 ea
2243 4472 2308 4522 de
2329 4484 2494 4524 causa
2517 4471 2685 4539 patria
2704 4470 2912 4539 ejectae.
2933 4468 3131 4525 Verum
3155 4473 3460 4526 sustinebat
3478 4473 3573 4541 qui

1974 4561 2150 4629 longae
2181 4562 2452 4630 patientiae
2482 4571 2588 4626 est,
2618 4573 2939 4633 quantaque
2984 4564 3052 4617 ad
3091 4580 3317 4619 suorum
3341 4566 3571 4635 gloriam

270 4661 415 4724 ζετο
439 4676 451 4690 ·
484 4659 576 4711 καὶ
603 4659 637 4726 ή
664 4658 931 4730 παρθένος
960 4657 1021 4710 οὐ
1066 4653 1356 4725 καθυφῆκε
1413 4652 1492 4722 τῷ
1553 4652 1832 4723 προσώπῳ
1854 4668 1870 4684 ⁸

1982 4664 2187 4719 essent,
2220 4656 2408 4723 procul
2436 4655 2764 4712 instruebat.
2790 4657 2868 4710 Ac
2903 4659 3056 4726 virgo
3086 4673 3193 4711 non
3230 4657 3380 4711 vultu
3437 4674 3573 4713 con-

268 4754 346 4807 οὕ
373 4751 512 4821 πρὸς
548 4751 648 4821 τὴν
669 4751 776 4804 τῶν
804 4750 1034 4804 λεόντων
1069 4748 1316 4802 ὤκλασεν
1340 4745 1573 4815 ἀπειλήν
1599 4760 1615 4775 ⁸
1645 4745 1706 4797 οὐ
1737 4745 1875 4816 πρὸς

272 4847 387 4915 τὴν
422 4845 479 4911 ἐξ
509 4843 741 4914 οὐρανοῦ
792 4844 1113 4914 συμμαχίαν
1167 4841 1471 4895 ὲνεδοίασεν
1505 4856 1520 4870 ·
1579 4836 1872 4891 πεποιθυῖα

275 4937 339 4989 δὲ
386 4935 610 5005 μᾶλλον,
643 4936 737 4989 καὶ
771 4935 906 5004 πρὸς
930 4936 1020 4987 τὸν
1054 4933 1319 5004 ἀμίαντον
1362 4934 1425 4983 ἐκ
1467 4929 1641 4999 πυρὸς
1700 4930 1872 4998 αὐτὴν

279 5025 674 5081 ἀποϐλέπουσα
740 5024 1168 5095 διασωσάμενον,
1243 5020 1460 5090 πρῶτον
1526 5018 1626 5088 μὲν
1683 5017 1873 5090 λεαίνῃ

279 5208 497 5263 tatione
538 5211 819 5279 passionis
871 5207 1197 5279 perfuncta:
1233 5206 1517 5277 liberaque
1568 5206 1796 5261 dimissa
1849 5220 1879 5259 a

280 5275 800 5363 praeside,:P_aulum
834 5275 1038 5363 Myram
1073 5282 1139 5363 ii_i_
1177 5275 1361 5363 Lycia"
1404 5275 1593 5334 secuta
1665 5285 1878 5363 eratut!

283 5362 399 5416 quo
421 5349 738 5421 dimittitur,
769 5360 831 5404 ut
874 5347 987 5421 jam
1038 5348 1175 5421 satis
1222 5348 1664 5421 conlirniata,__n_e
1693 5348 1763 5401 sit
1800 5347 1878 5401 illi

285 5419 527 5486 amplius
550 5435 758 5485 comes,
801 5416 893 5475 sed
924 5421 976 5472 in
1014 5419 1243 5486 patriam
1278 5418 1520 5474 discedat
1563 5416 1749 5486 ibique
1780 5431 1880 5486 pro

285 5489 516 5543 modulo
548 5505 650 5545 suo
684 5505 970 5560 sexusque?
985 5490 1198 5560 ratione
1237 5489 1520 5560 Christum
1563 5491 1876 5560 annuntiet.

284 5559 422 5623 Quae
454 5562 639 5614 omnia
668 5562 722 5614 in
757 5557 908 5615 Actis
962 5559 1252 5613 habentur.
1280 5557 1458 5613 Vestis
1514 5557 1876 5611 mutationem

289 5630 462 5682 Semel
493 5637 548 5683 et
581 5634 778 5683 iterum
828 5631 1024 5685 merito
1083 5630 1393 5696 suppressit
1427 5627 1665 5681 Nicetas.
1699 5625 1876 5681 Graeci

292 5714 515 5770 quoque
580 5700 715 5754 nihil
758 5701 879 5770 ejus
941 5699 1267 5770 meminere.
1303 5698 1365 5770 Et
1409 5707 1557 5770 certe
1596 5697 1727 5770 quid
1789 5698 1880 5751 illa

297 5765 464 5823 restis
494 5772 747 5832 mutatio,
787 5765 935 5825 'cum
997 5767 1181 5823 statim
1241 5765 1590 5837 Antiochiam
1618 5765 1876 5837 ingressa

296 5840 496 5894 mulier
524 5841 707 5912 agnita
739 5841 834 5907 sit,
871 5840 977 5896 nisi
1012 5836 1369 5909 ingrediendo
1402 5836 1721 5893 muliebrem
1750 5839 1874 5894 cul-

1983 4744 2115 4797 eidit
2150 4762 2162 4797 :
2202 4745 2402 4799 nonad
2444 4746 2665 4800 leonum
2724 4746 2903 4802 minas
2945 4749 3189 4809 nutavit;
3233 4762 3339 4800 non
3375 4749 3441 4802 de
3478 4765 3573 4802 su-

1983 4851 2151 4906 perna
2179 4852 2280 4906 ope
2308 4837 2609 4903 dubitavit;
2638 4839 2772 4907 quin
2807 4840 2991 4907 potius
3036 4839 3234 4891 tlducia
3271 4840 3450 4907 plena,
3487 4840 3572 4892 in-

1979 4942 2086 4996 que
2101 4942 2224 4979 eum
2252 4927 2475 4981 intentis
2504 4930 2700 4991 oculis,
2733 4929 2823 4999 qui
2848 4945 2911 4984 ex
2942 4920 3569 4999 igne‘inrontaminatam

1985 5026 2321 5083 servaverat,
2383 5018 2621 5087 primum
2670 5021 2894 5090 quidem
2924 5034 3082 5074 saeva:
3137 5019 3319 5073 leam-aa
3353 5019 3571 5091 alligata

1981 5218 2092 5261 tum
2120 5208 2317 5263 iterum
2351 5206 2693 5277 resumpsit?
2737 5222 2859 5276 qum
2886 5206 3055 5276 gratis
3105 5207 3249 5262 dicta
3291 5209 3566 5263 videntur.

1982 5277 2177 5332 Datum
2216 5282 2380 5332 etiam
2424 5280 2640 5332 'l‘lieclie
2665 5286 2721 5329 ut
2755 5294 2918 5331 unam
2957 5282 3257 5332 alteramve
3280 5279 3561 5332 civitatem

1981 5349 2086 5403 sibi
2133 5358 2462 5412 assumeret,
2520 5348 2676 5417 quasi
2708 5349 3013 5417 apostolico
3050 5364 3278 5403 munere
3310 5349 3569 5403 erudien-

1978 5419 2126 5481 dam,
2157 5419 2313 5472 valde
2344 5420 2477 5473 milii
2518 5420 2714 5473 durum
2778 5427 2832 5472 et
2887 5418 3129 5470 alienum
3195 5432 3223 5470 a
3274 5417 3565 5486 disciplina

1977 5488 2715 5557 ecclesiasticaChristique
2751 5486 3100 5541 institutione
3129 5501 3169 5557 ς-
3194 5489 3298 5542 etsi
3331 5489 3460 5541 Acta
3493 5489 3565 5540 ita

1981 5558 2313 5628 signiﬁcent.
2346 5554 2689 5628 Videturque
2722 5573 2988 5628 pugnare,
3025 5554 3171 5624 quod
3188 5568 3378 5628 sancta
3414 5557 3566 5625 virgo

1983 5625 2248 5683 iii—monte
2263 5637 2418 5682 extra
2445 5625 2635 5682 urbem
2669 5625 2932 5680 Séledcim
2962 5629 3013 5679 in
3038 5625 3238 5694 angulo
3264 5642 3328 5682 ac
3346 5632 3565 5697 tugurio

1979 5699 2356 5762 consenuerit,
2399 5713 2575 5768 quam
2607 5711 2805 5768 pauca:
2851 5696 3067 5768 feminae
3105 5696 3423 5768 aegrotique
3453 5698 3570 5751 adi-

1979 5779 2291 5895 reptnolu
2350 5764 2472 5839 qua:
2497 5764 2633 5823 urbi
2653 5781 2714 5822 se
2779 5764 3095 5835 magistram
3141 5779 3207 5823 ac
3257 5764 3567 5839 apostolum

1979 5853 2048 5895 ex
2070 5855 2107 5894 ιι
2183 5854 2240 5895 re
2270 5876 2286 5893 .

1979 5840 2286 5895 exhiberet.
