4040 6438
480 413 584 477 323

1703 405 1785 467 NI
1791 405 1995 467 ΟΕΤιΕ
2028 400 2475 464 PAPHLAGON
2486 400 2554 460 lS

3728 388 3835 456 324

482 537 596 594 est;
631 524 790 595 cujus
814 522 1061 586 dorsum,
1085 518 1232 575 omni
1269 519 1443 589 major
1464 516 1827 573 admiratione
1857 514 2055 584 puella,

2180 510 2460 580 τροσεδὲθη
2492 511 2667 581 πικρᾷ
2687 526 2701 540 ⁶
2731 503 2799 581 ἧς
2829 507 2922 563 ἐπὶ
2951 508 3045 562 τὸν
3073 505 3258 561 νῶτον
3299 504 3445 577 (68)
3505 505 3546 576 ἠ
3602 504 3834 579 θαυμα-

482 622 630 674 velut
682 616 808 687 equi
840 615 982 669 lenis
1040 626 1373 676 conscensu,
1408 610 1489 666 sic
1544 610 1734 664 sedate
1769 622 1834 663 ac
1866 608 2060 661 incon-

483 726 646 767 cusse
674 708 996 764 vehebatur.
1030 704 1212 759 Bestia
1240 719 1394 766 vero,
1422 700 1581 771 quasi
1610 714 1767 754 suam
1803 699 1923 768 ipsa
1974 697 2063 751 in-

482 802 662 855 dolem
709 799 899 859 oblita,
944 795 1228 865 speciosos
1281 808 1347 848 ac
1407 790 1770 861 triumphales
1811 790 1977 859 pedes
2008 789 2064 858 (ο

485 890 849 945 miraculum!
880 904 913 943 ο
952 887 1137 958 populi
1169 885 1465 941 clamorem
1499 896 1564 936 ac
1610 880 1952 949 stuperent!)
1985 880 2064 933 le-

486 986 631 1039 niter
654 996 922 1036 conversa
944 979 1426 1048 circumlingebat,
1457 974 1533 1031 Ne
1561 975 1688 1045 quis
1717 973 2064 1055 verooincre-

488 1076 736 1129 dnhtatis
790 1076 875 1128 hic
927 1071 1351 1142 cogitationibus
1418 1067 1656 1123 fatiscat.
1713 1065 1850 1119 Cum
1917 1066 2066 1119 enim

492 1168 733 1235 Spiritus
756 1173 977 1219 sanctus
1002 1163 1249 1217 velutrex
1273 1174 1502 1227 magnus
1530 1174 1625 1228 per
1645 1166 1864 1212 sanctos
1891 1157 2064 1220 adest,

490 1258 912 1312 eoutremiscere
933 1255 1080 1309 novit
1106 1255 1401 1307 bestiarum
1430 1250 1659 1319 spiritus
1682 1258 1737 1302 et
1758 1247 2065 1317 quiescere,

488 1365 665 1420 exque
693 1348 1079 1418 omnipotentis
1111 1345 1326 1400 consilii
1355 1343 1658 1397 rationibus
1688 1356 1929 1396 cessare.

563 1606 737 1677 l'lujus
782 1608 964 1677 itaque
1016 1606 1208 1675 agonis
1246 1607 1447 1659 luctam
1506 1603 1653 1659 velut
1697 1601 2066 1657 rudimentum

489 1702 760 1772 quoddam
808 1701 1074 1755 adversus
1135 1698 1427 1753 fortissimi
1502 1696 1742 1765 pectoris
1802 1695 2068 1764 virginem

2167 602 2407 673 σιωτάτη
2435 603 2595 671 κόρη.
2630 601 2883 673 καθάπερ
2914 604 2999 672 ἐφ’
3027 601 3197 654 ἵππου
3236 597 3514 668 πραέως
3542 598 3830 663 ἀναϐᾶσα.

2169 693 2426 762 γαληνῶς
2450 694 2650 747 οὑτωσὶ
2682 694 2775 746 καὶ
2804 692 3183 764 ἀδιατριπτως
3208 692 3535 759 ἀπωχεῖτο
3571 706 3590 722 ο
3622 691 3691 742 τδ
3738 690 3831 760 θη-

2167 786 2282 855 ρίον
2310 785 2386 850 δέ,
2416 786 2513 854 τῆς
2540 783 2713 837 αὑτοῦ
2751 784 2964 852 φύσεως
2995 782 3183 853 ὥσπερ
3231 784 3334 845 είς
3394 779 3600 852 λήθην
3648 780 3826 846 ἐλθὸν,

2165 878 2292 939 τοὺς
2322 876 2559 945 ὡραίους
2590 877 2685 929 καὶ
2710 876 3103 947 ἀθλοφορικοὺς
3131 874 3323 937 πόδας
3412 871 3494 940 (ὦ
3527 872 3636 925 τοῦ
3685 873 3823 927 θαύ-

2169 970 2376 1038 ματοςι
2408 967 2454 1019 ὣ
2493 968 2590 1036 τῆς
2611 968 2706 1020 τοῦ
2735 968 2910 1037 δήμου
2956 966 3206 1036 κραυγῆς
3257 964 3379 1018 καὶ
3434 963 3555 1034 τῆς
3620 963 3828 1035 ἐκπλή-

2168 1061 2301 1127 ξεως
2332 1061 2369 1129 l)
2397 1059 2860 1129 ἐπιστρεφόμενον
2911 1059 3097 1129 ἡρέμα
3139 1058 3621 1128 περιελιχμᾶτο.
3667 1057 3825 1110 Ἀλλά

2171 1152 2361 1222 μηδεὶς
2418 1152 2512 1206 ἐπὶ
2564 1150 2776 1213 τούτοις
2823 1152 3083 1214 ἀπιστίας
3140 1147 3441 1218 καμινίτω
3500 1146 3816 1216 λογισμοῖς.

2169 1240 2486 1309 Πνεύματος
2515 1239 2624 1309 γὰρ
2643 1240 2796 1305 ἁγίου
2828 1239 2916 1292 διὰ
2986 1239 3093 1291 τῶν
3124 1238 3314 1305 ἁγίων
3384 1231 3493 1290 οἷα
3569 1237 3813 1305 μεγάλου

2171 1333 2437 1402 παρόντος
2471 1330 2756 1401 βασιλέως,
2787 1326 2927 1384 οἶδεν
2952 1330 3166 1400 πνεῦμα
3183 1329 3497 1399 θηριῶδες
3530 1330 3817 1398 61:0qu-

2170 1440 2285 1476 σειν
2302 1425 2394 1476 καὶ
2419 1425 2672 1493 ἠρεμεῖν,
2693 1424 2785 1475 καί⁵
2827 1426 2907 1486 εἰς
2956 1421 3232 1491 πανσθενῆ
3259 1421 3655 1476 διατίθεσθαι
3696 1421 3811 1489 βου-

2168 1514 2291 1583 λήν.

2239 1603 2443 1657 Τούτου
2479 1602 2578 1672 μὲν
2601 1602 2696 1655 τοῦ
2715 1601 2927 1670 ἀγῶνος
2956 1596 3069 1655 οἷόν
3102 1620 3155 1656 τι
3176 1600 3652 1672 προγύμνασμα
3680 1604 3803 1655 uti

2170 1698 2268 1763 τῆς
2292 1696 2674 1765 γενναιοτάτης
2726 1696 3143 1764 ἐνστησάμενοι,
3193 1697 3249 1745 π’
3275 1694 3437 1764 ἦθος
3494 1695 3696 1747 λοιπὸν
3718 1696 3799 1765 θη-

489 1808 610 1847 cum
641 1791 984 1855 statuissent,
1013 1790 1314 1844 bestiarum
1347 1787 1608 1856 deinceps
1636 1785 2067 1841 sarissintarum

2180 1793 2302 1860 ρέων
2334 1792 2716 1861 πονηροτάτων
2747 1787 3128 1859 ἡτοιμάζοντο.
3152 1788 3317 1840 Ἔδει
3360 1789 3516 1857 γὰρ,
3550 1788 3651 1842 τοῦ
3681 1790 3792 1858 Χρι-

490 1883 898 1938 multitudinem
927 1882 1217 1950 parabant.
1252 1878 1489 1934 Dcccbat
1521 1878 1690 1941 enim,
1712 1888 1770 1932 ut
1797 1876 2071 1932 etChristi

2180 1883 2300 1935 στοῦ
2346 1883 2444 1952 μὲν
2472 1884 2571 1952 τὴν
2600 1883 2830 1951 δύναμιν
2854 1922 2870 1947 ,
2907 1881 3004 1951 τῆς
3055 1880 3113 1933 δὲ
3146 1882 3249 1951 τὴν
3282 1883 3377 1943 εἰς
3416 1882 3608 1934 αὑτὸν
3642 1883 3782 1932 πίστιν

490 1978 687 2040 virtus,
713 1974 1048 2042 virginisque
1086 1973 1139 2024 in
1171 1985 1293 2025 eum
1329 1968 1462 2023 fides
1491 1967 1754 2022 illusuior
1778 1967 1921 2021 inter
1942 1982 2074 2037 gen-

2180 1975 2599 2043 ἐπιφανέττερον
2627 1977 2683 2027 ἐν
2713 1975 2827 2035 τοῖς
2855 1972 3066 2026 εθνεσιν
3092 1972 3580 2040 ἐκκαλυφθῆναι.
3622 1973 3681 2025 ’ll
3700 1973 3766 2040 μὲν

491 2079 573 2121 tes
597 2065 1061 2119 titauil'estaretur.
1096 2060 1299 2116 Thecla
1330 2061 1496 2131 igitur
1546 2059 1687 2128 apud
1714 2057 2072 2129 Tryphaenam

2180 2063 2268 2120 οὖν
2298 2067 2498 2129 Θέκλα,
2531 2066 2685 2134 παρά
2714 2065 3003 2136 Τρυφαίνῃ
3025 2064 3133 2116 τινὶ
3161 2064 3442 2131 γυναικὶ,
3484 2064 3599 2132 τήν
3624 2080 3682 2115 τε
3705 2063 3775 2129 σὺ·

489 2160 782 2227 quamdam
802 2156 1103 2223 mulierem,
1131 2152 1309 2207 indole
1338 2153 1542 2222 pariter
1576 2163 1739 2220 atque
1760 2150 1929 2203 animi
1953 2164 2074 2203 ino-

493 2250 651 2302 ribus
684 2248 997 2315 ingenuam,
1029 2246 1293 2300 hactenus
1331 2243 1673 2306 servabatur,
1703 2243 2076 2298 convenientis

491 2344 634 2414 apud
661 2358 780 2394 cam
809 2338 1025 2408 haspitii
1056 2353 1255 2391 lltlltllls
1278 2344 1598 2391 consecuta.
1634 2335 1788 2401 Quod
1821 2348 1950 2388 vero
1982 2334 2077 2388 be-

490 2451 534 2489 s.
548 2437 720 2488 iarum
741 2433 791 2486 in
807 2448 923 2486 eam
939 2440 1263 2501 congregata
1277 2430 1568 2483 multitudo
1579 2436 1717 2491 erat,
1731 2428 1955 2497 jamque
1968 2441 2081 2481 cer-

490 2525 715 2579 taminis
740 2525 856 2576 dies
904 2520 1111 2585 aderat,
1142 2530 1198 2573 et
1227 2516 1513 2573 certamini
1537 2516 1776 2572 stadium
1828 2523 2078 2585 apertum

491 2624 635 2677 erat,
691 2613 1038 2684 populusque
1094 2610 1431 2666 clamoribus
1484 2609 1551 2663 ad
1583 2609 1859 2662 theatrum
1883 2619 2082 2661 evoca-

493 2708 675 2771 ba'ur,
711 2721 772 2758 ac
804 2718 980 2760 saevus
1002 2710 1213 2757 amator
1239 2711 1547 2771 correptam
1581 2699 1845 2770 virginem
1878 2698 2081 2768 produ-

492 2799 651 2852 ccbat
679 2812 692 2847 :
716 2811 839 2847 cum
870 2794 1118 2848 universa
1166 2791 1278 2861 jam
1331 2791 1546 2854 civitas,
1594 2790 1854 2859 prwsides
1879 2788 2082 2858 pariter

494 2904 560 2942 ac
620 2888 824 2943 subditi
878 2886 942 2940 ad
984 2885 1329 2940 tremendum
1378 2883 1506 2937 illud
1550 2883 1924 2953 spectaculum
1976 2893 2083 2934 una

493 2995 618 3034 cum
684 2980 913 3047 prmside
975 2976 1383 3040 convenissent,
1443 2977 1726 3044 turbaeque
1795 2974 2086 3028 tumultua-

494 3075 685 3127 rentur
710 3087 775 3124 ac
827 3068 1297 3135 vociferarentur;
1327 3077 1458 3122 tunc
1497 3067 1755 3121 nimirum
1800 3063 2085 3135 splendida

493 3157 785 3227 splendide
818 3156 1069 3211 muliebri
1103 3170 1228 3210 cum
1261 3154 1399 3210 stola
1432 3154 1679 3223 deposita
1731 3162 1846 3206 tum
1877 3153 2084 3214 animo.

494 3249 822 3317 cinguloque
849 3247 1164 3317 praecincta,
1196 3261 1260 3300 ac
1294 3252 1469 3299 totum
1511 3243 1660 3299 intus
1679 3239 1866 3297 Iesum
1901 3240 2084 3297 divine

493 3339 857 3413 prospiciens,
878 3337 1214 3407 Paulumque
1236 3336 1431 3391 mentis
1456 3336 1632 3390 oculis
1668 3343 1931 3388 contuens
1952 3333 2084 3403 (uno

495 3432 645 3485 enim
681 3432 881 3483 mentis
901 3441 1126 3500 aspectu
1159 3428 1311 3482 velut
1343 3442 1513 3481 unum
1542 3426 1733 3481 ambos
1759 3424 2083 3496 intueberis)

501 3522 716 3575 l‘urtiter
777 3521 1072 3574 admodum
1134 3519 1258 3573 forti
1316 3519 1517 3574 mentis
1550 3519 1835 3589 proposito
1868 3519 1921 3572 in
1972 3531 2084 3572 me-

499 3613 651 3666 dium
691 3611 929 3666 stadium
967 3611 1206 3665 iusiliisti
1239 3628 1254 3667 :
1282 3611 1543 3682 priusque
1564 3618 1737 3665 totum
1770 3625 1972 3680 corpus
2009 3609 2083 3664 si-

501 3717 611 3775 ςιιο
639 3704 822 3757 crucis
849 3703 1209 3772 consignatis,
1257 3705 1621 3771 expansisque
1647 3702 1702 3755 in
1734 3703 1932 3755 cmlum
1970 3716 2085 3754 ma-

503 3795 692 3858 nibus,
757 3796 969 3849 sedenti
1030 3809 1197 3864 super
1256 3793 1540 3848 cherubim
1594 3793 1811 3847 arcanis
1847 3792 2083 3846 maxime

502 3886 668 3940 animi
691 3886 930 3941 motibus
951 3900 1115 3941 orans
1135 3884 1568 3956 eolloquebaris;
1600 3885 2082 3955 immissorumque

502 3978 556 4031 in
619 3987 670 4032 te
730 3977 969 4042 leonum,
1006 3992 1376 4047 ursorumque
1425 3992 1489 4031 ac
1517 3978 1811 4048 pardorunt
1837 3976 2079 4048 rugitqu

505 4070 648 4122 velut
699 4069 969 4139 pecudum
998 4069 1242 4124 balatum
1290 4078 1586 4139 reputans,
1639 4070 2082 4140 populorumque

502 4158 774 4228 fragorem
805 4169 862 4213 et
897 4161 1283 4215 tuumltuantis
1335 4163 1511 4214 turbas
1560 4162 1849 4230 strepitum
1883 4160 2081 4215 mulie-

501 4263 733 4314 rumque
798 4248 1041 4304 ululatus
1090 4260 1252 4320 atque
1288 4251 1530 4321 gemitus
1578 4252 1726 4305 velut
1781 4250 2076 4306 infantium

501 4341 744 4406 vagitum
775 4338 1005 4403 habens,
1041 4341 1123 4395 sic
1148 4342 1334 4410 quiete
1365 4342 1576 4407 stabas,
1606 4357 1671 4397 ac
1692 4343 1739 4397 si
1790 4344 1847 4397 in
1897 4343 2078 4399 media

502 4431 709 4499 publici
749 4439 928 4485 coetus
973 4433 1233 4502 panegyri
1292 4431 1550 4491 laudibus
1582 4437 1957 4505 coronareris,
2007 4451 2074 4491 ac

502 4521 759 4591 opulente
790 4533 970 4576 mente
1000 4523 1289 4578 laetareris.

575 4721 803 4786 Exinde,
828 4722 1049 4793 quando
1080 4722 1324 4778 dimissis
1352 4724 1406 4778 in
1427 4740 1546 4780 eam
1572 4726 1832 4783 omnibus
1870 4728 2085 4795 bestiis,

517 4815 640 4867 alia:
674 4814 908 4867 aliarum
940 4813 1219 4868 morsibus
1256 4813 1635 4882 laniabantur;
1663 4816 1784 4871 alite
1811 4819 1958 4872 velut
1980 4819 2090 4873 allo

2102 4530 2148 4586 Ι)
2172 4521 2423 4591 ηγύρεως
2478 4521 2900 4592 εὐφημουμένη,

2177 2177 2262 2213 σιν
2291 2158 2381 2210 τόν
2402 2174 2460 2209 τε
2486 2157 2685 2225 τρόπον
2708 2154 2809 2223 τῆς
2828 2155 3005 2224 ψυχῆς
3039 2154 3285 2222 εὐγενεῖ.
3328 2154 3493 2218 τέως
3524 2155 3779 2225 ἐτηρεῖτο·

2177 2251 2355 2316 ξενίας
2395 2250 2451 2302 δὲ
2486 2248 2617 2320 παρ’
2649 2249 2787 2317 αὐτῇ
2819 2246 2999 2313 δεξιᾶς
3061 2243 3341 2316 λαχοῦσα.
3420 2247 3600 2300 Ἐπεὶ
3645 2246 3698 2298 δὲ
3739 2247 3789 2296 τὸ

2179 2340 2379 2409 πλῆθος
2413 2338 2522 2390 τῶν
2554 2337 2675 2390 κατ’
2700 2336 2872 2406 αὐτῆς
2930 2326 3135 2405 θηρίων
3185 2335 3485 2405 συνῆκτο,
3523 2336 3623 2389 καὶ
3646 2336 3677 2404 ἡ
3704 2334 3784 2402 τῆς

2178 2430 2418 2499 ἀγωνίας
2452 2430 2636 2499 ἡμέρα
2666 2428 2768 2499 ἢδη
2820 2427 3039 2496 παρῆν·
3077 2428 3172 2481 καὶ
3223 2427 3298 2480 τὸ
3354 2428 3469 2499 τῆς
3527 2426 3788 2496 ἀθλήσεως

2179 2521 2393 2574 στάδιον
2432 2521 2703 2590 ὴνέῳκτο·
2756 2518 2854 2573 καὶ
2881 2521 2910 2571 ό
2936 2519 3106 2588 δῆμος
3142 2517 3309 2588 βοαῖς
3348 2520 3446 2580 είς
3482 2518 3548 2573 τὸ
3580 2518 3783 2586 θέατρον

2180 2610 2489 2677 ἐξεκαλεῖτο
2514 2625 2529 2641 ο
2556 2609 2649 2663 καὶ
2671 2611 2701 2663 ό
2732 2608 2928 2678 πικρὸς
2956 2607 3163 2676 ταύτην
3189 2607 3398 2663 λαϐὼν
3429 2609 3643 2678 ἀνῆγεν
3671 2608 3780 2676 ἐρα-

2181 2704 2345 2772 στήν
2392 2702 2481 2756 ὅτε
2517 2701 2583 2772 δὴ
2627 2702 2779 2755 πᾶσα
2819 2699 2919 2770 μὲν
2971 2699 3005 2769 ή
3063 2699 3236 2764 πόλις,
3282 2699 3575 2771 ἄρχοντές
3614 2713 3673 2750 τε
3700 2696 3775 2747 καὶ

2180 2793 2473 2865 ἀρχόμενοι
2500 2794 2593 2846 ἐπὶ
2627 2792 2724 2863 τὴν
2774 2793 3011 2862 φρικτὴν
3042 2791 3249 2862 ταύτην
3280 2793 3428 2847 θέαν
3459 2792 3545 2863 τῷ
3570 2789 3777 2860 ἡγεμόνι

2182 2890 2548 2960 συνανῄεσανο
2582 2887 2802 2959 θόρυϐοι
2835 2887 2893 2943 δὲ
2920 2888 3047 2953 τοὺς
3077 2888 3273 2957 δχλους
3317 2888 3429 2942 καὶ
3467 2887 3595 2957 βοαὶ
3624 2884 3775 2938 συνεξ-

2182 2998 2299 3050 χον,
2335 2981 2428 3034 καὶ
2450 2979 2685 3049 ταραχαί
2706 2995 2722 3010 ο
2748 2979 2868 3032 τότε
2905 2979 2970 3048 δὴ
2999 2980 3063 3032 σὺ
3089 2979 3333 3049 λαμπρά
3361 2977 3665 3049 λαμπρῶς,
3694 2976 3774 3042 τὴν

2184 3072 2503 3140 γυναικείαν
2540 3071 2860 3141 ἀποθεμένη
2896 3072 2989 3125 καὶ
3022 3070 3216 3140 στολὴν
3275 3071 3385 3126 καὶ
3425 3071 3646 3141 ψυχήν·
3671 3067 3769 3121 titti-

2109 3194 2154 3257 C
2187 3166 2385 3234 ζωσμα
2431 3163 2489 3216 δὲ
2539 3163 2909 3234 περιθεμένη,
2962 3163 3057 3216 καὶ
3090 3164 3181 3215 τὸν
3223 3164 3457 3234 Ἰησοῦν
3492 3164 3613 3216 ὅλον
3645 3159 3771 3212 ἔνδον

2188 3257 2348 3318 θείως
2378 3257 2773 3326 προορωμένη·
2800 3257 2894 3309 καὶ
2921 3254 3011 3309 τὸν
3040 3254 3254 3309 Παῦλον
3290 3256 3560 3326 ὄμμασιν

2185 3345 2533 3416 όπταζομένη
2587 3345 2714 3415 (μιᾷ
2768 3345 2875 3415 γὰρ
2927 3345 3113 3415 ὁράσει
3156 3344 3280 3408 νοὸς
3315 3344 3676 3414 ἀμφοτέρους
3707 3339 3765 3398 tit;

2185 3436 2281 3490 ἕνα
2318 3434 2700 3505 κατωπτρίζου
2723 3435 2768 3505 ),
2802 3434 2946 3504 μάλα
2973 3432 3238 3497 νεανικῶς
3266 3434 3333 3487 ὲν
3365 3430 3681 3504 ἀῤῥενωπῷ
3707 3422 3756 3495 ai

2187 3527 2530 3597 φρονήματι,
2565 3525 2646 3588 είς
2673 3524 2736 3576 τὸ
2761 3524 2854 3577 τοῦ
2892 3524 3109 3578 σταδίου
3141 3524 3313 3595 μέσον
3365 3522 3755 3593 εἰσεπήδησας⁸

2185 3618 2279 3670 καὶ
2331 3615 2552 3687 σταυρῷ
2607 3616 2709 3684 μὲν
2760 3616 2883 3669 ὅλον
2932 3616 2994 3670 τὸ
3023 3618 3183 3687 σῶμα
3212 3620 3504 3688 πρότερον
3550 3626 3764 3683 σημειω-

2185 3706 2371 3760 θεῐσα·
2400 3707 2857 3778 ἐκπεπετασμένη
2888 3707 2945 3760 δὲ
2986 3708 3085 3771 τὰς
3118 3710 3312 3777 χεῖρας
3346 3711 3437 3775 είς
3489 3707 3582 3761 τὸν
3625 3704 3761 3771 οὐρα·

2184 3799 2294 3864 νον,
2325 3798 2404 3868 τῷ
2447 3798 2545 3869 μὲν
2580 3797 2675 3851 ἐπὶ
2724 3797 2833 3851 τῶν
2863 3797 3147 3869 Χερουϐὶμ
3189 3799 3508 3871 καθημένῳ
3546 3798 3655 3857 τοῖς
3680 3790 3763 3856 τῆς

2182 3888 2420 3950 διανοίας
2446 3887 2880 3958 μυστικωτάτοις
2919 3889 3218 3959 κινήμασιν
3267 3890 3556 3961 εὐχομένη
3608 3895 3756 3954 προσ·

2181 3977 2441 4046 ωμίλειςο
2473 3977 2582 4030 τῶν
2614 3976 2708 4029 ἐπὶ⁸
2770 3981 2828 4032 σὲ
2893 3978 2952 4032 δὲ
3002 3980 3387 4048 πεμπομένων
3417 3980 3648 4033 λεόντων
3684 3968 3761 4025 καλ

2181 4069 2397 4138 ἄρκτων
2429 4069 2524 4121 καὶ
2560 4068 2879 4137 παρδάλεων
2908 4070 2999 4122 τὸν
3046 4070 3321 4141 βρυγμδν,
3370 4071 3452 4134 ὡς
3499 4063 3758 4138 προδότων

2181 4157 2501 4228 λογιζομένη
2541 4156 2856 4228 βληχηθμόν
2881 4175 2895 4188 °
2933 4160 3028 4213 τοῦ
3069 4161 3318 4230 πατάγου
3357 4162 3416 4215 δὲ
3441 4160 3554 4213 τῶν
3586 4158 3752 4224 δήμων

2182 4247 2276 4298 καὶ
2302 4245 2402 4315 τῆς
2437 4244 2545 4298 τῶν
2591 4244 2764 4315 ὄχλων
2793 4248 3040 4318 ταραχῆς
3087 4254 3181 4303 καὶ
3214 4253 3316 4321 τῆς
3353 4250 3467 4305 τῶν
3498 4242 3756 4316 γυναικῶν

2181 4336 2447 4405 ὀλολυγῆς
2502 4336 2579 4399 ὡς
2640 4338 2851 4406 νηπίων
2902 4340 3348 4413 ἐπαισθανομένη
3401 4343 3557 4413 βοῆς,
3605 4335 3756 4393 οὕτως

2188 4431 2434 4501 ἀτρέμας
2462 4428 2650 4483 ἵστασο
2678 4431 2932 4505 καθάπερ
2981 4434 3039 4486 ἐν
3074 4436 3223 4505 μέσῳ
3253 4431 3595 4504 δημοτελοῦς
3623 4442 3745 4478 παν·

2986 4525 3081 4581 καὶ
3160 4523 3620 4597 κατατερπομένη
3677 4514 3755 4567 τὸν

2183 4631 2326 4673 νουν.

2254 4728 2381 4785 Εἶεν
2402 4749 2415 4763 ’
2450 4732 2540 4786 ὅτε
2575 4732 2631 4785 δέ
2664 4734 2772 4787 πᾶν
2803 4731 2992 4802 θηρίον
3049 4730 3250 4799 ἀφεθὲν
3306 4729 3433 4785 κατ’
3463 4725 3630 4793 αὗτῆἒ
3653 4763 3667 4783 9
3717 4715 3749 4771 δ

2191 4824 2289 4893 μὲν
2320 4825 2413 4876 ὑπ’
2442 4824 2689 4894 ἀλλήλων
2727 4823 2973 4894 ἀνήλωτο
2997 4839 3010 4853 ’
3058 4820 3095 4875 ἃ
3126 4821 3173 4874 δ’
3205 4820 3281 4885 ὡς
3309 4820 3466 4889 ὕπνῳ
3494 4812 3643 4887 βαθεῖ
3664 4824 3749 4861 κα·

506 4919 705 4974 sopore
737 4905 1035 4975 consepitae
1071 4920 1373 4976 segnesque
1404 4905 1627 4974 eﬂ'ectae,
1668 4918 1877 4963 tantum
1904 4912 2078 4965 aberat

2191 4912 2433 4983 ρωθέντα
2453 4915 2547 4967 καὶ
2582 4914 2954 4985 ναρκήσαντα,
2989 4911 3241 4965 τοσοῦτον
3270 4913 3468 4981 ἀπεῖχε
3505 4904 3593 4960 τοῦ
3623 4912 3751 4985 παρέ

503 5004 568 5047 ut
618 4994 884 5065 virginale
946 5009 1011 5050 ac
1077 4996 1424 5066 impollutum
1475 5013 1677 5071 corpus
1729 5001 2084 5071 attingerent,

504 5095 770 5154 quantum
806 5093 866 5140 ut
893 5094 948 5141 et
970 5087 1140 5142 duros
1174 5088 1427 5143 dentibus
1478 5090 1685 5159 lapides
1715 5094 2089 5163 apprchende-

506 5187 647 5230 rent.
693 5174 794 5231 Uni
847 5178 1030 5247 itaque
1064 5186 1344 5234 certamen
1403 5180 1551 5235 istud
1583 5180 1765 5238 fauste
1819 5184 1898 5239 illi
1956 5200 2081 5254 per-

504 5279 687 5322 actum
713 5277 854 5333 erat,
910 5267 1180 5338 Paterque
1228 5269 1492 5324 luminum
1532 5272 1884 5338 clarificatus,
1910 5273 2087 5331 Filius

507 5360 912 5427 magniﬁcatus,
937 5357 1259 5416 Paracletus
1308 5359 1549 5431 denique
1572 5363 1628 5416 in
1655 5378 1720 5418 ea
1755 5365 2081 5422 miriﬁcatus

503 5450 714 5516 iuerat;
784 5461 913 5505 tunc
959 5450 1218 5505 nimirum
1302 5452 1356 5505 in
1410 5453 1610 5507 theatri
1686 5463 1840 5525 parte
1904 5457 2086 5528 aliqua

581 5627 694 5697 (66)
723 5623 840 5695 Ἧς
876 5630 1111 5701 ἑεξὶτὸν
1161 5627 1372 5685 νῶτον.
1429 5629 1719 5701 Singulare
1778 5631 1927 5686 istud
1989 5630 2086 5686 Ni-

510 5708 642 5774 cctae
664 5711 773 5761 est.
806 5716 905 5756 nec
930 5699 1071 5755 forte
1128 5704 1265 5774 satis
1297 5699 1593 5774 credibile,
1664 5702 1746 5774 sic
1811 5702 2081 5774 virginem

512 5770 657 5839 velut
677 5784 877 5839 equum
909 5776 1118 5825 leonem
1156 5770 1448 5825 insedisse.
1475 5770 1579 5825 Alii
1617 5772 1816 5826 melius
1849 5770 2077 5827 ieiunam

514 5838 1056 5907 virgini'assedissc,
1122 5852 1175 5895 et
1213 5842 1371 5895 cauis
1447 5855 1598 5894 more
1653 5839 1850 5897 blande
1917 5844 2090 5897 cauda

2190 5003 2406 5059 θενικοῦ
2452 5004 2548 5058 καὶ
2593 4984 2866 5076 ἀχράντου
2901 5001 3153 5073 σώματος
3183 5000 3508 5072 ἐνάψασθαι,
3536 4997 3640 5061 ὂσφ
3663 4984 3744 5076 κώ

2187 5094 2352 5148 λίθων
2400 5096 2726 5158 ἀντιτυπίας
2754 5094 2936 5148 ὀδοῦσι
2985 5094 3463 5165 καταδρὰξασθαιο
3497 5089 3581 5142 ὅτε
3631 5075 3744 5148 γοῦν

2184 5185 2374 5249 δεξιῶς
2405 5186 2544 5256 αὐτῇ
2578 5187 2728 5240 τόνδε
2751 5184 3165 5240 συντετελέσθαι
3184 5184 3276 5238 τὸν
3305 5182 3511 5254 ἀγῶνα,
3550 5166 3738 5228 καὶτὸν

2189 5278 2407 5345 Πατέρα
2439 5278 2548 5331 τῶν
2583 5277 2778 5347 φώτων
2807 5277 3155 5345 δοξασθῆναι,
3178 5278 3271 5330 καλ⁸
3300 5276 3391 5329 τὸν
3425 5270 3548 5325 Υἱὺν
3583 5273 3739 5335 μίγα·

2188 5369 2465 5441 λυνθῆναι,
2492 5371 2589 5425 καὶ
2644 5371 2736 5425 τὸν
2768 5371 3128 5443 Παρακλητον
3158 5371 3215 5423 ἐν
3267 5371 3403 5440 αὐτῇ
3434 5366 3731 5428 θαυμαστωο

2200 5460 2378 5530 θῆναι,
2407 5463 2528 5517 τότε
2554 5463 2618 5533 δὴ
2649 5463 2785 5536 πρὸς
2808 5464 2866 5517 ἓν
2889 5481 2940 5517 τι
2961 5462 3055 5517 τοῦ
3096 5462 3323 5534 θεάτρου
3354 5462 3512 5532 μέρος
3538 5452 3731 5522 δρυϊμα

2191 5634 2489 5709 blanditam
2522 5653 2667 5709 esse.
2708 5637 2877 5709 Basil.
2913 5638 3323 5709 παρεκαθέζετό
3382 5627 3566 5709 τεηκαὶ
3596 5633 3728 5709 ref:

2189 5705 2370 5779 ἐσαινε
2401 5708 2527 5779 τοὺς
2555 5708 2746 5779 πόδας.
2780 5692 3042 5779 Μθὶεψιιί,
3078 5692 3282 5779 Ling-ua
3338 5703 3555 5779 moflflff
3592 5692 3725 5779 Ριξξδ

2183 5774 2298 5843 ejus
2327 5757 3048 5849 lanii;;.;o;.‘5;t;1i'aaaa
3078 5757 3280 5849 75:3”;
3305 5757 3600 5849 piscatus;
3643 5757 3720 5811 dc-

2199 5855 2396 5915 eetque
2436 5849 2606 5916 magis
2644 5848 2967 5903 modestiam
3004 5848 3249 5919 virginis.
