4040 6402
254 405 384 468 3525

1172 398 1457 459 ORATIO
1498 397 1655 458 XVI.
1699 420 1766 431 -
1795 391 1872 452 ΙΝ
1903 389 2217 450 LAUDEM
2252 390 2313 449 S.
2352 391 2693 451 Tl—lECl..F..

3464 395 3573 461 326

253 517 491 588 πλῆρες
543 515 730 578 ὓδατος
761 512 940 568 ἰδοῦσα
971 511 1081 581 (07)
1102 553 1114 577 ,
1141 513 1237 566 καὶ
1263 509 1864 583 κατασφραγισαμένη.

1979 505 2179 560 fossam
2254 520 2398 574 aqua
2469 510 2687 573 plena'n
2759 503 2967 568 videns,
3037 521 3100 560 ac
3165 507 3349 563 crucis
3405 508 3564 579 signo

254 611 552 676 ἀκοντίζει
590 611 686 681 μὲν
709 609 908 680 ἑαυτὴν
934 607 1078 660 κατὰ
1092 607 1187 660 τοῦ
1219 606 1414 669 ὕδατος
1447 608 1505 659 ὲν
1535 606 1611 676 τῷ
1636 604 1865 673 ὀνόματι

271 703 466 773 Ἰησοῦ
522 703 782 772 Χριστοῦ,
817 702 1059 769 λέγουσα
1083 715 1099 730 ·
1134 699 1220 765 Τῷ
1250 699 1425 754 ὕδατι
1459 699 1730 768 σήμερον
1755 696 1872 760 ,βα-

253 793 566 866 πτίζομαι.
596 791 707 848 τΗν
736 795 848 864 γάρ
879 795 980 866 ἤδη
1015 794 1077 846 τὸ
1120 793 1345 865 Πνεῦμα
1375 793 1435 846 τὸ
1467 793 1621 860 ἅγιον
1650 790 1738 843 διὰ
1772 788 1872 858 τῆς

255 888 494 941 Παύλου
555 889 856 958 σφραγίδος
903 885 1128 950 τελείως
1158 883 1631 955 ὲγκολπωσαμένη
1657 899 1670 912 ⁸
1704 879 1870 943 εὐθὺς

248 978 314 1031 δὲ
350 980 564 1050 νεφέλη
619 979 751 1047 περὶ
803 977 976 1046 αὐτὴν
1017 976 1190 1046 πυρὸς
1222 970 1425 1041 ὦπται,
1487 973 1622 1044 ὁμοῦ
1653 973 1755 1041 τήν
1809 987 1870 1023 τε

250 1069 563 1140 γύμνωσιν
597 1068 1033 1140 περιστέλλουσα
1063 1067 1158 1120 τοῦ
1185 1067 1456 1138 σώματος,
1482 1068 1576 1120 καὶ
1609 1065 1871 1134 ἀμίαντον

257 1163 388 1216 ἀπὸ
419 1162 527 1215 τῶν
555 1163 614 1214 ὲν
647 1160 811 1214 ῦδασι
850 1159 1190 1230 διατηροῦσα
1223 1158 1448 1227 φωκῶν.

358 1252 610 1306 Ἐκεῖθεν
661 1254 696 1322 ἡ
745 1251 1060 1314 καλλίνικος
1122 1251 1418 1323 άθλοφόρος
1483 1248 1743 1312 ἀναδῦσα,
1776 1246 1868 1300 ίνα

271 1347 488 1415 μᾶλλον
520 1345 601 1398 ἐτι
636 1343 872 1414 δοξασθῇ
903 1347 1016 1406 τοῖς
1047 1344 1272 1408 οἰκείοις
1315 1344 1531 1414 μέλεσιν
1570 1340 1868 1409 ἁγιάζουσα

269 1439 545 1506 Χριστὸν,
580 1437 806 1507 ταύροις
845 1437 1067 1505 ἀγρίοις
1119 1438 1214 1490 κα)⁸
1271 1433 1652 1506 σκληροτάτοις
1704 1449 1870 1503 προσ-

275 1528 518 1580 εδέδετο·
553 1529 650 1580 καὶ
701 1527 802 1595 τῆς
835 1525 962 1596 βίας
995 1528 1186 1590 αἴτιος,
1237 1523 1579 1594 Ἀλέξανδρος
1619 1526 1645 1576 ὁ
1679 1523 1869 1592 ἄφρων

266 1621 460 1690 αὐτῆς
516 1621 764 1689 ὑπῆρχεν
823 1619 1107 1690 ἐραστής·
1143 1617 1332 1672 τούτου
1386 1617 1492 1690 γὰρ
1526 1617 1623 1684 τῆς
1675 1616 1869 1685 μανίας

263 1712 530 1781 ἀγεννῶς
565 1713 593 1763 ὁ
627 1709 855 1781 ἡγεμὼν
885 1713 1110 1780 ἡττᾶτο.
1163 1711 1274 1764 Καὶ
1302 1711 1499 1772 πάντες
1534 1709 1630 1779 μὲν
1677 1709 1869 1779 ἄνδρες

266 1809 395 1868 τοῖς
453 1804 767 1872 γινομένοις
835 1803 1365 1873 ὲπιμυκτηρίζοντες
1413 1801 1864 1855 άπεδυσπέτουν·

269 1900 454 1950 πᾶσαι
481 1895 538 1947 δὲ
568 1898 826 1963 γυναῖκες
853 1894 1147 1959 ὠλόλυζον,
1175 1895 1274 1963 τὴν
1301 1893 1421 1964 βίαν
1445 1894 1866 1965 ἀπολοφυρόμε-

1979 1891 2071 1943 viri
2142 1906 2331 1945 omnes
2405 1890 2626 1958 probris
2713 1891 3075 1954 incessentes,

266 2006 388 2042 ναι.
416 1987 739 2058 Τρύφαιναν
767 1987 824 2040 δὲ
855 1988 1010 2058 παρὰ
1036 1987 1098 2040 τὸ
1127 1986 1352 2057 θέατρον
1383 1986 1578 2058 μικροῦ
1600 1986 1712 2040 δεῖν
1735 1989 1869 2041 ἀπο-

261 2079 592 2134 πνεύσασαν
627 2079 936 2133 ἀνείλαντο.
998 2079 1063 2132 Οί
1115 2078 1174 2132 δὲ
1216 2079 1409 2148 σίδηρα
1457 2079 1868 2150 κακομηχάνως

265 2172 658 2245 πυρώσαντες,
691 2173 916 2228 καὶτῶν
945 2174 1223 2245 ταυρικῶν
1253 2174 1458 2246 ὄρχεων
1480 2176 1872 2246 ἀπαιωρήσαν-

265 2281 387 2329 τες,
422 2263 710 2318 ὲπιπλείον
740 2265 942 2328 αὐτοὺς
983 2269 1048 2337 τῇ
1081 2266 1174 2319 τοῦ
1209 2266 1380 2338 πυρὸς
1411 2267 1548 2334 θίξει
1597 2266 1870 2338 συνταρά-

271 2357 386 2422 ξαι,
410 2356 510 2412 καὶ
538 2356 640 2428 τὴν
672 2357 770 2411 τοῦ
808 2358 1049 2429 Χριστοῦ
1079 2358 1306 2430 δεσμίαν
1357 2359 1548 2429 βιαίως
1595 2359 1871 2424 ὲξανελείν

265 2448 662 2520 ἐμηχανῶντο.
685 2449 925 2520 Νήπιοιε
959 2451 1020 2504 οὗ
1045 2451 1154 2521 γὰρ
1187 2450 1282 2522 τὴν
1310 2451 1739 2522 ὑπερμαχοῦσαν
1773 2452 1874 2506 αὐ·-

263 2540 371 2610 τῆς
399 2541 752 2596 κατεθεῶντο
783 2544 941 2613 χεῖρα
965 2558 980 2574 ο
1009 2542 1171 2605 εὐθὺς
1197 2543 1305 2614 γὰρ
1326 2543 1434 2597 τῶν
1459 2543 1639 2597 κάλων
1673 2545 1872 2615 περιρ-

265 2632 562 2702 ῥαγέντων
589 2636 658 2704 τῇ
695 2633 878 2702 φλογὶ,
895 2615 958 2687 ὀί
997 2633 1095 2704 μὲν
1117 2635 1435 2706 ἀπέστησαν
1459 2652 1473 2666 °
1533 2637 1566 2706 ἡ
1599 2636 1872 2707 παρθένος

262 2723 327 2776 δὲ
367 2726 518 2778 κατὰ
563 2724 754 2796 χώρας
803 2724 1086 2796 άλώὸητος
1139 2725 1567 2798 διαμεμένηκεν.
1601 2724 1813 2786 Ταῦτα,
1845 2725 1873 2777 ό

261 2817 365 2871 τὸν
400 2819 606 2887 Δανιὴλ
635 2817 922 2872 λεοντείων
949 2818 1250 2889 ῥυσάμενος
1276 2820 1571 2891 χασμάτων
1597 2836 1609 2848 ο
1639 2819 1668 2871 ὀ
1695 2816 1874 2886 στύλῳ

267 2911 460 2981 πυρὸς
498 2911 596 2964 καὶ
622 2910 854 2981 νεφέλης
885 2912 943 2964 ὲν
967 2914 1036 2982 γῇ
1065 2911 1160 2966 καὶ
1182 2910 1335 2964 ῦδατι
1369 2911 1756 2983 παραδοξάσας
1781 2907 1874 2962 τὸν

279 3000 549 3072 Ἰσραήλ’
585 3002 681 3054 καὶ
713 3001 920 3071 θηρίων
950 3002 1144 3064 αὐτοὺς
1171 3001 1463 3071 κράτορας,
1500 3002 1594 3054 καὶ
1621 3015 1876 3069 πονηρο-

267 3093 466 3148 τάτων
498 3092 782 3163 τυράννων
815 3092 1194 3162 ίσχυροτάτους
1226 3093 1626 3164 ἐργασάμενος.

362 3347 628 3417 Ἕφριξεν
689 3347 990 3417 ’Δντιὸχεια
1026 3347 1210 3418 ὁρῶσα
1272 3347 1466 3407 ταῦτα,
1521 3347 1617 3401 καὶ
1650 3349 1865 3421 μεγάλῃ

274 3442 442 3510 φωνῇ
478 3440 568 3493 τὸν
595 3440 695 3508 τῆς
721 3439 931 3510 Θέκλης
960 3440 1160 3511 ᾔνεσαν
1208 3441 1364 3494 Θεόν.
1414 3441 1631 3513 Τρόμος
1686 3441 1879 3495 ἔλαόεν

269 3532 372 3584 τὸν
414 3531 678 3602 ἡγεμόνα,
709 3531 806 3584 καὶ
841 3532 976 3602 πρὸς
1003 3533 1198 3586 ἑαυτὸν
1228 3532 1476 3600 εὐμενῶς
1515 3532 1720 3586 οὑτωσὶ
1784 3533 1880 3586 καὶ

267 3625 479 3694 πράως
532 3623 632 3694 τὴν
693 3624 990 3694 νικηφόρον
1044 3624 1589 3695 μετακαλεσάμενος,
1646 3623 1881 3678 ἐπύθετο

264 3714 416 3786 ποίᾳ
445 3714 675 3784 δυνάμει
706 3715 818 3768 τῶν
839 3715 1110 3769 τοσούτων
1157 3716 1500 3787 περιγένοιτο
1527 3717 1730 3788 θηρῶν.
1767 3715 1876 3788 Τὴν

261 3807 337 3860 δὲ
369 3809 923 3877 παρῤησιασαμένην,
945 3810 1039 3862 καὶ
1055 3808 1305 3878 θεολόγον
1321 3810 1586 3880 διάρασαν
1615 3810 1735 3862 ἐκεῖ
1755 3810 1879 3863 στό-

264 3919 388 3970 μα,
427 3903 820 3972 λαμπροτάτην
846 3902 1240 3973 ὲξερεύξασθαι
1269 3902 1362 3956 τοῦ
1397 3899 1704 3973 Ἰησοῦτὴν
1736 3919 1880 3973 μαρ-

258 3995 498 4064 τυρίαν.
530 3995 660 4060 Καὶ,
705 3995 830 4063 εἴγε
853 3995 1128 4059 βούλοιο,
1163 3997 1350 4065 φησὶν,
1390 3989 1438 4049 ὧ
1469 3994 1726 4064 ἡγεμὼν,
1764 3993 1881 4062 τὴν

257 4087 354 4140 ἐν
381 4086 515 4155 ἐμοὶ
557 4088 818 4155 δύναμιν
848 4085 1129 4148 ἀκοῦσαι.
1165 4088 1390 4156 φθόνος
1429 4086 1632 4154 οὐδεὶς
1667 4087 1876 4158 φάναι.

355 4203 403 4234 ⁸⁵
443 4203 575 4258 Dan.
601 4220 714 4269 xrv,
754 4200 846 4258 50.
923 4203 970 4235 “
1010 4201 1184 4258 Exod.
1213 4218 1325 4268 xw,
1349 4201 1443 4256 ‘24.

354 4321 470 4392 (8'7)
499 4322 767 4390 Ὀρυγμα
803 4320 1032 4392 πλῆρες
1078 4319 1299 4392 ὓδατος
1331 4320 1597 4392 ἰδοῦσᾳη
1621 4317 1862 4392 Metaph.

262 4388 489 4448 λάκκον
561 4388 761 4460 μεστὸν
823 4391 1036 4452 ὓδατος.
1095 4391 1261 4445 Βιιδίι.
1321 4389 1715 4460 κολυμϐήθραν
1774 4388 1871 4441 καὶ

262 4466 455 4532 ὕδωρ,
488 4478 608 4528 quae
636 4463 819 4516 omnia
857 4462 981 4515 aliis
1007 4463 1240 4530 'tliisque
1277 4462 1462 4516 verbis
1517 4461 1658 4515 idem
1697 4460 1872 4530 signi-

1981 597 2348 662 cummunita,
2402 612 2525 651 sese
2582 597 2635 650 in
2669 613 2788 651 eam
2856 598 3021 666 iactat
3057 601 3110 653 in
3179 601 3401 655 nomine
3435 599 3566 656 Jesu

1983 690 2190 742 Christi
2241 689 2436 743 dicens
2484 688 2704 742 :Hodie
2752 707 2892 760 aqua
2953 691 3221 758 baptizor.
3269 692 3389 747 Jam
3424 695 3570 748 enim

1975 781 2245 851 Spiritum
2297 791 2554 837 sanetum
2612 784 2782 836 Paulo
2835 783 3164 852 obsignante
3219 787 3386 838 animi
3448 789 3572 840 sinu

1977 873 2220 942 perfecte
2269 885 2619 944 susceperat.
2656 874 2777 926 Mox
2841 889 2974 927 vero
3011 875 3168 944 ignea
3227 879 3400 929 nubes
3423 879 3573 928 circa

1971 977 2096 1015 eam
2130 963 2247 1016 visa
2276 972 2382 1028 est,
2429 980 2549 1033 quae
2578 973 2632 1017 et
2663 965 2919 1034 corporis
2954 965 3259 1019 nuditatem
3291 966 3574 1034 obtegeret

1973 1066 2024 1106 et
2055 1069 2083 1107 a
2145 1054 2340 1124 phocis
2377 1056 2432 1109 in
2503 1058 2663 1126 aquis
2689 1056 3019 1127 degentibus
3078 1057 3310 1112 illaesum
3361 1072 3564 1111 serva-

1971 1156 2074 1202 ret.

2044 1241 2186 1297 llinc
2217 1242 2478 1312 praeclara
2508 1244 2652 1314 pugil
2686 1244 2914 1299 victoria
2955 1245 3236 1316 triumpho
3260 1263 3570 1315 emergens,

1971 1347 2083 1400 quo
2106 1333 2301 1402 majori
2334 1333 2517 1387 adhuc
2559 1336 2811 1390 claritate
2845 1336 3007 1398 foret,
3039 1337 3326 1393 Christum
3361 1342 3568 1394 sancti-

1972 1423 2143 1476 lit-ans
2179 1425 2441 1479 membris
2470 1427 2614 1489 suis,
2681 1429 2864 1480 tauris
2900 1429 3210 1498 agrestibus
3239 1447 3302 1482 ac
3333 1432 3573 1486 saevissi-

1973 1517 2077 1570 mis
2109 1533 2448 1586 prorsnsque
2494 1519 2778 1573 indomitis
2810 1521 3028 1588 alligata
3061 1533 3168 1574 est.
3202 1520 3446 1591 Ejusque
3499 1524 3567 1576 il-

1973 1609 2100 1663 latae
2155 1611 2239 1663 vis
2297 1619 2490 1663 aut-tor
2543 1611 2770 1664 demens
2830 1612 3140 1666 Alexander
3228 1614 3375 1667 illius
3424 1631 3574 1668 ama-

1973 1712 2059 1756 tor
2126 1719 2190 1756 ac
2245 1719 2448 1774 procus
2509 1723 2521 1758 :
2590 1706 2764 1774 ipsius
2832 1705 2976 1757 enim
3061 1707 3292 1761 insania:
3370 1724 3572 1777 praeses

1970 1796 2227 1865 degeneri
2287 1797 2477 1850 animo
2557 1806 2703 1851 totus
2763 1808 3132 1853 concesserat.
3211 1799 3289 1854 Ac
3345 1801 3568 1871 quidem

3164 1908 3272 1946 rem
3351 1895 3572 1965 indigne

1977 1981 2256 2049 ferebant;
2305 1992 2518 2038 cum-ta;
2549 1998 2678 2037 vero
2736 1983 3013 2049 mulieres,
3056 1985 3162 2037 vim
3211 1985 3358 2038 illam
3389 1985 3574 2054 deplo-

1977 2073 2172 2136 rando,
2247 2074 2459 2128 ululatn
2520 2089 2648 2128 aera
2709 2075 3017 2143 replebant.
3079 2073 3439 2146 Trypbzcnam
3501 2078 3568 2130 ad

1973 2166 2176 2219 theatri
2212 2167 2416 2237 gradus
2450 2167 2821 2237 exspirantem
2851 2182 3044 2237 parum
3079 2170 3234 2222 abest
3266 2171 3396 2238 quin
3446 2185 3569 2224 sus-

1985 2257 2234 2310 tulerint.
2291 2256 2532 2312 Subulas
2585 2272 2754 2326 porro
2807 2256 3036 2320 ferreas,
3091 2259 3278 2312 subtili
3333 2258 3570 2312 nocendi

1975 2359 2094 2404 arte
2120 2349 2484 2404 incendentes
2515 2359 2911 2419 taurorumque
2939 2349 3141 2403 scrotis
3162 2349 3566 2418 appendentcs,

1976 2443 2243 2514 majorem
2281 2443 2335 2496 in
2373 2443 2595 2497 modum
2631 2443 2777 2513 ignis
2817 2451 3055 2496 attracto
3108 2443 3458 2504 conturbare,
3509 2459 3573 2498 ac

1972 2533 2180 2589 Christi
2213 2536 2458 2589 vinctam
2495 2535 2548 2588 vi
2573 2549 2806 2589 enecare
2829 2535 3142 2589 studebant.
3180 2536 3344 2588 Stulti
3383 2535 3573 2588 videli-

1975 2635 2061 2680 cet
2095 2627 2383 2680 homines!
2447 2623 2635 2696 Neque
2665 2627 2809 2680 enim
2849 2641 3066 2679 manum
3101 2628 3175 2680 illi
3216 2628 3571 2680 auxiliantent

1973 2715 2254 2772 videbant.
2290 2715 2486 2770 Statim
2541 2717 2686 2770 enim
2747 2715 2971 2771 funibus
3003 2715 3220 2770 flamma
3294 2718 3569 2787 abruptis.

1974 2807 2151 2862 tauris
2177 2808 2607 2863 abscedentibus
2641 2809 2982 2879 virgoilltesa
3019 2809 3070 2862 in
3097 2809 3278 2863 stadio
3319 2825 3382 2863 ac
3406 2825 3572 2863 arena
3611 2838 3621 2843 -

1977 2899 2301 2968 permansit.
2339 2897 2465 2953 llaec
2492 2900 2774 2964 nimirum,
2811 2902 2901 2968 qui
2942 2897 3218 2952 Danielem
3255 2916 3285 2953 e
3320 2900 3572 2955 faucibus

1979 2989 2262 3044 hiantibus
2294 2992 2517 3045 leonum
2567 2992 2927 3058 liberavit“;
2985 2997 3078 3062 qui
3123 2995 3375 3046 columna
3433 2994 3574 3060 ignis

1978 3095 2041 3133 ac
2070 3081 2253 3146 nubis,
2292 3091 2436 3135 terra
2471 3083 2718 3152 marique
2747 3082 3000 3138 lsraelem
3031 3084 3293 3152 praeclare
3315 3083 3574 3137 honesta-

1979 3174 2056 3227 vit
2095 3173 2177 3240 ⁶⁵;
2208 3188 2332 3228 cum
2379 3174 2681 3228 bestiarum
2712 3175 2837 3229 illos
2863 3175 3122 3240 victores,
3153 3184 3265 3229 tum
3299 3177 3574 3244 nequissb

1904 3251 1948 3314 C
1985 3267 2088 3321 mis
2119 3267 2371 3338 tyrannis
2403 3266 2659 3320 fortiores
2689 3267 2837 3321 fecit.

2062 3355 2289 3411 llorruit
2340 3357 2626 3410 Antiochia
2661 3371 2784 3410 cum
2826 3357 2942 3411 haec
2987 3358 3216 3423 videret,
3265 3375 3574 3430 magnaque

1978 3462 2114 3502 voce
2175 3445 2390 3502 Thecla;
2434 3447 2601 3502 Deum
2638 3447 2950 3502 laudarunt.
3008 3447 3236 3504 Tremor
3282 3453 3570 3520 praesidem

1982 3539 2204 3602 invasit,
2254 3541 2443 3608 sicque
2478 3541 2688 3609 placide
2720 3541 3024 3611 blandeque
3080 3543 3311 3598 victoria
3366 3545 3570 3598 claram

1981 3647 2272 3686 accersens
2306 3630 2595 3700 virginem,
2623 3631 3034 3692 sciscitabatur,
3063 3648 3166 3700 qua
3203 3633 3420 3686 domum
3461 3637 3573 3686 vir-

1985 3732 2101 3777 tute
2159 3734 2234 3778 tot
2269 3725 2562 3778 chIiarttm
2594 3725 2786 3777 victrix
2819 3725 3143 3780 exstitisset.
3173 3727 3252 3780 Ad
3285 3742 3446 3796 quem
3481 3727 3572 3780 illa

1991 3814 2159 3868 libere
2193 3813 2502 3880 fiduciaque
2541 3815 2910 3882 theologicam
2945 3815 3056 3867 i-llic
3097 3831 3157 3867 os
3190 3819 3466 3884 aperiens,
3504 3819 3572 3871 il-

1989 3905 2382 3959 lustrissimum
2435 3904 2564 3960 Jesu
2627 3910 3005 3960 testimonium
3059 3907 3350 3960 eructavit.
3388 3911 3571 3976 Atqui,

1986 3996 2032 4047 si
2065 3995 2227 4060 lubet,
2257 3996 2458 4064 inquit,
2489 4014 2518 4050 ο
2543 4013 2760 4066 ριίεεεδ.
2793 3999 2846 4050 in
2880 4014 2959 4051 me
2996 4000 3336 4051 exsistentem
3405 4001 3562 4054 virm-

1988 4098 2090 4142 tem
2115 4090 2323 4154 audire,
2358 4091 2508 4143 nulla
2546 4091 2750 4144 invidia
2781 4101 2884 4157 est,
2919 4107 3035 4160 qua:
3069 4091 3211 4161 loqui
3243 4102 3391 4148 vetet.
3421 4094 3576 4147 Chri-

1976 4317 2213 4387 dieaqua
2245 4317 2570 4380 baptizando
2597 4335 2734 4383 sum,
2769 4319 2876 4382 vel,
2911 4332 2969 4374 ttt
3015 4322 3260 4377 referunt
3321 4321 3484 4378 Basil.
3517 4330 3574 4377 et

1978 4387 2240 4464 μθιειιψη
2273 4387 2362 4441 Ἐν
2383 4387 2470 4464 ’τῷ
2496 4391 2720 4464 ὀνόματί
2764 4393 3103 4464 σου,ᾼΚύριε,
3159 4393 3362 4464 ὑστέρᾳ
3391 4394 3574 4464 ἡμέρᾳ

1981 4458 2339 4528 βαπτίζομαι,
2374 4458 2437 4512 In
2466 4463 2678 4514 nomine
2714 4470 2828 4525 tuo,
2867 4458 3108 4526 Domine,
3151 4458 3347 4517 ultima
3371 4458 3469 4517 hac
3487 4458 3574 4518 die

267 4529 472 4590 lia-ant.
507 4533 752 4604 l'ltoras,‘
776 4533 982 4604 bestias
1010 4529 1252 4604 marinas
1277 4547 1342 4587 ac
1384 4533 1711 4604 itzariiivoras
1741 4529 1874 4604 A’trtt-
1901 4534 1954 4593 D
1982 4529 2246 4604 baptisor,
2283 4533 2446 4604 lueret
2489 4533 2773 4599 μυστικόν,
2841 4533 3018 4600 ipsum
3053 4534 3310 4604 λουτρόν,
3348 4551 3568 4589 verum-

266 4618 512 4674 cesque,
541 4603 594 4656 in
631 4618 696 4655 eo
731 4601 904 4656 fuisse
933 4603 1008 4655 ait
1043 4602 1302 4668 Basilius,
1330 4603 1395 4656 ad
1419 4603 1664 4674 _virginis
1694 4673 1700 4674 ί
1735 4601 1876 4674 forte

271 4673 619 4742 supplicium
667 4682 938 4740 paratas;
1000 4685 1058 4726 ut
1109 4675 1256 4742 quod
1308 4675 1361 4728 in
1409 4672 1613 4729 fossam
1673 4672 1878 4728 desiliit

273 4747 464 4809 virgo,
501 4743 850 4798 solummodo
882 4745 1207 4798 carnificum
1270 4747 1378 4798 vim
1443 4745 1749 4812 occuparit,
1807 4742 1877 4796 ab

278 4815 399 4870 illis
431 4818 483 4867 in
510 4829 630 4868 eam
693 4828 819 4866 mox
887 4815 1246 4882 projicienda,
1316 4827 1374 4869 ut
1431 4817 1708 4870 nullarum
1765 4828 1876 4867 non

276 4887 588 4940 bestiarum
629 4883 688 4953 in
713 4897 833 4936 eam
867 4885 1174 4953 periculum
1231 4885 1402 4940 fieret.
1439 4885 1729 4952 Quomodo
1799 4883 1872 4936 fa-

276 4964 436 5009 ctum
463 4953 606 5008 istud
649 4951 886 5026 Tlieclee,
945 4955 1101 5026 alteri
1149 4951 1477 5025 Apolloniar
1508 4955 1783 5026 praeiverit
1821 4954 1873 5026 in

278 5027 506 5079 diverso
534 5026 660 5077 licet
688 5023 1000 5096 elemento:
1047 5023 1406 5096 videaturque
1455 5023 1562 5081 non
1621 5033 1733 5079 tam
1787 5024 1873 5077 sui

279 5105 592 5178 spontanea
619 5094 847 5178 occisia,
875 5111 1038 5165 quam
1071 5105 1233 5178 certae
1253 5094 1365 5161 jam
1395 5097 1548 5178 necis
1582 5109 1657 5176 ac.
1673 5103 1876 5163 parata:

276 5162 473 5220 divino
523 5162 765 5234 quodam
816 5162 1024 5235 impetit
1081 5166 1318 5234 fideique
1371 5162 1697 5235 excellentia
1745 5179 1879 5216 nou-

278 5237 438 5291 nulla
470 5232 817 5290 acceleratio.
842 5232 1204 5304 Di'splicuisse
1233 5232 1426 5289 tamen
1467 5235 1612 5290 istud
1656 5232 1878 5287 Thecla:

276 5309 501 5362 cunctis
537 5306 848 5360 astantibus
879 5306 1048 5360 refert
1098 5305 1265 5360 Basil.
1321 5306 1525 5374 quibus
1575 5307 1692 5374 visa
1720 5305 1874 5374 νᾶτο-

277 5394 386 5439 πος
443 5375 540 5428 καὶ
603 5374 850 5444 ὀλέθριος
910 5376 1108 5445 τόλμα,
1175 5373 1418 5429 absurda
1479 5373 1876 5442 exitiabilisque

279 5446 518 5501 audacia
573 5455 622 5500 et
651 5447 944 5510 temeritas,
988 5447 1069 5500 sic
1130 5460 1190 5500 se
1253 5447 1307 5500 in
1345 5461 1542 5514 aquam
1607 5445 1872 5498 monstris

276 5516 588 5572 vorandam
648 5517 980 5585 praecipitem
1066 5515 1220 5576 dare,
1277 5531 1593 5584 quanquam
1665 5523 1877 5585 p0terat

280 5596 436 5642 certa
467 5602 591 5642 esse
617 5584 840 5650 Thecla,
870 5586 964 5655 qui
996 5600 1055 5639 se
1106 5586 1442 5655 incolumem
1474 5591 1747 5655 servasset
1799 5584 1869 5637 ab

282 5660 433 5711 omni
461 5657 670 5710 illarum
704 5654 1047 5710 terrestrium
1106 5654 1405 5709 bestiarum
1462 5654 1698 5723 agmine,
1729 5668 1874 5723 Aser-

283 5740 542 5781 vaturum
574 5738 628 5782 et
675 5743 704 5780 a
757 5727 1005 5788 marinis,
1071 5740 1180 5793 quo
1249 5724 1370 5793 ejus
1421 5721 1594 5793 magis
1635 5721 1876 5792 undique

285 5800 460 5868 gloria
496 5798 844 5868 claresceret:
872 5795 1030 5868 Quod
1061 5792 1192 5868 vero
1217 5794 1292 5846 ait
1315 5792 1630 5868 Tbcc|a_,_gse
1668 5795 1721 5845 in
1760 5793 1869 5868 fos-

289 5861 408 5923 sam
439 5868 720 5938 jactando,
763 5864 854 5936 Τῷ
885 5863 1040 5920 ὕδατι
1063 5865 1300 5935 σήμερον
1364 5863 1714 5933 βαπτίζομαι,
1756 5861 1870 5915 Ilo-

1983 4617 2090 4668 que
2119 4601 2324 4654 ChriSti
2361 4601 2718 4668 baptismum,
2745 4611 2846 4654 hoc
2891 4606 2994 4657 Silii
3040 4604 3156 4658 fore
3189 4601 3401 4658 Thecla
3453 4607 3572 4658 exi-

1982 4673 2480 4738 stimaverit.quml
2511 4681 2692 4725 tamen
2760 4686 2906 4726 reete
2957 4675 3234 4728 adversari
3311 4674 3572 4730 Ecclesia:

1983 4742 2195 4809 legibus
2234 4743 2489 4794 advertit.
2521 4741 2716 4795 Mirum
2750 4759 2883 4798 sane
2911 4747 2954 4798 si
3007 4748 3236 4799 necdum
3267 4744 3424 4799 Pauli
3470 4748 3573 4798 ini-

1981 4814 2215 4865 ntsterio
2271 4811 2450 4864 fuerat
2515 4812 2772 4875 intincta,
2805 4815 2887 4868 vel
2935 4815 2980 4868 si
3046 4815 3206 4869 istam
3243 4816 3573 4870 mei-sionem

1979 4898 2171 4954 verum
2247 4883 2578 4954 baptismum
2659 4886 2890 4950 putavit.
2976 4887 3081 4938 nisi
3184 4885 3326 4939 forte
3383 4894 3578 4954 quate-

1982 4968 2088 5026 nus
2123 4953 2218 5006 illo
2247 4955 2349 5007 sibi
2385 4953 2770 5026 complendum
2799 4958 3118 5026 nizirlyriiiiii
3169 4953 3421 5020 credidit,
3469 4959 3574 5011 etsi

1980 5023 2126 5095 Deus
2182 5039 2293 5078 rem
2361 5025 2520 5095 aliter
2577 5023 2957 5092 dispensavit.'
3003 5025 3076 5078 Ex
3158 5027 3267 5081 illis
3314 5041 3436 5095 quae
3491 5028 3573 5080 lo-

1983 5094 2172 5162 quitur
2235 5096 2376 5162 apud
2456 5093 2744 5162 Metaphr.,
2803 5111 2913 5148 rem
2991 5097 3130 5150 hanc
3179 5093 3436 5151 habuisse
3491 5098 3576 5150 vi-

1979 5164 2140 5217 detur
2176 5179 2287 5234 pro
2328 5163 2639 5234 baptismo.
2677 5165 2768 5218 Sic
2824 5165 2970 5219 enim
3027 5176 3300 5234 postremo
3339 5167 3564 5221 Paulum

1981 5233 2302 5301 alloquitur,
2396 5249 2521 5288 cum
2595 5233 2801 5304 Myram
2865 5237 2932 5289 ad
3008 5254 3133 5289 eum
3214 5238 3572 5298 accessisset,

1980 5306 2120 5376 Virili
2155 5303 2822 5376 scni_per_habitn,’quod
2887 5323 3155 5376 nuSquaiu
3207 5307 3427 5375 placet:
3472 5306 3576 5358 Ασ-

1980 5374 2206 5440 cepi,_o
2259 5373 2471 5427 Paule!
2524 5373 2799 5428 lavacrum
2850 5393 2862 5428 :
2917 5373 3024 5445 qui
3068 5373 3217 5430 enint
3254 5393 3362 5429 una
3404 5387 3574 5428 tecum

1981 5453 2228 5509 operatus
2253 5455 2331 5496 est
2368 5445 2421 5497 in
2448 5445 2814 5514 Evangelium,
2846 5449 2976 5500 mihi
3003 5462 3204 5514 quoque
3245 5448 3336 5498 ille
3383 5448 3492 5512 ipse
3517 5455 3573 5497 ut

1980 5515 2244 5574 abluerer,
2271 5517 2550 5569 concessit.
2584 5519 2687 5579 Qui
2718 5519 2800 5570 sic
2855 5517 3098 5571 liberalis
3136 5516 3339 5570 Paulus
3367 5516 3420 5568 in
3451 5517 3571 5568 Act.

1981 5584 2198 5652 legitur,
2232 5593 2290 5637 ut
2319 5584 2733 5654 statimqjubeat
2767 5587 2891 5654 bapt
2919 5590 3030 5640 ιιι-ἱ
3072 5591 3122 5638 in
3157 5587 3378 5640 nomine
3407 5583 3572 5638 Chri-

1979 5655 2074 5717 sti,
2109 5654 2388 5723 quomodo
2418 5653 2696 5709 inTbccla
2758 5653 2851 5711 sic
2875 5671 2988 5710 rem
3036 5656 3273 5717 distulit,
3301 5665 3359 5710 ut
3399 5657 3575 5709 mira-

1981 5726 2175 5797 culoso
2206 5725 2695 5797 baptismate,_seu
2722 5727 2991 5797 miraculo
3033 5727 3207 5797 ipsius
3261 5728 3369 5782 vim
3436 5742 3574 5797 snp-

1981 5796 2183 5864 plente,
2217 5796 2269 5850 in
2299 5811 2363 5850 ea
2395 5809 2537 5865 opus
2569 5794 2734 5849 fuerit
2765 5795 2788 5847 τ
