4040 6414
291 351 399 414 $29

1179 341 1463 402 ORATIO
1502 341 1655 400 XVI.
1686 366 1752 375 -
1797 340 1876 399 ΙΝ
1918 339 2251 399 LAUDEM.
2287 340 2346 399 S.
2371 340 2706 399 THECUE.

3446 343 3548 405 330

296 459 450 510 στίαν
478 453 886 527 προμεταστὰν,
925 454 1061 524 πρὸς
1113 454 1211 523 τὴν
1245 454 1456 523 ἀμείνω
1503 451 1590 507 διὰ
1639 468 1877 522 προσευ-

1992 448 2152 504 Deum
2186 450 2447 505 traduxit.
2477 449 2714 518 Totique
2737 450 2877 529 adeo
2905 451 3055 506 illius
3085 450 3270 506 doutui
3300 451 3552 507 immensi

295 547 401 617 χ’ἡς
427 544 840 616 μεταγαγοῦσαν
858 562 873 575 ο
905 545 1007 597 καὶ
1034 545 1098 614 δὴ
1125 545 1222 598 καὶ
1251 545 1359 615 ὅλῳ
1387 544 1592 612 ταύτης
1638 544 1717 612 τῷ
1742 544 1876 614 οίκῳ

295 639 471 708 χαρᾶς
524 637 831 707 ἁφράστου,
872 636 969 689 κα.)⁵
1019 637 1295 706 surripiat;
1342 635 1495 688 αίτία
1550 635 1874 703 γενομένην,

294 728 444 791 αὖθις
508 729 752 798 μετιέναι
800 728 895 782 τὸν
926 726 1320 798 καθηγεμόνα·
1354 727 1414 780 ὃν
1463 726 1753 797 εὑροῦσαν,
1782 727 1878 780 καὶ

293 820 391 890 τὴν
437 822 521 872 ἐπ’
551 822 690 891 αὐτῇ
739 820 1132 890 συμπεσοῦσαν
1161 819 1477 887 οἰκονομίαν
1512 818 1875 888 ὑφηγησαμέ-

292 930 410 981 νην,
439 912 591 983 αὑτῷ
628 912 730 983 μὲν
780 913 863 966 ὃτι
904 912 1143 983 μάλιστα
1180 911 1439 980 πλείστης
1477 908 1879 980 παρακλήσεως

290 1007 387 1058 καί
416 1005 803 1076 εὐφροσύνης,
830 1006 944 1068 τοῖς
976 1006 1187 1067 πιστοῖς
1235 1003 1293 1056 δὲ
1334 1003 1577 1081 μεγάλης
1621 1002 1878 1072 ἀφορμὴν

293 1098 982 1168 χρηματίταιοίκοδομῆς.
1278 1087 1282 1091 ⁴
1374 1078 1409 1094 ”
1468 1139 1471 1142 .

370 1186 562 1252 Οὕτως
599 1190 635 1258 ἡ
670 1187 933 1242 πανολϐία
958 1186 1020 1240 τὸ
1043 1184 1343 1255 μαρτύριον
1372 1182 1696 1251 ἀφοσιοῦται
1722 1181 1841 1253 Θεῷ
1860 1199 1876 1212 ·

296 1277 517 1350 πρώτη,
548 1278 800 1347 καθάπερ
831 1281 859 1331 ὁ
885 1277 1061 1346 μέγας
1092 1276 1364 1345 Στέφανος
1392 1275 1673 1347 ἀνδράσιν,
1702 1273 1877 1336 οὕτως

297 1369 441 1439 αὑτὴ
473 1368 687 1422 στάδιον
719 1367 1010 1439 ἀθλητικὸν
1039 1366 1315 1437 ὑπερϐολῇ
1355 1365 1592 1428 πίστεως
1614 1364 1880 1428 διανοίξα-

300 1477 369 1513 σα
393 1459 641 1528 γυναιξίν
661 1474 678 1490 ο
707 1459 786 1513 διὸ
805 1459 898 1513 καὶ
932 1457 1179 1529 μείζονος
1211 1459 1431 1512 πάντων
1455 1457 1554 1528 τῆς
1579 1456 1716 1527 πρὸς
1745 1457 1881 1528 Χρι-

298 1552 428 1604 στοῦ
491 1550 788 1622 τετύχηκεν
839 1552 1188 1622 ἐπικουρίας,
1236 1553 1321 1606 ὅτι
1380 1552 1585 1614 πάσαις
1633 1548 1881 1619 θηλείαις

298 1642 523 1712 ἔμελλεν
557 1624 1021 1713 περιφανέστατον
1049 1642 1360 1712 ἀρχέτυπον
1400 1639 1707 1711 μαρτυρίας
1750 1638 1881 1692 ἀνα-

294 1734 630 1789 δείκνυσθαι.

1981 544 2166 612 gaudii
2204 551 2368 613 atque
2412 544 2609 600 salutis
2641 552 2838 597 auctor
2879 542 3091 607 eﬂ‘ecta,
3121 560 3316 601 rursus
3352 560 3556 614 praece-

1982 642 2195 705 ptorem
2220 635 2353 699 adit,
2387 638 2737 706 narratisque
2761 652 2883 705 quc
2905 638 3267 705 propensiore
3302 637 3393 692 Dei
3420 651 3553 692 cou-

1983 726 2112 781 silio
2147 736 2300 795 gesta
2348 727 2402 781 in
2442 728 2533 781 illa
2568 738 2746 790 erant,
2776 742 2902 781 cum
2938 729 2987 782 ei
3010 728 3249 784 maxime
3280 729 3557 801 ingentem

1982 819 2145 888 plane
2172 819 2609 875 consolationem
2634 834 2699 873 ac
2729 819 2975 874 laetitiam
3005 820 3212 888 attulit,
3244 829 3360 876 tum
3390 821 3563 877 lideli-

1984 907 2088 966 bus
2128 924 2340 977 magnm
2371 923 2540 965 causa
2568 908 2945 965 aediﬁcationis
2972 910 3098 966 fuit.

2064 1175 2123 1228 ln
2153 1190 2276 1229 eum
2313 1174 2536 1231 modum
2588 1174 2906 1231 beatissima
2946 1175 3039 1231 Dei
3072 1179 3335 1247 martyrio
3383 1179 3563 1251 fungi-

1986 1273 2077 1320 tur
2104 1283 2120 1319 :
2145 1265 2320 1334 prima
2339 1266 2621 1331 nimirum,
2656 1267 2809 1323 velut
2826 1266 3144 1338 Stephanus
3167 1270 3324 1338 viris,
3357 1271 3441 1326 sic
3468 1272 3563 1327 illa

1987 1357 2228 1424 feminis,
2266 1359 2591 1415 excellentia
2617 1360 2743 1417 ﬁdei
2779 1363 3033 1432 aperiens
3083 1366 3409 1422 certaminis
3443 1375 3563 1421 sta-

1985 1452 2159 1508 dium.
2210 1451 2394 1519 Quare
2435 1455 2602 1509 etiam
2646 1456 2913 1527 majorem
2966 1459 3225 1515 omnibus
3253 1474 3283 1513 a
3340 1460 3567 1517 Christo

1986 1552 2282 1599 consecuta
2313 1553 2399 1601 est
2426 1546 2860 1615 opitulationem,
2898 1549 3044 1621 quod
3070 1552 3286 1608 cunctis
3317 1554 3567 1610 mulieri-

1986 1636 2091 1692 bus
2136 1637 2568 1693 illustrissimam
2619 1640 2932 1698 exhibitura
2981 1651 3131 1700 esset
3178 1647 3425 1717 martyrii
3461 1646 3567 1702 for-

1988 1748 2131 1788 mam
2161 1742 2330 1803 atque
2373 1735 2675 1804 exemplar.

384 1825 663 1879 Ἐντεῦθεν
694 1824 876 1893 πάσης
929 1823 1235 1894 ἀνθρώπιον
1285 1823 1551 1895 ἐπηρείας
1605 1824 1884 1897 ὑπερτέρα

2060 1825 2199 1881 Hinc
2226 1827 2377 1881 omni
2405 1827 2642 1882 humana
2675 1828 2878 1897 injuria
2915 1840 3140 1901 pr0pter
3164 1831 3447 1888 Christum
3479 1848 3567 1890 su-

291 1916 383 1970 6t:‘t
446 1917 685 1987 Χριστὸν
751 1916 1124 1986 γεγενημένη,
1170 1916 1267 1971 καὶ
1326 1916 1453 1979 τοῦς
1485 1916 1883 1989 ἀθλοφορικοῦς

289 2006 447 2074 ἀγῶν
466 2025 516 2070 νς
548 2007 857 2079 ὑπερϐᾶσα,
890 2007 982 2060 τὸν
1011 2007 1373 2061 ἀποστολικδν
1401 2008 1529 2080 ἄχρι
1554 2009 1743 2073 τέλους
1768 2008 1883 2080 βίον

292 2100 617 2169 ἀκραιφνῶς
641 2099 985 2153 ἐπολιτεύετο
1007 2115 1020 2128 ’
1053 2099 1150 2153 καὶ
1182 2100 1315 2153 ποτέ
1352 2100 1451 2170 μὲν
1493 2101 1633 2171 πρὸς
1678 2100 1777 2172 τὴν
1803 2103 1884 2154 ol-

297 2190 455 2244 κείαν
510 2191 814 2245 ἐπανιοῦσα
852 2190 1029 2257 πόλιν,
1062 2192 1143 2254 εἰς
1178 2190 1470 2262 οἰκοδομὴν
1496 2192 1607 2244 τῶν
1641 2192 1881 2257 οἰκείων,

298 2284 558 2355 καὶπρὸς
602 2283 737 2337 Θεὸν
791 2285 1143 2354 ὑποστροφήν
1165 2300 1179 2315 ο
1216 2285 1292 2348 ὡς
1324 2284 1528 2338 ἐπίπαν
1553 2284 1610 2337 δὲ
1655 2284 1754 2355 τὴν
1787 2285 1884 2338 Σε-

298 2374 550 2429 λεύκειαν
578 2376 878 2445 αἱρουμένη
910 2377 1204 2437 κατοικεῖν,
1231 2376 1392 2445 μόνον
1420 2375 1580 2428 τοῦτο
1605 2375 1692 2428 διὰ
1716 2392 1883 2428 σπου-

291 2467 397 2536 δῆς
429 2465 589 2537 ἔργον
641 2462 788 2537 εἶχεν
837 2468 946 2530 ἀεὶ,
1006 2466 1333 2537 μεγαλύνειν
1388 2466 1643 2536 Χριστόν.
1703 2467 1884 2521 Μόνον

295 2557 459 2611 τοῦτο
490 2558 802 2629 φρόντισμα
839 2562 933 2612 καὶ
990 2558 1218 2629 καρδίας
1274 2558 1515 2628 ἔμμονον
1575 2558 1876 2629 μελέτημα,

292 2647 547 2712 δοξάζειν
575 2648 833 2719 Χριστόν.
859 2649 974 2703 Καὶ
1000 2647 1110 2720 γὰρ
1137 2649 1282 2719 λόγῳ
1314 2648 1415 2718 μὲν
1441 2648 1716 2701 ἐνουθέτει
1743 2649 1882 2701 πάν·-

291 2756 398 2803 τας
425 2741 520 2793 καὶ
554 2740 733 2802 πάσας
762 2740 1115 2811 ἐπιστρέφειν
1158 2740 1254 2793 ἐπὶ⁹
1283 2740 1374 2793 τὸν
1405 2740 1536 2792 Θεὸν
1564 2739 1655 2793 τὸν
1679 2737 1882 2805 ζῶντα,

293 2831 395 2885 καὶ
444 2830 542 2895 τὰς
574 2833 1093 2903 πατροπαραδότους
1124 2832 1221 2886 καὶ
1266 2833 1524 2903 μυσαρὰς
1564 2832 1882 2903 θρησκείας,

295 2923 399 2977 καὶ
428 2924 610 2988 πάσας
663 2924 954 2995 συνηθείας
987 2924 1340 2988 ἐκκλίνοντας
1394 2924 1658 2994 πονηρὰς,
1711 2928 1885 2993 μόνης

294 3015 528 3087 ἔχεσθαι
579 3015 814 3088 παρῄνει
847 3019 946 3088 τῆς
977 3018 1037 3071 ἐν
1079 3016 1304 3089 Χριστῷ
1335 3015 1596 3086 ἀληθείας
1651 3017 1747 3070 καὶ
1791 3017 1885 3067 πί-

297 3123 478 3170 στεως
502 3148 519 3174 ,
554 3108 721 3179 μόνης
750 3111 848 3177 τῆς
877 3108 1021 3161 κατά
1050 3106 1112 3162 τδ
1137 3108 1470 3177 Εὑαγγέλιον
1505 3106 1886 3178 ἐπιμελεῖσθαι

301 3198 456 3268 ζωῆς
482 3238 500 3266 ,
534 3201 628 3253 καὶ
652 3197 787 3271 πρὸς
814 3198 874 3250 ἓν
912 3199 1075 3269 μόνον
1103 3199 1257 3269 ὁρᾷν,
1285 3198 1345 3251 τὸ
1377 3199 1612 3269 ἀρέσκον
1635 3196 1715 3267 τῷ
1743 3196 1884 3267 Θεῷ.

380 3381 618 3437 Τοιαῦτα
643 3386 755 3447 τοῖς
787 3384 968 3453 λόγοις
995 3388 1029 3456 ἡ
1066 3385 1462 3456 μακαριωτάτη
1495 3384 1765 3456 παρθένος
1795 3383 1890 3437 καὶ

297 3476 603 3539 ἀπόστολος
656 3478 1159 3549 διαμαρτυρομένη,
1204 3480 1351 3551 ἐργῳ
1399 3480 1524 3542 τοὺς
1572 3476 1888 3548 ἀρρώστους

300 3568 488 3621 αὐτῶν
517 3569 585 3622 δι’
620 3570 964 3640 ἐπικλήσεως
1002 3571 1307 3639 ἐθεράπευε
1357 3571 1598 3642 Χριστοῦ
1623 3588 1636 3602 ·
1663 3570 1758 3623 καὶ
1785 3570 1892 3623 πᾶ-

300 3676 408 3712 σαν
438 3658 692 3731 σώματος
743 3664 1014 3732 πήρωσιν,
1071 3663 1165 3716 καὶ
1217 3663 1399 3716 πᾶσαν
1452 3662 1723 3729 δαιμόνων
1752 3661 1891 3731 ἐπή-

303 3769 463 3812 οειαν
487 3769 502 3783 ’
532 3753 629 3806 καὶ
655 3755 838 3808 πᾶσαν
870 3753 1130 3819 καθάπαξ
1154 3756 1332 3808 εἰπεῖν
1373 3754 1531 3808 νόσον
1557 3753 1653 3806 καῖ¹
1706 3754 1891 3807 πᾶσαν

307 3845 589 3914 μαλακίαν
622 3845 859 3917 ίωμὲνη·
907 3848 971 3901 οὐ
1011 3848 1172 3918 μόνον
1219 3847 1298 3913 δὲ,
1353 3845 1490 3900 ἀλλὰ
1518 3847 1612 3899 καὶ⁵
1644 3844 1721 3915 τῷ
1751 3844 1890 3915 ἁγίῳ

304 3938 650 4009 βαπτίσματι
681 3938 1116 4009 τελετουργοῦσα
1139 3955 1154 3968 θ
1204 3938 1414 4008 ταύτην
1458 3937 1568 4008 γὰρ
1603 3937 1742 4007 μόνη
1788 3951 1890 4001 γυ-

304 4032 518 4093 ναικῶν
546 4032 738 4101 εἴληφε
761 4030 862 4102 τὴν
883 4031 1133 4098 ἐξουσίαν
1160 4048 1174 4062 ·
1207 4028 1371 4086 ἆθλον
1389 4030 1595 4101 δηλαδὴ
1616 4029 1774 4082 τοῦτο
1798 4028 1892 4082 καὶ⁸

303 4125 482 4198 γέρας
515 4126 795 4198 ἐξαίρετον
818 4123 932 4179 οἷον
980 4128 1083 4197 τῆς
1108 4126 1323 4188 τελείας
1353 4123 1630 4194 ἀθλήσεως
1667 4123 1764 4176 καὶ
1798 4121 1892 4175 πί-

310 4233 512 4280 στεως,
543 4217 751 4279 πάντας
780 4215 1074 4287 ᾠκοδόμει,
1095 4216 1190 4269 καὶ
1217 4218 1298 4278 είς
1333 4216 1461 4284 μίαν
1490 4214 1653 4282 ἁγίαν
1676 4215 1733 4265 ἐν
1759 4213 1891 4283 Χρι-

307 4306 425 4379 στῷ
464 4308 640 4378 Ἰησοῦ
684 4308 1012 4378 Ἐκκλησίαν
1034 4307 1415 4378 κατηρτίζετο.

393 4402 550 4454 Ἐπεὶ
578 4401 634 4455 δέ
667 4403 758 4455 τὸν
784 4402 984 4472 δρόμον
1023 4401 1205 4465 καλῶς
1235 4400 1573 4461 τετελεκυία,
1598 4401 1679 4462 είς
1717 4398 1894 4468 γῆρας

1986 1919 2172 1987 perior
2201 1918 2420 1982 etiecta,
2473 1920 2864 1991 superatisque
2898 1922 3252 1993 triumphalis
3297 1925 3569 1994 palaaszra:

1985 2013 2278 2084 agonibus,
2310 2013 2669 2082 apostolicam
2697 2013 2752 2067 in
2779 2013 2938 2069 linem
2983 2031 3155 2085 usque
3197 2017 3361 2087 plane
3390 2019 3564 2074 vitam

1983 2106 2095 2175 egit
2137 2122 2153 2160 :
2194 2119 2259 2159 ac
2278 2104 2610 2176 quandoque
2636 2105 2855 2174 quidem
2876 2107 2943 2162 ad
2972 2108 3249 2178 propriam
3284 2119 3568 2167 revertens

1984 2197 2284 2262 civitatem,
2310 2196 2378 2252 ad
2394 2196 2806 2252 aediﬁcationem
2826 2199 3155 2255 necessariis
3182 2201 3569 2269 praestandam,

1988 2291 2221 2360 illosque
2255 2289 2323 2344 ad
2352 2288 2522 2344 Deum
2573 2290 3004 2357 convertendos;
3037 2291 3360 2362 plerumque
3387 2303 3568 2349 tamen

1988 2382 2249 2438 Seleucia:
2269 2382 2480 2437 delecto
2507 2382 2761 2452 hospitio,
2794 2397 2959 2435 unum
2984 2381 3088 2438 hoc
3113 2397 3252 2453 opus
3281 2383 3571 2454 diligenter

1989 2473 2202 2545 agebat,
2252 2481 2311 2527 ut
2363 2472 2645 2528 Christum
2707 2472 3103 2542 magniiicaret.
3160 2470 3281 2528 Una
3328 2474 3444 2530 haec
3493 2477 3571 2531 illi

1986 2579 2121 2620 cura
2153 2565 2481 2633 assiduaque
2516 2563 2714 2618 mentis
2748 2564 3027 2634 cogitatio,
3060 2572 3119 2618 ut
3149 2564 3428 2621 Christum
3454 2568 3572 2636 glo-

1990 2656 2228 2710 riticaret
2250 2663 2415 2725 atque
2444 2655 2714 2710 laudaret.
2748 2656 2962 2711 Etenim
3010 2661 3158 2712 viros
3181 2672 3373 2713 omnes
3405 2667 3571 2728 atque

1991 2746 2250 2803 mulieres
2274 2749 2437 2803 verbo
2462 2747 2792 2802 admonebat
2814 2749 3055 2805 converti
3078 2751 3144 2804 ad
3164 2749 3332 2805 Deum
3363 2752 3568 2815 vivum,

1990 2847 2328 2910 paterneque
2369 2855 2557 2895 errore
2599 2850 2853 2912 acceptas
2889 2842 3245 2912 impurasque
3299 2844 3571 2913 supersti-

2006 2930 2190 2985 tiones
2210 2945 2516 3001 pravasque
2541 2946 2733 2987 omnes
2773 2934 3200 2987 consuetudines
3244 2932 3568 3001 deserendo,

1993 3022 2097 3076 soli
2136 3022 2190 3075 in
2224 3022 2451 3078 Christo
2484 3025 2700 3078 veritati
2729 3032 2897 3094 atque
2916 3023 3041 3077 ﬁdei
3070 3023 3351 3079 adhaerere
3381 3024 3570 3077 horta-

1993 3114 2187 3169 batur:
2212 3115 2340 3169 vitze
2364 3115 2632 3169 duntaxat
2661 3130 2724 3170 ex
2746 3114 3021 3187 Evangelii
3050 3115 3355 3170 rationibus
3379 3129 3568 3169 curam

1992 3206 2220 3272 habere,
2245 3207 2412 3278 inque
2426 3224 2595 3263 unum
2616 3207 2979 3279 solum,quod
3009 3208 3122 3264 Deo
3144 3208 3371 3278 placeat,
3400 3211 3571 3266 animi

1992 3315 2213 3357 sensum
2245 3303 2543 3357 attendere.

2062 3392 2413 3464 Ejuscemodi
2450 3395 2766 3451 beatissima
2802 3396 2959 3467 virgo
2990 3395 3173 3452 verbis
3227 3403 3571 3458 contestans,

1992 3485 2211 3541 illorum
2250 3486 2498 3541 inlirmos
2523 3485 2729 3541 Christi
2757 3486 2998 3541 nominis
3024 3486 3377 3542 invocatione
3408 3501 3573 3555 Opere

1993 3576 2268 3645 curabat;
2299 3592 2572 3649 omneque
2609 3577 2859 3648 corporis
2903 3578 3118 3640 vitium,
3154 3584 3318 3648 atque
3352 3591 3572 3632 omnem

1994 3668 2302 3724 daemonum
2319 3669 2632 3737 Izesionem;
2658 3682 2899 3735 omnem,
2930 3676 2990 3723 ut
3022 3668 3190 3725 verbo
3209 3668 3412 3734 dicam,
3434 3681 3577 3721 mor-

1995 3759 2149 3825 bum,
2180 3766 2237 3812 et
2273 3772 2490 3812 omnem
2524 3759 2845 3828 languorem
2872 3773 3075 3814 sanans
3113 3775 3127 3812 :
3172 3772 3349 3828 neque
3381 3755 3435 3811 id
3480 3771 3576 3810 so-

1993 3848 2131 3914 lum,
2164 3849 2258 3904 sed
2290 3857 2342 3903 et
2371 3863 2531 3904 sacro
2574 3849 2903 3916 baptismate
2934 3847 3161 3902 initians
3207 3846 3381 3916 (hanc
3424 3845 3574 3899 enim

1994 3936 2109 3991 sola
2145 3936 2437 3990 mulierum
2463 3947 2621 3990 nacta
2648 3946 2732 3992 est
2756 3944 3083 4006 potestatem
3110 3953 3126 4003 ;
3158 3950 3350 4006 nempe
3371 3948 3573 3989 munus

1995 4030 2099 4083 hoc
2114 4028 2369 4097 velutque
2390 4029 2669 4098 singulare
2692 4027 2975 4098 praemium
3000 4027 3225 4099 perfecti
3248 4025 3573 4081 certaminis

1997 4129 2160 4190 atque
2186 4120 2570 4189 lidei)omnes
2610 4120 2937 4186 aedificabat,
2993 4121 3161 4191 inque
3222 4132 3387 4172 unam
3441 4130 3572 4172 san-

1995 4221 2138 4267 ctam
2175 4213 2231 4268 in
2264 4213 2483 4268 Christo
2503 4212 2630 4269 Jesu
2660 4211 2960 4269 Ecclesiam
2980 4213 3316 4285 perﬁciebat.

2071 4396 2226 4463 Quod
2262 4412 2390 4452 vero
2420 4411 2586 4452 cursu
2622 4398 2790 4468 probe
2822 4408 3205 4454 consummato
3226 4400 3295 4465 ",
3327 4401 3393 4455 ad
3430 4402 3577 4471 opti-
3603 4462 3623 4481 ο

307 4495 414 4565 ἤδη
458 4496 581 4547 πῖον
639 4496 951 4566 κατήντησε
1002 4494 1096 4548 καὶ
1138 4495 1406 4565 χρηστόν’
1450 4492 1537 4545 ἵνα
1576 4493 1678 4545 κάν
1719 4492 1893 4563 τούτῳ

2006 4505 2149 4545 mam
2196 4489 2308 4560 jam
2364 4490 2682 4558 bonamque
2738 4498 3078 4546 senectutem
3139 4501 3363 4547 venerat
3393 4493 3481 4554 ⁸⁸,
3518 4502 3580 4548 ut

306 4587 477 4640 πλέον
503 4585 603 4659 ἔχῃ
630 4586 741 4639 τῶν
784 4587 961 4640 ἄλλων
1005 4588 1197 4654 ἁγίων,
1243 4586 1342 4657 τὴν
1375 4585 1677 4658 παράδοξον
1709 4586 1894 4638 τελευ-

310 4679 413 4751 τὴν
452 4682 547 4734 καὶ
602 4681 930 4751 ἀποκρυφήν
952 4696 964 4709 ⁸
1000 4679 1238 4749 ἀνῆπται
1295 4678 1393 4748 μὲν
1442 4677 1635 4747 φθόνος
1668 4679 1781 4740 τοῖς
1802 4693 1897 4729 πο-

310 4774 636 4843 νηροτάτοις
657 4775 757 4844 τῆς
779 4773 988 4834 πόλεως
1020 4771 1141 4825 κατ’
1168 4771 1339 4841 αὐτῆς
1357 4788 1372 4802 ·
1407 4770 1648 4841 ἀνῆπται
1674 4769 1731 4823 δὲ
1758 4769 1896 4839 μᾶλ-

310 4865 409 4919 λον
442 4867 556 4930 τοῖς
589 4866 672 4920 ίατ
684 4868 814 4936 ροῖς.
852 4865 925 4918 Τὸ
950 4864 996 4917 δ’
1031 4863 1225 4953 αἴτιὲν,
1253 4864 1336 4917 ὅτι
1358 4864 1490 4934 παρ’
1530 4861 1702 4935 αὐτὴν
1731 4862 1779 4914 oi
1809 4878 1898 4913 νο-

314 4955 545 5020 σοῦντες
603 4956 795 5023 ίὸντες,
860 4956 1086 5012 ἐκείνων
1142 4952 1514 5027 παρημέλουν.
1563 4952 1899 5024 Συμὸούλιον

424 5135 469 5167 ⁸⁷
496 5137 540 5194 ll
566 5135 709 5192 Tim.
748 5151 824 5202 tv,
853 5133 906 5189 7.
1015 5134 1059 5169 ⁸⁸
1082 5133 1219 5190 Gen.
1252 5149 1380 5201 xxv,
1405 5134 1460 5193 8.

316 5324 505 5379 Maria:
526 5320 952 5393 praesentatione
973 5326 1027 5393 et
1056 5317 1388 5393 educatione
1400 5317 1471 5393 _in
1491 5317 1737 5393 templo,
1768 5334 1892 5393 quae

316 5404 433 5449 tota
468 5388 580 5458 iam
630 5392 838 5460 recepit
872 5389 1118 5445 Ecclesia
1148 5406 1164 5453 ;
1223 5388 1532 5460 repudiavit
1564 5388 1811 5460 Romana
1840 5391 1895 5445 in

315 5465 421 5521 Pio
450 5463 518 5526 ν,
553 5457 1013 5518 ιηὶιὶυειιαϋιεηιο
1071 5457 1416 5528 postmodum
1453 5458 1609 5513 Sixto
1645 5457 1706 5513 V.
1741 5458 1902 5524 Quaa-

316 5537 447 5590 dam
484 5535 539 5589 in
567 5534 661 5587 illo
688 5531 832 5586 libro
864 5540 1099 5599 exstant,
1141 5529 1304 5584 nobis
1360 5530 1701 5599 apocrypha
1737 5538 1902 5598 atque

316 5606 578 5676 reproba,
606 5603 848 5676 antiquis
870 5601 1056 5676 (etiam
1081 5598 1313 5676 Latinis,
1343 5597 1627 5676 magisque
1670 5597 1901 5676 Graecis)

320 5670 570 5738 laudata,
607 5683 667 5729 ut
691 5670 758 5728 de
780 5671 1076 5727 obstetrice
1104 5684 1120 5721 :
1155 5672 1208 5723 in
1248 5682 1371 5737 quae
1399 5670 1559 5724 modo
1577 5686 1684 5723 non
1716 5671 1902 5739 inqui-

317 5748 581 5814 tendum,
618 5754 674 5801 et
701 5759 771 5798 an
807 5742 943 5797 nihil
988 5755 1016 5792 a
1068 5739 1173 5794 [ide
1206 5740 1565 5806 abhorreant,
1608 5751 1695 5794 aut
1732 5740 1902 5795 divini

639 5837 911 5898 PATROL.
956 5834 1047 5894 Gn
1120 5832 1245 5894 CV.

2001 4585 2057 4639 in
2100 4585 2204 4639 hoc
2242 4596 2462 4654 quoque
2490 4598 2602 4653 prie
2628 4583 2837 4638 sanctis
2859 4583 3088 4654 reliquis
3107 4584 3369 4654 majorem
3393 4587 3579 4642 excel-

2007 4678 2236 4732 tentiam
2283 4675 2511 4731 haberet
2552 4677 2633 4746 (ut
2670 4675 2848 4730 scilict
2901 4676 3144 4731 inaudita
3183 4685 3361 4733 morte
3390 4693 3455 4732 ac
3481 4693 3579 4732 oc—

1960 4764 2144 4824 ‘culta
2189 4766 2501 4840 praestaret)
2562 4769 2883 4823 accenditur
2938 4771 2989 4822 in
3021 4784 3139 4822 eam
3174 4769 3315 4823 livor
3370 4770 3574 4825 civium

2001 4861 2457 4929 scelestissimis;
2488 4862 2761 4931 praecipue
2790 4876 2920 4915 vero
2958 4861 3278 4916 accenditur
3325 4862 3574 4918 medicis.

2000 4950 2136 5019 Ejus
2164 4950 2308 5005 ratio
2349 4949 2475 5015 fuit,
2510 4953 2654 5020 quod
2719 4952 2907 5021 :cgroti
2951 4950 3018 5005 ad
3066 4968 3184 5005 eam
3226 4953 3577 5020 accedentes,

1998 5325 2190 5390 partus
2212 5318 2470 5389 puritate.
2501 5318 2574 5375 De
2604 5318 2893 5392 Tripltaeua
2928 5322 3065 5377 nihil
3096 5321 3386 5387 habemus,
3414 5337 3576 5392 quam

1996 5405 2119 5461 quae
2187 5398 2584 5461 reprmsentant
2650 5391 2764 5447 haec
2804 5391 3050 5461 Thecla:
3106 5394 3261 5458 Acta,
3326 5401 3382 5448 et
3433 5391 3577 5461 quod

1997 5460 2119 5529 ejus
2148 5460 2395 5513 meminit
2440 5463 2734 5530 Apostolus
2792 5460 2953 5516 Rom.
2991 5479 3103 5526 xvi,
3138 5466 3182 5518 si
3220 5473 3398 5517 tamen
3454 5460 3580 5515 tuaac.

1999 5531 2115 5597 ipsa
2144 5538 2253 5595 est,
2284 5544 2448 5598 quam
2495 5532 2652 5585 liom.
2702 5531 2903 5586 tabulae
2955 5533 3111 5587 aiunt
3150 5532 3315 5587 lconii
3363 5533 3470 5586 coli
3514 5533 3581 5587 i0

2000 5599 2293 5671 Novembr.
2325 5598 2528 5664 Quidni
2565 5602 2739 5671 magis
2770 5602 3099 5668 Antiochiae,
3138 5603 3229 5657 ubi
3260 5610 3411 5656 tanta
3461 5611 3579 5657 erat;

2004 5670 2220 5726 fettsiute
2249 5671 2505 5725 nobilitas
2525 5674 2549 5723 τ

3137 5831 3197 5894 il
