4040 6398
305 363 425 424 $3

1159 353 1447 411 ORATIO
1485 351 1638 410 ΧΥΙ.
1678 369 1747 380 -
1783 342 1860 400 ΙΝ
1905 338 2217 399 LAUDEM
2260 344 2300 398 S
2359 341 2694 400 'l‘ilEingE.

3471 343 3508 399 ti
3529 337 3582 398 ιι

308 478 422 538 τὰς
445 474 694 532 αίνέσεις,
723 468 817 530 τὰς
846 465 1186 536 παρθενικὰς
1219 465 1522 536 ἀριστείας,
1551 462 1650 526 τὰς
1668 461 1897 526 ἀθλοφο-

2018 454 2098 508 Llle
2127 465 2248 507 tuas
2274 454 2504 523 gratias,
2527 462 2656 508 tuas
2690 453 2900 514 laudes,
2945 454 3230 524 virginalis
3260 455 3428 509 animi
3458 455 3578 506 fni--

313 569 485 639 ρικάς
505 559 882 632 ἀνδραγαθίας,
916 559 1015 621 τὰς
1062 558 1294 611 ἀποστο)
1310 558 1431 620 ικάς
1447 556 1602 618 ὁδοὺς
1631 553 1726 608 καὶ
1750 568 1903 622 περι-

309 661 492 723 όδους,
521 657 674 726 μόνος
700 652 766 706 ἂν
802 652 1012 711 ἐκεῖνος
1037 651 1205 714 ἀξίως
1231 651 1454 714 δοξάσαι
1485 650 1580 703 καὶ
1607 645 1868 718 σεμνῦναι
1887 684 1902 708 ,

307 751 381 805 ὃν
403 752 682 820 ἠγάπησεν
700 749 734 816 ἡ
763 744 907 814 ψυχή
942 760 1061 804 σου,
1092 743 1237 796 κατὰ
1267 743 1336 796 τὰ
1360 743 1702 811 θεόφθεγκτα
1725 740 1902 807 λόγια,

307 844 377 895 ὃν
405 838 760 910 ἐκαρδίωσας,
784 836 842 890 ὃν
875 833 1128 900 ἐδίωξας,
1157 834 1216 887 ὃν
1249 834 1573 897 κατέλαϐες,
1608 831 1702 902 ὑφ’
1724 826 1785 886 οῦ
1812 832 1904 884 καὶ

306 930 684 1001 κατελήφθης,
743 934 946 998 γάμοις
977 927 1131 997 αὑτῷ
1162 929 1440 998 οὐρανίοις
1488 927 1582 980 καὶ
1611 925 1907 996 θεοπρεπε-

306 1026 535 1085 στὰτσις
579 1021 871 1093 ὑπερφυῶς
907 1021 1308 1090 συνενουμένη,
1339 1019 1619 1089 Πνεῦματι
1647 1021 1744 1070 καὶ
1782 1034 1906 1070 συν-

310 1117 630 1188 αρμολογου
640 1113 776 1184 μὲνη
805 1113 882 1183 τῷ
909 1112 1068 1182 ἁγίῳ.

400 1201 640 1260 Ἐκεῖνος
683 1201 797 1270 ἐρεῖ
845 1205 912 1271 τῇ
962 1200 1262 1271 ὡραιότητί
1309 1218 1426 1263 σου,
1469 1202 1564 1253 καὶ
1608 1199 1684 1270 τῷ
1723 1200 1908 1254 κάλλει

315 1309 442 1357 σου,
475 1291 613 1361 Ὅλη
667 1291 808 1363 καλὴ
851 1289 921 1360 εί,
972 1294 1006 1364 ὴ
1053 1293 1281 1364 πλησίον
1323 1310 1452 1363 μου·
1485 1293 1582 1364 ὅλη
1619 1291 1780 1363 καλὴ,
1815 1293 1908 1344 καὶ

321 1384 522 1452 μῶμος
552 1383 654 1436 οὐκ
677 1382 828 1437 ἐστιν
868 1386 926 1438 ἐν
969 1387 1086 1438 σοίο
1134 1385 1402 1455 ὀφθαλμοί
1438 1403 1532 1438 σου
1568 1383 1905 1455 περιστεραί.

320 1472 503 1526 Τοῦτό
531 1489 613 1524 σοι
634 1474 730 1524 καὶ
753 1473 914 1543 μόνον
939 1473 1066 1546 παρ’
1087 1474 1248 1527 αὐτοῦ
1273 1472 1759 1544 προσφωνοῦμενον
1782 1473 1912 1542 ἀρέ-

326 1579 415 1615 σει
465 1561 688 1632 μᾶλλον,
719 1562 754 1633 ἢ
791 1565 993 1628 πάντες
1027 1565 1077 1616 οί
1110 1564 1166 1630 ἐξ
1196 1561 1497 1634 ἀνθρώπων
1535 1563 1642 1616 ἀπὸ
1678 1562 1783 1632 γῆς
1821 1562 1910 1615 λό-

323 1669 439 1720 γοι.
483 1653 644 1722 Ἡμῖν
675 1653 733 1706 δὲ
762 1655 923 1724 μέγα,
957 1652 1060 1707 κᾶν
1092 1655 1140 1705 εί
1163 1652 1350 1726 πόρρω
1378 1652 1474 1722 τῆς
1503 1655 1603 1723 σῆς
1633 1651 1912 1720 ἱστάμενοι

326 1744 778 1815 μεγαλειότητος,
823 1746 918 1799 καὶ
952 1745 1088 1816 μόνῃ
1132 1747 1198 1816 τῇ
1233 1749 1332 1816 τῆς
1377 1748 1474 1813 σῆς
1512 1744 1672 1812 ἁγίας
1705 1743 1913 1808 εἰκόνος
1939 1785 1987 1844 Β

326 1835 605 1906 ἐμφερείᾳ
641 1835 1094 1905 προσϐλέποντες,
1133 1836 1225 1888 τὸν
1256 1836 1567 1906 καθήκοντα
1608 1835 1906 1906 προσάγοι-

326 1940 436 1993 μεν
472 1925 784 1994 ἀσπασμόν.
827 1926 1019 1998 Χαῖρε,
1060 1927 1122 1979 τὸ
1166 1925 1266 1996 τῆς
1317 1927 1641 1998 ὑπερουσίου
1681 1927 1909 1998 Τριάδος

323 2015 654 2086 ἐνδιαίτημα
683 2015 778 2068 καὶ
809 2017 1107 2086 σκήνωμαο
1132 2017 1194 2072 τὸ
1217 2017 1326 2071 τῶν
1355 2017 1742 2089 ὑπερκοσμίων
1773 2017 1910 2071 νόων

327 2107 591 2177 ιῖράῖσμα
640 2109 735 2160 καὶ
769 2107 1118 2180 ἀγαλλίαμα·
1166 2110 1228 2163 τὸ
1278 2109 1390 2164 τῶν
1425 2109 1738 2163 ἀποστόλων
1777 2107 1910 2162 καλ-

327 2199 595 2272 ὶὼπισμα
621 2219 634 2232 ’
669 2202 778 2254 τῶν
806 2203 1100 2274 μαρτύρων
1130 2204 1478 2274 στεφάνωμα.

397 2382 574 2452 Χαῖρε
627 2383 1022 2455 καλλίμαρτυς,
1071 2384 1524 2455 παρθενόμαρτυς
1567 2385 1660 2437 καὶ
1702 2385 1912 2454 πρωτό-

325 2491 580 2544 μαρτυςθ
610 2475 694 2529 ὅτι
737 2477 833 2546 οὐχ
885 2476 960 2538 ὡς
997 2476 1095 2530 ἕνα
1146 2475 1254 2530 τῶν
1300 2477 1408 2530 ἀπὸ
1450 2477 1553 2546 γῆς
1584 2476 1909 2547 ἀνθρώπων,

319 2565 450 2618 ἀλλ’
507 2567 586 2629 ὡς
635 2565 868 2634 ἄγγελον
908 2567 1080 2634 Θεοῦ,
1128 2568 1204 2630 ὡς
1247 2568 1480 2638 Χριστόν
1538 2569 1764 2639 Ἰησοῦν,
1821 2569 1912 2621 τὸν

321 2656 475 2709 θεῖον
503 2656 773 2727 δεξαμένη
803 2657 1014 2710 Παῦλον
1033 2675 1046 2689 ο
1073 2658 1169 2712 καὶ
1193 2659 1268 2721 ὡς
1302 2657 1625 2730 Ίσραηλῖτις
1643 2659 1789 2729 ψυχὴ
1818 2658 1913 2711 καί¹

323 2748 547 2817 μεγάλη
577 2749 693 2802 τὸν.
717 2750 777 2800 ἐν
812 2747 962 2818 αὐτῷ
1003 2747 1266 2819 διηνεκῶς
1311 2748 1603 2820 καθορῶσα
1655 2749 1909 2819 Χριστὸν,

316 2837 566 2906 ἑτοίμως
593 2837 693 2906 τὴν
715 2835 924 2907 ὑψηλὴν
951 2836 1043 2888 καὶ
1067 2837 1249 2900 ζῶσαν
1276 2838 1374 2908 τῆς
1403 2838 1706 2909 ἀποστολῆς
1753 2839 1912 2910 χάριν

322 2925 591 2997 εὐθύτητι
625 2925 860 2988 διανοίας
892 2926 1208 2978 ἐπεσπάσω.

403 3018 598 3087 Χαῖρε,
632 3017 714 3068 ὅτι
742 3014 957 3085 ἀληθῶς
987 3016 1044 3069 ἐν
1081 3014 1304 3086 Χριστῷ
1332 3017 1426 3069 καὶ
1456 3015 1601 3087 αὐτὴ·
1623 3017 1910 3087 νενίκηκας

2009 547 2290 602 titudines.
2315 546 2670 614 triumphalis
2704 561 2897 614 pugnae
2927 547 3172 601 facinora
3201 549 3361 616 digne
3397 547 3585 602 lauda-

2007 639 2144 692 verit
2168 653 2230 691 ac
2259 638 2582 698 honestarit,
2615 654 2774 706 quem
2803 639 2992 693 dilexit
3026 643 3204 693 anima
3229 651 3320 694 tua
3339 643 3406 703 ⁷⁷,
3433 640 3584 709 juxta

2007 729 2186 782 divina
2210 731 2456 795 oracula,
2494 732 2582 785 cui
2625 747 2721 784 cor
2751 731 3096 795 abSIraxisti,
3129 748 3288 802 quem
3312 749 3372 788 es
3399 749 3583 803 perse-

2007 833 2154 883 cuta,
2188 837 2347 891 quem
2377 823 2868 891 comprehendisti,
2907 838 2936 876 a
2975 839 3084 893 quo
3109 832 3164 880 et
3186 825 3582 895 comprehensa

2007 929 2067 968 cs
2093 913 2159 976 ⁷⁸,
2185 913 2503 968 οωιθειίὺυδ
2537 914 2611 967 illi
2640 929 2705 969 ac
2737 914 3099 971 divinissimis
3133 917 3334 972 eximie
3365 918 3583 972 counila

2012 1007 2241 1076 nuptiis,
2276 1021 2339 1059 ac
2371 1005 2598 1075 Spiritui
2629 1015 2824 1060 sancto
2846 1016 3118 1077 coaptata.

2081 1178 2176 1232 llle
2202 1177 2463 1233 nimirum
2497 1178 2749 1236 dicturus
2782 1191 2885 1246 est,
2917 1197 3016 1250 pro
3038 1189 3128 1234 tua
3165 1181 3256 1234 illa
3281 1182 3585 1236 vt-nustatis

2011 1267 2186 1321 forma
2209 1284 2274 1322 ac
2303 1271 2716 1340 pulchritudine
2747 1285 2762 1324 :
2799 1271 2933 1326 Tota
2985 1274 3205 1342 pulchra
3237 1285 3310 1326 es!
3342 1274 3586 1340 prox-ima

2014 1376 2158 1423 mea;
2205 1370 2314 1414 tota
2340 1361 2582 1428 pulchra,
2607 1372 2657 1417 et
2680 1363 2890 1417 macula
2913 1381 3016 1418 non
3035 1373 3115 1418 est
3146 1366 3198 1418 in
3228 1375 3294 1418 te.
3330 1365 3482 1418 Oculi
3513 1364 3588 1418 uti

2010 1451 2268 1506 columba:
2292 1454 2356 1505 7°.
2399 1452 2526 1508 Haec
2549 1455 2644 1509 tibi
2679 1471 2892 1525 unaque
2919 1456 2993 1510 ab
3017 1472 3084 1511 eo
3110 1457 3433 1511 acclamatio
3462 1473 3582 1510 ma-

2015 1541 2098 1609 gis
2128 1541 2384 1610 placebit,
2420 1558 2585 1612 quam
2615 1544 2884 1613 quidquid
2908 1561 2938 1599 e
2976 1552 3123 1599 terra
3155 1546 3408 1602 homines
3437 1546 3588 1617 loqui

2019 1634 2254 1701 possint.
2307 1633 2562 1705 Magnum
2596 1652 2727 1690 vero
2768 1636 2868 1706 ipsi
2917 1638 3206 1702 ducamus,
3249 1639 3293 1693 si
3325 1639 3405 1692 vel
3435 1653 3464 1692 a
3496 1647 3589 1693 tua

2017 1725 2206 1794 procul
2247 1725 2654 1796 magniﬁcentia
2699 1728 3064 1783 consistentes
3087 1730 3153 1794 ⁷³,
3191 1729 3356 1799 inque
3411 1730 3586 1783 solam

2032 1828 2233 1871 sanctte
2261 1823 2369 1871 tuae
2391 1816 2644 1885 imaginis
2683 1817 2914 1888 etiigiem
2949 1821 3136 1874 oculos
3181 1829 3588 1886 comet-tentes,

2010 1908 2428 1962 convenientem
2463 1909 2856 1965 salutationem
2887 1910 3272 1966 obtulerimus.
3320 1910 3481 1965 Salve
3509 1913 3587 1966 sis

2009 1999 2557 2069 superstdistantialis
2584 1999 2873 2055 Trinitatis
2907 2001 3278 2056 habitaculum
3308 2016 3371 2054 ac
3404 2002 3588 2058 taber-

2012 2088 2292 2151 naequm,
2364 2090 2932 2158 supermumlanarum
2990 2092 3253 2146 mentium
3323 2093 3586 2146 exitninm

2009 2178 2177 2234 decus
2210 2189 2266 2234 et
2296 2181 2618 2248 exsultatio,
2649 2182 3020 2252 apostolorum
3041 2181 3295 2253 gloriatio
3321 2198 3385 2237 ac
3405 2182 3589 2248 decor,

2010 2279 2316 2340 martyrum
2349 2285 2577 2325 corona.

2083 2358 2243 2414 Salve
2269 2361 2373 2427 sis,
2406 2363 2668 2430 praeclara
2708 2370 2933 2434 martyr,
2969 2363 3119 2434 virgo
3148 2371 3376 2435 martyr,
3405 2372 3593 2434 prato»

2012 2460 2240 2523 martyr,
2272 2454 2416 2522 quod
2448 2469 2560 2508 non
2585 2455 2734 2509 velut
2763 2472 2928 2509 unum
2977 2456 3212 2525 aliquem
3245 2465 3587 2513 terrenorqu

2013 2543 2320 2609 hominum,
2341 2545 2438 2600 sed
2474 2555 2535 2600 ut
2571 2547 2660 2601 Dei
2688 2549 2968 2617 angelum,
2994 2558 3053 2602 ut
3078 2550 3356 2605 Cbristmn
3380 2548 3590 2617 Jesum,

2011 2635 2261 2689 divinum
2297 2634 2525 2691 Paulum
2547 2638 2857 2706 suscipiens
2889 2639 2961 2702 ⁸⁸,
2993 2650 3048 2694 et
3081 2647 3142 2693 ut
3173 2641 3354 2694 anima
3381 2642 3594 2696 Israeli-

2015 2729 2086 2781 tis
2113 2737 2168 2782 et
2222 2743 2442 2799 magna,
2481 2731 2576 2800 qui
2622 2729 2679 2784 in
2705 2729 2800 2784 illo
2827 2739 2967 2797 erat,
3019 2733 3282 2788 continue
3314 2733 3592 2788 Christum

2012 2825 2307 2885 contuens,
2367 2820 2660 2875 sublimem
2702 2829 2869 2893 atque
2917 2824 3196 2878 viventem
3251 2828 3596 2895 apostolatus

2013 2911 2241 2977 gratiam
2275 2911 2474 2966 mentis
2501 2912 2848 2978 rectitudine,
2877 2927 3124 2985 prompte
3151 2917 3446 2972 attraxisti.

2103 2999 2266 3056 Salve
2295 3001 2397 3068 sis,
2431 3005 2576 3072 quod
2607 3011 2663 3058 et
2690 3005 2806 3075 ipsa
2835 3022 2963 3062 vere
2987 3007 3041 3062 in
3070 3007 3294 3064 Christo
3325 3008 3590 3064 mundum

322 3113 425 3162 τὸν
453 3108 810 3179 κόσμονοδιά
851 3108 1022 3178 πυρὸς
1063 3109 1172 3178 γὰρ
1219 3109 1650 3177 ἀκατάφλεκτος,
1708 3108 1802 3162 καὶ
1845 3106 1912 3160 δι’

2018 3092 2220 3146 vicisti.
2254 3091 2359 3147 Per
2394 3095 2573 3165 ignem
2603 3095 2749 3150 enim
2784 3096 3153 3161 incombusta,
3187 3107 3240 3152 et
3269 3115 3363 3168 per
3392 3114 3594 3170 aquam

332 3200 530 3263 ὓδατος
588 3198 1000 3262 ἀκατάκλυστος
1051 3199 1304 3269 διῆλθες·
1362 3199 1532 3270 θῆρας
1581 3200 1911 3280 ήμὲρωσας,

331 3291 570 3360 ταύρους
595 3289 868 3358 ὲπράῦνας
891 3307 905 3320 ·
939 3293 1034 3344 καὶ
1078 3289 1356 3357 συγγενῶν
1403 3289 1600 3359 μανίαν
1620 3332 1634 3354 ,
1667 3291 1758 3342 καὶ
1787 3290 1916 3359 ἐρα-

336 3383 483 3435 στῶν
515 3377 728 3451 οίστρον
755 3381 1030 3451 ἀφρόνων,
1069 3381 1162 3435 καὶ
1196 3381 1479 3452 ἡγεμόνων
1537 3381 1736 3435 ἀδίκων
1769 3381 1912 3450 βίαν,

331 3475 433 3526 καὶ
451 3472 722 3544 δαιμόνων
753 3474 1006 3542 κρυπτὴν
1041 3473 1309 3537 ἐπίθεσιν,
1349 3474 1444 3526 καὶ
1472 3474 1715 3542 πονηρὰν
1766 3472 1918 3536 ἐξου-

335 3568 460 3622 σίαν
489 3569 669 3621 πᾶσαν
693 3565 1056 3632 ὲξουδένωσας
1089 3567 1184 3621 καὶ
1214 3567 1585 3637 κατήρραξας.

406 3745 603 3815 Χαῖρε,
636 3743 838 3809 Θέκλα,
889 3743 1169 3814 θεόκλητε,
1202 3743 1264 3797 τὸ
1304 3745 1660 3816 χαριέστατον
1703 3761 1875 3816 ονομα
1897 3762 1914 3776 °

331 3836 398 3888 τὸ
422 3835 752 3906 τιμιώτατον
779 3836 874 3888 καὶ
910 3836 1238 3889 σεπτότατον
1263 3851 1278 3866 ⁶
1310 3835 1370 3888 τὸ
1401 3835 1652 3904 φίλτατον
1680 3835 1798 3906 Θεῷ
1827 3837 1919 3890 καὶ

332 3928 645 4000 ἀνθρώποις
674 3928 770 3981 καὶ
799 3929 1029 3999 πρᾶγμα
1057 3931 1151 3981 καὶ
1170 3927 1366 3996 ὖνομα.
1391 3929 1580 3998 Χαῖρε,
1610 3930 1690 3982 ὅτι
1711 3929 1920 4000 ἤνοιξέν

336 4038 424 4075 σοι
453 4021 552 4090 τὴν
585 4019 846 4088 ἀληθινὴν
890 4018 1063 4089 θύραν
1091 4021 1119 4073 ό
1149 4019 1392 4091 θυρωρός
1419 4036 1435 4050 ο
1475 4022 1571 4074 καί
1603 4020 1920 4075 εἰσελθοῦσα

328 4113 405 4166 δι’
437 4112 629 4181 αὐτῆς,
662 4111 874 4181 ἐσώθης
897 4127 912 4140 ο
946 4111 1237 4164 κάντεῦθεν
1273 4114 1630 4184 είσερχομὲνη
1669 4115 1805 4184 πρὸς
1831 4114 1922 4170 τὸν

335 4204 457 4257 ἅνω
488 4202 837 4272 παράδεισον,
865 4201 962 4255 καὶ
1000 4202 1071 4254 τὰ
1103 4203 1160 4254 ὲν
1205 4203 1354 4271 αὐτῷ
1394 4205 1785 4275 μακαριώτατα
1826 4204 1917 4259 τοῦ

333 4291 532 4362 νοητοῦ
581 4292 834 4360 Νυμφίου
892 4291 1062 4361 κάλλη
1110 4293 1202 4345 καὶ
1253 4293 1534 4363 θεάματα·
1572 4296 1663 4349 καὶ
1703 4297 1924 4368 ἐξερχο-

339 4385 482 4457 μένη
498 4385 554 4437 δὲ
581 4384 718 4454 πρὸς
748 4385 844 4454 τὴν
859 4383 1092 4455 θεωρίαν
1108 4386 1207 4454 τῆς
1238 4387 1782 4460 ἐγκατατεταγμένης
1808 4391 1922 4453 τοῖς

2021 3185 2366 3239 insubmersa
2397 3187 2680 3253 transisti;
2701 3187 3193 3254 bestiascicurasti,
3220 3201 3409 3246 tauros
3438 3207 3594 3244 man-

2018 3289 2282 3328 suescere
2330 3273 2554 3341 fecisti;
2601 3286 2959 3348 cognatorum
3015 3279 3278 3341 furorem,
3332 3280 3597 3349 insipien-

2019 3367 2264 3436 tiutnque
2294 3383 2586 3437 procorum
2618 3377 2850 3424 castrum
2872 3379 2927 3424 ct
2959 3370 3270 3439 iniquorum
3301 3372 3595 3442 praesidum

2021 3461 2359 3523 violentiam,
2391 3462 2812 3531 daemonutnque
2847 3463 3126 3516 occultam
3165 3466 3594 3534 aggres-ionem.

2019 3566 2186 3620 atque
2253 3554 2454 3608 malam
2515 3570 2734 3609 omnem
2788 3563 3116 3626 potestatem
3164 3557 3487 3612 destruxisti
3535 3574 3599 3614 ac

2015 3643 2230 3698 elisisti.

2103 3736 2216 3791 Ave
2245 3736 2346 3802 sis,
2400 3738 2602 3792 Thecla
2646 3755 2674 3792 a
2710 3738 2819 3793 Deo
2865 3748 3080 3802 vocata,
3137 3741 3596 3811 gratiosissimum

2022 3841 2240 3892 nomen,
2275 3827 2846 3893 hOllOl‘alliliSSllllUlﬂ,
2877 3845 3205 3902 summeque
3240 3833 3546 3887 venerabile
3579 3847 3595 3886 :

2022 3919 2476 3974 mirabilissimam
2513 3921 2625 3976 Deo
2673 3933 2727 3975 ct
2777 3923 3096 3977 hominibus
3136 3942 3247 3979 rem
3291 3927 3494 3995 pariter
3537 3941 3601 3980 ac

2023 4027 2246 4065 nomen.
2273 4010 2436 4065 Salve
2476 4013 2577 4076 sis,
2621 4013 2767 4082 quod
2801 4014 2898 4067 tibi
2939 4030 3128 4069 verum
3180 4017 3378 4071 ostium
3429 4016 3600 4071 ostia-

2024 4105 2142 4159 rius
2174 4104 2390 4174 aperuit
2412 4104 2481 4167 εί,
2512 4115 2567 4159 et
2591 4120 2688 4174 per
2725 4105 2858 4158 illud
2901 4107 3168 4176 ingressa,
3203 4110 3435 4163 salutem
3461 4123 3595 4161 con-

2024 4206 2212 4252 secuta
2270 4212 2350 4252 es.
2384 4197 2624 4265 Indeque
2667 4198 2914 4268 ingressa
2955 4199 3009 4252 in
3051 4202 3328 4255 ctelestem
3385 4201 3602 4270 paradi-

2024 4305 2169 4355 sum,
2197 4298 2252 4343 et
2268 4305 2390 4360 quae
2409 4291 2464 4344 in
2490 4290 2582 4345 illo
2604 4298 2754 4354 sunt,
2773 4290 3041 4360 spiritalis
3061 4290 3260 4360 Sponsi
3285 4292 3601 4346 beatissima

2024 4381 2223 4437 decora
2256 4397 2320 4436 ac
2350 4384 2688 4450 spectacula,
2713 4397 3045 4452 egressaque
3068 4383 3132 4435 ad
3169 4384 3290 4452 ejus
3321 4382 3604 4452 sapientia:

335 4474 482 4536 ὅλοις
533 4475 726 4542 σοφίας
773 4474 868 4527 καὶ
924 4474 1077 4539 θείας
1134 4478 1410 4548 προνοίας,
1460 4479 1648 4552 ὥσπερ
1708 4480 1919 4552 ἀγαθὴν

2026 4473 2336 4545 divinaque
2391 4474 2750 4544 providentiae
2789 4474 3312 4541 considerationem,
3353 4491 3473 4546 quae
3512 4491 3603 4527 re-

337 4563 544 4632 ταύτην
571 4564 845 4632 εὑρίσκεις
875 4565 961 4617 ἀεὶ
996 4568 1088 4618 καὶ
1124 4569 1314 4638 γοερὰν
1359 4570 1528 4642 νομὴν
1557 4574 1648 4625 καὶ
1688 4575 1914 4645 τροφήν.

408 4822 604 4892 Χαῖρε,
644 4823 726 4877 ὅτι
771 4826 934 4876 παντὶ
971 4827 1156 4898 τρόπῳ
1192 4830 1458 4902 ἡγιάσθης
1483 4851 1497 4865 ο
1547 4839 1710 4890 παντὶ
1762 4838 1917 4906 μέρει

335 4913 460 4982 θεῷ
486 4913 828 4983 καθιερώθης
852 4931 865 4944 ·
902 4918 1173 4986 πνεύματι
1215 4921 1314 4990 μὲν
1354 4925 1414 4977 ὲν
1443 4927 1691 4996 οὐρανοῖς
1720 4927 1798 4998 τῷ
1823 4928 1918 4999 βα·

341 5005 482 5058 σιλεῖ
502 5003 737 5069 δεξιόθεν
771 5008 1119 5078 παρεστῶσα,
1144 5015 1233 5066 καὶ
1259 5012 1484 5082 ἒίγιστα
1511 5021 1574 5088 τῇ
1607 5021 1911 5091 Θεομήτορι

338 5097 437 5150 κα)⁸
482 5095 714 5166 βασιλίδι
759 5099 868 5151 τῶν
911 5099 1047 5152 ὅλων
1081 5107 1414 5171 συνεστῶσα,
1455 5107 1919 5179 περιϐεϐλημένη,

339 5189 773 5258 πεποικιλμένη”
823 5193 922 5262 τῆς
965 5191 1058 5246 τοῦ
1108 5195 1468 5266 ἡγαπημένου
1515 5200 1691 5266 Λόγου
1729 5201 1924 5270 νοερᾶς

335 5281 676 5352 ὡραιότητος
703 5284 988 5354 προσεχῶς
1018 5290 1371 5359 κατατρυφᾷς
1391 5307 1405 5320 ο
1448 5293 1514 5361 τῇ
1555 5291 1700 5362 ψυχῇ
1730 5292 1809 5355 δὲ,
1843 5291 1922 5361 τῷ

337 5372 432 5425 τοῦ
466 5371 603 5427 Θεοῦ
634 5375 945 5445 παραδείσῳ
989 5380 1127 5447 μετὰ
1153 5382 1248 5433 τοῦ
1297 5381 1512 5436 κλεινοῦ
1566 5382 1920 5453 διατρίϐουσα

337 5464 741 5546 καθηγεμόνος,
776 5469 875 5537 τῆς
909 5470 1294 5540 τερπνότητος,
1407 5472 1586 5544 θέμις,
1617 5473 1726 5527 τῶν
1753 5474 1918 5528 αὑτοῦ

337 5559 560 5626 ἀγαθῶν
603 5561 809 5625 ἁενάως
858 5562 1305 5616 ἀναπίαπλασαι·
1361 5564 1438 5634 τῷ
1483 5565 1697 5628 σώματι
1733 5567 1813 5631 δὲ,
1850 5571 1918 5638 τῇ

410 5678 454 5750 ἶῖ
479 5677 638 5750 Cant.
667 5693 748 5740 ut,
780 5680 831 5750 ί.
905 5681 953 5712 ’⁸
984 5679 1160 5750 Philip

339 5750 386 5781 ⁸³
413 5745 454 5800 ΙΙ
490 5748 618 5803 Cor.
648 5766 741 5812 xu,
769 5748 823 5800 4.
900 5751 945 5782 ⁸⁸
978 5745 1388 5815 Εκοτιῗςχκηι,
1414 5752 1504 5806 ‘21.

1164 5697 1215 5749 p.
1245 5681 1472 5753 m,12.7
1521 5685 1569 5716 ⁷⁸
1594 5683 1754 5741 Cant.
1787 5703 1857 5753 Iv,
1889 5688 1946 5738 7.

2029 4564 2130 4619 bus
2183 4564 2456 4618 universis
2509 4565 2711 4618 inserta
2766 4573 2872 4625 est,
2917 4566 3066 4618 velut
3124 4565 3319 4618 bonam
3388 4578 3604 4631 semper

2024 4671 2088 4708 ac
2167 4656 2472 4725 spiritalem
2554 4671 2811 4726 pascmuu
2878 4673 3171 4725 escantque
3247 4671 3364 4708 eant
3449 4656 3600 4707 inve-

2025 4748 2134 4802 nis.

2104 4840 2238 4906 Ave,
2284 4838 2431 4908 quod
2466 4839 2618 4893 omni
2669 4839 2834 4892 modo
2907 4839 3246 4894 sanctiﬁcata
3295 4838 3418 4892 sis:
3452 4839 3598 4888 otuni

2028 4941 2186 5000 parte
2220 4931 2328 4984 Deo
2358 4930 2436 4984 sis
2489 4937 2850 4992 consecrata;
2883 4927 3078 4996 spiritu
3114 4926 3330 4996 quidem
3365 4927 3418 4980 in
3445 4926 3602 4979 caelis

2023 5019 2154 5090 Regi
2187 5036 2216 5074 a
2248 5019 2458 5075 dextris
2489 5021 2760 5075 assistens
2786 5020 2858 5086 ⁸²,
2889 5019 3246 5090 proximaque
3296 5017 3390 5073 Dei
3436 5017 3593 5071 Matri

2022 5121 2186 5183 atque
2223 5112 2468 5166 omnium
2498 5110 2720 5182 Regina:
2773 5113 3108 5173 consistens,
3159 5110 3597 5172 circumstructa.

2024 5205 2323 5271 variegata,
2349 5202 2650 5272 praadilecti
2682 5201 2850 5256 Verbi
2895 5203 3125 5273 spiritali
3153 5202 3352 5258 decore
3407 5202 3591 5255 inune~

2028 5296 2176 5349 diate
2208 5293 2452 5358 frueris;
2491 5293 2674 5349 anima
2734 5309 2887 5357 vero,
2933 5296 2988 5350 in
3039 5293 3131 5348 Dei
3181 5294 3436 5364 paradiso
3473 5307 3597 5344 cum

2029 5388 2236 5457 inclyta
2265 5394 2601 5455 praeceptore
2651 5401 2874 5440 morans
2901 5386 2970 5450 ⁸³,
3024 5386 3291 5440 bonorum
3340 5385 3486 5438 illius
3508 5382 3598 5450 ju-

2028 5481 2330 5541 cunditate,
2367 5479 2552 5547 quoad
2581 5479 2694 5533 ﬂeri
2740 5486 2942 5549 potest,
2985 5479 3190 5548 jugiter
3241 5475 3598 5543 adimpleris;

2027 5585 2256 5641 corpore
2307 5578 2491 5624 autem
2531 5577 2684 5640 petra
2731 5575 3052 5638 protegente
3081 5567 3147 5630 ",
3171 5579 3235 5620 ac
3271 5580 3392 5635 qua-
3416 5572 3596 5620 tecum

2016 5687 2064 5718 ⁸⁸
2099 5685 2218 5739 Gal.
2262 5701 2334 5747 tv,
2364 5683 2448 5736 Ν.
2561 5682 2603 5712 ³⁸
2639 5678 2796 5733 Ioan.
2829 5696 2880 5744 κ,
2904 5680 2956 5731 2.
3069 5679 3114 5711 ⁸⁸
3147 5677 3295 5734 Psal.
3335 5692 3478 5738 κων,
3508 5676 3598 5732 ιο.
