4040 6430
309 479 416 546 341

1152 483 1435 543 ORATIO
1464 482 1648 544 XVII.
1690 507 1756 518 -
1791 483 1874 543 IN
1912 486 2000 543 LA
2015 486 2227 547 UDEM
2261 488 2321 548 S.
2352 489 2811 550 ANASTASI/E.

3493 486 3601 547 34?.

309 598 488 665 φάναι
538 594 667 651 θεία
709 595 927 668 Γραφὴ.
989 593 1241 664 καθάπερ
1287 593 1407 646 τινὰ
1464 591 1664 645 σκοπὸν
1721 590 1922 662 ἀκριϐῆ

2033 593 2338 664 Scriptura,
2376 597 2522 651 velut
2570 606 2781 651 certum
2813 596 3102 664 quemdam
3148 610 3371 666 scortum
3421 612 3482 651 ac
3515 613 3604 652 ar-

309 689 524 758 ταύτην
571 688 657 758 τῷ
708 688 854 757 λόγῳ
918 687 1260 754 προτιθεῖσα,
1321 685 1398 753 πῆ
1459 684 1557 753 μὲν
1591 681 1926 752 ἀσυμφανῶς

308 783 407 835 καὶ
433 779 830 850 συμϐολικῶς,
863 780 943 848 πῆ
990 779 1046 832 δὲ
1082 778 1328 847 ἐναργῶς
1364 779 1456 830 καὶ
1495 774 1925 846 λαμπροφανῶς,

305 873 410 942 τὴν
447 872 950 942 μεγαλοπρέπειαν
1018 870 1181 939 τῆσδε
1223 872 1322 938 τῆς
1369 869 1577 932 πόλεως
1618 871 1799 938 ὑμνεῖ,
1837 870 1928 922 καὶ

303 965 410 1033 τὴν
461 965 525 1017 ἐν
576 965 832 1035 οὐρανοῖς
880 959 1387 1032 ἀποκεκρυμμένην
1435 959 1606 1027 αὐτῆς
1655 959 1924 1027 διηγεῖται

305 1053 503 1118 δόξαν.

390 1148 459 1200 Εἰ
493 1148 596 1218 μὲν
632 1141 729 1200 οὖν
753 1143 987 1212 τοσαύτη
1025 1161 1109 1206 τις
1148 1143 1244 1196 καὶ
1275 1144 1411 1212 ἡμῖν
1452 1141 1612 1210 λόγου
1638 1140 1801 1212 χάρις
1832 1139 1927 1194 καὶ

316 1239 654 1310 πνεύματος
704 1238 925 1308 δύναμις
976 1237 1142 1302 ὑπῆν,
1195 1236 1337 1288 ὥστε
1388 1235 1530 1289 κατὰ
1576 1235 1702 1298 τοὺς
1747 1234 1926 1303 ἱεροὺς

321 1329 626 1398 θεολόγους
669 1328 758 1380 καὶ
803 1327 947 1397 ἡμᾶς
992 1324 1125 1396 πρὸς
1155 1323 1410 1378 τοσοῦτον
1442 1322 1751 1385 ὑποθέσεως
1793 1320 1926 1390 ὕψος

324 1419 702 1490 ἀποχρώντως
730 1419 872 1487 ἔχειν
905 1416 1173 1481 ἀτενίσαι,
1204 1414 1571 1482 εὐλογώτατον
1603 1413 1668 1467 ἂν
1701 1413 1829 1478 ἴσως
1857 1408 1926 1483 ἦν

325 1510 431 1564 καὶ
459 1507 906 1561 λυσιτελέστατον
937 1505 1214 1570 ἁπάντων,
1242 1504 1302 1557 τὸ
1329 1503 1421 1558 τοῦ
1451 1505 1568 1567 νοὸς
1605 1503 1760 1577 ρμμα
1789 1503 1926 1573 πρὸς

331 1602 509 1673 μόνην
563 1601 779 1668 ἐκείνην
822 1598 923 1667 τὴν
965 1597 1419 1668 ὑπερφυεστάτην
1461 1596 1926 1666 ἐπερεισαμένους

329 1690 558 1760 αἴγλην,
588 1690 722 1760 πρὸς
750 1689 920 1758 αὐτὴν
949 1689 1045 1741 καὶ
1084 1688 1145 1740 τὸ
1178 1686 1357 1757 ῥεῦμα
1396 1687 1488 1741 τοῦ
1529 1688 1687 1756 λόγου
1731 1705 1924 1740 κατευ-

328 1783 515 1837 θῦναι.
566 1783 717 1835 Ἐπεὶ
760 1783 816 1835 δὲ
871 1781 1125 1834 τοσοῦτον
1167 1783 1300 1851 ἡμῖν
1348 1782 1581 1852 ταυτησὶ
1621 1782 1721 1852 τῆς
1766 1781 1924 1854 δόξης

323 1872 747 1938 ἀπολείπεσθαι,
797 1875 906 1941 ὅσῳ
954 1875 1046 1927 καὶ
1093 1871 1189 1925 τὸν
1233 1871 1509 1944 ὁρώμενον
1546 1873 1735 1926 τοῦτον
1772 1873 1923 1944 ἥλιον

320 1967 443 2018 ὅλον
472 1965 744 2035 ὀφθαλμῷ
769 1965 1029 2020 δύνασθαι
1064 1942 1381 2036 περιλαϐεῖν
1401 1981 1416 1998 ο
1442 1967 1531 2019 τὸν
1564 1966 1663 2037 μὲν
1691 1942 1918 2020 καθόλου
1957 1942 1996 2002 Β

315 2057 421 2127 τῆς
449 2058 786 2126 ἐπουρανίου
812 2058 1020 2121 πόλεως
1059 2056 1302 2118 ἔπαινον,
1335 2057 1410 2119 ὡς
1444 2058 1750 2127 ἀνέφικτον,
1780 2057 1841 2112 τό
1861 2075 1925 2126 γε

317 2147 500 2214 παρὸν
541 2147 834 2219 παρῶμεν,
863 2148 960 2202 καὶ
989 2147 1381 2218 εὐλαϐηθῶμεν
1413 2150 1475 2201 ὲκ
1509 2149 1803 2220 προσώπου
1828 2151 1925 2203 αὑ-

316 2237 450 2306 τῆς·
486 2238 549 2292 ἒν
576 2237 638 2291 δὲ
672 2239 838 2310 μέρος
870 2240 1041 2307 αὐτῆς
1079 2239 1140 2291 τὸ
1177 2239 1462 2293 κάλλιστον
1497 2240 1590 2293 καὶ
1631 2242 1925 2310 τερπνότα-

314 2347 431 2395 τον,
460 2331 614 2400 φημὶ
660 2331 724 2402 δὴ
759 2331 856 2400 τὴν
903 2331 1300 2403 ὑπέρλαμπρον
1338 2331 1718 2395 Ἀναστασίαν,
1782 2333 1924 2385 κατὰ

315 2420 445 2472 νοῦν
476 2421 768 2485 λαϐόντες,
801 2423 894 2474 καὶ
938 2425 1036 2491 τῆς
1091 2422 1477 2490 γενναιοτάτης
1518 2421 1925 2491 μακαρίσαντες

317 2517 612 2585 ὑπομονῆς
647 2519 742 2570 καὶ
774 2520 1111 2589 μαρτυρίας·
1143 2522 1233 2572 καὶ
1273 2520 1639 2588 ὃεδοξασμένα
1670 2521 1794 2592 περὶ
1827 2521 1926 2574 αὑ-

315 2609 417 2676 τῆς
447 2608 839 2680 λελαληκότες,
864 2613 992 2681 περὶ
1032 2612 1132 2682 τῆς
1166 2611 1418 2682 οὐρανίου
1457 2611 1660 2674 πόλεως
1710 2613 1925 2683 ἐκείνης

317 2698 616 2766 εἰρηκότες
668 2699 733 2752 ἂν
767 2699 983 2770 εἴημεν,
1027 2701 1104 2768 τῷ
1157 2703 1339 2754 πᾶσαν
1373 2701 1448 2763 ὡς
1507 2703 1562 2754 ὲν
1607 2702 1926 2772 ἀκηλιδώτῳ

317 2787 500 2861 ταύτῃ
529 2789 828 2861 κατόπτρῳ
857 2791 1200 2862 θεωρεῖσθαι,
1232 2793 1326 2844 καὶ
1369 2791 1538 2863 αὐτὴν
1567 2794 1734 2856 ὅντως
1773 2794 1925 2848 πόλιν

318 2877 463 2931 Θεοῦ
494 2879 920 2951 καθεστηκέναι.

397 2971 601 3034 Διττὰς
629 2973 687 3026 δὲ
706 2974 840 3042 ἡμῖν
875 2974 1229 3037 Ἀναστασίας
1253 2974 1364 3046 (71)
1397 2969 1539 3028 οἶδεν
1563 2977 1591 3028 ὁ
1615 2973 1772 3042 λόγος
1788 2992 1801 3004 ο
1829 2993 1926 3028 πε-

330 3067 585 3134 ριφανεῖς
618 3067 736 3136 μὲν,
769 3066 864 3120 καὶ
895 3069 960 3120 ὲκ
998 3068 1313 3137 περιφανῶν
1338 3054 1478 3122 ἰατὰ
1519 3069 1696 3138 σάρκα
1721 3085 1926 3138 τυγχα-

328 3156 537 3220 νούσας
559 3175 572 3187 ο
604 3157 1072 3228 περιφανεστέρας
1119 3159 1175 3211 δὲ
1201 3158 1383 3231 πολλῷ
1416 3159 1617 3228 μᾶλλον
1657 3159 1798 3213 κατὰ
1827 3159 1925 3231 τὴν

333 3249 416 3310 είς
444 3249 681 3318 Χριστὸν
705 3250 1023 3319 ὁμολογίανο
1071 3251 1165 3305 καὶ
1199 3252 1366 3322 ἄμφω
1400 3236 1510 3322 μὲπί
1543 3255 1607 3305 ὲκ
1644 3253 1744 3321 τῆς
1787 3270 1923 3321 πρε·
1952 3273 1994 3332 c

337 3341 609 3411 σϐυτέρας
642 3340 857 3413 Ῥώμης
887 3343 1226 3413 ὡρμημένας
1250 3360 1265 3375 ·
1292 3345 1460 3413 ἄμφω
1483 3343 1540 3397 δὲ
1564 3343 1793 3411 ταύτην,
1825 3342 1926 3414 τῆς

331 3432 679 3485 ἀκαταλύτου
727 3433 836 3487 τῶν
879 3435 1050 3502 ἁγίων
1097 3434 1308 3498 πόλεως
1353 3424 1925 3500 ἀντικαταλλαξάσας·

331 3523 452 3581 ἀλλ’
480 3525 514 3598 ἡ
552 3523 652 3598 μὲν
679 3524 836 3596 ἀνδρὶ
861 3526 1125 3598 πρότερον
1152 3527 1252 3581 οὒκ
1283 3527 1521 3590 εὐσεῦεῖ,
1552 3527 1686 3598 πρὸς
1719 3525 1927 3596 βραχὺν

331 3621 592 3690 ὰφθόρως
627 3621 924 3690 συζυγείσα
965 3619 1156 3693 χρόνον
1181 3638 1195 3652 ο
1230 3615 1351 3675 εἶτα
1382 3618 1599 3690 θανάτῳ
1632 3619 1730 3689 τῆς
1759 3619 1927 3673 αὑτοῦ

332 3711 682 3783 κακοτρόπου
725 3711 952 3783 γνώμης
996 3711 1446 3783 ὲλευθερωθεϊσα,
1494 3711 1554 3763 ὲν
1590 3708 1788 3781 χηρείᾳ
1826 3707 1931 3762 σώ-

331 3821 517 3872 φρονι,
554 3806 651 3858 καὶ
691 3804 840 3877 πάσῃ
881 3804 1198 3878 δικαιοσύνῃ
1236 3805 1332 3859 καὶ
1369 3805 1609 3874 ὁσιότητι
1647 3802 1797 3868 ζῶσα
1845 3803 1928 3858 διο

328 3891 529 3946 πόλει.
578 3893 641 3946 Ἦ
676 3892 734 3947 δὲ
763 3893 1037 3948 παιδιόθεν
1069 3893 1437 3965 ἀποδεδομένη
1464 3891 1793 3968 παρθενῶνι,
1832 3891 1928 3947 καὶ

326 3981 512 4054 ψυχὴν
542 3983 660 4052 ἅμα
691 3982 905 4054 σώματι
935 3983 1336 4056 καθιερουμένη
1374 3983 1452 4055 τῷ
1483 3983 1696 4055 Κυρίῳ,
1731 3981 1923 4054 ἀμίαν-

329 4092 422 4128 τον
451 4076 591 4147 ἄχρι
617 4076 806 4140 τέλους
837 4074 988 4147 αὖτῷ
1025 4075 1125 4148 τὴν
1164 4077 1314 4148 ἱερὰν
1348 4075 1646 4148 παρθενίαν
1677 4075 1928 4146 διετήρη-

331 4216 542 4270 ιιιιοιῑε.
579 4213 785 4270 Locum
823 4213 969 4269 hunc
1003 4212 1062 4266 P.
1097 4211 1264 4277 Goar,
1297 4221 1422 4267 ante
1461 4212 1685 4266 allatum
1721 4208 1924 4265 Sirmio

332 4302 544 4355 Corpus
575 4293 775 4340 sancta:
823 4283 1128 4355 Quastasiaa
1162 4291 1414 4337 vocatum
1454 4281 1626 4355 fuisse
1647 4281 1725 4335 ait
1762 4281 1921 4355 Ἀνα-

333 4349 612 4422 στάσεωε,
644 4355 783 4424 quod
813 4352 1028 4423 Gregor.
1069 4353 1219 4424 in‘eo
1250 4368 1405 4424 sacra
1436 4352 1564 4420 ﬁdei
1593 4351 1843 4424 dogmate
1864 4349 1922 4402 in

334 4426 573 4480 Arianae
594 4421 878 4492 exponens.
907 4421 1084 4478 veram
1110 4421 1408 4478 doctrinam
1429 4438 1455 4475 e
1478 4430 1684 4492 veterno
1714 4421 1921 4492 excita-

335 4497 504 4560 verit;
558 4498 633 4548 vel
661 4489 808 4564 quod
848 4493 920 4548 ibi
950 4493 1144 4547 mulier
1167 4507 1447 4564 prmgnans
1476 4507 1541 4546 ex
1571 4490 1687 4564 alto
1711 4489 1920 4564 porticu

337 4567 392 4619 in
431 4559 637 4620 terram
681 4559 834 4634 lapsa
867 4574 916 4618 et
961 4559 1208 4627 contrita,
1255 4559 1420 4634 vitant
1461 4559 1732 4634 receperit.
1770 4559 1920 4634 ⁸Νονὶ

341 4610 658 4691 haecne-tiam
705 4610 772 4688 ab
821 4610 943 4688 aliis
989 4635 1152 4694 dicta.
1183 4610 1277 4689 sed
1305 4610 1920 4687 {.L'iia'iii-Eﬁi'iériinéi
1954 4610 1999 4666 θ

340 4711 484 4762 Ante
526 4707 670 4760 enim
713 4703 1033 4772 Gregorium
1075 4702 1404 4757 Ἀναστασία
1445 4712 1583 4765 erat,
1627 4716 1726 4756 nec
1771 4701 1930 4756 aliter

341 4776 480 4845 ipse.
516 4785 611 4830 aut
638 4776 728 4829 alii
757 4773 1096 4845 antiquiores
1125 4773 1411 4828 ecclesiam
1444 4773 1614 4834 illam,
1649 4787 1744 4827 seu
1785 4785 1932 4845 mar-

343 4842 547 4914 tyrium
596 4854 811 4908 vocant,
848 4842 992 4913 quod
1045 4843 1171 4898 hinc
1209 4851 1412 4914 tamen,
1466 4852 1700 4914 auctore
1738 4842 1930 4914 eodem

339 4910 634 4983 Gregorio,
671 4915 827 4984 quasi
866 4910 1118 4984 otnenget
1147 4913 1431 4984 oraculum
1478 4910 1934 4984 habueritsusci-

339 4981 530 5040 tandm
569 4986 622 5038 in
678 4981 745 5040 eo
793 4984 949 5049 lidei;
1007 4983 1260 5052 idemque
1309 4983 1546 5049 dicatur,
1603 4981 1933 5039 suscitandas

342 5055 500 5111 illius
536 5056 803 5113 mulieris.
836 5054 882 5108 si
926 5066 1053 5107 vera
1095 5054 1166 5107 sit
1195 5054 1283 5107 illa
1315 5052 1566 5117 historia,
1610 5067 1774 5121 quam
1821 5065 1929 5121 non

347 5141 560 5180 moror.
597 5123 756 5179 Certe
785 5124 1045 5179 differunt
1072 5123 1186 5178 haec
1213 5131 1327 5177 toto
1354 5125 1512 5187 coelo,
1544 5120 1822 5190 mirorque
1853 5120 1933 5174 sic

349 5195 612 5252 confundi
653 5213 666 5248 :
710 5204 769 5248 ut
819 5203 873 5248 et
923 5194 1073 5263 quod
1125 5194 1320 5248 doctus
1371 5193 1558 5247 Billius
1607 5194 1934 5263 elegansque

351 5265 585 5347 interpr.
625 5265 772 5347 istud
811 5261 972 5345 Greg.
1010 5265 1069 5315 ὲν
1107 5263 1184 5347 τῷ
1206 5263 1630 5347 Δσψτοιλξτηρίῳ,
1683 5261 1932 5347 Χαξροις,

366 5276 585 5358 μοι-ρι’.
626 5276 772 5320 Istud
811 5276 972 5345 (ἀΐεις.
1010 5276 1069 5315 εν
1107 5281 1184 5332 τῳ
1229 5276 1630 5347 συντακτηριῳ,
1683 5276 1930 5384 Ᾱαῐροις,

380 5335 693 5392 Δναστασία
756 5353 846 5404 μοι
902 5351 1004 5404 της
1069 5332 1355 5393 εὐσεϐείας
1421 5334 1714 5404 ὲπωνυμεη
1826 5329 1930 5391 ale,

354 5406 666 5471 Anastasia,
707 5402 896 5458 nomen
943 5402 976 5456 ά
1027 5404 1217 5470 pietate
1257 5405 1469 5468 habens,
1521 5402 1764 5470 exponit,
1802 5411 1934 5453 tem-

353 5477 501 5543 plum
543 5475 965 5537 resurrectionis,
1021 5475 1134 5543 sive
1195 5474 1367 5539 magis
1424 5488 1512 5543 ex_
1539 5472 1741 5526 Nicone
1775 5471 1936 5543 Com:

355 5539 526 5602 ment.
555 5547 638 5603 ita.
661 5546 981 5614 perstringit
1008 5563 1020 5596 :
1053 5541 1164 5595 Hoc
1196 5543 1450 5614 teniplunt
1474 5539 1936 5614 Constantinopoli

357 5609 986 5684 construxit-Gregorius.
1013 5615 1166 5684 eique
1200 5609 1519 5684 Anastasite,
1551 5611 1606 5684 id
1636 5609 1936 5684 est_Re_sur-

359 5687 631 5750 rectionis,
663 5679 850 5739 nomint
881 5679 1095 5737 indidit.
1127 5681 1286 5736 Falsa
1316 5681 1522 5735 omnia.
1550 5679 1761 5734 Invenit
1797 5679 1934 5734 Gre-

361 5757 548 5826 gorius
577 5755 860 5826 aediculam
884 5755 1026 5808 illam
1067 5751 1368 5826 Anastasiaa
1413 5751 1482 5804 ab
1528 5750 1748 5803 Arianis
1795 5764 1938 5816 spre—

365 5823 498 5890 tam,
530 5825 820 5905 coepitque
849 5823 902 5878 in
933 5837 996 5905 ea
1046 5823 1402 5905 orthodoxos
1426 5833 1757 5905 congregare
1787 5835 1802 5870 :
1838 5833 1936 5871 nec

366 5910 562 5950 nomen
587 5889 634 5950 ei
656 5889 869 5959 indidit,
904 5892 996 5950 sed
1019 5891 1164 5963 quod
1182 5897 1318 5957 crat,
1359 5889 1708 5954 ’Λναστασία,
1739 5903 1934 5943 nomen

2033 697 2348 754 gumentum
2401 686 2506 742 sibi
2557 701 2679 742 eam
2721 688 2991 742 orationis
3044 703 3381 756 prolionens,
3440 691 3604 742 modo

2030 776 2266 831 obscure
2288 785 2342 832 et
2373 778 2693 848 symbolice,
2731 778 2892 833 modo
2935 787 3116 832 autem
3146 779 3293 833 clare
3320 794 3383 832 ac
3418 779 3602 848 splen-

2035 867 2202 934 dide,
2267 870 2497 938 hujusce
2555 871 2806 925 civitatis
2861 870 3050 924 laudat
3109 869 3601 940 magnificentiam,

2030 956 2260 1027 ejusque
2283 957 2338 1011 in
2363 957 2518 1014 ccelis
2545 959 2818 1013 occultam
2859 968 3086 1014 enarrat
3113 959 3366 1029 gloriam.

2104 1141 2386 1212 Siquidem
2416 1142 2584 1212 igitur
2623 1144 2785 1200 nobis
2823 1145 2987 1199 etiam
3021 1155 3170 1200 tanta
3203 1154 3351 1202 esset
3385 1161 3598 1213 sermo-

2029 1235 2116 1291 nis
2155 1237 2330 1307 gratia
2363 1251 2427 1290 ac
2482 1236 2712 1306 spiritus
2758 1237 2866 1300 vis,
2915 1245 2976 1291 ut
3024 1252 3125 1293 nos
3177 1252 3398 1307 quoque
3457 1237 3600 1290 liand

2028 1344 2185 1384 secus
2200 1345 2263 1385 ac
2286 1329 2429 1384 sacri
2457 1329 2716 1400 theologi,
2741 1328 2807 1383 ad
2831 1337 3040 1384 tantam
3060 1335 3365 1401 argumenti
3381 1330 3603 1385 celsitu-

2028 1427 2157 1485 tem,
2181 1427 2446 1490 quantum
2471 1420 2603 1476 satis
2631 1420 2724 1486 sit,
2759 1435 3048 1490 possemus
3091 1420 3398 1480 intendere.
3433 1425 3603 1474 ratio-

2027 1513 2426 1569 nabilissimum
2447 1510 2677 1567 forsitan
2699 1522 2845 1568 esset
2863 1512 3220 1582 ouminmque
3241 1511 3596 1568 utilissimum

2028 1605 2080 1658 in
2106 1605 2222 1660 solo
2254 1604 2348 1658 illo
2373 1619 2538 1674 supra
2570 1619 2729 1673 quam
2762 1603 2966 1658 eximio
2993 1602 3204 1674 fulgore
3251 1601 3357 1657 fixo
3408 1601 3604 1658 mentis

2026 1697 2206 1764 oculo,
2236 1697 2290 1750 in
2323 1695 2576 1752 eumdem
2609 1696 2787 1764 ipsum
2813 1695 3083 1751 orationis
3111 1693 3316 1750 fluxum
3339 1694 3597 1764 dirigere.

2025 1788 2476 1858 Quandoquidem
2507 1796 2687 1842 autem
2711 1795 2920 1841 tantum
2950 1787 3018 1841 ab
3051 1786 3170 1855 ejus
3193 1786 3442 1841 claritate
3464 1785 3600 1840 deli-

2027 1881 2227 1943 cimus,
2262 1888 2529 1948 quantum
2565 1879 2720 1933 abest
2755 1885 2892 1934 utet
2921 1879 3092 1934 solem
3130 1878 3275 1932 hunc
3299 1877 3604 1946 aspectabi-

2029 1973 2132 2025 Icut
2157 1979 2329 2025 totum
2356 1972 2515 2025 oculo
2533 1969 2995 2038 comprehendere
3017 1969 3332 2039 possimus;
3363 1969 3602 2022 caelestis

2029 2065 2176 2119 illius
2205 2064 2448 2118 civitatis
2481 2063 2696 2116 laudem
2740 2062 3066 2126 universim,
3096 2069 3154 2116 ut
3193 2076 3354 2130 quam
3383 2062 3602 2130 assequi

2029 2172 2135 2210 non
2163 2157 2348 2224 liceat,
2379 2155 2876 2226 imprmsentiarum
2905 2151 3126 2225 quidem
3161 2152 3503 2214 omittamus,
3541 2166 3606 2204 ac

2028 2264 2378 2305 rcvereamur
2403 2263 2435 2302 a
2475 2248 2614 2304 facie
2639 2247 2798 2319 ejus;
2845 2260 3012 2301 unam
3054 2259 3185 2301 vero
3216 2244 3363 2299 illius
3393 2251 3603 2312 partem

2029 2341 2458 2411 pulcherrimam
2526 2355 2592 2396 ac
2637 2337 3035 2410 lepidissimam
3099 2337 3334 2408 (eximie
3389 2335 3604 2390 scilicet

2027 2432 2367 2504 Splendidam
2396 2430 2782 2500 Anastasiam)
2813 2430 2999 2485 animo
3021 2435 3383 2492 assumentes,
3417 2426 3604 2482 fortis-

2028 2527 2292 2594 simteque
2318 2523 2598 2594 patientiae
2625 2537 2689 2578 ac
2717 2520 2966 2592 martyrii
2987 2520 3192 2575 virtute
3221 2519 3435 2574 beatam
3465 2533 3604 2588 pra:-

2027 2617 2302 2682 dicantes,
2327 2615 2510 2670 omnis
2540 2613 2690 2669 illius
2739 2611 2982 2668 caelestis
3029 2611 3270 2666 civitatis
3301 2609 3491 2664 laudes
3525 2608 3603 2662 vi-

2026 2709 2257 2763 deamur
2295 2706 2572 2777 prosecuti
2629 2720 2773 2766 csse.
2832 2703 2977 2772 quod
3035 2709 3149 2757 tota
3205 2702 3319 2756 haec
3369 2701 3516 2756 velut
3545 2701 3602 2756 in

2027 2795 2323 2865 purissimo
2384 2793 2609 2864 speculo
2641 2808 2756 2846 mea
2807 2792 3157 2863 inspiciatur,
3193 2791 3421 2861 ipsaque
3477 2806 3604 2847 vere

2025 2888 2221 2943 civitas
2243 2885 2335 2942 Dei
2356 2887 2613 2941 exsistat.

2097 2978 2243 3034 Duas
2263 2993 2427 3048 porro
2450 2978 2704 3033 novimus
2735 2977 3056 3032 Anastasias
3079 3016 3093 3040 ,
3120 2976 3312 3032 ambas
3335 2975 3600 3038 illustres,

2027 3077 2192 3138 atque
2237 3069 2304 3123 ad
2345 3083 2572 3124 carnem
2613 3067 2758 3137 quod
2819 3067 3037 3131 attinet,
3082 3065 3282 3120 illustri
3315 3071 3604 3120 stemmate

2027 3167 2198 3223 satas,
2221 3157 2570 3214 confessione
2594 3167 2802 3218 autem,
2833 3173 2956 3226 qua:
2981 3163 3063 3211 cst
3083 3157 3138 3210 in
3163 3157 3412 3216 Christo,
3440 3157 3601 3226 longe

2030 3252 2401 3317 illustriores;
2427 3260 2683 3320 ortasque
2708 3250 2897 3303 ambas
2928 3248 3145 3304 seniore
3170 3248 3363 3312 Roma,
3389 3263 3452 3302 ac
3481 3264 3604 3319 quae

2027 3341 2219 3407 ambae,
2250 3340 2542 3395 immortali
2578 3348 2895 3394 sanctorum
2923 3338 3147 3394 civitate
3178 3339 3316 3392 hanc
3356 3354 3604 3393 commu-

2024 3434 2217 3489 tarint.
2248 3431 2450 3488 Verum
2481 3432 2650 3488 altera
2685 3432 2908 3503 quidem
2945 3433 3012 3487 ad
3048 3432 3211 3488 breve
3237 3443 3452 3502 tempus
3487 3433 3606 3486 viro

2028 3525 2283 3598 improbo
2311 3517 2638 3594 incorrupte
2681 3523 2962 3593 copulata,
3019 3531 3248 3593 tumque
3291 3522 3607 3577 mortisin-

2027 3633 2195 3673 cursu
2219 3617 2288 3671 ab
2317 3615 2438 3686 ejus
2472 3615 2710 3685 maligna
2744 3622 2926 3670 mente
2951 3614 3207 3681 liberata,
3240 3623 3404 3670 castae
3437 3613 3610 3670 vidui-

2026 3705 2153 3762 tatis
2179 3703 2398 3770 studiis,
2423 3704 2684 3774 omnique
2703 3703 2920 3773 justitia
2942 3709 2997 3758 et
3033 3703 3327 3760 sanctitate
3354 3702 3606 3758 instituta

2026 3796 2162 3860 vita,
2192 3795 2582 3866 perseveravit.
2634 3794 2818 3850 Altera
2854 3807 3008 3860 vero,
3039 3809 3070 3848 a
3102 3809 3278 3865 puero
3332 3793 3603 3864 virginum

2032 3884 2200 3942 coetui
2232 3884 2472 3949 addicta,
2504 3884 2799 3954 animoque
2825 3882 2991 3938 simul
3030 3899 3096 3940 ac
3122 3899 3356 3955 corpore
3385 3884 3607 3939 Christo

2027 3984 2373 4041 consecrata,
2407 3974 2752 4045 impollutam
2787 3976 2842 4031 in
2893 3973 3054 4030 linem
3087 3991 3261 4044 usque
3314 3974 3607 4045 virginita-

2031 4079 2141 4128 tem
2174 4069 2254 4125 illi
2286 4067 2654 4124 conservavit.
2696 4066 2775 4122 Ac
2816 4067 3038 4138 quidem
3090 4067 3207 4132 illa,
3241 4083 3270 4122 a
3304 4067 3607 4138 majoribus

2027 4201 2461 4274 reliquit;quod
2517 4215 2800 4274 nusquam
2818 4199 3170 4274 Resurrectio,
3227 4200 3280 4274 id
3327 4209 3411 4274 est
3447 4199 3608 4253 Ἀνά-

2029 4270 2218 4337 orarit;
2250 4270 2503 4342 (idgenim
2526 4270 2744 4327 celebre
2770 4270 3039 4342 duntagat
3062 4270 3424 4342 Jerosolymis
3462 4285 3608 4342 mar-

2026 4344 2226 4415 tyrium
2257 4338 2286 4398 a
2316 4340 2762 4415 Constantinojn
2792 4341 2918 4415 loco
2949 4338 3386 4415 Resurrectionis
3415 4354 3480 4415 ac
3509 4341 3606 4393 Do-

2026 4410 2233 4469 minico
2270 4412 2527 4484 sepulcro
2569 4410 2949 4484 aedificatum),
2987 4412 3098 4484 sed
3150 4410 3484 4484 Ἀναστασία
3514 4425 3607 4484 seu

2026 4480 2680 4554 Anastasiaa'martyrium
2726 4490 2781 4536 et
2805 4481 3036 4554 ecclesia
3065 4497 3131 4536 ac
3155 4482 3321 4554 aedes,
3355 4481 3485 4554 trito
3519 4480 3611 4534 illo

2026 4553 2338 4610 Gmcorum
2375 4551 2515 4618 usu,
2548 4567 2657 4622 quo
2687 4552 2888 4617 templa
2919 4561 3118 4622 vocant
3149 4553 3341 4607 eodem
3372 4551 3492 4622 ipso
3522 4565 3613 4604 no-

2029 4624 2180 4680 mine
2237 4624 2483 4688 illorum,
2536 4620 2739 4693 quibus
2796 4623 2886 4676 illa
2934 4621 3113 4677 dicata
3174 4620 3612 4693 s_unt._Haecque

2035 4693 2298 4750 hactenus
2336 4694 2405 4750 de
2447 4690 2740 4748 Anastasia
2776 4707 2902 4763 vere
2927 4691 3414 4763 νφαρμακολυτρίᾳ,
3450 4690 3610 4759 quasi

2033 4779 2155 4833 qua:
2185 4779 2348 4819 omne
2370 4764 2675 4818 daemonum
2705 4762 3033 4833 maleficium
3057 4762 3257 4833 solvat,
3283 4773 3614 4833 omnemque

2034 4830 2355 4905 languorem
2376 4842 2443 4905 et
2477 4833 2732 4888 morbum
2763 4831 3015 4905 depellat,
3050 4831 3490 4905 singularissimo
3521 4830 3614 4905 illo

2034 4899 2332 4960 sanitatum
2357 4903 2523 4964 dono,
2557 4917 2668 4973 quo
2694 4899 2851 4956 aucta
2886 4917 2917 4956 a
2940 4900 3065 4973 _Deo
3099 4899 3201 4973 est.
3242 4899 3614 4973 ejus‘prtemio

2036 4974 2326 5030 charitatis
2345 4983 2400 5029 et
2422 4969 2689 5041 fidei,‘qua
2719 4973 2800 5028 sic
2823 4969 3237 5041 confessoribus
3256 4969 3612 5029 ministravit,

2033 5061 2142 5100 non
2187 5060 2318 5114 quat;
2357 5040 2612 5098 veneficai
2649 5056 2890 5114 unquam
2923 5040 3143 5114 nomine
3177 5041 3529 5114 laboraverit.
3553 5045 3615 5092 ut

2035 5109 2253 5170 inﬂecte
2299 5112 2516 5184 Langus
2555 5109 2899 5184 somn_i_avit;_
2957 5110 3180 5184 ipseque
3246 5109 3613 5184 heterodogus

2038 5184 2369 5240 nostratium
2409 5178 2841 5250 simplicioribus
2888 5178 3152 5248 imposuit
3192 5197 3206 5233 :
3248 5195 3354 5234 non
3404 5179 3483 5250 sic
3509 5178 3615 5232 Ge-

2035 5255 2190 5310 nebr.
2225 5249 2640 5323 arcliiepiscOpo
2667 5251 2908 5323 Aquensi
2947 5250 3339 5323 viro_erudito,
3389 5249 3480 5323 qui
3513 5262 3608 5323 ve-

2035 5339 2158 5379 rum
2193 5323 2340 5378 vocis
2367 5317 2590 5378 sensum
2624 5317 2866 5390 agnovit,
2896 5329 2952 5374 et
2978 5321 3031 5374 in
3058 5318 3372 5390 Graecorum
3412 5317 3612 5381 Fastis,

2036 5409 2132 5448 seu
2169 5407 2360 5445 eorum
2398 5389 2748 5454 Calendario,
2781 5401 2842 5445 ut
2871 5399 3086 5452 vocant,
3120 5389 3406 5456 expressit.

2107 5461 2220 5531 (7i)
2257 5460 2463 5526 Διττὰς
2491 5459 2560 5514 δὲ
2591 5452 2743 5531 riuis?
2769 5452 3203 5531 Ἀναστασζίαςξ
3243 5457 3336 5512 Sic
3352 5457 3482 5510 Acta
3508 5452 3618 5509 Meo

2035 5528 2366 5601 taphrasttea
2391 5545 2512 5601 quae
2544 5528 2669 5601 hinc
2689 5528 3240 5601 ducnntexordiumj
3267 5534 3382 5601 tres
3410 5534 3614 5589 tamen,

2037 5595 2185 5657 haud
2223 5595 2423 5654 infelici
2469 5599 2808 5668 conjectura,
2839 5595 3616 5668 invenissemihivi_su_s_sum,

2037 5673 2388 5740 aliquamtu
2429 5665 2729 5740 Sirmiense
2782 5667 3072 5740 [ἀνεῦρε
3127 5665 3503 5740 Romanishic
3535 5678 3620 5718 re-

2039 5732 2312 5804 cerisitisf
2338 5747 2397 5794 ut
2441 5752 2631 5793 recens
2663 5736 2753 5791 Fr.
2787 5735 2958 5790 Maria
3014 5732 3258 5791 Florent.
3292 5735 3348 5790 in
3389 5734 3612 5804 Martyr.

2039 5809 2290 5865 Lucensi.
