4040 6392
515 425 619 488 343
1712 424 2006 484 ΝΙΟΕΤίΕ
2053 425 2073 482 1

2179 426 2244 482 ’Π
2259 426 2580 486 LAGON'IS
3666 425 3762 490 3H

512 551 792 613 acceptam
824 557 1039 598 omnem
1068 542 1435 596 substantiam
1474 543 1614 613 (qua:
1639 558 1770 598 sane
1808 542 2073 612 pcrampla

2195 564 2304 598 σεν.
2339 547 2448 600 Καὶ
2477 548 2508 615 ἡ
2547 547 2665 616 μὲν,
2699 547 2828 616 ὅλην
2853 546 3019 617 αὐτῆς
3059 545 3158 618 τὴν
3184 546 3412 618 γονικὴν
3461 548 3765 612 περιουσίαν

509 645 648 706 erat)
679 635 1105 690 necessitatibus
1151 645 1468 691 sanctorum
1499 636 1937 699 communicaris,
1986 635 2087 688 im-

510 743 790 797 pensaque
831 729 1166 799 martyribus
1199 729 1404 785 arnoris
1429 730 1479 783 vi
1535 730 1642 786 illis
1680 729 2087 799 quodammodo

508 821 908 891 conglutinata,
935 836 1234 892 eorumque
1260 823 1517 892 pretiosis
1543 822 1722 876 linteis
1752 822 1961 877 saniem
1988 838 2085 875 ex-

509 920 752 979 tergens,
780 911 1119 980 vulneraque
1161 911 1458 966 infundens
1491 927 1555 966 ac
1588 912 1959 976 exosculans;
1996 920 2082 964 at-

507 1015 614 1066 que
649 999 831 1054 adhuc
866 1001 1132 1066 viventes,
1160 1002 1340 1057 verbis
1368 1002 1604 1058 fortibus
1632 1004 1902 1058 roborans
1938 1011 1990 1056 et
2015 1002 2082 1056 ad

508 1087 1000 1147 immarcescibiles
1042 1107 1278 1148 coronas
1316 1095 1533 1166 egregie
1573 1096 1846 1158 animans,
1882 1094 2082 1150 defun-

507 1181 718 1250 ctisque
763 1185 1109 1240 sanctissime
1139 1185 1288 1255 justa
1336 1185 1674 1254 persolvens,
1725 1187 1807 1242 sic
1843 1187 2081 1256 seipsam

505 1275 832 1342 praeclarum
869 1277 976 1332 illis
1007 1292 1206 1333 munus
1243 1279 1555 1349 sepulcrale
1608 1286 1794 1349 postea
1825 1278 2080 1349 prabuit,

505 1381 602 1432 per
643 1368 822 1438 ignem
858 1369 1182 1425 liolocausto
1218 1370 1423 1433 oblata,
1455 1387 1518 1426 ac
1549 1372 1604 1425 in
1636 1371 1863 1428 odorem
1891 1372 2080 1428 suavi-

503 1458 631 1514 tatis
674 1460 782 1515 Deo
820 1470 1156 1530 computata,
1199 1463 1356 1533 virgo
1388 1473 1596 1528 autem,
1634 1475 1920 1534 parentum
1966 1463 2083 1520 alli-

506 1551 785 1622 niomque,
824 1553 1155 1620 praediorum
1187 1570 1250 1610 ac
1288 1558 1650 1626 pecuniarum
1693 1557 1761 1612 ab
1807 1558 1930 1627 ipso
1966 1557 2078 1626 jam

500 1644 679 1699 aetatis
711 1646 874 1700 tertio
905 1661 1052 1701 anno
1080 1648 1272 1702 relicta
1303 1647 1566 1704 facultate
1584 1659 1749 1719 atque
1773 1651 1954 1720 copia,
1994 1667 2082 1706 re-

499 1737 817 1809 ligiosreque
845 1739 1066 1794 cuidam
1099 1739 1288 1795 domui
1319 1741 1388 1795 ad
1427 1742 1752 1796 vicesimum
1779 1758 1956 1813 usque
1988 1759 2080 1798 an-

497 1845 629 1884 nnm
667 1847 731 1886 ex
759 1833 946 1890 animo
969 1832 1235 1898 assidua;
1275 1849 1490 1890 necnon
1527 1849 1696 1890 sacrae
1713 1836 1923 1905 sopbim
1953 1838 2080 1900 (hoc

495 1922 643 1978 enim
669 1923 745 1977 illi
779 1939 975 1980 nomen
1016 1924 1122 1980 sub
1155 1924 1320 1994 cujus
1339 1927 1659 1996 magisterio
1691 1943 1752 1982 ac
1785 1928 2078 1998 disciplina

497 2015 739 2086 agebat),
768 2032 865 2072 seu
893 2018 1078 2088 potius
1111 2017 1286 2088 ipsius
1304 2034 1432 2074 vere
1455 2018 1547 2074 Dei
1571 2022 1851 2089 sapientia:
1871 2037 2076 2090 Opera;

496 2108 648 2164 Patri
679 2109 960 2178 adoptata,
996 2126 1092 2180 per
1137 2111 1309 2165 multa
1361 2112 1660 2182 graviaqne
1707 2128 1806 2182 pro
1853 2113 2080 2168 Christo

496 2208 773 2261 tormenta
799 2209 854 2256 et
886 2202 1159 2269 lanienas,
1191 2203 1430 2273 abrupto
1456 2204 1548 2273 qui
1586 2204 1636 2258 in
1667 2220 1832 2259 carne
1871 2215 1957 2259 est
2003 2206 2079 2258 in-

495 2294 704 2362 colatu,
731 2297 796 2349 ad
829 2295 1305 2352 dcsideratissima
1337 2296 1432 2352 Dei
1459 2297 1815 2354 tabernacula
1853 2299 2078 2352 commi-

493 2388 693 2453 gravit.

566 2477 691 2534 Haec
722 2479 888 2551 igitur
919 2483 1099 2553 magni
1123 2482 1465 2553 illustrisque
1495 2484 1735 2538 nominis
1763 2485 2076 2546 Anastasia,

495 2573 744 2642 spiritale
773 2573 1272 2644 intemeratumque
1295 2579 1607 2632 convivium
1667 2577 1828 2633 hodie
1871 2592 2079 2632 convo-

494 2680 652 2730 cans,
683 2666 938 2734 velutque
965 2668 1274 2734 opimarum
1307 2669 1504 2738 dapum
1541 2670 1857 2724 varietatem
1911 2685 2077 2725 sacra

493 2771 596 2812 sua
645 2759 947 2812 certamina
1007 2759 1380 2830 victoriasque
1435 2775 1737 2830 apponens,
1778 2770 1938 2832 atque
1968 2763 2076 2818 illis

491 2849 843 2906 castissimos
874 2859 1149 2908 amatores
1187 2868 1318 2908 suos
1340 2854 1638 2922 accipiens,
1675 2855 1943 2910 immensa
1979 2870 2075 2912 eos

490 2940 754 3012 adimplet
785 2943 990 3009 laetitia,
1023 2945 1332 3017 divinzeqnc
1357 2957 1645 3002 consortes
1687 2949 2075 3005 exsultationis

493 3033 643 3090 facit.
674 3033 798 3091 Hazc
820 3043 1070 3092 nostrum
1089 3045 1142 3092 et
1165 3037 1404 3092 animum
1431 3050 1481 3094 et
1509 3049 1816 3094 sermonem
1842 3041 1906 3096 ad
1927 3040 2074 3096 illius

490 3124 810 3194 passionum
885 3129 1330 3196 exsuperantiam
1401 3127 1718 3186 latiscentes
1789 3133 2069 3199 excitans;

2192 639 2383 709 (πολλὴ
2414 639 2570 701 δέτις
2599 634 2686 708 ἦν)
2705 641 2822 702 ταῖς
2851 639 2961 693 τῶν
2990 639 3160 705 ἁγίων
3185 640 3396 707 χρείαις
3425 639 3764 701 κοινωνοῦσα,

2191 732 2284 783 καὶ
2315 732 2515 800 στοργῇ
2548 731 2912 800 φιλομάρτυρι
2937 729 3145 791 τούτοις
3168 729 3369 800 τρόπον
3393 729 3517 782 τινα
3547 745 3766 797 συμφύο·

2190 823 2353 894 μένη“
2387 824 2479 875 καὶ
2503 825 2625 886 τοὺς
2652 823 2855 892 ἰχῶρας
2887 822 3067 874 αύτῶν
3095 822 3306 884 ὀθόναις
3335 821 3580 890 ἐντίμοις
3609 839 3764 873 κατα-

2189 916 2496 984 μάσσουσα,
2521 914 2616 968 καὶ
2649 914 2714 967 τά
2740 913 3028 985 τραύματα
3065 911 3444 966 καταντλοῦσα
3473 913 3566 963 καὶ
3608 929 3764 964 κατα-

2189 1003 2448 1071 φιλοῦσαο
2493 1004 2584 1056 καὶ
2620 1004 2828 1068 ζῶντας
2854 1005 2951 1072 μὲν
2985 1003 3086 1064 ἐτι,
3127 1003 3304 1072 λόγοις
3344 1003 3593 1073 στερροῖς
3624 1005 3763 1069 Emp-

2191 1097 2523 1168 ρωννύουσα,
2580 1097 2673 1150 καὶ
2727 1097 2864 1167 πρὸς
2915 1098 3039 1159 τοὺς
3096 1095 3450 1165 ἀμαράντους
3501 1094 3765 1161 παραθαρ-

2188 1191 2424 1259 ρύνουσα
2451 1190 2749 1256 στεφάνους
2773 1204 2785 1218 ·
2828 1189 3213 1256 άποιχομένοις
3259 1186 3314 1238 δέ
3360 1185 3638 1251 πανοσίῳς
3675 1187 3761 1252 τὴν

2185 1284 2338 1337 ὁσίαν
2366 1283 2752 1349 ἐπιϐάλλουσα,
2774 1283 2947 1345 οὕτως
2964 1282 3164 1352 ἑαυτὴν
3191 1281 3356 1336 καλὴν
3384 1282 3636 1347 ἐντάφιον
3660 1280 3762 1346 (7'2)

2186 1376 2396 1440 τούτοις
2415 1376 2542 1429 ὖστε
2553 1395 2642 1446 ρον
2667 1376 2992 1446 παρέσχετο,
3016 1376 3105 1428 διὰ
3128 1377 3295 1443 πυρὸς
3314 1375 3759 1437 όλοκαυτωθείςα,

2185 1467 2284 1521 καὶ
2298 1469 2379 1531 είς
2397 1467 2573 1538 ὀσμὴν
2591 1467 2818 1531 εὐωδίας
2839 1467 3148 1535 λογισθεῖσα
3162 1466 3240 1536 τῷ
3259 1465 3401 1536 Θεῷ.
3423 1466 3489 1518 Ἡ
3511 1467 3754 1533 παρθένος

2183 1559 2261 1624 δὲ,
2295 1560 2500 1628 γονέων
2527 1559 2621 1612 καὶ
2661 1558 2958 1626 συγγενῶν,
3005 1557 3301 1629 κτημάτων
3336 1560 3437 1610 καὶ
3479 1560 3759 1627 χρημάτων

2184 1652 2248 1703 ἐκ
2271 1650 2516 1718 τριετοῦς
2548 1651 2644 1720 τῆς
2678 1651 2893 1721 ἡλικίας
2923 1649 3114 1720 χρόνου
3139 1650 3264 1712 τοὺς
3311 1649 3757 1719 περιουσιασμοῦς

2184 1742 2436 1809 λιποῦσα,
2468 1745 2559 1795 καὶ
2591 1741 2824 1812 σεμνείῳ
2859 1741 2967 1794 τινὶ
3002 1742 3240 1811 γνησίως
3271 1741 3405 1810 ἄχρι
3435 1738 3534 1792 τοῦ
3564 1742 3752 1792 εἰκοσα-

2184 1836 2340 1898 ετοῦς
2371 1835 2904 1905 προσκαρτερήσασα
2931 1849 2947 1864 ⁸
2987 1833 3083 1887 καὶ
3123 1833 3214 1887 διὰ
3244 1833 3348 1902 τῆς
3383 1833 3539 1901 ἱερᾶς
3582 1832 3750 1899 Sosia;

2186 1929 2349 2000 (οὓτω
2377 1931 2487 2000 γὰρ
2531 1931 2564 1999 ἡ
2614 1928 2932 1992 διδάσκαλος
2978 1927 3310 1998 ὠνόμαστο),
3340 1926 3548 1995 μᾶλλον
3591 1924 3644 1977 δὲ
3679 1925 3736 1976 διὶ

2179 2023 2280 2092 τῆς
2314 2022 2480 2086 ὄντως
2507 2021 2644 2076 Θεοῦ
2677 2021 2867 2090 σοφίας
2892 2020 3266 2088 υίοθετηθετσα
3295 2017 3376 2088 τῷ
3404 2019 3600 2088 Πατρὶ,
3631 2015 3743 2068 οὕτω

2179 2115 2269 2166 διὰ
2296 2113 2508 2167 πολλῶν
2534 2113 2627 2166 καὶ
2664 2111 2855 2166 δεινῶν
2897 2110 3008 2163 τῶν
3047 2109 3187 2180 ὑπὲρ
3227 2107 3476 2176 Χριστοῦ
3529 2108 3748 2178 βασάνων

2179 2205 2270 2257 καὶ
2302 2203 2505 2273 τομῶν,
2553 2202 2650 2271 τῆς
2703 2203 2762 2254 ἐν
2812 2202 2972 2271 σαρκὶ
3027 2201 3127 2271 μὲν
3170 2200 3388 2272 ἐρράγη
3443 2197 3748 2268 παροικίας,

2183 2297 2317 2368 πρὸς
2343 2296 2412 2349 τὰ
2439 2295 2700 2364 ἀγαπητά
2729 2293 2785 2348 δὲ
2812 2293 2948 2347 Θεοῦ
2982 2291 3315 2364 σκηνώματα
3354 2291 3609 2363 μετέστη.

2250 2481 2398 2551 Αὕτη
2424 2481 2602 2533 τοίνυν
2637 2481 2670 2550 ἡ
2707 2478 3121 2549 μεγαλώνυμος,
3153 2479 3187 2548 ἡ
3219 2475 3576 2548 περιώνυμος
3615 2473 3746 2526 ’Λναο

2182 2574 2399 2633 στασία,
2451 2575 2482 2644 ἡ
2537 2571 2914 2642 πνευματικὴν
2967 2571 3058 2624 καὶ
3102 2570 3387 2639 ἀκήρατον
3428 2565 3745 2633 ἐστιατορίαν

2181 2669 2419 2737 σήμερον
2445 2665 2875 2734 συγκαλουμένη,
2895 2664 2989 2716 καὶ
3009 2657 3095 2716 οἷα
3124 2661 3186 2732 δὴ
3213 2660 3523 2714 πολυτελῶν
3539 2659 3739 2726 ἐδεσμά-

2178 2777 2284 2812 των
2322 2759 2616 2821 ποικιλίαν,
2665 2759 2790 2819 toi);
2826 2757 3004 2826 ἱεροὺς
3053 2754 3248 2817 ἄθλους
3297 2753 3629 2824 προτιθείσα,
3661 2749 3738 2801 καὶ

2176 2849 2387 2912 τούτοις
2412 2850 2536 2912 τοὺς
2568 2849 2873 2915 πανάγνους
2908 2846 3113 2912 ταύτης
3158 2846 3399 2916 ἐραστάς
3426 2841 3734 2910 δεξιουμένη.

2179 2940 2380 3010 μυρίας
2411 2937 2732 3009 άναπιμπλᾷ
2755 2938 2853 3007 τῆς
2882 2935 3242 3006 εὐφροσύνης,
3269 2936 3364 2989 καὶ
3394 2932 3736 3002 ἀγαλλιάσεως

2175 3035 2326 3096 θείας
2383 3033 2643 3102 μετόχους
2694 3029 3091 3082 ἀποδείκνυσιν.
3153 3025 3299 3094 Αὕτη
3355 3027 3451 3079 καὶ
3506 3023 3622 3076 νοῦν
3661 3019 3737 3070 τὸν

2175 3125 2469 3196 ἡμέτερον,
2502 3123 2778 3200 καὶλόγον
2806 3121 2940 3190 πρὸς
2969 3119 3066 3189 τὴν
3096 3118 3408 3190 ὑπερϐολὴν
3447 3117 3553 3170 τῶν
3590 3112 3734 3178 αὐτῆς

489 3217 731 3271 animum
764 3218 985 3288 quidem
1033 3217 1140 3274 ﬁde
1173 3220 1432 3285 roborat;
1475 3233 1785 3278 sermonem
1828 3238 1958 3276 vero
2004 3223 2072 3278 ad

2178 3217 2518 3287 παθημάτων
2566 3215 2897 3282 ἐκλυόμενον
2943 3212 3222 3277 διιστῶσα,
3275 3210 3512 3281 ῥώννυσι
3571 3205 3657 3275 μὲν
3685 3204 3737 3253 ὲν

490 3308 640 3364 illius
663 3309 974 3364 enarranda
1015 3309 1290 3364 mirabilia
1322 3311 1505 3380 erigit.

561 3495 810 3552 Primum
850 3497 1074 3566 quidem
1115 3495 1246 3550 illud
1271 3511 1466 3552 omnes
1497 3512 1664 3567 rogo;
1697 3514 1766 3553 ne
1800 3498 1926 3569 quis
1961 3499 2072 3554 sci-

490 3588 618 3645 licet
667 3586 1040 3658 comparando
1090 3596 1303 3642 natura:
1345 3587 1773 3644 imbecillitatem
1806 3605 1932 3644 cum
1966 3590 2072 3644 im-

489 3694 682 3736 mensa
728 3689 1128 3735 tormentorum
1179 3679 1254 3746 vi,
1305 3679 1533 3734 moleste
1567 3681 1754 3735 animo
1785 3680 1984 3736 habeat
2008 3698 2072 3736 ac

486 3773 843 3829 dubitationis
864 3771 1224 3842 cogitationes
1243 3779 1518 3836 assumat;
1543 3783 1798 3842 tanquam
1824 3772 1936 3828 fieri
1963 3789 2072 3828 non

487 3866 686 3936 possit,
721 3873 782 3920 ut
835 3867 920 3921 vel
961 3864 1411 3920 robustissimum
1462 3865 1562 3920 viri
1612 3880 1832 3935 corpus,
1866 3867 2069 3920 nedum

487 3955 756 4011 muliebre
782 3969 846 4009 ac
871 3953 1106 4024 juvenili
1149 3952 1307 4009 valde
1333 3963 1511 4016 astate,
1551 3954 1738 4008 tandin
1774 3955 1940 4010 tantis
1965 3955 2073 4011 sic-

485 4061 593 4119 que
655 4046 911 4103 violentis
964 4045 1308 4100 cruciatibus
1347 4059 1410 4099 ac
1441 4045 1732 4100 tormentis
1759 4045 1934 4099 obniti
1969 4060 2071 4115 po-

487 4138 674 4193 tuerit.
731 4135 851 4193 Non
911 4135 1056 4202 enim
1110 4134 1368 4203 corporis
1392 4134 1615 4198 robore,
1668 4133 1764 4189 sed
1796 4134 2068 4204 spiritus;

2179 3314 2356 3365 πίστει
2382 3309 2472 3362 τὸν
2493 3307 2618 3360 νοῦν
2647 3326 2657 3338 ·
2692 3306 2828 3376 πρὸς
2855 3305 3114 3376 ἐξήγησιν
3137 3304 3196 3357 δὲ
3216 3304 3326 3356 τῶν
3352 3304 3520 3372 αὐτῆς
3552 3300 3734 3368 θαυμα·

2177 3405 2310 3457 σίων
2337 3402 2425 3456 τὸν
2455 3401 2613 3469 λόγον
2641 3399 2926 3469 ἐξεγείρει.

2247 3492 2470 3564 Πρῶτον
2505 3492 2604 3562 μὲν
2635 3489 2728 3544 οὖν
2775 3491 2950 3542 ἐκεῖνο
2998 3489 3206 3552 πάντας
3248 3486 3408 3552 ἀξιῶ,
3463 3483 3654 3556 μηδένα
3684 3478 3734 3532 τὸ

2177 3587 2375 3657 σαθρὸν
2404 3586 2502 3653 τῆς
2534 3584 2750 3654 φύσεως
2786 3584 2920 3654 πρὸς
2954 3583 3053 3653 τὴν
3097 3581 3409 3652 ὑπερϐολὴν
3447 3579 3553 3634 τῶν
3593 3573 3732 3630 κολά-

2175 3695 2313 3731 σεων
2367 3675 2835 3747 παρατιθέμενον,
2885 3672 3278 3726 ἀποκναίεσθαι
3324 3673 3424 3726 τὸν
3465 3669 3614 3728 νοῦν,
3658 3661 3734 3717 καὶ

2171 3767 2424 3838 διψυχίας
2449 3767 2680 3836 κάμνειν
2699 3765 2998 3834 λογισμοῖς,
3025 3764 3100 3828 ὡς
3123 3763 3406 3833 ἀμήχανον
3434 3761 3493 3814 ὃν
3517 3758 3602 3811 καὶ
3629 3770 3733 3822 γεν-

2173 3859 2682 3928 νικὼτατονβινδρδς
2711 3857 2892 3927 σῶμα,
2924 3855 2997 3926 μὴ
3033 3855 3114 3908 ὅτι
3159 3871 3223 3922 γε
3266 3853 3331 3923 δὴ
3381 3853 3512 3922 θῆλυ
3552 3847 3734 3901 miuo-

2177 3951 2304 4021 μιδῆ
2339 3950 2555 4021 νεαρὸν,
2589 3948 2727 4019 πρὸς
2773 3945 3108 4018 τηλικαύτην
3145 3942 3595 4014 στρεϐλωτηρίων
3632 3934 3735 4003 βίαν

2172 4047 2266 4099 ἐπὶ
2292 4043 2546 4098 τοσοῦτον
2573 4041 2844 4110 ἀντισχεῖν
2870 4056 2882 4069 ·
2909 4039 2970 4092 οὐ
2993 4038 3102 4108 γὰρ
3132 4035 3302 4107 ίσχύει
3328 4035 3598 4106 σώματος,
3618 4023 3734 4080 ἀλλὰ

2173 4134 2524 4202 πνεύματοςο
2570 4129 2690 4183 οὐδέ
2751 4127 2964 4196 φύσεως
3018 4127 3360 4198 στερρότητι,
3416 4123 3639 4180 πίστεως
3683 4113 3730 4165 δὲ

486 4243 588 4284 nec
629 4228 886 4282 ﬁrmitate
922 4235 1152 4291 natura,
1183 4225 1276 4280 sed
1310 4225 1432 4280 fidei
1465 4223 1804 4290 fortitudine,
1834 4223 2073 4279 victoriae

2178 4225 2532 4300 κραταιότητι
2561 4223 2701 4294 μετὰ
2725 4221 3017 4292 μαρτύρων
3043 4221 3076 4288 ἡ
3099 4219 3224 4289 νίκη
3252 4218 3567 4288 καθορᾶται.
3584 4206 3732 4300 Αὐτθς

484 4331 771 4393 compotes
796 4329 1068 4391 martyres
1119 4318 1401 4372 exstitere.
1433 4315 1551 4387 lpse
1584 4317 1728 4372 enim
1763 4317 2073 4386 inaspecta-

2178 4299 2282 4390 γάρ
2311 4319 2556 4388 ἀοράτως
2585 4318 2612 4369 ὁ
2640 4313 2931 4382 ἀθλοθέτης
2955 4314 3092 4383 μετᾶ
3116 4312 3224 4366 τῶν
3259 4311 3563 4364 ἀθλούντων
3601 4299 3728 4393 γινςδ·

489 4411 585 4467 bili
617 4412 836 4466 ratione
869 4408 1193 4464 certaminis
1217 4423 1418 4477 praeses
1451 4408 1559 4463 illis
1583 4408 1780 4478 spiritu
1801 4423 2069 4478 przesens.

487 4504 580 4574 qni
606 4504 698 4559 illo
723 4502 1125 4573 defunguntur,
1158 4502 1486 4572 illorumque
1519 4502 1779 4556 membris
1805 4511 2066 4572 tanquam

2176 4387 2336 4481 μενος
2514 4403 2806 4473 πνεύματι,
2866 4402 2959 4455 καὶ
3013 4402 3126 4462 τοῖς
3186 4399 3370 4454 αὐτῶν
3421 4398 3629 4468 μέλεσιν
3665 4387 3729 4448 ὡς

2171 4502 2393 4564 οίκείοις
2425 4495 2786 4570 κεχρημένος,
2829 4494 3096 4562 σταθεράν
3135 4510 3194 4544 τε
3229 4491 3322 4544 καὶ
3357 4483 3729 4562 μεγαλότολμον

487 4563 728 4668 prapriis
753 4605 934 4660 utens,
962 4608 1060 4664 pro
1079 4608 1137 4649 se
1156 4591 1873 4648 laborantibus'tirmitatem
1899 4592 2068 4647 animi

2178 4597 2268 4668 τὴν
2309 4563 2418 4647 των
2450 4563 2787 4662 ὑπέρ-αὑτοῦ
2831 4587 3179 4656 πονουμένων
3214 4585 3505 4654 ἐργάζεται
3549 4574 3727 4648 ψυχήν.

486 4692 708 4754 pmstat
729 4697 794 4737 ac
823 4681 1128 4736 audaciam.
1162 4679 1455 4751 lpsurnqne
1487 4680 1624 4736 adeo
1655 4681 1862 4750 pariter
1885 4681 2069 4736 decer-

487 4787 612 4830 tans
631 4773 1041 4844 corpusculum,
1087 4773 1251 4827 modo
1277 4772 1499 4842 quidem
1553 4773 1816 4827 intactum
1842 4772 2069 4827 omnino

2169 4688 2279 4740 Καὶ
2307 4687 2368 4740 τὸ
2403 4682 2696 4738 συναθλοῦν
2721 4680 2775 4733 δέ
2816 4680 3110 4748 σωμάτιον.
3146 4677 3274 4730 ποτὲ
3327 4676 3426 4745 μὲν
3459 4669 3728 4738 ἀπρόσιτον

2170 4779 2346 4846 πάντη
2387 4778 2508 4838 ταῖς
2553 4771 2847 4843 τιμωρίαις
2899 4768 3246 4823 ἀποδείκνυσι
3269 4783 3282 4796 ’
3320 4765 3450 4821 ποτὲ
3488 4762 3540 4815 δὲ
3577 4748 3728 4846 μικρά

483 4840 774 4921 tormentis
798 4863 958 4932 facit;
985 4865 1145 4920 modo
1169 4840 1348 4919 autem
1366 4865 1457 4919 ubi
1485 4865 1754 4934 tantisper
1777 4855 1894 4933 pati
1943 4878 2070 4934 per-

2178 4871 2402 4939 πάσχειν
2430 4866 2632 4928 ἐνδοὺς,
2663 4865 2739 4925 ὡς
2771 4859 3184 4931 τάχιστατοῦτο
3223 4857 3513 4928 θεραπεύει
3550 4867 3606 4902 τε
3645 4840 3726 4939 mf"

486 4956 727 5015 miserit,
760 4970 921 5024 quam
955 4954 1063 5009 cito
1091 4953 1224 5008 illud
1257 4961 1434 5013 curat.
1471 4953 1860 5023 integrumque
1887 4967 1950 5007 ac
1981 4968 2068 5006 sa-

484 5063 614 5102 num
646 5045 850 5111 reddit;
878 5045 1050 5100 donec
1071 5045 1286 5100 tandem
1305 5045 1539 5099 faustum
1563 5047 1766 5099 exitum
1793 5045 2065 5112 finemque

483 5138 824 5194 certantibus
853 5137 1104 5193 conferre
1141 5136 1190 5191 ei
1226 5137 1515 5206 placuerit.
1555 5137 1608 5190 ld
1653 5153 1780 5190 vero
1811 5145 2060 5206 prastat,

485 5239 598 5286 tum
626 5239 685 5285 ut
711 5230 812 5284 sibi
837 5229 1090 5300 gloriam,
1117 5228 1296 5298 iisque
1322 5228 1720 5298 quitorrnentis
1740 5229 2063 5284 excrucian-

482 5335 594 5390 tur,
618 5325 1035 5380 sanctimoniam
1068 5323 1351 5388 conciliet,
1381 5331 1495 5377 tum
1526 5330 1586 5377 ut
1637 5333 1691 5378 et
1720 5325 1881 5394 vulgo
1913 5323 2059 5378 salu-

481 5426 590 5472 tem
614 5416 824 5472 all'erat.
858 5416 1126 5476 Salutem,
1170 5415 1418 5484 inquam,
1450 5430 1570 5484 qua:
1589 5431 1651 5467 ex
1687 5415 1791 5471 (ide
1819 5424 1926 5480 est,
1962 5430 2061 5469 ne-

482 5506 611 5560 dum
643 5507 754 5562 illis
779 5506 871 5576 qui
899 5515 1028 5560 tunc
1054 5505 1320 5575 temporis
1372 5505 1734 5560 certaminum
1787 5517 2064 5575 specrato-

482 5611 571 5650 res
593 5595 816 5662 fuerint,
844 5597 939 5652 sed
971 5605 1026 5651 et
1046 5595 1251 5651 futuris
1280 5595 1729 5666 generationibus
1749 5597 2056 5667 provideat.

558 5737 669 5805 (7‘2)
729 5737 930 5791 Καλὸν
985 5737 1291 5805 ἐντάφιον.
1343 5739 1627 5807 Sumptum
1662 5749 1747 5795 est
1811 5738 2058 5807 Gregorii

487 5803 882 5871 Maclrabazicis,
900 5809 987 5860 ubi
1020 5810 1090 5862 ita
1114 5803 1230 5860 Bill.
1251 5828 1264 5862 :
1287 5803 1504 5862 Pulchri
1526 5810 1804 5876 cujusdam
1822 5803 2058 5876 ftmébris

492 5877 600 5928 loco
654 5878 876 5942 scipsam
921 5876 1097 5930 liberis
1138 5876 1348 5945 obtulit,
1405 5889 1578 5933 mater
1652 5880 1883 5941 scilicet;
1941 5880 2054 5947 ipsa

2169 4955 2505 5029 καταρτίζει,
2541 4955 2732 5024 μέχρις
2773 4948 2832 5006 οὗ
2864 4952 3036 5016 δεξιὸν
3070 4952 3244 5020 πέρας
3271 4952 3378 5012 τοῖς
3413 4932 3724 5032 ἀγωνιζομέῖ

2169 5070 2279 5114 νοις
2307 5047 2583 5102 ἐπιϐαλεῖν
2612 5047 2815 5105 ἐκεῖνος
2845 5043 3208 5112 δοκιμάσειεν.
3237 5040 3310 5094 Τὸ
3341 5041 3398 5093 δέ
3418 5035 3568 5095 ποιεῖ,
3605 5030 3722 5096 ὁμοῦ

2173 5145 2273 5213 μὲν
2313 5139 2492 5209 ἐαυτῷ
2533 5137 2714 5200 δόξαν,
2779 5136 2874 5188 καὶ
2919 5137 3030 5196 τοῖς
3081 5133 3445 5202 αἰκιζομένοις
3477 5115 3723 5213 άγιασμδν

2171 5230 2656 5303 περιποιούμενος·
2730 5225 2864 5296 ὁμοῦ
2919 5225 2973 5276 δὲ
3021 5226 3114 5278 καὶ
3173 5224 3442 5293 σωτηρίαν
3494 5209 3720 5310 πολλοῖςο

2170 5324 2442 5394 σωτηρίαν
2466 5321 2542 5385 δέ,
2569 5319 2665 5389 τὴν
2690 5323 2754 5372 ἐκ
2784 5318 3037 5381 πίστεωτ,
3069 5316 3129 5368 οὐ
3161 5318 3271 5378 τοῖς
3295 5316 3410 5369 τότε
3438 5311 3586 5381 μόνον
3609 5310 3719 5401 τοιξς

2166 5418 2384 5485 ἀγῶνας
2408 5415 2627 5484 ὁρῶσιν,
2652 5410 2787 5465 ἀλλὰ
2817 5409 2910 5462 καὶ
2938 5412 3058 5469 ταῖς
3105 5409 3386 5468 ἐπιούσαις
3429 5393 3714 5472 προμηθουν-

2168 5524 2326 5576 μενος
2365 5506 2599 5572 γενεαῖς.

2174 5753 2504 5808 prmgressos
2536 5738 2736 5808 liberos
2755 5731 3015 5808 martyrii
3063 5731 3308 5800 palaestra
3363 5714 3708 5808 secuta-1‘53?

2399 5807 2684 5885 Anastasia
2717 5805 2882 5885 vidua
2917 5792 3268 5885 aqcnratplao
3307 5810 3456 5885 pura,
3488 5792 3594 5858 ipsa
3624 5793 3704 5834 03'
3752 5869 3763 5885 ἱ

2164 5881 2283 5934 dem
2309 5894 2428 5948 qua:
2462 5879 2511 5931 in
2549 5876 2762 5931 Menaeis
2795 5886 2842 5928 ct
2872 5875 2922 5927 in
2957 5872 3106 5925 Actis
3141 5869 3401 5939 Metaplir.

3927 340 3929 474 Ψ
