4040 6396
224 402 334 470 345

1060 384 1344 465 mimo
1380 404 1565 466 xvn.
1606 433 1670 444 -
1695 407 1777 467 IN
1812 408 2126 476 LAUDEM
2171 419 2232 481 s.
2266 420 2742 484 ANASTASIIE.

3421 422 3528 488 3&5

311 510 531 583 Ἐπειδὴ
590 509 773 565 τοίνυν
816 509 973 566 ταῦθ’
1022 512 1196 576 οὕτως
1241 512 1389 583 ἔχειν
1446 515 1626 580 καλῶς
1676 517 1831 572 ὐπεί-

2012 523 2465 601 Quandoqttidctn
2511 532 2679 603 igitur
2703 532 2816 588 haec
2847 546 2908 589 se
2932 542 3085 589 rcctc
3112 534 3318 592 habere
3350 537 3529 595 visunt

227 608 452 679 ληπται,
485 603 625 675 φέρε
644 602 711 674 δὴ
731 603 828 658 καὶ
854 605 1038 675 ἡμεῖς,
1068 604 1415 678 κυϐερνήτην
1452 610 1553 678 μὲν
1582 609 1839 664 ὲπικαλε·

231 701 459 773 σάμενοι
482 698 579 753 τὸν
604 697 953 768 ἀγωνοθέτην
978 698 1216 768 Χριστόν
1235 715 1250 730 ·
1286 700 1458 771 οὐρίῳ
1482 701 1540 755 δὲ
1566 702 1843 774 πνεύματι

229 793 310 864 τῷ
337 789 689 863 Παρακλήτῳ
731 789 1088 861 κεχρημένοι,
1116 789 1195 858 τῷ
1246 789 1477 859 πελάγει
1528 793 1593 864 δὴ
1641 794 1842 865 τούτῳ,

152 940 165 947 _
228 882 339 938 τῶν
362 883 464 953 τῆς
503 880 752 951 μεγάλης
794 879 1154 944 ’Δναστασίας
1186 880 1368 935 άθλων
1414 881 1506 935 τὸν
1542 882 1700 952 λόγον
1745 886 1836 937 £7:-

227 976 484 1046 αφῶμεν·
516 974 679 1030 τοῦτό
703 990 769 1043 γε
798 973 865 1027 δι’
897 972 1065 1043 εὐχῆς
1089 973 1304 1043 ἔχοντες
1335 975 1514 1045 μόνον,
1540 976 1683 1030 ὥστε
1714 994 1843 1031 κατε

231 1068 564 1139 ευθυνθῆναι
620 1068 718 1138 μὲν
758 1068 892 1140 ἡμῖν
942 1066 1005 1120 τὸ
1050 1067 1258 1137 σκάφος
1302 1067 1399 1122 τοῦ
1445 1069 1540 1123 νοῦ
1581 1071 1719 1138 πρὸς
1749 1069 1844 1123 τὸν

233 1162 338 1230 τῆς
377 1161 639 1229 ἀληθείας
676 1158 973 1223 ἀκινδύνως
1018 1159 1223 1230 ὅρμον
1271 1161 1363 1214 τὸν
1408 1161 1757 1216 παντοδαπὸν
1784 1162 1842 1215 δὲ

239 1252 352 1308 τῶν
376 1251 700 1322 ἀγωγίμων,
731 1250 825 1304 είτ⁹
848 1244 943 1304 οὖν
966 1250 1205 1304 ἐπαίνων
1233 1252 1454 1323 φόρτον,
1481 1247 1571 1306 οία
1590 1253 1657 1325 δὴ
1681 1271 1843 1325 κεχα.

247 1345 483 1417 ρισμένα
524 1343 670 1414 δῶρα
710 1342 804 1396 καὶ
847 1341 1001 1411 φίλα,
1031 1344 1098 1414 τῇ
1143 1343 1628 1416 παρθενομάρτυρι
1676 1363 1843 1417 προσ-

249 1439 516 1505 ενεγκείν.

324 1530 541 1593 Ἀλλοις
579 1529 675 1597 μὲν
711 1526 806 1580 οὖν
844 1526 1080 1599 πατρίδα
1119 1528 1221 1598 τὴν
1256 1526 1506 1599 βασιλίδα
1540 1530 1634 1584 καὶ
1666 1545 1842 1598 μεγα-

249 1618 466 1674 λόπολιν
507 1615 729 1688 αὐχοῦσι
771 1615 1027 1688 Ῥώμην,
1073 1617 1168 1671 καὶ
1204 1618 1397 1687 γένους
1444 1619 1501 1671 δὲ
1556 1619 1667 1672 τῶν
1709 1617 1842 1688 παρ’

251 1715 434 1777 αὐτοῖς
458 1711 679 1782 λαχοῦσι
703 1710 982 1781 λαμπροῦ,
1007 1710 1217 1776 ἔξεστιν
1239 1712 1370 1776 ίσως
1394 1712 1841 1784 μεγαλοφρονεῖν,

249 1804 343 1859 καί
367 1821 419 1857 τι
441 1803 601 1857 πλέον
631 1801 743 1856 τῶν
774 1802 1151 1873 ἀγενεστέρων
1179 1802 1327 1874 ἔχειν
1346 1803 1521 1857 δοκεῖν
1542 1819 1556 1833 ·
1585 1798 1669 1865 οἷς
1689 1802 1845 1859 οὐδὲν

244 1896 453 1952 οἴκοθεν
481 1894 698 1966 ἔχουσιν
748 1896 831 1959 είς
872 1895 1258 1966 εὐδοκίμησιν.
1303 1895 1559 1949 ἐντεῦθεν
1611 1894 1834 1949 εὖκλειά

240 2004 324 2051 τις
354 1984 748 2058 προσγίνεσθαι
778 1983 1062 2055 νομίζεται
1084 2000 1098 2013 ο
1127 1990 1194 2057 τῇ
1222 1985 1281 2039 δὲ
1327 1985 1481 2039 οὐδὲν
1508 1982 1663 2056 οἶμαι
1698 1986 1843 2057 μέγα

252 2078 470 2149 Ῥώμης
491 2077 802 2146 πεφυκέναι
832 2075 1081 2146 βλαστόν.
1101 2075 1269 2131 Οὐδὲν
1289 2076 1426 2147 αὐτῇ
1459 2076 1521 2130 τὺ
1549 2075 1841 2146 ἐπίσημον,

241 2171 291 2224 εί
319 2170 513 2239 γενεᾶς
536 2165 675 2223 οὖσα
699 2167 960 2236 τυγχάνοι
999 2167 1334 2238 περιφανοῦς
1358 2184 1374 2200 ·
1405 2167 1716 2221 τούναντίον
1743 2167 1845 2238 μὲν

239 2262 352 2327 οὖν,
405 2261 551 2332 μέγα
599 2262 667 2332 τῇ
727 2260 883 2313 πόλει
926 2258 1239 2326 Ῥωμαίων,
1278 2259 1341 2312 τὸ
1399 2258 1610 2312 πολῖτιν
1654 2258 1846 2328 αὐχεῖν

249 2351 633 2408 ’Δναστασίαν.
678 2350 973 2423 Ἐπίσημοι
1021 2350 1079 2403 δὲ
1126 2350 1196 2403 δι’
1234 2350 1426 2421 αὐτὴν,
1458 2351 1556 2420 οὐχ
1612 2351 1662 2403 οί
1704 2350 1845 2403 κατά

240 2447 399 2517 σῶμα
424 2445 715 2515 συγγενεῖς
739 2444 901 2514 μόνον
917 2485 933 2509 ,
959 2442 1141 2512 πολλῷ
1165 2442 1221 2496 δὲ
1247 2443 1411 2496 πλέον
1428 2443 1478 2495 oi
1502 2442 1589 2495 διὰ
1609 2443 1844 2505 πίστεως

236 2538 373 2607 αὐτῇ
422 2535 964 2607 προσοικειούμενοι.
997 2536 1123 2600 Πῶς
1155 2534 1249 2589 οὖν
1293 2535 1553 2605 πατρίδος
1582 2534 1615 2606 ἢ
1652 2535 1846 2602 γένους

238 2631 530 2701 σεμνότητι
582 2629 947 2700 σεμνύνεσθαι
985 2629 1228 2698 νομίζειν
1268 2628 1440 2692 είκὺς,
1484 2627 1582 2699 τὴν
1626 2627 1844 2692 ἁπάσας

236 2723 343 2779 τῶν
361 2723 577 2777 πιστῶν
604 2721 798 2791 γενεάς
825 2721 893 2776 δι’
914 2721 1225 2794 ὑπερϐολὴν
1251 2720 1538 2792 ἁγιότητος
1566 2720 1844 2790 ἐξευγενί-

238 2814 436 2879 ζουσαν
458 2830 474 2881 ;
497 2814 696 2878 Οὐδεὶς
724 2813 950 2876 ἔπαινος
986 2814 1255 2884 μάρτυσιν
1280 2830 1293 2843 ·
1324 2814 1445 2866 οὐδὲ
1470 2812 1701 2867 καθόλου
1731 2815 1845 2876 τοῖς

236 2907 442 2962 ἄνωθεν
461 2923 698 2978 γεγεννη
708 2906 909 2976 μένοις,
936 2907 1030 2958 καὶ
1048 2907 1185 2976 πρὸς
1207 2905 1437 2977 οὐρανὸν
1459 2906 1520 2957 τὸ
1544 2904 1847 2974 πολίτευμα

241 2999 655 3070 μεταθεμένοις,
713 2999 746 3069 ἡ
794 2998 907 3050 τῶν
959 2998 1110 3051 κάτω
1158 2998 1481 3068 λαμπρότης
1539 2998 1841 3065 συγγενῶν.

241 3090 405 3144 Ὅθεν
462 3090 566 3145 καὶ
617 3090 778 3160 ἡμεῖς
824 3089 893 3143 τὰ
949 3089 1099 3142 κάτω
1147 3088 1573 3160 παραλιπόντες,
1630 3090 1696 3142 ἐκ
1736 3088 1847 3141 τῶν

243 3184 456 3238 οίκείων
476 3181 993 3254 ἀνδραγαθημάτων
1018 3182 1085 3252 τῇ
1129 3180 1367 3252 μάρτυρι
1397 3185 1523 3245 τούς
1551 3180 1660 3234 τῶν
1681 3180 1838 3234 ἐπαί-

1952 3203 2374 3267 transtulerunt,

246 3293 350 3330 νων
379 3274 781 3347 άναδησώμεθα
813 3275 1139 3345 στεφάνους.

320 3550 384 3608 Ἦ
411 3554 511 3625 μὲν
562 3552 657 3608 οὖν
683 3552 744 3619 ἐξ
788 3551 961 3623 ἀρχῆς
990 3551 1160 3622 αὐτῆς
1203 3551 1410 3622 βίωσις,
1454 3552 1555 3606 εἶτ’
1587 3552 1678 3607 οὖν
1716 3535 1845 3607 ἀνα-

243 3647 471 3719 στροφὴ,
502 3647 646 3717 καλή
707 3663 766 3698 τε
807 3627 904 3700 καὶ
940 3644 1122 3701 δεξιά·
1173 3647 1269 3700 καὶ
1310 3646 1430 3701 οἵαν
1475 3647 1622 3711 εἰκὸς
1654 3648 1848 3702 ἀνατε-

237 3740 472 3812 θράφθαι
490 3781 506 3804 ,
535 3738 636 3811 τὴν
662 3738 798 3809 πρὸς
825 3737 1164 3809 τηλικαύτην
1203 3741 1608 3811 ταμιευομένην
1639 3757 1846 3811 μαρτυ-

241 3833 382 3904 ρίαν,
420 3829 791 3902 Ἐγκράτειαν
839 3830 939 3902 μὲν
962 3831 1071 3901 γὰρ
1096 3831 1129 3900 ἠ
1158 3831 1521 3901 πανάμωμος,
1544 3833 1644 3903 οὐχ
1674 3831 1847 3887 ὕπνου

241 3927 421 3995 μόνον,
446 3925 574 3979 οὐδὲ
606 3924 913 3995 βρωμάτων
939 3923 1035 3978 καὶ
1063 3923 1325 3995 πομάτων
1348 3965 1365 3992 ,
1395 3924 1530 3980 ἀλλὰ
1558 3928 1652 3980 καὶ
1676 3925 1849 3997 θυμοῦ

240 4019 443 4083 παντὸς
468 4017 572 4072 καὶ
596 4015 893 4088 ἐπιθυμίας
914 4015 1113 4085 ἀλόγου
1139 4016 1487 4088 κατορθοῦσα
1511 4035 1527 4050 ⁸
1548 4019 1645 4072 καὶ
1671 4018 1850 4086 γλῶσ-

242 4128 341 4165 σαν
385 4108 723 4182 χαλινοῦσα,
777 4110 874 4164 καὶ
933 4111 1118 4165 πᾶσαν
1171 4109 1463 4181 αίσθησιν,
1515 4109 1612 4163 καὶ
1670 4111 1853 4164 πᾶσαν

239 4202 420 4273 ψυχῆς
463 4184 685 4271 κίνησιν
741 4200 1174 4272 παιδαγωγοῦσα
1228 4200 1324 4255 καὶ
1377 4198 1850 4271 κατακοσμοῦσα¹

240 4297 420 4367 ἀενάῳ
462 4296 526 4349 δὲ
576 4298 855 4367 προσευχῇ
897 4297 992 4351 καὶ
1049 4296 1255 4368 μελέτῃ
1310 4296 1420 4348 τῶν
1463 4294 1625 4365 ἱερῶν
1661 4292 1848 4366 σχολά-

242 4387 415 4451 ζουσα
445 4387 713 4458 Γραφῶν,
743 4388 930 4458 νεκροῖ
960 4387 1060 4458 μὲν
1092 4387 1162 4440 τά
1203 4385 1341 4457 μέλη
1378 4387 1447 4440 τά
1480 4385 1574 4438 ἐπὶ
1603 4385 1705 4457 τῆς
1727 4385 1851 4454 γῆς,

242 4481 592 4546 ζωοποιεῖται
618 4480 674 4533 δὲ
699 4479 1005 4550 πνεύματι·
1041 4478 1255 4542 τούτοις
1285 4478 1343 4533 δὲ
1380 4478 1482 4547 τῆς
1506 4477 1711 4548 ἀρετῆς
1740 4478 1855 4540 τοῖς

240 4575 429 4635 ὅπλοις
459 4573 910 4645 κατοχυρωθεῖσα
931 4588 944 4602 '
986 4572 1189 4644 μᾶλλον
1233 4572 1291 4626 δὲ
1328 4570 1564 4644 Χριστὸν
1591 4570 1714 4625 ὅλον
1760 4571 1852 4625 διὰ

243 4667 352 4721 τῶν
378 4666 620 4741 ἀρετῶν,
645 4664 721 4730 ὡς
771 4663 1002 4739 θώρακα
1033 4662 1407 4733 δικαιοσύνης,
1437 4662 1515 4727 ὡς
1548 4680 1850 4734 περικεφαο

243 4758 405 4812 λαίαν
462 4757 769 4829 σωτηρίου,
819 4757 896 4822 ὡς
954 4756 1231 4827 μάχαιραν
1288 4754 1544 4823 δίστομον
1590 4753 1853 4809 καθοπλι-

247 4847 440 4903 σθεῖσα
459 4864 475 4880 ο
504 4848 693 4920 ἐπειδὴ
729 4847 867 4919 πρὸς
895 4846 1238 4917 τελειοτέραν
1275 4839 1412 4917 ἧκεν
1442 4843 1683 4916 ἡλικίαν,
1713 4842 1852 4917 πρὸς

251 4939 612 5012 ἰσχυροτέραν
660 4940 841 5012 πάλην
882 4938 979 4993 τοῦ
1022 4939 1319 5009 δράκοντος
1351 4979 1367 5002 ,
1419 4935 1516 4990 τοῦ
1576 4935 1853 4990 θάλασσαν

254 5031 376 5107 μὲν,
393 5032 587 5103 ὥσπερ
610 5031 984 5099 ἐξάλειπτρον.
1011 5030 1154 5084 κατὰ
1172 5030 1264 5083 τὸν
1304 5028 1446 5095 Ἰὼϐ,
1474 5028 1848 5099 ἡγησαμένου·

250 5125 329 5189 είς
358 5125 667 5197 περίπατον
696 5124 751 5178 δὲ
782 5124 882 5194 τὴν
920 5124 1158 5179 ἄϐυσσον
1196 5122 1594 5192 λογισαμένου·
1632 5121 1729 5175 τοῦ
1773 5119 1857 5173 σί-

251 5215 414 5288 δηρον
456 5218 576 5287 μὲν,
615 5217 829 5287 ἄχυρα’
876 5216 1076 5287 χαλκὸν
1117 5217 1198 5280 δὲ,
1235 5216 1309 5277 ὡς
1350 5213 1509 5281 ξύλον
1543 5212 1745 5284 σαθρὸν
1768 5230 1850 5266 νο-

256 5310 528 5378 μίζοντος.
559 5310 717 5365 Κατά
745 5308 936 5363 τούτου
984 5310 1164 5374 νεᾶνις
1208 5307 1394 5378 ἁπαλὴ
1432 5307 1525 5360 καὶ
1557 5307 1857 5379 ἀπειρόγα-

1943 628 2052 685 est,
2083 636 2182 692 age
2210 621 2324 691 jam
2365 638 2470 680 nos
2520 639 2740 696 quoque
2767 627 3088 683 certaminis
3118 629 3349 698 prmside
3372 628 3535 685 Chri-

1945 722 2031 768 sto
2107 714 2475 785 gubernatore
2547 716 2824 781 invocato,
2902 721 3260 791 secundoque
3319 723 3531 793 Spiritu

1945 810 2111 874 atque
2163 804 2346 861 afilatu
2392 805 2679 863 Paracleto
2737 808 2848 875 usi,
2876 808 3007 865 huic
3047 825 3256 882 magnae
3290 813 3530 868 Anasta-

1946 895 2042 951 siae
2089 898 2452 953 certaminum
2527 899 2718 970 pelago
2771 916 3081 956 sermonem
3143 902 3527 968 immittamus.

1946 1002 2116 1042 unum
2162 988 2267 1043 hoc
2315 989 2585 1047 duntaxat
2617 993 2672 1047 in
2701 993 2847 1049 votis
2884 993 3171 1060 habentes,
3225 1004 3281 1050 ut
3334 997 3533 1052 mentis

1946 1088 2150 1135 nostra:
2168 1082 2368 1153 scapha
2393 1083 2461 1138 ad
2486 1085 2731 1141 veritatis
2760 1096 2978 1152 portum
3010 1095 3131 1141 tuto
3161 1088 3451 1159 dirigatur,
3478 1096 3536 1143 et

1947 1183 2008 1229 ut
2038 1175 2218 1229 omnis
2244 1177 2460 1247 generis
2486 1179 2751 1235 mercium
2798 1179 3046 1251 (laudum
3080 1181 3316 1237 scilicet)
3342 1190 3532 1237 vectu-

1946 1280 2061 1319 ram
2096 1264 2321 1337 (quippe
2343 1275 2496 1339 grata
2543 1285 2772 1325 munera
2814 1271 3147 1355 placitaque)
3182 1272 3387 1344 virgini
3451 1282 3534 1327 at-

1945 1371 2053 1427 que
2090 1358 2318 1430 martyri
2361 1357 2685 1417 oﬂeramus.

2019 1545 2264 1617 Reliquis
2285 1548 2529 1619 quidem,
2569 1554 2662 1620 qui
2696 1554 2887 1607 urbem
2924 1562 3215 1625 angustam
3247 1568 3534 1627 magnam—

1945 1657 2053 1710 que
2121 1640 2347 1697 Romam
2428 1645 2661 1714 patriam
2728 1648 3054 1716 glorientur,
3119 1650 3325 1719 quique
3381 1649 3536 1705 claro

1945 1730 2134 1788 Romae
2158 1748 2356 1805 genere
2374 1735 2484 1789 nati
2507 1735 2638 1798 sint,
2656 1736 2822 1792 liccat
2848 1737 3077 1793 forsitan
3110 1741 3283 1794 altum
3317 1756 3532 1809 sapere,

1947 1836 2113 1895 atque
2167 1826 2346 1894 majus
2377 1827 2581 1898 aliquid
2616 1845 2726 1897 pra:
2762 1830 2987 1900 ignobili
3022 1833 3183 1903 vulgo
3227 1833 3399 1888 videri
3437 1849 3533 1888 na-

1946 1927 2066 1974 ctos
2095 1934 2216 1975 esse
2249 1934 2263 1971 :
2292 1920 2494 1990 quibus
2530 1922 2787 1975 nimirum
2817 1938 2943 1977 cum
2973 1939 3001 1977 a
3037 1939 3097 1979 se
3140 1924 3277 1978 nihil
3314 1925 3537 1979 virtutis

1948 2012 2014 2067 ad
2056 2012 2359 2068 claritatem
2391 2013 2649 2077 habeant,
2686 2016 2868 2085 aliqua
2908 2017 3037 2071 inde
3064 2016 3292 2071 claritas
3343 2017 3533 2072 videa-

1949 2114 2037 2158 tur
2065 2106 2356 2172 accedere;
2385 2106 2693 2162 Anastasis:
2728 2123 2879 2174 vero,
2913 2107 3052 2162 nihil
3110 2125 3370 2178 magnum
3426 2109 3537 2164 exi-

1948 2198 2112 2280 stimo
2141 2197 2328 2281 Romae
2363 2215 2583 2269 germen
2610 2200 2806 2257 fuisse.
2841 2199 2986 2256 Nihil
3010 2201 3085 2257 illi
3114 2202 3353 2268 illustre,
3385 2201 3535 2270 quod

1949 2291 2149 2347 illustri
2184 2291 2443 2361 claraque
2472 2301 2592 2346 orta
2641 2294 2944 2364 progenie;
2973 2309 3134 2350 secus
3168 2308 3297 2350 vero
3338 2309 3534 2362 magna

1948 2382 2064 2437 haec
2090 2380 2351 2438 Romana
2406 2384 2645 2439 civitatis
2698 2385 3041 2455 praestantia,
3076 2385 3369 2441 Atrastasia
3417 2386 3537 2456 glo-

1946 2475 2081 2529 riari
2110 2475 2250 2530 cive.
2288 2475 2434 2530 Clari
2477 2493 2607 2533 vero
2635 2476 2757 2548 ejus
2797 2477 2998 2548 gratia.
3029 2477 3232 2534 nedum
3281 2478 3533 2549 corporis

1948 2566 2026 2621 illi
2074 2565 2337 2622 aliinitate
2365 2568 2670 2637 conjuncti,
2706 2570 2803 2627 sed
2834 2580 2889 2626 et
2947 2571 3108 2642 longe
3148 2571 3348 2643 magis,
3410 2569 3539 2627 fidei

1949 2657 2147 2713 merito
2205 2659 2468 2728 cultuque
2546 2660 2596 2713 ei
2666 2660 2984 2716 necessarii.
3061 2660 3312 2727 Quonam
3373 2661 3541 2732 igitur

1950 2748 2135 2812 modo,
2168 2748 2357 2819 patriae
2386 2749 2502 2806 sive
2535 2752 2755 2823 generis
2799 2753 3052 2808 claritate
3100 2752 3380 2809 honestari
3412 2753 3542 2823 jure

1950 2841 2193 2913 putanda
2256 2843 2348 2906 sit,
2395 2859 2519 2915 qua:
2564 2846 2879 2901 sanctitatis
2939 2846 3265 2901 excellentia
3307 2854 3537 2901 cunctas

1952 2933 2213 3000 praeclare
2271 2935 2657 3002 generationes
2687 2936 2989 2991 nobilitet?
3016 2934 3238 2989 Nullam
3276 2936 3538 3007 martyri-

1954 3020 2056 3075 bus
2104 3018 2349 3087 laudem,
2413 3035 2514 3075 nec
2576 3036 2801 3091 prorsus
2850 3022 2959 3076 illis
3015 3038 3248 3090 quorum
3306 3037 3336 3076 e
3381 3021 3539 3078 caelis

1952 3112 2214 3167 nativitas
2245 3120 2350 3178 est,
2380 3126 2445 3167 ac
2478 3113 2570 3183 qui
2610 3130 2771 3168 suum
2817 3114 3216 3184 municipatum
3244 3115 3298 3168 in
3332 3114 3538 3169 coelum

2462 3213 2808 3259 terrenorutn
2888 3205 3115 3261 claritas
3179 3216 3538 3277 cognatorum

1949 3296 2203 3351 conferre
2256 3296 2535 3352 censenda
2593 3308 2697 3351 cst.
2758 3296 3128 3363 Quamobrem
3184 3300 3285 3369 ipsi
3321 3313 3542 3366 quoque

1949 3388 2058 3445 illis
2084 3387 2309 3443 omissis
2337 3403 2459 3460 qum
2488 3398 2707 3443 terrena
2740 3397 2892 3450 sunt,
2933 3404 2995 3445 ex
3055 3390 3293 3460 propriis
3326 3387 3540 3443 facino-

1948 3482 2102 3538 ribus
2129 3480 2351 3537 laudum
2384 3496 2618 3538 eoronas
2655 3482 2879 3555 martyri
2911 3489 3295 3538 contexatnus.

2018 3571 2158 3628 Vita:
2188 3573 2357 3644 igitur
2406 3589 2436 3627 a
2480 3573 2753 3645 principio
2802 3573 2966 3637 ratio,
3020 3573 3137 3629 sive
3171 3572 3539 3637 conversatio,

1951 3668 2119 3740 proba
2154 3676 2319 3738 atque
2354 3667 2591 3739 ingenua
2619 3667 2758 3736 fuit;
2812 3667 2959 3735 quali
2993 3668 3255 3721 nimirum
3316 3666 3541 3723 educari

1950 3760 2335 3822 conveniebat,
2396 3777 2519 3831 qua:
2570 3762 2634 3814 ad
2686 3769 2897 3815 tantum
2946 3760 3197 3832 martyrii
3259 3770 3540 3816 certamen

1952 3861 2286 3909 servaretur.
2322 3852 2730 3907 Continentiam
2795 3853 2939 3908 enim
2990 3868 3220 3923 prorsus
3282 3853 3545 3905 inunacu-

1954 3946 2086 4011 lata,
2112 3943 2312 3998 nedum
2344 3958 2374 3997 a
2408 3958 2627 4001 somno.
2670 3943 2907 4014 ciboque
2932 3951 2988 3996 et
3019 3953 3147 4012 potu
3177 3949 3413 4006 tantum,
3444 3939 3541 3994 sed

1952 4039 2009 4086 et
2043 4030 2110 4085 ad
2144 4028 2292 4084 omni
2328 4029 2406 4084 ira
2431 4029 2775 4098 adversaque
2828 4029 3022 4084 rationi
3081 4029 3381 4099 cupiditate
3439 4027 3543 4082 int-

1955 4122 2131 4191 plens,
2179 4119 2535 4191 linguamque
2605 4119 2849 4182 frenans,
2905 4134 3239 4188 omnemque
3290 4132 3542 4195 sensum,

1954 4217 2121 4279 atque
2151 4206 2317 4261 animi
2343 4217 2548 4261 motum
2568 4222 2787 4261 omnem
2805 4207 3081 4277 castigans
3103 4221 3541 4278 perornansqne,

1954 4299 2071 4370 jugi
2109 4297 2346 4369 denique
2375 4298 2610 4354 orationi
2673 4315 3071 4368 sacrarumque
3127 4299 3540 4371 Scripturarnm

1960 4387 2303 4443 meditationi
2336 4404 2561 4453 vacans,
2597 4391 2839 4444 membra
2874 4406 2993 4460 qua:
3052 4399 3181 4446 sunt
3240 4406 3407 4461 super
3432 4398 3546 4446 ter-

1962 4489 2072 4533 tam
2125 4478 2517 4547 muniﬁcat",
2579 4479 2997 4552 vivificaturqne
3056 4480 3305 4551 spiritu:
3375 4494 3545 4552 atque

1887 4550 1930 4607 θ
1959 4570 2113 4626 hisce
2137 4569 2361 4625 virtutis
2393 4569 2565 4625 armis
2595 4550 2931 4624 communita
2959 4586 2974 4624 :
3008 4550 3105 4625 seu
3138 4570 3321 4641 potius
3369 4550 3543 4625 totum

1959 4662 2241 4717 Christum
2271 4662 2535 4717 virtutum
2564 4664 2739 4728 cultu,
2781 4663 2931 4718 velut
2952 4662 3178 4717 loricam
3210 4663 3441 4732 iustitia:
3470 4662 3542 4728 ",

1958 4757 2109 4811 velut
2137 4752 2397 4810 salutaris
2428 4753 2662 4825 galeam,
2705 4755 2857 4809 velut
2911 4754 3154 4824 gladium
3216 4755 3543 4823 ancipitem,

1958 4863 2112 4903 arma
2161 4854 2357 4912 nacta;
2391 4846 2480 4901 ubi
2504 4844 2615 4913 jam
2648 4846 2714 4901 ad
2747 4846 3130 4917 perfectiorem
3175 4855 3389 4900 aetatem
3418 4862 3544 4917 per-

1958 4947 2206 5006 venerat,
2257 4937 2325 4994 ad
2385 4938 2667 4994 fortiorem
2699 4939 2964 4995 draconis
3017 4940 3221 4994 luctam
3267 4936 3409 5011 (ejus
3437 4937 3545 4993 sci-

1952 5034 2105 5096 licet,
2155 5034 2249 5104 qui
2298 5041 2524 5089 auctore
2572 5030 2732 5095 Jobo,
2793 5048 2949 5088 mare
3010 5040 3231 5103 reputat
3308 5040 3371 5086 ut
3447 5045 3546 5088 vas

1954 5123 2373 5195 unguentariutn
2400 5121 2468 5187 δ’,
2510 5121 2880 5193 :tbyssutnque
2924 5121 3085 5178 habet
3123 5121 3177 5176 in
3212 5120 3537 5177 deambula-

1953 5215 2153 5269 torium
2185 5230 2201 5281 ;
2248 5222 2414 5282 atque
2454 5214 2659 5267 ferrum
2693 5214 2879 5285 paleas
2909 5214 3168 5274 aestimat,
3200 5229 3388 5283 nasque
3417 5219 3543 5264 tan-

1953 5323 2118 5378 quam
2148 5305 2342 5377 fragile
2373 5307 2624 5376 lignum)
2656 5306 2923 5362 adversus
2965 5308 3113 5362 hunc
3153 5315 3341 5361 tenera
3379 5304 3545 5358 innu-

257 5416 378 5466 μος,
417 5399 627 5470 σφόδρα
663 5398 1090 5471 κατευμεγεθεῖν
1132 5396 1490 5453 νεανιεύεται.
1534 5396 1591 5449 Ὀ
1621 5395 1700 5459 δὲ,
1734 5397 1848 5459 ταῖς

1958 5408 2160 5470 ptaque
2215 5399 2394 5463 puella
2462 5399 2605 5454 vires
2660 5400 2899 5468 experiri
2953 5399 3278 5468 fortiterque
3331 5396 3542 5452 conniti

254 5488 361 5544 ἀπὸ
398 5490 507 5545 τῶν
539 5488 818 5560 λογισμῶν
855 5490 922 5544 ἐκ
952 5488 1205 5558 νεότητος
1245 5488 1429 5544 ἀκίσιν
1473 5487 1853 5558 ὲναλλὸμενος,

1957 5488 2141 5543 audet.
2176 5487 2272 5544 ille
2297 5502 2468 5559 porro
2514 5487 2911 5559 cogitationum
2948 5503 2975 5541 a
3009 5488 3300 5556 juventutc
3335 5484 3545 5541 aculeis

257 5581 351 5634 καὶ
377 5580 639 5647 ποικίλως
669 5586 790 5646 ταῖς
820 5581 1227 5636 έπαναστάσεσι
1275 5580 1365 5636 διὰ
1406 5579 1514 5633 τῶν
1554 5578 1742 5633 παθῶν
1769 5581 1848 5652 ἐρ-

1959 5583 2214 5646 irrucns,
2271 5579 2529 5650 varieque
2580 5580 3060 5650 perturbationum
3121 5576 3547 5648 insurgentibus

260 5671 447 5742 ραγείς
467 5688 485 5705 ο
511 5673 636 5728 ἐπεὶ
662 5673 738 5746 μὴ
760 5669 870 5737 οἷός
891 5690 952 5727 τε
987 5674 1210 5742 γέγονεν
1222 5673 1323 5743 τῆς
1347 5672 1516 5743 κόρης
1551 5690 1860 5744 καταστρα-

335 5847 379 5879 ⁶⁷
413 5849 621 5905 Coloss.
662 5866 741 5917 ut,
780 5851 832 5907 5.
907 5852 952 5884 ⁸⁸
979 5850 1184 5922 Ephcs.
1215 5867 1292 5919 vt,
1334 5851 1422 5907 ll.
1495 5852 1540 5884 ⁸³
1560 5850 1663 5909 Job
1696 5867 1807 5916 xu,
1837 5851 1923 5906 18.

1963 5674 2206 5730 motibus
2227 5672 2452 5744 pulsans
2476 5680 2532 5728 ct
2572 5671 2934 5743 congrediens
2958 5711 2974 5738 ,
3003 5669 3149 5742 quod
3179 5668 3417 5742 puellam
3448 5682 3546 5728 ex-
