4040 6496
484 451 588 514 347
1644 442 1934 502 ΝΙΕΕΤΕ
1993 441 2179 500 PAF“
2198 445 2228 499 ι
2248 439 2521 498 AGONIS
3648 440 3686 501 3
3709 442 3770 500 '8

470 573 715 630 pugnare
765 554 1086 622 nequiverat
1123 551 1420 620 (quinimo
1443 592 1456 614 ,
1491 550 1660 604 hacce
1698 567 1876 620 pugna
1927 551 2033 602 lin—

2154 546 2382 618 τηγῆσαι
2405 560 2420 578 ⁶
2461 544 2662 615 μᾶλλον
2697 544 2798 616 μὲν
2826 541 2941 612 οὖν,
2969 548 3104 617 πρὸς
3135 548 3412 616 θεολογίαν
3442 549 3598 618 αὐτῇ
3635 547 3771 600 τοῦ-

467 665 627 718 guant
653 647 702 699 ei
727 647 789 697 a:l
815 645 997 697 divina
1017 643 1179 697 verba
1204 643 1594 710 expeditiorem
1618 641 2039 695 Contentiorem-

2154 654 2257 700 τοις
2281 637 2378 705 τὴν
2407 637 2657 704 γλῶσσαν
2687 637 3053 708 εὐτονωτέραν
3095 641 3398 710 ἀποφήνας,
3447 642 3554 694 καὶ
3612 640 3770 692 κατὰ.

467 755 572 806 que
598 736 928 797 wtltlitlerat,
949 734 1322 802 adversusque
1345 734 1594 786 insanum
1623 732 2036 786 simulacrorum

2154 734 2239 801 ιῆς
2283 730 2672 798 είδωλομανίας
2713 729 3089 802 σφοδρότερον,
3126 733 3222 786 καὶ
3271 733 3345 804 μὴ
3385 732 3767 803 βουλόμενος,

470 830 676 880 cultum
709 865 727 885 .
781 827 882 881 etsi
945 826 1186 889 invitus,
1234 823 1612 879 vehementius
1671 820 2039 888 iucitaverat)

2154 821 2420 893 hpéBtasv,
2471 823 2812 890 ἑκμαίνεται,
2861 823 3096 887 καίεται,
3126 828 3193 895 τῇ
3241 824 3412 896 λύσσῃ
3446 825 3767 894 καταπίμ-

471 921 682 973 insania
727 918 877 979 furit,
913 918 1109 982 uritur,
1151 917 1301 970 rabie
1334 916 1612 982 impletur,
1653 923 1837 983 atque,
1877 921 1936 966 ιιι
1967 913 2042 966 ait

2154 929 2370 986 πραται.
2407 913 2537 977 Καὶ,
2571 913 2600 966 ὅ
2647 931 2809 984 φησιν
2840 915 2872 984 ἡ
2914 915 3126 986 Γραφὴ,
3167 916 3267 970 Ἐκ
3289 917 3400 970 τοῦ
3425 918 3766 984 στόματος

473 1010 782 1080 Scriptura,
815 1008 896 1061 Ea:
939 1025 1028 1061 ore
1065 1009 1180 1076 ejus
1209 1005 1610 1076 egrediebantur
1645 1004 1913 1069 lampades
1949 1019 2042 1056 ac-

2154 1004 2330 1060 αὑτοῦ
2342 1004 2769 1074 ἐξεπορεύοντο
2783 1005 3094 1074 λαμπάδες
3108 1009 3440 1077 καιόμεναι,
3459 1009 3568 1060 καὶ
3589 1008 3768 1075 61315-

449 1066 660 1163 iecastr,
688 1113 737 1154 et
766 1100 1176 1168 projiciebantur
1207 1115 1345 1152 areu:
1381 1098 1515 1168 ignis
1546 1099 1616 1151 σθ.

2154 1066 2467 1158 {introitum
2493 1066 2746 1163 ἐσχάραι
2776 1066 2984 1161 πυρός.

547 1191 688 1247 Deus
718 1207 851 1245 sane
887 1193 938 1245 in
971 1190 1274 1254 altissimis,
1310 1190 1474 1258 hujus
1513 1191 1828 1244 certaminis
1860 1190 2046 1260 inspe-

2213 1186 2346 1248 Θεὸς
2382 1185 2482 1256 μὲν
2516 1181 2610 1239 οὖν
2663 1185 2723 1237 ὲν
2781 1185 3055 1254 ὑψίστοις,
3090 1188 3188 1255 τῆς
3222 1188 3464 1254 ἀγωνίας
3512 1189 3757 1260 ταύτης

473 1292 616 1347 ctor,
644 1293 810 1350 atque
843 1283 1192 1350 praemiorum
1227 1281 1437 1336 victrici
1469 1282 1809 1344 distributor,
1875 1283 2044 1338 silens

2154 1276 2455 1348 καθήμενος
2485 1275 2702 1346 ἔφορος,
2749 1276 2844 1328 καὶ
2897 1275 3007 1329 τῶν
3061 1279 3310 1331 ἐπάθλων
3345 1281 3411 1349 τῇ
3448 1281 3766 1349 νικηφόρῳ

473 1375 855 1427 consistebat:
912 1388 1103 1426 omnes
1153 1387 1282 1425 vero
1327 1373 1524 1441 angeli,
1565 1384 1729 1442 atque
1779 1373 2043 1427 caelorum

2154 1368 2443 1422 καθίστατο
2490 1366 2744 1436 βρασεύς.
2797 1368 3052 1435 Ἀγγελοι
3081 1368 3137 1422 δὲ
3169 1370 3392 1434 πάντες,
3424 1373 3521 1423 καὶ
3565 1372 3762 1448 πᾶσαι

472 1479 664 1518 omnes
691 1471 1008 1532 potestates.
1037 1464 1327 1533 spectaculi
1355 1465 1617 1518 aviditate
1648 1465 2044 1534 prospicientes

2154 1457 2253 1508 τῶν
2294 1457 2563 1526 οὐρανίων
2613 1455 2892 1524 δυνάμεις,
2943 1459 3332 1527 ἐπικεκυφυῖαι
3364 1459 3440 1530 τῷ
3473 1460 3759 1529 θεάματι·

474 1556 624 1624 (vere
651 1557 795 1609 enim
829 1557 1025 1609 tnerito
1059 1556 1394 1624 aspectabile
1431 1565 1681 1611 coactum
1715 1557 1846 1612 illud
1890 1552 2045 1612 'thea.

469 1653 614 1700 trum
650 1645 805 1716 erat)
844 1647 930 1700 vix
974 1662 1081 1701 non
1115 1647 1291 1700 anxia:
1323 1647 1547 1718 virginis
1573 1662 1739 1702 causa
1774 1659 1952 1713 erant,
1981 1664 2048 1703 ne

469 1735 599 1805 quid
628 1735 834 1789 sinistri
865 1735 1102 1803 malique
1125 1736 1271 1790 circa
1295 1736 1446 1789 illam
1471 1737 1830 1806 contingeret.
1853 1739 1930 1790 Ac
1951 1753 2048 1792 nec

469 1826 720 1879 homines
747 1824 816 1879 ab
841 1839 905 1878 eo
930 1827 1247 1893 spectaculo
1288 1825 1537 1879 aberant.
1564 1825 1753 1880 Omnis
1769 1825 1912 1880 enim
1935 1841 2050 1879 ma-

2148 1548 2377 1617 θέατρον
2405 1546 2516 1618 γὰρ
2546 1546 2714 1610 ὅντως
2748 1547 3062 1611 ἀξιοθέατον
3093 1554 3490 1618 συνεκροτεῖτο·
3533 1552 3758 1620 μικροῦ

2146 1639 2258 1692 δεῖν
2315 1637 2570 1706 ἠγωνίων
2596 1638 2738 1710 ὑπὲρ
2760 1639 2859 1707 τῆς
2902 1641 3193 1711 παρθένου,
3229 1644 3308 1713 μή
3335 1660 3389 1696 τι
3423 1645 3534 1697 τῶν
3572 1646 3761 1699 ἀπευ-

2148 1729 2292 1782 κτῶν
2321 1729 2450 1800 περὶ
2486 1729 2655 1799 αὐτὴν
2702 1731 2965 1802 συμϐαίη.
3007 1731 3144 1784 Ἀλλ’
3182 1734 3292 1786 οὐδ’
3324 1733 3616 1804 ἄνθρωποι
3654 1737 3756 1802 τῆς

2149 1821 2380 1892 θεωρίας
2416 1823 2630 1891 ἐκείνης
2683 1823 3041 1876 ἀπελείποντο
3067 1841 3080 1854 ο
3122 1827 3271 1878 πᾶσα
3319 1824 3375 1878 δὲ
3419 1826 3452 1896 ἠ
3504 1830 3747 1895 μεγίστη

467 1919 614 1972 xima
644 1917 817 1972 Roma
846 1935 860 1970 :
893 1916 1008 1986 jam
1042 1933 1170 1970 vero
1196 1918 1362 1969 etiam
1393 1917 1662 1986 indigenae
1693 1918 2047 1986 estraneiqne

2160 1913 2384 1983 Ῥώμη·
2439 1915 2537 1985 ἤδη
2595 1915 2651 1967 δὲ
2711 1915 2804 1967 καὶ
2851 1914 2959 1968 τῶν
2999 1916 3310 1985 ἐπιχωρίων
3347 1918 3443 1971 καὶ
3477 1918 3660 1983 ξένων
3691 1921 3739 1970 οἱ

468 2008 525 2063 in
549 2024 612 2064 ea
642 2016 927 2063 versantes
959 2007 1260 2061 Christiani
1295 2006 1600 2077 Graecique,
1628 2008 1693 2061 ad
1723 2008 2046 2063 sceleratum

470 2099 606 2154 illud
642 2099 1092 2168 tribunal,inque
1118 2099 1210 2153 illo
1244 2101 1644 2169 praesidentem,
1677 2099 2043 2156 conﬂuebant.

467 2186 676 2256 Nempe
704 2186 915 2242 Probus
949 2188 1034 2243 hic
1051 2197 1190 2252 erat,
1225 2189 1600 2242 universarum
1634 2205 1812 2243 rerum
1839 2207 2048 2260 prteses

470 2285 529 2332 et
571 2278 761 2346 judex.
816 2277 1135 2333 liorremlus
1175 2279 1394 2347 quidam
1444 2295 1508 2333 ac
1550 2279 1818 2334 sollicitus
1878 2297 2048 2351 pavor

471 2372 740 2440 timorque
762 2384 952 2425 omnes
977 2370 1268 2436 invaserat,
1299 2370 1518 2426 Graecos
1545 2373 1785 2443 quidem,
1816 2391 1882 2429 ne
1910 2375 2048 2431 forte

470 2462 650 2530 puella
673 2463 922 2532 pratoris
944 2463 1146 2533 spretis
1164 2465 1468 2517 terroribus
1486 2464 2044 2536 deosquetlespicata,

469 2554 608 2616 mori
643 2554 823 2624 potius
860 2568 1025 2624 quam
1055 2554 1339 2610 Christum
1379 2556 1657 2625 abnegare
1687 2556 1913 2624 eligeret
1945 2574 1960 2611 :
1991 2566 2050 2612 ut

469 2644 601 2705 inde
639 2653 793 2700 certo
840 2654 1167 2717 argumento
1214 2646 1406 2702 falsam
1443 2662 1566 2702 esse
1607 2648 1821 2701 illorum
1853 2665 2048 2720 super-

471 2735 750 2790 stitionem
806 2736 1060 2806 liqueret.
1117 2734 1256 2807 Ipsis
1313 2754 1442 2792 vero
1503 2738 1666 2792 etiam
1718 2737 2048 2798 Christianis

471 2827 695 2880 animus
719 2826 860 2880 clam
894 2826 1188 2883 formidine
1219 2829 1414 2884 anxius
1448 2837 1588 2895 erat,
1621 2840 1917 2902 pectusque
1949 2847 2050 2888 oc-

477 2917 626 2971 culte
655 2918 1040 2988 eonstrepebat
1073 2934 1138 2973 ac
1170 2920 1552 2983 collidebatur,
1583 2924 1872 2992 nequando
1897 2925 2050 2996 virgo

474 3007 760 3064 blanditiis
807 3009 1068 3076 emollita,
1118 3021 1209 3065 ant
1254 3020 1651 3067 tormentorum
1701 3015 1750 3067 vi
1801 3013 2047 3083 fatigata,

474 3097 762 3169 fractaque
796 3099 871 3153 illi
903 3103 1236 3165 constantia,
1265 3104 1469 3170 aliquid
1500 3104 1780 3176 indignum
1805 3105 2047 3175 Christo,

469 3190 805 3262 illorutnque
833 3208 930 3262 spe
967 3193 1273 3248 moliretur.

549 3281 781 3338 Eruitur
823 3284 1005 3355 itaque
1049 3287 1429 3344 astutissimus
1479 3288 1570 3343 ille
1621 3288 1688 3343 ad
1743 3290 2050 3360 palaestram

473 3373 644 3433 draco
679 3391 696 3442 ;
751 3377 882 3446 quin
932 3378 1113 3446 potius
1152 3379 1382 3434 sibilans
1415 3379 1682 3437 adversus
1721 3394 1928 3436 castam
1965 3398 2057 3438 co-

469 3465 718 3524 lumbam
767 3470 959 3537 serpit.
993 3469 1171 3524 Grave
1219 3472 1364 3525 ettint
1410 3472 1488 3524 illi
1536 3487 1598 3526 ac
1635 3473 2054 3543 deplorandum,

472 3557 625 3626 quod
648 3574 810 3612 omne
843 3559 1079 3612 sublime
1115 3557 1326 3623 videns,
1358 3557 1672 3630 Regemque
1704 3578 1762 3617 se
1793 3579 1915 3618 esse
1950 3563 2059 3632 glo-

474 3651 632 3712 rians
680 3649 927 3704 omnimn
969 3653 1302 3705 versantinm
1350 3652 1406 3706 in
1453 3654 1660 3723 aquis;
1706 3655 1949 3724 nullique
1999 3671 2058 3711 se

477 3743 718 3798 similem
749 3741 1006 3813 dignatus
1055 3744 1441 3798 exsistentiutn
1495 3746 1597 3800 sub
1644 3747 1759 3802 sole
1784 3748 1858 3809 ",
1912 3749 2056 3802 nuda

476 3833 678 3913 puclla,
703 3848 1002 3903 serumque
1041 3834 1285 3904 fragilem
1314 3835 1395 3906 (ut
1426 3836 1798 3903 existimabat,
1822 3836 2060 3892 circum-

475 3924 626 3990 data,
658 3939 764 3977 non
788 3923 1023 3994 amplius
1047 3924 1293 3978 haberet.
1324 3923 1632 3995 Ingreditur
1667 3926 1850 3996 itaque
1879 3925 2060 3996 ignote

477 4013 533 4078 in
575 4015 851 4068 theatrqu
897 4015 1159 4070 draconis
1208 4016 1430 4082 obtutu,
1465 4015 1750 4085 leonisque
1793 4016 2058 4072 adversus

475 4107 746 4178 Virginem
789 4107 1006 4161 fremitu
1037 4100 1354 4173 {invisibili
1396 4108 1614 4174 quidem
1648 4117 1914 4178 apparatu
1950 4109 2058 4162 da?-

478 4214 705 4261 ntonum
746 4199 1080 4270 stipantibus
1117 4199 1310 4253 cuneis
1350 4217 1365 4264 ;
1413 4200 1614 4254 visibili
1655 4213 1807 4262 vero,
1855 4208 2061 4253 morta-

475 4289 610 4356 lium
641 4291 988 4361 impiissimis
1021 4290 1322 4346 confertus.

548 4380 856 4438 Confestim
906 4384 1096 4451 itaque
1135 4381 1314 4435 delata
1355 4380 1419 4434 ad
1451 4381 1611 4435 Probi
1644 4382 1888 4437 tribunal
1915 4385 2061 4438 Ana-

478 4473 670 4537 stasia,
695 4473 986 4542 oblataque
1007 4473 1287 4525 accusatio
1315 4472 1369 4524 in
1402 4471 1514 4526 hate
1544 4471 1656 4526 fere
1682 4473 1871 4527 verba:
1904 4471 2062 4527 Puel-

2149 2005 2542 2075 ἐπιδημοῦντες
2593 2007 2910 2074 Χριστιανοὶ
2981 2008 3075 2059 καὶ
3128 2007 3432 2078 Ἕλληνες,
3485 2011 3636 2080 arpis;
3681 2011 3730 2060 τδ

2149 2096 2472 2168 παράνομον
2520 2098 2698 2148 ἐκεῖνο
2748 2095 2920 2166 βῆμα,
2954 2097 3049 2150 καὶ
3088 2095 3180 2150 τὸν
3211 2100 3298 2150 ἐπ’
3325 2099 3493 2152 αὐτοῦ
3525 2115 3740 2171 προκα-

2149 2187 2408 2257 θήμενον,
2437 2188 2748 2257 συνέρρεον.
2800 2187 3008 2255 Πρόὸος
3045 2187 3101 2241 δὲ
3140 2182 3294 2251 οὗτος
3333 2184 3422 2258 ἦν,
3456 2189 3567 2242 τῶν
3599 2191 3745 2242 ὅλων

2149 2282 2492 2351 πραγμάτιον
2538 2278 2762 2348 ἡγεμὼν
2815 2280 2908 2332 καὶ
2960 2279 3240 2348 δικαστής.
3288 2280 3496 2351 Φρικτὴ
3547 2281 3604 2333 δέ
3660 2298 3745 2345 τις

2147 2374 2395 2434 ἅπαντας
2430 2366 2576 2440 εἶχεν
2608 2370 2814 2439 ἀγωνία
2863 2371 2958 2424 καὶ
2996 2371 3132 2434 δέος·
3171 2371 3441 2442 Ἕλληνας
3475 2373 3599 2440 μὲν,
3633 2375 3747 2443 μή·

2149 2482 2268 2528 πως
2285 2467 2318 2534 ἡ
2344 2464 2522 2526 νεᾶνις
2548 2463 2643 2516 τοῦ
2672 2463 2988 2516 δικαστικοῦ
3019 2463 3185 2533 φόϐου
3217 2465 3563 2534 κατολιγωρή
3575 2483 3741 2527 σασα,

2148 2557 2242 2610 καὶ
2280 2557 2405 2618 τοὺς
2434 2555 2591 2617 θεοὺς
2620 2553 3048 2619 ὲξουδενὼσασα,
3096 2554 3278 2609 θανεῖν
3313 2557 3513 2624 μᾶλλον
3563 2557 3595 2626 ἢ
3638 2557 3743 2621 ἐέξ-

2147 2647 2450 2718 ομόσασθαι
2477 2645 2763 2716 βουληθείη
2796 2644 2888 2698 τὸν
2911 2646 3164 2716 Χριστόν·
3191 2647 3265 2710 ὡς
3299 2646 3552 2700 ἐντεῦθεν
3591 2648 3740 2700 ἀπα-

2148 2739 2319 2810 τηλῆς
2355 2738 2538 2801 αὐτοῖς
2590 2736 2687 2807 τῆς
2726 2736 3026 2806 θρησκείας
3061 2737 3511 2808 ἁπελεγχομένης
3539 2754 3554 2767 ·
3602 2740 3740 2809 Χρι-

2151 2833 2390 2894 στιανοῖς
2445 2830 2501 2883 δὲ
2535 2829 2652 2882 καὶ
2690 2829 2876 2892 αὐτοῖς
2921 2830 2952 2898 ἡ
2987 2828 3135 2899 ψυχὴ
3173 2830 3460 2901 λαθριδίως
3504 2831 3739 2899 ἠγωνία,

2150 2927 2246 2978 καὶ
2293 2926 2325 2994 ἡ
2371 2923 2570 2995 καρδία
2631 2921 2878 2992 κρυφίως
2925 2925 3370 2990 συνεπαταγεῖτο,
3408 2923 3607 2991 μήπως
3640 2940 3738 2976 xa-

2149 3015 2619 3086 ταμαλακισθεῖσα
2670 3012 2805 3083 πρὸς
2837 3013 2935 3076 τὰς
2983 3012 3276 3076 κολακείας
3309 3014 3342 3085 ή
3381 3013 3674 3084 παρθένος,
3704 3014 3736 3082 ἢ

2151 3109 2288 3178 πρὸς
2317 3106 2420 3170 τὰς
2475 3105 2660 3168 αἰκίας
2691 3105 3128 3175 ἀπηγορευκυῖα,
3161 3104 3379 3170 ἀνάξιόν
3409 3123 3463 3158 τι
3506 3106 3739 3176 Χριστοῦ

2152 3198 2249 3252 καὶ
2275 3196 2375 3267 τῆς
2407 3196 2588 3250 αὐτῶν
2614 3194 2828 3258 ἐλπίδος
2860 3195 3298 3265 καταπράξαιτο.

2236 3287 2555 3342 Ἀποδύεται
2592 3287 2771 3340 τοίνυν
2827 3288 2856 3339 ὁ
2903 3287 3277 3356 παμμήχανος
3334 3286 3543 3350 ἐκεῖνος
3611 3287 3738 3357 πρὸς

2152 3381 2213 3431 τὸ
2243 3379 2474 3448 σκάμμα
2495 3377 2739 3448 δράκων·
2772 3375 2974 3447 μᾶλλον
3011 3375 3068 3429 δὲ
3093 3377 3466 3447 προσερπύζει
3507 3380 3738 3448 συρίζων

2155 3471 2295 3524 κατὰ
2334 3471 2434 3539 τῆς
2471 3469 2643 3538 ἁγνῆς
2696 3469 3055 3539 περιστερᾶς.
3101 3469 3290 3522 Δεινὸν
3323 3469 3434 3540 γὰρ
3479 3466 3629 3525 εἶναι
3656 3471 3730 3525 καί

2157 3561 2420 3631 σχέτλιον,
2459 3563 2506 3615 εί
2539 3561 2648 3614 πᾶν
2686 3559 2892 3631 ὑψηλὸν
2937 3558 3104 3631 ὁρῶν,
3139 3559 3393 3630 βασιλεὺς
3434 3562 3492 3615 δὲ
3528 3563 3736 3618 πάντων

2155 3654 2263 3707 τῶν
2307 3654 2364 3706 ὲν
2414 3655 2529 3716 τοῖς
2579 3651 2767 3707 ὕδασιν
2818 3653 3026 3723 αὐχῶν·
3066 3651 3243 3706 οὐδενὶ
3275 3653 3330 3707 δὲ
3362 3653 3473 3708 τῶν
3513 3655 3620 3708 ὑπὸ
3649 3656 3736 3708 τὸν

2155 3747 2307 3816 ἥλιον
2339 3746 2576 3816 ἐμφερὲς
2620 3744 2917 3812 καταξιῶν,
2955 3745 3030 3816 μὴ
3077 3745 3240 3799 πλέον
3288 3745 3400 3817 ἔχοι
3441 3747 3610 3816 κόρης
3650 3765 3743 3815 γυ-

2160 3838 2320 3908 μνῆς,
2355 3838 2451 3890 καὶ
2485 3835 2692 3907 σαθρὰν
2737 3835 3133 3906 περικειμένης
3179 3835 3362 3905 φύσιν,
3393 3837 3470 3900 ὡς
3498 3837 3742 3906 ὑπελάμ-

2158 3929 2342 3983 ϐανεν.
2367 3929 2576 3982 Είσεισι
2609 3927 2791 3982 τοίνυν
2814 3926 3112 3996 ἀγνώστως
3143 3929 3224 3990 εἰς
3255 3928 3318 3982 τὸ
3358 3929 3591 3998 θέατρον
3613 3929 3740 4001 δρα·

2159 4019 2427 4084 κοντῶδες
2453 4019 2616 4091 ὁρῶν,
2641 4021 2736 4072 καὶ
2765 4019 3031 4072 λεόντειον
3055 4017 3276 4090 βρέμων
3300 4019 3443 4074 κατὰ
3471 4019 3572 4087 τῆς
3608 4037 3740 4090 παρ-

2161 4108 2336 4162 θένου·
2386 4109 2482 4161 καὶ
2513 4108 2762 4178 ἀοράτως
2795 4108 2894 4179 μὲν
2927 4109 3047 4171 ταῖς
3089 4106 3396 4177 δαιμονίαις
3415 4107 3744 4179 δορυφορού-

2163 4216 2323 4270 μενος
2378 4201 2679 4269 στρατιαῖς.
2721 4198 3016 4269 ὁρωμένως
3052 4197 3111 4252 δὲ
3149 4199 3265 4263 τοῖς
3305 4197 3416 4252 τῶν
3445 4197 3742 4269 ἀνθρώπων

2160 4290 2545 4351 ἁσεϐεστάτοις
2591 4288 3081 4358 συγκροτούμενος.

2247 4380 2596 4450 Παραχρῆμα
2643 4379 2823 4431 τοίνυν
2877 4379 3139 4446 ἀνάγεται
3199 4377 3363 4448 φάσις
3421 4376 3501 4448 τῷ
3555 4376 3747 4447 Πρόὄῳ

2163 4472 2304 4525 κατὰ
2331 4471 2429 4540 τῆς
2467 4468 2851 4530 Ἀναστασίαςς
2889 4469 3173 4538 Ἀνάγεται
3218 4469 3298 4532 δὲ,
3340 4467 3439 4532 Ὣς
3471 4470 3618 4535 κόρη
3659 4485 3747 4531 τις

433 4575 436 4580 ·
482 4561 591 4626 lam
606 4562 888 4632 quamdam
901 4561 1085 4630 procul
1107 4562 1158 4614 in
1177 4563 1366 4631 angulo
1383 4562 1612 4632 quodam
1630 4565 2053 4618 contumeliosam

2169 4562 2479 4629 ὐόρίστριιι
2505 4559 2851 4627 Χριστιανὴ,
2893 4561 2962 4613 ἐν
3003 4559 3255 4628 ἐσχατιᾷ
3307 4577 3423 4613 τινι
3452 4559 3575 4613 σὺν
3618 4559 3745 4613 ὀ.ῖί-

480 4668 598 4706 cum
663 4652 850 4716 paucis
898 4651 1217 4721 quibusdam
1272 4652 1571 4717 sedentem,
1647 4653 1753 4708 diis
1807 4655 2054 4709 omnibus

481 4743 670 4797 acerbe
691 4741 1028 4807 maledicere,
1047 4741 1136 4796 sed
1169 4751 1216 4796 et
1249 4744 1299 4796 in
1324 4745 1492 4810 ipsum
1521 4743 1747 4798 Probum
1783 4745 2056 4798 verborum

481 4835 728 4914 procacia
758 4835 1014 4902 injuriam
1049 4837 1640 4906 esse;euerlendumque
1671 4837 2054 4904 imperatorem

485 4925 902 4982 (Diocletianum
933 4927 1186 4980 nimirum
1223 4928 1589 4980 universorum
1619 4939 1739 4982 tunc
1772 4931 2055 4996 imperium

485 5017 869 5088 moderantem)
895 5021 1201 5072 evertendas
1233 5029 1280 5072 et
1310 5021 1562 5090 pra'sides
1595 5021 1736 5073 clare
1765 5022 2059 5073 vaticinan-

484 5119 626 5173 tem;
656 5125 718 5161 ac
739 5107 1004 5163 Christum
1037 5111 1286 5180 quemdar
1349 5111 1534 5182 Regem
1563 5113 1831 5176 exsistere,
1857 5127 1918 5164 ac
1945 5111 2058 5179 [ore

485 5211 542 5253 ut
573 5202 614 5253 is
645 5200 784 5254 brevi
814 5201 1092 5272 imperium
1128 5202 1184 5254 in
1223 5201 1559 5256 Christianos
1593 5200 1870 5268 trasferat,
1908 5217 2056 5254 asse-

485 5307 618 5350 rere.
654 5290 750 5346 His
797 5293 981 5362 itaque
1013 5293 1223 5348 Probus
1261 5293 1486 5357 auditis,
1518 5292 1819 5362 eﬂ'reniqne
1862 5292 2046 5346 statim

555 5473 601 5505 ”
637 5471 759 5526 Job.
794 5488 905 5538 xu,
936 5471 1022 5526 iO.
1095 5473 1137 5503 ⁸³
1174 5472 1280 5526 lsa.
1322 5487 1433 5536 xw,
1473 5469 1559 5526 Η.

489 5657 492 5661 ’
558 5651 668 5719 (7'5)
700 5654 804 5717 Εἰς
825 5650 1216 5717 Χριστιανοὺς
1242 5650 1330 5704 δέ.
1368 5647 1492 5704 llaec
1516 5650 1601 5704 sic
1629 5665 1837 5718 pressa,
1862 5649 1929 5703 de
1964 5663 2057 5702 ra-

488 5722 677 5790 ticinio
705 5721 1070 5775 transferendi
1121 5720 1315 5790 μικρὸν
1363 5722 1510 5782 ὅσον,
1542 5736 1699 5790 quam
1731 5721 1855 5784 cito,
1882 5719 2054 5790 impe-

491 5791 630 5841 tium
665 5789 717 5842 in
747 5789 1325 5859 Christianos,gravia
1351 5801 1499 5853 sunt,
1535 5789 1590 5843 nt
1617 5790 1884 5843 suadeant
1931 5789 2058 5859 Dio-

489 5859 751 5919 cietianca
780 5868 1044 5928 tempora,
1085 5858 1194 5929 ipSa
1226 5859 1336 5930 jam
1402 5872 1656 5929 provecta
1692 5878 1706 5914 :
1741 5867 1799 5914 ut
1826 5858 2063 5917 senioris

2161 4670 2296 4721 ταις
2336 4651 2554 4714 ἄλλαις
2607 4652 2935 4719 καθημένη,
2971 4649 3126 4717 θεοῖς
3155 4667 3218 4704 τε
3249 4648 3400 4706 πᾶσι
3445 4649 3748 4703 δίαὰοιδο-

2155 4741 2346 4811 ρεῖται
2380 4739 2620 4808 πικρῶς·
2657 4735 2944 4806 ἐνυϐριζει
2995 4738 3063 4791 δὲ
3115 4739 3212 4793 καὶ
3255 4742 3344 4804 εἰς
3403 4739 3590 4792 αὑτὸν
3645 4739 3749 4792 τὸν

2163 4833 2429 4899 Πρόὸον·
2466 4829 2564 4883 καί
2620 4827 3051 4897 καταστροφὴν
3107 4828 3224 4897 μὲν
3281 4827 3388 4882 τοῦ
3440 4826 3748 4894 ,βασιλέως

2165 4920 2611 4995 (Διοκλητιανὸς
2648 4920 2717 4974 δὲ
2755 4922 2889 4975 τότε
2934 4917 3052 4973 τῶν
3074 4919 3234 4973 ὅλων
3270 4918 3459 4972 διεῖπε
3481 4918 3595 4986 τὴν
3641 4918 3745 4984 dp-

2163 5016 2328 5086 χὴν),
2361 5013 2790 5082 καταστροφὴν
2825 5011 2893 5065 δὲ
2924 5013 3230 5080 ἡγεμόνων
3256 5011 3544 5080 λαμπρῶς
3565 5027 3746 5063 κατα-

2158 5106 2517 5177 μαντεύεται
2538 5120 2552 5134 ·
2589 5105 2687 5158 καὶ
2725 5104 2983 5171 Χριστὸν
3011 5102 3127 5171 μέν
3148 5118 3279 5156 τινα
3305 5101 3574 5166 βασιλέα
3606 5103 3746 5152 καθ-

2164 5193 2451 5252 εστάναι·
2494 5197 2582 5261 είς
2618 5193 3011 5262 Χριστιανοὺς
3040 5192 3109 5245 δὲ
3168 5194 3282 5264 (73)
3328 5193 3541 5246 τοῦτον
3569 5207 3744 5261 μετα-

2157 5288 2371 5354 θήσειν
2401 5287 2615 5358 μικρὸν
2661 5285 2812 5340 ὅσον
2861 5285 2975 5352 τὴν
3002 5285 3332 5349 βασιλείαν
3379 5283 3745 5338 διαϐεϐαιοῦ-

2159 5644 2853 5718 juniorisqueAnastasim
2889 5643 3168 5718 distinctio
3196 5643 3414 5718 illorum
3457 5643 3609 5696 forte
3653 5659 3737 5698 so-

2168 5714 2445 5772 lummodo
2485 5715 2578 5778 sit,
2619 5714 2714 5783 qui
2771 5715 3118 5770 Anastasiam
3161 5714 3424 5783 virginem
3454 5723 3742 5768 arcessunt

2168 5788 2234 5842 ad
2269 5785 2544 5841 Valeriani
2582 5792 2849 5853 tempora.
