4040 6428
297 479 402 546 349

1098 461 1376 525 ORATIO
1417 460 1581 522 XVII
1631 484 1699 494 --
1734 458 1813 518 ΙΝ
1855 455 2170 515 LAUDEM
2217 457 2275 515 ς.
2321 455 2783 518 ANASTASI/E.

3438 465 3546 528 350

301 609 417 648 ται.
450 585 615 642 Ταῦτ’
643 583 738 640 οὖν
784 577 1055 651 ἀκηκοότα
1090 573 1318 646 Πρόϐον,
1347 572 1560 642 ἀσχέτῳ
1595 570 1696 640 μὲν
1724 567 1868 623 ἁλῶ-

1988 572 2259 634 :orreptns
2292 565 2393 631 ira,
2424 565 2621 620 acerbo
2651 569 2908 621 mandato
2935 571 3161 638 puellum
3200 589 3321 628 mox
3349 575 3543 631 adduci

305 703 392 737 ναι
422 677 740 749 παραυτίκα
795 671 980 742 θυμῷ·
1022 665 1204 739 πικρῷ
1244 666 1300 720 δὲ
1345 664 1734 736 προστάγματι
1776 660 1874 731 τὴν

305 775 478 846 κόρην
500 771 667 832 εὐθὺς
694 767 919 836 ἄγεσθαι
949 761 1220 816 κελεῦσαι.

375 885 590 941 Αὐτίκα
630 886 811 936 τοίνυν
837 879 932 949 τὴν
964 873 1292 945 παρθενικὴν
1324 871 1528 935 ἑστίαν,
1565 864 1649 933 οἷς
1691 869 1875 922 ἐπιτέ-

302 994 540 1049 τραπτο,
586 971 988 1041 κατειληφότες,
1033 963 1220 1030 πέλυξί
1261 979 1322 1016 τε
1355 960 1448 1014 καὶ
1497 957 1876 1028 λαξευτηρίοις

297 1068 406 1133 τὰς
469 1066 647 1137 θύρας
695 1055 1120 1131 καταῤῥάξαντές
1173 1071 1233 1107 τε
1281 1053 1376 1106 καὶ
1416 1051 1873 1111 ἐπεισπεσόντες·

307 1159 508 1230 ἐπειδὴ
570 1157 738 1228 μόνην
783 1149 1116 1217 ἐξεκαλοῦντο
1168 1145 1266 1217 τὴν
1331 1143 1695 1199 Ἀναστασίαν
1717 1157 1732 1173 ·
1777 1142 1877 1212 τὴν

318 1252 478 1323 ἱερὰν
544 1249 745 1318 Σοφίαν
807 1243 1017 1305 τούτους
1068 1237 1455 1310 παραιτεῖσθαι
1506 1236 1701 1308 μικρὸν
1750 1236 1876 1288 ἑπι-

328 1346 506 1414 σχεῖν,
539 1342 635 1396 καὶ
663 1339 751 1408 τὴν
774 1334 1098 1406 ζητουμένην
1119 1330 1324 1394 εὐθέως
1352 1331 1672 1401 παρασχεῖν.
1691 1329 1878 1380 Κατα-

327 1434 636 1504 λαὸομένην
670 1431 721 1484 δὲ
765 1429 862 1498 τῆς
910 1425 1112 1488 παιδὸς,
1146 1423 1240 1476 καὶ
1295 1423 1354 1474 ἐν
1401 1419 1708 1489 ἀποκρύιξῳ
1747 1432 1877 1470 κατ⁴

331 1529 510 1582 ἔναντι
529 1524 620 1579 τοῦ
653 1519 1017 1590 Θυσιαστηρίου
1056 1518 1292 1577 στᾶσαν,
1327 1512 1552 1569 τοιοῖσδε
1596 1511 1734 1580 πρὸς
1779 1510 1881 1564 αὐ·-

330 1619 428 1690 τὴν
459 1619 658 1690 ῥήμασι
684 1611 998 1683 κεχρῆσθαι·

409 1729 546 1798 Ἐγὼ
563 1727 693 1796 μὲν,
721 1720 778 1794 ὦ⁵
797 1723 1130 1794 θυγατέρων
1166 1721 1294 1792 ἐμοὶ
1318 1721 1620 1789 καλλίστη
1653 1718 1751 1774 καί
1774 1735 1880 1774 πο-

325 1819 646 1886 θεινοτάτη,
691 1815 800 1885 τῆς
826 1815 1020 1884 καλῆς
1049 1812 1414 1884 ἀνατροφῆς,
1457 1813 1554 1866 καὶ
1592 1809 1700 1879 τῆς
1730 1811 1880 1865 κατὰ

1975 658 2153 728 jubet.

2049 887 2349 944 Confestim
2388 888 2574 960 igitur,
2608 888 2812 958 quibus
2837 889 3162 960 imperatum
3190 903 3306 948 erat
3338 896 3402 949 ad
3427 896 3540 949 vir-

1977 983 2121 1054 ginis
2147 984 2290 1036 aedes
2325 982 2624 1042 venientes,
2666 983 3066 1053 securibusque
3107 992 3161 1038 et
3206 986 3372 1041 asciis
3405 985 3551 1044 fores

1979 1083 2391 1145 perrumpentes
2425 1086 2489 1126 ac
2532 1071 2921 1140 irrumpentes,
2975 1074 3122 1143 quod
3159 1076 3330 1132 solam
3355 1092 3546 1132 evoca-

1979 1168 2109 1222 bant
2131 1165 2498 1230 Anastasiam,
2522 1163 2853 1234 deprecatur
2879 1180 3034 1220 saera
3057 1166 3261 1238 Sophia
3288 1171 3552 1240 tantisper

1981 1259 2307 1319 subsistere,
2326 1271 2560 1326 moxque
2583 1255 2950 1311 exhibituram
2969 1273 3128 1327 quam
3162 1259 3236 1313 illi
3264 1269 3534 1330 quaerant.

1981 1353 2275 1421 Assumpta
2308 1364 2436 1404 vero
2467 1350 2666 1421 puella,
2709 1363 2871 1422 atque
2903 1355 2957 1408 in
2987 1355 3202 1411 occulto
3230 1365 3356 1412 ante
3379 1357 3554 1412 altare

1980 1440 2301 1506 constituta,
2331 1441 2668 1510 ejuscemodi
2703 1443 2768 1496 ad
2796 1443 2942 1497 illam
2979 1445 3159 1500 verbis
3185 1462 3281 1502 usa
3313 1456 3398 1502 est
3428 1464 3442 1500 :

2053 1738 2164 1810 Ego
2188 1706 2420 1810 quidem,
2469 1756 2498 1792 o
2534 1739 2768 1808 ﬁliarum
2801 1740 2932 1793 mihi
2971 1741 3325 1808 pulcherrima
3345 1758 3408 1796 ac
3448 1742 3540 1797 de-

1981 1832 2394 1891 sideratissima.
2442 1829 2619 1898 probae
2659 1831 2985 1884 educationis
3011 1848 3072 1884 ac
3103 1831 3410 1886 Christiano
3439 1833 3550 1887 ritu

320 1909 570 1980 Χριστὸν
612 1907 843 1978 ἀγωγῆς
867 1908 981 1976 τὴν
1007 1907 1373 1977 ἐπιμέλειαν,
1403 1906 1485 1972 ὡς
1518 1907 1616 1960 οτα
1671 1922 1734 1959 τε
1777 1901 1877 1972 ἦν,

1988 1922 2337 1976 institutionis
2387 1937 2572 1976 curam
2619 1919 2795 1990 quoad
2834 1921 2982 1974 licuit
3013 1937 3102 1988 per
3131 1922 3463 1990 facultatem,
3498 1925 3551 1976 in

313 2006 398 2068 είς
427 2002 553 2070 σὴν
603 2000 996 2070 ἐπεδειξάμην
1025 1997 1219 2069 χάριν.
1255 1997 1480 2053 Λοιπὸν
1539 1998 1626 2062 εἰς
1651 1997 1876 2067 μέτρον

312 2097 552 2163 ἡλικίας
586 2093 696 2149 τοῦ
724 2095 1110 2163 πληρώματος
1128 2092 1563 2160 καταντήσασα
1592 2089 1874 2158 Χριστοῦ,

311 2190 468 2242 ἄπιθι
488 2186 641 2257 μετὰ
665 2185 852 2256 χαρᾶς
879 2186 1026 2254 πρὸς
1049 2185 1254 2239 αὐτόν.
1291 2184 1462 2249 Αὐτῷ
1500 2183 1880 2253 νυμφεύομαι

311 2294 382 2334 σε
418 2277 864 2345 μυστικώτερον
895 2276 1162 2346 σήμερον
1206 2275 1304 2329 καὶ
1337 2276 1726 2342 τελειότερον,
1762 2272 1878 2340 τὴν

304 2369 372 2423 ἐκ
396 2370 672 2438 ,βρέφους
701 2367 858 2433 αὐτῷ
883 2368 1401 2437 καθηρμοσμένην.
1451 2364 1621 2431 Αὐτῷ
1655 2383 1728 2420 σε
1760 2365 1878 2420 νῦν

306 2459 672 2530 παραδίδωμι
703 2461 1173 2531 φιλοτιμότερον.
1222 2459 1378 2528 Πρὸς
1431 2457 1541 2512 τὸν
1592 2456 1877 2526 οὐράνιον

306 2553 492 2618 τούτῳ
518 2551 931 2607 συνανάϐαινε
961 2550 1273 2621 νυμφῶνα.

388 2665 566 2733 Ἰδοὺ,
587 2660 636 2721 ὦ
655 2665 946 2736 φίλτατον
969 2665 1097 2735 ἐμοὶ
1127 2665 1359 2729 τέκνον,
1379 2667 1413 2721 ό
1440 2665 1700 2735 νυμφίος
1729 2664 1877 2733 πάρ-

303 2773 472 2813 εστιν
486 2757 757 2827 ἀρρήτως
779 2755 999 2811 καλῶν.
1027 2756 1082 2810 '0
1109 2756 1362 2826 νυμφὼν
1379 2753 1692 2824 εὐτρεπήςο
1714 2757 1748 2810 ό
1771 2772 1875 2809 κα-

304 2847 428 2903 λῶν
444 2849 740 2920 ἀψευδής.
760 2847 1202 2918 Νῦνήβασιλίς
1217 2849 1314 2903 καὶ
1334 2850 1512 2917 κυρία
1528 2848 1627 2902 καὶ
1645 2850 1871 2918 θεογεν-

305 2942 530 3011 νήτρια,
548 2959 660 3010 νοη
668 2941 777 3009 τῶς
791 2940 1284 3012 προπορευθεῖσα,
1301 2942 1454 3009 πρὸς
1469 2940 1576 2994 τὸν
1586 2939 1709 2993 ἅνω
1726 2939 1878 2992 ναὸν

306 3032 648 3098 συνεισάξει
677 3049 751 3088 σε
779 3032 884 3086 τοῦ
909 3032 1232 3098 βασιλέως.
1259 3033 1389 3087 Νῦν
1405 3032 1745 3086 ἀπόστολοι
1770 3030 1871 3084 καὶ

303 3124 615 3195 μάρτυρες,
652 3127 802 3194 πρὸς
831 3127 899 3180 τὸ
934 3126 1038 3180 τοῦ
1057 3126 1391 3195 μαρτυρίου
1430 3124 1682 3178 στάδιον
1723 3123 1874 3179 ἁπο-

311 3216 600 3288 δυομένην
615 3216 1007 3287 καθορῶντες,
1037 3218 1185 3286 ὑπὲρ
1210 3217 1326 3272 σοῦ
1349 3217 1456 3271 τὸν
1476 3217 1693 3286 Κύριον
1712 3215 1875 3269 ἐκλι-

312 3309 620 3375 παροῦσιν,
667 3309 766 3363 καὶ
795 3307 894 3362 ἐπὶ
925 3307 1001 3378 τῇ
1049 3307 1136 3377 σῇ
1193 3309 1578 3378 σταθερότητι
1618 3305 1881 3374 προσδο-

311 3397 488 3454 κῶσιν
509 3401 1016 3471 ἁγαλλιασθῆναι.
1049 3400 1180 3456 Νῦν
1205 3401 1448 3470 ἄγγελοι
1477 3399 1876 3464 σπεύδουσιν,

307 3490 727 3559 ἀναϐαίνοντες
755 3493 854 3546 ἐπὶ
893 3495 968 3546 σὲ
991 3492 1092 3548 καὶ
1117 3493 1608 3559 καταϐαίνοντες·
1649 3490 1749 3545 καὶ
1784 3509 1882 3560 φι-

308 3585 714 3651 λοφροσύναις
770 3584 1094 3653 λαμπραῖς,
1136 3585 1219 3651 ὡς
1285 3583 1546 3652 Χριστοῦ
1611 3582 1882 3653 νύμφην,

307 3671 644 3739 δεξιοῦσθαι
681 3657 1152 3745 κατεπείγονται.
1880 3655 1891 3666 ⁸

379 3787 593 3841 Τοίνυν
614 3785 819 3852 βάδιζε
857 3785 972 3853 τὴν
1007 3786 1409 3854 τεθλιμιιένην
1450 3783 1600 3839 ὁδὸν
1645 3783 1746 3837 καὶ
1770 3782 1886 3850 τὴν

309 3879 549 3945 στενήν*
585 3879 890 3948 κρούουσα
939 3878 1025 3948 μὴ
1083 3877 1273 3945 ἐνδῷς
1331 3879 1557 3945 πύλην,
1599 3875 1773 3946 ἄχρις
1811 3872 1884 3933 οὗ

309 3971 721 4040 προσενεκθῇς
751 3971 826 4039 τῇ
874 3969 1006 4039 ζωῇ.
1067 3973 1266 4041 Νόμος
1315 3965 1494 4035 οὗτός
1557 3970 1728 4024 ἐστιν
1775 3968 1887 4038 τῆς

309 4065 654 4131 μαρτυρίας,
699 4063 784 4133 μὴ
828 4063 1137 4132 φείδεσθαι
1180 4061 1411 4133 ψυχῆς,
1447 4062 1534 4132 μὴ
1575 4062 1888 4132 φείδεσθαι

306 4151 603 4224 σώματος.
667 4156 887 4223 Ὀμόσε
941 4156 1067 4222 τοῖς
1132 4155 1407 4221 διώκταις
1458 4153 1704 4224 χωρεῖν·
1745 4155 1890 4220 τοὺς

309 4244 479 4314 θεοὺς
540 4245 738 4302 αὐτῶν
774 4247 1136 4311 ὲξουθενεῗφκ
1166 4248 1358 4316 μόνον
1391 4246 1650 4315 Χριστὸν
1675 4249 1891 4314 όμολο-

309 4335 455 4404 τεῖνε
487 4339 693 4406 καλιὴν
719 4339 947 4406 ταύτην
983 4339 1184 4407 μόνην
1230 4337 1546 4392 ἀναίδειαν
1587 4336 1888 4407 ἡγεῖσθαι,

309 4431 458 4501 ὑπὲρ
501 4435 765 4502 Χριστοῦ
818 4434 1216 4503 γυμνοῦσθαι,
1257 4432 1732 4501 κατατέμνεσθαι
1790 4433 1893 4488 καὶ

312 4525 736 4580 θανατοῦσθαι.
770 4524 1104 4592 Manio-tinet,
1157 4524 1410 4594 θύγατερ
1455 4523 1591 4593 ἐμὴ,
1636 4527 1736 4580 καὶ
1765 4525 1890 4592 ἴδε,

1981 2016 2062 2067 tui
2088 2014 2316 2084 gratiam
2343 2010 2578 2066 exhibui.
2608 2011 2754 2076 1am,
2801 2027 2916 2082 qutv
2944 2012 3012 2064 ad
3039 2028 3339 2066 mensuram
3377 2015 3553 2068 (etatis

1976 2105 2206 2160 evaseris
2227 2103 2573 2173 plenitudinis
2598 2101 2801 2158 Christi
2820 2102 2887 2165 ”,
2902 2103 3031 2156 vade
3052 2103 3246 2172 gaudio
3265 2103 3333 2156 ad
3355 2104 3549 2170 ipsunt.

1979 2196 2011 2251 Ι
2016 2197 2076 2250 lli
2102 2206 2150 2250 te
2175 2196 2331 2250 hodie
2359 2195 2628 2249 sacratius
2657 2194 3042 2264 perfectiusque
3081 2211 3332 2264 sponsam
3375 2195 3552 2258 trado,

1976 2302 2092 2356 qua:
2120 2285 2184 2339 ab
2218 2285 2450 2352 infantia
2475 2285 2526 2339 ei
2557 2284 2875 2351 desponsata
2905 2287 2998 2340 sis.
3030 2283 3123 2340 Illi
3154 2295 3201 2340 te
3224 2303 3360 2340 nunc
3385 2287 3559 2341 ambi-

1979 2379 2166 2432 tiosius
2201 2377 2362 2446 offero
2394 2394 2415 2443 ;
2449 2378 2505 2430 in
2542 2377 2802 2432 caelestem
2832 2377 2913 2431 illi
2941 2394 3112 2432 comes
3147 2377 3441 2432 thalamum
3469 2395 3555 2432 as-

1978 2473 2208 2526 cendito.

2053 2671 2206 2738 Ecce,
2239 2673 2354 2742 ﬁlia
2379 2672 2507 2726 mihi
2534 2673 2877 2738 charissima,
2905 2673 3058 2728 adest
3092 2672 3327 2740 Sponsus
3358 2681 3557 2726 secreto

1978 2781 2195 2844 vocans.
2245 2763 2476 2819 Paratus
2507 2765 2776 2820 thalamus
2801 2775 2920 2820 est:
2963 2764 3066 2831 Qui
3093 2773 3243 2818 vocnt
3275 2779 3435 2818 uerax
3459 2773 3560 2820 est.

1989 2857 2147 2911 Nunc
2177 2855 2372 2927 Regina
2402 2855 2731 2927 Dominaque
2754 2873 2816 2911 ac
2846 2856 2940 2910 Dei
2966 2871 3223 2925 puerpera
3245 2855 3563 2925 spiritaliter

1988 2948 2236 3017 prmiens,
2285 2947 2356 3000 ad
2380 2963 2631 3017 superum
2666 2958 2713 3003 te
2760 2947 2914 3017 Regis
2958 2948 3204 3015 templum
3245 2946 3556 2999 introducit.

1981 3039 2034 3093 Ν
2043 3057 2142 3094 unc
2181 3042 2408 3107 apostoli
2437 3049 2593 3111 atque
2624 3050 2884 3110 martyres
2925 3041 3048 3094 exui
3075 3039 3458 3106 conspicientes
3490 3037 3560 3090 ad

1982 3133 2233 3204 martyrii
2269 3131 2541 3196 stadium,
2595 3131 2821 3186 Domino
2859 3147 2955 3201 pro
2993 3141 3040 3185 te
3083 3131 3405 3198 supplicant,
3447 3143 3563 3196 spe-

1981 3234 2200 3294 rantque
2237 3225 2351 3294 fore
2377 3235 2438 3277 ut
2485 3225 2546 3278 de
2591 3234 2686 3277 tua
2730 3225 3037 3281 constantia
3059 3224 3343 3277 exsultent.
3397 3219 3560 3274 Nunc

1984 3315 2158 3384 angeli
2193 3323 2497 3385 properant,
2529 3314 2863 3369 ascendentes
2895 3331 3057 3381 supra
3090 3324 3136 3369 te
3169 3326 3215 3368 et
3248 3313 3566 3368 descenden-

1983 3418 2058 3462 tes
2086 3408 2155 3472 ”,
2191 3407 2457 3477 clarisque
2491 3405 2676 3476 gaudii
2705 3407 3186 3476 significationibus
3211 3447 3226 3470 ,
3263 3414 3320 3458 ut
3357 3403 3561 3459 Christi

1982 3516 2253 3571 sponsam,
2297 3500 2534 3569 accipere
2568 3499 2848 3569 festinant.

2059 3789 2251 3846 lncede
2302 3789 2471 3860 igitur
2516 3796 2926 3859 coaugustatant
2966 3795 3274 3858 arctamque
3321 3787 3570 3853 viam",

1986 3883 2209 3948 pulsans
2235 3923 2251 3947 ,
2295 3881 2448 3935 nulla
2478 3881 2809 3953 remissione,
2847 3879 3107 3948 ianuam,
3138 3879 3304 3934 donec
3346 3894 3579 3948 praesens

1986 3977 2110 4030 vitae
2157 3975 2390 4030 sistaris.
2430 3973 2688 4044 Martyrii
2721 3990 2783 4027 ea
2817 3973 2903 4027 lea:
2930 3981 3009 4027 est
3030 4013 3046 4038 ,
3101 3983 3159 4027 ut
3187 3989 3293 4027 non
3323 3983 3583 4040 parcatur

1989 4068 2206 4132 animat,
2253 4081 2346 4120 nec
2389 4065 2601 4134 corpori
2646 4075 2922 4132 parcatur.
2979 4062 3113 4118 Cum
3153 4064 3580 4131 persecutoribus

1989 4160 2201 4229 illisque
2241 4156 2457 4211 comites
2497 4156 2821 4225 persistere:
2868 4153 3082 4208 illorum
3121 4155 3246 4209 deos
3290 4170 3578 4224 spernere;

1992 4250 2163 4304 solum
2203 4248 2475 4304 Christum
2529 4245 2810 4315 conﬁteri;
2861 4261 3026 4298 unam
3073 4244 3210 4298 hanc
3254 4244 3574 4311 praeclaram

1992 4341 2380 4413 impudentiam
2403 4339 2616 4405 ducere,
2651 4355 2745 4407 pro
2779 4337 2992 4394 Christo
3029 4336 3249 4403 nudari,
3277 4335 3578 4399 conscindi,

1993 4435 2106 4488 neci
2127 4433 2269 4488 dari.
2299 4431 2580 4498 Memento,
2618 4431 2736 4500 ﬁlia
2768 4446 2908 4496 mea,
2943 4440 2993 4484 et
3044 4429 3180 4492 vide,
3227 4438 3278 4482 et
3318 4429 3468 4491 scito,
3491 4428 3583 4496 jus

1995 4538 2138 4582 stum
2183 4543 2297 4581 esse
2341 4523 2561 4579 necdum
2607 4524 2722 4593 pati
2767 4539 2863 4592 pro
2897 4520 3131 4580 Christo,
3168 4520 3258 4575 sed
3295 4531 3343 4574 et
3387 4521 3587 4588 sapius

314 4616 409 4670 καὶ
442 4616 658 4687 ἷτνῶθι,
699 4617 786 4672 ὅτι
814 4617 1051 4674 δίκαιον
1095 4618 1168 4671 οὐ
1196 4615 1408 4670 παθεῖν
1448 4618 1600 4684 ὑπὲρ
1634 4619 1883 4687 Χριστοί

2001 4620 2157 4674 mori.
2195 4617 2340 4673 Nunt
2364 4621 2409 4672 si
2445 4617 2526 4673 illi
2565 4633 2660 4685 pro
2697 4615 2846 4670 nobis
2868 4656 2884 4681 ,
2905 4613 3096 4684 ecquid
3129 4629 3379 4682 magnum
3413 4627 3583 4677 seruo,

310 4707 518 4774 μόνον,
579 4709 741 4763 ἀλλὰ
786 4708 884 4762 καὶ
941 4710 1241 4774 πολλάκις
1285 4708 1635 4766 ἀποθανεῖν.
1677 4713 1745 4764 El
1786 4713 1883 4782 rei;

1998 4722 2054 4766 ut
2083 4728 2178 4781 pro
2216 4711 2441 4767 Domino
2477 4711 2637 4780 paria
2675 4707 2969 4779 patiatur?
3011 4704 3196 4759 Fuerit
3234 4706 3331 4757 hoc
3380 4717 3586 4771 quoque

314 4797 540 4866 ἐκεῖνος
594 4799 746 4868 ὑπὲρ
799 4799 991 4872 ἡμῶν,
1030 4799 1127 4853 καὶ
1161 4799 1219 4852 τί
1237 4798 1395 4868 μέγα
1434 4799 1634 4864 δούλῳ
1680 4803 1753 4856 τὰ
1790 4803 1898 4856 ἷσα

317 4888 394 4954 τῷ
426 4893 698 4960 Δεσπότῃ
732 4877 979 4954 cretaeis";
1022 4890 1206 4945 Τοῦτο
1243 4889 1346 4944 καὶ
1381 4893 1898 4948 λυσιτελέστατον

319 4977 393 5038 ἂν
435 4983 531 5050 εἴη
553 5021 568 5042 ,
589 4981 808 5052 μικρᾶς
848 4983 1024 5048 ἀνίας
1067 4983 1309 5037 αἰώνιον
1343 4984 1718 5052 ἀγαλλίασιν
1738 4983 1896 5053 ὠνή-

320 5077 561 5128 σασθαι·
594 5075 691 5128 καὶ
727 5074 1022 5144 ,ϐραχείας
1054 5073 1298 5143 ὀδύνης,
1329 5077 1724 5145 εὐφροσύνην
1750 5077 1892 5132 ἀέν-

323 5178 466 5218 ναον
513 5167 941 5234 καρπώσασθαι
965 5182 980 5202 °-
1027 5165 1126 5220 uni
1171 5168 1546 5234 πρόσκαιρον
1594 5167 1854 5222 θάνατον
1875 5209 1892 5235 ,

324 5252 466 5325 ζωῆς
513 5256 599 5326 μὴ
645 5257 958 5326 ληγούσης
1002 5257 1519 5323 ἀνταλλάξασθαι.
1571 5258 1754 5313 Τοῦτό
1808 5277 1898 5314 τοι

328 5347 418 5400 καὶ
461 5348 673 5417 ῥᾴδιον
705 5349 906 5416 ἔσται,
955 5348 1030 5418 τῇ
1072 5351 1272 5404 πίστει
1322 5352 1722 5421 κρατυνθείσῃ
1764 5355 1898 5421 Χριο

328 5437 492 5492 στοῦ.
529 5437 823 5506 Παρέσται
867 5453 966 5492 σοι
996 5438 1286 5505 Χριστὸς,
1320 5434 1368 5493 ὦ
1403 5439 1659 5508 φιλτάτη
1684 5456 1699 5472 ·
1749 5457 1900 5509 παρ·

1999 4806 2150 4876 longe
2189 4805 2560 4864 utilissimum,
2597 4817 2763 4870 parua
2807 4799 3051 4854 molestia
3079 4808 3329 4850 a'ternam
3363 4794 3584 4859 lucrifa-

1995 4913 2108 4953 cere
2135 4897 2543 4953 exsultationem
2574 4911 2592 4948 :
2642 4893 2788 4946 breui
2807 4891 3014 4952 dolore,
3046 4902 3320 4957 perennem
3343 4882 3586 4937 nancisci

1989 4989 2393 5058 iucunditatem
2415 5005 2436 5041 .·
2473 4997 2862 5054 temporaneam
2899 4990 3138 5040 mortem,
3176 4977 3283 5030 vita
3316 4985 3582 5038 nunquam

2000 5081 2239 5136 desitum
2261 5091 2608 5138 commutare.
2636 5075 2752 5130 Erit
2775 5075 2871 5128 hoc
2891 5087 3092 5143 quoque
3117 5069 3275 5136 facile
3304 5066 3584 5117 rubortmle

2003 5170 2206 5227 Christi
2235 5172 2362 5241 ﬁde.
2391 5169 2575 5224 Aderit
2605 5167 2701 5220 tibi
2724 5163 2993 5223 Christus,
3022 5156 3335 5213 charissima
3363 5167 3376 5212 ;
3407 5150 3578 5201 aderit

2004 5262 2182 5316 levans
2233 5263 2566 5316 cruciatuum
2620 5257 2850 5308 dolores.
2918 5249 3071 5320 Quod
3099 5249 3150 5301 si
3187 5245 3345 5299 etiam
3389 5249 3579 5334 parum
3620 5241 3626 5250 '

2005 5355 2140 5424 afﬁci
2171 5354 2357 5408 dolore
2377 5352 2697 5421 permiserit,
2741 5355 2798 5398 ut
2825 5345 3064 5413 probatio
3089 5348 3192 5390 tua:
3229 5331 3354 5401 ῥάεεὶ
3376 5331 3583 5424 Ραίίθξξέ

2007 5411 2141 5500 tiam
2173 5455 2417 5514 operetur
2439 5443 2508 5506 ",
2543 5456 2604 5494 ne
2625 5436 2893 5506 putaveris
2927 5442 2976 5484 te
3001 5427 3304 5481 derelictam
3335 5428 3464 5466 esse.
3501 5411 3578 5506 die

330 5525 492 5585 ἐσται
530 5497 824 5607 κοῦφίζων
850 5533 952 5597 τὰς
985 5497 1207 5600 ὀδύνας
1227 5497 1363 5584 ’των
1391 5497 1707 5600 αἰκισμῶν.
1734 5532 1800 5586 El.
1828 5497 1883 5586 δι

2029 5497 2032 5500 ,
2204 5497 2214 5514 ι
2249 5497 2256 5498 κ
2271 5497 2280 5499 ἡ
2303 5497 2316 5500 ν
2335 5497 2338 5498 ν
2495 5497 2508 5506 ι
2625 5497 2636 5506 -
3190 5513 3200 5522 ,
3535 5497 3546 5506 '

2009 5537 2178 5590 disse!
2186 5539 2344 5601 raris,
2368 5534 2524 5605 quasi
2556 5533 2797 5597 despecta
2821 5525 2916 5587 sis,
2947 5521 3075 5589 qui"
3097 5512 3575 5607 f“"f,‘"”"ff_,a

333 5622 423 5676 καί
463 5623 678 5693 μικρὸν
710 5623 1041 5680 ὀδυνᾶσθαι
1071 5623 1544 5695 συγχωρήσειεν,
1584 5622 1740 5678 ὥστε
1779 5642 1897 5680 σου

335 5713 396 5766 τὸ
423 5715 664 5787 δόκιμον
713 5718 816 5788 τῆς
861 5723 1120 5786 πίστεως
1149 5715 1634 5785 κατεργάσασθαι
1675 5723 1902 5784 ὑπομο-

2013 5644 2154 5680 munt
2197 5644 2308 5694 spes
2342 5586 2629 5679 contineat.
2675 5613 2945 5679 Modicum
2984 5605 3118 5658 enim
3146 5586 3575 5694 laliqum'mhmh

2009 5728 2058 5770 et
2083 5686 2444 5786 exstinguetur
2465 5708 2721 5765 acerbitas
2752 5699 2993 5752 dolorum
3021 5705 3040 5752 ὅ
3076 5686 3272 5738 Oli-9""
3307 5690 3420 5730 "6""
3452 5686 3579 5728 wn"

437 5893 479 5930 "
507 5891 705 5970 Ephes,
733 5911 803 5960 tv,
844 5895 922 5951 l3.
997 5897 1044 5929 ⁸³
1075 5893 1234 5954 Joan.
1275 5911 1311 5959 ι,
1349 5893 1436 5951 51.
1514 5895 1558 5927 9‘
1616 5892 1803 5947 Matth.
1848 5906 1877 5944 γ

1988 5889 2056 5950 [ι.
2138 5889 2182 5920 ’⁵
2217 5887 2230 5938 I
2263 5886 2408 5940 Pctr.
2437 5899 2475 5945 ι,
2502 5884 2533 5934 7
