4040 6396
252 376 366 443 361
1075 375 1360 437 ORATIO
1387 374 1576 438 XVII.
1601 401 1668 415 -
1703 374 1787 437 IN
1824 373 2139 436 LAUDEM
2164 373 2224 432 S.
2267 371 2724 434 ANASTASI/E.
3455 375 3566 441 362

251 507 370 553 τως
400 489 650 562 ἐξοργός
680 506 765 555 τις
798 488 894 543 καὶ
918 486 1233 559 βαρύχολος,
1255 487 1387 542 ὥστ’
1397 487 1518 542 οὐδὲ
1539 488 1736 542 πολλοῦ
1763 489 1870 544 τοῦ‹

1982 497 2233 543 evaserat
2253 486 2516 556 gravique
2533 485 2639 540 bile
2667 496 2997 552 excesserat,
3023 495 3082 542 ut
3123 501 3313 558 parum
3334 488 3572 552 abfuerit

254 600 355 638 τον
387 581 510 636 ἔδει
539 582 640 638 τοῦ
687 581 878 653 θρόνου
921 596 981 633 τε
1004 580 1378 652 διαναστῆναι,
1406 583 1499 636 καὶ
1526 583 1637 646 τοῖς
1667 581 1870 636 ὀδοῦσιν

1982 579 2115 648 quin
2150 593 2181 631 e
2234 578 2435 632 throno
2481 575 2783 640 dissiliens,
2839 577 3040 634 crudas
3093 578 3322 649 virginis
3375 599 3569 642 carnes

253 673 439 744 ὠμῶν
465 675 590 728 τῶν
621 674 972 752 παρθενικῶν
1001 675 1304 745 ἐνάψασθαι
1335 675 1579 747 σαρκῶν.

1982 669 2238 724 dentibus
2267 669 2550 724 laceraret.

329 766 586 838 Πρῶτον
610 768 706 822 οὖν
739 768 881 822 κατὰ
912 769 1022 822 τῶν
1063 769 1278 840 σεμνῶν
1325 769 1420 822 καὶ
1473 769 1672 837 τιμίων
1713 767 1870 821 ὡπλί-

2053 759 2295 815 Primum
2329 761 2513 831 itaque
2543 759 2814 845 adversus
2838 761 3099 818 honestas
3121 780 3186 820 ac
3221 769 3565 826 venerabiles

256 873 402 910 σατο
436 859 676 929 μαστῶν
695 875 711 892 ⁸
748 860 842 914 καὶ
870 858 1016 932 ξυρῷ
1060 859 1287 922 τούτους
1331 862 1360 913 ὀ
1391 859 1689 930 ὠμοφάγος
1721 876 1870 929 περι-

1982 868 2250 908 mammas
2279 865 2550 918 armatur,
2581 854 2761 923 iisque
2787 854 3080 910 crudivora
3109 858 3285 913 bellua
3317 872 3568 931 amputa-

254 949 430 1016 ελὼν,
474 952 850 1024 δριμυτάτοις
923 952 1140 1014 ὀδύναις
1215 951 1484 1007 θανατοῦν
1539 954 1870 1024 ἐμηχανᾶτο.

1982 944 2072 1006 tis,
2122 944 2493 1000 acerbissimis
2531 945 2816 1002 doloribus
2859 945 3174 1003 interimere
3221 951 3564 1008 moliebatur.

259 1044 422 1096 Ἵστε
463 1044 524 1098 δὲ
553 1045 795 1109 πάντως,
827 1044 962 1113 οἵγε
999 1045 1099 1116 τὴν
1129 1043 1474 1115 κατασκευὴν
1509 1043 1606 1097 τοῦ
1629 1043 1870 1114 σώματος

1982 1035 2216 1091 Prorsus
2250 1051 2380 1090 vero
2415 1036 2591 1102 scitis,
2634 1046 2906 1107 quotquot
2940 1040 3192 1109 corporis
3227 1051 3565 1098 structuram

260 1135 505 1201 ειδότες,
533 1136 612 1201 ὼς
640 1139 705 1190 ὲκ
729 1135 951 1208 σαρκῶν
987 1137 1083 1190 καὶ
1109 1135 1264 1206 μυῶν
1289 1137 1387 1190 καὶ
1429 1138 1640 1206 νεύρων
1665 1137 1785 1190 τάδε
1816 1134 1880 1188 τὸ

268 1227 448 1300 μέρος
491 1227 768 1291 συνεστὼς
790 1269 807 1294 ,
850 1227 1318 1299 αἰσθητικώταεόν
1355 1229 1506 1282 ἐστιν
1525 1243 1540 1257 ·
1563 1227 1657 1281 ἆτε
1685 1225 1752 1297 δὴ
1784 1225 1879 1280 καὶ

269 1317 515 1387 πλησίον
562 1319 662 1389 τῆς
718 1318 905 1390 πηγῆς
947 1319 1058 1373 τῶν
1110 1317 1440 1390 αἰσθήσεων,
1489 1318 1589 1388 τῆς
1623 1317 1876 1389 καρδίας,

273 1410 454 1479 φημὶ,
493 1409 922 1478 καθιδρυμένονο
958 1413 1055 1462 καί.
1100 1407 1468 1478 τεμνόμενον,
1497 1405 1880 1477 ὀδυνηροτάτῳ

279 1501 444 1572 μόρῳ
504 1500 872 1570 παραδίδωσι·
903 1498 999 1553 τοῦ
1040 1499 1277 1564 ζωτικοῦ
1329 1500 1425 1553 καὶ
1454 1499 1582 1569 περὶ
1608 1498 1706 1569 τὴν
1736 1513 1876 1567 καρ-

275 1590 404 1645 δίαν
455 1591 686 1662 αἵματος
737 1589 858 1661 ἅμα
902 1590 982 1660 τῷ
1029 1590 1249 1661 ψυχικῷ
1286 1590 1563 1660 πνεύματι
1607 1588 1880 1658 συναπορ-

279 1683 528 1754 ρἐντος.
572 1681 710 1735 Ἀλλ’
739 1682 771 1753 ἡ
802 1682 904 1751 τῆς
955 1682 1306 1746 ἀναστάσεως
1337 1681 1647 1751 ἐπώνυμος,
1683 1679 1747 1732 οὐ
1797 1677 1879 1749 τῷ

277 1775 440 1844 νόμῳ
464 1774 560 1842 τῆς
582 1774 818 1842 φύσεως,
844 1773 981 1827 ἀλλὰ
1007 1774 1106 1844 τῆς
1131 1773 1484 1835 ἀναστάσεως
1511 1769 1874 1842 ὑποκειμένη,

1985 1143 2094 1182 non
2127 1129 2416 1200 ignoratis,
2448 1129 2590 1185 haue
2623 1130 2746 1199 ejus
2776 1140 3011 1200 partem,
3049 1133 3254 1203 quippe
3286 1150 3408 1204 quae
3441 1150 3570 1190 car-

1981 1221 2144 1276 nibus
2182 1229 2236 1275 et
2283 1222 2548 1277 musculis
2594 1231 2759 1293 atque
2811 1224 2995 1278 nervis
3039 1233 3275 1288 constet,
3332 1228 3570 1282 maxime

1981 1326 2148 1367 sensu
2180 1313 2386 1382 vigere,
2415 1313 2674 1383 quodque
2713 1329 2884 1384 prope
2928 1329 3192 1370 sensuum
3218 1317 3427 1372 fontem
3455 1320 3568 1373 col-
3623 1321 3634 1334 '

1983 1403 2159 1458 locata
2190 1404 2292 1459 sit:
2331 1420 2426 1460 cor
2470 1399 2772 1460 nimirum:
2813 1422 2878 1460 ac
2944 1408 2991 1462 si
3031 1419 3366 1479 amputetur,
3399 1412 3568 1465 diris-

1982 1495 2124 1549 simu
2149 1497 2398 1550 cruciatu
2432 1504 2665 1550 mortem
2715 1497 3047 1564 consciscit;
3084 1515 3280 1570 nempe
3306 1501 3476 1562 vitali,
3513 1512 3567 1556 et

1981 1587 2072 1655 qui
2102 1587 2246 1641 circa
2273 1603 2396 1652 cor,
2433 1588 2660 1658 sanguis
2685 1590 2922 1658 exsistit,
2949 1605 3073 1645 cum
3107 1591 3330 1646 animali
3367 1595 3562 1663 spiritu

1981 1675 2184 1742 pariter
2203 1677 2493 1732 deﬂuente.
2525 1677 2616 1740 At,
2641 1680 2730 1733 cui
2771 1694 2803 1734 a
2841 1673 3237 1736 resurrectione
3272 1685 3564 1753 appellatio

1979 1779 2115 1832 erat,
2165 1785 2271 1822 non
2316 1771 2416 1839 legi
2446 1779 2672 1835 naturae,
2705 1771 2800 1826 sed
2848 1775 3269 1831 resurrectionis
3300 1777 3560 1838 obnoxia.

276 1842 373 1918 xui.
403 1842 503 1918 τοῦ
530 1863 762 1917 θανάτου
793 1842 1139 1935 περιγέγονε,
1165 1864 1391 1918 καὶτῶν
1412 1863 1620 1918 ὠδίνων
1646 1863 1870 1917 ἐκείνων

1980 1872 2092 1917 tum
2129 1872 2358 1917 mortem
2400 1866 2700 1933 superavit,
2735 1875 2850 1918 tum
2892 1863 3000 1920 illis
3031 1864 3194 1920 facile
3223 1869 3563 1923 cruciatibus

271 1956 485 2028 ῥᾳδίως
516 1957 836 2028 ὑπερέσχεν.
878 1959 944 2010 Ὢ
965 1959 1183 2027 μαστοὶ,
1207 1959 1270 2011 οὐ
1302 1957 1448 2026 γάλα
1463 1956 1673 2028 τροφὴν
1699 1955 1876 2026 προρ-

266 2049 502 2118 ρἐντες
549 2049 787 2119 νηπίοις,
835 2049 972 2104 ἀλλὰ
1005 2049 1342 2121 μαρτυρικδν
1367 2044 1511 2119 αἷμα
1555 2046 1874 2108 σπένδοντες

266 2137 550 2206 Χριστῷί
607 2138 674 2190 Ὦ
731 2139 956 2209 μαστοὶ,
1009 2139 1263 2210 καθάπερ
1291 2138 1386 2192 δύο
1420 2137 1607 2209 νεϐροὶ
1661 2137 1876 2206 δίδυμοι

261 2223 536 2295 δορκάδος
553 2226 894 2298 διαλλόμενοι
918 2228 1008 2282 τοῦ
1030 2227 1282 2300 σώματος
1301 2230 1316 2283 l
1347 2227 1672 2300 Προσᾳδέτω
1688 2227 1797 2297 γάρ
1821 2244 1876 2281 τι

259 2315 492 2382 τούτοις
549 2317 645 2370 καὶ
699 2321 728 2373 ὁ
785 2318 1080 2391 Σολομῶν*
1141 2319 1341 2390 μᾶλλον
1374 2320 1431 2372 δὲ
1462 2321 1490 2373 ὁ
1516 2319 1768 2388 Νυμφίος
1803 2323 1870 2388 τῇ

259 2407 487 2480 Νύμφῃ
507 2412 918 2480 προσφωνείτω,
943 2411 1010 2465 δι’
1037 2411 1096 2464 ὃν
1121 2411 1259 2482 αὐτὴ
1288 2411 1412 2474 τοὺς
1441 2413 1680 2481 μαστοὺς
1696 2410 1875 2475 ἐξεθε-

265 2501 486 2570 ρίζετο·
518 2504 578 2556 Τί
603 2504 1070 2574 ἐκαλλιώθησαν
1080 2505 1310 2575 pacto!
1335 2519 1479 2567 σου,
1498 2503 1734 2573 ἀδελφή
1751 2521 1871 2572 μου

257 2595 533 2666 νύμφηί
574 2599 630 2650 τί
664 2598 1128 2667 ἐκαίλιώθησαν
1171 2601 1399 2670 μαστοί
1428 2601 1589 2655 (Iov!
1633 2601 1734 2654 οὐκ
1764 2599 1873 2654 ἀπὸ

259 2688 444 2751 οἰνου,
474 2690 715 2746 amans
739 2691 833 2746 τοῦ
868 2692 1070 2747 οἰκείου
1101 2693 1368 2763 αἴματοςί

355 2779 484 2832 Ἐπὶ
524 2779 760 2846 τούτοις,
786 2781 929 2837 κατὰ
949 2784 1060 2836 τῶν
1087 2781 1296 2854 ὀνύχων
1320 2785 1349 2837 ὁ
1370 2782 1587 2855 ἀπηνὴς
1611 2782 1872 2853 διηγωνί-

263 2887 412 2926 σατο
432 2887 447 2902 :
490 2871 584 2936 οὒς
630 2873 842 2936 πάντας
869 2873 1099 2946 ἀπηνῶς
1133 2875 1394 2930 ἀνασπῶν
1419 2879 1514 2930 καὶ
1540 2876 1868 2950 ῥιζοτομῶν,

262 2961 645 3025 ἀνυποίστους
695 2962 834 3034 αὐτῇ
891 2963 1193 3034 προσάγειν
1239 2963 1378 3035 ᾤετο
1427 2967 1646 3031 πόνους.
1689 2968 1754 3021 Ἦ
1790 2967 1868 3032 δὲ,

264 3053 538 3126 καθάπερ
559 3053 767 3124 τριχῶν
801 3054 1118 3124 ἀφαίρεσιν,
1143 3056 1288 3111 οὕτω
1309 3057 1635 3130 λογιζομὲνη
1663 3061 1871 3115 τούτων

264 3147 376 3216 τὴν
407 3146 722 3218 ὲκρίζωσιν,
747 3146 1071 3218 ηὐχαρίστει
1106 3149 1208 3221 μὲν
1234 3149 1311 3221 τῷ
1341 3151 1478 3222 πρὸς
1503 3153 1600 3217 τὰς
1640 3153 1868 3224 ἀλγηδό-

270 3255 378 3303 νας
404 3239 800 3312 ὲπιρῥωννύντι
830 3239 1085 3311 Χριστῷο
1109 3244 1549 3316 κατερῤητόρευε
1577 3245 1636 3298 δὲ
1661 3245 1756 3298 τοῦ
1790 3245 1870 3299 δι-

269 3331 522 3385 καστοῦ’
573 3332 732 3398 θεούς
785 3350 846 3387 τε
906 3335 1379 3406 ἀναθεματίζουσα
1431 3337 1526 3390 καὶ
1582 3336 1866 3408 δαίμονας,

269 3422 459 3494 ψυχῆς
484 3424 789 3496 βεσήλωσιν
822 3427 922 3499 τὴν
951 3427 1130 3482 αὐτῶν
1157 3426 1532 3500 προσκύνησιν
1560 3426 1865 3498 ὠνόμαζεν.

269 3516 340 3568 ’Ὠ
374 3515 590 3588 ὄνυχες,
653 3519 844 3590 μικροὶ
892 3520 994 3591 μὲν
1019 3519 1082 3573 τδ
1137 3519 1388 3590 μέγεθος,
1421 3518 1518 3573 καὶ
1565 3519 1668 3591 τὴν
1713 3518 1868 3584 τάξιν

266 3607 522 3679 ἔσχατοι,
568 3611 824 3681 μεγάλων
844 3611 901 3666 δὲ
932 3614 1027 3667 καὶ
1050 3612 1273 3666 τελείων
1309 3611 1562 3683 πρόξενοι
1587 3611 1868 3682 στεφάνων

267 3703 564 3774 γενόμενοι
587 3723 601 3738 ο
642 3704 856 3776 ὖνυχες,
895 3705 974 3775 τῷ
1009 3722 1068 3758 τε
1094 3704 1248 3775 δνυχι
1284 3705 1379 3758 ml.
1415 3707 1480 3776 τῇ
1509 3707 1739 3776 στακτῇ,
1774 3708 1870 3760 καί

267 3795 390 3857 τοῖς
421 3795 601 3858 ἄλλοις
626 3795 885 3868 ἁρώμασι
921 3795 1337 3867 προσεοικότες·
1367 3789 1449 3859 οἷς
1478 3796 1685 3866 Μωσῆς
1721 3798 1868 3849 Exsi-

266 3901 364 3949 νος
393 3886 455 3941 τὸ
493 3887 592 3958 τῆς
635 3887 941 3952 συνθέσεως
987 3887 1540 3963 κατασκευαζόμενος
1591 3887 1865 3960 θυμίαμα,

269 3977 472 4034 θυσίαν
498 3977 672 4050 εὐώδη
705 3983 950 4052 προσῆγε
976 3979 1054 4052 τῷ
1083 3978 1222 4052 Θεῷ.

341 4170 475 4231 Τοῖς
505 4166 654 4233 ὄνυξι
680 4166 760 4233 δὲ,
789 4165 993 4238 χειρῶν
1022 4165 1157 4237 ὁμοῦ
1189 4167 1282 4220 καὶ
1307 4165 1483 4219 ποδῶν
1507 4168 1537 4219 ὁ
1571 4165 1866 4236 μιαιφονῶν

262 4277 435 4322 cato;
469 4258 780 4331 προσετίθει
804 4259 905 4330 τὴν
939 4257 1249 4328 άποκοπήν.
1287 4257 1436 4310 Ἔδει
1469 4259 1578 4330 γὰρ
1604 4256 1757 4319 tim”:
1790 4256 1864 4326 μὴ

258 4353 328 4408 τά
353 4352 670 4420 λεπτότερα
705 4349 890 4421 μόνον,
924 4349 1060 4403 ἀλλὰ
1095 4349 1190 4402 καὶ
1221 4348 1292 4400 τὰ
1321 4347 1432 4401 τῶν
1467 4347 1673 4418 μορίων
1704 4347 1862 4417 ἁδρό-

258 4460 414 4515 τερδ
439 4445 539 4514 τῆς
569 4440 967 4514 ὀσιομάρτυρος
990 4439 1394 4510 καλλιερεὼθαι
1415 4456 1428 4470 ·
1471 4439 1567 4492 καὶ
1611 4438 1862 4509 καθάπερ

1977 1965 2255 2023 superstes
2309 1952 2432 2008 fuit.
2477 1951 2522 2008 0
2579 1954 2770 2020 ubera,
2817 1969 2941 2023 qua:
2981 1969 3090 2010 non
3132 1955 3221 2011 lac
3257 1957 3564 2013 infantibus

1979 2045 2269 2116 molliunt,
2327 2046 2424 2102 sed
2487 2047 2734 2118 martyrii
2788 2060 3032 2102 aurorem
3081 2048 3304 2103 Christo
3350 2050 3558 2106 libenti

1976 2136 2021 2192 Ο
2048 2140 2240 2204 ubera,
2278 2139 2424 2193 velut
2455 2140 2562 2193 duo
2595 2139 2805 2192 hinnuli
2827 2139 3042 2208 gemelli
3065 2155 3096 2194 e
3119 2154 3328 2210 caprea:
3355 2145 3560 2196 saiicn-

1976 2242 2055 2286 tes
2083 2233 2364 2302 corpore"
2389 2233 2402 2285 ί
2441 2233 2668 2286 Accinat
2681 2233 2826 2286 enim
2851 2233 2937 2289 liis
2951 2232 3156 2302 aliquid
3181 2244 3236 2288 et
3259 2235 3514 2290 Salomon
3543 2255 3558 2291 :

1975 2325 2114 2390 Quin
2167 2327 2350 2394 potius
2383 2325 2631 2394 Sponsus
2661 2339 2877 2395 sponsa:
2916 2326 3205 2390 acclamet,
3243 2326 3405 2396 cujus
3431 2342 3560 2398 ergo

1974 2414 2050 2468 illi
2113 2417 2278 2470 ubera
2329 2425 2608 2485 amputata
2660 2432 2674 2471 :
2725 2417 2897 2480 Quam
2946 2417 3182 2485 pulchrae
3231 2419 3390 2486 facta:
3437 2429 3561 2472 sunt

1975 2523 2218 2562 mamma
2244 2518 2368 2572 tutu,
2388 2525 2541 2563 soror
2564 2525 2678 2562 mea
2703 2524 2917 2577 sponsa,
2947 2525 3107 2579 quam
3137 2510 3372 2578 pulchrae
3403 2513 3560 2580 facta:

1972 2611 2096 2655 sunt
2155 2617 2402 2655 mamma
2451 2601 2632 2655 tua”!
2685 2615 2794 2655 non
2843 2615 2873 2656 ο
2907 2599 3055 2666 vino,
3106 2602 3202 2657 sed
3253 2617 3284 2656 a
3339 2603 3561 2672 proprio

1972 2709 2186 2749 cruore.

2042 2788 2122 2842 Ad
2175 2789 2289 2844 haec
2337 2788 2600 2845 adversus
2657 2805 2868 2860 ungues
2899 2802 3044 2846 επνο
3085 2789 3163 2844 illi
3215 2802 3555 2861 assumptum

1972 2891 2248 2934 certamen
2295 2891 2416 2946 est;
2448 2895 2589 2950 quos
2635 2894 2830 2936 omnes
2877 2880 3194 2936 immaniter
3227 2883 3470 2937 avellens
3495 2896 3562 2936 ac

1970 2988 2000 3026 a
2061 2973 2337 3029 radicibus
2388 2988 2616 3037 secans,
2673 2973 3045 3030 intolerabiles
3091 2989 3151 3030 se
3205 2975 3294 3030 illi.
3341 2975 3561 3030 dolores

1971 3065 2166 3120 afferre
2194 3065 2582 3121 arbitrabatur.
2618 3064 2709 3120 l‘lla
2762 3080 2914 3133 vero,
2956 3081 3022 3122 ac
3059 3066 3105 3122 si
3135 3067 3322 3136 capilli
3361 3067 3559 3121 detun-

1972 3159 2249 3222 derentur,
2285 3159 2356 3212 ita
2390 3167 2650 3228 reputans
2679 3158 2826 3229 quod
2849 3159 3040 3215 dentes
3061 3159 3330 3215 radicitus
3363 3160 3560 3214 evelle-

1973 3252 2190 3316 bantur,
2223 3253 2431 3322 gratias
2460 3250 2682 3306 Christo
2713 3252 2924 3322 agebat,
2952 3252 3043 3320 qui
3079 3252 3252 3306 robur
3291 3252 3557 3308 adversus

1971 3346 2252 3401 cruciatus
2292 3353 2596 3415 praestaret,
2647 3359 2712 3399 ac
2759 3345 3001 3414 judicem
3039 3344 3219 3398 verbis
3247 3344 3557 3398 confunde-

1971 3439 2092 3503 bat,
2139 3437 2380 3508 deosque
2444 3452 2512 3492 ac
2550 3437 2826 3492 daemones
2869 3436 3004 3492 diris
3055 3436 3372 3502 devovens,
3421 3451 3556 3490 con-

1972 3529 2376 3599 spurcationem
2445 3529 2611 3584 animi
2695 3529 2914 3584 illorum
2977 3529 3186 3584 cultum
3258 3530 3554 3583 vncitabat.

1972 3617 2017 3674 Ο
2067 3635 2298 3690 ungues,
2356 3621 2498 3675 mole
2550 3621 2768 3690 quidem
2811 3621 2990 3692 exigui
3033 3629 3196 3691 atque
3236 3622 3427 3675 ordine
3460 3636 3556 3690 po-

1970 3713 2182 3776 Stremi,
2211 3712 2306 3781 qui
2354 3719 2537 3766 tamen
2583 3725 2903 3782 magnarum
2936 3710 3408 3781 ac‘perfectarum
3457 3729 3555 3767 ex-

1971 3802 2190 3857 Stitistis
2215 3812 2468 3857 auctores
2509 3805 2867 3856 coronarum!
2914 3801 2962 3857 0
2988 3816 3218 3872 ungues,
3256 3803 3471 3871 ungnlm
3501 3813 3557 3856 et

1968 3903 2157 3948 stactae
2197 3894 2432 3962 aliisque
2482 3894 2823 3948 aromatibus
2876 3893 3104 3954 similes,
3132 3892 3332 3961 quibus
3375 3891 3556 3948 Moses

1970 3983 2061 4037 ille
2132 3984 2418 4037 incensum
2475 3983 2890 4052 compositionis
2944 3997 3302 4052 przeparaus,
3364 3984 3552 4037 suavis

1967 4073 2279 4142 fragrantia:
2314 4073 2548 4128 hostiam
2582 4073 2691 4128 Deo
2720 4074 2976 4128 oﬂ‘erebat
3007 4077 3074 4131 ".

2044 4165 2213 4220 l'orro
2243 4165 2517 4234 unguibus
2537 4206 2552 4231 ,
2589 4180 2785 4220 manus
2814 4166 3024 4236 pariter
3049 4168 3328 4239 pedesque
3359 4183 3552 4239 ampu-

1967 4260 2162 4315 tandos
2196 4259 2620 4316 cruentissimus
2651 4261 2869 4330 adjecit.
2906 4260 3069 4316 Forte
3105 4262 3252 4318 enim
3295 4264 3546 4329 decebat,

1967 4359 2026 4405 ut
2066 4366 2175 4405 non
2221 4351 2398 4406 solum
2428 4352 2792 4419 tenuioribus,
2822 4368 3009 4407 verum
3041 4354 3206 4408 etiam
3252 4353 3537 4410 robustio-

1968 4442 2118 4496 ribus
2170 4451 2374 4498 saneta‘.
2426 4443 2652 4512 virginis
2707 4445 2956 4514 partibus
3004 4442 3114 4499 Deo
3168 4444 3452 4500 litaretur:
3485 4460 3550 4500 ac

261 4537 523 4607 ἄμπελος
573 4533 1013 4606 εὐκληματοῦσα,
1070 4533 1288 4602 ὅσῳπερ
1316 4531 1383 4584 ἂν
1420 4531 1531 4584 τῶν
1586 4530 1860 4600 περιττῶν

1971 4535 2110 4589 sicut
2134 4535 2260 4589 vitis
2289 4534 2606 4605 palmitibus
2629 4535 2965 4602 eluxurians,
3012 4551 3122 4607 quo
3156 4537 3329 4604 magis
3355 4552 3549 4608 super-

262 4630 365 4699 τὴν
431 4626 668 4698 βλάστην
722 4627 1119 4697 ἀποτέμνηται,
1189 4623 1429 4695 τοσούτῳ
1482 4623 1582 4694 τῆς
1629 4625 1689 4676 ἐν
1718 4625 1858 4694 αὐτῇ

265 4718 518 4787 ζωτικῆς
543 4717 829 4788 δυνάμεως
870 4717 999 4788 περὶ
1032 4714 1238 4787 βραχὺν
1267 4713 1644 4785 συναγομένης
1673 4716 1859 4780 τόπον,

266 4812 447 4872 πολὺς
481 4809 580 4879 μὲν
605 4810 634 4862 ὁ
664 4808 910 4880 καρπός·
941 4806 1218 4876 εὐτραφὴς
1249 4806 1307 4859 δὲ
1338 4808 1366 4859 ὁ
1389 4804 1604 4876 βότρυς,
1638 4805 1734 4859 καὶ
1766 4806 1862 4859 δα-

266 4901 437 4972 eam
468 4901 497 4953 ὁ
527 4895 670 4963 οἶνος
703 4900 974 4970 καταρρεῖ
1024 4897 1134 4952 τῶν
1187 4896 1364 4968 ληνῶν
1382 4913 1397 4927 ·
1435 4897 1577 4950 οὕτω
1605 4897 1672 4967 δὴ
1701 4899 1795 4951 καὶ
1825 4899 1860 4968 ἠ

268 4993 572 5068 παρθένος,
600 4993 712 5062 ὅσῳ
727 4990 796 5044 τὰ
831 4991 984 5062 μέλη-
1021 4989 1408 5060 κατετέμνετο,
1436 4988 1690 5042 τοσοῦτον
1728 4989 1858 5042 ἐκύ-

271 5086 474 5160 πριζεν
506 5085 605 5155 μὲν
627 5083 800 5153 αὐτῆς
845 5084 909 5135 τδ
955 5082 1056 5152 τῆς
1101 5081 1391 5152 ὁμολογίας
1443 5079 1631 5143 ἄνθοςο
1661 5081 1711 5134 oi
1760 5080 1862 5152 τῆς

273 5177 587 5250 μαρτυρίας
618 5175 676 5228 δὲ
707 5173 930 5245 βότρυες
959 5172 1378 5242 πληθυνόμενοι,
1399 5172 1496 5240 τὴν
1523 5171 1626 5240 τῆς
1649 5171 1860 5240 ὐπομου

272 5271 372 5340 γῆς
411 5269 655 5324 ἐδίδοσαν
703 5268 911 5338 ὀσμήνο
958 5266 1020 5320 τὸ
1049 5258 1191 5335 αἷμα
1229 5264 1284 5319 δὲ
1309 5265 1406 5334 τῆς
1450 5263 1754 5335 ἀθλήσεως,
1783 5264 1860 5328 ὡς

271 5359 419 5425 οἶνος
449 5364 588 5432 ῥέων
613 5359 819 5429 εὐώδης
866 5358 963 5412 καὶ
985 5355 1235 5428 δαψιλὴς,
1276 5355 1566 5424 συνέπνιγε
1607 5355 1706 5426 μὲν
1735 5355 1862 5408 ὅσον

272 5455 554 5526 ἀλλότριον
575 5455 669 5507 καὶ
692 5451 970 5517 δυσσεϐὲς,
994 5450 1359 5521 κατεύφραινε
1381 5448 1436 5502 δὲ
1456 5448 1580 5503 ὅσον
1596 5449 1862 5522 ἡμέτερον

274 5549 368 5601 καὶ
387 5545 634 5608 εὐσεϐές.

357 5638 639 5692 Ἐντεῦθεν
685 5635 874 5690 λοιπὸν
908 5637 998 5688 καὶ
1042 5636 1090 5688 οἱ
1137 5635 1348 5698 ὀδόντες
1378 5637 1475 5704 τῆς
1507 5635 1642 5699 ἰδίας
1681 5634 1860 5688 αὐτῶν

344 5811 389 5845 ⁸⁸
418 5810 578 5868 Cant.
610 5825 709 5873 vu,
735 5809 789 5864 3.
866 5809 887 5840 ’
924 5808 1080 5864 Cant.
1127 5826 1198 5878 tv,
1226 5809 1310 5864 l0.
1389 5812 1428 5844 θ’
1473 5811 1640 5869 Exod.
1671 5828 1798 5877 xxx,
1857 5810 1947 5865 56.

599 5906 872 5968 ΡΑτῐιοι..
923 5909 1037 5968 Gn.
1079 5907 1202 5969 CV.

1965 4629 2075 4683 lluo
2108 4631 2353 4700 germine
2399 4635 2646 4698 putatur,
2682 4636 2832 4683 tanto
2861 4629 3008 4683 vitali
3047 4629 3169 4699 ejus
3207 4632 3408 4685 virtute
3445 4647 3543 4684 ana

1961 4717 2188 4788 gnstiori
2213 4727 2485 4773 coarctata
2515 4719 2714 4790 spatio,
2739 4717 2935 4789 majori
2975 4720 3131 4790 copia
3167 4720 3548 4790 pinguius-ique

1963 4810 2118 4864 botro
2145 4808 2459 4873 fructiﬁcat,
2490 4823 2557 4864 ac
2601 4810 2787 4865 vinum
2839 4825 2871 4865 e
2927 4811 3294 4867 torcularibus
3325 4813 3546 4867 uberius

1962 4901 2178 4967 deﬂuit;
2231 4902 2312 4958 sic
2347 4903 2606 4957 nimirum
2641 4911 2696 4957 et
2727 4902 2902 4972 virgo,
2953 4919 3064 4972 quo
3110 4905 3352 4958 membra
3386 4915 3548 4974 puta-

1965 4991 2182 5058 bantur,
2213 5001 2364 5047 tanto
2391 4993 2537 5048 illius
2566 4992 2932 5048 confessionis
2961 4993 3062 5049 llos
3092 4997 3376 5058 vernabat,
3402 5009 3548 5048 mar-

1965 5077 2199 5154 tyiiique
2245 5083 2796 5148 botriexuberantes,
2829 5099 3052 5138 suavem
3109 5086 3381 5154 patientia:
3431 5085 3546 5139 fra-

1963 5176 2231 5245 grantiam
2274 5175 2510 5241 dabant;
2544 5191 2714 5231 cruor
2747 5176 2986 5247 denique
3011 5177 3350 5242 certaminis,
3383 5178 3542 5245 quasi

1963 5268 2274 5324 suavissimi
2324 5267 2511 5323 odoris
2557 5269 2951 5340 copiosumque
3008 5271 3193 5325 vinum
3243 5269 3542 5323 abundanti

1963 5358 2120 5412 latice
2149 5357 2348 5422 ﬂuens,
2379 5357 2645 5428 quidquid
2673 5366 2994 5414 extraneum
3032 5359 3372 5429 impiumque
3400 5367 3539 5422 erat,

1962 5450 2295 5517 suﬂ'ocabat;
2342 5451 2611 5521 quidquid
2658 5465 2787 5507 vero
2829 5463 3075 5508 nostrqu
3107 5467 3170 5506 ac
3204 5449 3538 5518 religiosum,

1961 5544 2160 5614 gaudio
2186 5543 2564 5612 perfundebat.

2032 5635 2158 5691 Inde
2186 5636 2300 5707 jam
2334 5645 2387 5692 ct
2421 5637 2611 5693 dentes
2663 5636 2902 5692 violento
2948 5641 3236 5707 prmccpto,
3275 5635 3540 5693 violenter

3111 5902 3179 5967 12
