4040 6434
235 480 338 542 365

235 682 373 752 αὐτῇ
404 680 795 751 μεμενηκότα·
822 681 970 736 οὕτω
996 685 1092 738 καὶ
1135 686 1208 740 τὰ
1231 687 1376 741 κατὰ
1402 687 1569 756 φύσιν
1612 687 1684 741 δι’
1715 685 1817 741 αιί-

233 771 332 845 τὴν
364 771 624 843 ὁρᾶσθαι.
685 771 764 844 Τῇ
796 771 978 828 τοίνυν
1020 775 1268 849 ἀπορροῇ
1327 777 1422 831 τοῦ
1458 777 1695 848 αἵματος
1725 779 1818 832 ὲκ·

232 863 489 933 λυομένη,
526 861 726 935 μικρὸν
754 863 960 935 ᾔτησεν
993 866 1139 938 ὕδωρ
1183 871 1264 933 είς
1294 868 1552 924 ἔκκλυσιν
1577 869 1674 923 τοῦ
1701 869 1823 924 στό-

231 971 424 1026 ματος.
473 954 756 1009 Ἑπιδιδου
783 954 844 1010 δέ
872 972 960 1021 τις
998 959 1164 1031 ἀνὴρ,
1190 961 1221 1013 6
1250 962 1350 1032 μὲν
1385 962 1486 1032 τὴν
1519 962 1822 1034 θρησκείαν

229 1049 351 1103 καθ’
381 1048 534 1117 ἡμᾶς
558 1061 574 1076 ⁶
612 1048 734 1102 κατ’
765 1049 1012 1116 εκείνους
1041 1052 1122 1116 δὲ,
1182 1054 1344 1126 μέχρι
1396 1053 1550 1108 τοῦδε
1602 1053 1820 1125 νομιζό-

196 1138 413 1210 Ιμενος.
449 1138 721 1209 nomne;
769 1140 942 1212 δνομα
984 1144 1062 1213 τῷ
1098 1144 1330 1216 ἀθλητῇ.
1390 1145 1488 1199 ⁸ον
1534 1147 1563 1201 6
1613 1146 1824 1219 Πρὸὃος

233 1235 381 1300 ἰδὼν,
420 1236 515 1288 καὶ
543 1236 665 1305 οὐχὶ
697 1237 1014 1310 συμπαθείᾳ
1043 1242 1262 1309 φύσεως
1319 1241 1505 1311 μόνον,
1559 1241 1696 1295 ἀλλὰ.
1727 1242 1823 1295 καὶ

233 1330 524 1397 ταυτότητι
554 1325 794 1394 πίστεως
823 1330 962 1402 πρὸς
994 1333 1094 1404 τὴν
1125 1333 1428 1406 ἀθλοφόρον
1471 1335 1820 1404 διακείμενον

238 1421 518 1489 ἐγνωκὼς,
583 1421 682 1492 τὴν
743 1422 840 1477 ἰπὶ
891 1424 1110 1496 θανάτῳ
1177 1428 1549 1498 προσέταττεν
1606 1426 1820 1495 ἁπάγε-

241 1515 386 1568 σθαι.
641 1519 646 1526 ’

321 1608 476 1664 Ἐπεὶ
501 1610 557 1664 δὲ
585 1609 814 1682 λαμπρὰ
861 1611 960 1681 μὲν
993 1613 1026 1682 ἡ
1081 1613 1313 1686 αἰσχύνη
1367 1613 1711 1684 κατεκέχυτο
1739 1609 1818 1681 τῷ

241 1704 530 1772 πειραστῇ,
568 1702 926 1774 λαμπροτέρα
949 1703 1008 1756 δὲ
1033 1704 1067 1775 η
1088 1703 1213 1774 νίκη
1242 1704 1340 1774 τῆς
1369 1703 1679 1774 ὐπερᾶθλου
1702 1702 1816 1776 (76)

241 1793 606 1860 κατεφαίνετο,
667 1792 759 1846 τὸν
805 1792 907 1863 τῆς
948 1795 1257 1866 μαρτυρίας
1305 1794 1406 1865 μὲν
1447 1795 1664 1849 δίαυλον
1717 1812 1816 1848 πε-

1028 483 1312 546 ORATIO
1338 483 1525 546 XVII.
1557 507 1627 520 -
1680 483 1762 544 IN
1786 481 2100 544 LAUDEM
2131 483 2188 543 S.
2233 481 2697 542 ANASTASIAZ.

136 582 141 590 ’
239 592 448 657 Ὥσπερ
477 587 590 660 γὰρ
640 589 708 644 τὰ
743 589 883 662 iter
933 592 1100 662 φύσιν
1121 595 1209 649 διὰ
1256 596 1351 649 τὸν
1383 596 1522 669 ὑπὲρ
1547 595 1711 662 φύσιν
1765 597 1824 648 ὲν

1927 601 2120 664 perant
2143 602 2365 666 propter
2391 611 2516 650 eum
2556 595 2649 664 qui
2680 601 2872 650 natura
2900 595 3152 664 superior
3201 607 3308 662 est,
3343 599 3397 653 in
3442 615 3508 656 ea

3401 482 3510 545 366

1927 688 2302 756 perstiterant,
2334 688 2415 742 sic
2437 696 2491 742 et
2518 688 2639 756 ejus
2671 685 2848 757 gratia
2886 685 3002 742 visa
3034 703 3121 755 ea,
3153 704 3276 759 qua:
3321 701 3508 748 essent

1924 793 1986 833 ex
2021 787 2241 834 natura.
2271 779 2498 833 Cruoris
2535 778 2704 849 igitur
2734 778 2889 848 copia
2929 779 3344 848 elanguescens,
3384 798 3505 837 mo-

1923 871 2099 926 dicam
2150 885 2350 938 aquam
2402 870 2576 939 petiit,
2613 885 2720 940 qua
2752 885 2816 925 os
2844 870 3070 926 clueret.
3119 873 3373 928 Porrexit
3422 875 3508 928 vir

1924 961 2173 1031 quidam,
2224 961 2574 1017 Christianus
2633 963 2850 1032 quidem
2904 963 3189 1034 religione.
3264 961 3358 1018 sed
3412 965 3504 1034 qui

1927 1053 2192 1109 hactenus
2244 1053 2527 1124 gentilium
2587 1059 2749 1108 sectae
2805 1053 3257 1110 exiStimaretur:
3305 1055 3507 1125 Cyrillo

1924 1145 2141 1200 athletae
2165 1159 2364 1199 nomen
2391 1153 2526 1199 erat.
2552 1143 2672 1212 Quo
2691 1143 2902 1198 Probus
2927 1152 3242 1213 conspecto,
3272 1160 3373 1200 nec
3405 1161 3506 1199 na-

1924 1245 2060 1291 tura!
2082 1234 2261 1291 solum
2295 1235 2666 1301 miseratione,
2699 1235 2792 1291 sed
2816 1243 2870 1289 et
2912 1235 3159 1304 ejusdem
3201 1235 3322 1291 lidei
3348 1252 3503 1291 com-

1924 1328 2130 1384 mercio
2194 1329 2248 1382 in
2291 1328 2529 1398 pugilem
2579 1341 2850 1398 propense
2883 1325 3136 1383 alfectum
3171 1327 3501 1400 intelligens,

1921 1436 2042 1476 eam
2074 1436 2196 1492 quae
2217 1423 2284 1476 ad
2314 1431 2547 1477 mortem
2587 1428 2691 1485 est,
2721 1420 2845 1476 duci
2873 1421 3151 1492 praecepit.

1991 1599 2152 1667 Quod
2208 1614 2341 1655 vero
2387 1601 2645 1654 tentatori
2699 1600 2984 1672 splendida
3037 1600 3212 1656 oﬂ‘usa
3251 1599 3503 1656 confusio

1919 1701 2057 1759 erat,
2102 1691 2566 1763 splendidiorque,
2615 1706 2782 1761 quam
2826 1705 2924 1762 pro
2964 1691 3326 1747 certaminu'm
3381 1691 3499 1747 alca

1919 1785 2211 1856 superiori,
2249 1784 2476 1840 victoria
2513 1783 2815 1852 aﬂulserat,
2849 1800 2972 1857 quae
3006 1794 3063 1840 et
3095 1785 3340 1855 martyrii
3393 1795 3504 1840 sta-

239 1883 580 1953 ραινομινης,
608 1884 776 1952 ἐγγὺς
804 1884 864 1938 δὲ
887 1885 995 1938 τῶν
1039 1885 1326 1956 στεφάνων
1370 1887 1685 1956 γινομένης,
1724 1883 1815 1950 ἐξ·

1925 1879 2077 1935 dium
2109 1878 2308 1942 ﬁniret,
2344 1891 2410 1931 ac
2435 1892 2603 1948 prope
2627 1877 2741 1947 jam
2771 1890 3006 1932 coronas
3030 1876 3500 1946 aspiceret.ejecta

233 1950 524 2042 ενεχθῆναί
546 1988 606 2024 τε
643 1950 742 2044 τῆς
769 1973 999 2040 πόλεως,
1041 1950 1631 2045 καὶ-καρατομηθῆναί
1646 1989 1816 2027 κατα-

1921 1969 2078 2032 urbe,
2119 1968 2298 2038 capite
2321 1967 2482 2037 plecti
2514 1966 2880 2023 condemnata
2902 1974 3007 2021 est.
3038 1965 3159 2021 Non
3190 1968 3334 2022 enim
3360 1968 3502 2022 ultra

230 2063 502 2132 κέκριται.
531 2064 609 2117 Οὐ
637 2061 748 2135 γὰρ
781 2063 980 2136 ἔφερεν
1007 2065 1040 2118 6
1085 2067 1498 2136 ἀνταγωνιστὴς
1533 2064 1638 2130 ἔτι,
1671 2065 1815 2118 ἁπα-

227 2151 324 2223 λῆς
351 2154 460 2206 ὑπὸ
491 2155 662 2226 κόρης
699 2154 1139 2221 καταπαίζεσθαι
1166 2154 1347 2210 ποσίν.
1386 2155 1535 2208 Ἔδει
1582 2153 1640 2206 δὲ
1673 2151 1814 2206 κατὰ

225 2245 314 2297 τὸν
336 2245 640 2313 Αἰγύπτιον
669 2248 763 2302 καὶ
790 2247 982 2301 τοῦτον
1011 2247 1472 2319 σκληρυνόμενον,
1519 2245 1611 2300 καὶ
1651 2246 1814 2315 ἔσχα-

223 2354 316 2391 τον
339 2339 404 2409 δὴ
437 2340 602 2393 τοῦτο
639 2340 785 2394 κατὰ
808 2341 909 2412 τῆς
944 2342 1334 2416 ’ἰσραηλίτιδος
1361 2341 1568 2412 ταύτης
1619 2337 1814 2402 παιδὸς

222 2432 763 2500 ἐστρατοπεδευκότα
790 2472 805 2497 ,
867 2433 971 2505 τῆς
1035 2435 1138 2505 μὲν
1199 2433 1504 2504 ἀστοχῆσαι
1570 2434 1812 2496 πάντως,

220 2525 479 2596 καθάπερ
513 2527 781 2600 ἁμιᾲντου
805 2528 1165 2598 περιστερᾶς,
1202 2529 1269 2600 τῇ
1295 2527 1558 2599 διαιρέσει
1583 2525 1686 2594 τῆς
1718 2541 1814 2577 κε-

221 2617 398 2687 φαλῆς
434 2615 544 2671 ἀπὸ
572 2616 667 2672 τοῦ
715 2618 969 2688 σώματος
1025 2617 1482 2688 δκπετασθείσης,
1533 2616 1630 2671 καὶ
1674 2613 1814 2686 πρὸς

218 2710 318 2772 τὰς
345 2709 462 2762 ἄνω
494 2707 958 2782 κατευθυνθείσης
1001 2711 1207 2783 μονάς·
1253 2708 1348 2764 τοῦ
1401 2709 1460 2764 δὲ
1525 2709 1639 2772 τοῖς
1682 2709 1812 2778 ὲρυ-

219 2800 433 2869 θραίοις
487 2801 721 2871 αἵμασιν
753 2799 972 2873 ἐκείνης
1029 2798 1526 2868 ὲναποπνιγὲντος,
1559 2797 1814 2865 καὶ-ταύ-

215 2909 320 2964 την
349 2893 418 2962 δὴ
468 2894 693 2947 κόλασιν
731 2891 942 2946 ἔνδικον
972 2893 1073 2961 τῆς
1129 2891 1476 2963 ἁδικωτάτης
1509 2889 1814 2953 ἐπιθέσεως

216 2983 623 3055 ὑπεσχηκότος.

288 3073 485 3138 Οὕτως
526 3072 855 3128 Ἀναστασία
907 3071 1001 3127 τὸν
1049 3072 1226 3144 βαρὺν
1249 3071 1561 3144 ἀντίζηλον,
1582 3071 1672 3126 τὸν
1705 3072 1811 3143 ψυ-

215 3165 496 3236 χοφθὸρον
539 3165 686 3233 ὅφιν,
733 3166 824 3219 τὺν
859 3164 1108 3237 σφοδρῶς
1166 3164 1266 3236 μὲν
1299 3168 1422 3219 κατ’
1450 3165 1623 3236 αὐτῆς
1648 3165 1814 3239 ὲρραο

1921 2061 2129 2117 l‘erebat
2162 2061 2534 2127 adversarius,
2565 2068 2625 2116 ut
2654 2060 2885 2116 delicata
2911 2059 3091 2130 puella
3118 2061 3500 2125 conculcante,

1917 2155 1968 2209 ei
2007 2154 2350 2210 illuderetur.
2385 2151 2621 2208 Decebat
2639 2151 2786 2207 enim
2814 2159 2876 2206 ut
2901 2151 3048 2207 velut
3078 2149 3370 2223 Egyptius
3390 2153 3500 2220 ille,

1927 2247 2016 2302 hic
2055 2261 2275 2318 quoque
2325 2245 2636 2311 induratus,
2667 2253 2944 2315 postrema
2974 2245 3078 2300 hac
3103 2246 3370 2300 adversus
3415 2244 3499 2300 ls-

1918 2339 2221 2394 raelitidem
2254 2340 2413 2394 istam
2447 2338 2816 2410 expeditione,
2847 2351 2948 2394 suo
2983 2337 3035 2391 in
3091 2337 3239 2392 illam
3272 2352 3499 2408 prorsus

1918 2439 2118 2485 conatu
2161 2429 2547 2494 frustraretur,
2581 2445 2705 2502 qua:
2743 2431 2891 2486 velut
2933 2429 3358 2484 incontaminata
3406 2442 3502 2483 co-

1916 2521 2122 2587 lumba,
2150 2521 2385 2576 dissecta
2414 2521 2629 2577 cervice
2654 2535 2684 2575 a
2711 2534 2944 2592 corpore
2979 2520 3275 2584 evolasset,
3323 2528 3378 2574 et
3429 2520 3503 2592 ad,

1916 2609 2160 2666 coelestia
2202 2609 2512 2664 habitacula
2555 2619 2707 2666 recta
2757 2619 3142 2676 commeasset,
3167 2609 3262 2664 illo
3315 2609 3498 2664 rubris

1916 2702 2064 2756 illius
2093 2716 2352 2756 cruorum
2400 2699 2660 2758 ﬂuctibus
2719 2701 3006 2769 s‘uﬁ'ocato,
3064 2702 3277 2772 hacque
3308 2701 3498 2773 utique

1911 2794 2058 2864 justa
2084 2808 2242 2864 poma
2269 2794 2630 2864 iniquissimae
2664 2794 3038 2864 aggressionis
3071 2794 3324 2849 multato.

1985 3079 2044 3136 lu
2078 3084 2224 3136 hunc
2251 3083 2434 3151 itaque
2463 3082 2685 3137 modum
2722 3081 3033 3146 Anastasia,
3059 3095 3277 3151 gravem
3324 3096 3497 3137 temu-

1915 3174 2050 3238 lum,
2109 3176 2417 3230 animarum
2481 3182 2861 3246 corruptorem
2938 3185 3269 3244 serpentem,
3320 3173 3498 3228 valide

215 3258 392 3324 γέντα
416 3292 433 3320 ,
471 3257 829 3328 σφοδρότερον
853 3257 912 3311 δὲ
942 3255 1144 3327 ταύτης
1174 3257 1600 3329 ἑκκρουσθέντα,
1635 3257 1809 3313 καθά-

1914 3281 2046 3321 sane
2076 3267 2129 3320 in
2165 3281 2285 3322 eam
2340 3281 2680 3338 aggressum,
2722 3266 3068 3336 validiusque
3100 3265 3168 3320 ab
3201 3279 3264 3321 ea
3313 3264 3497 3334 repul-

220 3365 334 3419 περ
365 3349 538 3419 πηλὸν
589 3350 859 3403 πλατειῶν
899 3351 1013 3412 τοῖς
1056 3349 1282 3420 ὡραίοις
1311 3349 1441 3402 ποσὶ
1470 3349 1809 3404 καταλεάνα-

219 3458 313 3508 σα,
363 3445 448 3506 εἰς
485 3443 624 3514 χάος
650 3442 937 3514 ἀμήχανον
991 3442 1087 3496 καὶ
1133 3444 1422 3514 χηραμοὺς
1476 3444 1810 3516 ταρταρίους

219 3531 570 3604 ὲξερῤίιιατο.
607 3535 755 3606 Αὐτὴ
789 3535 845 3588 δὲ
877 3533 1046 3598 θείοις
1090 3533 1346 3603 ἀγγέλοις
1389 3534 1590 3607 ἑαυτὴν
1631 3553 1836 3604 παρα-υ

221 3625 452 3697 θεμένη,
510 3625 870 3697 ἀρχαγγέλοις
929 3623 1320 3696 ὁδοποιουμένῃ
1343 3665 1360 3691 ,
1398 3627 1490 3678 καὶ
1519 3627 1720 3689 πάσαις
1751 3627 1809 3680 δὲ

219 3716 340 3779 ταῖς
369 3711 761 3786 ὕπερκοσμίοις
788 3715 1052 3786 δυνάμεσι
1108 3715 1568 3787 προπεμπούσαις
1597 3719 1695 3770 καὶ
1724 3716 1810 3769 δε-

219 3794 536 3878 ξιουμέναις
575 3807 770 3878 αὐτὴν,
825 3806 1150 3879 κλεῖζομένη
1182 3808 1280 3862 καὶ
1335 3807 1805 3879 συγκροτουμένη,

217 3897 298 3970 τῷ
320 3898 535 3970 βασιλεῖ
564 3899 659 3953 καὶ
692 3899 912 3971 νυμφίῳ
945 3899 1086 3971 μετὰ
1117 3899 1276 3978 δόξης
1307 3901 1643 3972 προσάγεται
1667 3903 1808 3973 Χρι-

218 3986 330 4059 στῷ
347 4001 363 4020 ⁸
387 3989 746 4061 ἀμαραντίνῳ
773 3991 1180 4061 καταστέφεται
1204 3990 1304 4062 τὴν
1327 3991 1573 4062 κεφαλήν
1592 4008 1609 4024 ο
1642 3993 1807 4062 ἀμοι-

217 4080 319 4144 ϐὰς
341 4081 644 4150 ἀναλόγους
672 4081 782 4135 τῶν
813 4081 993 4136 πόνων
1012 4124 1027 4147 ,
1051 4082 1251 4153 μᾶλλον
1275 4082 1333 4137 δὲ
1360 4081 1542 4154 πολλῷ
1564 4084 1806 4155 κρείσσω

215 4174 308 4226 καὶ
363 4171 675 4244 ὑψηλότερα
725 4175 878 4243 παρὰ
927 4173 1027 4245 τῆς
1057 4171 1268 4229 ἐκείνου
1306 4171 1576 4244 λαμϐάνει
1601 4173 1803 4242 δεξιᾶς.

214 4263 296 4317 Τὰ
331 4262 624 4332 πανώραια
652 4262 708 4316 δὲ
736 4265 834 4333 τῆς
864 4263 1130 4334 ἀμιάντου
1167 4265 1327 4336 μέλη,
1359 4265 1427 4317 τὰ
1449 4265 1650 4330 παντὸς
1675 4283 1808 4338 χρυ-

216 4356 332 4408 σίου
374 4355 708 4428 τιμιὼτερα,
766 4353 836 4408 τὰ
886 4355 1085 4420 παντὸς
1133 4356 1282 4409 λίθου
1316 4357 1503 4428 τιμίου
1537 4359 1806 4428 τιμαλφὲι

216 4463 408 4513 στατα,
428 4446 569 4517 γυψὶ
609 4446 710 4518 μὲν
739 4447 838 4500 καὶ
862 4446 1026 4517 θηρσὶ
1055 4444 1242 4520 βορὰν,
1275 4444 1304 4501 6
1336 4447 1518 4520 θηρῶν
1545 4448 1805 4504 ἁπάντων

213 4539 501 4608 ὠμότατος
527 4537 824 4594 ἐκδέδωκεν
845 4554 858 4570 ο
891 4537 1146 4609 ἀνέπαφα
1174 4538 1232 4593 δὲ
1247 4539 1480 4605 τούτοις,
1506 4541 1602 4595 καὶ
1627 4540 1805 4611 ἄψαυ-

1913 3372 2057 3423 sum,
2093 3372 2216 3413 cum
2254 3357 2402 3414 sicut
2431 3358 2604 3412 lutum
2635 3351 2938 3427 platearum
2977 3353 3020 3389 ¹⁸
3051 3354 3316 3426 speciosis
3338 3354 3496 3425 pedi-

1913 3445 2016 3500 bus
2043 3445 2483 3512 comminuisset,
2511 3445 2565 3499 in
2599 3446 2926 3499 immensum
2954 3444 3121 3498 chaos
3149 3452 3497 3514 tartareaque

1911 3537 2083 3594 lustra
2119 3537 2415 3608 foveasque
2440 3536 2670 3608 proiecit
2703 3553 2716 3589 :
2748 3535 2866 3606 ipsa
2892 3550 3020 3590 vero
3057 3535 3256 3591 divinis
3284 3535 3495 3606 angelis

1912 3646 2034 3687 sese
2074 3631 2492 3695 commendans,
2541 3629 2892 3699 archangelis
2940 3628 3086 3682 viam
3139 3626 3492 3693 facientibus,

1910 3723 2235 3793 cunctisque
2285 3721 2774 3792 supercmlestibus
2831 3718 3193 3790 potestatibus
3243 3733 3496 3789 praeeun-

1914 3817 2064 3871 tibus
2091 3831 2325 3884 eamquc
2348 3813 2765 3885 accipientibus,
2797 3812 3087 3880 magniﬁco
3117 3820 3314 3866 ornatu
3333 3811 3492 3880 plau-

1911 3922 2083 3976 suque
2108 3906 2331 3960 ϐίη-ἰεῐο
2365 3903 2495 3975 Regi
2537 3919 2600 3958 ac
2622 3903 2841 3973 Spouso
2873 3918 2997 3957 cum
3033 3902 3204 3971 gloria
3228 3899 3488 3958 oﬁ‘ertur:

1909 3995 2353 4052 immarcescibili
2419 4003 2569 4049 serto
2627 4000 2791 4064 caput
2852 4001 3183 4059 coronatur;
3266 4005 3368 4062 pro
3411 3990 3493 4046 Ia-

1908 4089 2103 4145 borum
2155 4088 2367 4142 ratione
2421 4087 2600 4156 justas
2646 4085 2792 4140 vices
2833 4084 3323 4156 (quinimo.longe
3373 4098 3490 4137 me-

1907 4179 2048 4235 liora
2105 4178 2574 4250 sublimioraqne)
2633 4177 2702 4231 ab
2758 4177 2905 4232 illius
2975 4174 3175 4242 accipit
3241 4173 3488 4232 dextera.

1908 4270 2331 4336 Formosissima
2352 4284 2484 4326 vero
2519 4271 2857 4324 intemerata:
2884 4269 3155 4332 membra,
3177 4281 3313 4323 auro
3352 4282 3492 4338 quo-

1907 4363 1992 4419 vis
2031 4363 2379 4434 pretiosiora,
2435 4362 2697 4433 omnique
2744 4360 2921 4432 lapide
2955 4360 3195 4431 pretioso
3243 4359 3487 4426 cariora;

1906 4454 2219 4510 vulturibus
2249 4453 2574 4525 bestiisque,
2627 4454 2697 4508 ah
2731 4453 2955 4508 homine
3012 4451 3203 4508 bestiis
3231 4451 3492 4508 omnibus

1908 4545 2240 4600 immensum
2264 4544 2558 4600 crudeliori
2593 4560 2779 4600 escam
2810 4544 2962 4610 data,
2999 4543 3067 4598 iis
3090 4557 3216 4598 vero
3257 4542 3488 4607 intacta,

216 4646 312 4684 στα
339 4632 431 4685 διὰ
463 4629 723 4700 προνοίας
754 4629 849 4684 τοῦ
881 4631 1060 4685 πάντα
1087 4629 1158 4685 τὰ
1188 4631 1298 4686 τῶν
1326 4631 1556 4687 δικαίων
1587 4632 1797 4703 φυλάσ-

1913 4635 2159 4706 nihilque
2185 4635 2310 4690 laeta
2345 4634 2492 4691 illius
2523 4635 2865 4708 providentia
2897 4644 3136 4701 servata,
3170 4634 3265 4705 qui
3294 4644 3487 4690 custo-
3528 4673 3531 4676 -

217 4735 396 4785 σοντος
444 4720 604 4784 ὀστᾶ,
673 4722 1044 4792 μεμενηκότα,
1103 4721 1172 4794 τῇ
1226 4721 1348 4795 ίερᾷ
1396 4723 1534 4793 πρὸς
1575 4722 1799 4794 κηδείαν

215 4811 534 4865 ἀποδέδοται
564 4811 734 4883 Σοφίᾳ
757 4826 772 4842 ο
809 4811 904 4867 καὶ
930 4813 1053 4868 τίνα
1079 4812 1318 4884 τρόπον;
1353 4814 1488 4869 Οὐδὲ
1510 4815 1618 4888 γὰρ
1640 4811 1799 4870 τοῦτο

214 4902 441 4971 σιγῆσαι
471 4902 703 4956 δίκαιον.

287 4992 537 5063 Ἦγωνία
565 4993 662 5064 μὲν
699 4993 829 5066 γὰρ,
863 4995 940 5061 ὡς
967 4994 1134 5064 είκδς,
1189 4995 1223 5068 ἡ
1254 4996 1392 5067 καλὴ
1421 4998 1602 5069 μήτηρ
1657 4999 1799 5069 ὑπὲρ

208 5081 306 5153 τῆς
335 5086 490 5139 κατὰ
527 5085 744 5157 πνεῦμα
773 5087 1070 5158 καλλίστης
1093 5087 1382 5160 θυγατρός.
1425 5089 1686 5158 Ἦγωυία,
1722 5093 1799 5163 μή

212 5187 261 5225 τι
292 5177 429 5248 περῖ
472 5177 574 5240 τὰς
605 5175 875 5247 βασάνους
912 5179 1139 5248 ἀγεννὲς
1190 5180 1462 5246 παθοῦσα,
1522 5183 1622 5247 τὰς
1666 5183 1809 5250 ὕπο-γ

217 5268 435 5335 σχέσεις
477 5268 858 5340 διαψεύσηται.
903 5273 1173 5344 Ἐῥριπτο
1226 5273 1407 5326 τοίνυν
1438 5274 1524 5326 ἐπ’
1564 5274 1799 5345 ἐδάφους

214 5358 348 5412 οἴκοι
404 5357 874 5433 κατακεκλιμένη,
943 5363 1040 5418 καὶ
1096 5367 1320 5436 γοεραῐς
1370 5363 1642 5437 οἰμωγαῖς
1703 5368 1796 5422 τὸν

286 5557 329 5592 ¹⁸
357 5557 504 5617 Psal.
537 5576 670 5626 xvu,
703 5561 792 5618 45.
820 5647 824 5652 Α
872 5560 1092 5623 “.Psal.
1119 5579 1311 5634 sum,
1340 5563 1434 5622 21.

276 5735 398 5820 ,(76)
445 5739 506 5798 Ἡ
529 5743 670 5820 νίκη
697 5743 810 5814 τῆς
859 5740 1226 5820 ὑπεράθλου.
1258 5744 1425 5812 Quasi
1459 5745 1572 5820 jam
1611 5756 1792 5805 certa-

218 5813 639 5886 mineAemerita,
662 5823 716 5869 et
753 5830 874 5886 quae
909 5816 1064 5886 plura
1115 5829 1180 5886 ac
1208 5830 1373 5885 supra
1424 5813 1644 5874 modum
1698 5820 1787 5874 illa

217 5878 535 5938 desudasset
565 5901 578 5938 :
609 5878 800 5940 novem
845 5878 957 5955 jain
1005 5878 1293 5956 perfuncta
1355 5890 1648 5946 tormentis
1685 5905 1703 5957 ς
1737 5900 1794 5946 et

1905 4727 1985 4782 dit
2008 4728 2193 4782 omnia
2211 4741 2341 4783 ossa
2373 4726 2646 4800 iustorum
2671 4729 2737 4793 “,
2769 4735 2973 4782 sanctae
3000 4727 3220 4797 Sophia:
3245 4726 3312 4781 ad
3337 4726 3485 4796 justa

1906 4818 1976 4874 iis
2008 4818 2371 4890 persolvenda
2401 4817 2614 4874 reddita
2649 4828 2801 4874 sunt.
2841 4821 2912 4872 At
2939 4832 3182 4888 quonam
3213 4817 3267 4871 id
3286 4817 3488 4872 modo?

1903 4907 2091 4980 Neque
2118 4912 2265 4966 enim
2300 4911 2530 4967 reticere
2555 4926 2737 4981 Operae
2765 4909 2996 4980 pretium
3027 4915 3134 4966 est.

1977 5000 2187 5056 Etenim
2209 5003 2369 5057 anxia
2394 5003 2591 5058 merito
2617 5011 2737 5076 erat
2763 5003 2935 5074 proba
2962 5012 3140 5057 mater
3151 5016 3252 5071 pro
3274 4999 3482 5072 optima

1902 5107 1968 5148 ac
2021 5093 2390 5165 pulcherrima
2440 5094 2748 5150 secundum
2791 5094 3047 5165 spiritum
3106 5094 3237 5148 ﬁlia.
3312 5095 3474 5149 Auxit

1901 5194 2020 5242 erat
2047 5192 2212 5254 atque
2233 5184 2465 5256 timebat
2495 5201 2566 5241 ne
2593 5173 2878 5256 degeneris
2906 5185 3114 5256 aliquid
3146 5181 3316 5240 animi
3340 5182 3475 5236 inte:

1903 5287 2172 5334 tormenta
2213 5275 2292 5331 illi
2323 5277 2618 5342 accideret,
2651 5293 2718 5334 ac
2747 5278 3075 5349 sponsiones
3107 5285 3342 5345 votaque
3371 5271 3475 5326 fal-

1904 5370 2061 5427 leret.
2097 5368 2257 5426 Nudo
2287 5369 2474 5442 itaque
2512 5369 2756 5442 projecta
2782 5373 2902 5430 solo
2943 5371 3092 5428 domi
3119 5369 3362 5440 iacebat,
3395 5363 3478 5417 lu-

1899 5752 1986 5809 cui
2029 5769 2199 5836 unum
2228 5755 2592 5815 novissimum
2607 5762 2838 5812 restaret
2853 5770 2918 5812 ac
2937 5753 3234 5823 decimum,
3253 5763 3474 5812 exsecta

1898 5839 2134 5884 σοι-νιος.
