4040 6396
521 443 628 504 367
1714 437 1760 496 N
1776 434 2008 496 ΙΟΕΤᾸΞ
2063 435 2116 494 Ρ⁴

2249 434 2589 496 lLAGONlS
3739 431 3844 492 368

525 554 793 625 subi-ique
815 551 1022 623 gemitu
1051 551 1306 620 querula,
1342 551 1569 621 supplex
1632 551 1974 605 Altissimum
2009 561 2098 602 ro-

2248 547 2468 618 ι’ψιστον
2514 545 2790 619 ἐλιπάρει,
2845 545 2925 618 μὴ
2977 546 3278 619 ἡττηθῆναι
3322 547 3424 618 τὴν
3482 545 3690 601 παῖδα
3732 548 3843 599 τώτ

527 645 707 716 gabat,
735 659 802 697 ne
834 643 940 697 lilia
985 643 1268 698 blanditiis
1306 643 1539 709 cederet,
1574 658 1642 696 ne
1674 643 1838 696 minis
1876 641 2098 710 subige-

2248 639 2501 694 ιλακειῶν
2525 682 2542 707 ,
2593 640 2670 712 μὴ
2697 639 3032 712 χειρωθῆναι
3063 642 3188 704 ταῖς
3221 641 3486 704 ἀπειλαῖς
3516 680 3542 706 ,
3603 640 3696 711 μὴ
3733 658 3843 693 κα-

529 744 701 798 retur,
741 751 807 788 ne
838 736 1126 788 tormentis
1153 726 1486 797 ﬂecteretur,
1520 748 1585 788 ne
1631 733 1828 786 minori
1864 745 2098 801 usquam

2246 730 2588 802 ικαμφθῆναι
2611 733 2732 795 ταῖς
2757 731 3051 802 τιμωρίας
3067 770 3084 798 ,
3107 733 3167 787 ιν
3193 732 3384 802 μηδενὶ
3406 732 3536 786 τῶν
3560 731 3841 785 διωκτῶν

510 827 832 883 constantia
875 827 1318 896 persecutoribus
1386 834 1690 896 appareret.
1757 822 1858 878 Ubi
1916 832 2098 878 autem

2242 838 2347 874 ττω
2400 821 2656 892 φανῆναι.
2720 821 2871 874 Ἐπεὶ
2898 821 2954 876 δὲ
2992 821 3063 876 τὰ
3109 824 3232 876 κατ’
3274 822 3447 893 αὐτὴν
3485 821 3714 893 ἀπέϐη
3746 823 3837 876 δε-

527 934 614 973 ιϊε
644 918 721 972 illi
755 917 932 973 fausto
956 926 1320 981 successerat,
1375 919 1655 987 virgoque,
1681 931 1846 986 quam
1878 915 1968 970 illa
1998 930 2098 969 ex-

2243 912 2350 976 ιῶς,
2391 912 2488 967 καὶ
2515 912 2588 976 ὡς
2611 912 2719 966 οὐδ’
2752 913 2821 968 ἂν
2845 913 2983 984 αὑτὴ
3014 913 3438 984 προσεδόκησεν,
3472 914 3838 985 κρείττονος

527 1021 882 1080 spectaverat,
915 1011 1130 1065 meliori
1172 1011 1318 1064 exitu
1367 1020 1526 1064 nacta
1571 1009 2098 1064 consummationem

2261 998 2524 1069 παρθένος
2567 1000 2726 1072 ἔτυχε
2770 1002 2870 1072 τῆς
2915 1000 3274 1066 τελειώσεως.
3327 1002 3705 1071 ἀγγέλλεται
3737 1005 3841 1074 μὲν

525 1111 662 1164 erat,
692 1101 766 1155 rei
801 1103 1026 1157 nuntius
1057 1102 1232 1172 angeli
1267 1101 1332 1156 ad
1359 1117 1478 1155 eam
1507 1099 1780 1170 perfertur
1806 1114 1968 1154 voce;
1991 1113 2100 1169 quo

2242 1088 2335 1158 ὺτῇ
2384 1090 2542 1143 τοῦτο
2590 1089 2658 1142 δι’
2689 1090 2924 1160 ἀγγέλου
2973 1093 3193 1163 φωνῆς’
3219 1092 3370 1164 αὐτῷ
3401 1093 3458 1147 δὲ
3488 1094 3707 1166 τούτῳ
3741 1097 3837 1148 καὶ

527 1191 645 1260 ipso
683 1191 847 1245 etiam
883 1192 979 1244 viae
1001 1192 1140 1246 duce
1171 1206 1292 1258 usa,
1336 1191 1694 1260 collectisque
1755 1188 2102 1259 triumphalis

2240 1178 2536 1252 αθηγεμόνι
2584 1181 2683 1252 τῆς
2736 1180 2857 1236 ὀδοῦ
2913 1182 3195 1255 χρωμένη,
3250 1185 3348 1239 καὶ
3375 1184 3446 1239 τὰ
3486 1185 3614 1256 τῆς
3657 1186 3835 1251 ἀθλη-

526 1283 781 1354 martyris
821 1283 1138 1354 segmentis,
1158 1291 1325 1353 atque
1356 1284 1575 1338 mundis
1608 1282 1788 1337 linteis
1819 1282 2098 1344 involutis,

2237 1269 2370 1339 open
2400 1271 2665 1342 τμήματα
2719 1271 3103 1344 συλλεξαμένη
3129 1314 3144 1338 ,
3179 1273 3275 1328 καὶ
3308 1274 3602 1346 καθαραῖς
3648 1275 3832 1328 ταῦτα

515 1374 808 1444 multoque
839 1376 1209 1444 lacrymarum
1242 1374 1418 1429 imbre
1461 1373 1726 1444 perfusis,
1759 1371 2098 1444 ejnsccmodi

2232 1361 2434 1416 wodstv
2481 1363 2912 1434 ὲντυλιξαμένη,
2978 1364 3211 1436 δάκρυσί
3245 1383 3305 1419 τε
3358 1367 3827 1423 καταδιαίνουσα

524 1464 753 1521 vocibus
783 1465 1045 1536 praeclare
1081 1465 1360 1520 victricem
1403 1464 1669 1520 aﬂabatur
1703 1486 1716 1518 :

2230 1451 2450 1517 ιολλοῖς,
2493 1453 2734 1508 τοιούσδε
2790 1455 2982 1525 λόγους
3027 1459 3095 1528 τῇ
3143 1457 3450 1528 καλλινίκῳ
3507 1459 3825 1528 προσεφὼ-

2203 1561 2283 1597 νει
2304 1560 2318 1576 ⁸

588 1644 736 1700 Filia
765 1663 900 1712 mea,
925 1647 1128 1709 aiebat,
1189 1646 1561 1700 amantissima
1585 1645 1727 1715 ﬁlia,
1751 1663 1909 1715 quant
1931 1647 1994 1699 ab
2016 1647 2102 1699 in-

2276 1636 2497 1692 Τέκνον
2527 1637 2692 1708 ἐμὸν,
2758 1639 3016 1709 λέγουσα,
3072 1641 3492 1710 πανέραστον·
3552 1641 3808 1707 τέκνον,

516 1737 694 1807 'fantia
722 1739 989 1812 ,pra'c'lare
1023 1737 1265 1802 educavi,
1299 1755 1361 1791 ac
1407 1737 1624 1806 pietatis
1657 1737 1986 1791 documentis
2021 1737 2102 1790 in-

2212 1728 2234 1782 b
2269 1729 2576 1785 παιδιόθεν
2610 1729 2810 1798 καλῶς
2838 1732 3302 1802 ἀνεθρεψάμην,
3366 1734 3470 1788 καὶ
3504 1735 3652 1802 τοῖς
3701 1736 3807 1804 τῆς

517 1828 673 1882 stitui
735 1844 754 1882 :
804 1827 1074 1895 omnisque
1125 1828 1331 1894 generis
1385 1828 1601 1880 virtutis
1657 1827 1839 1880 modos
1886 1826 2099 1890 docens,

2202 1820 2509 1886 εὐσεϐείας
2529 1821 2959 1892 συνανήγαγον
2980 1822 3340 1894 διδάγμασιν
3361 1840 3377 1857 ’
3404 1826 3510 1879 καὶ
3535 1829 3797 1895 τρόπους

513 1930 766 1982 sponsam
797 1925 1022 1977 castam,
1049 1913 1299 1983 rirginem
1340 1918 1707 1970 intemeratum
1736 1916 1975 1970 exhibere
2005 1933 2098 1984 op-

2197 1909 2412 1981 ἀρετῆς
2443 1914 2734 1981 παντοίας
2761 1915 3233 1983 ἐκπαιδεύουσα,
3273 1913 3353 1982 τῷ
3384 1919 3638 1986 Χριστῷ
3655 1922 3779 1988 nip-

521 2006 628 2058 tavi
657 2021 675 2058 :
715 2005 919 2073 gratias
947 2021 1068 2074 ago,
1096 2011 1234 2073 quod
1268 2004 1653 2060 admonitiones
1677 2023 1816 2060 meas
1846 2007 2095 2061 oblivioni

2197 2022 2320 2073 φην
2349 2007 2564 2074 ἁγνὴν,
2596 2006 2895 2072 παρθένον
2932 2007 3229 2076 ἀμίαντον
3279 2007 3580 2078 ηὐξάμην
3613 2028 3773 2078 παρα-

519 2099 737 2151 minime
763 2097 1056 2162 tradidisti,
1099 2097 1189 2150 sed
1234 2113 1344 2152 meo
1374 2097 1438 2150 de
1465 2107 1513 2150 te
1551 2113 1706 2166 scopo
1755 2115 1817 2150 ac
1855 2099 2097 2152 destina-

2196 2096 2421 2166 στῆσαι
2448 2137 2463 2161 ,
2506 2097 2844 2166 εὐχαριστῶ
2873 2115 2971 2152 σοι
2996 2139 3014 2164 ,
3057 2097 3148 2153 ὅτι
3189 2101 3261 2155 οὐ
3301 2098 3650 2170 διήμαρτον
3676 2101 3779 2156 τῶν

521 2189 677 2254 tioni,
733 2197 825 2241 tua
885 2203 1056 2241 comes
1099 2187 1338 2242 voluntas
1383 2188 1650 2257 animique
1695 2187 1938 2240 incitatio
1969 2189 2092 2256 fuit.

2195 2186 2358 2254 ἐμῶν
2395 2186 2657 2241 ἐλπίδων
2684 2188 2780 2242 ἐπὶ
2825 2189 2966 2243 σοί·
3000 2189 3091 2243 ὅτι
3143 2192 3255 2244 οὐκ
3303 2191 3620 2247 ἐπελάθου
3673 2210 3789 2263 μου

521 2277 876 2344 Quamobrem
937 2288 1189 2349 tanquam
1247 2295 1428 2333 cervus
1478 2278 1787 2332 desiderans
1826 2280 1894 2330 ad
1925 2280 2095 2349 fontes

2198 2276 2315 2333 τῶν
2345 2280 2786 2347 παραινέσεων,
2819 2280 2978 2336 ἀλλὰ
3007 2279 3086 2346 τῷ
3115 2281 3235 2352 ἐμῷ
3265 2285 3401 2352 περὶ
3425 2285 3547 2339 σοῦ
3575 2285 3793 2351 σκοπῷ

515 2371 816 2423 divinorum
841 2370 1186 2440 ﬂuentorum.
1219 2371 1383 2424 etiant
1424 2380 1580 2440 atque
1615 2371 1772 2422 etiam
1802 2371 1984 2424 sitiens
2025 2371 2096 2424 ad

2196 2372 2294 2425 καὶ
2321 2371 2360 2440 ἡ
2390 2371 2473 2440 σὴ
2505 2373 2788 2439 πρόθεσις
2825 2372 3418 2442 συνέδραμεν.”οθεν
3442 2378 3526 2444 ὡς
3555 2379 3786 2449 ἔλαφος

516 2457 710 2521 Deum,
753 2459 964 2528 fortem,
992 2459 1185 2520 vivum,
1219 2458 1485 2510 transiisti
1542 2457 1596 2510 in
1637 2456 1812 2510 locum
1849 2459 2097 2511 taberna-

2198 2457 2292 2512 ἐπὶ
2324 2459 2432 2525 τὰς
2465 2461 2660 2528 πηγὰς
2689 2459 2807 2512 τῶν
2847 2461 3022 2515 θείων
3072 2463 3504 2534 ἐπιποθήσασα
3549 2469 3793 2524 ὑδάτων

515 2547 623 2601 culi
658 2547 992 2601 admirabilis
1022 2557 1072 2601 et
1104 2545 1451 2616 confessionis
1503 2548 1710 2600 sonitus
1736 2547 1932 2616 festum
1957 2548 2096 2602 diem

2195 2549 2492 2618 ναμάτων,
2532 2548 2851 2618 διψήσασα
2879 2554 3116 2622 σφόδρα
3153 2554 3306 2625 πρὸς
3338 2557 3445 2610 τὸν
3473 2559 3650 2626 Θεὸν,
3687 2563 3790 2614 τίν

517 2639 788 2708 agentium
823 2639 888 2702 "-';
936 2639 1180 2708 talisque
1213 2639 1494 2708 superatis,
1563 2639 1803 2707 spiritali
1860 2639 2094 2694 thalamo

2195 2645 2469 2712 ισχυρὸν,
2503 2643 2610 2698 τὸν
2649 2643 2854 2711 ζῶντα,
2900 2645 3146 2715 διῆλθες
3187 2649 3258 2703 ἐν
3313 2651 3477 2717 τόπῳ
3537 2653 3783 2722 σκηνῆς

516 2731 736 2784 admota
769 2747 844 2795 es,
867 2731 1160 2800 divinisque
1191 2731 1388 2798 nuptiis
1420 2730 1579 2784 cubili
1610 2733 1832 2785 sociata.
1863 2729 1932 2785 Te
1957 2732 2094 2785 enim

2195 2734 2568 2805 θαυμαστῆς,
2595 2735 2705 2802 ἕως
2741 2737 2848 2791 τοῦ
2880 2740 3051 2794 οἴκου
3086 2740 3191 2795 τοῦ
3224 2743 3406 2808 Θεοῦ,
3436 2745 3692 2813 διῆλθες
3717 2748 3785 2800 ἐν

513 2823 647 2892 cepit
673 2823 804 2876 odor
830 2832 1214 2892 unguentorum
1241 2822 1282 2853 "
1331 2823 1654 2877 immortalis
1701 2824 1902 2892 sponsi,
1942 2824 2094 2892 cujus

2195 2826 2364 2896 φωνῇ
2426 2828 2843 2899 ἀγαλλιάσεως
2901 2831 2999 2886 καὶ
3061 2833 3563 2905 ἐξομολογήσεως
3621 2839 3779 2907 ἤχου

512 2931 702 2970 nomen
733 2925 1054 2985 unguentum
1089 2916 1319 2985 effusum
1349 2926 1703 2985 nuncupatur.
1737 2915 2094 2983 Quamobrem

2195 2920 2620 2989 ἑορταζόντων·
2678 2924 2775 2976 καὶ
2833 2923 2976 2992 τοὺς
3029 2927 3330 2994 οὐρανοὺς
3372 2929 3777 2998 διεϐιόἀσθης.

511 3025 632 3062 eum
659 3007 940 3073 dilexisti;
980 3009 1193 3062 traxisti
1232 3024 1388 3071 eum;
1440 3008 1493 3061 in
1545 3019 1634 3061 tuo
1663 3011 1819 3062 corde
1850 3009 2096 3078 conquie-

2196 3013 2296 3067 καὶ
2348 3011 2429 3079 τῷ
2483 3012 2670 3083 νοερῷ
2724 3016 2997 3085 νυμφῶνι
3044 3019 3470 3089 προσηνέχθης
3491 3063 3506 3085 ,
3565 3025 3667 3077 καὶ
3694 3028 3777 3090 είς

517 3116 666 3154 scere
689 3101 877 3170 fecisti.
914 3098 1197 3155 Ferculum
1225 3097 1355 3172 Regi
1394 3101 1544 3170 fuisti
1572 3100 1638 3167 ",
1667 3099 1806 3168 filia,
1859 3109 1917 3154 ut
1943 3117 2091 3154 vene-

2196 3105 2338 3172 τοὺς
2366 3106 2563 3172 θείους
2587 3105 2914 3173 ἀνεκλίθης
2943 3107 3188 3178 γάμους.
3241 3111 3430 3181 Ὀσμὴ
3477 3113 3591 3182 γὰρ
3617 3110 3775 3168 εἷλέν

511 3192 680 3246 rubile
712 3193 994 3247 Canticum
1032 3193 1287 3264 loquitur,
1336 3191 1488 3260 cujus
1533 3192 1964 3257 acclinatorium,
1989 3208 2089 3246 au-

2197 3214 2271 3252 σε
2295 3199 2504 3267 μύρων
2559 3197 2665 3251 τοῦ
2702 3198 3004 3254 ἀθανάτου
3034 3202 3321 3270 νυμφίου,
3369 3200 3442 3260 οὗ
3473 3205 3540 3258 τὸ
3594 3206 3773 3275 ὄνομα

511 3299 677 3352 rum;
709 3300 958 3340 ascensus
988 3285 1125 3354 ejus,
1145 3284 1475 3358 purpura.“;
1511 3284 1756 3337 intimum
1785 3283 1922 3351 ejus,
1953 3283 2092 3352 lapi-

2190 3287 2386 3356 μύρον
2410 3286 2739 3342 ἐκκεωθὲν
2768 3286 3055 3343 καλεῖται.
3086 3291 3266 3346 Ὅθεν
3313 3292 3641 3362 ἠγάπησας
3670 3299 3768 3349 αὑ-

501 3379 668 3432 ~dibus
691 3387 1044 3432 constratum.
1094 3377 1307 3432 Idcirco
1347 3389 1459 3432 tum
1505 3377 1666 3430 simul
1697 3375 1912 3440 dilecta,
1981 3385 2091 3430 tum

2188 3376 2294 3430 τόν
2314 3391 2326 3404 ³
2357 3375 2654 3441 εἵλκυσας
2681 3378 2900 3430 αὐτόν·
2951 3377 3051 3431 ἐπὶ
3096 3378 3213 3447 τὴν
3244 3380 3373 3449 σὴν
3398 3382 3624 3438 τοῦτον
3674 3385 3761 3438 ἀν-

504 3470 705 3524 ἀὶνὲιιιε
725 3469 1001 3523 charitatis
1050 3471 1242 3524 eximie
1268 3469 1544 3524 vulnerata
1567 3485 1653 3534 es;
1705 3471 1773 3520 ad
1812 3484 1930 3522 eum
1968 3484 2092 3538 pro-

2186 3465 2461 3531 έπαυσας
2487 3464 2760 3534 καρδίαν.
2788 3467 3034 3537 Φορεῖον
3058 3469 3291 3538 ἐγένου,
3323 3472 3602 3542 θύγατερ,
3632 3475 3758 3528 κατὰ

511 3572 680 3625 vecta,
741 3559 1032 3615 virtutibus
1095 3559 1340 3615 dealbata
1392 3576 1456 3614 ac
1504 3558 1792 3628 suffimento
1840 3559 2086 3622 incensa,

2183 3556 2252 3610 τὸ
2273 3557 2642 3626 σεμνότατον
2662 3552 2876 3628 ᾎσμα,
2923 3557 3000 3625 τῷ
3023 3562 3277 3616 Βασιλεῖ
3293 3579 3308 3594 ·
3342 3559 3416 3621 οὗ
3447 3565 3516 3618 τὸ
3534 3566 3765 3620 ἀνακλι-

510 3667 732 3722 qua'que
755 3653 985 3705 vicissim
1020 3667 1138 3706 eum
1177 3653 1439 3717 attrahas,
1485 3668 1548 3706 ac
1602 3648 1874 3720 virginalis
1914 3650 2089 3704 cordis

2185 3663 2313 3712 τον,
2351 3648 2645 3717 χρυσίον·
2679 3649 2717 3717 ἠ
2766 3649 3046 3716 ἐπίϐασις
3092 3650 3302 3716 αὐτοῦ,
3338 3655 3656 3724 πορφύρα·
3707 3656 3767 3709 τὸ

513 3743 594 3796 tui
631 3744 830 3813 geniali
853 3743 1047 3797 lectulo
1082 3744 1344 3813 quiescere
1365 3744 1560 3812 facias.

2185 3739 2356 3807 ἐντὸς
2392 3741 2604 3804 αὐτοῦ,
2654 3741 3078 3811 λιθόστρωτον.
3112 3741 3214 3797 Διά
3247 3743 3428 3799 τοῦτο
3458 3746 3769 3815 ήγαπήθης

509 3851 575 3889 τε
596 3834 744 3904 ἅμα,
781 3835 879 3888 καὶ
911 3833 1024 3902 τῆς
1062 3835 1226 3900 θείας
1258 3834 1492 3904 ἀγάπης
1539 3834 1860 3906 ὑπερφυῶς
1909 3831 2203 3902 ἐτρώθης·
2263 3831 2605 3900 ἀναγομένη
2631 3830 2750 3900 μὲν
2775 3831 2924 3900 πρὸς
2971 3830 3181 3898 αὐτὸν,
3215 3835 3770 3904 λελευκανθισμένη

508 3927 637 3992 ταῖς
683 3926 919 3994 ἀρεταῖς
963 3925 1061 3980 καὶ
1114 3927 1540 3995 τεθυμιαμένη·
1583 3926 1969 3995 ἐπισπωμένη
2023 3922 2090 3974 δὲ
2139 3919 2328 3976 πάλιν
2396 3921 2604 3987 αὐτὸν,
2641 3920 2739 3975 καὶ
2774 3919 2847 3990 τῇ
2896 3919 3006 3988 τῆς
3063 3920 3431 3990 παρθενικῆς
3465 3940 3584 3980 σου
3631 3943 3768 3994 καρ-

506 4023 640 4086 δίας
665 4019 1224 4087 προσαναπαύουσα
1252 4017 1532 4072 παστάδι.

575 4111 720 4175 'Quid
751 4109 916 4178 igitur
943 4109 1292 4162 retribuemus
1336 4107 1561 4162 Domino
1591 4125 1686 4177 pro
1712 4109 1944 4161 muneris
1982 4122 2090 4158 ma-

2261 4099 2321 4154 Tl
2358 4092 2472 4152 οὖν
2505 4092 3011 4166 ἀνταποδώσομεν
3056 4096 3254 4168 Κιψίῳ
3296 4099 3407 4169 τῆς
3433 4106 3768 4174 μεγαλοδω-

499 4201 810 4273 .gniﬁcentia
830 4200 856 4253 2
877 4199 1029 4266 Quid
1061 4200 1281 4254 dicam?
1303 4198 1446 4265 Quid
1477 4199 1603 4267 ﬁam
1622 4201 1648 4255 2
1671 4198 1946 4263 Quomodo
1968 4197 2087 4250 lau-

2184 4194 2365 4262 pt'ac;
2401 4193 2460 4246 Tl
2487 4190 2632 4243 εἴπω
2647 4207 2668 4255 ;
2695 4189 2787 4255 τίς
2815 4188 3067 4260 γένωμαι
3089 4207 3107 4255 ;
3134 4189 3261 4256 πῶς
3291 4195 3546 4263 ὑμνήσω
3569 4213 3590 4262 ;
3647 4197 3769 4263 πῶς

489 4291 690 4345 dabo?
721 4287 996 4354 Quomodo
1020 4297 1226 4342 tantam
1259 4288 1500 4357 beneﬁcii
1553 4289 1743 4343 molem
1781 4287 2084 4343 enat-rabo?

2185 4281 2368 4352 ὄγκον
2399 4277 2695 4332 τοσοῦτον
2743 4278 3092 4348 εὐεργεσίας
3126 4278 3494 4352 Marri-21.1w;
3540 4286 3769 4355 Ἀπορεῖ

506 4377 688 4446 Egeria
709 4377 892 4448 lingua
913 4386 1013 4440 est,
1038 4393 1199 4448 egena
1224 4388 1275 4433 et
1300 4394 1463 4433 mens.
1504 4377 1548 4434 0
1577 4379 1840 4449 quomodo
1882 4379 2086 4448 gratias

2179 4375 2296 4446 μὲν
2333 4374 2371 4441 ἡ
2412 4370 2664 4440 γλῶσσα
2687 4387 2701 4402 ο
2727 4371 2945 4441 ἀπορεῖ
2971 4369 3041 4425 δὲ
3067 4375 3100 4426 ό
3128 4373 3296 4440 νοῦς.
3338 4377 3407 4430 Ὢ
3437 4376 3566 4444 πῶς
3589 4382 3765 4449 εὐχα-

505 4468 1047 4538 agaminerplicabili
1071 4484 1178 4524 tute
1219 4471 1491 4526 bonitati?
1543 4470 1822 4538 Quomodo
1870 4472 2086 4541 dignum

2177 4468 2456 4537 ριστήσω
2491 4466 2565 4537 τῇ
2602 4466 3000 4538 ἀνεκφράστῳ
3027 4483 3146 4525 σου
3203 4473 3566 4540 χρηστότητι
3585 4492 3604 4540 ;
3639 4475 3766 4542 Πῶς

506 4557 714 4628 aliquid
743 4559 889 4628 loqui
926 4561 1145 4628 possim,
1166 4576 1196 4614 ο
1224 4559 1474 4626 Domine,
1508 4557 1733 4630 inﬁnita:
1767 4560 2080 4631 benignitati

2188 4558 2266 4615 ἂν
2289 4559 2465 4623 ἀειόν
2487 4577 2541 4614 τι
2562 4560 2957 4631 φθεγξαίμην,
2980 4555 3027 4616 ὦ
3055 4561 3349 4628 Δέσποτα,
3377 4563 3490 4634 τῆς
3517 4566 3763 4637 ἀπείρου

507 4649 648 4702 tum!
674 4647 816 4702 Nam
835 4650 1052 4718 spiritus
1081 4651 1290 4720 quidem
1320 4651 1705 4720 magnitudinis
1727 4650 1917 4720 gratia
1940 4665 2078 4719 pau-

2183 4668 2299 4705 σου
2333 4652 2822 4720 φιλανθρωπίαςς
2861 4652 2930 4708 Τὸ
2955 4653 3193 4725 πνεῦμα
3233 4654 3351 4724 μὲν
3381 4656 3491 4725 γὰρ
3513 4657 3622 4711 τοῦ
3659 4657 3764 4726 τῆς

504 4741 658 4794 latim
692 4756 846 4794 sensu
874 4752 1136 4809 percepto,
1182 4743 1477 4810 cupiditate
1502 4742 1682 4811 agitur
1711 4755 1730 4793 :
1761 4741 1960 4794 saliens
2019 4756 2082 4792 ac

2182 4741 2421 4812 χάριτος
2464 4744 2654 4814 ἠρέμα
2703 4743 3203 4816 διαισθανόμενον
3248 4748 3544 4818 μεγέθους
3568 4789 3584 4814 ,
3619 4751 3763 4804 ἵεται

503 4831 699 4885 alacris
721 4842 839 4898 est;
873 4849 1047 4887 verum
1076 4833 1353 4902 deﬁcitur,
1387 4849 1680 4888 sermonem
1725 4849 1829 4886 non
1857 4831 2077 4898 habens,

2181 4833 2584 4904 διακαόμενον
2612 4835 2711 4890 καὶ
2757 4837 3144 4907 προθυμεῖται
3169 4853 3185 4870 °
3217 4839 3434 4909 ἀπορεῖ
3453 4839 3543 4906 δὲ,
3578 4843 3764 4911 λόγον

501 4932 560 4975 ut
587 4923 747 4994 digna
769 4925 1046 4993 majestate
1071 4933 1402 4993 reprwsentet
1422 4924 1559 4994 quod
1577 4936 1740 4978 mente
1761 4924 2077 4993 concipitur.

2208 4927 2292 4981 νὺκ
2317 4925 2346 4978 ἐ
2349 4943 2460 4995 χον
2483 4926 3006 4996 ἀξιοπρεπέστατα
3020 4929 3409 5000 παραστῆσαι
3429 4932 3496 4986 τὸ
3517 4935 3766 5002 νοούμε-
3790 4991 3803 5019 ί

497 5012 627 5067 Jam
647 5030 768 5084 ergo
792 5025 954 5070 cesset
987 5016 1201 5087 lingua;
1230 5032 1375 5070 mens
1414 5031 1533 5070 vero
1581 5015 1933 5084 beneﬁcentia
1973 5026 2077 5069 tute

2181 5032 2311 5070 νον·
2335 5017 2554 5072 λοιπὸν
2580 5018 2864 5090 ἠρεμείτω
2886 5021 3141 5091 γλῶσσα
3163 5037 3178 5052 ⁸
3210 5025 3243 5078 ό
3270 5023 3417 5090 νοῦς
3436 5022 3527 5088 δὲ,
3552 5025 3620 5078 τὸ
3649 5027 3763 5078 σὸν

501 5103 864 5168 altitudinem,
898 5120 930 5157 ο
959 5106 1215 5160 bonorum
1245 5105 1478 5158 omnium
1527 5113 1714 5157 auctor
1761 5120 1823 5158 ac
1879 5102 2077 5159 Pater!

2181 5107 2339 5176 ὕψος
2379 5107 2492 5176 τῆς
2546 5111 2971 5182 ἀγαθουργίας,
3023 5109 3070 5168 ὦ
3101 5113 3346 5168 πάντων
3395 5116 3640 5185 ἀγαθῶν
3663 5117 3762 5185 ἀρ-

497 5213 672 5251 secum
695 5197 808 5266 ipsa
830 5199 1092 5268 cogitans,
1126 5199 1326 5263 laudet,
1351 5197 1490 5266 quod
1519 5197 1884 5252 charissimam
1907 5197 2077 5268 ﬁliam

2175 5201 2325 5271 χηγὲ
2346 5201 2445 5255 καὶ
2479 5202 2690 5272 Πάτερ,
2733 5204 2863 5259 καθ’
2883 5204 3104 5260 ἑαυτὸν
3130 5207 3530 5277 λογιζόμενος,
3560 5210 3760 5279 ὕμνει-

497 5307 690 5355 meam,
724 5299 870 5344 tuam
897 5291 1016 5360 fieri
1031 5291 1282 5362 dignatus
1308 5307 1362 5343 es
1387 5306 1405 5344 :
1438 5289 1593 5357 Quod
1634 5307 1872 5345 mearum
1890 5291 2076 5345 adum-

2173 5310 2272 5358 τω,
2305 5293 2392 5348 ὅτι
2435 5294 2499 5348 τὸ
2526 5295 2675 5366 ἐμὸν
2699 5295 3039 5366 ἐπέραστον
3080 5299 3318 5365 τέκνον,
3350 5300 3471 5354 σὸν
3523 5301 3759 5370 γεγονέ-

489 5371 762 5434 nitionum
796 5380 1055 5450 fructum,
1085 5380 1226 5434 velut
1259 5379 1494 5434 divinum
1519 5381 1730 5452 pignus,
1766 5379 1819 5435 in
1843 5379 2076 5434 ccclestia

2172 5399 2272 5436 ναι
2309 5384 2688 5453 κατηξίωσας
2709 5403 2721 5416 ·
2761 5372 2851 5441 ὅτι
2901 5388 3010 5442 τὸν
3063 5386 3180 5442 τῶν
3221 5389 3382 5459 ἐμῶν
3427 5391 3760 5446 νουθεσιῶν

495 5485 708 5526 sursum
739 5470 879 5525 vehis
919 5470 1110 5524 horrea
1139 5485 1158 5524 :
1201 5469 1357 5535 Quod
1392 5487 1562 5525 meam
1589 5472 1937 5541 margaritam
1981 5480 2074 5524 tua

2172 5476 2428 5543 καρπὸν,
2482 5473 2579 5530 οἷα
2631 5477 2709 5546 δὴ
2772 5478 3088 5548 κειμήλιον
3135 5478 3298 5534 θεῖον
3321 5482 3411 5548 εις
3439 5481 3759 5548 οὐρανίους

493 5561 711 5630 dignam
736 5577 929 5617 corona
949 5560 1231 5632 iudicasti,
1263 5570 1422 5632 atque
1475 5564 1676 5633 angelis
1731 5564 2067 5628 conseruisti,

2179 5566 2422 5637 ἀνάγεις
2471 5553 2821 5637 ἀποθήκαςο
2874 5569 2964 5626 ὅτι
3017 5573 3126 5625 τὸν
3174 5573 3322 5641 ἐμὸν
3387 5575 3761 5644 μαργαρίτην

494 5653 852 5723 apostolisque
875 5669 936 5706 ac
973 5653 1300 5725 martyribus
1333 5653 1762 5709 contubernalem
1793 5655 1990 5724 fecisti.

2178 5657 2352 5720 ἄξιον
2384 5660 2626 5730 ἔκρινας
2675 5661 2782 5718 τοῦ
2815 5680 2932 5719 σου
2959 5665 3290 5736 στεφάνου,
3334 5666 3432 5723 καὶ
3478 5667 3759 5738 ἀγγέλοις

482 5745 814 5812 συνῆψας,
846 5747 942 5800 καὶ
971 5747 1340 5813 ἀποστόλοις
1360 5745 1456 5800 καὶ
1471 5746 1778 5816 μάρτυσιν
1807 5748 2156 5816 ὁμόσκηνον
2182 5749 2522 5819 ἀπέδειξας.

572 5857 613 5888 ³⁷
644 5855 792 5910 Psal.
819 5873 929 5922 xu,
951 5859 1065 5914 2-5.
1148 5861 1191 5893 ³⁸
1219 5863 1375 5917 Cant.
1411 5878 1448 5928 ι,
1481 5863 1534 5915 2.
1609 5866 1673 5896 “³⁹
1704 5863 1862 5924 Cant.
1896 5880 1974 5927 ιιι,
2005 5866 2056 5920 9.
2144 5867 2162 5895 ⁵

882 5859 1065 5922 1,2-5.
1148 5861 1191 5893 ³⁸
1219 5863 1375 5917 Cant.
1411 5878 1448 5928 ι,
1481 5863 1534 5915 2.
1609 5866 1673 5896 “³⁹
1704 5863 1862 5924 Cant.
1896 5880 1974 5927 ιιι,
2005 5866 2056 5920 9.
2144 5866 2190 5896 ⁵ο
2229 5867 2354 5920 ibid.
2394 5871 2477 5922 lt).
