4040 6386
347 358 473 448 ἐκ
1149 377 1434 440 ORATIO
1466 375 1694 442 XVIII.
1723 401 1793 416 ——
1851 374 1933 438 IN
1956 372 2274 438 LAUDEM
2309 372 2375 434 s.
2415 370 2854 431 EUST‘ATIIII.
3531 364 3644 430 374

386 707 391 716 '
986 675 1174 790 AD
1285 673 2164 794 SANCTOBUM
2255 673 3032 791 EUSTATHII
3301 815 3308 818 _

1490 879 1921 939 nmomsms
1975 881 2062 969 ac
2111 880 2518 984 immortua
3137 886 3151 898 -

801 1023 992 1089 ACTA
1026 1024 1368 1096 ANTIQUA
1424 1027 1853 1109 EORUMQUE
1918 1025 2471 1088 LAUDATIONEM
2544 1024 2818 1086 NICETA
2856 1026 3209 1088 AUCTORE

1131 1181 1334 1273 FB.
1395 1178 2091 1273 COMBEFISII
2170 1177 2746 1271 MONITUM
2802 1160 2874 1262 ⁴.

451 1359 634 1417 Sancti
663 1358 932 1415 Eustathii
963 1368 1018 1415 et
1059 1339 1339 1415 sociorum
1371 1364 1697 1425 martyrum,
1737 1368 1859 1422 qua:
1891 1351 2156 1422 produco,
2193 1352 2311 1423 ipsa
2348 1368 2472 1408 vere
2500 1354 2633 1409 Acta
2665 1355 2892 1424 antiqua
2940 1364 3070 1410 sunt
3099 1371 3114 1422 ;
3154 1369 3389 1421 qttnrum
3423 1365 3640 1421 auctor,

375 1451 578 1524 quibus
602 1448 668 1506 ad
697 1463 761 1503 ea
783 1445 1065 1518 praefatur,
1085 1444 1355 1517 aequalem
1376 1459 1434 1498 se
1459 1442 1627 1512 (quod
1658 1442 1836 1510 ipsum
1869 1441 1950 1497 vir

2046 1455 2141 1495 sne
2170 1440 2500 1510 πολυϊστωρ,
2531 1439 2686 1510 juxta
2713 1457 2778 1496 ac
2811 1441 3213 1513 κριτικώτατος
3246 1439 3356 1496 Leo
3386 1441 3641 1504 Allatius,

381 1555 484 1594 sua
520 1537 607 1591 illa
635 1535 701 1590 de
731 1533 1099 1606 Symeonibus
1130 1545 1433 1602 eorumque
1474 1528 1693 1600 scriptis
1730 1527 2056 1598 dignissima
2097 1527 2240 1592 luce,
2283 1527 2530 1597 mihique
2565 1529 2834 1585 hactenus
2869 1530 3123 1599 deposito
3157 1529 3363 1583 tradita
3401 1529 3640 1584 diatriba

375 1625 683 1692 censuerat)
711 1623 918 1679 sanctis
946 1622 1137 1677 iisdem
1172 1621 1504 1692 martyribus
1534 1619 1680 1675 serio
1703 1617 1885 1687 prodit
1910 1631 1973 1676 ac
2003 1615 2294 1686 signiﬁcat.
2330 1613 2443 1669 Nec
2477 1615 2618 1670 falso
2647 1631 2774 1671 eum
2809 1617 3062 1686 prodere,
3120 1617 3326 1672 indicat
3358 1618 3475 1687 ipse
3509 1619 3642 1672 cha-

381 1723 582 1774 racter,
635 1725 792 1780 quem
834 1709 1222 1782 gravissimum
1264 1715 1428 1779 atque
1453 1706 1782 1776 simplicem,
1834 1703 2150 1774 nulliusqne
2201 1705 2588 1775 interpolantis
2638 1713 2964 1760 temeratum
3012 1723 3178 1760 manu
3216 1707 3387 1779 (quod
3420 1709 3506 1763 vel
3539 1709 3643 1763 levi

375 1799 688 1869 conjectura
747 1796 1080 1868 deprehendi
1114 1794 1310 1867 queat)
1355 1795 1440 1850 vir
1482 1793 1796 1863 Christiana
1831 1791 2184 1859 simplicitate
2214 1791 2636 1859 solertissimus,
2675 1792 2743 1848 iis
2775 1793 2991 1847 indidit.
3035 1794 3145 1850 Nec
3180 1811 3305 1849 vere
3335 1796 3405 1852 de
3435 1797 3565 1858 illis,
3595 1799 3642 1852 si

371 1889 428 1942 in
463 1902 654 1940 manus
688 1887 1282 1954 venissent',.dicturum
1311 1883 1547 1940 arbitror
1577 1880 2014 1939 illustrissimum
2038 1879 2318 1936 annalium
2353 1888 2585 1950 patrem,
2617 1881 2768 1949 quod
2798 1881 2863 1934 de
2895 1881 2962 1934 iis
2992 1897 3115 1951 quae
3146 1883 3280 1950 ipsis
3307 1897 3641 1949 versaverat,

366 1973 783 2045 (Metaphrastis
811 1974 1023 2030 scilicet
1063 1972 1285 2032 nomine
1312 1969 1507 2028 Latine
1547 1966 1802 2040 vulgatis)
1835 1967 2042 2022 Christi
2073 1982 2219 2022 anno
2259 1966 2378 2028 l20.
2412 1983 2467 2020 ιι.
2503 1968 2556 2030 ι,
2588 1967 2659 2021 ita
2693 1967 3072 2036 pronuntiavit
3100 1983 3114 2020 :
3156 1967 3420 2022 Putemus
3469 1979 3643 2024 tamen

364 2062 449 2116 eis
477 2063 645 2115 multa
676 2061 1022 2132 superaddita
1048 2078 1194 2128 esse;
1231 2059 1325 2118 sed
1353 2073 1452 2126 pro
1479 2072 1580 2113 suo
1622 2056 1882 2118 candore,
1915 2053 2118 2110 mitiori
2151 2070 2386 2110 censura
2421 2054 2516 2110 illa
2557 2053 2873 2110 habiturum
2911 2073 2923 2107 :
2976 2070 3074 2108 seu
3109 2055 3290 2124 potius
3317 2057 3481 2126 digna
3521 2074 3647 2112 vere

366 2149 514 2200 tanti
543 2149 792 2221 martyrii
812 2150 973 2215 Acta,
1000 2150 1158 2220 cujus
1196 2147 1375 2204 Roma:
1413 2147 1669 2201 memoria
1696 2144 1919 2215 egregiis
1955 2142 2229 2196 illustrata
2260 2141 2614 2197 monumentis
2647 2157 2668 2205 ;
2696 2141 2830 2210 quin
2863 2141 3001 2198 urbe
3030 2157 3275 2212 agroque
3320 2141 3642 2208 Parisiensi,

361 2237 564 2300 tutela,
624 2238 945 2310 pignoribus
1003 2238 1380 2302 charissima;
1427 2236 1559 2307 quin
1590 2243 1826 2304 utroque
1865 2233 1999 2288 orbe
2041 2229 2356 2288 Christiano
2388 2229 2440 2286 in
2482 2236 2807 2298 perpetuum
2859 2228 3276 2294 ﬂorentissima,
3319 2245 3648 2300 summeque

358 2328 679 2382 \eneranda
709 2344 723 2398 ;
759 2329 840 2386 sic
873 2337 1130 2400 augusta,
1171 2329 1252 2384 sic
1287 2325 1470 2398 plana.
1513 2323 1600 2380 sic
1630 2321 1758 2380 fuco
1786 2324 1940 2380 omni
1988 2318 2252 2381 carentia,
2296 2325 2709 2381 veneraturum,
2744 2317 3093 2372 laudaturum
3125 2335 3141 2385 ;
3172 2319 3262 2384 iis,
3290 2333 3390 2374 ceu
3430 2337 3644 2389 gemma

355 2412 760 2483 pulcherrima,
787 2431 852 2472 ac
897 2414 1294 2484 pretiosissima
1318 2411 1701 2486 amplissimos
1714 2408 1963 2466 Annales
1974 2420 2106 2464 suos
2129 2414 2479 2462 ornaturum.
2497 2401 2582 2460 De
2600 2402 2710 2458 illis
2732 2402 3122 2475 Ietaphrastis
3163 2405 3385 2460 nomine
3409 2408 3492 2462 sic
3523 2409 3646 2462 vul-

357 2501 510 2570 gatis
533 2502 662 2576 quid
690 2502 920 2560 sentiam
955 2502 1099 2570 ipse,
1148 2501 1338 2572 paucis
1367 2498 1631 2572 expedio.

442 2586 660 2657 Dispexi
717 2588 808 2644 illa
861 2589 1122 2648 attentius
1157 2605 1173 2651 ;
1230 2586 1361 2660 quin
1397 2585 1532 2646 mihi
1562 2586 1728 2644 etiam
1764 2600 1835 2641 ea
1867 2582 2490 2641 alteroeminentissimi
2522 2581 2820 2637 cardinaiis
2848 2579 3108 2636 lamrini
3159 2584 3390 2653 probato
3423 2585 3647 2640 codice.

344 2673 559 2728 .cadem
593 2676 708 2730 hzec
760 2673 953 2734 Latina
983 2676 1084 2732 feci
1116 2692 1131 2744 ;
1189 2677 1456 2746 tantisper
1495 2673 1739 2732 oii'ensus
1783 2671 2100 2742 interpretis
2139 2671 2280 2740 stylo
2313 2671 2489 2741 paulo
2523 2671 2835 2737 humiliori,
2877 2670 2973 2725 ubi
3006 2679 3198 2726 auctor
3237 2672 3329 2726 illo
3361 2690 3470 2726 non
3509 2675 3651 2726 male

320 2788 329 2796 ο
366 2763 506 2816 nitet
554 2771 719 2832 atque
767 2765 1028 2835 assurgit.
1079 2763 1274 2822 Addita
1306 2765 1396 2820 vis
1442 2771 1765 2826 occurrunt.
1793 2776 1890 2816 seu
1935 2758 2050 2816 alia
2073 2773 2136 2814 ac
2163 2758 2425 2828 antiquus
2454 2767 2649 2816 auctor
2676 2757 2945 2813 ediderat.
2988 2757 3234 2814 Solemni
3276 2762 3456 2827 potius
3495 2777 3648 2815 nime

364 2848 639 2913 eiusmodi
667 2850 1352 2922 peraopdssmvmumdam
1387 2850 1683 2906 leviuscule
1713 2857 1894 2914 aucta,
1925 2847 2012 2904 vel
2032 2845 2228 2904 ordine
2261 2845 2540 2916 modoque
2572 2854 2802 2911 Inutata,
2831 2853 3064 2914 excepto
3095 2844 3258 2915 style.
3298 2855 3599 2914 appareant
3627 2863 3644 2910 ;

367 2955 495 3006 quae
525 2938 655 2990 mihi
702 2938 836 2992 artis
867 2938 1114 3003 solertia,
1149 2937 1454 2994 ἀσύστατον
1491 2937 1672 3005 potius
1711 2934 2007 2999 invexisse,
2045 2948 2212 3003 quam
2259 2941 2517 2988 ornatum
2553 2933 2672 2989 suis
2711 2933 2975 3001 praeclare
3013 2933 3182 2986 radiis
3221 2934 3447 2987 micanti
3495 2936 3647 3002 operi

369 3024 589 3078 \idctur
614 3025 913 3080 addidisse.
954 3023 1072 3089 Qua
1101 3025 1154 3078 in
1185 3039 1243 3078 re
1279 3023 1456 3094 major
1484 3023 1704 3078 licentia
1738 3021 1863 3086 fuit,
1902 3029 2019 3079 tum
2059 3019 2202 3090 ejus,
2236 3019 2330 3087 qui
2365 3020 2586 3075 duobus
2618 3021 2771 3074 libris
2804 3020 2994 3073 Italico
3017 3059 3032 3084 ,
3069 3019 3242 3088 iisque
3271 3021 3477 3074 Gallire
3524 3023 3651 3076 red-

371 3110 527 3172 ditis,
559 3111 825 3164 Eustathii
875 3112 1263 3182 sociorumque
1293 3118 1574 3166 certamen
1607 3109 1780 3164 voluit
1808 3121 2096 3171 exornare,
2151 3107 2419 3176 tinxitque
2453 3108 2509 3161 in
2538 3123 2604 3161 eo
2636 3107 2815 3175 plura,
2856 3115 2968 3161 tum
2995 3108 3089 3176 qui
3132 3124 3321 3161 sacras
3362 3107 3652 3163 MclalllOI“

372 3197 572 3263 phoscs
602 3197 813 3252 Gallico
837 3197 1116 3263 idiomate,
1149 3198 1314 3270 inque
1343 3197 1450 3253 illis
1478 3197 1844 3261 Eustathium,
1870 3195 2146 3267 produxit.
2176 3195 2428 3253 Habuere
2457 3197 2534 3250 illi
2557 3197 2826 3253 duntaxat
2852 3194 3250 3266 Metaphrastca
3288 3197 3445 3260 Acta,
3469 3215 3649 3268 eaque

374 3283 567 3340 Latina
599 3284 720 3355 (nec
745 3285 890 3342 enim
915 3285 953 3342 ii
984 3285 1170 3346 Graece
1199 3286 1455 3342 videntur
1479 3285 1756 3354 scivisse),
1787 3285 2066 3354 proposita
2101 3301 2116 3349 ;
2176 3300 2299 3354 qua:
2329 3286 2466 3352 ipsa,
2501 3299 2566 3340 eo
2603 3299 2770 3354 quem
2802 3284 2915 3339 dixi
2952 3285 3140 3348 modo,
3177 3295 3501 3340 tractavero.

446 3371 614 3440 Quem
641 3371 887 3445 produco
909 3371 1154 3430 Nicetam
1187 3371 1592 3444 Paphlagonem
1620 3371 1641 3442 (
1671 3370 1880 3441 lgnatio
1908 3370 2518 3442 ConstantinOpolita:m
2553 3373 2848 3444 aequalem,
2884 3373 3074 3442 illique
3105 3375 3544 3437 all‘eetissimum,
3582 3392 3647 3430 ac

373 3456 512 3513 Vit-ae
539 3459 658 3529 ejus
691 3457 907 3514 Radere
933 3459 1091 3517 editae
1122 3460 1426 3531 auctorem)
1467 3458 1815 3515 Enstathium
1853 3459 2146 3529 sociosque
2174 3459 2510 3525 laudantem,
2553 3477 2678 3516 vere
2719 3475 2887 3515 unum
2917 3461 3122 3527 dicam,
3159 3479 3260 3517 sua
3297 3464 3398 3517 hac
3419 3463 3644 3518 Lauda-

369 3546 534 3609 tm-ia,
559 3545 818 3616 praeclare
843 3545 896 3598 in
923 3559 1018 3601 eos
1041 3547 1277 3604 oratoris
1305 3561 1506 3604 munus
1544 3545 1768 3604 abiisse.
1817 3543 2019 3602 Habuit
2045 3548 2134 3606 ille
2167 3563 2274 3604 non
2309 3547 2708 3619 Metaphrastea
2755 3550 2870 3615 illa,
2904 3551 3000 3605 sed
3033 3551 3256 3620 antiqua
3285 3562 3497 3614 nostra,
3532 3553 3646 3623 ipsa

371 3650 473 3687 suo
496 3635 775 3690 schemate
807 3636 1115 3690 veneranda
1150 3645 1316 3708 atque
1373 3643 1609 3706 augusta
1652 3635 1790 3694 Acta
1832 3635 2134 3708 proposita.
2169 3633 2419 3692 Detraxit
2457 3636 2615 3703 nihil,
2651 3637 2826 3704 auxit,
2875 3647 2972 3692 aut
3012 3638 3323 3693 immutavit
3357 3656 3372 3705 ;
3404 3639 3652 3695 ﬂosculis

373 3722 690 3786 rhetoricis.
727 3723 1018 3781 verborum
1070 3723 1333 3794 ὲμφὰσει,
1365 3723 1626 3780 oratoriis
1657 3723 1960 3782 luminibus
1989 3723 2262 3780 duntaxat
2301 3723 2596 3782 illustravit
2627 3741 2642 3790 ;
2688 3733 2855 3794 atque
2883 3725 3111 3780 suavius
3139 3742 3304 3782 aures
3343 3736 3650 3797 tangerent,

371 3826 441 3865 ac
463 3810 709 3865 animum
751 3822 1026 3884 caperent,
1078 3811 1218 3867 scito
1259 3811 1501 3882 quodam
1544 3811 1822 3872 lenocinio
1864 3809 2210 3880 temperavit,
2242 3825 2309 3866 ac
2351 3813 2684 3880 composuit.
2728 3810 2824 3868 Vir
2865 3810 3079 3868 scilicet
3099 3828 3168 3868 eo
3209 3813 3426 3868 dicendi
3453 3830 3652 3883 genere

369 3898 612 3953 eximius
644 3914 660 3964 ;
707 3898 864 3970 cujus
895 3897 948 3952 in
984 3899 1230 3972 singulos
1278 3914 1532 3973 quosque
1561 3899 1865 3969 apostolos,
1911 3899 2152 3956 illustres
2184 3900 2432 3972 produco
2464 3900 2860 3972 panegyricos;
2891 3917 3034 3966 mea,
3073 3902 3322 3971 proxime
3353 3904 3646 3972 vulganda,

363 3986 596 4056 jamque
621 3986 938 4042 umbilicum
981 3995 1283 4057 spectante,
1318 3985 1652 4042 Bibliotheca
1684 3986 2124 4054 coucioualoria;
2167 3986 2370 4058 quibus
2398 3986 2634 4042 certiora
2673 4002 2928 4060 quaeque,
2971 4004 3036 4045 ac
3079 3987 3451 4048 Ecclesiarum
3485 3991 3649 4060 longa

369 4073 670 4128 traditione
695 4081 941 4148 accepta,
981 4074 1118 4129 nihil
1138 4072 1368 4130 Abdiam
1409 4087 1474 4130 ac
1501 4072 1845 4146 apocryphos
1879 4073 2020 4128 alios
2053 4085 2301 4131 moratus
2335 4115 2351 4141 ,
2387 4074 2472 4132 vir
2510 4075 2698 4132 labore
2728 4083 3010 4142 strenuus.
3032 4078 3258 4149 eloquio
3285 4081 3472 4137 clarus
3501 4095 3650 4136 cont-

369 4175 636 4231 ptusque,
663 4176 728 4216 ac
769 4175 896 4216 vere
945 4160 1155 4233 ῥήτωρ,
1191 4160 1258 4216 de
1293 4160 1489 4232 primis
1533 4160 1644 4215 illis
1673 4158 2002 4217 Christiana;
2035 4163 2317 4234 religionis
2348 4163 2688 4220 antistitibus
2730 4163 2961 4222 feliciter
2993 4173 3138 4235 orat,
3179 4173 3348 4237 atque
3377 4169 3646 4238 exponit:

369 4257 438 4303 nt
464 4249 602 4304 alios
632 4249 753 4318 ejus
781 4247 1138 4322 panegyricos
1167 4255 1378 4303 taceam
1408 4263 1424 4313 ;
1463 4247 1630 4317 inque
1661 4247 1770 4305 illis
1799 4247 2046 4317 Gregorii
2073 4251 2168 4304 τοῦ
2197 4251 2487 4320 Θεολόγου,
2515 4252 2674 4322 cujus
2704 4253 2979 4311 neminem
3020 4256 3352 4326 theologiam
3385 4273 3450 4313 ac
3481 4273 3650 4313 orna.

368 4347 559 4392 menta
607 4337 818 4407 reliqua
865 4335 1030 4392 tantis
1071 4334 1400 4405 eloquentiae
1445 4335 1627 4390 nervis
1667 4337 1858 4406 sicque
1903 4336 2208 4394 luculenter
2235 4339 2490 4398 existimo
2529 4341 2802 4397 laudasse.
2835 4341 2991 4401 Faxit
3039 4343 3185 4400 Deus
3212 4355 3273 4400 ut
3311 4345 3405 4401 ubi
3440 4345 3652 4403 Latinis

369 4426 516 4482 meis
570 4426 797 4481 vocibus
843 4424 1006 4495 paulo
1064 4423 1329 4496 dejectior
1379 4438 1483 4478 suo
1542 4423 1638 4478 illo
1696 4425 1981 4496 manipulo
2012 4427 2237 4483 minime
2283 4427 2628 4502 displicuerit
2665 4430 2784 4486 suis
2809 4430 2921 4498 ille,
2960 4430 3277 4505 Grtecisque
3325 4434 3650 4500 cultissimis

369 4514 684 4584 copiosiore
706 4526 887 4568 messe
917 4512 1082 4567 etiam
1117 4509 1466 4584 Anastasiam
1501 4511 1776 4566 seniorem
1813 4511 2180 4583 Hyacinthum
2213 4513 2650 4587 Amastrenscm,
2679 4515 2947 4575 Joannem
2974 4520 3458 4591 Chrysostomnm,
3496 4521 3644 4578 The-

370 4603 516 4660 clam
547 4601 794 4670 aliosque
827 4597 1080 4663 laudans,
1118 4597 1446 4669 propensius
1476 4598 1731 4664 oblectet,
1757 4613 1825 4654 ac
1850 4599 1915 4654 ad
1945 4600 2204 4670 pietatem
2231 4601 2483 4658 aediﬁcet.

447 4694 707 4750 Actorum
758 4701 1074 4747 nostrorum
1123 4691 1278 4747 testis
1309 4691 1587 4762 egregius,
1624 4705 1795 4745 aureo
1835 4705 1960 4745 vere
1989 4687 2214 4744 ﬂumine
2245 4689 2484 4748 Joannes
2518 4688 3054 4763 Damasct‘nusnorat.
3084 4709 3166 4759 Ill,
3190 4695 3256 4749 de
3277 4694 3597 4767 imaginibus
3629 4714 3646 4760 ,-

374 4799 485 4853 qua
515 4797 580 4836 ex
617 4780 752 4852 ipsis
781 4780 920 4836 bene
949 4779 1166 4851 longam
1188 4778 1522 4851 περικοπὴν,
1553 4779 1684 4851 ipsis
1712 4793 1904 4837 eorum
1943 4778 2126 4832 verbis
2155 4777 2429 4846 produxit.
2466 4775 2652 4834 Refert
2697 4777 2788 4833 illa
2825 4781 3111 4837 Eustathio
3156 4783 3374 4837 venanti
3406 4784 3645 4837 oblatam

379 4871 435 4924 in
479 4884 640 4924 cervo
691 4868 877 4922 crucis
910 4867 1226 4938 Christique
1251 4866 1506 4937 clligicm,
1539 4866 1853 4937 factumque
1881 4868 1953 4924 ad
1985 4865 2164 4934 ipsum
2189 4864 2310 4936 ejus
2340 4865 2651 4932 oraculum,
2681 4881 2792 4936 quo
2823 4864 2992 4922 futuri
3033 4868 3112 4922 illi
3143 4869 3313 4926 totius
3331 4870 3496 4924 stadii
3523 4885 3646 4936 pru-

377 4955 655 5025 positique
687 4953 1007 5012 certaminis
1052 4953 1374 5011 vaticinium
1419 4955 1730 5020 habeatur;
1769 4962 1918 5009 certa
1960 4951 2224 5010 nimirum
2264 4963 2544 5012 structura
2587 4954 2773 5024 (mira
2810 4953 2937 5009 licet
2977 4969 3208 5010 casuum
3242 4966 3648 5026 eventu‘unque

375 5043 691 5098 diversitate
723 5058 738 5108 ;
763 5040 936 5098 Grteci
958 5043 1318 5113 περιπέτειαν
1342 5051 1572 5107 vocant;
1597 5056 1707 5111 qua
1735 5041 1869 5098 lusit
1891 5039 2109 5111 egregie
2134 5039 2231 5096 Dei
2258 5042 2648 5112 providentia),
2675 5041 2938 5112 deinceps
2958 5044 3364 5100 coluerentibus
3389 5044 3646 5099 omnibus

317 5118 331 5174 ἶ
377 5131 447 5186 ad
480 5130 654 5200 ipsam
685 5130 932 5200 martyrii
959 5138 1161 5185 metam
1191 5147 1208 5196 ;
1236 5139 1298 5184 ut
1323 5131 1523 5184 nedum
1553 5130 1746 5192 multa,
1773 5129 1822 5186 si
1853 5143 1981 5184 vere
2013 5129 2102 5183 illa
2126 5137 2280 5196 sunt,
2311 5129 2687 5204 superaddita,
2717 5129 2810 5185 sed
2845 5141 2901 5183 et
2927 5145 3097 5200 pauca
3128 5147 3268 5204 Opus
3295 5142 3468 5188 totum
3498 5134 3646 5188 labe-

381 5218 588 5272 factent
613 5232 679 5272 ac
710 5217 972 5271 inﬁciant.
999 5215 1059 5270 In
1085 5215 1408 5274 Damasceui
1441 5218 1557 5289 ipso
1579 5216 1700 5272 loco
1729 5216 2060 5273 commissus
2085 5217 2266 5273 hiatus
2294 5218 2435 5274 male
2466 5219 2816 5288 interpretem
2838 5221 2966 5288 egit.
3001 5217 3112 5274 Nos
3139 5237 3272 5276 sana
3297 5221 3506 5281 omnis.
3531 5229 3662 5274 rite:

383 5309 506 5364 liori
531 5309 719 5367 codice
743 5315 1222 5377 reprzesentamus.
1262 5307 1472 5364 Latinis
1502 5322 1724 5379 quoque
1758 5305 2166 5376 Metaphrastis,
2187 5305 2420 5362 Placidae
2449 5319 2590 5360 uxor
2623 5305 2756 5360 vitio
2797 5304 3035 5374 Trajan
3053 5305 3280 5369 dicitur.
3309 5321 3434 5360 colu
3457 5307 3646 5362 Greca

383 5395 580 5452 melius
609 5396 900 5464 Τατιανήν,
936 5392 1242 5452 Tatiauam.
1274 5394 1533 5451 habeant.
1565 5393 1746 5463 Ipsum
1780 5394 2053 5452 Eustathii
2079 5403 2370 5464 augustum
2404 5408 2626 5460 nomen,
2654 5411 2719 5450 ac
2748 5411 2859 5463 quo
2899 5395 3139 5450 victoriae
3164 5394 3414 5450 videatur
3436 5411 3500 5449 es
3528 5396 3648 5464 ipso

384 5499 547 5540 sacro
591 5484 738 5538 fonte
778 5482 1035 5540 habuisse
1072 5482 1386 5544 oraculum.
1415 5483 1565 5537 velut
1598 5482 1718 5552 ipso
1743 5481 1854 5536 Deo
1883 5483 2185 5537 sacerdotis
2212 5498 2308 5536 ore
2348 5483 2589 5548 indente,
2630 5481 2985 5554 futuramque
3013 5483 3134 5552 ejus
3166 5485 3556 5548 constantiam,
3581 5502 3651 5542 ac

385 5572 694 5636 ﬁrmitatem
721 5571 814 5625 illo
843 5577 1207 5634 contestante,
1234 5569 1372 5624 uitale
1406 5569 1507 5624 sibi
1534 5569 1728 5640 vulgus
1760 5569 1813 5623 in
1849 5567 2197 5625 Eustachium
2226 5569 2552 5627 deformavit
2578 5589 2594 5636 ;
2628 5571 2972 5643 quodipsum
2998 5587 3192 5627 nomen
3216 5569 3408 5627 titulus
3431 5575 3651 5641 pratert

387 5661 443 5714 in
473 5657 593 5713 Vita
656 5659 822 5713 Surio
847 5655 990 5714 edita
1015 5670 1031 5722 ;
1063 5656 1164 5713 etsi
1201 5656 1255 5714 in
1285 5657 1531 5728 margine
1561 5655 1832 5716 Easter/iii
1855 5659 2198 5718 emendetur.
3484 5675 3490 5680 ·

459 5802 477 5819 ⁴
512 5793 811 5849 illustrium
841 5793 1042 5850 Christi
1071 5805 1365 5866 martyrum
1392 5794 1517 5850 lecti
1545 5796 1836 5867 Triumphi,
1873 5794 2047 5852 i‘at‘is.

765 5811 811 5847 m
841 5793 1042 5850 Christi
1071 5805 1365 5866 martyrum
1392 5794 1517 5850 lecti
1545 5796 1836 5867 Triumphi,
1873 5794 2047 5852 i‘at‘is.
2087 5794 2242 5862 1600,
2277 5795 2354 5850 8“.
