4022 6452
281 392 362 456 ιξι
858 379 1140 441 omne
1169 377 1331 441 xxx.
1364 373 1554 433 —-‘IN
1591 369 1904 434 LtUDEM
1926 371 2002 429 ‘s.
2038 366 2459 430 HYACINTHI
2486 365 2948 426 AMASTRENI.

3419 359 3526 423 4‘29.

283 499 526 576 νηπιόθεν
547 498 577 552 ὀ
597 495 1048 568 θαυμασιώτατος
1065 486 1402 561 ἀναγόμενος
1434 489 1679 560 ἀρεταῖς,
1711 486 1847 539 πᾶσι
1877 499 1891 550 Α

1996 481 2210 537 mnibus
2240 493 2440 536 nomen
2506 477 2762 533 obtinuit.
2824 477 2984 532 Omni
3045 476 3191 532 enim
3261 465 3542 532 virtutum'

287 597 335 654 δὲ
361 590 519 652 θείοις
549 587 644 642 Ιτεοῦ
699 586 1017 656 Πνεῦματος
1065 581 1538 651 συγκροτούμενος
1569 577 1840 649 χαρίσμα-

1944 586 2142 643 genere
2169 570 2238 625 ab
2286 569 2541 635 infantia,
2585 570 2670 624 vir
2722 583 2938 623 summe
2993 568 3366 627 admirandus.
3401 582 3530 637 pro-

292 679 398 749 σιν,
427 685 483 736 ὲν
516 680 678 751 πολιᾷ
705 679 763 732 δὲ
793 676 987 748 βαθείᾳ⁸
1031 673 1286 746 λαμπρὸν
1311 674 1408 725 καὶ
1458 669 1758 742 περιφανὲς
1787 668 1848 721 τὸ

1996 670 2173 724 actus,
2232 660 2556 728 cunctisque
2605 658 2804 713 divinis
2861 657 3096 726 Spiritus
3151 658 3340 726 gratiis
3395 670 3530 710 con-

293 774 575 850 μαρτιὶριον
606 748 839 834 ἀποδοὺς
889 769 971 839 τῷ
1015 767 1158 838 Θεῷ,
1187 766 1450 836 λαμπρᾶς
1493 765 1575 817 ὅτι
1613 763 1850 834 μάλιστα

1996 764 2143 821 :rtus,
2171 755 2281 809 alta
2312 761 2592 809 senectute
2615 751 2764 806 claro
2786 750 3093 818 illustrique
3129 748 3239 802 Deo
3266 749 3529 820 martyrio

291 865 491 934 καὶτῆς
525 862 888 934 ἀναρρήσεως
909 857 1284 923 καταξιοῦται.

353 1096 416 1168 β’.
443 1092 746 1164 Τοιγαροῦν
779 1093 1154 1162 έπαινέσωμεν
1179 1091 1269 1142 καὶ
1303 1091 1466 1160 ἡμεῖς
1487 1090 1580 1142 τὸν
1604 1088 1855 1153 ἀξιεπαί-

295 1205 437 1243 νετον
468 1185 564 1237 τοῦ
609 1185 745 1237 Θεοῦ
805 1183 966 1236 παῖδα
997 1182 1085 1235 τὸν
1135 1181 1397 1248 ἁξιόθεον,
1427 1181 1516 1234 τὸν
1550 1179 1852 1250 ἁξιομακά-

1950 847 2182 912 reddito,
2249 861 2414 916 quam
2473 844 2712 898 maxime
2764 842 3050 912 splendido
3103 842 3375 910 praconio
3432 842 3530 894 do-

1953 951 2134 994 natur.

2022 1092 2078 1145 2.
2110 1091 2297 1162 Itaque
2322 1107 2424 1147 nos
2453 1090 2617 1149 etiam
2660 1089 2885 1158 dignum
2937 1087 3096 1144 laude
3141 1085 3234 1141 Dei
3273 1084 3536 1141 famulum

1955 1181 2208 1238 laudibus
2230 1199 2625 1253 prosequamur
2653 1200 2668 1235 :
2702 1182 2882 1238 virum
2907 1181 3118 1236 scilicet
3152 1179 3262 1233 Deo
3285 1179 3536 1248 dignum,

291 1297 462 1350 ριστον
510 1277 796 1336 Ὑάκινθον
820 1315 834 1340 .
881 1275 970 1328 τὸν
1010 1274 1221 1345 νοητὸν,
1256 1273 1351 1326 καὶ
1383 1273 1566 1341 τίμιον
1597 1271 1692 1325 τοῦ
1723 1271 1854 1325 Θεοῦ

1997 1277 2118 1344 igne
2185 1290 2415 1343 prorsus
2467 1273 2885 1329 beatificandum
2942 1273 3305 1343 Hyacinthum
3335 1289 3350 1336 ;
3380 1270 3541 1337 spiri-

287 1373 446 1436 λίθον,
460 1371 554 1424 τὸν
579 1368 844 1440 ἔμψυχον,
865 1368 955 1421 τὸν
973 1366 1172 1433 ζῶντα,
1187 1366 1278 1419 τὸν
1295 1366 1602 1436 νοερὸν,τὸν
1623 1363 1858 1434 οὐρανίῳ

1996 1367 2124 1421 ilem
2173 1367 2589 1437 pretiosumque
2624 1365 2719 1420 Dei
2762 1365 2993 1434 lapidem
3029 1380 3043 1430 ;
3077 1366 3402 1424 animatum,
3459 1362 3540 1413 vi-

286 1464 375 1518 τοῦ
413 1461 554 1518 Πνεύ
563 1477 732 1532 ματος
762 1459 1069 1529 φρονήματι
1087 1451 1174 1511 οἶα
1187 1455 1426 1528 λαμπρῷ
1447 1455 1542 1509 καὶ
1561 1454 1858 1526 οὐρανοὸα-

1962 1466 2216 1522 ventem,
2272 1457 2702 1528 intelligentem,
2770 1458 2984 1514 caelesti
3046 1458 3281 1526 Spiritus
3351 1469 3540 1518 st-nsu,

289 1558 375 1624 φεῖ
420 1553 675 1626 χρώματι
734 1551 1057 1622 κατακόρως
1126 1549 1270 1602 οὕτω
1327 1547 1708 1620 χρωννύμενον
1764 1546 1861 1599 καὶ

2003 1547 2117 1602 eiut
2144 1548 2293 1602 claro
2323 1548 2645 1616 calestique
2681 1548 2864 1603 colore
2892 1556 3078 1602 satnre
3111 1546 3244 1600 adeo
3271 1545 3542 1599 imbutum

287 1647 656 1716 κλεῖζόμενον,
687 1645 764 1706 ὡς
795 1642 960 1714 μέρος
991 1642 1086 1696 καὶ
1119 1641 1281 1694 αὑτὸν
1330 1639 1421 1693 τοῦ
1469 1638 1733 1706 στεφάνου
1765 1637 1862 1707 τῆς

289 1739 439 1808 δόξης
465 1737 563 1790 τοῦ
597 1736 674 1806 τῷ
703 1734 1044 1805 [ιαμθασιλεῖ
1094 1732 1395 1794 πλακέντος
1421 1726 1860 1784 ἀναδείκνυσθαι.

1963 1653 2029 1692 ac
2061 1639 2466 1703 collustratum,
2504 1649 2565 1692 ut
2593 1647 2648 1693 et
2695 1641 2811 1708 ipse
2855 1653 3075 1693 corona
3101 1637 3306 1705 glOria,
3341 1635 3544 1690 summi

1965 1729 2208 1782 omnium
2260 1727 2424 1798 Regis
2482 1729 2652 1798 plexa
2709 1729 2897 1797 capiti,
2946 1744 3073 1797 pars
3119 1727 3338 1782 eniteat.
3391 1725 3547 1778 Hunc

291 1829 484 1882 Τοῦτον
521 1828 759 1899 σήμερον
790 1826 932 1884 κατὰ
959 1826 1055 1895 τὴν
1085 1825 1300 1895 ἐτήσιον
1348 1820 1512 1876 αὑτοῦ
1566 1822 1659 1875 καὶ
1710 1819 1863 1889 ῖερὰν

1996 1817 2152 1882 indie,
2192 1833 2377 1871 annua
2418 1819 2542 1886 ejus
2601 1833 2865 1889 sacraque
2920 1817 3206 1881 memoria,
3262 1818 3314 1870 in
3372 1816 3546 1869 laudis

293 1919 663 1992 μνημοσύνην,
697 1919 774 1982 είς
809 1915 1042 1990 ῦμνησιν
1070 1917 1190 1978 ταῖς
1231 1913 1584 1983 Ἐκκλησίαις
1613 1911 1862 1983 προτιθέ-

1970 1917 2348 1979 argumentum
2403 1908 2662 1964 Ecclesiis
2708 1909 3068 1978 pmpnsitum.
3099 1923 3409 1963 sermonum
3452 1907 3549 1961 llo-

293 2031 449 2085 μενον
499 2014 615 2074 τοῖς
659 2010 769 2062 τῶν
820 2009 992 2077 λόγων
1035 2007 1252 2072 ἄνθεσι,
1309 2006 1450 2059 κατὰ
1503 2004 1729 2075 δύναμιν
1772 2004 1867 2057 καὶ

2000 2000 2144 2064 ibus,
2173 1999 2352 2068 quoad
2395 2014 2491 2068 per
2547 1998 2859 2053 facultatem
2913 1997 3148 2060 licuerit,
3205 2012 3307 2054 nos
3335 2010 3552 2066 quoque

289 2107 446 2176 ἡμεῖς
476 2101 914 2172 ἅναδησώμεθαθ
968 2099 1063 2153 καὶ
1097 2098 1205 2151 τῶν
1260 2097 1614 2169 μαρτυρικῶν
1642 2096 1870 2165 ἀγώνων

1996 2104 2340 2155 :oronemus;
2379 2104 2602 2159 quoque
2649 2089 2892 2159 martyrii
2951 2089 3165 2145 sincere
3201 2103 3404 2155 agones
3456 2091 3553 2142 de-

290 2196 531 2266 γνησίως
563 2194 725 2248 αὑτὸν
784 2191 1210 2264 μακαρίσαντες,
1247 2189 1476 2242 καὶτῶν
1521 2189 1621 2257 τῆς
1656 2205 1869 2259 μαρτυ-

293 2288 412 2358 ρίας
441 2285 732 2342 ἐπάθλων·
779 2283 872 2338 διὰ
922 2282 1097 2336 ταῦτα
1138 2283 1587 2351 κοινωνήσαντες,
1624 2281 1773 2352 αὐτῷ
1811 2297 1870 2338 τε

291 2379 466 2449 χρέως
536 2378 898 2447 χαριέστατον
960 2374 1339 2444 ἀποδώσομεν,
1368 2373 1462 2428 καὶ
1504 2376 1572 2442 τῇ
1605 2372 1700 2425 τοῦ
1735 2371 1872 2425 Θεοῦ

303 2468 610 2538 Ἐκκλησία
695 2466 795 2537 τὴν
861 2464 1219 2533 ὀφειλομένην
1284 2463 1650 2533 προσοίσομεν
1731 2465 1877 2516 οἰκον

291 2562 486 2633 δομήν.

358 2737 428 2810 γ’.
466 2739 696 2806 Ἐκείνῳ
745 2737 952 2808 πατρὶς
1009 2738 1108 2807 μὲν
1159 2738 1193 2808 ἡ
1227 2738 1339 2792 ἄνω
1379 2736 1539 2802 Σιὼν,
1573 2738 1605 2807 ἡ
1649 2738 1880 2809 λαμπρὰ

291 2835 511 2888 πάντων
536 2831 720 2900 ἁγίων
737 2829 903 2900 νοερά
944 2846 1005 2882 τε
1043 2829 1378 2900 μητρόπολις
1425 2831 1520 2882 καὶ
1555 2833 1754 2901 πιστήο
1780 2849 1884 2884 πα-

292 2926 396 2994 τὴρ
425 2924 484 2976 δὲ
517 2920 733 2992 ἀληθὴς
756 2922 786 2973 ὁ
813 2921 946 2984 Θεός
966 2937 983 2956 θ
1021 2923 1204 2993 μήτηρ
1227 2921 1282 2975 δὲ
1321 2923 1354 2991 ἠ
1389 2922 1549 2992 χάρις
1596 2922 1690 2975 τοῦ
1714 2923 1884 2977 Πνεῦ-

293 3032 466 3085 ματος
491 3030 506 3044 ·
538 3015 577 3085 ὴ
610 3012 868 3066 τοσοῦτον
896 3013 964 3065 δι’
993 3012 1188 3077 ὓδατος
1207 3015 1650 3082 ἀναγεννώμενον
1680 3014 1885 3081 ἄνωθεν

292 3104 512 3165 ἐνδῦσα.
562 3105 658 3157 καὶ
698 3103 799 3172 τὴν
823 3104 880 3158 ἐν
922 3103 1072 3173 αὐτῷ
1096 3105 1332 3173 φυσικήν
1365 3106 1447 3167 είς
1463 3106 1716 3176 ὑπερφυῆ
1755 3124 1887 3178 μορο

1971 2181 2220 2248 sudarit,
2283 2181 2500 2236 beatum
2555 2183 2950 2250 pradicantes,
3005 2181 3360 2250 martyriique
3430 2179 3556 2233 inde

1974 2270 2209 2341 pramiis
2271 2270 2780 2333 communicantes,
2841 2284 2967 2322 cum
3020 2268 3094 2322 illi
3155 2268 3550 2335 lepidissimum

1977 2363 2264 2416 reddemus
2334 2361 2614 2424 debitum,
2677 2372 2791 2414 tum
2850 2358 2945 2416 Dei
3006 2359 3264 2412 Ecclesia
3319 2359 3555 2412 debitam

1977 2452 2333 2506 nihilominus
2354 2452 2792 2516 aedificationem,
2813 2461 2968 2522 grato
2991 2465 3216 2506 munere
3241 2449 3558 2508 oll’cremua.

2049 2740 2106 2794 ‘5.
2139 2739 2222 2793 llli
2281 2740 2455 2810 patria
2510 2741 2730 2810 quidem
2784 2756 3020 2812 superna
3066 2739 3221 2806 Sion,
3256 2741 3402 2796 clara
3439 2757 3567 2798 san-

1981 2839 2196 2884 ciorum
2224 2831 2470 2885 omnium
2501 2831 2876 2900 mentiumque
2907 2833 3223 2901 metropolis
3251 2847 3316 2886 ac
3345 2833 3518 2886 fidelis
3545 2846 3564 2898 ;

1983 2936 2150 2975 verus
2176 2931 2361 2975 autem
2420 2931 2609 2991 pater,
2684 2922 2872 2976 Deus:
2945 2931 3120 2976 mater
3175 2938 3336 2989 vero,
3394 2923 3567 2993 gratia

1986 3012 2223 3080 Spiritus
2257 3029 2272 3078 ;
2313 3028 2436 3082 qua
2467 3013 2546 3067 sic
2573 3028 2669 3084 per
2725 3028 2923 3082 aquam
2979 3014 3158 3067 denuo
3213 3015 3330 3085 (seu
3370 3015 3567 3077 mavis.

1989 3102 2245 3174 superne)
2302 3115 2680 3172 regeneratum
2730 3103 2961 3158 subierit
3016 3103 3406 3174 infuderitque,
3474 3120 3573 3158 na-

291 3196 398 3265 φὴν
429 3194 818 3266 μεταποιοῦσα
853 3195 949 3250 καὶ
987 3197 1066 3258 είς
1089 3195 1386 3264 ἐπίγνωσιν
1428 3196 1688 3266 ἀληθείας
1726 3197 1883 3265 Θεοῦ,

1996 3191 2216 3245 luralem
2270 3191 2326 3245 in
2374 3207 2440 3246 eo
2477 3190 2708 3246 formam
2775 3193 3054 3259 eximiam,
3105 3208 3188 3258 ac,
3260 3208 3424 3262 quam
3472 3209 3574 3263 pro

290 3287 386 3341 καὶ
411 3288 497 3348 είς
523 3285 732 3356 μέτρον
757 3285 976 3356 ἡλικίας
1013 3285 1115 3339 τοῦ
1154 3286 1522 3358 πληρώματος
1571 3291 1889 3360 προάγουσα

291 3369 570 3438 Χριστοῦ,
601 3370 977 3440 δοκιμώτατον
1029 3375 1121 3427 ἐπὶ
1177 3375 1323 3428 τέλει
1371 3377 1625 3448 μάρτυρα
1677 3379 1889 3445 τοῦτον,

293 3459 386 3512 καὶ
461 3458 910 3528 ἀξιολογώτατον
979 3462 1170 3533 Κυρίῳ
1238 3464 1569 3534 παρίστησιν
1630 3465 1889 3538 ἀθλητήν.

304 3547 591 3608 Ἁλλόὑδ
626 3552 660 3617 ἡ
701 3551 854 3608 κάτω
908 3555 1110 3624 πατρὶς
1167 3553 1415 3625 ἄσημος·
1469 3556 1580 3608 οὐδ’
1621 3555 1894 3627 ἀνώνυμοι

296 3643 391 3698 καὶ
446 3644 709 3710 ἀγεννεῖς
767 3642 847 3713 τῷ
924 3643 1195 3714 Ὑακίνθῳ
1253 3649 1450 3708 τοκείς.
1511 3647 1791 3716 ’Δμάστρα
1839 3647 1896 3700 δὲ

298 3731 495 3786 τοῦτον
521 3732 814 3802 ὲνφύσασα
879 3737 970 3788 καὶ
1017 3735 1373 3805 τιθηνήσασα,
1412 3739 1502 3790 καὶ
1523 3738 1628 3792 ὑπὸ
1651 3739 1896 3806 γονεῦσιν

301 3826 606 3896 ἐπισήμοις
680 3843 739 3878 τε
791 3827 980 3880 τοῦτον
1049 3827 1472 3899 ἀναθρεψαμένη
1527 3831 1621 3882 καὶ
1663 3833 1894 3896 πιστοῖς,

300 3916 458 3972 ἔλαθε
485 3920 586 3976 τὸν
615 3919 790 3989 αὐτῆς
833 3919 1250 3991 προϐαλλομένη
1301 3921 1588 3992 πολιοῦχον
1619 3924 1712 3975 καὶ
1743 3923 1897 3975 πολι-

302 4013 459 4080 στήν.

373 4251 440 4307 δ’.
483 4253 803 4326 Ἀμάστρα,
851 4255 880 4307 ό
924 4255 1022 4324 τῆς
1042 4255 1448 4326 Παφλαγονίας,
1485 4257 1684 4328 μᾶλλον
1716 4258 1772 4312 δὲ
1803 4259 1903 4328 τῆς

304 4345 675 4416 οἰκουμένης,
709 4344 892 4414 ὀλίγον
931 4345 1063 4409 δεῖν,
1089 4347 1405 4420 οφθαλμὸς,
1461 4349 1540 4411 είς
1575 4349 1642 4427 ἢν
1681 4350 1818 4404 οἵτε
1842 4350 1905 4402 τὸ

308 4430 528 4502 βόρειον
552 4433 655 4487 τοῦ
696 4435 954 4500 Εὐξείνου
1007 4437 1175 4506 μέρος
1223 4437 1630 4508 περιοικοῦντες
1674 4439 1901 4502 Σκύθαι.

1989 3293 2199 3339 natura
2227 3285 2539 3338 rationibus
2570 3283 2893 3340 nobiliorem
2922 3285 3235 3349 demutans,
3265 3283 3332 3337 ad
3364 3281 3575 3353 Deique

1991 3375 2235 3431 veritatis
2290 3376 2624 3445 agnitionem
2685 3390 2751 3430 ac
2807 3390 3122 3429 mensuram
3189 3383 3408 3430 statura
3465 3376 3578 3445 ple-

1993 3467 2259 3522 nitudinis
2288 3466 2492 3520 Christi
2526 3468 2855 3536 provehens.
2891 3476 2950 3520 ut
2975 3467 3425 3536 probatissimum
3457 3475 3577 3520 tau-

1994 3556 2116 3611 dem
2149 3567 2466 3626 martyrem,
2502 3572 2565 3611 ac
2611 3557 3071 3626 spectatissimum
3127 3557 3358 3612 Domino
3394 3560 3571 3615 athle-

1996 3656 2104 3700 tam
2145 3647 2464 3702 reddiderit.
2493 3646 2561 3700 At
2597 3663 2666 3700 ne
2707 3658 2920 3701 terrena
2953 3649 3169 3716 quidem
3204 3652 3378 3718 patria
3423 3652 3579 3720 igno-

1998 3739 2173 3805 bilis;
2234 3753 2336 3792 nec
2391 3737 2611 3792 obscuri
2658 3753 2836 3808 exque
2871 3738 3040 3806 plebis
3087 3739 3217 3792 face
3273 3740 3582 3810 Hyacintho

1999 3837 2255 3899 parentes
2309 3829 2616 3883 exstitere:
2676 3830 2808 3898 quin
2858 3830 3125 3884 Amastris
3180 3847 3304 3884 eum
3358 3833 3584 3887 sustulit

1999 3929 2054 3975 et
2109 3921 2381 3986 educavit,
2436 3920 2712 3988 clarisque
2773 3936 2837 3978 ac
2885 3921 3160 3976 nobilibus
3223 3922 3582 3993 fidelibusque

2001 4011 2317 4082 parentibus
2372 4011 2525 4065 alens
2581 4011 2837 4068 nesciens
2892 4027 3028 4082 pene
3084 4021 3374 4081 patronum
3422 4031 3580 4071 suum

2003 4111 2391 4171 auctoremque
2424 4116 2488 4155 ac
2528 4101 2829 4170 principem
2864 4103 3110 4171 protulit.

2074 4258 2110 4312 4
2137 4257 2409 4311 Amastris
2448 4258 2728 4321 nimirum,
2768 4256 3158 4329 Paphlagonia
3186 4260 3342 4333 (quin
3396 4263 3585 4332 potius

2005 4350 2156 4404 orbis
2211 4349 2323 4403 fere
2370 4350 2559 4418 totius)
2599 4351 2842 4416 ocellus;
2889 4352 2955 4404 ad
3007 4368 3166 4418 qnam
3215 4355 3586 4411 circunwicini

2010 4439 2225 4512 Scytha
2251 4451 2364 4494 tum
2393 4442 2487 4509 qui
2515 4441 2790 4497 borealem
2815 4443 2981 4497 maris
3003 4441 3201 4497 Euxini
3241 4445 3456 4514 plagam
3493 4448 3592 4504 ha-

305 4526 402 4576 καὶ
436 4527 491 4577 οῖ
518 4526 670 4597 πρὸς
703 4526 855 4580 νότον
889 4527 948 4580 δὲ
993 4527 1260 4598 κείμενοι,
1299 4528 1489 4600 ὥσπερ
1526 4531 1604 4594 είς
1643 4547 1696 4582 τι
1727 4531 1891 4587 κοινοὶ

2011 4533 2207 4598 hitaut,
2253 4543 2366 4588 tum
2409 4535 2501 4602 qui
2541 4533 2607 4587 ad
2645 4543 2891 4588 austrum
2947 4536 3107 4604 positi
3142 4547 3290 4603 sunt,
3341 4539 3488 4592 velut
3522 4540 3593 4597 ad

308 4617 717 4688 συντρέχοντες
778 4617 1084 4688 ἐμπόριον,
1139 4619 1206 4674 τὰ
1251 4618 1380 4690 παρ’
1435 4620 1644 4674 ἑαυτῶν
1684 4638 1743 4674 τε
1786 4639 1906 4674 συν-

307 4708 666 4780 εισφέρουσι,
724 4710 818 4762 καὶ
868 4709 978 4770 τῶν
1023 4710 1154 4780 παρ’
1198 4710 1369 4780 αὐτῆς
1413 4711 1904 4782 ἀντιλαμϐάνουσι⁹

309 4799 492 4866 πόλις,
527 4798 684 4870 ἑῴας
720 4817 780 4852 τε
807 4799 990 4872 πάσης
1027 4801 1235 4872 λήξεως
1279 4805 1373 4855 καὶ
1410 4803 1666 4874 ἑσπερίου
1703 4805 1906 4874 μεταξὺ

310 4893 558 4967 κειμένη
583 4909 598 4923 ·
642 4893 816 4946 οὐδενὶ
852 4893 950 4964 μὲν
984 4892 1090 4946 τῶν
1116 4895 1222 4950 ἀπὸ
1250 4895 1352 4966 γῆς
1384 4895 1416 4965 ἦ
1450 4896 1723 4967 Θαλάσσης
1761 4898 1909 4965 ἀγω-

310 4984 494 5051 γίμων
528 4984 865 5048 σπανίζεται
889 5000 903 5017 ³
930 4987 1063 5038 πᾶσι
1093 4985 1149 5038 δὲ
1194 4988 1306 5050 τοῖς
1331 4987 1656 5058 ἐπιτηδείοις
1678 4989 1913 5056 δαψιλῶς

312 5073 733 5144 εὐθηνουμένη,
765 5075 1164 5146 οἰκοδομήμασί
1202 5094 1262 5130 τε
1290 5077 1562 5150 λαμπροῖς
1585 5081 1679 5132 καὶ
1709 5081 1912 5150 τείχεσι

312 5167 644 5233 καρτεροῖς,
677 5165 767 5217 ναὶ
793 5165 857 5236 δὴ
881 5167 976 5218 καὶ
1014 5166 1199 5236 λιμέσι
1230 5169 1433 5232 καλοῖς,
1468 5171 1562 5222 καὶ
1607 5171 1914 5240 οἰκήτορσιν

313 5253 527 5309 ἄνωθεν
562 5259 1064 5324 περιφανεστάτοις
1109 5259 1446 5330 κεχρημένη,
1492 5261 1572 5313 ἑνὶ
1601 5260 1811 5332 τούτῳ,
1847 5265 1912 5333 τῇ

313 5346 394 5408 είς
461 5347 564 5399 τὸν
617 5345 752 5398 Θεὸν
793 5346 1070 5418 εὐσεῦείᾳ,
1122 5349 1302 5420 μικρῷ
1355 5350 1570 5405 πάντων
1613 5350 1915 5420 ἀνθρώπων

319 5435 658 5503 ἠλαττοῦτο.
697 5440 806 5498 Καὶ
867 5443 1120 5493 σκοπεῖτε
1170 5441 1229 5494 τὸ
1258 5444 1356 5510 τῆς
1398 5443 1624 5496 ἐκείνων
1647 5444 1917 5511 ἀγνωσίας

317 5529 350 5596 ἦ
369 5529 817 5600 δεισιδαιμονίας
842 5531 1006 5602 βάθος
1029 5547 1042 5562 ·
1062 5532 1121 5584 οὐ
1141 5533 1248 5602 γὰρ
1280 5536 1336 5585 ὲν
1380 5515 1681 5603 ἀνθρώπων
1711 5534 1744 5606 ἢ
1765 5534 1918 5599 ζώων

319 5621 486 5674 τινῶν
540 5621 863 5691 ὁμοιώματι
921 5624 1019 5693 τὴν
1091 5623 1185 5677 τοῦ
1237 5623 1514 5695 ἀφθάρτου
1583 5624 1718 5680 Θεοῦ
1761 5627 1918 5693 δόξαν

320 5710 749 5776 ἐναλλάξαντες,
807 5712 995 5789 ὥσπερ
1043 5713 1312 5786 Ἑλλήνων
1360 5715 1454 5772 καὶ
1505 5716 1820 5783 Αἰγυπτίων
1864 5719 1914 5770 οι

326 5799 576 5869 πλείους,
607 5802 676 5856 τὸ
708 5804 866 5869 σέϐας
892 5808 1005 5870 τοῖς
1035 5807 1286 5878 δαίμοσιν
1341 5808 1682 5879 ἀφοσιοῦντο,
1717 5809 1918 5882 δένδρῳ

2005 4639 2298 4679 commune
2337 4637 2728 4680 concurrentes
2761 4627 3087 4695 emporium,
3141 4637 3253 4682 tum
3300 4645 3430 4686 suas
3482 4631 3593 4700 ipsi

2010 4715 2257 4770 inferunt
2285 4731 2515 4781 merces,
2551 4727 2664 4770 tum
2698 4718 2766 4771 ab
2799 4733 2862 4772 ea
2913 4720 3183 4787 recipiunt
3211 4739 3224 4774 :
3261 4718 3403 4775 Urbs
3449 4723 3598 4780 scili.

2007 4817 2095 4862 eet
2120 4807 2297 4862 media
2332 4805 2447 4863 fere
2484 4805 2722 4864 Orientis
2753 4809 2934 4864 omnis
2979 4811 3202 4866 ditionis
3250 4810 3596 4869 Occidentis-

2011 4913 2128 4969 que
2153 4903 2488 4963 constituta;
2529 4901 2736 4955 nullius
2783 4909 2923 4956 terra
2956 4911 3051 4956 aut
3090 4903 3226 4956 mari
3259 4915 3602 4967 commeatus

2012 4993 2241 5060 penuria
2276 4992 2552 5057 laborans,
2585 4994 2908 5063 cunctisque
2949 4997 3274 5064 opportunis
3305 4997 3588 5058 alllnenter

2015 5084 2338 5152 abundans;
2367 5085 2778 5155 splendidisque
2804 5086 3071 5151 adiﬁciis,
3107 5088 3595 5158 civibusqueolim

2017 5175 2406 5233 illustrissimis
2430 5192 2547 5243 usa,
2582 5192 2692 5232 uno
2728 5179 2831 5232 hoc
2853 5178 3088 5249 (pietate
3112 5180 3321 5236 scilicet
3345 5181 3398 5234 in
3423 5182 3594 5236 Deum

2018 5283 2083 5325 ac
2114 5267 2407 5342 religionel
2445 5269 2770 5325 mortalibus
2791 5271 3184 5339 propemodum
3219 5272 3480 5326 omnibus
3509 5271 3596 5326 in.

2018 5358 2184 5412 ferior
2226 5366 2363 5414 erat.
2401 5357 2559 5425 Nam,
2603 5375 2812 5430 quaso,
2860 5363 3077 5418 illorum
3128 5363 3448 5434 ignorantia
3501 5377 3600 5420 seu

2019 5450 2428 5520 superstitionis
2476 5451 2821 5513 altitudinem
2855 5464 3062 5526 quanta
3095 5454 3256 5521 foret,
3307 5455 3594 5514 attendite.

2019 5540 2137 5596 Non
2173 5542 2320 5596 enim
2372 5545 2425 5597 in
2497 5546 2780 5606 hominum
2837 5547 3218 5615 aliquoruinve
3277 5547 3598 5603 animalium

2024 5634 2444 5690 similitudinem
2479 5636 2912 5706 incorruptibilis
2945 5637 3035 5692 Dei
3068 5638 3298 5709 gloriam
3331 5654 3584 5694 commu-

2023 5731 2304 5790 taverant;
2338 5741 2446 5795 qua
2480 5728 2690 5784 ratione
2727 5727 3040 5786 Gracorum
3070 5731 3251 5804 plures
3275 5746 3340 5786 ac
3388 5729 3597 5802 Egyp-

1921 5886 1934 5891 _
2024 5814 2250 5886 tiorum,
2283 5815 2624 5878 daemonibus
2655 5819 2866 5879 cultum
2913 5821 3247 5883 adhibebant
3280 5842 3293 5884 :
3329 5824 3426 5885 sed
3474 5825 3616 5906 cui-ﬁ
