4022 6392
431 348 541 410 423

1631 329 1928 396 ΝΙΟΕΤᾹΞ
1963 325 2490 390 PAPHLAGONIS

3576 325 3685 389 ιει

428 459 550 512 dam
580 451 782 520 arbori,
807 449 948 523 apud
977 462 1072 504 eos
1098 445 1246 503 lotus
1277 443 1356 514 (2)
1387 449 1736 513 nuncupata,
1760 436 2004 509 pulchra:

2127 434 2161 488 ἱέ
2224 451 2332 487 τινι
2375 434 2486 486 τῶν
2548 431 2680 502 παρ’
2737 431 2953 500 αὐτοῖς,
3008 433 3165 504 λωτῷ
3204 434 3303 506 μὲν
3341 435 3689 508 καλουμένῳ,

430 555 676 616 aspectu,
710 552 896 612 utpar
925 547 1033 603 est,
1085 551 1353 608 grataque
1403 533 1678 590 frondium
1725 526 2006 598 composi-

431 639 578 692 tione
631 633 962 689 eluxurianti
1009 630 1254 684 animum
1313 626 1678 684 attendentes,
1735 630 2010 689 supraque

433 729 656 784 modum
711 723 991 795 insipienti
1051 721 1213 776 illecti
1269 720 1472 778 animo,
1524 725 1686 784 atque
1730 713 1851 781 ejus
1880 709 2009 763 victi

2111 525 2298 596 ὡραίῳ
2320 524 2378 578 δὲ
2401 523 2499 595 τὴν
2529 522 2678 590 θέαν,
2712 522 2788 587 ὡς
2828 525 2998 588 είκδς.
3031 525 3126 578 καὶ⁵
3149 525 3366 579 eaeam
3388 527 3489 595 τὴν
3522 543 3694 581 κατα-

2119 615 2320 686 σκευὴν
2370 615 2723 685 προσχόντες,
2777 620 2873 670 καὶ
2920 617 3010 669 τὸν
3036 617 3260 687 ἀνόητον
3279 617 3405 670 νοῦν
3437 619 3696 690 ἀμέτρως

2116 705 2598 775 καταθελχθέντες,
2635 707 2731 759 κα)⁵
2757 706 3078 786 ἡττηθέντες
3099 708 3197 775 τῆς
3224 707 3390 760 αὐτοῦ
3406 708 3692 778 καλλονῆς,

433 792 860 891 pulchritudine,
888 817 1049 871 deum
1082 814 1256 883 ipsam
1280 812 1604 872 vocitantes,
1628 801 2011 860 sacerdotibus

2127 795 2268 849 τοῦτο
2294 795 2427 848 Θεὸν
2449 794 2816 864 νενομήκασιν
2839 809 2854 824 ο
2909 792 3113 864 ἱερεῦσί
3155 810 3217 846 τε
3241 795 3333 847 καί
3366 794 3579 858 θυσίαις
3605 794 3696 860 ἑξ-

432 912 701 966 ministris
728 908 1148 974 bostiarmnque
1172 902 1427 973 religione
1456 897 1776 970 placandam
1819 895 2010 950 decre-

431 1013 647 1059 verant.

507 1094 564 1149 5.
606 1093 696 1148 Sic
741 1091 998 1146 nimirum
1047 1095 1268 1156 tamque
1308 1083 1548 1138 immane
1591 1088 1784 1135 auctus
1823 1086 2014 1146 stupor

435 1194 744 1250 sensusque
781 1177 963 1232 omnis
989 1175 1259 1236 absentia,
1317 1171 1497 1225 omnis
1531 1183 1726 1224 sensus
1761 1167 1880 1220 luce
1919 1180 2012 1218 ca-

436 1276 575 1329 renti
605 1273 786 1328 arbori
834 1274 986 1342 ipsos
1030 1267 1335 1324 addicebat.
1371 1266 1426 1321 Id
1466 1280 1596 1318 vero
1645 1263 1811 1317 etiam
1866 1259 2015 1314 illius

435 1381 630 1418 manus
650 1380 806 1434 opus,
827 1363 918 1432 qui
947 1377 975 1415 a
998 1359 1267 1430 principio
1288 1356 1559 1412 homicida
1583 1355 1689 1409 est‘
1711 1394 1724 1410 .
1757 1352 1805 1408 Is
1823 1366 2017 1420 nempe

433 1455 578 1524 quod
607 1469 636 1506 a
671 1453 920 1515 veritate,
961 1464 1084 1520 quae
1117 1452 1224 1502 una
1263 1448 1504 1516 solaque
1531 1453 1636 1509 est,
1684 1443 1886 1513 pariter
1931 1456 2018 1495 se-

435 1544 627 1596 cedere
675 1556 740 1594 ac
774 1539 977 1594 moveri
1024 1537 1370 1608 praestiterat,
1409 1531 1715 1586 innumeris
1762 1529 2018 1595 deinceps

431 1634 713 1687 erroribus
743 1630 1216 1697 diversissimique
1270 1627 1484 1696 generis
1533 1620 2018 1692 superstitionibus

434 1740 629 1778 noxam
656 1723 940 1777 inferebat.
973 1720 1147 1787 Quam
1175 1721 1359 1788 itaque
1377 1717 1645 1779 dicebam,
1663 1715 1877 1774 civitas,
1901 1710 2018 1763 dira

2114 887 2433 942 ιλάσκεσθαι
2454 886 2625 958 ᾤοντο
2657 887 2788 940 δεῖν.

2182 1063 2246 1116 ε’.
2275 1062 2464 1124 Οὕτως
2488 1061 2670 1115 αὐτῶν
2717 1063 2750 1131 ή
2803 1060 3134 1130 ἀναισθησία
3174 1061 3656 1131 κατευμεγεθοῦσα
3677 1105 3694 1129 ,

2113 1155 2192 1224 τῷ
2221 1153 2535 1224 ἀναισθήτῳ
2562 1151 2949 1206 κατεδουλοῦτο
2999 1151 3142 1222 ξύλῳ
3161 1169 3173 1180 ·
3217 1153 3376 1222 ἔργον
3406 1157 3501 1208 καὶ
3537 1155 3700 1209 τοῦτο

2115 1247 2214 1315 τῆς
2236 1247 2333 1300 ἀπ’
2365 1245 2540 1314 ἀρχῆς
2567 1244 3015 1316 ἀνθρωποκτόνου
3050 1246 3266 1314 χειρόςο
3300 1245 3358 1308 ὃς
3379 1247 3566 1317 ἐπειδὴ
3596 1248 3698 1316 τῆς

2120 1339 2249 1409 μιᾶς
2283 1335 2540 1405 ἀληθείας
2579 1337 2675 1388 καὶ
2730 1335 2897 1404 μόνης
2947 1336 3508 1406 συμπαρακινηθῆναι
3553 1345 3698 1408 πάρ-

2117 1428 2432 1491 εσκεύαζεν,
2477 1427 2698 1497 μυρίαις
2724 1426 2910 1478 λοιπὸν
2949 1428 3185 1491 ἀπάταις
3225 1429 3321 1480 καὶ
3372 1429 3700 1500 δεισιδαιμο-

2119 1521 2261 1583 νίαις
2283 1519 2800 1588 πολυτροπωτάταις
2830 1519 3175 1586 ἐλυμαίνετο.
3214 1517 3278 1570 Ἦ
3303 1518 3404 1586 μὲν
3434 1518 3700 1590 οῦνείρη-

2123 1613 2259 1681 μένη
2321 1611 2473 1672 πόλις
2525 1609 2588 1661 ἐκ
2629 1625 2773 1672 τινος
2819 1608 3168 1672 θεοϐλαὸείας
3219 1611 3704 1680 πατροπαραδότου

2121 1703 2216 1755 καὶ
2251 1703 2453 1755 ἀτόπου
2475 1701 2794 1771 προλήψεως
2837 1700 3260 1771 ξυλολατροῦσα,
3305 1701 3404 1770 τῆς
3443 1702 3704 1774 ἀληθινῆς

433 1820 668 1884 quadam
709 1821 935 1869 adverso
967 1814 1190 1867 numine
1229 1811 1548 1874 stoliditate,
1579 1808 1846 1876 majorum
1886 1815 1998 1858 tra-

2127 1795 2264 1846 οῦτω
2293 1794 2630 1863 διημάρτανε
2681 1793 3055 1860 θεογνωσίας·
3107 1793 3207 1845 οὐκ
3259 1792 3450 1863 ἔμελλε
3500 1795 3557 1846 δὲ
3595 1795 3703 1865 άρα

433 1909 638 1963 ditione
699 1915 944 1975 accepta,
1002 1903 1352 1972 absurdaque
1407 1901 1597 1955 inolito
1641 1898 1784 1967 vulgi
1831 1909 2016 1950 errore

433 2000 710 2069 opinione,
743 2000 946 2053 cultum
981 1996 1163 2049 arbori
1221 1981 1508 2056 adhibens,
1539 2007 1569 2045 a
1600 2004 1724 2042 vera
1786 1987 1877 2041 Dei
1909 2001 2002 2040 c0-

436 2091 680 2161 gnitione
703 2104 767 2144 ac
798 2089 899 2142 lldc
946 2103 1072 2142 eum
1109 2087 1162 2140 in
1190 2086 1410 2140 modum
1436 2081 1740 2136 aberrabat.
1780 2076 1898 2132 Non
1931 2086 2016 2130 ta-

437 2199 558 2236 men
595 2179 836 2235 futurum
867 2188 986 2234 erat
1011 2188 1072 2234 ut
1119 2193 1238 2232 eam
1268 2176 1473 2231 Christi
1529 2171 1866 2244 providentia
1917 2184 2014 2222 ne-

2120 1884 2227 1937 ύπὸ
2257 1887 2357 1953 τῆς
2376 1883 2468 1936 τοῦ
2496 1883 2732 1953 Χριστοῦ
2782 1883 3040 1953 προνοίας
3098 1885 3660 1957 παραμεληθήσεσθαι
3682 1901 3696 1916 ⁸

2115 1977 2225 2029 οὐδ’
2271 1977 2349 2038 εἰς
2402 1975 2551 2037 τέλος
2582 1975 2728 2044 αὐτῷ
2767 1975 3284 2046 παροραθήσεσθαι’
3335 1977 3395 2029 τὸ
3434 1977 3614 2047 τίμιον
3643 1977 3702 2031 δὶ

2113 2066 2272 2120 τοῦτο
2323 2068 2417 2120 καὶ
2439 2067 2696 2134 θεόφυτον
2726 2067 2994 2136 εὐκαίρως
3021 2065 3288 2136 ὲξανίσχει
3312 2067 3475 2135 φυτόν
3493 2085 3508 2102 ο
3539 2070 3704 2137 φυτὸν

2113 2159 2259 2230 ζωῆς
2307 2159 2490 2226 άγίας,
2524 2158 2619 2210 καὶ
2662 2159 2836 2228 ψυχῆς
2877 2158 3087 2222 τελείας
3117 2159 3215 2212 καὶ
3259 2159 3514 2229 ἀληθείας
3567 2160 3704 2214 Θεοῦ

435 2271 679 2342 gligeret,
723 2271 804 2326 vel
863 2271 916 2324 in
965 2271 1071 2325 line
1121 2276 1516 2324 contemneret.
1571 2263 1714 2330 Quin
1769 2261 2010 2314 nobilem

2127 2253 2337 2323 πλῆρες,
2387 2251 2526 2304 κατά
2566 2249 2660 2303 τοῦ
2685 2251 2785 2319 τῆς
2827 2250 3036 2321 πλάνης
3087 2251 3341 2321 ἀνίστησι
3365 2252 3558 2321 φυτοῦ.

437 2365 577 2419 hanc
621 2364 841 2430 Deoque
872 2371 1048 2417 satam
1103 2370 1412 2430 Opportune
1459 2356 1713 2429 producit
1768 2355 2012 2423 stirpem.
2049 2346 2252 2416 Nempe
2286 2345 2510 2414 stirpem
2543 2344 2665 2398 vitae
2705 2355 2930 2408 sancite,
2989 2343 3324 2413 perfectique
3355 2345 3558 2414 μειιίιηί
3637 2361 3702 2403 ac

437 2453 530 2509 Dei
559 2455 807 2510 veritatis
839 2454 1076 2523 plenam,
1127 2453 1391 2508 adversus
1434 2451 1640 2506 erroris
1697 2448 1924 2516 stirpem
1961 2442 2276 2497 exsuscitat.
3225 2441 3230 2445 ‘

507 2594 561 2650 6.
617 2594 804 2650 Sancti
859 2593 1023 2664 igitur
1078 2591 1368 2664 Hyacinthi
1404 2591 1577 2662 ipsam
1630 2589 1808 2659 primo
1856 2586 2014 2657 quasi

442 2687 686 2758 germine
712 2685 1036 2748 editionem,
1067 2685 1116 2739 ei
1165 2685 1377 2738 scilicet
1419 2686 1488 2737 ab
1522 2681 1748 2736 infantia
1771 2678 2022 2747 omnipo-

439 2778 606 2832 tentis
640 2776 878 2846 Spiritus
929 2775 1167 2830 aﬂlatum
1225 2776 1482 2828 comitem
1534 2787 1598 2826 ac
1626 2771 2018 2840 Operationem,

438 2867 882 2937 mirabiliumque
916 2881 1143 2936 cpernm
1165 2865 1552 2920 exhibitionem
1576 2862 1651 2931 t5)
1673 2881 1684 2914 :
1707 2862 1856 2914 novit
1874 2859 2018 2913 enim

440 2958 717 3028 Sapientia
765 2973 830 3012 ex
863 2961 977 3028 ipsa
1011 2959 1171 3020 vulva
1226 2956 1320 3026 qui
1371 2955 1518 3009 illius
1578 2951 1869 3008 necessarii
1909 2950 2021 3004 sint

439 3048 787 3104 sanctiticare
815 3063 830 3114 ;
860 3063 923 3101 ac
952 3061 1093 3116 quos
1127 3045 1244 3101 suis
1283 3043 1452 3115 agiles
1494 3042 1698 3096 muniis
1727 3042 1844 3095 fore
1877 3054 2017 3109 prat-

439 3137 606 3194 scivit
659 3151 726 3191 ac
787 3135 1127 3199 industrios,
1192 3134 1474 3202 liberoque
1532 3131 1700 3187 animi
1759 3139 1894 3183 nutu
1956 3142 2021 3184 ac

2195 2579 2268 2646 ς’.
2297 2581 2408 2653 Τὴν
2447 2579 2548 2650 μὲν
2595 2576 2690 2634 οῦν
2738 2580 2800 2646 ἐξ
2839 2579 3018 2652 ἀρχῆς
3073 2579 3362 2634 Ὑακίνθου
3404 2579 3499 2634 τοῦ
3547 2581 3705 2650 άγίου

2124 2672 2381 2742 βλάστην,
2449 2672 2566 2740 ῆτοι
2633 2672 2734 2742 τὴν
2790 2669 3049 2742 νηπιόθεν
3104 2670 3256 2742 αύτῷ
3316 2674 3708 2744 παρεπομένην

2122 2764 2217 2818 τοῦ
2255 2763 2590 2826 πανσθενοῦς
2621 2762 2939 2832 Πνεύματος
2975 2763 3278 2833 ὶνέργειαν,
3315 2763 3544 2818 καὶτῶν
3574 2765 3707 2817 θαυ-

2125 2859 2335 2928 μασίων
2357 2858 2454 2927 τὴν
2487 2855 2746 2921 ἐπίδειξιν
2763 2872 2776 2886 ·
2797 2853 2934 2908 οἶδεν
2963 2855 3071 2925 γάρ
3105 2857 3139 2925 ὴ
3166 2854 3333 2924 Σοφία
3363 2855 3471 2909 ἀπὸ
3494 2857 3708 2926 μήτρας

2121 2951 2291 3019 αὐτῆς
2311 2951 2554 3017 άγιάζειν
2583 2949 2708 3012 τοὺς
2740 2948 2971 3011 οἰκείους
2992 2948 3086 3000 καὶ
3115 2946 3208 3010 οὓς
3229 2947 3478 3017 προέγνω
3503 2948 3709 3012 δεξιοὺς

2121 3042 2258 3111 αὐτῇ
2317 3039 2779 3112 χρηματίζοντας,
2843 3039 2938 3092 καὶ
2995 3037 3222 3110 γνώμης
3259 3039 3602 3108 ἕκουσιότητι
3646 3040 3708 3094 τὸ

2129 3132 2336 3203 βέλτιον
2387 3131 2780 3202 αἱρετίσοντας,
2828 3129 3040 3193 τούτοις
3086 3129 3202 3200 ἅμα
3245 3131 3312 3200 τῇ
3357 3129 3553 3202 πρώτῃ
3582 3145 3712 3182 συν-

439 3229 720 3284 voluntate
756 3229 1010 3284 virtutem
1044 3228 1338 3289 electuros,
1367 3240 1493 3279 mox
1522 3238 1586 3278 ac
1615 3223 1790 3293 prima
1820 3220 2020 3275 forma-

2127 3225 2356 3279 εισιέναι
2381 3222 2598 3288 πλάσει,
2649 3222 2746 3275 καὶ
2794 3219 3122 3290 τεκμηρίοις
3145 3219 3290 3273 τισὶν
3315 3219 3465 3273 εστιν
3487 3220 3579 3273 ὅτε
3611 3221 3710 3292 τὴν

443 3319 595 3374 tione
645 3335 698 3372 tn
744 3334 926 3374 rerum
984 3327 1238 3372 naturam
1289 3315 1578 3376 subierint,
1623 3327 1814 3368 eorum
1859 3311 2024 3366 certis

441 3409 772 3481 quibusdam
829 3409 1045 3465 indiciis
1100 3407 1435 3478 quandoque
1493 3404 1734 3460 futuram
1783 3403 2015 3474 gloriam

440 3501 729 3570 designare
750 3513 815 3554 ac
833 3498 1157 3564 claritatem)
1177 3498 1313 3563 haec,
1338 3497 1484 3550 velut
1503 3510 1623 3566 quae
1641 3510 1749 3549 non
1771 3495 2025 3548 humana:

442 3591 762 3657 voluntatis,
828 3591 923 3644 sed
983 3587 1076 3643 Dei
1129 3589 1338 3658 liquido
1371 3602 1537 3657 opera
1575 3586 1862 3652 exsistant,
1916 3585 2025 3640 illis

443 3681 728 3738 referenda
786 3680 1160 3750 relinquemus
1210 3679 1311 3752 (4),
1343 3679 1544 3748 quibus
1594 3680 1780 3733 animo
1814 3678 2024 3732 consti-

441 3785 657 3839 tutum,
723 3783 783 3829 ut
828 3775 948 3844 ejus
1001 3789 1185 3828 rerum
1251 3781 1437 3828 texant
1507 3771 1811 3826 historiam.
1867 3770 2025 3836 Quod

441 3882 575 3924 vero
633 3883 740 3921 non
799 3868 978 3921 solum
1029 3865 1226 3920 divina:
1255 3865 1462 3935 gratiae,
1519 3863 1614 3918 sed
1679 3872 1732 3916 et
1780 3862 2024 3918 victricis

443 3959 621 4028 palam
661 3958 874 4012 athleta:
909 3957 1078 4010 animi
1139 3956 1440 4011 voluntatis
1491 3955 1704 4010 fructus
1730 3963 1816 4010 est
1848 3955 2026 4010 illius-

442 4064 551 4120 que
575 4049 797 4118 dignum
833 4049 956 4102 ﬁdei
985 4062 1148 4118 opus,
1185 4047 1290 4102 hoc
1333 4046 1469 4100 mihi
1506 4047 1684 4101 visum
1733 4054 1794 4100 ut
1847 4044 2026 4100 laudi-

443 4141 547 4195 bus
581 4139 876 4204 celebrem,
900 4139 1350 4208 admirandisque
1374 4138 1518 4193 sacri
1575 4137 1836 4208 martyris
1867 4136 2025 4193 fortis

443 4231 610 4287 animi
666 4233 835 4300 gestis
859 4229 1133 4298 factisque
1189 4242 1489 4300 martyrum
1533 4237 1782 4284 amantes
1811 4229 2026 4286 animos

443 4331 772 4391 mentesque
818 4321 964 4374 laute
1005 4321 1300 4389 excipiam.
1343 4317 1504 4386 Quod
1557 4320 1702 4374 enim
1733 4321 1908 4390 prima
1941 4321 2025 4374 al-

445 4423 666 4482 teraque
686 4421 868 4476 aetate,
894 4426 958 4464 ac
986 4411 1244 4480 deinceps
1292 4413 1442 4466 omni
1477 4413 1677 4482 pietate
1703 4425 1768 4466 ac
1801 4412 2027 4482 iustitia:

445 4503 701 4571 operibus
727 4514 974 4572 peraCta,
1020 4502 1104 4555 vir
1131 4501 1324 4557 beatus
1368 4502 1434 4558 ad
1479 4503 1680 4558 seniles
1707 4504 1820 4574 jam
1850 4518 2026 4559 annos

2130 3319 2429 3390 μέλλουσαν
2459 3316 2906 3388 παρασημαίνειν
2933 3315 3123 3380 δόξαν·
3159 3313 3332 3370 ταῦτα
3363 3315 3485 3382 μὲν,
3513 3303 3590 3379 ὡς
3610 3314 3709 3367 οὐκ

2125 3409 2475 3481 ἀδθρωπίνης
2528 3407 2927 3478 προαιρέσεως,
2980 3404 3118 3459 Θεοῦ
3161 3405 3220 3459 δὲ
3273 3404 3528 3477 καθαρῶς
3569 3403 3706 3475 ἔργα

2127 3500 2473 3564 καθεστῶτα,
2505 3502 2618 3563 τοῖς
2653 3499 2890 3570 ίστορείν
2917 3498 3168 3552 ἐθέλουσι
3197 3500 3522 3570 παρήσομεν
3544 3511 3558 3528 ⁸
3585 3497 3703 3564 tat,

2125 3593 2308 3646 οὐκέτι
2343 3592 2511 3663 μόνης
2544 3590 2648 3660 τῆς
2701 3591 2946 3660 χάριτος,
2983 3589 3121 3643 ἀλλὰ
3165 3590 3262 3643 καὶ
3297 3589 3399 3659 τῆς
3427 3589 3712 3660 ἀθλοφορι-

2126 3685 2228 3754 κῆς
2282 3682 2735 3753 ὁμολογουμένως
2789 3680 3108 3752 προθέσεως
3160 3681 3398 3752 καρπὸς,
3433 3681 3525 3734 καὶ
3551 3680 3711 3752 ῐργον

2125 3775 2223 3845 τῆς
2256 3773 2468 3827 ἐκείνου
2503 3773 2741 3836 πίστεως
2771 3773 2945 3838 ἀξιον,
2978 3773 3139 3828 τοῦτό
3186 3791 3276 3843 μοι
3310 3773 3525 3838 δοκοῦν,
3549 3775 3710 3828 ἔπαι-

2125 3865 2307 3920 νετέον
2333 3861 2493 3929 εἶναι,
2518 3865 2613 3920 καὶ
2637 3867 2758 3929 ταῖς
2807 3865 3144 3937 θαυμασίαις
3186 3865 3282 3920 τοῦ
3324 3866 3472 3937 ἱεροῦ
3502 3865 3712 3938 μάρτυ-

2130 3975 2222 4029 ρος
2279 3957 2697 4028 ἀνδραγαθίαις,
2730 3959 2831 4021 τὰς
2875 3958 3291 4030 φιλομάρτυρας
3335 3958 3576 4022 διανοίας
3614 3959 3708 4012 καὶ

2123 4049 2301 4119 ψυχὰς
2333 4050 2539 4120 seruiit.
2582 4049 2738 4103 Ἐπεὶ
2795 4051 2906 4121 γὰρ
2954 4050 3057 4120 τὴν
3106 4050 3330 4121 πρώτην
3363 4067 3424 4104 τε
3455 4050 3550 4104 καὶ
3593 4050 3716 4104 δευ-

2125 4141 2292 4211 τέραν
2323 4140 2562 4210 ἠλικίαν,
2591 4141 2686 4194 καὶ
2732 4140 2968 4212 καθεξῆς
2992 4143 3021 4195 ό
3054 4140 3340 4210 Μακάριος
3375 4142 3449 4194 ἐν’
3463 4141 3716 4214 εὐσεϐείᾳ

2124 4247 2185 4285 τε
2213 4230 2360 4302 πάσῃ
2391 4233 2483 4284 καὶ
2504 4230 2688 4302 ἔργοις
2708 4230 3007 4296 τετελεκὼς
3038 4230 3409 4300 δικαιοσύνης,
3441 4233 3519 4294 είς
3546 4247 3714 4301 πρεσ-

2128 4322 2355 4393 ϐυτικὴν
2387 4323 2489 4394 ἢδη
2523 4323 2915 4393 μεθηλικίωσιν
2960 4324 3322 4394 κατήντησεν,
3353 4323 3462 4394 ὅσῳ
3493 4323 3592 4392 μὲν
3613 4322 3714 4375 αὑ-

2125 4414 2217 4477 τὸς
2274 4413 2353 4483 τῷ
2415 4414 2612 4485 μακρῷ
2658 4413 2838 4485 χρόνῳ
2906 4414 3044 4484 πρὸς
3105 4415 3286 4468 πᾶσαν
3332 4414 3472 4467 Θεοῦ
3524 4414 3714 4470 πίστιν

2129 4504 2480 4576 κατωρθοῦτο
2537 4505 2633 4558 καὶ
2678 4505 2903 4578 ἀρετὴν,
2931 4504 3171 4574 τοσούτῳ
3215 4505 3416 4576 μᾶλλον
3451 4505 3501 4557 οί
3533 4521 3713 4576 παραο

446 4601 736 4655 evaserat;
796 4604 1001 4659 quanto
1067 4591 1158 4646 ille
1219 4591 1378 4662 longa
1435 4602 1594 4648 aetate
1656 4608 1875 4647 omnem
1928 4591 2020 4648 Dei

2131 4594 2431 4666 νομώτατοι
2463 4595 2564 4664 τῆς
2627 4597 2834 4661 πόλεως
2894 4598 3036 4651 κατά
3065 4598 3192 4660 τοὺς
3242 4595 3409 4650 πάλαι
3440 4596 3711 4660 ἀπειθεῖς,

449 4683 610 4736 fidem
642 4682 1008 4751 virtutemque
1055 4684 1370 4752 praestabat,
1419 4693 1572 4738 tanto
1617 4683 1791 4754 magis
1853 4683 2026 4739 sceleo

449 4775 674 4830 stissimi
741 4773 910 4839 cives,
959 4789 1151 4828 eorum
1209 4790 1362 4830 more
1418 4776 1514 4845 qui
1567 4776 1696 4830 olim
1761 4774 2027 4830 increduli

451 4869 685 4932 fuerant,
732 4867 876 4938 ejus,
929 4882 1094 4937 quam
1145 4867 1416 4933 dicebam,
1465 4847 1678 4924 arboris
1709 4868 1857 4924 cultu
1885 4881 2027 4924 mm-

523 5047 538 5078 ³
571 5045 732 5101 Joan.
757 5062 876 5112 \‘lll,
899 5046 992 5100 AM.

527 5259 605 5328 (2)
639 5257 734 5314 Est
757 5259 904 5313 lotus
935 5258 1099 5314 arbor
1127 5257 1276 5312 Afris
1309 5253 1615 5328 familiaris,
1663 5267 1786 5324 quae
1823 5250 2034 5328 profert

455 5322 662 5385 fructus
684 5330 819 5399 adeo
849 5338 1054 5399 gratos,
1091 5338 1148 5382 ut
1173 5327 1403 5399 advenis
1423 5327 1653 5399 incutiat
1683 5322 1886 5399 patriae
1933 5322 2032 5375 ob-

450 5401 733 5468 livionem.
761 5391 899 5453 Hinc
928 5391 1114 5452 natUm
1160 5397 1530 5468 proverbium,
1582 5391 2031 5468 Amfodézpaysg,

453 5474 504 5525 id
535 5480 621 5524 est
657 5467 932 5552 ι-ῐλοιιιιιιρ
949 5463 1202 5550 gustasti.
1235 5485 1268 5552 Ir
1303 5464 1442 5547 Hinc
1501 5463 1798 5552 botophagi
1833 5476 2032 5542 vocat]:

452 5550 541 5594 tur
583 5541 805 5610 quidam
861 5533 1057 5592 Africa:
1085 5536 1295 5606 populi,
1332 5536 1424 5604 qui
1479 5535 1600 5602 ejus
1659 5533 1836 5586 fructu
1887 5544 1978 5584 ves
2018 5533 2034 5583 i

453 5611 732 5690 dicuntur.
761 5609 834 5664 De
859 5609 950 5663 illa
992 5608 1238 5662 meminit
1282 5604 1572 5671 Homerus,
1622 5602 1872 5663 Ovidius,
1905 5599 2032 5653 -ΡΙι-

455 5680 917 5814 ’,Πίῗῗῗίιὲἓίῗὲἶιὶο
942 5746 1160 5803 Nicetas
1189 5745 1306 5803 vult
1334 5742 1577 5805 alludere
1606 5741 1671 5798 ad
1708 5739 2031 5797 miraculum

2131 4687 2210 4755 τῷ
2258 4688 2533 4759 εἰρημένῳ
2583 4688 2886 4759 ἑμοιχῶντο
2926 4689 3105 4759 ξύλῳ·
3132 4689 3227 4743 καὶ⁴
3273 4689 3427 4743 αὐτοὶ
3480 4687 3581 4759 μὲν
3639 4689 3716 4751 ὼς

2133 4777 2274 4846 Θεῷ,
2332 4778 2508 4850 τούτῳ
2571 4780 2672 4844 τὰς
2742 4781 2997 4850 λατρείας
3066 4781 3315 4843 ικτόπως
3367 4778 3716 4852 θυσιάζοντες

2134 4870 2398 4942 ἀνέφερον
2418 4887 2432 4901 ·
2465 4871 2625 4937 αὐτὸς
2657 4872 2735 4940 δὲ,
2775 4871 2856 4944 τῷ
2885 4874 3032 4945 ζήλῳ
3063 4874 3162 4944 τῆς
3197 4872 3481 4937 εὐσεϐείας
3507 4887 3718 4945 mpm-

2136 5254 2281 5336 qttod
2437 5256 2809 5336 _llyaeintlu_ts
2852 5257 2904 5311 in
2961 5259 3190 5328 pueritia
3240 5257 3494 5328 patravit,
3533 5257 3610 5312 uti
3661 5257 3716 5312 in

2137 5326 2287 5398 illius
2311 5328 2488 5398 elogio
2508 5326 2675 5382 'antea
2708 5326 2963 5398 vidimus.

2209 5395 2285 5464 (4)
2343 5395 2481 5452 Hinc
2537 5407 2701 5467 patet,
2760 5397 3002 5468 Niretam
3044 5400 3447 5468 Paphlagonem
3508 5406 3714 5452 tantum

2139 5469 2462 5546 martyrium
2506 5471 2732 5546 _sancti_
2761 5467 3046 5546 Hyacinthi
3107 5467 3362 5524 laudibus
3385 5539 3397 5546 _
3432 5468 3714 5529 extollere,

2139 5538 2257 5590 sive
2300 5540 2445 5605 quod
2489 5538 2555 5592 de
2601 5540 2764 5608 gestis
2813 5539 2932 5607 ejus
2994 5547 3119 5593 ante
3177 5539 3500 5609 martyrium
3545 5552 3714 5607 pauca

2139 5616 2352 5672 nosset,
2385 5609 2498 5661 sive
2533 5610 2678 5677 quod
2713 5612 2826 5662 haec
2858 5609 3224 5664 eelehrassent
3277 5608 3370 5663 alii
3399 5608 3714 5678 scriptores,

2141 5690 2375 5744 quorum
2407 5678 2599 5733 notitia
2635 5679 2702 5734 ad
2734 5693 2835 5734 nos
2859 5693 2968 5734 non
2997 5678 3262 5750 pervenit.
