4022 6408
273 365 363 430 425

828 362 1109 433 ORATIO
1143 362 1304 422 X-IX.
1337 387 1405 398 —
1436 360 1518 422 IN
1559 360 1875 421 LAUDEM
1916 359 1973 420 S.
2011 354 2436 421 HYACINTHI
2475 359 2944 424 AMASTRENI.

3417 369 3523 437 426

273 479 535 548 λούμενος,
592 475 690 528 καὶ
749 474 870 528 καθ’
926 477 1200 546 ἑκάστην,
1246 475 1322 540 ὡς
1371 477 1584 541 εἰπεῖν,
1652 475 1836 538 αὐτοῖς

1956 471 2264 529 :babantur.
2322 474 2500 544 Atque
2545 474 2602 529 hi
2663 476 2882 547 quidem
2917 470 3016 545 illi,
3072 486 3134 535 ut
3177 481 3288 538 Deo
3355 488 3530 541 sacri-

273 568 519 641 προσιὼν,
548 565 849 637 παρηγγύα
879 567 974 620 καὶ
1017 567 1424 637 παρήγγελλεν,

332 835 392 901 ζ’.
432 848 452 885 t
498 828 727 903 Ἀνδρες
759 832 999 897 πολῖται,
1035 830 1230 902 λέγων,
1280 830 1438 896 ὅσοις
1487 832 1715 904 ἔμφρων
1758 835 1843 887 ὲν-

270 926 519 980 έστακται
582 922 868 995 λογισμὸς,
918 923 1113 995 δέομαι
1148 920 1324 994 ὑμῶν,
1360 922 1495 997 ὀρθῇ
1527 927 1708 996 κρίσει
1748 924 1843 980 καὶ

269 1019 502 1091 διακονίᾳ
558 1016 919 1088 λελογισμένῃ
970 1015 1327 1088 κεχρημένοι,
1387 1021 1500 1082 τοῖς
1548 1017 1639 1087 ὑφ’
1687 1019 1845 1089 ὑμῶν

270 1112 659 1184 πραττομένοις
709 1111 1044 1181 ὲπιστήσατε
1094 1109 1183 1163 τὸν
1240 1109 1402 1163 νούν·
1439 1110 1613 1180 γνῶτε
1645 1111 1709 1182 δὴ
1751 1111 1846 1165 καὶ

272 1204 447 1258 σύνετε
482 1203 592 1256 τίνι
645 1202 938 1273 λατρεύετε
962 1214 977 1233 ·
1012 1202 1105 1255 καὶ
1148 1202 1256 1255 τίνι
1288 1202 1350 1255 τὸ
1374 1203 1563 1265 σέϐας,
1596 1203 1672 1266 ὡς
1702 1203 1841 1272 Θεῷ,

271 1298 746 1369 προσαναφέρετεο
805 1295 866 1349 τὸ
903 1292 1061 1360 ξύλον
1095 1295 1200 1367 γὰρ
1251 1292 1430 1361 τοῦτο,
1487 1296 1631 1350 καθά
1662 1299 1756 1350 καὶ
1778 1297 1847 1351 τὰ

269 1388 418 1443 λοιπά
441 1388 637 1460 δένδρα
669 1388 870 1453 πάντα,
893 1386 1001 1440 τῶν
1037 1384 1134 1458 μὲν
1157 1386 1382 1458 ἀψύχων
1411 1388 1679 1458 σωμάτων
1715 1388 1846 1442 καλ-

267 1481 430 1545 λίονός
455 1484 575 1535 ἐστι
611 1481 850 1551 φύσεως,
885 1480 1010 1534 καθ’
1051 1480 1079 1533 ὃ
1111 1478 1415 1553 θρεπικῆς
1448 1481 1585 1545 ὅλως
1622 1481 1715 1534 καλ⁸
1743 1481 1844 1534 αύ-

270 1572 486 1647 ξητικῆς
516 1572 798 1645 δυνάμεως
853 1574 1101 1646 εὐμοιρεῖ
1125 1588 1136 1606 ’
1173 1574 1358 1644 χεῖρον
1401 1571 1457 1627 δὲ
1505 1572 1661 1640 ζώων
1701 1574 1834 1628 πάνυ

267 1686 384 1731 των,
417 1667 505 1720 ὅτι
540 1666 722 1739 πάσης
765 1666 1074 1739 αἰσθήσεως
1116 1669 1212 1722 καὶ
1250 1666 1435 1741 πάσης
1473 1667 1846 1739 μεταϐατικῆς

268 1761 525 1829 κινήσεως
559 1760 801 1831 ἀμοιρεῖ·
835 1756 1025 1833 ὥσπερ
1046 1761 1110 1831 δὴ
1147 1762 1244 1815 καὶ
1273 1760 1382 1815 τῶν
1400 1758 1609 1830 ἀλόγων
1639 1761 1846 1816 ἕκαστα

267 1848 431 1917 ζώων,
453 1846 534 1922 τῷ
561 1850 660 1922 μὲν
688 1850 994 1922 αἰσθήσεως
1042 1851 1075 1924 ἢ
1128 1854 1399 1925 κινήσεως
1424 1852 1697 1924 μετέχειν,
1738 1852 1847 1908 τῶν
1881 1829 1921 1884 Β

268 1944 439 2014 φυτῶν
467 1939 785 2016 τελειότερα
817 1942 1184 2016 δεικνύμενα,
1220 1945 1299 2017 τῷ
1347 1942 1554 2020 ἄμοιρα
1584 1943 1641 2001 δὲ
1685 1946 1845 2015 λόγου

267 2034 612 2100 καθεστάναι,
634 2034 728 2089 τοῦ
760 2030 1054 2105 ἀνθρώπου
1107 2036 1250 2089 κατὰ
1295 2033 1458 2103 φύσιν
1515 2034 1847 2109 χρηματίζει

266 2125 460 2196 χείρω·
501 2122 598 2179 καὶ
632 2126 743 2198 γὰρ
779 2126 875 2197 οὐχ
909 2122 1185 2199 ὁμοιειδὴς
1226 2128 1260 2199 ἡ
1309 2120 1507 2194 κτίσις,
1550 2124 1660 2181 οὐδ’
1711 2128 1843 2196 ὁμο-

264 2214 435 2285 ταγῶς
465 2217 537 2271 τὰ
568 2218 745 2272 πάντα
784 2218 850 2291 τῇ
890 2214 1212 2291 δημιουργῷ
1249 2220 1412 2293 σοφίᾳ
1456 2219 1844 2275 διατέτακται·

266 2310 369 2364 ἀλλ’
394 2314 452 2365 ὲν
489 2312 852 2385 παναρμονίῳ
911 2314 980 2366 τὰ
1031 2314 1210 2367 πάντα
1262 2314 1547 2385 συστοιχίᾳ
1596 2308 1691 2368 καὶ
1716 2316 1847 2367 ἀκοι-

263 2402 461 2476 λουθίᾳ,
506 2402 614 2457 ἀπὸ
642 2402 735 2458 τοῦ
825 2403 1095 2475 βελτίονος
1154 2405 1338 2479 ἐπὶ-τὸ
1363 2396 1552 2477 ἧσσον,
1593 2405 1689 2460 καὶ
1741 2404 1848 2459 ἀπό

265 2495 350 2549 τοῦ
403 2495 600 2568 ὁμοίου
651 2498 748 2551 καί
805 2497 1074 2563 θεοειδοῦς
1117 2500 1210 2551 ἐπὶ
1265 2498 1327 2552 τὸ
1374 2499 1565 2570 πόρρω
1590 2497 1725 2552 Θεοῦ
1756 2502 1850 2552 καὶ

264 2587 513 2661 ἀνόμοιον
549 2588 779 2668 προᾲγει
813 2584 913 2661 τήν
939 2589 1306 2662 δημιουργίαν
1329 2608 1342 2622 ·
1373 2591 1448 2654 ὡς
1482 2592 1550 2645 ἂν
1599 2592 1675 2663 μὴ
1715 2592 1850 2661 ιΞιμέ⁸

267 2697 365 2744 σως
384 2682 499 2743 τοῖς
528 2681 637 2734 τῶν
670 2681 850 2753 ἔργων
887 2683 1161 2752 ἐσχάτοις,
1198 2683 1287 2736 διὰ
1330 2682 1541 2736 πολλῶν
1574 2682 1631 2735 δὲ
1658 2682 1766 2735 τῶν
1793 2684 1850 2736 ἔν

267 2768 405 2844 μέσῳ
455 2769 741 2845 θεωρηθῇ,
782 2770 883 2840 τὰς
935 2772 1258 2844 πρεπούσας
1320 2773 1577 2844 προνοίας
1626 2772 1850 2827 ἐπιϐάλ-

264 2863 455 2918 λουσαο
524 2861 638 2928 τοϊς
678 2865 931 2919 κάτωθεν
979 2864 1036 2919 δὲ
1085 2866 1223 2937 πρὸς
1277 2866 1441 2920 αὐτοῦ
1491 2868 1703 2921 ἀνιέναι
1752 2868 1850 2938 τῂν

265 2954 447 3027 σοφίαν
507 2956 598 3010 διὰ
657 2954 889 3031 θεωρίας
930 2956 1299 3029 βουλομένοις,
1340 2958 1431 3012 διά
1473 2976 1624 3023 τινας
1653 2958 1851 3011 ἀναϐα-

264 3050 421 3120 θμοὺς
455 3042 981 3121 προῦποόἀλλουσα,
1017 3050 1111 3104 καὶ
1150 3048 1360 3115 τούτοις
1404 3050 1505 3115 τὰς
1537 3051 1673 3122 πρὸς
1717 3049 1850 3103 Θεὸν

262 3138 552 3207 ἅναόἀσεις
588 3140 1022 3201 κατενθύνουσα.

329 3421 397 3496 η’.
429 3445 447 3478 ι
475 3422 580 3478 Διά
604 3417 761 3478 τοῦτο
780 3420 988 3496 πρῶτοι
1016 3424 1116 3496 μὲν
1142 3423 1362 3496 ἀπάσης
1380 3424 1478 3492 τῆς
1502 3423 1708 3497 ὁρατῆς
1736 3422 1854 3477 κτί-

268 3534 417 3583 σεως,
452 3518 561 3572 ὑπὸ
615 3514 716 3587 τῆς
748 3517 1007 3572 ἀκτίστου
1045 3512 1152 3570 τῶν
1187 3518 1324 3570 ὅλων
1367 3514 1568 3583 αἰτίας,
1616 3517 1689 3569 oi'
1715 3516 1849 3570 θεῖοι

268 3610 377 3673 vos;
406 3612 486 3674 εἰς
536 3609 602 3663 τὸ
646 3598 787 3664 εἴναι
839 3606 1313 3681 καταϐέϐληνται·
1367 3609 1486 3673 νόες
1540 3606 1848 3679 ἀσώματοι,

270 3698 535 3766 θεοειδεῖς.
591 3695 925 3770 φωτοειόεῑς,
981 3700 1039 3753 ἐν
1090 3698 1260 3772 ἀρετῇ
1300 3699 1439 3769 πρδς
1473 3705 1565 3753 τὸν
1604 3699 1849 3770 ἀχρόνως

269 3791 455 3855 αὐτοὺς
484 3790 802 3860 ὑφιστῶντα
832 3790 929 3862 τὴν
962 3790 1262 3861 ὁμοιότητα
1286 3790 1618 3860 κεκτημένοι
1648 3790 1743 3857 καὶ
1772 3789 1850 3842 ol-

269 3884 481 3938 κείωσιν
502 3902 518 3916 ο
553 3884 699 3956 μετὰ
721 3883 813 3937 τὸν
839 3882 966 3938 νοῦν
994 3882 1415 3955 δημιουργεῖται
1435 3883 1616 3953 λόγος,
1645 3884 1713 3955 τῇ
1754 3881 1847 3936 τοῦ

269 3978 548 4051 ἀνθρώπου
611 3973 1264 4048 συγκατασκευαζόμενος
1303 3976 1465 4049 οὐσίᾳ
1486 3992 1499 4007 ⁸
1532 3977 1721 4042 σώζων
1750 3976 1850 4048 μὲν

270 4072 356 4124 καὶ
385 4072 551 4136 αὐτὸς
591 4069 783 4123 εἰκόνα
808 4069 929 4123 τινά
965 4069 1059 4122 καὶ
1106 4068 1368 4139 ὁμοίωσιν
1397 4068 1491 4122 τοῦ
1517 4069 1846 4132 πλάσαντος,

267 4155 419 4233 ἦττον
449 4163 528 4229 δὲ,
573 4162 610 4230 ἢ
639 4158 785 4215 κατά
823 4158 923 4231 τὴν
948 4158 1060 4213 τῶν
1099 4160 1237 4214 νόων
1288 4158 1457 4226 ἰδέαν,
1487 4159 1575 4214 διά
1620 4164 1721 4233 τὴν
1754 4160 1848 4213 τοῦ

270 4254 503 4325 χείρονος
567 4256 807 4326 μετοχὴν
838 4268 852 4282 ·
890 4252 1031 4325 μετά
1061 4250 1152 4306 τὸν
1178 4248 1336 4322 λόγον
1386 4253 1463 4317 δὲ,
1505 4252 1781 4324 αίσθησις,
1814 4252 1847 4323 ἢ

268 4345 368 4399 τῶν
399 4347 618 4417 ἀλόγων
676 4345 833 4410 ζώων
877 4345 938 4399 τὸ
979 4344 1293 4411 ἰδιαίτατον,
1344 4342 1532 4416 ὥσπερ
1572 4345 1690 4398 ἐστὶ
1739 4345 1849 4399 τῶν

269 4437 492 4507 λογικῶν
534 4444 563 4494 ὀ
623 4440 809 4508 λόγος’
845 4438 984 4509 μετὰ
1018 4436 1115 4509 τὴν
1150 4434 1403 4511 αἴσθησιν
1432 4438 1508 4504 δὲ,
1542 4440 1575 4510 ἡ
1620 4437 1848 4509 ἀπλῆ,ἠ

270 4533 460 4603 panni}
488 4534 755 4586 τέτακται
787 4531 924 4603 ζωὴ,
952 4532 1131 4603 πάσης
1160 4533 1426 4604 ὑφειμένη
1451 4526 1547 4602 τῆς
1581 4533 1810 4596 κτίσεως
1832 4549 1845 4562 ·

273 4623 429 4694 μόνης
456 4625 515 4678 δὲ
539 4626 639 4695 τῆς,
694 4624 906 4695 ἀψύχου
942 4625 1121 4695 πάντη
1153 4624 1248 4678 καὶ
1276 4622 1488 4696 ὑλικῆς,
1512 4620 1570 4679 ὃν
1602 4620 1849 4688 είπόντες

262 4702 510 4791 ἱπροὲφθη
521 4737 626 4788 μεν
655 4719 875 4788 τρόπον,
913 4718 1125 4772 καθυπε
1136 4717 1422 4790 ρτεροῦσα.

1949 564 2211 631 licantes,
2272 564 2485 624 hostias
2537 568 2882 636 oﬂ'ercbant;
2940 572 3057 643 ipse
3122 591 3253 631 vero
3309 578 3531 648 pietatis

1944 655 2065 709 zelo
2099 671 2422 725 succensus,
2453 656 2829 732 quotidieque,
2880 671 2940 718 ut
2982 663 3062 720 sic
3110 665 3331 737 quuar,
3361 671 3532 725 benti-

1948 763 2045 803 nes
2069 751 2422 817 conveniens,
2454 751 2613 808 cilicii
2642 754 2900 810 monebat
2929 762 2982 811 et
3011 758 3425 829 adhortabatur,

2021 841 2071 898 7.
2106 861 2125 895 ι
2157 838 2273 898 Ἦιί
2292 842 2460 911 cives,
2478 846 2679 914 aiebat,
2703 857 2976 920 quotquot
2992 851 3143 919 estis,
3170 854 3369 923 quibus
3389 871 3535 911 sana:

1949 935 2154 1007 aliquid
2191 938 2421 994 rationis
2454 939 2616 1004 inest,
2652 956 2787 1012 rogo
2834 958 2954 1011 vos,
3008 955 3159 1001 recto
3213 947 3420 1017 judicio
3471 968 3537 1007 ac

1950 1029 2200 1084 consulto
2235 1031 2443 1097 animo,
2482 1033 2569 1088 his
2599 1049 2721 1102 qua:
2754 1051 2782 1089 a
2817 1036 2975 1091 vobis
3005 1050 3270 1108 geruntur
3298 1054 3535 1097 mentem

1958 1122 2240 1177 attendite.
2279 1121 2507 1191 Scitote,
2545 1141 2754 1196 quaeso,
2789 1143 2854 1183 ac
2903 1124 3202 1202 intelligite,
3239 1148 3401 1204 quem
3439 1150 3537 1190 co-

1950 1210 2099 1281 latis,
2138 1215 2316 1282 cuive,
2361 1227 2422 1271 ut
2480 1216 2591 1273 Deo
2626 1222 3030 1276 venerationem
3084 1210 3409 1283 adhibeatis.
3443 1226 3538 1282 Et-

1949 1307 2096 1362 enim
2137 1308 2303 1362 arbor
2334 1311 2473 1373 bare,
2518 1318 2577 1365 ut
2620 1320 2676 1366 et
2732 1310 3003 1382 reliquum
3058 1318 3310 1388 stirpium
3365 1337 3538 1392 genus

1950 1404 2111 1472 atque
2157 1402 2438 1469 arborum,
2480 1407 2881 1475 praestantioris
2926 1411 3146 1480 quidem
3203 1399 3415 1471 natura:
3455 1428 3540 1472 est

1951 1508 2117 1564 quam
2150 1509 2384 1566 corpora
2436 1497 2706 1567 inanima,
2753 1516 2817 1556 ea
2865 1504 3080 1561 scilicet
3137 1509 3347 1566 ratione
3392 1514 3539 1581 quod

1951 1583 2227 1639 nutriendi
2287 1582 2549 1643 facultate
2613 1598 2777 1661 atque
2835 1595 3068 1664 augendi
3121 1599 3347 1665 pra'dita
3410 1612 3534 1658 est:

1950 1674 2190 1730 deterior
2251 1692 2383 1732 vero
2440 1678 2655 1735 cunctis
2714 1683 3106 1749 animantibus,
3165 1690 3309 1758 quod
3357 1693 3538 1759 omnis

1953 1780 2148 1820 sensus
2174 1765 2467 1838 omnisque
2499 1768 2784 1839 gradiendi
2820 1782 3003 1827 motus
3060 1789 3255 1845 expers
3298 1787 3406 1833 est.
3450 1777 3538 1833 Uti

1951 1869 2085 1910 sane
2115 1855 2280 1910 etiam
2336 1856 2511 1913 bruta;
2552 1866 2783 1930 quaeque
2825 1863 3155 1931 animantes,
3212 1883 3319 1939 qua
3370 1884 3538 1926 sensu

1952 1957 2214 2018 motuque
2234 1949 2471 2020 praedita:
2500 1960 2648 2019 sunt,
2676 1953 2943 2024 stirpibus
2967 1958 3277 2029 plantisque
3295 1964 3539 2031 probata:

1950 2039 2273 2107 nobiliores,
2306 2042 2455 2112 ipsa‘,
2487 2045 2633 2114 qttod
2678 2046 2894 2104 ratione
2931 2047 3282 2121 deficiuntur,
3319 2054 3542 2110 homine

1950 2142 2151 2187 natura
2209 2132 2488 2189 exsistunt
2540 2135 2852 2193 inferiores.
2913 2130 3033 2196 Non
3087 2143 3234 2199 enim
3293 2146 3539 2217 ejusdem

1950 2223 2169 2294 generis
2194 2234 2280 2280 est
2311 2227 2582 2298 quidquid
2616 2227 2670 2283 in
2710 2231 2873 2286 rebus
2903 2241 3147 2289 creatum
3182 2246 3287 2305 est,
3324 2236 3545 2296 eodem-

1949 2331 2057 2386 que
2108 2331 2172 2372 ac
2230 2314 2348 2389 pari
2402 2321 2621 2387 ordine,
2681 2325 2950 2381 creattiee
3007 2328 3287 2400 Sapientia
3342 2344 3543 2391 cuncta

1950 2410 2246 2464 constituta
2298 2421 2461 2478 sunt,
2519 2404 2615 2468 sed
2675 2415 3102 2475 concinnissima
3169 2424 3355 2480 omnia
3399 2429 3544 2482 serie

1952 2499 2170 2581 ali-aque
2217 2502 2341 2558 aliis
2395 2504 2749 2573 cohaerentia,
2795 2507 2863 2563 ab
2897 2525 2963 2564 eo
2998 2512 3146 2582 quod
3190 2519 3544 2585 praestantius

1952 2598 2057 2659 est,
2088 2593 2153 2647 ad
2179 2594 2230 2649 id
2248 2596 2390 2666 quod
2420 2596 2664 2654 deterius
2699 2608 2805 2666 est,
2835 2609 3000 2673 atque
3029 2605 3099 2660 ab
3117 2622 3183 2661 eo
3200 2610 3546 2679 quodsimile

1953 2700 2017 2738 ac
2050 2685 2339 2756 deiforme,
2374 2687 2443 2743 ad
2470 2689 2520 2745 id
2553 2690 2701 2761 quod
2724 2690 2967 2761 procula
3001 2688 3114 2753 Deo
3148 2714 3214 2755 ac
3252 2702 3541 2773 dissimile,

1954 2774 2216 2848 producta
2254 2781 2329 2835 illi
2372 2781 2578 2837 crcalio
2624 2784 2756 2851 est;
2807 2800 2878 2841 ne
2941 2778 3255 2848 immediate
3281 2799 3544 2853 extremis

1952 2871 2231 2940 operibus,
2288 2872 2381 2927 sed
2435 2870 2686 2943 pluribus
2733 2872 2930 2934 mediis
2972 2879 3296 2953 interjectis,
3344 2902 3547 2946 conve-

1952 2959 2196 3013 nientem
2262 2962 2660 3030 providentiam
2709 2982 3011 3039 curamque
3063 2972 3327 3033 adhibere
3382 2972 3544 3036 intel-

1954 3049 2178 3119 ligatur,
2234 3052 2435 3122 hisque
2462 3055 2599 3109 adeo
2627 3056 2720 3125 qui
2760 3050 2830 3113 ab
2881 3058 3238 3121 inferioribus
3267 3067 3336 3122 ad
3366 3068 3542 3140 ipsam

1878 3183 1921 3243 ο
1955 3155 2053 3210 per
2075 3145 2596 3215 contemplationem
2627 3146 2796 3205 velint
2817 3158 3127 3225 asSurgere,
3150 3159 3309 3228 quasi
3339 3166 3544 3233 gradus

1955 3232 2223 3305 quosdam
2284 3236 2670 3308 substernere,
2730 3246 3197 3320 ascensionesque
3242 3253 3300 3309 in
3348 3232 3541 3313 iDeum

1952 3325 2206 3398 dirigere.
3372 3396 3375 3401 ,

2024 3419 2077 3475 8.
2107 3442 2125 3475 ι
2162 3421 2534 3489 Quamobrem
2562 3436 2688 3484 ante
2716 3436 2934 3487 omnem
2958 3446 3293 3507 creaturam,
3313 3441 3366 3496 in
3386 3459 3547 3515 aspe-

1954 3525 2103 3571 ctum
2159 3517 2485 3587 cadentem,
2544 3520 2789 3579 increato
2849 3527 3233 3587 universorum
3277 3544 3543 3605 auctore,

1952 3604 2153 3665 divina:
2197 3622 2408 3667 mentes
2472 3612 2550 3683 (5)
2610 3614 2663 3669 in
2720 3631 2903 3673 rerum
2956 3631 3210 3678 naturam
3266 3604 3545 3696 productae

1953 3711 2118 3757 sunt:
2172 3708 2384 3760 tuentes
2431 3707 2642 3763 scilicet
2682 3709 3043 3782 incorporeas,
3100 3715 3419 3786 deiformes,
3462 3724 3545 3777 lu-

1954 3793 2253 3862 ciformes,
2313 3808 2372 3852 ut
2431 3796 2512 3854 sic
2562 3800 2725 3857 liceat
2792 3804 2983 3874 loqui,
3033 3808 3251 3865 virtutis
3296 3814 3543 3881 partibus

1953 3900 2078 3940 cum
2109 3885 2547 3958 intemporaliter
2570 3894 2907 3961 producente
2932 3899 3344 3959 similitudinem
3370 3920 3544 3963 nat-ta:

1953 3993 2018 4033 ac
2048 3980 2509 4038 necessitudinem
2535 4001 2548 4035 :
2578 3988 2820 4043 secunda
2856 4005 2885 4043 a
2932 4003 3116 4047 mente
3140 3996 3370 4067 origine,
3403 4003 3545 4056 ratio

1952 4071 2210 4126 conditur
2299 4088 2361 4128 ac
2416 4087 2754 4145 procreatur,
2819 4081 2936 4150 ipsa
3003 4084 3244 4143 hominis
3295 4092 3548 4147 essentia:

1952 4177 2137 4218 comes
2182 4161 2492 4221 fabricata:
2539 4184 2663 4239 quae
2711 4171 2932 4241 quidem
2967 4174 3086 4246 ejus
3141 4178 3236 4248 qui
3285 4179 3544 4239 formavit

1952 4254 2250 4325 imaginem
2275 4259 2568 4327 quamdam
2593 4276 2657 4316 ac
2686 4263 3100 4323 similitudinem
3127 4271 3245 4340 ipsa
3285 4275 3542 4345 retineat,

1948 4345 2113 4417 longe
2148 4350 2331 4403 tamen
2382 4364 2543 4418 quam
2594 4368 2695 4422 pro
2740 4358 3008 4412 mentium
3069 4361 3286 4419 ratione
3318 4364 3545 4421 inferio-

1957 4455 2071 4494 rcm
2104 4440 2175 4494 ob
2205 4440 2326 4511 ejus
2366 4446 2761 4501 commercium
2814 4452 2958 4519 quod
3005 4450 3252 4510 deterius
3281 4468 3382 4513 est.
3414 4460 3547 4516 Post

1960 4532 2223 4587 rationem
2296 4544 2501 4599 autem,
2563 4552 2782 4607 sensus,
2841 4541 3126 4600 brutarum
3183 4549 3545 4609 animantium

1959 4625 2458 4696 peculiarissimum
2488 4644 2691 4687 munus
2728 4640 2896 4704 atque
2923 4634 3044 4704 dos,
3075 4640 3152 4694 uti
3188 4644 3328 4698 ratio
3350 4659 3544 4701 eorum

1959 4719 2054 4790 qui
2106 4720 2193 4774 illa
2227 4721 2437 4790 praediti
2491 4734 2639 4780 sunt.
2690 4727 2735 4779 A
2789 4744 2954 4785 sensu
2994 4733 3241 4804 sequitur
3267 4737 3377 4794 vita
3414 4718 3547 4796 sint?

271 4810 401 4878 plex,
462 4829 663 4882 nempe
720 4808 1059 4882 vegetabilis,
1126 4811 1316 4867 intimo
1379 4812 1529 4867 omni
1575 4821 1842 4869 creatum
1872 4815 2096 4885 gradu;
2167 4813 2247 4869 sic
2306 4815 2567 4873 nimirum
2640 4828 2702 4875 ut
2768 4817 2898 4878 'soli
2982 4840 3217 4896 prorsus
3289 4832 3548 4893 inanima:

272 4910 625 4975 terrenaque,
659 4905 725 4960 ad
753 4921 879 4960 eum
903 4920 1064 4975 quem
1100 4906 1351 4974 superius
1373 4906 1693 4962 dicebamus
1724 4907 1972 4973 modum,
2008 4907 2303 4977 prmccllzat.

337 4996 399 5048 θ’.
422 5015 439 5047 ι
472 4998 536 5050 Ei
559 4992 655 5049 οὖν
677 4994 788 5050 οὔτ’
811 4996 1092 5066 αἴσθησιν,
1111 4994 1234 5050 οὕτε
1263 4997 1442 5065 λόγον,
1466 4996 1591 5052 οὔτε
1619 4998 1676 5051 δὲ
1701 4998 1852 5064 νοῦν,

273 5088 333 5139 τὰ
378 5088 487 5142 τῶν
530 5090 857 5161 ποιημάτων
910 5090 1177 5144 κάλλιστα
1204 5129 1220 5154 ,
1257 5091 1518 5162 τιμητέον
1569 5091 1645 5155 ὡς
1700 5082 1857 5156 θεοὺς

277 5177 574 5251 (ποιήματα
612 5182 743 5254 γὰρ,
788 5183 883 5236 καὶ
932 5181 1113 5235 πάντα
1162 5183 1298 5255 πρὸς
1328 5182 1485 5248 δόξαν
1518 5183 1654 5237 ἰδίαν
1684 5184 1713 5238 ὁ
1748 5184 1857 5239 τῶν

276 5269 484 5326 πάντων
506 5274 881 5345 παραγωγεὺς
900 5276 1388 5347 κατεσκευάσατο),
1415 5276 1532 5341 πῶς
1557 5276 1624 5330 τά
1655 5279 1858 5350 μακρῷ

277 5361 367 5431 τὴν
397 5363 566 5432 φύσιν
633 5367 856 5421 ἐκείνων
901 5368 1204 5440 ἀτιμότερα
1264 5369 1655 5440 νομισθείησαν
1702 5370 1852 5438 θεοί;

281 5451 389 5514 πῶς
414 5453 471 5506 δὲ
505 5454 603 5508 τὸν
629 5455 798 5511 λωτὸν
821 5439 1058 5524 τουτονὶ,
1092 5459 1195 5529 γῆς
1225 5439 1355 5512 ὄντα
1382 5439 1615 5531 καρπὸν,
1647 5460 1741 5513 κοιλ⁸
1766 5462 1854 5530 ἐφ’

280 5540 389 5607 ἐνὸς
418 5545 519 5613 μὲν
554 5548 924 5619 ἐῤῥιζωμένον
946 5550 1137 5615 τόπου,
1176 5549 1397 5620 ἀνέμοις
1422 5549 1479 5603 δὲ
1516 5552 1650 5603 πᾶσι
1672 5551 1855 5605 δονού-

284 5649 452 5702 μενον,
486 5639 626 5710 πυρί
659 5657 715 5693 τε
738 5642 835 5696 καὶ
868 5641 1076 5713 σιδήρῳ
1098 5643 1239 5696 κατά
1276 5642 1438 5712 φύσιν
1466 5642 1848 5715 ὑποκείμενον,

2031 4997 2086 5055 9.
2129 5017 2147 5048 ι
2172 4998 2309 5055 Cum
2344 5000 2506 5072 igitur
2534 5019 2636 5059 nec
2666 5020 2889 5062 sensum
2916 5025 3018 5065 nec
3048 5013 3341 5084 rationem,
3369 5028 3429 5075 ιιι
3451 5030 3547 5077 ne-

1960 5108 2067 5163 que
2093 5104 2350 5162 mentem,
2397 5106 2711 5153 creatorum
2736 5101 3132 5174 pulcherrima,
3175 5119 3238 5165 ut
3277 5111 3414 5169 deos
3454 5131 3548 5173 co-

1961 5184 2075 5239 lere
2100 5185 2300 5241 liceat:
2335 5188 2537 5259 quippe
2576 5203 2884 5261 creaturas,
2930 5211 2997 5252 ac
3036 5214 3160 5269 quae
3190 5204 3390 5261 omnia
3420 5210 3546 5261 uni-

1960 5292 2245 5332 versorum
2272 5281 2568 5349 productor
2588 5284 2641 5340 in
2671 5300 2831 5343 suam
2853 5290 3084 5360 gloriam
3114 5293 3417 5354 fabricatus
3437 5300 3544 5356 ait:

1964 5370 2189 5441 quinam
2222 5372 2335 5439 ﬁat,
2372 5384 2432 5430 ut
2461 5392 2584 5446 quae
2628 5378 2715 5436 his
2767 5381 2931 5453 longe
2977 5394 3175 5442 natura
3222 5388 3544 5459 ignobiliora

1963 5472 2129 5529 sunt,
2192 5462 2266 5517 dii
2320 5465 2754 5525 existimentur?
2799 5472 3089 5539 Quomodo
3139 5488 3320 5534 autem
3372 5481 3546 5539 lotum

1966 5552 2130 5617 hanc,
2170 5562 2330 5610 terra:
2355 5556 2566 5614 scilicet
2589 5570 2836 5631 germen,
2872 5574 3036 5637 atque
3067 5574 3178 5624 uno
3208 5566 3430 5640 quidem
3454 5590 3546 5629 ra-

1959 5645 2195 5734 dicatam
2228 5647 2370 5714 loco,
2395 5652 2544 5708 omni
2573 5668 2705 5710 vero
2732 5668 3018 5716 ventorum
3036 5660 3193 5719 ﬂatui
3214 5668 3551 5758 exprimam,

349 5814 422 5886 (5)
456 5816 597 5875 Puto
621 5819 706 5875 hic
729 5836 827 5890 per
856 5821 1077 5878 divinas
1128 5832 1336 5881 mentes
1365 5824 1593 5897 intelligi
1616 5825 1865 5885 caelestes
1894 5827 2147 5901 spiritus,
2176 5844 2314 5901 quos
2340 5831 2504 5906 vulgo
2529 5836 2759 5907 angelos
2787 5843 3160 5904 nominamus.

595 5912 876 5981 PATROL.
913 5918 1029 5979 GR.
1062 5917 1188 5982 CV.

3080 5940 3153 6003 1h
