4022 6398
418 318 520 381 427

1625 317 1919 378 ΝΙΟΕΤιίΕ
1958 316 2153 377 ΡΑΡΠ
2166 318 2409 380 LAGO'N
2418 320 2489 379 IS

3575 321 3679 386 £28

417 424 641 495 ignique
674 438 738 480 ac
757 422 904 478 ferro
934 431 1129 480 natura
1196 424 1516 490 obnoxiam,
1549 426 1848 497 quomodo,
1903 427 1989 481 in-

2099 426 2210 489 πῶς
2228 428 2419 483 τοῦτον
2448 428 2602 494 Θεὸν,
2634 424 2679 484 ὦ
2710 430 2867 503 ἄνδρε
2879 449 2921 498 ς,
2955 413 3016 486 0-3
3050 430 3310 503 φρίσσετε
3341 430 3555 498 καλεῖν,
3580 432 3677 486 Θυ-

416 532 604 587 quam,
641 530 762 571 eam
782 515 952 572 Deum
988 533 1204 585 vocare,
1244 534 1278 575 0
1309 518 1431 583 viri,
1476 533 1582 573 non
1614 519 1993 589 perhorresci-

417 608 534 675 tis;
575 624 675 664 nec
732 623 829 665 vos
868 609 1036 681 pudet
1072 611 1310 666 virtimis
1367 626 1432 666 ac
1488 610 1797 666 libamentis
1841 612 1993 667 omni

415 699 733 755 destitutam
765 716 930 756 sensu
960 711 1212 757 naturam
1267 702 1561 757 venerari?
1591 700 1717 757 llaec
1743 703 1889 757 enim
1944 706 1991 759 si

414 791 560 847 Deus
594 803 700 857 est,
732 793 837 848 erit
868 792 1116 863 profecto
1140 804 1191 848 et
1222 794 1396 848 saltus
1426 794 1608 847 omnis
1638 792 1779 849 Deus
1812 810 1984 850 :cun-

416 893 503 939 eta
532 884 677 939 enim
710 885 873 941 unius
943 896 1150 941 naturze
1179 894 1347 950 sunt,
1402 886 1627 941 arbores
1680 885 1887 941 scilicet
1929 902 1995 943 ac

414 976 582 1046 ligna.
620 975 775 1043 Quod
804 978 849 1032 si
884 978 1110 1033 arbores
1136 978 1209 1033 dii
1240 987 1391 1044 sunt,
1450 977 1728 1047 quomodo
1778 980 1987 1034 securi-

414 1067 517 1123 bus
548 1068 862 1123 excidentes
896 1068 1116 1139 ignique
1148 1068 1405 1139 pabulum
1434 1069 1813 1137 subjicieutes,
1875 1086 1991 1126 non

415 1157 731 1226 impietatis,
774 1168 827 1214 et
859 1167 918 1213 ut
974 1160 1064 1213 Dei
1120 1158 1424 1213 adversarii
1483 1159 1741 1224 audiatis,
1809 1159 1983 1215 aleam

414 1249 657 1303 subitis?
689 1250 793 1305 Res
856 1250 1098 1305 stultitiae
1123 1251 1305 1321 piena,
1348 1251 1553 1320 profusi
1579 1246 1840 1323 stuporis,
1874 1253 1993 1310 exi-

414 1356 532 1411 gnte
561 1340 850 1413 iragilique
877 1342 1057 1397 arbori
1097 1358 1161 1398 ac
1214 1358 1440 1413 prorsus
1500 1344 1675 1399 inutili
1715 1347 1994 1404 attendere

414 1432 683 1494 animum,
714 1442 767 1488 et
799 1440 857 1487 ut
916 1433 1024 1488 Deo
1055 1433 1257 1489 cultum
1299 1435 1373 1489 illi
1421 1435 1700 1492 adhibere.
1755 1436 1810 1492 Si
1845 1437 1992 1493 enim

412 1525 506 1594 qui
537 1525 735 1579 cmlum
765 1524 966 1595 ipsum,
995 1525 1279 1595 solemque
1313 1536 1366 1582 et
1406 1527 1589 1582 lunam
1614 1544 1678 1582 ac
1709 1529 1992 1583 stellarum

412 1616 677 1686 quasdam
708 1630 802 1671 seu
849 1616 1091 1672 sidermn
1139 1617 1339 1673 deitate
1394 1618 1708 1686 donarunt,
1760 1621 1996 1691 reliqua-

2102 520 2247 583 σίαις
2286 538 2342 574 τε
2383 521 2480 575 καλ⁸
2528 524 2782 586 σπονδαῖς
2837 524 2937 593 τὴν
2986 524 3311 596 ἀναίσθητον
3358 523 3522 592 φύσιν
3575 525 3677 593 οὐκ

2100 610 2422 679 αἰσχύνεσθε
2452 614 2619 682 τιμᾷν
2646 630 2661 678 ;
2695 613 2755 665 Εἰ
2793 611 2901 682 γὰρ
2934 612 3065 676 Θεὸς
3089 613 3268 678 τοῦτο,
3295 612 3391 666 καὶ
3425 614 3532 667 πᾶν
3565 613 3679 683 ἄρα

2099 700 2260 765 ἄλσος
2295 702 2433 769 Θεὸς
2456 702 2521 756 ἂν
2554 704 2638 774 εἴη
2664 720 2677 734 ·
2743 705 2920 758 πάντα
2949 705 3057 777 γάρ
3101 707 3220 758 ἐστι
3264 704 3480 775 φύσεως
3516 707 3677 777 μιῖςο

2100 791 2234 859 ξύλα
2262 794 2373 864 γάρ
2400 810 2414 824 ο
2456 796 2504 847 εἰ
2524 795 2580 848 δὲ
2620 795 2689 848 τὰ
2740 794 2871 860 ξύλα
2895 795 3031 861 θεοὶ,
3061 797 3176 861 πῶς
3204 796 3382 850 ταῦτα.
3409 799 3530 861 ταῖς
3554 796 3680 862 ἀξί-

2100 902 2219 948 ναις
2251 886 2633 952 ἐκκόπτοντες,
2672 888 2763 941 καὶ
2779 888 2856 959 τῷ
2869 889 3006 961 πυρὶ
3032 888 3237 960 τροφὴν
3259 889 3677 964 ὑποϐάλλοντες,

2099 975 2161 1028 οὐ
2192 976 2533 1030 κινδυνεύετε
2569 976 2900 1049 θεομαχεῑν;
2934 978 3144 1048 Πολλῆς
3177 978 3338 1032 τοῦτο
3370 978 3533 1050 γέμει
3555 978 3683 1032 ἁλο-

2098 1066 2247 1134 γίας,
2286 1067 2732 1138 ὑπερϐαλλούσης
2774 1066 3159 1138 ἀναισθησίας,
3195 1067 3389 1138 βραχεῖ
3420 1070 3510 1122 καὶ
3542 1069 3681 1122 ὐπο-

2100 1157 2287 1229 σὰθρῳ
2316 1158 2457 1229 ξύλῳ
2505 1160 2599 1212 καλ⁵
2627 1160 2873 1230 ἀνονήτῳ
2908 1160 3087 1214 πάντα
3111 1160 3467 1229 προσανέχειν
3497 1174 3556 1212 τε
3582 1158 3684 1212 καὶ

2098 1246 2387 1317 λατρεύειν
2421 1249 2495 1311 ὡς
2521 1247 2661 1319 Θεῷ.
2696 1249 2760 1301 Εἰ
2794 1249 2900 1318 γὰρ
2931 1249 2978 1301 οἱ
3005 1248 3097 1301 τὸν
3116 1248 3345 1318 οὐρανὸν
3370 1246 3554 1312 αὐτὸν,
3584 1249 3683 1300 καὶ

2098 1337 2380 1408 τδνῆλιον,
2422 1338 2653 1409 σελήνην
2714 1353 2773 1390 τε
2829 1337 2926 1391 καὶ
2965 1338 3216 1408 ἀστέρων
3248 1335 3400 1399 τινὰς
3427 1333 3683 1405 θεοποιή-

2101 1446 2314 1492 σαντες,
2345 1430 2414 1483 τά
2443 1446 2503 1482 τε
2520 1429 2682 1483 λοιπὰ
2716 1431 2978 1500 στοιχεῖα,
3019 1428 3113 1481 καὶ
3155 1426 3286 1480 αὐτὸ
3323 1425 3683 1496 σεὸαζόμενοι

2098 1521 2159 1574 τὸ
2183 1520 2316 1592 πῦρ,
2366 1519 2576 1574 ἔνδικον
2610 1520 2949 1591 ἁπειλὴφασι
2986 1523 3090 1592 τὴν
3128 1521 3324 1592 ὀργὴν,
3356 1500 3443 1572 δτι
3469 1518 3570 1589 οὐχ
3602 1516 3682 1581 ὡς

2099 1613 2233 1667 Θεὸν
2282 1611 2543 1677 ἐδόξασαν
2597 1612 2630 1683 ἢ
2688 1613 3095 1684 εὐχαρίστησαν
3130 1613 3222 1664 τὸν
3262 1610 3371 1663 τῶν
3425 1610 3682 1665 ἁπάντων

412 1723 519 1776 que
543 1706 813 1761 elementa
843 1722 908 1761 ac
957 1706 1138 1777 ignem
1187 1706 1364 1778 ipsum
1408 1720 1752 1773 venerantes,
1785 1709 1992 1781 justam

2102 1707 2442 1777 παραγωγέα
2470 1722 2531 1758 τε
2560 1705 2657 1759 καὶ
2716 1704 2970 1774 συνοχέα,
3002 1702 3140 1757 ἀλλὰ
3170 1704 3283 1766 τοῖς
3322 1700 3505 1754 αὐτῶν
3532 1698 3682 1768 λογι-

414 1799 552 1854 iram
592 1808 937 1868 receperunt,
993 1798 1139 1869 quod
1185 1815 1303 1879 neq
1327 1799 1469 1855 sicut
1524 1799 1691 1856 Deum
1727 1803 1992 1872 glorilica-

2102 1799 2261 1868 σμοῖς
2322 1797 2752 1868 ματα;ωοέντες,
2807 1797 3147 1866 ἐλάτρευσαν
3199 1796 3267 1865 τῇ
3309 1792 3487 1847 κτίσει
3527 1791 3681 1862 παρὰ

412 1899 636 1958 verunt,
671 1899 767 1945 aut
828 1892 1036 1962 gratias
1094 1899 1345 1960 egerunt,
1396 1892 1517 1962 ejus
1560 1892 1712 1947 cultu
1762 1893 1992 1963 imprnsi

2099 1886 2190 1939 τὸν
2221 1886 2483 1942 κτίσαντα
2508 1904 2523 1918 ’
2558 1886 2739 1958 πολλῷ
2775 1885 2976 1957 μᾶλλον
3015 1886 3195 1956 ὑμεῖς,
3245 1886 3296 1937 οἱ
3321 1883 3411 1938 τὸν
3439 1883 3537 1954 τῆς
3569 1881 3683 1936 κτί-

412 1981 507 2051 qui
534 1983 720 2037 omnia
768 1981 1026 2053 produxit
1076 1993 1498 2054 conservatque,
1530 1984 1622 2040 sed
1658 1999 1992 2041 evanescen-

2101 1994 2241 2042 σεως
2294 1977 2423 2049 ὅλης
2477 1977 2785 2048 φυτουργὸν
2811 1975 3068 2045 ἀφέντες,
3101 1975 3197 2028 καὶ
3235 1973 3315 2044 τῷ
3349 1971 3679 2044 χαμαιζήλῳ

416 2081 498 2127 tes
527 2073 580 2126 in
626 2072 1051 2143 cogitationibus
1109 2074 1224 2130 suis
1268 2077 1310 2142 ’,
1341 2076 1629 2130 coluerunt
1689 2085 1991 2133 creaturam

2099 2070 2274 2142 τούτῳ
2300 2070 2452 2142 φυτῷ
2485 2073 2546 2124 τὸ
2581 2069 2814 2143 φοϐερὸν
2841 2069 3013 2136 ὄνομα
3052 2067 3145 2122 τοῦ
3174 2068 3311 2122 Θεοῦ
3340 2064 3680 2135 καταψευδόο

414 2164 592 2234 magis
618 2181 782 2237 quam
814 2165 1129 2222 Creatorem
1159 2184 1175 2233 ;
1209 2167 1369 2239 longe
1395 2184 1491 2224 vos
1518 2169 1715 2238 potiori
1750 2170 1987 2237 ratione,

2099 2181 2275 2233 μενοι,
2303 2165 2519 2219 δικαίαν
2542 2164 2627 2235 ἐφ’
2658 2164 2886 2225 ἑαυτοὺς
2932 2161 3123 2215 ἕλκετε
3164 2160 3257 2215 τοῦ
3304 2173 3677 2232 κατοφρονου-

413 2251 546 2306 dum
632 2268 701 2308 eo
778 2254 1005 2320 omisso,
1075 2256 1167 2324 qui
1200 2266 1459 2312 creatura!
1493 2259 1672 2314 omnis
1703 2267 1856 2314 sator
1885 2268 1988 2328 est,

2101 2260 2263 2332 μένου
2296 2260 2393 2330 τὴν
2424 2257 2679 2329 ἀπειλήν,

412 2344 606 2400 humili
655 2347 783 2402 huic
834 2347 995 2417 stirpi
1050 2348 1389 2404 tremendum
1448 2351 1541 2408 Dei
1589 2368 1789 2410 nomen
1841 2353 1984 2411 falso
2041 2355 2336 2423 ascribitis,
2379 2354 2586 2426 justam
2641 2353 2697 2408 in
2761 2349 3145 2422 vosmetipsos,
3191 2348 3311 2421 ejus
3343 2347 3437 2420 qui
3498 2362 3529 2402 ε
3579 2360 3680 2402 vo-

411 2442 499 2499 bis
558 2445 967 2513 contemnitur,
1020 2446 1448 2519 indiguationem
1483 2449 1721 2504 trahitis.

483 2534 575 2591 10.
617 2554 637 2589 ι
689 2536 746 2592 Si
810 2538 936 2608 quid
978 2540 1142 2611 igitur
1182 2541 1315 2596 mihi
1344 2541 1585 2609 creditis,
1619 2542 1723 2598 viri
1756 2543 1922 2611 cives‘,
1953 2544 1992 2600 si

2180 2541 2230 2596 ι’.
2257 2560 2277 2595 ί
2300 2540 2368 2596 El
2397 2557 2450 2593 τι
2477 2534 2569 2593 οὖν
2597 2537 2724 2608 ἐμοὶ
2753 2533 3031 2597 πείθεσθε,
3064 2524 3109 2585 ὦ
3138 2529 3329 2602 ἄνδρες
3359 2528 3595 2593 πολῖται,
3628 2528 3685 2580 εἴ

413 2642 522 2698 qua
562 2628 720 2685 vobis
750 2644 880 2685 cura
914 2631 1110 2688 salutis
1136 2642 1242 2699 est,
1263 2634 1517 2689 arborem
1547 2634 1691 2691 hanc
1728 2635 1992 2691 succidite

2099 2652 2154 2691 τι
2183 2635 2336 2707 μέλει
2362 2634 2461 2703 τῆς
2490 2631 2698 2694 οἰκείας
2753 2626 3027 2698 σωτηρίας
3054 2626 3206 2697 ὑμῖν,
3251 2623 3313 2677 τὸ
3346 2623 3445 2695 μὲν
3464 2622 3683 2693 δένδρον

413 2725 470 2772 et
520 2717 575 2772 in
630 2719 810 2789 ignem
873 2722 1089 2789 mittite,
1140 2723 1283 2794 quod
1339 2724 1487 2780 nulla
1521 2725 1624 2780 alia
1660 2725 1779 2796 ejus
1836 2727 1992 2783 vobis

2099 2726 2256 2782 τοῦτο
2290 2722 2585 2793 ἐκκόψατε,
2616 2720 2713 2773 καὶ
2740 2720 2819 2783 είς
2878 2717 2990 2789 πῦρ
3026 2714 3274 2786 βάλλετε,
3313 2714 3395 2768 ὅτι
3444 2711 3565 2783 μηδ’
3599 2712 3682 2775 είς

418 2809 630 2865 utilitas
660 2811 732 2866 sit
765 2811 874 2882 (6);
907 2811 1123 2885 ipsique
1150 2830 1336 2893 rerum
1368 2817 1620 2871 omnium
1654 2817 1828 2872 oculis
1862 2818 1988 2873 sub-

409 2901 688 2973 jcctarum
742 2913 995 2960 creatura
1060 2907 1324 2962 mentium
1391 2908 1626 2979 cogitatu
1697 2923 1991 2980 superata,

413 3008 579 3064 quam
613 3009 830 3050 omnem
860 2997 1036 3051 nostri
1083 3012 1252 3053 causa
1288 3013 1397 3054 non
1444 2999 1608 3054 lateat
1633 3000 1855 3064 editam,
1898 3016 1995 3055 na-

413 3094 643 3156 turaque
664 3085 989 3142 deteriorem
1014 3102 1178 3158 quam
1204 3102 1302 3160 pro
1335 3088 1577 3144 hominis
1633 3088 1949 3160 praestantia
1976 3106 1992 3156 ;

414 3177 508 3232 sed
543 3186 597 3232 et
635 3178 981 3249 superiorum
1013 3179 1173 3235 nobis
1221 3179 1515 3246 mentium,
1566 3189 1996 3251 sanctarumque

2096 2818 2226 2875 ἄλλο
2255 2835 2307 2872 τι
2366 2817 2466 2887 μὲν
2515 2812 2842 2886 χρησιμεύει
2890 2810 3055 2881 ὐμῖνο
3096 2808 3249 2863 αὐτοὶ
3277 2807 3335 2861 δὲ
3367 2807 3548 2859 πᾶσαν
3571 2802 3683 2856 τῶν

2093 2910 2387 2983 ὁρωμένων
2420 2908 2516 2979 τὴν
2553 2908 2730 2961 κτίσιν
2775 2906 2897 2968 ταῖς
2942 2901 3205 2965 διανοίαις
3238 2898 3680 2969 ὑπερϐαίνοντες,

2097 3005 2279 3057 πᾶσαν
2340 3000 2499 3071 ἡμῶν
2591 2999 2777 3052 ἕνεκεν
2847 2993 3224 3065 γεγενημένην
3285 2991 3527 3058 εἰδότες,
3586 2991 3685 3044 καὶ⁵

2096 3095 2266 3167 χείρω
2319 3092 2415 3147 τοῦ
2463 3089 2752 3163 ἀνθρώπου
2798 3089 2940 3143 κατὰ
2992 3086 3157 3162 φύσιν
3206 3084 3394 3151 οὖσαν,
3423 3082 3561 3138 ἀλλὰ
3587 3082 3684 3136 καὶ

2097 3189 2196 3259 τὴν
2219 3186 2362 3257 ὑπὲρ
2396 3185 2543 3255 ἡμᾶς
2569 3183 2788 3254 ποίησιν
2818 3181 2927 3235 τῶν
2964 3178 3167 3251 νοερῶν
3197 3178 3292 3232 καὶ
3318 3176 3490 3246 ἁγίων
3514 3175 3683 3245 ἀφέν-

413 3267 847 3324 substantiarum
899 3270 1107 3326 omissa
1152 3270 1386 3337 factura,
1410 3286 1506 3327 seu
1535 3272 1718 3342 potius
1741 3272 1809 3327 iis
1837 3270 1992 3342 quasi

2099 3296 2190 3345 τες
2218 3278 2441 3345 οὐσιῶν,
2492 3275 2692 3347 μᾶλλον
2739 3273 2798 3328 δὲ
2844 3272 2913 3325 δι’
2961 3270 3145 3325 αὐτῶν
3178 3266 3683 3341 χειραγωγούμενοι

415 3375 582 3415 manu
616 3362 963 3427 ducentibus,
1008 3364 1073 3417 ad
1104 3363 1247 3434 ejus,
1271 3363 1364 3434 qui
1423 3379 1549 3419 vere
1580 3362 1723 3420 Deus
1751 3373 1852 3431 est,
1887 3378 1992 3418 no-

415 3453 590 3508 titiam
619 3451 923 3524 dirigamur
982 3472 996 3509 :
1048 3455 1143 3526 qui
1194 3470 1391 3525 nempe
1444 3471 1661 3526 semper
1716 3455 1830 3526 ipse
1884 3464 1990 3522 est,

413 3557 741 3616 semperque
795 3543 1137 3617 unigenitum
1190 3545 1425 3601 Verbum
1457 3545 1622 3601 velut
1670 3546 1754 3601 sol
1789 3546 1990 3611 lucem,

412 3649 482 3690 ex
517 3634 826 3691 substantia
857 3651 982 3701 sua,
1011 3652 1075 3692 ac
1101 3637 1445 3707 splendorem
1477 3638 1627 3703 edit;
1670 3650 1992 3709 semperque

414 3726 709 3792 consitum,
758 3735 819 3781 ut
867 3726 940 3781 ita
978 3727 1207 3798 loquar,
1260 3742 1325 3782 ac
1368 3738 1658 3800 cognatum
1722 3726 1989 3796 Spiritum

414 3826 667 3873 sanctum
712 3833 777 3873 ex
819 3834 922 3875 suo
950 3834 1047 3875 ore
1091 3819 1323 3876 indivise
1370 3819 1601 3891 profert.
1651 3818 1751 3875 llic
1811 3819 1991 3875 Verbo

412 3924 516 3965 suo
550 3908 787 3966 ﬁrmavit
807 3912 976 3967 caelos
1004 3911 1047 3979 ³,
1075 3912 1293 3982 vimque
1318 3926 1535 3968 omnem
1588 3928 1772 3968 rerum
1805 3912 1902 3969 abs
1933 3928 1993 3969 se

412 4001 758 4058 conditarum
784 4002 989 4074 Spiritu
1020 4005 1227 4075 perlicit
1257 4013 1422 4076 atque
1455 4005 1706 4061 absolvit.
1750 4003 1848 4060 llic
1878 4006 1991 4076 pri-

412 4107 565 4149 mum
594 4093 899 4162 hominem,
949 4095 1016 4151 ad
1046 4095 1336 4167 imaginem
1371 4111 1527 4152 suam
1577 4106 1631 4152 et
1680 4097 1992 4152 similitudi-

413 4200 541 4241 nem
577 4185 889 4255 conditum,
944 4197 1110 4259 atque
1152 4190 1207 4243 in
1263 4190 1516 4261 paradiso
1565 4192 1828 4260 positum,
1863 4204 1990 4245 eum

412 4277 656 4334 mandati
708 4279 1146 4350 transgressione
1194 4281 1525 4350 corruptioni
1578 4281 1849 4352 mortique
1894 4280 1990 4335 ad-

412 4370 595 4425 dictus
624 4381 793 4437 esset,
851 4370 1234 4443 perditumque
1263 4387 1372 4428 non
1426 4389 1652 4444 prorsus
1697 4374 1947 4445 deSpexit
1976 4416 1991 4441 ,

413 4462 511 4517 sed
542 4464 754 4519 ratione
775 4463 1002 4536 legeque
1024 4479 1088 4520 ac
1123 4466 1402 4536 prophetis
1437 4468 1677 4538 primum
1708 4469 1990 4534 erudiens,

414 4558 598 4626 ipsum
664 4572 883 4627 quoque
937 4556 1156 4613 demum
1232 4575 1329 4631 pro
1388 4560 1548 4616 nobis
1590 4559 1790 4617 Filium
1822 4562 1990 4627 dedit,

2100 3374 2237 3446 πρὶς
2292 3370 2391 3438 τὴν
2442 3368 2647 3438 γνῶσιν
2703 3364 2798 3420 τοῦ
2830 3364 3002 3428 δντως
3044 3363 3197 3425 ὄντος
3224 3358 3681 3432 κατευθυνώμεθα

2098 3464 2233 3519 Θεοῦ
2252 3481 2265 3494 ·
2286 3463 2344 3527 ὃς
2372 3462 2530 3534 μόνος
2553 3459 2628 3513 ὢν
2645 3458 2754 3524 ἀεὶ,
2780 3455 2876 3511 καὶ
2896 3454 2983 3510 ἀεὶ
3004 3453 3095 3507 τὸν
3124 3451 3390 3524 μονογενῆ
3418 3449 3586 3520 Λόγον
3610 3451 3676 3503 ἐκ

2098 3556 2198 3627 τῆς
2228 3554 2363 3617 ιδίας
2396 3553 2582 3618 οὐσίας
2613 3547 2971 3618 ἀπαυγάζων,
2994 3547 3182 3619 ὥσπερ
3220 3545 3249 3599 δ
3277 3547 3427 3617 ἥλιος
3458 3547 3518 3598 τὸ
3539 3542 3674 3612 φῶς,

2099 3651 2196 3704 καὶ
2223 3649 2311 3702 at”).
2337 3644 2561 3717 Πνεῦμα
2600 3643 2758 3713 ἆγιον
2820 3640 3124 3712 σύμφυτον.
3177 3637 3273 3692 τοῦ
3323 3636 3523 3691 οἰκείου
3561 3633 3677 3688 στό-

2102 3757 2274 3813 ματος
2302 3738 2621 3811 ἁμερίστως
2673 3735 3023 3808 προϊέμενος.
3068 3725 3241 3796 Οὗτος
3291 3729 3367 3802 τῷ
3394 3729 3552 3801 Λόγῳ
3582 3728 3682 3801 μὲν

2099 3831 2265 3887 αὐτοῦ
2306 3828 2641 3902 ἐστερέωσεν
2669 3828 2795 3890 τοὺς
2827 3825 3115 3898 οὐρανοὺς,
3156 3822 3234 3894 τῷ
3283 3820 3562 3892 Πνεύματι
3620 3818 3681 3873 δὲ

2101 3927 2281 3980 πᾶσαν
2307 3922 2405 3994 τὴν
2434 3920 2665 3992 δύναμιν
2692 3917 2799 3973 τῶν
2823 3916 2915 3970 ὐπ’
2941 3913 3105 3969 αὐτοῦ
3129 3911 3465 3985 κτιζομένων
3483 3925 3684 3983 καταρ-

2098 4015 2329 4082 τίζεται.
2366 4008 2533 4076 υύτος
2586 4010 2678 4065 τὸν
2729 4008 3015 4077 ἄνθρωπον
3085 4004 3303 4077 πρῶτον
3344 4005 3464 4078 κατ’
3497 4002 3684 4056 εἰκόνα

2105 4109 2240 4164 ίδίαν
2271 4107 2505 4177 ποιήσας
2556 4103 2651 4159 καὶ
2705 4101 2987 4173 ὁμοίωσιν,
3020 4098 3115 4154 καὶ
3151 4100 3210 4153 ἐν
3248 4097 3326 4169 τῷ
3371 4092 3682 4169 παραδείσῳ

2100 4199 2384 4263 τεθεικὼς,
2423 4196 2518 4253 καὶ
2542 4194 2764 4267 ἐντολὴν
2789 4190 3060 4256 δεδωκὼς,
3102 4188 3291 4260 ἐπειδὴ
3324 4190 3393 4260 τῇ
3429 4186 3684 4260 παρασάο

2103 4312 2187 4349 σει
2215 4292 2313 4363 τῆς
2347 4291 2569 4360 ἐντολῆς
2606 4287 2815 4358 φθορὰν
2864 4283 3261 4354 κατακέκριται
3300 4281 3396 4334 καὶ
3429 4279 3680 4342 θάνατον,

2100 4387 2202 4440 οὐκ
2259 4386 2339 4449 είς
2388 4382 2541 4445 τέλος
2583 4378 2746 4434 αὐτὸν
2795 4374 3081 4446 ὑπερεῖδεν
3126 4374 3517 4445 ἀπολλύμενον,
3547 4371 3686 4426 ἀλλὰ

2100 4478 2242 4549 λόγῳ
2272 4476 2369 4529 καὶ
2407 4474 2558 4544 νόμῳ
2604 4473 2700 4527 καὶ
2761 4470 3071 4542 προφήταις
3124 4463 3682 4538 προπαιδαγωγήσας,

2102 4567 2325 4638 ὕστερον
2354 4564 2455 4620 καὶ
2510 4563 2673 4618 αὐτὸν
2715 4561 2915 4615 ἔδωκεν
2959 4558 3050 4612 τὸν
3084 4558 3213 4612 Υἰδν
3241 4557 3383 4629 ὑπὲρ
3411 4556 3589 4627 ἡμῶν,
3624 4556 3684 4622 ἐξ

413 4649 594 4720 puella
620 4650 848 4719 innupta
871 4657 1079 4717 natum,
1111 4650 1307 4705 [aetum
1332 4651 1630 4717 hominem,
1653 4653 1811 4721 aquis
1834 4653 1992 4707 intin-

2106 4658 2485 4729 ἀπειρογάμου
2527 4655 2698 4727 κόρης
2754 4650 3135 4722 γεννώμενον,
3184 4647 3685 4719 ἀνθρωπιζόμενον,

414 4749 590 4804 ctum,
651 4748 947 4806 tentatum,
1006 4744 1155 4798 cruci
1205 4741 1447 4809 aﬂixum,
1485 4745 1779 4814 sepultum,
1836 4744 1993 4799 tertia

418 4835 744 4889 suscitatum
769 4835 878 4902 die,
903 4843 1067 4905 atque
1093 4836 1147 4890 in
1172 4836 1342 4892 caelos
1373 4845 1713 4908 assumptum
1744 4855 1757 4892 :
1789 4837 1994 4908 quippe

415 4925 514 4995 qui
562 4925 690 4982 inde
724 4941 919 4983 rursus
947 4936 1208 4984 venturus
1234 4938 1601 4998 exspectetur,
1632 4944 1696 4984 ac
1725 4928 1994 5000 quidquid

414 5014 711 5073 formatum
763 5027 847 5075 est
893 5020 1226 5089 (humanum
1293 5020 1503 5076 scilicet
1549 5036 1725 5091 genus
1791 5020 1988 5091 omne)

415 5123 519 5166 suo
544 5110 802 5166 tribunali
848 5111 1223 5179 adhibiturus,
1278 5112 1575 5183 unicuique
1613 5113 1845 5184 denique
1892 5128 1994 5184 pro

413 5215 483 5256 eo
528 5216 593 5259 ac
646 5203 903 5274 gesserit,
935 5204 1269 5259 redditurus.
1328 5202 1484 5260 Hunc
1539 5220 1658 5269 vos,
1693 5207 1878 5273 amici,
1934 5217 1994 5262 ut

413 5292 585 5350 Deum
621 5294 955 5364 agnoscatis,
990 5296 1280 5351 admoneo.
1306 5293 1444 5351 Huic
1473 5307 1532 5351 ut
1576 5297 1782 5352 cultum
1831 5298 1991 5353 adhi-

415 5383 612 5449 beatis,
646 5399 884 5456 eumque
909 5384 1249 5455 spiritalibus
1279 5384 1474 5440 hostiis
1506 5387 1724 5456 placare
1768 5388 1992 5444 studea-

484 5517 506 5548 ⁸
537 5481 700 5575 item.
729 5534 770 5587 ι,
796 5518 889 5575 21.
969 5519 989 5551 ⁸
1018 5518 1166 5575 Psal.
1195 5534 1369 5587 uvn,
1403 5521 1456 5577 6.

489 5675 570 5744 (6)
601 5676 799 5733 Debuit
870 5678 989 5734 haec
1033 5676 1183 5733 lotus
1222 5675 1393 5732 fuisse
1454 5678 1719 5735 fructibus
1766 5677 2046 5743 destituta,

415 5742 561 5802 Idem
592 5746 795 5805 clarius
826 5749 1148 5818 exprimitur
1175 5763 1325 5802 nunt.
1362 5746 1448 5801 16.

2102 4749 2527 4822 βαπτιζόμενον,
2557 4744 2976 4816 πειραζόμενον,
3018 4740 3445 4813 σταυρούμενον,
3481 4739 3686 4793 θαπτό-

2102 4858 2286 4913 μενον,
2309 4839 2611 4910 τριήμερον
2661 4836 3047 4905 ἀνιστάμενον,
3079 4832 3218 4904 πρὸς
3246 4833 3516 4903 οὐρανοὺς
3547 4833 3683 4888 ἀναο

2098 4930 2536 5003 λαμϐανόμενον,
2589 4926 2682 4981 καὶ
2708 4924 2861 4990 αὖθις
2895 4922 3103 4979 ἐκεῖθεν
3136 4922 3288 4994 ἥξειν
3322 4921 3686 4992 προσδεχόμε-

2100 5041 2214 5086 νον,
2238 5022 2334 5075 καὶ
2363 5020 2587 5091 σύμπαν
2618 5018 2681 5071 τὸ
2710 5016 2937 5087 πλάσμα
2968 5015 3344 5085 παραστήσειν
3372 5012 3567 5081 ἐαυτῷ,
3590 5012 3685 5065 καὶ

2100 5110 2394 5168 ἀποδοῦναι
2426 5110 2645 5180 ἑκάστῳ
2695 5106 2837 5163 κατὰ
2890 5105 2990 5178 τὴν
3035 5104 3234 5177 πρᾶξιν
3266 5102 3454 5157 αὐτοῦ.
3484 5102 3684 5156 Τοῦτον

2104 5206 2274 5276 ὑμᾶς,
2298 5198 2343 5256 ὦ
2372 5203 2539 5273 φίλοι,
2568 5200 2704 5254 Θεὸν
2736 5199 2938 5253 εἰδέναι
2993 5195 3294 5268 παρεγγυώ
3317 5211 3331 5225 ·
3383 5193 3572 5248 τοῦτον
3599 5193 3685 5245 σέ-

2103 5293 2332 5359 ϐεσθαι,
2385 5290 2575 5346 τοῦτον
2639 5289 2853 5353 Θυσίαις
2945 5287 3347 5358 πνευματικαῖς
3413 5281 3682 5338 ίλεούσθαι

2103 5385 2374 5460 παραινῶ,
2397 5385 2489 5439 τὸν
2518 5386 2576 5438 ἐν
2608 5383 2786 5453 Πατρλ⁸
2818 5381 2916 5437 καὶ
2941 5380 3078 5452 Υίῷ,
3102 5379 3199 5434 καὶ
3227 5378 3371 5449 ἁγίῳ
3404 5376 3681 5449 [Ῑνεύματι

2104 5694 2228 5735 cum
2277 5694 2385 5736 non
2443 5681 2548 5737 nisi
2597 5681 2668 5737 ad
2725 5678 3162 5738 comburendum
3234 5677 3387 5735 utilis
3447 5676 3676 5733 dicatur.
