4022 6394
272 323 365 391 ίὲθ

829 318 1113 381 ORATIO
1151 317 1310 382 XIX.
1338 346 1409 361 -
1441 321 1525 384 IN
1551 321 1868 387 LAUDEM
1907 324 1970 385 S.
2009 321 2432 385 HYACINTHI
2464 321 2928 384 AMASTRENI.

3424 323 3533 391 43³)

272 426 636 500 θεωρούμενον
667 426 764 480 καὶ
794 427 1270 499 προσκυνούμενον
1292 446 1305 460 ·
1333 429 1428 485 τὸν
1455 432 1618 503 μόνον
1632 433 1845 488 δίκαιον

1960 432 2046 497 Lis,
2092 431 2189 504 qui
2250 430 2307 486 in
2341 430 2505 486 Patre
2533 436 2587 484 et
2615 427 2756 484 Filio
2794 438 2849 485 et
2906 428 3116 501 Spiritu
3151 438 3345 488 sancto
3368 431 3531 490 intek

272 524 355 579 xui.
392 518 571 584 ζῶντα
609 517 778 572 Θεόν·
804 517 864 582 ὃς
907 519 1104 573 ἀέναον
1158 521 1384 576 κόλασιν
1422 523 1520 576 καὶ
1550 523 1665 594 πῦρ
1687 524 1842 595 ἡτοί-

277 627 436 685 μασεν
466 610 752 674 ἄσϐεστον,
780 610 894 674 τοῖς
910 611 1075 666 αὐτὸν
1104 612 1203 683 μὲν
1225 613 1503 682 demam,
1539 616 1638 687 τὴν
1662 616 1841 670 κτίσιν

273 708 323 761 δὲ
348 702 684 758 θεοποιοῦσιν
704 719 718 733 ·
760 702 818 766 ὃς
871 703 1120 775 οὐρανῶν
1171 705 1448 776 βασιλείαν
1479 709 1626 779 ζωήν
1656 726 1716 762 τε
1749 710 1843 763 καὶ

273 798 415 862 δόξαν
448 798 668 851 αἰώνιον
693 799 805 859 τοῖς
845 796 1195 850 πιστεύουσιν
1223 798 1310 852 ἐπ’
1341 800 1525 866 αὐτὸν,
1550 801 1617 853 δι’
1653 802 1843 864 ὕδατός

271 908 324 944 τε
352 890 440 943 καὶ
478 887 791 959 πνεύματος
844 889 1335 961 ἀναγεννωμένοις,
1381 894 1772 963 ἐπηγγείλατο.
1821 914 1840 947 ι

336 1159 421 1208 ια’.
459 1153 752 1217 Τοιαύταις
807 1150 836 1208 ό
889 1153 1034 1217 θεῖος
1069 1152 1360 1220 Ὑάκινθος
1413 1156 1842 1227 παραγγελίαις,

269 1245 536 1308 τοιαύταις
567 1246 654 1298 ἀεὶ
682 1245 1097 1316 παραινέσεσιν,
1129 1247 1228 1299 οὐκ
1255 1248 1397 1300 ἀνιεῖ
1437 1250 1565 1312 τοὺς
1595 1249 1846 1317 ἐγγίζονο

268 1357 356 1402 τας
385 1338 536 1408 αὐτῷ
563 1338 852 1404 νουθετῶν,
887 1332 1145 1409 ἐλέγχων,
1196 1340 1556 1411 παρακαλῶν.
1594 1345 1730 1397 πᾶσι
1761 1342 1849 1396 λό-

267 1447 374 1500 γοις
430 1430 526 1483 καὶ
555 1431 778 1498 τρόποις
836 1430 938 1499 τῆς
990 1431 1224 1484 ὲκτόπου
1280 1432 1705 1504 δεισιδαιμονίας
1748 1435 1848 1487 αύ-

267 1524 382 1584 τοὺς
410 1520 619 1590 ταύτης
640 1521 1007 1574 ἀπαλλάττειν
1038 1518 1496 1594 προθυμούμενος
1521 1540 1535 1554 ο
1591 1526 1757 1595 ἤνυεν
1785 1524 1843 1578 δὲ

267 1612 420 1664 πλέον
451 1612 635 1665 οὐδέν’
674 1612 848 1682 δῆμος
875 1613 985 1683 γὰρ
1014 1613 1302 1682 ἀλόγιστος
1335 1616 1429 1668 καὶ
1462 1615 1694 1687 θρασὺς,
1722 1634 1848 1670 συν-

265 1704 469 1775 ηθείαις
508 1705 705 1767 κακαῖς
746 1704 842 1756 καὶ
870 1704 1273 1773 πονηροτὰταις
1325 1706 1632 1776 προλήψεσι
1660 1708 1846 1761 δεδου-

267 1797 524 1867 ὶωμένος,
573 1793 976 1863 δυσαγώνιστός
1003 1812 1063 1849 τε
1092 1795 1196 1860 ἔτι,
1228 1798 1322 1849 καὶ
1344 1798 1443 1868 τῆς
1470 1798 1561 1850 ἐπὶ
1613 1798 1675 1851 τὸ
1720 1798 1845 1868 βέλ-
1872 1785 1921 1846 Β

266 1906 371 1943 τιον
395 1888 798 1959 ἀνεπαίσθητος
823 1890 1160 1961 ἐπιστροφῆς
1183 1907 1197 1921 ·
1231 1889 1354 1944 ὅθεν
1376 1891 1425 1944 oi
1462 1891 1562 1961 μὲν
1579 1893 1845 1961 ἀναισοηα-

267 1983 352 2055 σία
368 1983 435 2035 τὰ
459 1976 576 2035 ὦτα
596 1980 942 2053 βαρύνοντες.
978 1982 1074 2036 καὶ
1097 1981 1268 2037 νῶτον
1290 1972 1523 2047 διδόντες
1556 2001 1845 2057 παραφρο-

265 2075 475 2139 νοῦντα,
519 2073 664 2128 κατά
690 2073 789 2141 τὴν
816 2072 1063 2144 Γραφὴν,
1110 2075 1187 2137 ὼς
1236 2074 1359 2144 εἰκῆ
1415 2073 1712 2145 ληροῦντος
1746 2075 1848 2128 οὐκ

265 2166 575 2240 ἠνείχοντοο
628 2170 678 2221 oi
712 2166 768 2220 δὲ
812 2168 909 2220 καὶ
941 2166 1162 2236 μανίαις
1188 2167 1284 2220 καὶ
1320 2166 1503 2238 ζήλοις
1528 2170 1746 2238 πικροῖς
1772 2168 1850 2221 ol-

267 2258 752 2333 στρηλατούμενοι,
784 2256 977 2330 ὓϐρεσί
1006 2275 1063 2311 τε
1092 2257 1281 2312 τοῦτον
1312 2258 1535 2329 μυρίαις
1554 2258 1850 2329 ἠμείϐοντο

266 2355 353 2407 καὶ
397 2353 690 2423 ἀτιμίαις·
744 2352 841 2406 καὶ
889 2351 1019 2405 ποτὲ
1059 2351 1158 2422 μὲν
1203 2351 1579 2422 χλευάζοντες,
1631 2351 1762 2405 ποτὲ
1790 2351 1849 2405 δὲ

264 2444 641 2509 ὀνειδίζοντες,
685 2442 802 2496 ἔστι
833 2443 879 2496 δ’
906 2443 996 2496 ὅτε
1029 2443 1124 2516 καὶ
1170 2442 1531 2506 ἀπειλοῦντες
1575 2441 1724 2514 αὐτῷ
1755 2442 1851 2497 καὶ

267 2536 763 2606 συνετ·;ι·τιθέι,ι.ενοι⁸
817 2534 1051 2605 ἔϐρυχον
1096 2537 1222 2599 τοὺς
1276 2534 1495 2599 ὀδόντας
1541 2536 1630 2588 ἐπ’
1662 2536 1846 2591 αὐτόν.

265 2632 326 2685 Τί
354 2628 446 2686 οὖν
477 2633 510 2685 ὁ
572 2631 859 2700 ἄνθρωπος
889 2631 983 2684 τοῦ
1018 2629 1151 2684 Θεοῦ
1179 2645 1194 2689 :
1231 2631 1344 2683 Οὐκ
1368 2629 1645 2701 αὔταρκες
1679 2630 1850 2684 οἴεται

265 2725 320 2777 τὸ
347 2724 465 2777 καθ’
504 2722 700 2777 ἑαυτὸν
757 2722 919 2793 μόνον
965 2722 1172 2792 διορᾷν,
1198 2722 1345 2785 ὅπως
1383 2723 1448 2775 ἂν
1487 2723 1599 2791 ἔχοι
1647 2721 1848 2787 καλῶς,

265 2817 367 2871 τῶν
394 2817 579 2872 ἄλλων
601 2815 658 2869 δὲ
686 2815 873 2878 κακῶς
902 2814 1137 2886 ἐχόντων
1184 2815 1493 2886 ὑπερορᾷν·
1547 2814 1670 2868 οὐδὲ
1715 2814 1852 2885 θρη-

267 2910 371 2961 νεῖν
409 2909 519 2978 μὲν
575 2908 718 2978 ὑπὲρ
760 2907 943 2960 αὐτῶν
969 2905 1170 2975 ἡσυχῆ,
1208 2907 1303 2960 καὶ
1346 2905 1669 2960 ποτνιᾶσθαι
1715 2905 1852 2976 πρὸς

266 2999 349 3052 τὸν
379 3000 614 3070 Κύριον,
652 2996 1136 3067 παρρησιάζεσθαι
1167 2996 1223 3049 δὲ
1248 2996 1389 3066 ὑπὲρ
1420 2996 1680 3066 ἀληθείας
1715 2997 1852 3050 ὑπο-

270 3091 617 3144 στέλλεσθαι·
652 3090 774 3143 οὑδὲ
799 3087 943 3158 λόγῳ
994 3087 1093 3158 μὲν
1136 3088 1231 3140 καὶ
1258 3087 1632 3150 διδασκαλίαις
1666 3086 1850 3156 μόνον,

266 3181 406 3252 ἔργῳ
425 3184 486 3236 δὲ
523 3186 600 3253 μὴ
647 3181 977 3235 ἀνακόπτειν
1013 3178 1123 3232 τῶν
1167 3179 1622 3249 ἀφρονευομένων
1652 3180 1852 3250 πειρᾶ-

270 3273 387 3329 σθαι
412 3276 523 3346 τὴν
545 3273 886 3337 δυσσέϐειαν,
905 3270 1137 3342 ἀρίστης
1166 3265 1307 3324 εἶναι
1330 3271 1426 3326 καὶ
1450 3271 1662 3336 τελείας
1693 3268 1855 3343 ἔργον

267 3367 477 3438 ἡγεῖται
519 3368 784 3430 διανοίας.

1946 523 2135 594 ligitur
2185 536 2250 578 ac
2295 522 2598 589 adoratur,
2649 521 2825 577 solum
2878 521 3085 592 justum
3158 538 3224 579 ac
3264 523 3535 579 viventem

1949 616 2145 682 Deum,
2188 614 2456 670 adhortor
2508 613 2645 684 :qui
2693 613 2955 668 nimirum
2997 623 3203 670 aeterna
3262 615 3533 686 supplicia

1947 707 2243 778 ignemque
2275 705 2382 760 illis
2423 704 2773 775 praeparavit,
2803 704 2920 774 qui,
2970 719 3036 760 eo
3077 716 3282 776 spreto,
3317 714 3535 761 creatu-

1948 815 2066 855 ram
2174 797 2474 865 dcilicant;
2532 797 2628 868 qui
2693 796 2930 872 denique
2972 812 3199 867 regnum
3245 797 3533 862 caelorum,

1949 892 2225 960 vitamque
2289 881 2553 943 aeternam
2620 904 2687 943 ac
2752 888 2984 958 gloriam
3057 888 3410 944 credentibus
3480 889 3534 943 in

1949 981 2129 1050 ipsum
2173 977 2450 1049 pollicitus
2475 986 2580 1042 est,
2617 979 2712 1047 qui
2770 993 2837 1033 ex
2872 992 3016 1047 aqua
3043 987 3097 1031 et
3124 976 3330 1047 Spiritu
3356 977 3535 1033 renati

1947 1072 2078 1126 sint.
2117 1090 2138 1123 ι

2025 1167 2112 1221 ll.
2182 1166 2409 1222 Talibus
2470 1162 2808 1235 Hyacinthus
2868 1161 3283 1227 hortamentis,
3337 1159 3538 1217 talibus

1949 1256 2210 1326 frequens
2269 1256 2584 1327 jugiterque
2641 1253 3146 1319 admonitionibus,
3201 1253 3249 1309 si
3298 1251 3396 1324 qui
3442 1251 3542 1307 ad-

1957 1351 2120 1417 irent,
2146 1350 2504 1422 increpando,
2554 1348 2854 1420 arguendo,
2911 1348 3255 1404 obsecrando
3311 1346 3335 1379 ⁸
3389 1347 3538 1420 (nul-

1949 1444 2020 1501 lis
2076 1445 2285 1500 scilicet
2344 1458 2453 1499 non
2518 1442 2822 1507 rationibus
2877 1441 3166 1511 modisque
3219 1440 3537 1512 satagendo.

1949 1545 2012 1592 ut
2047 1537 2117 1593 ab
2168 1537 2382 1592 insulsa
2415 1534 2936 1603 dementissimaque
2996 1532 3390 1603 superstitione
3444 1545 3541 1589 eos

1949 1629 2255 1699 liberaret),
2298 1628 2438 1682 nihil
2477 1637 2659 1689 tamen
2701 1625 2938 1695 amplius
2976 1625 3316 1696 proﬁciebat.
3343 1625 3542 1680 incon-

1950 1723 2128 1778 sultus
2188 1722 2334 1776 enim
2397 1721 2689 1791 audaxque
2742 1734 2810 1774 ac
2875 1720 3200 1775 temerarius
3257 1719 3539 1790 populus.

1951 1829 2132 1885 prava:
2179 1813 2396 1870 deditus
2441 1810 2845 1876 consuetudini,
2903 1810 3269 1881 pessimeque
3295 1808 3541 1865 emanci-

1950 1915 2112 1976 patus
2150 1913 2431 1976 occupata:
2489 1902 2760 1975 opinioni,
2811 1901 3032 1957 vixdum
3086 1900 3386 1972 expugnari
3438 1914 3541 1970 po-

1949 2007 2108 2063 terat,
2170 1980 2450 2068 sensuque
2483 1998 2653 2059 omni
2691 1995 2938 2051 melioris
2988 1992 3164 2064 frugis
3214 1991 3543 2062 arripiendae

1952 2091 2200 2149 carebat.
2262 2089 2514 2159 Hineqne
2564 2090 2705 2155 adeo
2743 2089 2860 2154 alii,
2908 2102 3020 2158 quo
3070 2095 3299 2156 stupore
3346 2083 3543 2154 perciti

1955 2190 2134 2246 erant,
2164 2196 2329 2237 aures
2355 2189 2737 2251 aggravantes,
2769 2195 2832 2233 ac
2854 2178 3077 2232 dorsum
3128 2177 3388 2232 insanum
3410 2174 3546 2230 dan-

1950 2282 2034 2328 tes
2067 2273 2169 2344 (7),
2222 2272 2300 2326 uti
2337 2270 2636 2339 Scriptura:
2674 2271 2858 2326 verbis
2904 2283 3226 2339 expressum
3261 2276 3364 2334 est,
3398 2266 3547 2322 velut

1952 2373 2155 2422 temere
2215 2363 2566 2426 delirantem,
2622 2378 2749 2439 eum
2820 2376 2930 2415 non
2989 2359 3386 2415 sustinebant:
3449 2356 3546 2413 alii

1952 2471 2083 2513 vero
2134 2454 2299 2510 etiam
2364 2453 2527 2510 furiis
2575 2451 3047 2521 amarulentisque
3102 2446 3546 2505 aemulationibus

1951 2547 2182 2613 ell‘erati,
2210 2547 2538 2613 injuriarum
2580 2543 2689 2598 vim
2726 2543 3073 2598 innumeram
3104 2539 3547 2610 probrorumqtte

1956 2641 2035 2696 illi
2074 2638 2486 2710 rependebant;
2546 2652 2612 2692 ac
2637 2693 2643 2698 _
2669 2637 2834 2691 modo
2888 2634 3109 2704 quidem
3142 2645 3278 2686 naso
3308 2644 3543 2700 suspen-

1951 2734 2155 2788 debant
2211 2731 2286 2803 (8)
2316 2770 2333 2795 ,
2376 2730 2542 2785 modo
2576 2738 2760 2783 autem
2804 2725 3250 2797 exprobrabant,
3293 2722 3542 2793 quando-

1952 2838 2064 2893 que
2130 2835 2262 2877 vero
2319 2820 2482 2875 etiam
2534 2817 2827 2881 minaciter
2900 2813 3217 2883 impetuque
3281 2818 3542 2874 ruentes,

1954 2913 2211 2969 dentibus
2252 2912 2307 2966 in
2328 2926 2453 2966 eum
2483 2909 2824 2965 frendebant.
2844 2905 2986 2973 Quid
3018 2904 3183 2976 igitur
3213 2899 3308 2958 Dei
3340 2902 3547 2957 homo?

1955 3002 2073 3058 Non
2135 3003 2271 3059 satis
2322 3003 2622 3057 arbitratur
2679 3007 2743 3054 ut
2801 3012 2901 3052 sua
2956 2998 3220 3050 duntaxat
3265 2992 3543 3064 dispiciat,

1958 3094 2238 3165 quomodo
2286 3101 2435 3149 recte
2471 3107 2532 3147 se
2563 3090 2823 3155 habeant,
2874 3102 2964 3145 res
3018 3100 3145 3141 vere
3200 3083 3436 3140 aliorum
3481 3097 3548 3147 se

1961 3187 2104 3242 male
2154 3185 2419 3241 habentes
2468 3183 2784 3255 despiciat:
2834 3193 3015 3248 neque
3062 3186 3123 3232 ut
3179 3175 3399 3232 silentio
3445 3187 3548 3244 pro

1960 3278 2044 3333 eis
2089 3277 2293 3348 lugeat,
2359 3285 2528 3347 atque
2590 3274 2658 3330 ad
2710 3271 3003 3328 Dominum
3052 3268 3286 3340 gemitus
3344 3266 3546 3324 trahat.

1962 3368 2241 3439 libereque
2292 3382 2392 3439 pro
2436 3367 2673 3425 veritate,
2694 3377 2857 3435 agere
2883 3375 2950 3417 ac
2979 3358 3133 3431 loqui
3164 3356 3548 3429 pertimescat;

270 3477 366 3518 nec
398 3471 459 3518 ut
485 3477 750 3519 sermone
791 3462 1060 3517 duntaxat
1116 3475 1182 3515 ac
1238 3457 1527 3523 doctrinis,
1575 3474 1683 3514 non
1725 3474 1854 3515 vero
1883 3460 2050 3517 etiam
2115 3476 2283 3533 opere
2359 3458 2738 3531 insipientium
2793 3465 3023 3512 conetur
3082 3450 3422 3522 impietatem
3462 3448 3551 3507 in—

271 3550 507 3623 l'ringere
541 3567 612 3607 ae
632 3552 906 3618 inhibere,
934 3552 1154 3622 optima:
1181 3559 1346 3620 atque
1377 3549 1629 3620 perfectae
1661 3553 1858 3608 mentis
1885 3568 2025 3623 opus
2049 3568 2173 3609 esse
2204 3559 2446 3622 reputat.
2607 3603 2626 3619 ,
2718 3564 2723 3569 '

369 3689 502 3745 Car.
541 3689 614 3744 ll.
644 3718 717 3728 ——
747 3685 934 3741 Sancti
968 3685 1223 3756 martyris
1253 3684 1395 3739 zelus
1430 3684 1483 3737 in
1523 3683 1816 3757 excidenda
1853 3685 2061 3750 arbore,
2100 3686 2263 3742 libera
2290 3686 2421 3757 facti
2454 3664 2736 3756 confessio,
2773 3684 3066 3747 cruciatus,
3129 3692 3295 3747 more,
3348 3686 3435 3734 tu-

1508 3753 1709 3819 mulus,
1749 3765 1799 3808 et
1844 3758 2082 3810 auctoris
2129 3753 2391 3828 epilogus.
2552 3753 2563 3787 η’
2600 3766 2605 3785 λ

340 3879 426 3952 ιβ’,
472 3877 650 3933 Ἀλλά
696 3878 810 3938 τοῖς
839 3874 1042 3951 λόγοις,
1080 3872 1156 3936 ὡς
1181 3869 1419 3944 εἴρηται,
1457 3870 1725 3942 πρότερον
1762 3871 1857 3939 ἐγ-

272 3973 547 4045 κείμενος,
579 3967 705 4023 ἐπεὶ
745 3967 820 4038 μὴ
845 3959 956 4029 οἷός
999 3965 1048 4017 τ’
1090 3960 1160 4035 ἦν
1188 3964 1246 4016 έν
1271 3961 1482 4025 τούτοις
1515 3961 1615 4032 τῆς
1647 3963 1858 4032 πλάνης

272 4062 486 4132 ἐκείνης
522 4059 794 4129 ἐπισχεῖν.
848 4054 1133 4125 ἑπομένως
1159 4052 1347 4106 λοιπὸν
1384 4051 1481 4123 τὴν
1511 4051 1735 4105 ἐπὶτῶν
1763 4051 1858 4124 ἔρ-

272 4169 382 4221 γων
409 4153 650 4223 δύναμιν
683 4148 1044 4210 ὲκδείκνυται,
1066 4146 1160 4198 καὶ
1179 4143 1277 4208 τὰς
1293 4142 1393 4213 τῆς
1420 4142 1663 4207 διανοίας
1687 4143 1860 4211 όσςῦς

273 4245 726 4315 ἀναζωσάμενος,
765 4238 862 4294 καὶ
888 4238 987 4307 τὴν
1011 4236 1120 4291 ἀπὸ
1161 4236 1259 4289 τοῦ
1304 4233 1481 4306 Ἰησοῦ
1521 4233 1761 4303 Χριστοῦ
1790 4234 1858 4305 τῇ

273 4340 557 4409 προσευχῇ
632 4334 864 4404 δύναμιν
922 4328 1396 4399 ἐπισπασάμενος,
1446 4323 1567 4381 εἶτα
1627 4326 1862 4381 πέλεκυν

272 4429 392 4495 ὀξὺν
427 4427 620 4484 λαϐὼν
664 4429 732 4497 τῇ
761 4425 926 4496 χειρὶ,
958 4422 1054 4475 καὶ
1084 4419 1306 4491 θερινῆς
1347 4417 1696 4491 μεσημϐρίας
1728 4418 1864 4473 πάν-

2038 3871 2123 3927 12.
2157 3871 2263 3926 Sed
2297 3886 2420 3927 cum
2448 3870 2624 3941 prius,
2651 3868 2727 3924 uti
2761 3866 3035 3934 dicebam,
3065 3864 3248 3920 verbis
3272 3860 3555 3919 incubuis-

1966 3971 2069 4030 set,
2102 3978 2206 4019 nec
2236 3963 2457 4017 illorum
2497 3961 2548 4016 vi
2582 3974 2647 4016 ac
2678 3974 2781 4013 usu
2846 3958 2916 4013 ab
2959 3970 3149 4012 errore
3176 3954 3273 4010 illo
3302 3954 3555 4010 inhibere

1967 4066 2150 4126 posset
2179 4069 2194 4121 ;
2237 4060 2643 4123 consequenter
2665 4051 2802 4122 jam,
2829 4060 2952 4117 quae
2976 4047 3031 4102 in
3066 4046 3331 4116 operibus
3374 4045 3555 4114 posita

1966 4154 2073 4211 est,
2103 4146 2360 4200 virtutem
2387 4141 2627 4199 ostendit
2657 4159 2671 4197 :
2706 4138 3131 4207 succinctusque
3149 4135 3371 4189 lumbos
3395 4147 3554 4188 men-

1970 4237 2062 4303 tis,
2099 4243 2264 4306 atque
2292 4249 2323 4289 a
2349 4231 2481 4288 Jesu
2511 4231 2735 4288 Christo
2778 4242 3003 4302 precum
3050 4224 3316 4283 instantia
3360 4237 3556 4279 corroo

1970 4336 2092 4400 gata
2120 4327 2342 4391 virtute,
2387 4334 2503 4381 tum
2557 4334 2753 4392 manu,“
2806 4327 2966 4377 acuta
3022 4317 3203 4375 securi
3255 4315 3555 4387 prehensa,
3602 4328 3609 4335 ’

1969 4415 2111 4471 clam
2142 4416 2420 4480 omnibus,
2457 4413 2649 4495 aestivo
2673 4412 2790 4467 sole
2814 4426 2880 4465 ac
2908 4410 3159 4474 meridie,
3193 4408 3399 4463 erroris
3429 4404 3557 4461 stir-

276 4540 371 4585 ’τας
403 4519 706 4584 διαλαθὼν,
767 4514 1067 4587 πρόρῤιζον
1117 4513 1376 4566 ἐκκόπτει
1420 4510 1482 4564 τὸ
1523 4511 1620 4582 τῆς
1657 4507 1854 4581 πλάνης

1972 4524 2091 4579 pem
2122 4508 2385 4565 radicitus
2409 4505 2699 4562 exscindit.
2739 4503 2784 4559 Ο
2808 4503 3003 4558 fortem
3035 4499 3305 4564 animum,
3327 4499 3557 4554 robusto

275 4613 541 4683 φυτόν.“Ω
566 4610 745 4681 ψυχῆς
766 4605 1022 4678 ἀνδρείας
1044 4602 1276 4676 ἀνδρείῳ
1302 4600 1594 4674 χρωμένης
1619 4600 1854 4671 σώματιῖ

1974 4612 2204 4670 corpore
2248 4597 2447 4654 usum!
2481 4594 2527 4652 Ο
2553 4594 2829 4651 fervorem
2864 4591 3015 4658 ﬁdei,
3062 4591 3310 4646 fulminis
3358 4590 3557 4654 instar,

274 4678 317 4758 δ)
358 4678 705 4777 θερμόττλτος
739 4700 995 4763 πίστεως,
1033 4697 1096 4751 τὸ
1148 4697 1246 4768 μὲν
1291 4695 1391 4766 τῆς
1428 4692 1681 4758 ἀσεϐείας
1709 4692 1854 4758 ξύλον

1971 4688 2269 4760 impietatis
2323 4686 2745 4744 succendentem
2798 4683 3074 4749 arborem,
3107 4694 3176 4737 ac
3227 4678 3378 4735 velut
3435 4680 3560 4749 igne

275 4769 549 4869 κεραύνοῦ
580 4769 783 4864 τρόπον
814 4788 1254 4861 ὲμπιμπρώσης,
1279 4783 1469 4858 ὥσπερ
1500 4786 1556 4839 δὲ
1598 4785 1854 4856 καιούσης

1970 4782 2172 4853 impios
2201 4780 2615 4836 comburentem
2644 4790 2708 4832 ac
2736 4775 3122 4831 absorbentem
3151 4773 3166 4825 l
3209 4769 3254 4826 0
3284 4778 3551 4825 constan-

273 4867 366 4942 καὶ
415 4882 820 4951 κατεσθιούσης
872 4884 998 4945 τοὺς
1057 4878 1310 4940 ἀσεϐείςῖ
1348 4877 1394 4931 ὣ
1425 4877 1632 4948 τόλμης
1684 4875 1854 4946 ψυχῆς

1967 4875 2040 4930 tis
2072 4873 2324 4942 tirmique
2347 4870 2517 4926 animi
2549 4867 2860 4933 audaciam,
2887 4871 3243 4932 mentemque
3269 4874 3434 4932 quam
3459 4875 3559 4929 pro

274 4980 552 5050 καρτερᾶς
584 4980 675 5031 καὶ
718 4950 1011 5045 στῗαθερᾶς,
1048 4973 1143 5024 καὶ
1177 4970 1417 5032 διανοίας
1447 4970 1675 5038 συνετῆς
1699 4967 1854 5021 πλέον

1970 4967 2214 5029 humana
2238 4964 2454 5018 ratione
2476 4959 2842 5024 solertiorem,
2882 4970 2991 5010 una
3016 4954 3320 5024 eademque
3343 4950 3557 5006 actione

274 5068 306 5139 ἢ
354 5069 506 5124 κατά
569 5065 914 5137 ἀνθρώπινον
968 5062 1118 5127 νοῦν,
1167 5061 1297 5133 περὶ
1334 5061 1435 5132 τὴν
1474 5059 1645 5130 αὐτὴν
1669 5056 1854 5129 πρᾶξικ

1973 5066 2124 5114 tanta
2156 5063 2543 5129 praestantem;
2585 5068 2652 5108 ac
2682 5059 2797 5106 tum
2830 5047 2997 5105 simul
3027 5046 3236 5103 erroris
3283 5057 3554 5115 organum

340 5209 363 5242 "
391 5209 436 5265 ll
469 5210 623 5265 Tim.
667 5224 745 5275 tv,
777 5207 836 5262 2.

334 5328 422 5398 ’(7)
452 5327 712 5383 Indicare
736 5327 828 5398 hic
854 5323 1031 5398 voluit
1055 5319 1275 5398 Nicetas
1305 5316 1651 5398 Zachariam,
1686 5328 1861 5398 c._vtt,

279 5387 362 5465 ll,
396 5387 492 5453 ubi
526 5398 714 5453 versio
744 5396 991 5466 Vulgata}
1019 5393 1183 5447 habet
1231 5408 1251 5441 ι
1283 5389 1565 5466 scapulant
1606 5387 1864 5466 receden-

278 5455 382 5523 tem
417 5487 435 5536 -,
468 5489 489 5521 ι
557 5468 705 5537 quod
754 5455 1118 5537 Combelisius
1163 5461 1322 5537 vertit
1378 5455 1653 5537 dorsum
1712 5455 1864 5510 insa-

281 5527 466 5592 num'»
520 5527 881 5599 contendens,
910 5536 1056 5602 quod
1104 5532 1330 5602 verbum
1378 5527 1630 5583 Graecum
1683 5540 1868 5595 παρα-

282 5610 500 5680 φρονεῖν
525 5609 745 5680 proprie
770 5600 1041 5680 significet
1065 5623 1095 5680 r_
1119 5600 1376 5680 insanire.
1414 5615 1433 5647 ι

465 5664 774 5744 Χλευάζειν
822 5664 919 5732 Est
941 5693 974 5760 _¢
1003 5674 1301 5760 irridere:

283 5736 442 5805 vertit
486 5769 507 5804 ι
550 5736 688 5806 ηειεό
714 5746 1074 5821 suspendere,
1120 5763 1139 5796 ι
1190 5741 1242 5798 id
1274 5736 1493 5811 proprie
1522 5745 1607 5792 est
1654 5753 1673 5787 ι
1712 5736 1870 5792 vafre

1968 5330 2032 5371 ac
2061 5314 2289 5372 subdole
2310 5313 2559 5379 irridere,
2599 5332 2618 5364 ι
2664 5310 2812 5382 quod
2865 5308 3039 5366 Graeci
3085 5304 3323 5382 simplici
3377 5301 3556 5357 verba

1968 5386 2163 5441 dicunt
2204 5376 2603 5455 puxtqptcstv.
2633 5376 3012 5455 thasisltmc
3061 5376 3198 5455 satis
3243 5387 3561 5455 communis

1969 5403 2163 5441 utcunt
2245 5403 2585 5455 υκτηριςειν.
2633 5403 2860 5437 rnraSIS
2895 5403 3012 5434 lucc
3061 5403 3198 5434 unus
3243 5403 3561 5430 cum-uulua

1969 5466 2053 5511 est
2080 5403 2493 5524 aputrveteres,
2529 5454 2619 5524 uti
2661 5453 2824 5524 inter;
2842 5449 2982 5505 alios
3032 5454 3202 5524 patet_
3234 5441 3562 5524 exﬂoratio

1973 5530 2027 5599 in
2061 5512 2431 5599 sermonibus,
2458 5512 2550 5578 ubi
2573 5522 2649 5577 ait
2673 5539 2742 5599 :_¢
2779 5516 2934 5599 Naso
2947 5512 3236 5599 suspendis
3263 5512 3501 5599 adunco.
3532 5529 3556 5599 ξ

1972 5579 2136 5651 Plura
2176 5579 2257 5656 de
2292 5579 2430 5649 ibac'
2468 5591 2825 5661 expressione
2886 5579 3063 5644 videri
3122 5591 3359 5656 possunt
3415 5579 3562 5653 apud

1971 5665 2203 5723 Paulum
2234 5659 2623 5721 Manutium'in
2653 5659 2896 5728 Adagiis.

2896 0 3731 27 mm

3656 18 3721 27 ω...
