4022 6392
470 326 571 391 431

1676 328 1970 390 ΝΙΟΕΤ.Ε
2009 327 2535 388 PAPHLAGONIS

469 436 776 496 tollentem.
818 449 1023 506 eosque
1078 434 1173 508 qui
1212 435 1691 493 immedicabiliter
1726 437 1820 491 illo
1864 436 2034 491 allecti

2146 436 2239 487 καὶ
2273 434 2402 505 μίαν
2443 433 2613 487 πλείω
2670 434 3042 505 κατορθούσης
3103 435 3197 490 καὶ
3233 435 3369 506 ὁμοῦ
3422 437 3481 489 τό
3534 455 3595 491 τε
3630 440 3731 505 τῆς

461 534 640 592 erant,
678 523 1127 592 confundentem,
1180 541 1281 583 nec
1317 543 1428 583 non
1482 527 1687 597 plures,
1720 527 1925 598 quibus
1954 542 2046 582 er-

465 630 559 669 ror
596 630 701 669 non
727 615 807 670 sic
836 616 942 671 alte
974 616 1293 686 inoleverat,
1326 619 1728 682 emendantem,
1749 617 1815 672 ad
1845 617 2044 672 veritao

463 717 595 773 tcm,
647 708 865 774 ducem,
909 708 1128 780 Deoque
1175 725 1276 764 suo
1326 710 1552 780 gloriam
1602 708 1988 779 rependentem
2029 726 2043 763 :

460 799 597 869 quin
626 812 681 854 et
720 800 917 855 horum
950 801 1170 855 demum
1221 801 1468 871 prmmio,
1532 802 1828 858 clarissimi
1880 803 2045 857 etiam

462 894 707 963 martyrii
735 894 921 948 laurea
952 893 1329 948 decorantcm.

534 1070 622 1123 15.
656 1068 759 1124 Ubi
812 1068 981 1139 igitur
1037 1067 1375 1134 sacerdotes,
1438 1068 1803 1123 constitutum
1860 1069 2044 1125 arbori

464 1165 797 1219 Sacrificium
848 1162 1139 1225 reddituri,
1176 1162 1547 1227 advenissent,
1584 1166 1939 1233 excisamque
1981 1180 2045 1220 ac

464 1256 612 1309 humi
640 1255 968 1324 propudiose
990 1253 1183 1306 illismt
1209 1254 1645 1324 conspexissent,
1664 1256 1898 1323 primum
1922 1255 2045 1325 qui-

458 1348 588 1401 'dem
623 1347 842 1401 attoniti
886 1345 1188 1407 haerebant,
1223 1345 1380 1415 longe
1415 1345 1659 1401 maximo
1695 1353 1942 1417 stupore,
1983 1354 2046 1401 ut

463 1454 562 1509 par
606 1449 710 1505 cst,
759 1438 971 1507 perciti.
1006 1436 1099 1491 Sic
1154 1436 1299 1491 enim
1350 1445 1750 1507 comparatum,
1808 1446 1867 1491 ut
1896 1436 2043 1508 quod

460 1538 660 1597 praeter
708 1543 924 1582 omnem
980 1529 1446 1597 exspectationem
1521 1527 1744 1591 accidit,
1797 1528 2041 1582 animum

459 1629 681 1689 stupore
716 1618 915 1674 alliciat
945 1629 1112 1690 atque
1151 1620 1444 1689 percellat,
1487 1634 1552 1674 ac
1608 1619 1879 1689 siquidem
1912 1618 2045 1675 illud

458 1712 664 1768 bonurn
714 1712 1010 1777 exstiterit,
1069 1713 1363 1768 hilaritatis
1393 1712 1615 1782 impleat
1665 1727 1728 1766 ac
1759 1711 2038 1782 jncundis-

2147 526 2365 597 ἀπάτης
2428 527 2660 595 ὄργανον
2720 526 3134 597 ἐξαναιρούσης,
3191 527 3452 591 καὶτοὺς
3494 531 3730 595 ἀνιάτως

2145 618 2320 689 τούτῳ
2371 618 2827 689 προσπάσχοντας
2857 619 3354 690 καταισχυνούσηςο
3401 619 3631 684 πολλοὺς
3675 623 3731 676 δὲ

2145 708 2485 780 διορθούσης,
2539 703 2623 773 οἷς
2683 708 2757 781 μὴ
2799 710 2941 763 κατά
2974 709 3138 779 βάθος
3174 710 3244 764 τὰ
3279 715 3379 782 τῆς
3415 712 3735 784 πλανήσεως

2146 799 2441 869 ἐντέτηκε·
2479 798 2617 871 πρὸς
2671 798 2769 870 τὴν
2810 798 3070 871 ἀλήθειαν
3118 800 3175 854 δὲ
3224 802 3593 873 ποδηγούσης,
3640 804 3734 859 καὶ

2148 892 2245 945 τὸν
2300 892 2500 946 οίκεῖον
2540 892 2873 962 δοξαζούσης
2930 893 3092 946 Θεόν·
3150 894 3241 947 ναὶ
3291 894 3399 964 μὴν
3419 895 3506 948 διὰ
3534 893 3729 963 ταῦτα,

2145 985 2240 1035 καὶ
2269 982 2642 1053 λαμπροτάτῳ
2665 982 3174 1054 καταγλαῖζομένης
3207 985 3515 1056 μαρτυρίῳ.

2221 1082 2309 1143 ιγ’.
2358 1075 2511 1128 Ἐπεὶ
2534 1075 2644 1146 γάρ
2665 1070 2801 1145 ἦκον
2822 1077 2872 1128 οἱ
2902 1077 3071 1147 ἱερεῖς
3108 1076 3206 1146 τὴν
3232 1081 3629 1153 νενομισμένην
3653 1085 3731 1154 τῷ

2144 1166 2351 1237 δένδρῳ
2375 1166 2564 1221 θυσίαν
2602 1167 2995 1233 ἀποδώσοντες,
3037 1169 3271 1223 ἐκκοπὲν
3304 1170 3362 1224 δέ
3412 1171 3571 1226 τοῦτο
3633 1176 3733 1228 καὶ

2146 1259 2289 1313 κατὰ
2345 1263 2448 1330 γῆς
2504 1261 2716 1331 ἀτίμως
2769 1256 2910 1315 εἶδον
2948 1263 3322 1334 καταρραγὲν,
3368 1265 3586 1337 πρῶτον
3629 1268 3731 1338 μὲν

2143 1350 2498 1420 ἀπηνεοῦντο,
2531 1350 2729 1422 θάμϐει
2762 1350 2961 1424 πολλῷ,
2988 1354 3131 1408 κατὰ
3154 1354 3214 1408 τὸ
3260 1355 3429 1423 είκὸς,
3470 1360 3733 1430 περιεχό-

2148 1458 2301 1513 μενοι
2328 1457 2343 1473 ο
2398 1437 2543 1495 οἶδεν
2586 1442 2696 1514 γὰρ
2741 1445 2801 1496 τδ
2848 1444 3002 1517 παρά
3044 1446 3371 1515 προσδοκίαν
3418 1453 3732 1519 συμπῖπτον

2144 1532 2477 1602 ἐκπλήσσειν
2495 1533 2595 1603 τὴν
2624 1532 2824 1605 ψυχὴν,
2862 1535 2954 1588 καὶ
2992 1536 3198 1604 ἀγαθὸν
3253 1537 3353 1608 μὲν
3396 1538 3582 1607 ὀφθέν,
3617 1540 3733 1596 ἱλα-

2148 1622 2374 1693 ρότητος
2396 1625 2491 1677 καὶ
2518 1624 2784 1694 εὐθυμίας
2840 1626 3234 1698 ἀναπιμπλᾷν,
3282 1629 3454 1683 κακὸν
3490 1631 3569 1694 δέ,
3600 1648 3731 1685 σκυ-

2145 1713 2497 1782 θρωπότητος
2551 1715 2646 1768 καὶ
2682 1714 3016 1786 δυσθυμίας’
3048 1719 3143 1770 καὶ
3182 1719 3231 1771 εί
3285 1718 3383 1789 μὲν
3410 1719 3469 1786 ἐξ
3496 1720 3729 1774 ἀνευθύ-

3622 327 3731 390 432
3835 344 3838 349 ·

456 1805 599 1859 sime
629 1804 852 1867 habent,
907 1803 991 1858 sin
1019 1818 1152 1858 vero
1194 1804 1422 1870 malum,
1453 1803 1714 1859 mtestitia
1763 1803 2034 1873 animique

2148 1818 2236 1855 νου
2266 1802 2424 1856 τοῦτο
2460 1803 2806 1876 συμϐέϐηκεν
2835 1806 3035 1870 αἰτίας,
3064 1806 3262 1878 δεινὴν,
3286 1786 3437 1863 *κατὰ
3459 1809 3519 1862 τὸ
3548 1810 3722 1878 είκδς,

457 1896 654 1950 dolore
702 1897 932 1964 repleat.
989 1896 1069 1949 Ae
1100 1895 1146 1950 si
1192 1895 1412 1965 quidem
1467 1910 1535 1950 eo
1565 1903 1792 1972 aqctore
1843 1910 2034 1951 evene—

2148 1892 2479 1963 ἐνσκήπτειν
2505 1896 2569 1965 τῇ
2618 1894 2763 1966 ψυχῇ
2790 1893 2887 1965 τὴν
2913 1895 3129 1967 ὀδύνην,
3174 1896 3335 1968 ἄχρις
3363 1897 3430 1951 ἂν
3459 1898 3730 1964 ἐπινοίαις

460 1988 555 2054 rit,
608 1988 701 2057 qui
734 1989 870 2042 nulli
910 1987 1025 2057 ipse
1050 2002 1205 2042 noxae
1234 1988 1509 2042 obnoxius
1555 1988 1649 2054 sit,
1691 1987 1871 2043 dirum
1924 2003 2034 2044 me-

2146 1983 2263 2037 τισὶ
2308 1986 2704 2058 παρηγορηθῇ·
2757 1987 3092 2057 περιφανοῦς
3140 1987 3197 2042 δὲ
3259 1987 3357 2042 τοῦ
3403 1990 3576 2044 αίτίου
3627 1992 3729 2047 καὶ

459 2081 568 2137 rito
621 2081 924 2135 crueiatum
979 2080 1168 2133 animo
1222 2078 1427 2146 infert,
1481 2080 1655 2134 donec
1709 2080 2034 2148 quibusdam

2146 2075 2451 2130 ὐπευθύνου
2506 2077 2871 2145 καθεστῶτος,
2904 2081 2986 2143 είς
3030 2079 3199 2151 ὀργὴν
3240 2081 3503 2153 ἐξαπίνης
3531 2082 3598 2136 τὰ
3621 2083 3729 2152 τῆς

458 2187 585 2226 eum
617 2172 922 2226 rationibus
949 2169 1169 2225 deliniri
1224 2170 1536 2239 contigerit.
1588 2168 1817 2224 Detecto
1850 2177 2034 2225 autem

2144 2167 2322 2240 λύπης
2381 2169 2836 2238 μετεσκεύασται,
2886 2170 2947 2225 οὐ
3003 2173 3270 2245 πρότερον
3311 2173 3554 2227 ἀνιεῖσαν
3593 2173 3728 2237 τοὺς

460 2272 706 2326 auctore,
765 2277 942 2332 eoque
971 2277 1128 2315 noxa:
1184 2261 1446 2324 obnoxio,
1509 2261 1774 2331 quidquid
1834 2260 2034 2317 doloris

2144 2259 2552 2332 ὀργιζομένους,
2609 2260 2795 2333 πρὶνῆ
2829 2260 2908 2333 τῷ
2956 2261 3288 2332 λελυπηκότι
3319 2262 3416 2335 τὴν
3444 2266 3542 2334 τῆς
3572 2263 3730 2317 ἀντι·

458 2361 579 2406 erat
602 2352 881 2418 animique
902 2350 1179 2405 cruciatus
1198 2352 1487 2419 derepente
1515 2350 1570 2404 in
1600 2350 1736 2404 iram
1767 2349 2034 2405 furorem-

2145 2350 2428 2422 λυπήσεως
2466 2352 2626 2419 ἀξίαν
2650 2353 3000 2422 ἀντεπάγωσι
3024 2356 3235 2424 ποινήν.

459 2451 565 2515 qu‘e
597 2445 815 2506 transit,
844 2458 951 2496 non
983 2443 1137 2512 prius
1159 2441 1363 2496 liberos
1393 2442 1579 2496 sinens
1608 2455 1749 2511 quos
1779 2441 2088 2509 incesserit,
2148 2443 2280 2513 quin
2354 2443 2432 2498 illi
2473 2444 2568 2514 qui
2612 2443 2873 2515 injuriam
2913 2442 3060 2510 fecit,
3100 2451 3302 2514 quanta
3345 2458 3444 2514 pro
3462 2442 3727 2502 facinoris

459 2539 658 2594 merito
708 2538 989 2600 videatur,
1040 2536 1335 2590 vindictam
1396 2548 1726 2605 poenamque
1769 2533 2134 2603 rependerint.

531 2633 620 2687 14.
652 2630 769 2686 Hoc
797 2641 854 2685 et
875 2630 982 2685 illis
1005 2645 1129 2685 cum
1156 2631 1240 2684 'ita
1271 2632 1568 2696 evenisset,
1618 2631 1857 2697 primum
1906 2629 2039 2700 qui-

459 2726 582 2780 dem
623 2723 750 2794 quis
782 2732 943 2778 tanta:
983 2724 1062 2777 eis
1116 2722 1292 2778 cladis
1327 2734 1516 2777 auctor
1565 2723 1883 2787 exstitisset,
1916 2722 2038 2777 ani-

460 2817 566 2872 mis
594 2815 977 2886 exquirebant.
1019 2815 1157 2868 Tum
1196 2813 1462 2883 paulatim
1513 2814 1699 2868 animo
1733 2814 2036 2869 recolentes

420 2905 427 2911 ’
458 2916 664 2977 quanta
700 2904 1038 2977 Hyacinthus
1088 2904 1342 2959 hortatus
1373 2911 1518 2958 esset
1551 2917 1616 2957 ac
1662 2903 2032 2973 increpasset;

458 3011 757 3066 secumque
787 2995 1113 3065 cogitantes,
1138 2992 1341 3047 nullius
1365 2992 1525 3062 plane
1553 2992 1780 3046 alterius
1813 2990 1865 3046 id
1895 3006 2037 3061 opus

456 3105 601 3150 esse.
626 3103 790 3158 quani
830 3087 952 3156 ejus
983 3086 1156 3155 quiet
1188 3085 1497 3140 hostiarum
1538 3084 1944 3154 perceptionem
1979 3095 2040 3138 ut

459 3183 784 3238 sceleratam
832 3179 1262 3245 abominaretur,
1297 3177 1435 3232 etin
1485 3190 1583 3232 eos
1631 3176 1725 3245 qui
1781 3174 2040 3229 offerrent

458 3274 624 3328 etiam
655 3280 820 3341 atque
849 3272 1012 3325 etiam
1068 3269 1436 3333 inveheretur,
1470 3268 1768 3337 verbisque
1796 3267 2037 3322 deterre-

2218 2631 2299 2686 ιδ’.
2326 2632 2498 2686 Τοῦτο
2527 2633 2771 2688 κάκεῖνοι
2799 2633 3084 2697 παθόντες,
3131 2631 3345 2706 πρῶτον
3380 2634 3481 2706 μὲν
3511 2635 3599 2692 τὸν
3630 2636 3727 2690 αῖ-

2140 2738 2256 2775 τιον
2305 2723 2489 2788 αὐτοῖς
2537 2724 2742 2793 ταύτης
2798 2724 3198 2779 ἀνεσκοποῦντο
3248 2725 3345 2795 τῆς
3395 2727 3725 2797 συμφορᾶςτ

2141 2812 2331 2867 ἔπειτα
2356 2815 2466 2868 τῶν
2512 2815 2800 2870 Ὑακίνθου
2853 2816 2995 2870 κατά
3048 2816 3246 2888 μικρὸν
3283 2816 3364 2879 είς
3413 2816 3727 2887 ἀνάμνησιν

2139 2905 2369 2975 ἥκοντες
2391 2907 2687 2962 νουθεσιῶν
2712 2951 2727 2974 ,
2780 2908 2874 2962 καὶ
2905 2907 3365 2978 κατανενοηκότες
3398 2907 3474 2971 ὡς
3504 2908 3728 2973 οὐδενὸς

2139 2998 2207 3050 ἂν
2236 2997 2321 3068 είη
2351 2997 2511 3053 ἄλλου
2562 2997 2626 3052 τὸ
2668 2997 2850 3071 ἔργον,
2888 2999 2920 3070 ἢ
2975 2999 3069 3052 τοῦ
3101 2999 3197 3052 καὶ
3225 2997 3334 3052 τῶν
3382 2999 3587 3052 θυσιῶν
3619 3001 3727 3071 τὴν

2141 3087 2446 3159 μετάληψιν
2473 3088 2548 3152 ὡς
2578 3090 2745 3159 ἐναγῆ
2785 3089 3214 3160 μυσαττομένου,
3247 3090 3342 3145 καὶ
3369 3090 3727 3156 θυσιάζουσιν

2139 3180 2565 3250 ἐπιτιμῶντοςῆ
2607 3181 3090 3252 προσωχθηκότος,
3135 3182 3349 3252 ὁρμῶσι
3402 3183 3509 3252 μὲν
3549 3182 3725 3254 ὁμόσε

2137 3273 2258 3328 κατ’
2278 3271 2444 3326 αὐτοῦ
2476 3274 2677 3338 πάντες
2693 3290 2708 3305 ο
2737 3275 2887 3328 συῶν
2906 3273 2965 3327 δὲ
2993 3276 3197 3344 τρόπον
3222 3276 3348 3339 τοὺς
3373 3275 3597 3340 ὀδόντας
3619 3273 3724 3347 θή-

456 3372 582 3426 ret;
618 3375 730 3415 uno
776 3373 972 3414 omnes
1013 3359 1069 3412 in
1113 3373 1243 3412 eum
1287 3357 1507 3411 irruunt
1555 3355 1804 3425 impetu;
1846 3370 2034 3410 suum-

2144 3381 2350 3435 γοντες,
2380 3365 2476 3418 καὶ
2501 3367 2610 3419 πᾶν
2642 3366 2803 3434 μέλος
2842 3365 2934 3420 τοῦ
2967 3366 3220 3436 σώματος
3253 3366 3455 3431 αὐτῶν,
3483 3366 3577 3420 καὶ
3607 3370 3724 3421 πᾶν

458 3468 568 3524 qne
598 3466 751 3506 more
778 3452 968 3505 dentes
1021 3457 1242 3512 acuunt,
1287 3463 1349 3502 ae
1380 3448 1611 3518 quodvis
1655 3448 1873 3503 tandem
1917 3462 2042 3502 cor-

457 3542 610 3612 poris
633 3540 937 3596 membrum
963 3578 978 3604 ,
1015 3538 1275 3607 quidquid
1302 3538 1537 3606 denique
1589 3536 1766 3591 cuivis
1795 3552 2042 3591 occurre-

461 3642 570 3696 ret,
631 3645 787 3686 arma
837 3631 1104 3687 adversus
1161 3627 1424 3681 Sanctum
1480 3627 1770 3697 arripiunt.
1819 3624 1863 3680 0
1897 3641 2034 3694 quo-

458 3724 625 3779 modo
654 3730 961 3792 opportune
985 3719 1391 3785 sanguinariam
1427 3718 1575 3771 illam
1621 3717 2035 3787 impressionem

456 3814 838 3870 narraverint!
905 3810 1116 3880 Lingua
1170 3812 1520 3882 sacrilegum,
1581 3820 1895 3877 cruentum,
1930 3810 2035 3865 im-

455 3907 606 3976 pium
642 3905 811 3977 (quin
873 3905 1081 3972 potius,
1139 3901 1451 3974 dcicidam)
1526 3902 1813 3957 maledicto
1862 3902 2036 3972 jacta-

456 3996 612 4061 bant,
650 4010 745 4050 ore
773 3993 1153 4065 despuebant:
1192 3994 1454 4058 calcibus,
1490 3994 1683 4064 pugnis
1712 3993 2033 4060 insilientes,

457 4086 709 4141 crinibus
734 4086 1029 4142 trahebant
1062 4103 1074 4140 :
1110 4085 1263 4140 humi
1319 4084 1717 4152 distrahebant,
1766 4084 2034 4142 caedentes

455 4179 621 4248 lignis
640 4193 705 4233 ac
731 4178 1001 4245 lapidibus
1035 4195 1053 4233 ξ
1089 4176 1278 4246 sicque
1310 4174 1633 4244 iniuriarum
1663 4175 1811 4229 omni
1836 4190 2034 4246 genere

456 4280 623 4341 atque
649 4270 941 4325 verberum
966 4268 1243 4334 exsatiati,
1273 4267 1512 4327 civitatis
1542 4265 1759 4337 praesidi
1796 4266 1875 4338 (9)
1904 4281 2030 4321 cum

456 4363 848 4418 adhibuerunt.

524 4456 614 4511 15.
641 4453 835 4510 Stabat
850 4453 1036 4523 itaque
1067 4449 1327 4516 Sanctus,
1357 4459 1528 4506 totum
1550 4458 1728 4504 mente
1750 4448 2029 4505 Christum

453 4540 703 4606 indutus,
736 4544 885 4597 omni
915 4544 969 4596 in
1002 4557 1127 4605 eum
1164 4541 1371 4597 intenta
1422 4541 1620 4597 mentis
1652 4540 1788 4593 acie.
1826 4537 1900 4592 Ex
1933 4538 2029 4591 ad-

450 4649 613 4692 verso
645 4650 774 4688 vero
798 4641 1009 4691 stantes
1034 4632 1137 4687 viri
1161 4633 1484 4702 sanguinum
1510 4647 1574 4686 ac
1597 4630 1791 4694 dolosi,
1818 4628 2025 4684 fortiter

450 4723 806 4779 accusabant.
848 4743 865 4775 ι
904 4723 1097 4786 Nobis,
1128 4722 1366 4787 aiebant,
1397 4735 1618 4791 praeses,
1650 4735 1756 4773 una
1792 4720 1860 4773 ob
1895 4735 2027 4774 oeu-

448 4816 535 4871 los
576 4815 773 4885 gratia,
811 4829 921 4870 una
966 4814 1108 4870 bona
1144 4811 1436 4882 faustaque
1479 4813 1830 4882 exspectatio,
1883 4811 2027 4870 Deus

449 4908 572 4979 ipse.
613 4907 948 4976 conspicuus
980 4922 1043 4961 ac
1073 4904 1386 4974 spectabilis
1424 4914 1580 4970 erat;
1619 4902 1748 4969 alta,
1775 4903 2024 4973 pulchra,

440 5008 685 5067 venusta.
732 4998 953 5067 lateque.
1006 5012 1245 5066 expansa
1297 4994 1573 5050 frondium
1607 5008 1799 5049 coma:
1835 5008 2028 5064 nempe

445 5086 597 5142 foliis
630 5087 1011 5142 umbraculum
1064 5086 1314 5156 praebens
1343 5084 1619 5153 variisque
1648 5082 1925 5152 leporibus
1945 5083 2026 5138 ci-

443 5176 670 5230 vitatem
702 5185 947 5231 nostram
982 5190 1238 5231 recreans
1281 5174 1694 5243 oblectansque.
1730 5172 1804 5238 ls,
1840 5187 2020 5242 quan-

442 5280 612 5335 quam
635 5265 825 5320 arbori
852 5280 950 5335 per
990 5264 1177 5323 omnia
1220 5264 1419 5321 similis
1448 5264 1891 5327 existimabatur,
1925 5261 2022 5317 ad-

440 5356 685 5411 mirabili
725 5365 911 5412 tamen
945 5355 1223 5412 decet-eet
1263 5355 1454 5427 gratiis
1503 5355 1720 5412 cunctis
1753 5354 2019 5423 stirpibus

2137 3456 2198 3509 τδ
2224 3456 2539 3527 παρατυχδν
2572 3456 2790 3528 ἑκάστῳ
2815 3456 2980 3511 ὅπλον
3010 3456 3152 3511 κατά
3183 3456 3280 3510 τοῦ
3314 3458 3498 3526 Ἀγίου
3531 3459 3719 3512 ποιού-

2140 3565 2290 3619 μενοι
2323 3548 2388 3620 (ὣ
2413 3548 2529 3612 πῶς
2563 3547 2629 3602 ἂν
2650 3549 2879 3621 καιρίως
2892 3549 2992 3620 τὴν
3013 3550 3259 3620 φοινικῆν
3292 3551 3507 3622 ἐκείνην
3532 3550 3722 3604 ἐπίθε-

2140 3655 2225 3693 σιν
2257 3639 2638 3711 ἐξηγησαίμην
2657 3640 2805 3711 ;),τῇ
2825 3640 3039 3713 γλώττῃ
3071 3641 3169 3712 μὲν
3197 3641 3388 3696 τοῦτον
3410 3643 3717 3713 ἱερόσυλον,

2141 3731 2443 3801 μιαιφόνον,
2478 3730 2655 3795 ἄθεον,
2686 3730 2886 3801 μᾶλλον
2916 3731 2973 3785 δὲ
3011 3733 3290 3786 θεοκτόνον
3320 3734 3717 3804 ἐλοιδοροῦντο,

2135 3822 2217 3890 τῷ
2239 3822 2471 3892 στόματι
2491 3821 2545 3874 δὲ
2576 3823 2919 3877 κατέπτυονλ
2951 3823 3047 3877 καὶ
3099 3826 3211 3888 τοῖς
3248 3826 3378 3879 ποσὶ
3417 3825 3548 3894 λὰξ,
3590 3831 3724 3892 ταῖς

2136 3915 2292 3985 χερσὶ
2311 3913 2366 3967 δὲ
2396 3915 2503 3978 πὺξ
2533 3914 2901 3985 ἐναλλόμενοι,
2933 3911 3112 3971 εἷλκον
3140 3917 3250 3971 τῶν
3282 3918 3506 3989 τριχῶν,
3540 3921 3725 3976 ἐσπά-

2137 4021 2338 4075 ρασσον
2363 4005 2503 4057 κατά
2536 4005 2668 4075 γῆς,
2703 4007 2818 4069 τοῖς
2865 4004 3045 4073 ξύλοις
3098 4008 3377 4073 παίοντες,
3403 4010 3514 4073 τοῖς
3543 4009 3727 4075 λίθοις

2136 4095 2446 4168 βάλλοντες,
2478 4095 2571 4149 καὶ
2608 4095 2752 4150 οὕτω
2774 4097 3137 4163 παντοδαπῶς
3163 4100 3323 4154 αὐτὸν
3345 4100 3725 4171 αἰκισάμενοι,

2133 4189 2210 4260 τῷ
2242 4189 2342 4261 τῆς
2371 4189 2578 4253 πόλεως
2613 4190 2841 4261 ἡγεμόνι
2873 4192 3310 4263 παρεστήσαντο.

2209 4444 2289 4501 ιε’.
2321 4445 2587 4517 Εἱστήκει
2613 4446 2671 4500 δὲ
2702 4448 2729 4498 ό
2761 4447 3006 4519 Μάρτυς,
3038 4446 3157 4503 ὅλον
3189 4447 3390 4518 νοερᾶς
3422 4446 3725 4516 ἐνδεδυμέ-

2131 4551 2221 4598 νος
2274 4535 2530 4607 Χριστὺν,
2587 4536 2716 4607 ὃλην
2765 4536 2903 4609 πρὸς,
2934 4536 3103 4590 αὑτὸν
3152 4537 3451 4591 ἀνατείνων
3478 4536 3573 4590 τοῦ
3611 4539 3726 4591 νοῦ

2131 4626 2228 4698 τὴν
2260 4630 2433 4699 ῥοπήν
2464 4644 2476 4658 ·
2507 4626 2568 4694 ἐξ
2602 4630 2852 4693 ἐναντίας
2901 4629 2957 4684 δὲ
3004 4631 3196 4683 τούτου
3233 4627 3428 4701 ἄνδρες
3459 4631 3728 4699 αἱμάτων

2130 4720 2225 4772 καὶ
2289 4720 2592 4791 δολιότητος
2670 4720 2974 4792 ἱστάμενοι,
3033 4721 3266 4785 εὐτόνως
3336 4722 3725 4791 κατηγόρουν,

2136 4829 2153 4861 ι
2205 4811 2390 4880 Ἡμῖν,
2448 4811 2724 4879 λέγοντες,
2775 4806 2820 4866 ὧ
2871 4812 3098 4883 ἡγεμὸν,
3143 4812 3241 4882 μία
3291 4811 3391 4883 μὲν
3443 4813 3600 4883 χάρις
3657 4817 3728 4867 ἐν

2129 4900 2453 4970 ὀφθαλμοῖς,
2492 4901 2591 4971 μία
2639 4901 2695 4953 δὲ
2750 4902 3047 4973 προσδοκία
3078 4903 3255 4974 ἀγαθὴ
3288 4904 3315 4955 ό
3345 4904 3730 4974 περίϐλεπτος

2129 4992 2341 5061 ὑπῆρχε
2369 4991 2532 5053 Θεόςο
2566 4993 2594 5043 ό
2637 4992 2926 5062 ὐψίκομος,
2978 4991 3008 5043 ὁ
3047 4990 3300 5063 εὐκομος,
3333 4995 3360 5047 ὁ
3394 4994 3729 5065 πανώραιος

2128 5082 2224 5135 καὶ
2249 5080 2481 5150 εὐθαλὴς
2500 5098 2512 5112 ·
2540 5084 2567 5135 ό
2586 5084 2696 5146 τοῖς
2718 5082 2934 5151 φύλλοις
2953 5084 3319 5154 περισκέπων,
3342 5087 3437 5138 καὶ
3453 5085 3730 5154 ἀγλαΐαις

2126 5171 2400 5235 ποικίλαις
2416 5171 2513 5242 τὴν
2530 5172 2969 5243 ἡμετέρανξπόλιν
2989 5173 3335 5243 ψυχαγωγῶν
3356 5177 3451 5228 καὶ
3471 5176 3730 5230 ἀνακτώ-

2128 5279 2319 5333 μενος’
2365 5263 2423 5327 ὃς
2479 5264 2529 5316 εί
2582 5263 2679 5317 καὶ
2714 5264 2919 5336 δένδρῳ
2949 5266 3314 5338 παρεμφερὴς
3369 5269 3724 5338 νενόμισται,

2125 5352 2261 5406 ἀλλά
2280 5353 2499 5409 πάντων
2532 5357 2656 5418 ταῖς
2690 5358 3034 5425 θαυμασταῖς
3059 5357 3388 5430 ὡραιότησιν
3435 5360 3730 5431 ὑπεξῃρη-

440 5448 717 5504 eminebat
743 5463 757 5513 ;
799 5448 897 5505 sed
922 5458 978 5504 et
1004 5448 1085 5504 vis
1115 5448 1364 5518 quaedam
1391 5446 1581 5503 etlicax
1620 5461 1686 5502 ac
1720 5446 1911 5503 vivens
1938 5446 2018 5501 illi

2144 5461 2212 5498 ται
2234 5447 2441 5514 φυτῶν*
2461 5446 2600 5501 ἀλλὰ
2623 5447 2720 5502 καλ⁹
2735 5446 2966 5517 δύναμις
2990 5449 3212 5521 ἕνεργὸς
3232 5453 3326 5504 καὶ
3349 5451 3503 5516 ζῶσα
3526 5450 3729 5525 τούτῳ

512 5654 594 5735 (9)
620 5652 1106 5735 Praesidisnomen
1127 5652 1474 5735 exprimitur-
1507 5653 1561 5707 in
1588 5647 2164 5735 lienologioHSirleti,
2217 5647 2624 5722 Martyrologio,
2676 5666 2740 5709 ac

445 5722 647 5792 ubique
674 5738 800 5778 cum
831 5726 1013 5795 aliquo
1040 5722 1377 5792 discrimine,
1422 5730 1480 5778 ut
1508 5722 1694 5779 notavi
1730 5724 1866 5793 (not.
1896 5722 1969 5793 l).

2822 5666 2960 5710 mss.
3015 5654 3227 5712 nostris
3285 5654 3525 5722 Grecis;
3603 5658 3729 5715 sed
