4022 6400
271 465 368 529 433

826 467 1110 529 ORATIO
1148 470 1309 533 XIX.
1336 497 1403 508 -
1434 471 1515 532 IN
1543 470 1858 532 LAUDEM
1896 472 1956 532 S.
2006 470 2429 533 IIYACINTHI
2468 474 2926 537 AMASTRENI.

3417 477 3520 543 43!

275 577 678 649 παρεδρεύουσα
729 579 828 634 οὑκ
866 581 1014 635 ἐστιν
1038 583 1220 637 ὅντινα
1270 583 1377 637 τῶν
1420 583 1569 655 αὑτῷ
1596 584 1846 656 προσιόν-

1951 580 2222 650 assideus,
2246 584 2502 654 quisquis
2535 585 2602 639 ad
2634 600 2760 641 eum
2786 587 3089 652 accederet,
3128 590 3405 658 praeclaris
3425 594 3520 648 be-

220 689 369 733 .των
422 675 483 724 οὑ
523 671 808 741 λαμπραῖς
871 674 1237 744 ἐφιλοτιμεῖτο
1278 676 1653 747 εὐεργεσίαις·
1691 678 1845 745 ἄφνω

270 764 319 817 δὲ
346 761 532 815 τοῦτον
566 759 722 827 οὗτος
753 766 779 815 ὀ
803 766 1239 836 ἀπονενοημένος
1269 768 1472 831 ἐξέτιλε
1503 769 1710 838 γέρων·
1745 771 1843 838 τῆς

270 856 469 917 πόλεως
497 854 762 926 ἀπέκειρε
813 859 913 925 τὴν
970 859 1272 928 χαρμονὴν,
1325 862 1425 929 τῆς
1471 859 1654 930 χώρας
1688 859 1844 929 ἡμῶν

268 946 483 1014 ἐξέτεμε
503 949 569 1015 τῇ
599 947 758 1018 ἀξίνῃ
806 947 867 999 τὸ
914 950 1203 1018 γαυρίαμα
1229 966 1244 980 σ
1280 951 1362 1003 διὸ
1397 954 1491 1003 καὶ
1524 950 1602 1020 τῷ
1637 950 1712 1020 σῷ
1747 951 1844 1020 βή-

270 1056 393 1107 ματι
457 1037 648 1091 τοῦτον
700 1041 1155 1110 παρεστήσαμεν,
1206 1043 1307 1113 τῆς
1353 1042 1652 1114 θεομαχίας
1685 1042 1844 1107 ἀξίας

265 1129 576 1182 ὲκτιννύντα
606 1130 781 1193 δίκας.
823 1150 844 1184 ι

338 1245 438 1302 ις’.
482 1239 821 1305 Ἐνδοθέντος
853 1241 909 1296 δὲ
937 1243 1017 1313 τῷ
1061 1243 1334 1316 Ὑακίνθῳ
1387 1246 1456 1302 τὰ
1509 1247 1633 1300 καθ’
1681 1248 1844 1302 αὑτδν

264 1330 666 1397 ἀπολογεῖσθαι,
692 1350 710 1381 ι
764 1331 904 1399 Ἐγὼ
946 1333 1066 1402 μὲν,
1095 1330 1251 1389 εἶπεν
1294 1337 1603 1402 ὑπολαϐὼν,
1633 1334 1677 1390 ὧ
1706 1340 1843 1411 κρά-

263 1439 408 1476 τιστε
452 1423 679 1493 ἠγεμὺν,
713 1425 774 1476 τὸ
789 1423 1006 1495 δένδρον
1031 1428 1395 1496 ὲκκεκοφέναι
1425 1428 1581 1483 τοῦτο
1610 1448 1842 1500 συνομο-

261 1511 403 1580 λογῶ
421 1528 436 1544 ο
469 1515 566 1566 καὶ
595 1513 656 1566 οὑ
688 1532 804 1579 πως
823 1516 888 1569 ἂν
916 1515 1186 1587 δυναίμην
1210 1517 1271 1570 τὸ
1300 1518 1496 1590 ἀληθὲς
1525 1520 1804 1591 ἀρνεῖσθαι
1827 1538 1844 1555 ο

262 1604 319 1657 οὑ
351 1604 617 1675 κακονοίᾳ
664 1604 722 1658 δὲ
770 1606 931 1659 τοῦτο
962 1609 1342 1678 πεπραχέναι·
1385 1609 1500 1662 ἀλλ’
1543 1611 1733 1682 ἐπειδὴ
1783 1611 1845 1665 τὸ

263 1695 598 1765 ὑπερϐάλλον
632 1695 733 1765 τῆς
784 1697 993 1768 πλάνης
1020 1699 1119 1751 οὑκ
1164 1698 1420 1769 ἔστεργον
1468 1701 1620 1772 ὀρᾷν,
1647 1704 1728 1756 ὅτι
1754 1704 1846 1757 ἀν-

263 1786 469 1855 θρωποι
501 1790 858 1857 τετιμημένοι
913 1789 1078 1860 λόγῳ,
1127 1789 1217 1843 τὸν
1277 1791 1407 1844 ἴδιον
1444 1791 1711 1863 πλάστην,
1751 1793 1845 1847 καὶ

261 1878 349 1931 τοῦ
369 1879 607 1949 ούρανοῦ
663 1881 757 1933 καλ,
807 1883 911 1950 γῆς
956 1880 1187 1949 ἀφέντες
1231 1882 1319 1935 τὸν
1362 1883 1614 1956 ποιητὴν,
1647 1885 1709 1938 τὸ
1734 1884 1845 1939 τῶν

262 1969 419 2024 αὑτοῦ
477 1972 797 2041 κτισμάτων
831 1973 1244 2044 ὲλαχιστότερον
1287 1976 1658 2040 θεοποιοῦντες
1689 1977 1846 2031 λελα-

262 2061 547 2133 τρεύκασι.
586 2063 651 2114 Τί
675 2063 783 2133 γὰρ
809 2063 900 2116 τοῦ
927 2065 1033 2116 ἀπὸ
1051 2066 1151 2135 γῆς
1177 2067 1566 2139 ἁναδιδομένου
1602 2068 1845 2139 σήμερον

264 2151 436 2217 ξύλου,
476 2153 573 2205 καὶ
604 2154 813 2206 πολλῶν
848 2155 1017 2219 ξύλων
1073 2159 1400 2229 ἀτιμοτέρου
1455 2162 1547 2212 καὶ
1584 2159 1848 2227 φαυλοτέη

262 2260 374 2315 pou,
404 2246 484 2309 ὡς
509 2246 782 2316 ἀκάρπου,
821 2248 853 2318 ἥ
886 2250 1263 2320 κακοκάρπου,
1292 2252 1384 2304 καὶ
1423 2253 1536 2321 μετ’
1569 2251 1746 2318 ὀλίγον
1766 2253 1846 2318 είς

264 2336 369 2407 πῦρ
405 2337 765 2408 βαλλομένου,
810 2341 1221 2412 ταπεινότερον;
1276 2342 1448 2395 Τοῦτο
1526 2344 1657 2411 γοῦν
1701 2343 1845 2415 δρῶν

262 2430 759 2499 προσκυνούμενον,
779 2434 872 2484 καὶ
891 2433 1119 2485 πλεῖστα
1139 2434 1239 2502 τῆς
1258 2435 1605 2506 ἀνθρωπίνης
1624 2436 1847 2505 ἀγνοίας

261 2521 646 2589 κατεγνωκὼς,
676 2525 769 2575 καὶ
801 2523 1201 2594 φιλανθρώπως
1251 2525 1563 2594 ἐζηλωκὼς,
1608 2529 1731 2582 ἐπεὶ
1771 2531 1846 2600 μὴ

259 2605 365 2676 οἷός
387 2629 446 2664 τε
469 2613 671 2680 γέγονα
696 2614 876 2679 λόγοις
903 2616 999 2683 τῆς
1031 2615 1235 2686 σαθρᾶς
1267 2617 1480 2683 ἐλπίδος
1511 2620 1843 2690 ἀποστῆσαι,

269 2702 411 2775 ἔργῳ
449 2704 680 2769 τούτους
720 2705 894 2759 πείθω
923 2707 1130 2770 λοιπον,
1184 2708 1258 2772 ὡς
1306 2709 1537 2779 οὐδεμία
1573 2710 1649 2780 τῷ
1692 2713 1847 2765 ἀναι-

265 2794 441 2865 σθήτῳ
497 2794 751 2865 δύναμις,
801 2795 926 2849 οὔτε
966 2799 1101 2868 πρδς
1145 2801 1491 2866 κακοποιίαν,
1539 2800 1664 2855 οὑτε
1713 2806 1846 2875 πρὸς

265 2885 591 2957 εὐεργεσίαν
631 2888 868 2955 οὐδενὸς,
927 2889 1022 2943 καὶ
1073 2893 1170 2960 τῆς
1208 2892 1460 2962 ὀλεθρίας
1501 2894 1708 2965 πλάνης
1747 2897 1846 2967 τὴν

264 2978 559 3047 πρόφασιν,
584 2978 989 3049 περιελόμενος,
1038 2980 1300 3034 ὁδοποιεῖν
1325 3000 1415 3053 μοι
1454 2984 1659 3050 πάντας
1704 2988 1847 3039 δοκῶ

267 3067 396 3138 πρὸς
444 3069 790 3134 θεοσέϐειαν,
846 3068 992 3123 ὥστε
1053 3073 1145 3124 τὸν
1198 3072 1306 3125 τῶν
1348 3073 1486 3127 ὅλων
1525 3078 1846 3143 ἐπιγνόντας

263 3158 408 3227 Θεὸν,
443 3161 545 3215 καὶ
570 3162 662 3215 τὸν
688 3165 950 3233 μονογενῆ
979 3165 1142 3219 αὑτοῦ
1168 3166 1315 3232 Υἱὺν,
1343 3167 1434 3219 τὸν
1458 3169 1657 3240 Κύριον
1688 3171 1845 3239 ἡμῶν

1946 674 2153 730 neﬁciis
2212 688 2274 731 ac
2323 677 2642 734 muneribus
2696 679 2985 750 magniﬁce
3039 682 3297 738 donabat.
3368 683 3523 741 Hunc

1946 778 2225 822 momento
2257 770 2601 825 dementattts
2649 770 2739 825 hic
2786 785 2954 826 senex
3016 775 3217 828 evulsit
3246 793 3259 829 :
3285 776 3523 833 civitatis

1945 859 2200 929 gaudium
2229 860 2453 925 excidit,
2481 862 2775 929 provincia:
2804 873 3008 919 nostrae
3031 865 3406 935 gloriationem
3436 883 3524 925 se-

1949 952 2073 1005 curi
2105 955 2427 1021 amputavit.
2458 953 2663 1009 idcirco
2691 955 2854 1008 etiam
2895 964 2989 1010 tuo
3043 936 3223 1027 ipsum
3268 958 3523 1013 tribunali

1947 1042 2214 1107 stitimus,
2263 1053 2322 1098 ut
2374 1044 2671 1113 impietatis
2707 1046 2930 1117 lassique
2963 1047 3203 1103 utnninis
3252 1047 3523 1118 condigna

1948 1132 2153 1186 ultione
2186 1134 2363 1202 pmnis
2394 1135 2740 1202 subjiciatur.
2790 1155 2810 1187 ι

2020 1245 2107 1297 16.
2165 1242 2328 1299 Facta
2388 1261 2516 1301 vero
2574 1245 2879 1317 llyacintho
2941 1264 3040 1318 pro
3074 1248 3256 1319 seipso
3308 1248 3525 1304 satisfa-

1946 1328 2123 1383 ciendi
2176 1331 2434 1396 licentia,
2494 1351 2511 1382 ι
2552 1333 2661 1402 Ego
2718 1350 2893 1400 sane,
2960 1338 3273 1405 respondit,
3324 1338 3526 1407 optimc

1946 1435 2169 1489 praeses,
2207 1424 2477 1478 excidisse
2513 1439 2599 1478 me
2644 1425 2891 1480 arborem
2935 1427 3218 1492 confiteor,
3256 1444 3355 1482 nec
3397 1443 3526 1497 pos-

1947 1511 2049 1567 sim
2083 1528 2319 1583 unquam
2367 1515 2648 1570 veritatem
2694 1533 2910 1587 negare.
2960 1518 3117 1573 Nullo
3166 1528 3345 1574 tamen
3381 1520 3526 1573 malo

1947 1603 2133 1658 animo
2194 1605 2283 1659 aio
2358 1621 2445 1660 me
2513 1622 2625 1661 rem
2675 1607 2817 1662 hanc
2867 1611 3224 1679 praestitisse,
3283 1611 3379 1666 sed
3429 1612 3522 1680 qui

1946 1697 2153 1752 erroris
2231 1699 2674 1768 exsuperantiam
2747 1700 2931 1754 videre
2990 1718 3098 1756 non
3153 1702 3520 1764 sustinerem;

1950 1786 2201 1843 homines
2236 1787 2447 1844 scilicet
2487 1790 2698 1844 ratione
2737 1800 2983 1856 ornatos,
3032 1808 3098 1847 eo
3152 1793 3378 1856 omisso,
3430 1792 3522 1861 qui

1948 1878 2224 1943 formavit,
2256 1879 2492 1949 cmlique
2521 1895 2585 1935 ac
2615 1890 2771 1935 terra:
2800 1882 3048 1935 conditor
3082 1882 3311 1946 exstitit,
3341 1898 3523 1936 rerum

1949 1971 2069 2040 ipso
2092 1982 2316 2026 auctore
2355 1972 2408 2026 in
2447 1986 2625 2027 rerum
2659 1980 2855 2026 natura
2886 1972 3216 2026 exstantium
3256 1971 3521 2035 inﬁmam,

1947 2062 2150 2117 deitate
2207 2063 2500 2128 donatam,
2563 2062 2764 2118 divinis
2819 2064 3036 2118 auxisse
3099 2063 3419 2124 honoribus,
3462 2078 3526 2117 ac

1947 2153 2025 2209 illi
2057 2154 2312 2209 servisse.
2339 2154 2479 2220 Quid
2505 2154 2675 2221 enim,
2701 2155 2915 2218 amabo,
2941 2169 3003 2208 ea
3028 2154 3286 2208 humilius
3305 2154 3521 2219 arbore,

1947 2259 2070 2313 qua:
2098 2244 2261 2299 hodie
2299 2260 2331 2301 e
2360 2253 2503 2300 terra
2537 2256 2789 2315 surgens,
2825 2245 3011 2300 multis
3042 2245 3197 2315 longe
3236 2246 3526 2298 arboribus

1949 2334 2241 2405 ignobilior
2277 2335 2350 2390 sit
2382 2350 2446 2391 ac
2477 2336 2735 2401 deterior,
2778 2346 2838 2390 ut
2879 2352 3000 2406 quae
3046 2336 3401 2401 iufructifera,
3432 2345 3526 2389 aut

1948 2430 2218 2483 malorum
2286 2428 2436 2483 ferax
2498 2427 2795 2493 fructuum,
2851 2430 3015 2498 paulo
3075 2437 3197 2497 post
3237 2429 3290 2482 in
3345 2430 3524 2498 ignem

1949 2520 2243 2575 mittatur?
2301 2518 2452 2575 llanc
2504 2521 2688 2590 itaque
2752 2521 2853 2575 coli
2908 2537 2972 2575 ac
3023 2520 3240 2573 adorari
3305 2520 3519 2582 videns,

1950 2625 2015 2666 ac
2063 2626 2226 2680 quam
2271 2624 2414 2681 aegre
2458 2611 2755 2666 humanam
2804 2626 2922 2666 cam
2984 2611 3276 2664 amentiam
3327 2610 3524 2670 ferens.

1953 2702 2388 2772 humanioreque
2422 2701 2617 2757 aﬁectu
2662 2703 2970 2764 aemulatus,
3008 2701 3153 2770 quo!
3187 2700 3367 2755 verbis
3420 2716 3525 2752 non

1949 2793 2122 2856 l'cuit,
2178 2803 2236 2848 nt
2273 2809 2302 2847 a
2348 2793 2661 2848 frustranea
2710 2810 2806 2848 eos
2861 2808 2957 2861 spe
3004 2807 3311 2854 avocarent,
3365 2806 3528 2860 opere

1942 2884 2054 2954 jam
2091 2883 2247 2939 ﬁdem
2288 2886 2424 2941 facio
2454 2902 2517 2941 ac
2552 2887 2776 2952 suadeo,
2804 2887 3009 2941 nullam
3056 2886 3131 2940 rei
3166 2886 3345 2939 inesse
3394 2884 3526 2950 vim,

1951 2986 2011 3029 ut
2046 2977 2127 3030 vel
2162 2976 2410 3031 maleficii
2445 2977 2647 3047 aliquid
2701 2979 2921 3049 irrogrt,
2967 2986 3062 3031 aut
3108 2975 3354 3030 beneficii
3388 2991 3527 3045 pra-.-

1950 3077 2075 3134 stct,
2103 3086 2224 3139 quae
2260 3069 2376 3139 ipsa
2410 3071 2559 3125 omni
2586 3086 2782 3127 sensus
2816 3071 2864 3125 vi
2897 3085 3124 3140 prorsus
3152 3069 3476 3125 destituatur
3510 3085 3524 3133 ;

1950 3162 2272 3232 sublatoque
2313 3162 2526 3219 exitiosi
2581 3165 2783 3219 erroris
2830 3172 3111 3233 praetextu,
3163 3161 3355 3231 prmire
3410 3175 3528 3213 ont-

274 3250 478 3320 Ἰησοῦν
515 3254 772 3325 Χριστὸν,
814 3256 963 3325 αὑτῴ
998 3258 1349 3327 προσκυνεῖν,
1387 3257 1536 3329 αὑτῷ
1571 3260 1718 3330 μόνῳ
1747 3261 1836 3314 λα-

1952 3253 2110 3307 nibus
2142 3252 2207 3307 ad
2238 3254 2513 3323 pietatem,
2546 3253 2752 3318 videor,
2808 3262 2869 3307 ut
2930 3252 3309 3307 universorum
3343 3250 3527 3319 agnito

263 3343 471 3413 τρεύειν
505 3348 567 3398 ἐν
598 3345 878 3418 Πνιύματι
912 3348 1076 3419 ἁγίῳ.
1108 3367 1126 3400 ι

330 3601 414 3667 ιζ’.
462 3602 626 3657 Ἐπεὶ
655 3605 862 3657 τούτων
898 3604 1133 3659 ἀκοῦσαι
1193 3607 1284 3659 τὸν
1320 3608 1567 3677 ἡγεμόνα
1613 3608 1724 3660 τῶν
1752 3610 1851 3678 ρη-

267 3696 466 3761 μάτων,
508 3695 732 3763 πρῶτον
757 3695 857 3764 μὲν
893 3697 1032 3747 κατὰ
1054 3698 1157 3766 γῆς
1180 3698 1345 3749 αὑτὸν
1393 3699 1714 3764 ὲκταθέντα,
1754 3699 1848 3764 ξύ-

264 3784 368 3848 λοις
401 3786 625 3857 ἀγρίοις
691 3786 1092 3854 μαστιγοῦσθαι
1143 3788 1446 3853 διετάξατο.
1485 3792 1607 3843 Ἐπὶ
1636 3791 1771 3844 πολὺ
1792 3792 1848 3845 δὲ

263 3876 354 3940 τὰς
388 3880 608 3949 σάρκας
639 3878 981 3950 ξαινομένου,
1020 3881 1112 3933 καὶ
1143 3881 1214 3933 τὰ
1247 3883 1383 3935 ὀστᾶ
1410 3884 1713 3954 θλωμένου,
1753 3887 1850 3939 καὶ

262 3966 336 4036 τῷ
380 3971 584 4040 αἵματι
642 3971 942 4041 βάπτοντας
979 3971 1082 4040 τὴν
1105 3972 1246 4043 γῆν
1288 3975 1545 4045 οὐδεμίαν
1573 3976 1628 4029 δὲ
1665 3978 1849 4046 φωνὴν

264 4056 552 4126 ἀφιέντοςο
586 4060 770 4131 ἡσυχῆ
797 4060 855 4112 δὲ
891 4062 1027 4129 πρὸς
1054 4062 1144 4113 τὸν
1176 4062 1379 4133 Κύριον
1419 4064 1717 4129 ἐξέστῶτος
1755 4067 1852 4137 ’1η-

265 4148 407 4214 σοῦν,
445 4153 542 4204 καὶ
579 4150 976 4221 ἀνεκλαλήτοις
1021 4154 1172 4224 αὑτῷ
1207 4158 1541 4224 προσευχαῖς
1582 4156 1848 4225 ὲντυγχάο

265 4257 439 4305 νοντος
466 4261 480 4274 ο
512 4244 611 4297 καὶ
638 4243 898 4314 εὐμαρῶς
919 4244 1016 4308 τὰς
1053 4247 1238 4309 αἰκίας
1281 4246 1671 4317 ὑποφέροντος,
1702 4250 1730 4300 ὀ
1761 4250 1853 4318 δῆ-

266 4351 360 4402 μος
385 4335 698 4406 ἐπεφώνει·
752 4336 923 4390 Κάλει
975 4338 1068 4390 τὸν
1102 4338 1318 4408 δήμιον,
1347 4333 1391 4391 ὦ
1432 4339 1660 4410 ἡγεμδν,
1694 4341 1850 4394 κάλει

261 4428 349 4481 τδν
400 4431 535 4490 τοὺς
588 4430 808 4494 ὀδόντας
847 4431 1223 4503 ἐκριζώσοντα
1259 4449 1275 4463 ·
1330 4435 1520 4505 ὥσπερ
1568 4429 1723 4498 οὗτος
1765 4436 1851 4502 ἐξ-

265 4515 419 4586 έκοψε
455 4520 553 4572 τὸν
585 4519 857 4590 ἡμέτερον
904 4521 1060 4585 Θεὸν,
1101 4521 1273 4586 οὑτως
1319 4523 1487 4577 αὑτοῦ
1536 4525 1584 4577 οί
1638 4525 1849 4588 ὀδόντες

1955 3343 2082 3407 Deo,
2117 3344 2345 3414 ejusque
2377 3345 2657 3414 unigenito
2704 3343 2859 3409 Filio,
2905 3342 3133 3397 Domino
3180 3349 3369 3396 nostro
3398 3340 3527 3401 Jesu

1950 3433 2190 3501 Christo,
2251 3449 2376 3489 eum
2437 3436 2689 3501 adorent,
2747 3434 2960 3506 ipsique
3017 3433 3117 3489 soli
3172 3432 3414 3487 serviant
3474 3431 3529 3485 in

1953 3526 2159 3596 Spiritu
2186 3537 2381 3581 sancto
2412 3527 2544 3596 (l0).
2588 3545 2607 3579 ι

2025 3618 2111 3672 17.
2180 3615 2308 3673 llaec
2369 3633 2571 3687 prmscs
2629 3618 2788 3671 verba
2838 3615 2930 3669 ubi
2987 3613 3238 3679 inaudiit,
3292 3612 3528 3682 primum

1951 3708 2105 3763 humi
2156 3707 2473 3773 distentum,
2529 3708 2693 3777 virgis
2735 3707 3043 3777 agrestibus
3087 3705 3219 3760 εωάί
3276 3706 3526 3775 imperat.

1952 3799 2202 3869 Cumque
2231 3798 2323 3853 ditt
2364 3798 2704 3866 multumque
2741 3797 2886 3850 illius
2932 3810 3125 3850 carnes
3166 3795 3532 3848 dilaceraret:-

1953 3899 2064 3957 tur,
2106 3904 2340 3958 ossaque
2384 3889 2871 3952 contundercntur,
2908 3901 2971 3941 ac
3011 3897 3152 3941 terra
3187 3870 3531 3940 cruore‘ma-

1952 3984 2220 4046 desccret,
2251 3996 2347 4036 nec
2397 3981 2486 4034 itte
2532 3980 2695 4033 ullam
2748 3979 2984 4032 mitteret
3036 3992 3247 4039 vocem,
3315 3974 3411 4029 sed
3462 3974 3536 4027 si-

1952 4074 2121 4129 lentio
2180 4072 2232 4125 in
2285 4070 2577 4125 Dominum
2638 4067 2824 4123 Jesum
2878 4068 3184 4127 excederet,
3248 4064 3534 4134 tacitisque

1950 4165 2209 4237 precibus
2238 4180 2301 4217 ac
2337 4164 2474 4218 votis
2506 4162 2582 4215 illi
2616 4160 2951 4231 Sttpplicat's,
2996 4160 3204 4226 placide
3236 4158 3527 4211 verberum
3580 4143 3584 4149 ’

1951 4259 2436 4313 dehonestamenta
2469 4254 2738 4318 suﬂ‘errct,
2764 4252 2998 4322 populus
3023 4250 3291 4304 clamabat
3319 4266 3333 4302 :
3363 4246 3528 4311 Voca,

1954 4364 2175 4418 praeses,
2238 4348 2600 4411 carniliccm;
2657 4359 2793 4398 voca
2851 4343 2944 4412 qui
3000 4342 3189 4395 dentes
3244 4340 3532 4394 cvulsurns

1954 4440 2043 4494 sit.
2102 4436 2572 4505 Quemadmodum
2627 4436 2726 4491 iste
2761 4433 2927 4487 Deum
2978 4442 3221 4487 nostrum
3274 4429 3533 4491 succidit,

1952 4531 2098 4585 illius
2172 4530 2494 4585 excidantur
2537 4529 2746 4593 dentes,
2801 4527 2973 4580 t‘errca
3016 4523 3218 4593 forcipe
3276 4520 3537 4576 radit-itus

265 4609 956 4683 ὲκκοπτέσθωσαν,σιδηρᾷ
978 4613 1155 4667 λασίδι
1172 4613 1382 4685 ῥιζόθεν
1408 4615 1846 4685 όρυττέσθωσαν.

1953 4624 2300 4679 effodiantur.
2354 4620 2539 4691 anue
2595 4622 2813 4675 demum
2851 4618 3001 4672 ferali
3056 4615 3320 4672 sententia
3369 4614 3421 4668 in
3471 4628 3537 4666 co

264 4702 371 4757 Καὶ
391 4703 605 4772 ταύτης
643 4704 731 4758 ἐπ’
757 4705 904 4775 αὑτῷ
931 4706 1108 4777 πέρας
1138 4707 1236 4776 τῆς
1271 4707 1600 4775 ἀποφάσεως
1650 4709 1846 4762 λαϐού-

268 4810 378 4864 σης,
410 4796 527 4849 οὐδ’
561 4795 737 4860 οὕτως
798 4798 847 4850 οί
897 4797 1257 4869 ὲμόρόντητοι
1309 4798 1471 4869 δῆμοι
1503 4801 1603 4869 τῆς
1652 4802 1850 4869 μανίας

266 4889 637 4958 καθυφίεσανο
688 4886 844 4954 αὖθις
892 4891 950 4943 δὲ
989 4890 1180 4944 τοῦτον
1216 4891 1608 4962 δεσμούμενον,
1649 4894 1851 4963 τρόπον

267 4977 477 5051 δένδρου
537 4983 822 5047 κοπέντος,
872 4982 1287 5052 σπαράσσεσθαι
1341 5000 1401 5036 τε
1454 4984 1547 5037 καὶ
1587 4984 1848 5055 σύρεσθαι

268 5074 398 5125 nti
422 5076 529 5143 τῆς
585 5074 689 5142 γῆς
738 5074 908 5126 ὲϐόων
937 5088 953 5102 ο
989 5072 1347 5144 ἑξελκόμενόν
1378 5090 1438 5127 τε
1487 5078 1586 5145 τῆς
1616 5074 1846 5139 πόλεως,

269 5163 629 5218 ὲκκεντᾶσθαι
651 5165 918 5235 καλάμοις
937 5165 1105 5229 ὀξέσι,
1120 5167 1214 5218 καὶ
1235 5165 1404 5229 λίθοις
1425 5166 1818 5220 καταλεύεσθαε
1832 5206 1846 5220 .

279 5253 423 5307 Ἐπεὶ
447 5256 505 5308 δὲ
546 5257 696 5307 πᾶσα
742 5255 894 5317 τέλος
942 5256 1030 5308 ἐπ’
1057 5255 1208 5326 αὑτῷ
1240 5257 1272 5326 ἡ
1314 5255 1597 5326 μιαιφόνος
1621 5256 1849 5327 εἴληφεν

271 5343 404 5414 ὁρμὴ
468 5326 606 5398 καῖ’
632 5344 817 5415 βουλὴ,
843 5344 935 5398 τὸν
986 5344 1083 5414 μὲν
1116 5342 1289 5407 οὕτως
1327 5344 1569 5415 ἀνηλεῶς
1599 5326 1853 5397 καταικί-

274 5451 478 5503 σαντες,
516 5439 617 5493 καὶ
644 5440 802 5511 ἄχρις
859 5438 1061 5511 ὀφρύος
1103 5437 1200 5493 τοῦ
1233 5437 1393 5510 ὅρους
1440 5437 1853 5505 ἐξελκύσαντες,

276 5527 373 5582 ἀπ’)
406 5530 659 5600 κεφαλῆς
687 5531 742 5584 δὲ
777 5529 940 5603 μέχρι
972 5530 1149 5584 ποδῶν
1173 5530 1232 5584 ἒν
1259 5530 1482 5602 τραῦμα
1505 5528 1696 5583 τοῦτον
1720 5529 1857 5583 ἀπο-

339 5728 450 5798 (10)
487 5728 622 5782 llmc
642 5730 926 5799 expressio
952 5728 1007 5782 in
1024 5726 1352 5799 quibusdam
1369 5724 1572 5799 Graecis
1595 5732 1851 5797 suspecta

280 5808 381 5867 est;
416 5797 529 5854 imo
561 5800 636 5855 ob
670 5797 789 5855 eam
818 5797 1056 5854 Basilius
1090 5800 1144 5853 in
1192 5797 1557 5867 suspicionem
1617 5805 1851 5853 vocatus

286 5866 394 5925 luit.
423 5866 522 5926 llic
559 5879 742 5927 tamen
776 5870 1034 5940 loquendi
1067 5869 1262 5924 modus
1294 5866 1421 5923 viris
1458 5867 1625 5937 probe
1649 5868 1842 5923 catho-

1957 4719 2194 4770 cxcrcita
2227 4723 2388 4786 atque
2416 4714 2650 4783 expleta,
2704 4730 2771 4767 ne
2803 4712 2885 4766 sic
2933 4709 3151 4780 quidem
3206 4707 3394 4776 perciti
3440 4719 3531 4775 po-

1957 4811 2070 4881 puli
2137 4809 2338 4863 furoris
2389 4809 2683 4877 quidquam
2740 4805 3087 4859 remiserunt.
3138 4801 3351 4854 Rursus
3407 4811 3537 4851 vero

1960 4903 2224 4963 vinctum,
2266 4901 2586 4970 arborisque
2655 4900 2707 4952 in
2762 4897 2982 4951 moduni
3027 4895 3284 4956 εοιιοίςτυ,
3338 4891 3540 4945 discer-

1959 4991 2196 5060 pendunt
2261 4990 2523 5059 humique
2572 4987 2929 5057 raptandum,
2994 4983 3356 5037 occinebant:
3407 4980 3540 5033 urbe

1958 5083 2195 5150 denique
2229 5087 2559 5146 extractum,
2583 5078 2759 5132 acutis
2792 5074 3148 5145 subigendum
3175 5071 3536 5126 arundinibus

1944 5187 2015 5226 ac
2046 5171 2317 5241 lapidibus
2363 5169 2719 5225 obruendum.
2772 5167 3073 5230 Postremo,
3119 5163 3211 5218 ubi
3240 5161 3420 5217 omnis
3450 5158 3538 5212 ille

1956 5272 2219 5317 cruentus
2275 5261 2511 5330 impetus
2559 5258 2962 5327 consiliumque
3003 5257 3055 5309 in
3109 5270 3175 5309 eo
3226 5254 3389 5306 finem
3448 5262 3538 5302 ac-

1960 5359 2215 5420 ceperat;
2261 5350 2341 5405 sic
2372 5350 2488 5404 dire
2535 5348 2852 5403 verberibus
2878 5346 3131 5401 affectum
3182 5357 3245 5397 ac
3294 5341 3534 5394 dehone-

1961 5452 2189 5503 statum,
2226 5450 2392 5509 atque
2443 5440 2511 5493 ad
2558 5439 2761 5493 montis
2806 5452 2982 5507 usque
3039 5432 3389 5503 supercilium
3441 5442 3536 5482 ex-

1963 5539 2223 5596 tractum,
2264 5545 2483 5601 unoque
2532 5544 2563 5583 a
2612 5530 2813 5584 vertice
2854 5528 2922 5582 ad
2956 5526 3097 5580 imos
3123 5522 3287 5594 pedes
3318 5518 3541 5575 vulnere

1959 5726 2084 5782 lieis
2128 5725 2366 5783 usitatus
2394 5732 2498 5789 est,
2551 5736 2661 5793 quo
2698 5721 3008 5793 signiﬁcare
3044 5716 3541 5793 voluut__$_piritttut

1959 5806 2233 5864 sanctum,
2266 5806 2325 5853 ut
2343 5788 2586 5853 amoreni
2610 5809 2672 5851 ac
2704 5788 2904 5850 néxum
2932 5789 3111 5847 Patris
3135 5798 3189 5845 et
3219 5788 3366 5846 Filii.
3434 5836 3439 5843 .
