4022 6458
425 404 534 475 435

1601 408 1896 471 ΝΙΟΕΤΛΞ
1933 410 2465 474 PAPHLAGONIS

3590 410 3697 473 436

428 528 689 583 detritum
743 541 807 582 ac
860 524 1250 592 deformatum,
1308 525 1624 596 factumque
1671 535 2003 592 emortuum,

2112 526 2386 593 δείξαντες
2402 530 2497 583 καὶ
2524 526 2958 592 θανατώσαντες,
2980 526 3218 599 ἑσπέρας
3246 527 3349 599 ἤδη
3375 525 3692 598 φθασάσης,

426 626 712 689 appetente
756 618 868 689 jam
944 632 1203 689 vespere,
1255 617 1625 673 devorandum
1684 616 1876 674 bestiis
1924 633 2011 673 re-

426 707 727 778 liquerunt.

499 799 591 856 18.
620 798 762 864 Quid
795 798 959 870 igitur
991 797 1252 854 Dominus
1279 797 1303 851 ?
1358 797 1529 852 Snine
1554 796 1741 852 famuli
1774 797 2011 868 neglexit

426 887 663 942 curam?
694 886 800 942 Aut
832 876 951 956 ejus
984 902 1153 947 more.
1188 885 1283 955 qui
1319 886 1419 941 sibi
1447 887 1562 955 ipse
1586 886 1751 939 vitam
1778 887 2007 952 adimat,

424 978 634 1033 dimisit
680 978 817 1033 mori
848 978 871 1032 ?
898 976 993 1032 Vel
1025 976 1240 1032 occulta
1284 991 1348 1031 ac
1399 984 1578 1031 mente
1624 986 1785 1033 tenus
1832 977 2009 1033 solum

426 1070 769 1141 apparitione
807 1069 1072 1124 donavit?
1124 1067 1349 1123 Minime
1399 1068 1668 1139 gentium.
1697 1066 1872 1123 Porro
1897 1068 2010 1139 jam

425 1175 533 1220 uox
567 1169 706 1224 erat,
736 1176 799 1216 ac
824 1169 1024 1213 terram
1076 1159 1157 1214 sol
1209 1158 1471 1224 subierat,
1526 1175 1650 1214 cum
1678 1175 1806 1216 cccc
1855 1177 2012 1216 vct‘ns

426 1250 520 1305 Sol
538 1251 674 1306 lucis
693 1250 803 1305 lilio
818 1250 1020 1315 oritur;
1058 1263 1121 1303 ac
1147 1249 1290 1303 circa
1318 1263 1442 1302 eum
1470 1250 1756 1304 multitudo
1774 1250 2013 1306 caelestis

426 1342 656 1403 militiai.
711 1356 775 1397 ac
807 1341 1019 1395 Domini
1055 1340 1297 1404 claritas,
1332 1349 1391 1394 ut
1418 1341 1755 1412 cvangelicis
1782 1342 2011 1397 vocibus

424 1443 571 1499 utar,
606 1432 972 1488 circnml‘ulsit
1004 1446 1131 1486 eum
1163 1433 1205 1487 ⁵.
1244 1431 1382 1487 Tum
1432 1432 1541 1498 ille,
1571 1433 1729 1502 quasi
1788 1448 1853 1487 ex
1901 1433 2012 1488 alto

424 1538 713 1592 emergens
770 1538 989 1586 somno,
1048 1524 1400 1594 divinamquc
1451 1524 1598 1579 circa
1655 1540 1715 1580 se
1769 1526 2011 1580 sentiens

422 1615 864 1684 apparitioncm.
923 1625 1088 1683 atque
1139 1631 1262 1669 mox
1331 1615 1481 1670 omni
1533 1616 1749 1671 solutus
1825 1616 2013 1671 dolore

327 1699 344 1716 '
422 1704 687 1773 (annique
716 1705 1165 1773 compunctione,
1200 1719 1267 1759 ac
1307 1705 1659 1759 inenarrabili
1691 1706 1890 1774 gaudio
1922 1720 2010 1759 re-

422 1794 623 1862 pletus,
678 1804 862 1849 rectus
912 1795 966 1849 in
1016 1796 1179 1865 pedes
1226 1795 1394 1868 stetit,
1448 1805 1598 1850 tanta
1662 1794 2007 1862 remissione,

2118 619 2285 691 θηρσὶ
2313 621 2375 674 τὸ
2415 621 2576 691 σῶμα
2606 620 2896 675 κατέλιπον
2929 618 3116 690 βοράν.

2189 793 2280 865 ιη’.
2304 794 2369 848 Τί
2390 789 2482 849 οὖν
2506 796 2534 849 ὁ
2560 793 2797 865 Κύριοςς
2826 788 2936 863 ἆρά
2978 809 3042 861 γε
3067 791 3163 847 τοῦ
3202 793 3407 847 οίκείου
3432 787 3719 865 θεράπονθ’

2115 902 2206 950 τος
2234 886 2540 955 ὴμέλησεη
2562 885 2594 956 ἢ
2628 883 3082 954 βιαθανατοῦντος
3104 884 3307 957 τρόπον
3331 884 3546 954 ἀφῆκεν
3563 887 3703 938 ἀπο-

2116 977 2341 1042 θανεῖν;
2384 976 2419 1047 ἢ
2461 976 2740 1047 κρυφαίας
2772 974 2870 1029 καὶ
2924 975 3118 1046 νοερᾶς
3168 976 3349 1045 μόνον
3378 976 3702 1044 ἐπιφανείας

2114 1067 2284 1133 ditat;
2319 1067 2616 1136 Οὐδαμῶςο
2648 1066 2747 1132 νὺξ
2773 1066 2830 1120 δὲ
2858 1066 2984 1137 ἠδη,
3015 1067 3114 1120 καὶ
3135 1067 3287 1138 ἥλιος
3314 1066 3421 1121 ὑπὸ
3449 1068 3575 1137 γῆν,
3604 1069 3703 1123 καὶ

2112 1160 2142 1213 ό
2168 1157 2421 1227 ἀληθινδς
2449 1159 2638 1222 Ἥλιος
2671 1157 2752 1230 τῷ
2781 1157 2877 1212 τοῦ
2910 1158 3091 1227 φωτὸς
3132 1158 3490 1212 ἑπανέτελλεν
3552 1160 3657 1231 υίῷ
3681 1178 3695 1192 ·

2118 1251 2212 1303 καὶ
2246 1249 2449 1320 πλῆθος
2486 1251 2748 1321 στρατιᾶς
2781 1250 3039 1321 οὐρανίου
3069 1250 3200 1321 περὶ
3237 1249 3424 1316 αὐτὸν,
3454 1251 3550 1304 καὶ
3574 1248 3702 1316 δόξα

2119 1340 2347 1409 Κυρίου,
2400 1339 2774 1408 εὐαγγελικῶς
2829 1341 3028 1404 εἰπεῖν,
3088 1339 3467 1410 περιέλαμψεν
3513 1340 3695 1394 αὐτόν.

2127 1432 2188 1486 '0
2218 1432 2299 1496 δὲ,
2326 1432 2581 1503 καθάπερ
2604 1431 2665 1497 ἐξ
2692 1430 2862 1485 ὕπνου
2890 1431 3082 1503 βαθέος
3112 1430 3444 1499 ἀνενεγκὼν,
3479 1432 3574 1486 καὶ
3598 1432 3701 1501 τῆς

2116 1526 2246 1596 περὶ
2306 1525 2472 1579 αὐτὸν
2514 1523 2797 1594 αἱσθηθεὶς
2841 1522 3183 1592 οεοῳανείας,
3242 1525 3337 1577 καὶ
3375 1524 3556 1596 πάσης
3600 1524 3700 1594 μὲν

2114 1617 2413 1686 ἀλγηδόνος
2449 1614 2701 1686 σώματος
2751 1615 2915 1680 εὐθὺς
2950 1614 3185 1679 ἀνεθεὶς,
3224 1614 3406 1685 πάσης
3441 1616 3498 1670 δὲ
3528 1601 3717 1671 καταέ

2115 1709 2319 1776 νύξεως
2374 1710 2469 1762 καὶ
2495 1708 2865 1778 ἀνεκλαλὴτου
2890 1708 3066 1778 χαρᾶς
3113 1702 3448 1778 πληρωθεὶς,
3482 1708 3700 1762 ἵσταται

2120 1801 2219 1869 μὲν
2256 1801 2350 1854 ἐπὶ
2382 1800 2571 1866 πόδας,
2602 1798 2748 1853 οὕτω
2770 1797 2989 1868 κούφως
3027 1798 3123 1852 καὶ
3145 1798 3439 1863 εὐσθενῶς,
3470 1799 3545 1864 ὡς
3574 1798 3698 1871 μηδ’

421 1896 578 1943 tanto
614 1887 832 1950 robore,
864 1902 928 1941 ac
950 1888 995 1942 si
1044 1903 1113 1942 ne
1142 1864 1566 1957 ullum'quidcm
1607 1894 2003 1943 tormentorum

2113 1861 2180 1962 ἦν
2205 1909 2330 1945 τινα
2362 1861 2566 1964 πεῖραν
2598 1890 2842 1961 ἀνιαρῶν
2869 1861 3127 1959 είληφὼς.

424 1978 727 2047 periculum
771 1979 1013 2043 fecisset.
1458 2048 1461 2049 ν

498 2070 590 2123 19.
626 2069 822 2124 Statim
852 2086 980 2124 vero
1005 2070 1089 2125 vir
1129 2070 1342 2136 beatus,
1375 2070 1515 2126 ﬂexo
1546 2070 1611 2125 ad
1640 2069 1809 2126 Deum
1843 2085 2006 2142 genu,

426 2176 491 2218 ac
523 2177 692 2231 puras
731 2163 785 2215 in
840 2164 1040 2218 caelum
1074 2178 1268 2217 manus
1294 2162 1505 2227 levans,
1539 2162 1709 2217 animi
1769 2163 2011 2217 exsulta-

426 2253 576 2308 tione
616 2254 983 2324 dulcibnsque
1013 2254 1291 2325 Iacrymis,
1338 2253 1568 2308 Domino
1599 2255 1966 2310 confitebatur
1986 2294 2002 2320 ,

425 2344 592 2399 etiam
620 2353 784 2413 atque
812 2345 976 2399 etiam
1010 2345 1221 2413 gratias
1251 2359 1442 2416 agens,
1497 2345 1618 2414 ejus
1667 2346 1993 2413 constantia:

424 2437 671 2501 nomine,
712 2436 874 2507 cujus
900 2437 967 2491 ad
997 2452 1117 2492 eam
1147 2452 1320 2507 usque
1360 2438 1553 2491 horam
1588 2438 1863 2506 specimen
1910 2454 2008 2493 ex-

430 2525 738 2589 hibuisset;
796 2541 999 2595 rogans
1053 2534 1113 2580 ut
1160 2526 1215 2581 in
1264 2541 1328 2581 ea
1378 2527 1728 2581 confessione
1775 2542 2007 2596 agonem

422 2626 879 2684 consummaret;
946 2617 1277 2687 animusque
1328 2617 1621 2685 repositam
1680 2617 2011 2689 martyribus

424 2708 671 2778 requiem
705 2719 1152 2776 consequeretur,
1198 2723 1300 2763 nec
1328 2708 1716 2777 corpusculum
1748 2709 2010 2764 aerumnis

424 2800 614 2855 multis
651 2815 717 2855 ac
772 2800 1061 2855 laboribus
1133 2799 1534 2868 tormentisque
1599 2808 2008 2868 consumptum,

423 2890 660 2948 boni-sto
678 2890 745 2944 ad
779 2890 1175 2959 quiescendum
1207 2892 1327 2945 loco
1357 2889 1763 2946 destitueretur:
1790 2904 1855 2944 ac
1883 2905 2011 2944 vero

420 2981 727 3036 custodiam
777 2996 842 3035 ac
906 2981 1225 3050 praesidium
1291 2981 1345 3035 in
1396 2996 1572 3036 rerum
1636 2979 1842 3037 civitati
1894 2978 2011 3034 fore

422 3080 673 3140 precatus
703 3081 807 3136 est,
842 3073 1024 3129 omnis
1060 3072 1279 3144 generis
1309 3073 1631 3127 morborum
1681 3080 2007 3142 prmsentem

423 3164 777 3232 medicinam,
814 3167 1175 3234 omniumque
1202 3166 1391 3234 procul
1422 3166 1694 3220 malorum
1727 3181 2002 3221 averrun-
2033 3196 2077 3254 ο

420 3253 714 3309 cationem.
764 3251 1047 3323 lmpielate
1080 3253 1135 3308 in
1188 3252 1359 3308 Deum
1411 3252 1812 3319 laborantibus,
1855 3254 2005 3310 salu-

421 3352 554 3405 t8m.
584 3359 706 3413 qua:
733 3359 828 3410 per
861 3345 1023 3401 fidem
1071 3356 1174 3409 est,
1216 3344 1357 3400 votis
1400 3345 1770 3415 deprecatur;
1806 3362 2004 3417 pecca-

424 3433 664 3497 toribus,
701 3440 760 3488 ut
792 3435 1119 3503 poenitentia
1171 3445 1612 3491 convertantur:
1667 3434 2002 3503 magistrati—

419 3522 547 3588 bus,
573 3532 633 3578 ut
654 3524 925 3595 justitiam
955 3534 1198 3591 teneant;
1230 3526 1491 3591 subditis,
1518 3535 1576 3583 ut
1601 3525 2001 3614 obedientiam;

420 3616 726 3681 divitibus,
780 3627 841 3672 ut
893 3634 1200 3688 propensos
1255 3619 1309 3674 in
1367 3620 1772 3689 eleemosynam
1818 3632 1997 3672 mores

420 3704 663 3761 habeant
696 3722 709 3758 :
745 3707 1102 3777 pauperibus,
1164 3716 1225 3761 ut
1284 3706 1605 3777 patientiam
1652 3715 1876 3762 servent
1930 3720 1995 3761 ac

419 3794 846 3861 sustinentiam;
875 3797 1242 3866 gaudentibus
1265 3836 1281 3862 ,
1336 3806 1395 3852 ut
1442 3797 1645 3867 gratias
1677 3805 1877 3868 agant;
1913 3797 2001 3856 bis

414 3890 508 3960 qui
537 3889 590 3945 in
626 3905 873 3944 aerumna
897 3900 1048 3954 sunt,
1082 3898 1143 3945 ut
1167 3890 1418 3949 levamen
1471 3906 1538 3947 ac
1563 3893 2000 3949 consolationem

415 3981 735 4048 obtineant;
767 3981 1177 4051 navigantibus,
1204 3992 1266 4037 ut
1297 3982 1441 4039 felici
1473 3985 1823 4055 navigatione
1846 3994 2004 4041 utan-

416 4080 562 4138 tur;
599 4070 704 4126 iter
751 4071 1103 4139 habentibus,
1157 4079 1217 4127 ut
1274 4073 1380 4127 iter
1430 4071 1609 4129 fausto
1661 4075 1999 4142 conficiant;

415 4159 619 4230 bisqui
671 4160 725 4216 in
758 4160 899 4216 bello
956 4172 1265 4231 versentur,
1336 4163 1577 4219 victoriae
1607 4173 1850 4236 tropaza;
1906 4168 1999 4237 qui

2116 2046 2119 2051 ⁴
2185 2064 2271 2122 ιϐ’.
2304 2066 2560 2130 eomes
2591 2065 2815 2136 κάμψας
2840 2066 2868 2118 ι
2898 2065 3184 2138 Μακάριος
3209 2066 3269 2119 τὸ
3291 2063 3421 2135 γόνυ
3446 2066 3582 2139 πρὸς
3607 2067 3700 2122 τδν

2090 2159 2265 2224 -Θεδν,
2293 2159 2390 2213 καὶ
2415 2159 2513 2223 τὰς
2546 2160 2700 2222 ὁσίας
2746 2161 2934 2229 χεῖρας
2962 2158 3176 2230 ἐπάρας
3215 2160 3295 2221 εἰς
3323 2159 3417 2212 τὸν
3445 2160 3697 2230 οὐρανὸν,

2111 2250 2171 2329 ἐν
2202 2248 2526 2316 ἀγαλλιάσει
2557 2247 2783 2316 καρδίας
2833 2248 2929 2301 κα)⁵
2963 2246 3254 2318 γλυκεροϊς
3312 2248 3576 2320 δάκρυσιν
3609 2250 3699 2314 ἐξ·

2111 2342 2446 2412 ωμολογεῖτο
2495 2338 2573 2410 τῷ
2639 2340 2866 2409 Κυρίῳο
2935 2339 3279 2412 εὐχαριστῶν
3326 2341 3424 2410 μὲν
3460 2341 3699 2412 ἰσχυρῶς

2074 2453 2079 2457 ’
2113 2434 2256 2504 ὑπὲρ
2310 2433 2410 2502 τῆς
2472 2432 2890 2503 σταθερότητος,
2922 2426 2988 2503 ἧς
3014 2434 3142 2503 ἀχρι
3167 2432 3266 2504 τῆς
3299 2432 3449 2505 ὥρας
3480 2434 3698 2502 ἐκείνης

2112 2525 2418 2591 ἐνεδείξατο
2443 2539 2457 2554 ⁸
2512 2523 2768 2593 δεόμενος
2824 2523 2880 2576 δὲ
2912 2524 3003 2576 ἐπὶ
3034 2522 3207 2595 ταύτῃ
3249 2523 3601 2594 τελειωθῆναι
3628 2528 3696 2595 τῇ

2111 2617 2400 2688 ὁμολογίᾳ·
2436 2615 2530 2673 καὶ
2563 2617 2663 2685 τὴν
2693 2616 2874 2686 ψυχὴν
2901 2616 3002 2686 μὲν
3049 2616 3148 2684 τῆς
3179 2615 3558 2685 ἀποκειμένης
3584 2618 3697 2678 τοῖς

2115 2709 2386 2780 μάρτυσιν
2416 2706 2781 2771 ἀναπαύσεως
2821 2709 3117 2778 μετασχεῖν
3140 2723 3153 2739 °
3207 2708 3267 2764 τδ
3297 2707 3610 2773 πολυπαθὲς
3640 2708 3698 2764 δὲ

2114 2801 2388 2870 σωμάτιον
2436 2801 2637 2870 σεμνὸν
2700 2801 2870 2855 τόπον
2918 2801 3000 2863 εἰς
3078 2801 3428 2857 κατάπαυσιν
3478 2802 3695 2871 λαχεῖνο

2113 2894 2479 2965 φυλακτήριον
2530 2893 2589 2948 δὲ
2638 2892 2797 2947 τοῦτο
2825 2894 2891 2963 τῇ
2947 2892 3117 2946 αὐτοῦ
3162 2893 3319 2946 πόλει
3352 2893 3699 2963 προσηύξατο

2110 2984 2179 3038 δι’
2210 2986 2404 3049 αἰῶνος
2430 2983 2805 3055 χρηματίσαι’
2854 2985 3027 3038 νόσων
3058 3001 3120 3037 τε
3150 2985 3513 3038 παντοδαπῶν
3542 2986 3697 3056 ίατή⁴¹

2114 3094 2230 3149 ριον
2286 3076 2383 3130 καὶ
2434 3075 2652 3130 πάντων
2702 3075 3057 3147 ἀλεξητήριον
3087 3075 3294 3132 κακῶν.
3344 3075 3698 3147 Προσηύξατο

2110 3169 2222 3229 τοῖς
2251 3167 2330 3230 είς
2360 3168 2453 3219 τὸν
2497 3164 2631 3219 Θεὸν
2657 3162 2949 3218 ἀσεϐοῦσιν
3003 3165 3105 3227 τὴν
3133 3164 3222 3219 διὰ
3255 3166 3491 3229 πίστεως
3520 3182 3696 3236 σωτη-

2112 3258 2251 3331 ρίαν,
2278 3259 2371 3312 κα“ι
2407 3259 2519 3321 τοῖς
2544 3257 2926 3328 ἁμαρτάνουσι
2983 3258 3085 3329 τὴν
3127 3257 3215 3312 διὰ
3251 3256 3545 3329 μετανοίας
3568 3258 3691 3314 ἔπιεν

2110 3350 2371 3422 στροφὴν,
2402 3349 2512 3412 τοῖς
2551 3350 2782 3420 ἄρχουσι
2816 3349 3199 3422 δικαιοσύνηνο
3233 3349 3550 3403 εὐπείθειαν
3580 3351 3691 3412 τοῖς

2108 3441 2457 3511 ἀρχομένοις,
2505 3443 2621 3503 τοῖς
2665 3440 2945 3505 πλουσίοις
3001 3441 3204 3511 τρόπον
3245 3440 3536 3509 ἐλεήμονα,
3577 3439 3689 3502 τοῖς

2111 3535 2338 3603 πένησιν
2358 3530 2636 3603 ὑπομονὴν
2666 3532 2761 3585 καὶ
2783 3532 3106 3602 καρτερίαν,
3154 3531 3440 3602 χαίρουσιν
3470 3532 3689 3601 εὐχαριο

2107 3626 2288 3690 στίαν,
2315 3623 2679 3695 λυπουμένοις
2724 3624 3096 3695 παραμυθίαν,
3122 3623 3375 3677 πλέουσιν
3407 3623 3688 3687 εὐπλοῖαν,

2104 3715 2482 3787 ὁδοιποροῦσιν
2508 3715 2742 3780 εὐοδίαν,
2764 3718 2877 3778 τοῖς
2906 3717 2965 3769 ὲν
2996 3714 3221 3785 πολέμῳ
3246 3715 3484 3784 τρόπαια
3512 3714 3690 3781 νίκης,

2104 3810 2218 3869 τοῖς
2283 3805 2627 3877 εἰρηνεύουσι
2683 3804 2969 3859 συντονίαν
2999 3805 3135 3876 πρὸς
3172 3805 3354 3858 πᾶσαν
3406 3802 3691 3858 εὐσέϐειαν

2105 3895 2198 3949 καὶ
2223 3894 2666 3967 δικαιοπραγίαν.
2705 3896 2879 3950 Πᾶσιν
2927 3894 3224 3965 ἐπεύχεται
3255 3894 3694 3965 Χριστομιμήτῳ

2104 3988 2434 4059 χρηστότητι
2458 3986 2527 4040 τὰ
2557 3986 2771 4057 χρηστά
2804 3987 2898 4041 καὶ
2923 3986 3199 4055 λυσιτελῆ,
3222 3985 3297 4050 ὡς
3319 3985 3525 4049 τέλειος
3554 3987 3693 4056 Χρι-

2105 4078 2232 4131 στοῦ
2264 4078 2545 4148 μαθητής·
2575 4077 2650 4140 ὡς
2682 4077 3030 4146 φιλόπατρις,
3077 4079 3144 4147 τῇ
3183 4076 3403 4147 πατρίδι
3452 4075 3552 4146 τὴν
3582 4075 3694 4128 ἀπὸ

2104 4171 2351 4225 κινδύνου
2400 4168 2881 4240 παντολύτρωσιν·
2936 4167 3174 4238 μάλιστα
3211 4166 3267 4227 δὲ
3309 4169 3420 4231 τοῖς
3449 4165 3691 4234 γνησίως

412 4249 651 4321 denique
673 4251 725 4305 in
760 4267 892 4322 pace
936 4260 1122 4323 agant,
1156 4265 1216 4310 ut
1266 4270 1487 4311 onmem
1543 4267 1771 4317 strenue
1825 4260 1999 4329 pieta-

2111 4263 2266 4317 αὐτοῦ
2331 4260 2694 4332 μνημονεύειν
2751 4258 3031 4328 μέλλουσι,
3063 4258 3157 4311 καὶ
3185 4260 3251 4328 τῇ
3286 4256 3390 4310 τῶν
3422 4257 3690 4326 λειψάνων

413 4350 524 4395 tem
555 4356 619 4397 ac
639 4341 868 4412 justitizc
901 4360 1067 4415 opera
1101 4346 1304 4405 colant.
1355 4347 1564 4403 Christi
1587 4350 1786 4406 :emula
1842 4351 2002 4407 boni-

2111 4354 2245 4426 θήκη
2269 4353 2592 4417 πελάζουσιν
2630 4352 2943 4420 οἰκοδομαῖς
2993 4366 3053 4403 τε
3094 4347 3440 4419 χαρίζεσθαι,
3497 4346 3691 4416 ὕμνοις

414 4439 546 4498 tate,
575 4434 789 4489 cunctis
817 4434 955 4490 bona
1004 4451 1069 4492 ac
1101 4438 1257 4493 utilia
1313 4450 1674 4511 apprecatur,
1713 4452 1773 4498 ut
1817 4443 1995 4513 perfe-

2111 4462 2159 4497 ra
2219 4447 2312 4497 καὶ
2362 4444 2576 4507 θυσίαις
2629 4440 2974 4506 δεξιοῦσθαυ
3026 4440 3205 4510 τούτῳ
3246 4438 3555 4510 προσιοῦσι,
3592 4439 3693 4493 πᾶ-

413 4530 535 4579 ctus
563 4523 768 4581 Christi
800 4526 1127 4598 discipulus.
1158 4528 1229 4585 Ut
1249 4531 1441 4599 patriae
1495 4548 1711 4594 amans.
1778 4535 1988 4603 patriae,

2111 4554 2201 4589 παν
2259 4535 2442 4601 δεξιὰν
2492 4536 2654 4606 χάριν
2678 4534 2772 4588 καὶ
2800 4536 3071 4605 σωτήριον
3120 4532 3418 4615 ἐπεύχεται
3451 4530 3686 4601 δωρεάν.

411 4620 473 4673 ιιι
500 4614 568 4669 ab
592 4616 743 4671 omni
782 4625 895 4673 tuta
922 4620 1255 4689 periculosit
1279 4624 1538 4694 omnique
1562 4626 1802 4683 hostium
1829 4631 2169 4698 grassatione
2226 4630 2523 4691 liberetur;
2583 4631 2651 4685 iis
2714 4630 3039 4699 praesertim,
3104 4614 3211 4697 qui,
3266 4626 3411 4681 illius
3470 4625 3687 4679 sincere

409 4719 683 4764 memores
751 4706 975 4776 fuerint,
1042 4726 1107 4766 ac
1188 4715 1545 4785 reliquiarum
1620 4718 1805 4777 loculo
1869 4721 2242 4785 accesserint,
2298 4720 2547 4775 aulitieiis
2605 4720 3000 4790 praestiterint,
3080 4717 3311 4773 canticis
3382 4712 3687 4770 oblationi-

407 4793 618 4867 basque
647 4802 975 4870 acceperint.
1003 4800 1104 4871 Qui
1136 4819 1194 4860 se
1225 4806 1442 4872 adeant,
1476 4806 1711 4863 faustam
1749 4827 1968 4865 onmem
2011 4814 2242 4884 gratiam
2276 4824 2654 4883 comprecatur
2683 4830 2747 4867 ac
2775 4813 3020 4867 salutare
3069 4825 3269 4865 munus
3297 4806 3433 4879 (ll).

474 4890 567 4945 20.
598 4890 659 4946 ln
706 4893 852 4951 hunc
884 4897 1105 4953 modum
1163 4910 1418 4969 precatus
1453 4903 1535 4957 vir
1569 4902 1809 4969 divinus,
1869 4908 1993 4961 diu-

405 4996 515 5053 que
542 4996 701 5040 sacro
729 4994 942 5043 astante
989 4990 1309 5059 angelorum
1350 4994 1521 5049 choro
1551 5010 1709 5051 sacre
1743 4996 1985 5053 delecta-

405 5086 495 5133 tus
526 5087 814 5149 menteque
854 5093 1153 5148 recreatus,
1185 5093 1411 5157 tumque
1460 5089 1620 5144 tertio
1652 5089 1979 5146 deiforinem

405 5169 741 5240 consignatis
788 5174 1244 5246 vultum(oqu:e
1302 5186 1435 5234 tunc
1489 5183 1755 5250 temporis
1804 5183 1986 5239 locum

405 5261 724 5331 impleverat
755 5265 980 5336 mystica
1018 5266 1344 5335 jucunditas
1382 5270 1813 5345 divinarumque
1867 5276 1985 5332 Iau-v

403 5355 533 5408 dum
593 5356 884 5425 cantica!)
923 5371 1175 5415 sanetum
1225 5362 1307 5416 eis
1365 5372 1592 5419 sanctus
1657 5366 1822 5420 tradit
1870 5369 1985 5425 ani-

474 5527 497 5559 '
527 5530 698 5597 Apoc.
731 5545 842 5591 xxi,
873 5530 963 5586 9.3.

474 5663 587 5731 (Il)
614 5663 863 5741 Diximus
911 5668 1047 5725 alias
1084 5672 1438 5741 nonplacere
1463 5674 1623 5729 nobis
1656 5674 1804 5729 illam
1837 5692 1981 5729 mar-

404 5735 1137 5825 Ivivcntiuni'curam,
1161 5735 1273 5825 qua.
1292 5744 1321 5825 ι’
1372 5759 1621 5825 Icorpore
1643 5755 1699 5825 et
1728 5746 1980 5825 reliquiis

405 5799 525 5858 Ibis
566 5812 696 5859 sunt
753 5806 997 5875 solliciti,
1047 5799 1316 5886 quidquid
1372 5814 1461 5870 blc
1491 5799 1548 5872 in
1578 5815 1724 5873 notis
1776 5799 1894 5873 suis
1923 5799 1978 5877 id

2174 4906 2242 4964 κ’.
2277 4909 2435 4963 Οὕτω
2483 4910 2922 4980 προσευξάμενος
2966 4909 2995 4961 ό
3039 4907 3182 4969 θεῖος
3233 4905 3396 4977 ἀνὴρ,
3450 4904 3549 4958 καὶ
3590 4903 3687 4957 ὲπὶ

2101 5001 2234 5056 πολὺ
2286 5003 2398 5066 τοῖς
2451 5002 2766 5073 παρεστῶσι
2812 5002 2920 5055 τῶν
2985 4999 3148 5072 ίερῶν
3214 4999 3465 5067 ἀγγέλων
3521 4997 3686 5067 ίερῶς

2102 5095 2483 5164 συνηδόμενος,
2516 5097 2608 5149 καί
2637 5095 2837 5165 νοερῶς
2857 5092 3358 5164 κατατερπόμενος,
3379 5087 3500 5144 εἶτα
3522 5092 3684 5162 τρίτῃ

2101 5187 2357 5255 σφραγῖδι
2374 5187 2435 5240 τὺ
2456 5186 2688 5250 θεοειδὲς
2710 5188 3000 5258 πρόσωπον
3024 5184 3477 5257 σημειωσάμενος
3497 5182 3562 5253 (ὣ
3583 5182 3684 5251 τῆς

2094 5280 2217 5331 τότε
2254 5278 2347 5330 τὸν
2394 5279 2561 5332 τόπον
2596 5279 3193 5349 ἐκεῖνονπληρωσάσης
3225 5275 3496 5344 μυστικῆς
3538 5275 3679 5343 θυμ-

2093 5369 2245 5440 ητίας
2270 5376 2360 5426 καὶ
2385 5371 2733 5441 δοξολογίας),
2761 5371 2854 5442 τὴν
2876 5371 3037 5439 ἁγίαν
3053 5370 3235 5430 αὐτοῖς
3265 5370 3293 5423 ὁ
3316 5369 3470 5437 ἆγιος
3494 5384 3678 5438 παρα-

2088 5679 2362 5755 explicare
2378 5682 2593 5755 nitatur
2615 5682 2999 5755 Combelisius.
3038 5685 3214 5751 Atque
3236 5685 3365 5739 hinc
3396 5683 3668 5755 suspicor,

2089 5748 2237 5807 hunc
2276 5766 2400 5810 esse
2424 5754 2674 5811 Graecum
2699 5750 2902 5811 Nicctae
2934 5748 3172 5815 rhetoris
3203 5764 3489 5812 ornatum.
