4022 6408
319 424 416 491 437

1396 2 2909 32 Ἥ

881 427 1165 493 ORATIO
1201 429 1361 491 XIX.
1388 455 1459 467 --
1484 430 1567 492 ΙΝ
1609 432 1924 495 LAUDEM
1962 432 2023 494 S.
2063 432 2484 495 HYACINTHI
2522 436 2984 502 AMASTRENI.

3480 439 3588 504 £38

319 542 524 596 τίθεται
549 540 751 614 ψυχήν.
787 541 1008 613 Ταύτην
1054 543 1155 614 μὲν
1188 543 1282 598 οῦν
1311 544 1474 608 εὐθὺς
1505 546 1534 598 ὀ
1569 544 1901 617 παράδεισος

2004 557 2177 599 mum.
2208 543 2365 601 llunc
2392 561 2522 602 vero
2549 546 2733 602 statim
2767 546 2860 603 Dei
2889 548 3176 620 paradisus
3207 549 3418 614 habuit,
3449 549 3585 624 Regi

320 633 426 705 εἶχε
465 634 560 689 τοῦ
588 634 748 701 Θεοῦ,
794 635 874 708 τῷ
916 637 1140 690 Βασιλεῖ
1192 637 1292 706 τῆς
1333 637 1493 707 δόξης
1538 638 1902 709 ἀνσφθέγκτῳ

317 726 459 797 χαρᾷ
481 726 838 797 προσιοῦσαν,
872 728 965 780 καὶ
994 726 1324 796 πανευαγῶς
1372 727 1522 798 αὐτῷ
1559 726 1899 798 προσκυνοῦ-

320 835 437 883 σαν,
469 820 567 872 καὶ
594 818 673 890 τῷ
703 819 805 891 τῆς
856 819 1172 890 ἀφθαρσίας
1210 821 1463 892 στεφάνῳ
1500 823 1566 892 τῇ
1592 824 1899 893 Δεσποτικῇ

318 912 799 985 καταστεφομένην
823 912 972 983 δεξιᾷ
999 927 1013 943 ⁸
1044 912 1253 983 ταύτην
1275 913 1334 966 al
1363 916 1550 985 νοεραὶ
1583 917 1756 969 πᾶσαι
1790 915 1900 969 τῶν

315 1003 560 1076 οὐρανῶν
587 1005 860 1076 Δυνάμεις
919 1004 1192 1076 ἐπῄνεσαν
1220 1044 1253 1070 ,.
1286 1006 1384 1060 καὶ
1412 1005 1487 1070 ὡς
1518 1007 1817 1077 νικηφόρον
1864 1007 1897 1079 ἢ

313 1096 684 1166 Χριστοφόρον
709 1097 928 1161 έαυταίς
972 1097 1486 1166 προσῳκειώσαντο.
1520 1097 1736 1169 Ταύτην
1762 1099 1897 1152 ἀπόο

315 1185 491 1240 στολοι
525 1188 649 1258 μὲν,
681 1188 758 1252 ὡς
786 1186 1271 1241 ἀποστολικώτατα
1295 1187 1598 1259 βιώσασαν,
1631 1188 1871 1257 ἀσμεναί

308 1295 445 1331 τατα
465 1278 885 1352 [ἀσμενέστατα]
902 1279 1234 1350 δεξιούμενοι
1258 1298 1413 1350 περιε
1424 1281 1687 1349 πτύξαντο
1704 1299 1716 1312 ’
1742 1282 1898 1351 Μαρ-

308 1372 490 1443 τύρων
518 1372 575 1425 δὲ
599 1375 749 1443 χοροὶ
779 1374 937 1443 ἱεροὶ,
968 1372 1044 1436 ὡς
1069 1373 1266 1426 οίκεῖον
1291 1371 1469 1428 αὐτῶν
1502 1374 1683 1443 μέλος,
1713 1376 1807 1428 καὶ
1837 1375 1898 1428 τὺ

308 1459 638 1529 τιμιώτατον
661 1461 1046 1533 ἀποδεχόμενοι
1075 1462 1182 1515 τῶν
1211 1463 1390 1533 μελῶν
1409 1480 1422 1495 '
1448 1466 1540 1518 ml.
1554 1464 1630 1534 τῷ
1655 1466 1899 1536 πνεύμα-

308 1569 360 1606 τι
392 1552 921 1624 συναρμολογοῦντες
964 1556 1174 1619 ἑαυτοῖς
1221 1556 1311 1609 καὶ
1342 1555 1770 1627 συμϐιόάζοντες
1796 1559 1897 1629 τῆς

305 1645 480 1715 αὐτῆς
529 1647 716 1708 αὐτοῖς
765 1645 926 1716 δόξης
982 1648 1076 1700 καὶ⁸
1110 1647 1522 1720 μακαριότητος
1571 1650 1800 1720 μέτοχον
1827 1651 1895 1704 δι’

302 1737 505 1800 αἰῶνος
568 1736 956 1808 ἐκληρώσαντο
981 1756 995 1771 ο
1035 1740 1097 1793 ού
1143 1739 1306 1809 μόνον
1334 1740 1413 1804 δὲ,
1452 1741 1593 1794 ἀλλά
1628 1742 1723 1795 καὶ
1753 1759 1890 1814 προ-

302 1828 495 1896 φητῶν
530 1827 626 1881 καὶ
652 1828 826 1897 ἁγίων
852 1829 1030 1883 θίασοι
1060 1829 1301 1897 πάντων,
1326 1830 1403 1895 ὡς
1426 1830 1527 1901 τῆς
1554 1831 1677 1902 ίσης
1702 1833 1893 1897 αὐτοῖς

301 1918 595 1987 ἁγιότητος
624 1919 1077 1992 ὑπερϐαλλόντως
1116 1922 1455 1993 μετέχουσαν
1499 1923 1762 1995 ὁρῶντες,
1789 1924 1888 1996 τὴν

300 2010 476 2077 αὐτῆς
539 2010 800 2065 ἀνάλυσιν
857 2012 955 2065 καὶ
1013 2012 1276 2083 ἑνδημίαν
1313 2014 1453 2086 πρὸς
1505 2013 1597 2068 τὸν
1629 2016 1886 2086 Χριστὸν,

297 2100 564 2172 λαμπράν
605 2101 688 2156 ὅτι
720 2101 958 2174 μάλιστα
987 2104 1083 2159 καὶ
1112 2103 1595 2180 θεοπρεπεστάτην
1629 2107 1889 2179 συνεκρό-

295 2211 472 2266 τησαν
499 2195 717 2267 ἑορτήν.

363 2380 477 2430 καθ.
517 2373 722 2428 Τοῦτον
754 2376 855 2447 μὲν
884 2371 979 2431 οὖν
1026 2375 1121 2431 τὸν
1150 2376 1356 2448 τρόπον
1378 2378 1413 2450 ἡ
1431 2378 1716 2450 τρισολὸἱα
1742 2377 1889 2451 ψυχὴ

293 2468 392 2532 τὰς
459 2468 557 2522 τοῦ
607 2469 862 2542 οὐρανίου
922 2472 1137 2542 Πατρὸς
1184 2472 1632 2544 κατακληροῦται
1685 2476 1882 2544 μονάς·

295 2560 412 2613 ἀλλ’
458 2560 584 2615 οὐδὲ
643 2562 706 2616 τὺ
748 2562 893 2633 ἱερὸν
923 2564 1103 2617 ὲκείνο
1133 2566 1229 2618 καλ¹
1273 2565 1635 2637 ἀθλοφορικὸν
1664 2568 1885 2636 σκῆνος,

294 2652 328 2722 ἢ
363 2652 546 2718 οὕτως
601 2655 684 2718 είς
728 2658 833 2728 γῆν
880 2656 1047 2710 πεσὸν
1092 2656 1473 2729 παρεώραται,
1507 2657 1541 2730 ἢ
1582 2659 1725 2713 κατὰ
1754 2661 1887 2724 τούς

292 2742 520 2809 λοιποὺς
554 2747 843 2819 μάρτυρας
879 2749 1172 2821 τετίμηται
1202 2766 1216 2779 ’
1244 2748 1435 2820 ῶσπερ
1457 2750 1516 2805 δὲ
1544 2752 1739 2822 τέρασι
1776 2752 1889 2820 μεί-

294 2834 411 2901 ζοσι
468 2837 566 2891 καὶ¹
626 2838 1028 2911 ἀφθονωτέροις
1075 2842 1303 2911 ίάμασιν
1350 2841 1457 2896 ὑπὸ
1493 2841 1613 2902 Ξτοῦ
1644 2843 1884 2913 Χριστοῦ

296 2927 753 3000 πεφιλοτίμηται,
798 2931 943 2983 οὕτω
974 2933 1069 2986 καὶ
1097 2935 1216 2997 ταῖς
1247 2932 1308 2998 ἐξ
1332 2932 1430 2988 ἀνθ
1442 2933 1642 3005 ρώπων
1670 2939 1881 3005 τιμαῖς,

294 3016 561 3072 ἁπάντων
598 3019 784 3088 ὀλίγου
812 3019 923 3074 δεῖν
951 3022 1060 3074 τῶν
1102 3021 1483 3094 ἀθλοφορικῶν
1522 3026 1791 3095 σωμάτων
1824 3026 1885 3080 τὸ

295 3109 676 3175 ἑπιδοξότατον
742 3111 1033 3183 ἠνέγκατο.
1077 3112 1216 3167 Τότε
1271 3114 1370 3185 μὲν
1415 3115 1526 3186 γὰρ
1567 3116 1734 3171 αὐτοῦ
1775 3132 1880 3170 που

296 3202 527 3273 πλησίον
554 3203 657 3272 τῆς
687 3203 897 3266 πόλεως
927 3206 1032 3275 γῆς
1063 3203 1286 3275 βάθεσιν
1321 3206 1428 3260 ὑπὸ
1456 3208 1564 3259 τῶν
1591 3207 1881 3263 εὐσεϐούν-
1914 3234 1957 3294 c

296 3310 398 3348 των
470 3294 504 3347 ό
561 3295 861 3367 πολύτιμος
909 3296 1143 3367 ἐντίμως
1173 3298 1551 3369 καταχωσθεὶς
1590 3300 1884 3373 θησαυρὸς,

295 3388 563 3457 οὐμενοῦν
612 3389 845 3458 άφικτὸς
877 3389 911 3460 ἦ
941 3407 1045 3444 τινι
1079 3390 1304 3460 γέγονεν
1335 3392 1395 3457 ἐξ
1427 3392 1642 3446 ὲκείντυ
1669 3393 1886 3467 θεωρη-

295 3476 401 3543 τδς,
428 3478 497 3531 οὗ
533 3477 644 3548 μὴν
676 3480 794 3542 ταῖς
817 3478 1215 3550 ἀγαθουργίαις
1261 3481 1373 3533 τῶν
1401 3480 1569 3534 αὐτοῦ
1605 3481 1887 3550 θαυματο-

299 3569 469 3623 ποιῶν
531 3565 646 3633 οἷός
681 3587 742 3623 τε
794 3570 1006 3638 γίνεται
1048 3570 1236 3625 λαθεῖν
1260 3588 1275 3604 ν
1325 3571 1442 3625 ἀλλ’
1472 3574 1888 3637 ἐκτενεστάταις

300 3664 395 3732 μὲν
420 3663 663 3727 ἱκεσίαις
694 3662 785 3717 τὸν
810 3664 1014 3734 Κύριον
1045 3663 1194 3717 ἔνδον
1227 3666 1255 3717 ό
1293 3664 1593 3736 ἀθλοφόρος
1639 3666 1887 3737 ἱλεούμε-

295 3765 400 3814 νος,
431 3749 544 3814 ἔξω
567 3750 624 3804 δὲ
647 3753 768 3815 ταῖς
822 3752 915 3805 ἐπὶ
964 3751 1061 3805 τοῦ
1106 3752 1279 3822 τάφου
1327 3754 1680 3819 τελουμέναις
1710 3756 1887 3810 ἰάσεσι

298 3840 592 3909 δυσωπῶν,
647 3843 743 3896 καὶ
789 3844 1057 3908 τοιούτοις
1105 3846 1271 3899 πάλαι
1313 3846 1410 3917 τὴν
1438 3846 1604 3899 αὐτοῦ
1650 3849 1803 3901 πόλιν
1828 3847 1886 3916 ἐξ

301 3933 563 3998 ἀπιστίας
614 3937 697 3998 είς
749 3935 1050 4007 ὁρθὸτομον
1132 3937 1318 3990 πίστιν
1378 3938 1474 3991 καλ⁵
1522 3938 1888 4011 ἀνυπόκριτον

297 4027 575 4096 μετάγων,
597 4026 717 4080 οὐδὲ
749 4028 912 4098 μέχρι
949 4027 1045 4081 τοῦ
1081 4027 1175 4082 νῦν
1196 4030 1223 4082 ὁ
1255 4028 1556 4099 θαυμάσιος
1591 4030 1881 4087 διαλείπει.

291 4116 531 4187 Λέγεται
561 4118 693 4191 γάρ,
715 4118 744 4171 ὃ
759 4121 854 4174 καὶ
872 4119 1150 4190 ὁρώμενον
1175 4119 1514 4185 πιστεύεται,
1534 4121 1618 4173 ὅτι
1649 4121 1887 4195 ἑκάστης

290 4208 382 4262 τοῦ
435 4209 693 4264 ἐνιαυτοῦ
740 4210 1086 4281 περιτροπῆς
1130 4210 1230 4281 τὴν
1280 4211 1375 4264 τοῦ
1431 4212 1591 4279 ἀγίου
1661 4214 1887 4284 μνήμην

291 4300 634 4370 ὲπαγούσης,
681 4300 867 4372 δέησις
898 4302 1032 4372 περὶ
1081 4301 1175 4354 τὸν
1227 4302 1371 4372 ἱερὸν
1418 4302 1611 4370 τάφον,
1655 4304 1761 4357 ὑπὸ
1791 4303 1885 4358 τοῦ

293 4391 439 4462 ἱεροῦ
470 4385 678 4457 παντὸς
731 4393 1117 4464 ἀναπέμπεται
1179 4393 1310 4447 λαοῦ
1335 4409 1349 4426 ·
1383 4394 1538 4463 ἄφνω
1569 4394 1627 4449 δὲ
1664 4393 1793 4466 χοῦς
1827 4398 1885 4450 ὲν

289 4484 405 4556 ἤχῳ
432 4485 550 4539 τινὶ
579 4485 714 4554 ξένῳ
774 4485 872 4540 καὶ
902 4486 1196 4557 ῥοιζήματι
1229 4486 1538 4557 πνεύματος
1574 4489 1639 4541 ὲκ
1664 4487 1757 4541 τοῦ
1788 4487 1886 4559 βά-

2002 636 2212 706 gloriae,
2241 637 2388 693 nulla
2418 641 2708 694 verborum
2733 640 2785 696 vi
2815 642 3122 712 explicabili
3169 643 3391 713 gaudio,
3423 658 3586 699 acce-

2001 725 2241 792 dentem,
2275 726 2436 797 eique
2481 728 2904 800 religiosissimo
2937 731 3125 786 habitu
3180 733 3388 787 cultum
3426 732 3587 790 adhi-
3639 742 3649 754 '

2001 817 2242 887 bentem,
2290 829 2454 890 atque
2511 821 2943 893 incorruptionis
2990 838 3250 879 coronam
3303 823 3585 881 Dominica

2000 911 2225 967 dextera
2260 903 2675 982 suscipientem.
2715 911 2865 969 llanc
2909 914 3219 970 caelestium
3248 923 3582 987 potestatum

2001 1012 2211 1058 mentes
2242 1018 2433 1058 omnes
2471 1003 2854 1070 laudaverunt,
2899 1020 2963 1062 ac
3005 1007 3151 1062 velut
3201 1007 3444 1063 victoriae
3474 1016 3586 1064 tro-

2000 1110 2137 1165 paea,
2165 1105 2261 1150 aut
2290 1094 2572 1150 Christum
2624 1095 2909 1163 ferentem,
2941 1097 3057 1153 suis
3079 1097 3435 1154 domesﬁcam
3475 1115 3588 1156 cm-

2001 1186 2150 1240 tibus
2182 1187 2516 1241 asciverunt.
2547 1186 2701 1242 Hanc
2730 1195 2785 1241 et
2816 1187 3072 1257 apostoli,
3106 1204 3227 1258 qum
3266 1190 3585 1260 apostolicis

2003 1276 2422 1347 przrclarissime
2471 1277 2789 1332 muneribus
2835 1279 3001 1333 vitam
3060 1279 3252 1349 egerit,
3326 1279 3586 1350 placidis-

2000 1367 2139 1422 sime
2183 1368 2516 1438 accipientes
2554 1369 2829 1439 complexi
2860 1379 3011 1426 suut.
3066 1370 3219 1427 Sacri
3277 1382 3582 1446 martyrum

1998 1458 2178 1523 chori,
2224 1458 2376 1514 velut
2431 1461 2712 1531 proprium
2763 1460 3008 1531 ipsorum
3064 1464 3372 1519 membrum
3430 1466 3586 1521 rcci-

1998 1553 2211 1623 pientes
2261 1552 2751 1622 membrorumque
2779 1555 3201 1621 nobilissimum,
3257 1572 3321 1613 ac
3361 1558 3466 1613 sibi
3502 1559 3586 1628 ip-

1997 1642 2076 1699 sis
2112 1642 2307 1714 Spiritu
2338 1642 2736 1698 concinnantes
2762 1660 2826 1699 ac
2855 1646 3283 1709 committentes.
3329 1647 3580 1717 ejusdem

1997 1734 2204 1789 sociam
2236 1734 2423 1803 gloria:
2456 1748 2521 1790 ac
2545 1736 2901 1791 beatitudinis
2945 1738 3000 1791 in
3044 1753 3219 1793 aevum
3251 1739 3394 1795 nacti
3430 1749 3579 1794 sunt.

2000 1825 2187 1896 Neque
2221 1824 2277 1880 id
2319 1825 2505 1893 modo,
2552 1826 2648 1883 sed
2686 1836 2740 1882 et
2789 1829 3181 1897 prOphetarum
3232 1838 3585 1886 sanctorum-

1994 1934 2102 1989 que
2134 1918 2382 1975 omnium
2410 1919 2569 1975 chori
2611 1919 2764 1974 velut
2790 1920 2940 1991 paris
2968 1921 3080 1978 illis
3110 1922 3423 1979 sanctitatis
3448 1938 3578 1994 gra—

1997 2011 2086 2067 tiis
2119 2011 2323 2066 eximie
2377 2021 2595 2067 auctam
2639 2014 3068 2084 conspicientes,
3126 2014 3249 2084 ejus
3302 2015 3369 2070 ad
3416 2015 3584 2069 Chri-

1995 2112 2141 2157 stum
2175 2102 2510 2158 solutionem
2546 2119 2613 2159 ac
2636 2104 3081 2174 emigralionem,
3111 2105 3319 2160 claram
3345 2106 3584 2161 maxime

1994 2193 2506 2267 divinissimamque
2555 2193 2903 2252 festivitatem
2957 2211 3023 2253 ac
3075 2197 3372 2268 tripudium
3438 2199 3583 2254 cele-

1995 2285 2265 2341 brarunt.‘

2063 2377 2155 2432 21.
2188 2377 2247 2433 ln
2272 2379 2421 2434 hunc
2451 2380 2635 2450 itaque
2663 2379 2889 2435 modum
2928 2388 3009 2436 ter
3040 2379 3203 2435 beata
3250 2379 3435 2435 anima
3467 2394 3585 2436 coe-

1994 2467 2149 2525 lestis
2200 2468 2382 2527 Patris
2425 2472 2746 2528 mansiones
2792 2471 3060 2540 sedesque
3100 2471 3498 2541 consequitur:
3527 2479 3584 2525 at

1995 2576 2172 2633 neque
2200 2577 2419 2617 sacrum
2450 2563 2583 2617 illud
2638 2578 2705 2617 ac
2750 2563 3085 2633 triumphale
3141 2562 3580 2625 tabernaculum.

1993 2654 2076 2709 vel
2108 2655 2188 2711 sic
2221 2653 2274 2709 in
2306 2663 2506 2709 terram
2534 2655 2739 2710 cadens
2765 2666 3009 2722 spretum
3036 2665 3138 2721 est,
3170 2656 3254 2709 vel
3285 2657 3400 2723 pari
3434 2671 3581 2709 mar-

1993 2747 2204 2818 tyribus
2236 2747 2460 2817 reliquis
2482 2747 2688 2803 honore
2716 2746 3029 2803 decoratum
3064 2765 3076 2803 :
3119 2748 3211 2804 sed
3241 2747 3383 2804 sicut
3413 2749 3583 2817 majo-

1993 2839 2146 2894 ribus
2197 2838 2458 2910 prodigiis
2506 2838 2965 2909 uberioribusque
3033 2838 3330 2893 sanitatum
3389 2839 3580 2910 gratiis

1989 2927 2194 2985 Christi
2226 2944 2452 2984 munere
2479 2929 2831 2984 honestatum
2862 2928 2965 2993 eSt,
3002 2929 3083 2984 sic
3111 2937 3163 2984 et
3195 2929 3455 2984 humanis
3479 2930 3577 2984 hn-

1992 3020 2220 3076 noribus
2244 3035 2307 3075 ac
2355 3020 2659 3090 obsequiis,
2706 3022 2920 3075 cunctis
2972 3019 3084 3075 fere
3116 3020 3353 3075 victoria
3403 3020 3577 3095 incly-

1986 3103 2169 3166 torum
2217 3123 2516 3184 martyrum
2571 3111 2896 3182 corporibus
2943 3111 3139 3181 majori
3194 3113 3366 3181 gloria
3450 3112 3578 3166 illu-

1991 3204 2162 3260 strius
2218 3203 2489 3259 habitum.
2522 3205 2600 3258 Ac
2655 3212 2770 3258 tum
2818 3203 3038 3273 quidem
3085 3202 3196 3258 illic
3251 3203 3353 3258 loci
3410 3217 3580 3273 prope
3679 3274 3684 3281 θ

1991 3294 2263 3350 civitatem
2291 3304 2511 3366 aggesto
2545 3294 2760 3353 tumulo
2788 3294 3063 3365 pretiosus
3100 3294 3395 3350 thesaurus
3442 3293 3578 3349 lide-

1993 3387 2122 3442 lium
2177 3387 2433 3443 manibus
2469 3386 2775 3442 honorilice
2828 3385 3088 3442 conditus
3137 3397 3222 3443 est
3255 3404 3268 3438 :
3304 3401 3369 3441 ac
3398 3401 3578 3457 quan—

1990 3492 2155 3547 quam
2192 3467 2527 3543 inaccessus,
2571 3476 2820 3547 nullique
2843 3491 2908 3531 eo
2932 3492 2998 3532 ex
3045 3485 3291 3544 tempore
3339 3490 3400 3532 re
3446 3491 3581 3531 con-

1991 3578 2217 3639 spectus
2248 3577 2353 3632 est,
2410 3584 2507 3638 per
2551 3567 2675 3639 ejus
2737 3576 2922 3622 tamen
2976 3564 3310 3624 mirabilium
3350 3583 3577 3638 operum

2000 3660 2240 3715 beneﬁca
2300 3674 2531 3714 munera
2609 3660 2755 3715 haud
2806 3658 2926 3716 ﬁeri
2979 3669 3197 3731 poterat
3252 3668 3314 3714 ut
3365 3660 3578 3715 lateret.

1998 3751 2141 3818 Quin
2182 3751 2405 3822 jugibus
2441 3752 2829 3822 contentisque
2882 3752 3384 3822 supplicationibus
3428 3752 3578 3807 intus

1998 3843 2286 3913 Dominum
2354 3853 2565 3914 martyr
2619 3844 2971 3914 triumphalis
3030 3845 3281 3914 placans,
3332 3843 3580 3915 forisque

1993 3935 2047 3989 in
2069 3936 2303 4006 sepulcri
2328 3936 2592 3990 memoria
2627 3937 2926 3991 sanitatum
2966 3952 3198 3991 munere
3222 3951 3574 4007 permovens,

1992 4027 2189 4096 hisque
2216 4026 2345 4082 olim
2381 4042 2534 4081 suam
2570 4027 2851 4082 civitatem
2903 4027 2972 4081 ab
3019 4026 3339 4082 inﬁdelitate
3391 4027 3457 4081 ad
3500 4042 3580 4082 re-

1992 4125 2138 4173 ctam
2191 4118 2579 4188 sinceramque
2623 4116 2784 4171 lidem
2832 4116 3139 4183 traducere,
3198 4118 3579 4187 hactenusque

1988 4210 2074 4263 vir
2106 4208 2463 4264 admirandus
2505 4223 2615 4263 non
2645 4216 2851 4266 cessat.
2880 4209 3052 4268 Aiunt
3080 4210 3229 4265 cnim
3259 4210 3376 4282 (cui
3411 4211 3488 4265 rei
3521 4219 3579 4268 et

1988 4301 2101 4372 ipse
2128 4301 2278 4358 visus
2329 4310 2550 4372 praestat
2586 4301 2776 4372 ﬁdem)
2837 4310 3085 4359 vertente
3168 4304 3297 4357 anni
3372 4315 3579 4374 tempe-

1988 4396 2148 4455 state,
2183 4403 2291 4459 qua
2325 4390 2447 4460 ejus
2485 4388 2720 4444 celebris
2772 4385 3038 4446 memoria
3090 4392 3294 4462 agitur,
3347 4400 3579 4447 sacratae

1989 4481 2168 4552 plebis
2204 4483 2351 4539 circa
2393 4498 2612 4538 sacrum
2648 4485 2923 4540 tumulum
2971 4486 3381 4553 obsecratione,
3417 4486 3579 4541 dere-

289 4577 416 4641 θους
446 4576 701 4632 κάτωθεν
760 4577 1069 4632 ἀναδίδοται
1123 4576 1157 4650 ἦ
1217 4579 1661 4651 ἀναρριπίζεται,
1708 4579 1882 4645 οὕτως

1998 4582 2151 4642 pente
2182 4573 2409 4629 insolito
2438 4576 2678 4645 quodam
2704 4578 2912 4644 sonitu,
2939 4577 3211 4648 ﬂatusque
3234 4578 3473 4633 stridore
3504 4592 3575 4634 ex

292 4668 545 4740 σφοδρῶς
563 4670 974 4740 ὲκφυσώμενος,
1007 4669 1082 4732 ὡς
1121 4670 1217 4724 καὶ
1260 4671 1388 4734 τοὺς
1420 4672 1564 4741 περὶ
1591 4673 1681 4726 τὸν
1709 4673 1881 4742 τάφον

1998 4663 2115 4717 imis
2147 4677 2369 4718 sursum
2398 4666 2675 4732 pulverem
2701 4681 2991 4738 erumpere
3020 4666 3136 4736 (12)
3168 4680 3265 4722 seu
3296 4665 3575 4721 exsaniari

288 4760 615 4828 καιομένους
634 4759 985 4832 λαμπτῆρας,
1002 4763 1069 4832 τῇ
1096 4760 1353 4832 ἐπιπνοίᾳ
1386 4762 1881 4817 κατασϐέννυσθαι*

1998 4761 2138 4809 tanta
2161 4755 2531 4821 vehementia,
2564 4766 2627 4812 ut
2672 4767 2725 4812 et
2774 4758 2989 4813 tumulo
3016 4758 3444 4827 circumpositas
3485 4771 3577 4812 ac-

288 4848 421 4902 αὐτὸ
448 4848 510 4902 δὲ
540 4849 601 4902 τὸ
624 4849 723 4902 τοῦ
766 4849 941 4919 τάφου
998 4849 1197 4920 στόμα,
1238 4849 1334 4904 καὶ
1361 4850 1460 4920 τὴν
1494 4851 1882 4906 καλύπτουσαν

1998 4860 2180 4901 censes
2229 4846 2379 4903 faces
2429 4849 2727 4918 spiratione
2754 4852 3108 4922 exstinguat;
3143 4852 3440 4923 ipsumque
3485 4861 3575 4907 tu-

288 4939 691 5012 λαρνακοειδῶς
736 4939 1072 5012 οἰκοδομίαν,
1114 4942 1399 5013 ἀνάμεστα
1424 4941 1521 4995 τοῦ
1549 4942 1700 5015 ἱεροῦ
1729 4944 1879 5014 χοὸς,

1998 4937 2119 4992 muli
2152 4952 2240 5005 os,
2268 4955 2534 5010 urnasque
2559 4940 2612 4995 in
2647 4942 2871 4998 modum
2896 4943 3239 5013 operientem
3276 4941 3571 5010 fabricam,

287 5033 378 5087 καὶ
432 5034 537 5105 τῆς
593 5032 782 5104 τιμίας
821 5033 1029 5102 ταύτης
1076 5034 1262 5098 κονίας
1316 5033 1519 5100 εὐθέως
1557 5037 1875 5093 ἀποδείκνυ-

1998 5044 2147 5085 sacro
2183 5031 2406 5099 pulvere
2429 5033 2786 5105 pretiosaque
2828 5034 3014 5092 cinere
3056 5033 3348 5093 confestim
3390 5037 3571 5092 adim-

288 5118 430 5172 σθαι.

352 5209 459 5281 κβ¹.
495 5210 684 5276 Ἀξιον
725 5212 821 5265 καὶ
854 5211 1012 5267 τοῦτο
1051 5215 1118 5285 τῇ
1163 5214 1381 5287 ἱστορίᾳ
1406 5216 1772 5289 παραδοῦναι,
1801 5218 1877 5283 ὼς

286 5302 343 5354 οὐ
385 5303 500 5374 πρὸ
546 5305 760 5359 πολλῶν
815 5304 1025 5360 τούτων
1077 5307 1235 5372 ἐτῶν,
1286 5308 1388 5378 τῆς
1429 5309 1649 5379 ὲτησίου
1689 5311 1879 5375 κονίας

287 5391 795 5467 ἀναδραττομένης,
826 5396 922 5450 καὶ
948 5396 1040 5450 τὸν
1072 5397 1249 5468 μέγαν
1280 5399 1375 5469 τῆς
1407 5399 1591 5471 χειρὸς
1613 5399 1878 5456 δάκτυλον

286 5485 379 5540 τοῦ
435 5487 762 5559 θαυμαστοῦ
826 5491 1124 5564 Μάρτυρος
1177 5491 1424 5547 κάτωθεν
1471 5494 1875 5566 συναναδῆναι,

355 5717 471 5792 (12)
507 5717 799 5792 ldempl'ere
821 5720 1156 5792 miraculum
1188 5731 1445 5777 narratur
1494 5722 1563 5778 de
1619 5721 1876 5792 sepulcro

291 5785 693 5860 S._Raymundi
719 5791 788 5845 de
818 5787 1155 5860 Pegnat‘orti,
1184 5792 1259 5846 uti
1286 5793 1495 5858 dictum
1520 5801 1603 5851 est
1631 5785 1698 5850 ad
1728 5794 1872 5851 diem

292 5858 321 5912 7
357 5857 606 5916 Januarii
636 5860 691 5917 in
712 5861 832 5932 ejus
864 5857 1036 5930 Actis,
1061 5877 1183 5934 cap.
1221 5863 1276 5919 8.

1980 5124 2148 5196 pleat.

2049 5216 2140 5271 22.
2189 5217 2417 5289 Dignum
2448 5234 2578 5276 vero
2621 5227 2678 5275 et
2740 5222 2885 5276 istud
2934 5222 3335 5279 commentario
3388 5220 3574 5277 consi-

1980 5324 2187 5381 gnare;
2220 5320 2345 5364 ante
2370 5310 2640 5367 nimirum
2676 5326 2785 5367 non
2838 5313 3039 5370 multos
3088 5314 3191 5369 hos
3219 5327 3397 5368 annos
3426 5312 3568 5382 (l3).

1980 5417 2168 5458 annuo
2222 5403 2448 5473 pulvere
2494 5416 2818 5474 erumpente
2869 5421 2934 5462 ac
2977 5407 3297 5472 ehulliente,
3362 5404 3570 5459 dextras

1981 5509 2203 5567 quoque
2231 5494 2536 5552 admirandi
2561 5498 2822 5570 martyris
2873 5498 3140 5570 majorem
3189 5495 3420 5567 digitum
3458 5508 3568 5549 una

2052 5721 2166 5796 (l5)
2200 5722 2339 5779 Hinc
2390 5728 2560 5796 patet,
2602 5717 2812 5776 cultum
2853 5718 2977 5791 ejus
3036 5713 3348 5774 Amastride
3387 5713 3569 5772 adhuc

1981 5791 2238 5854 ﬂoruisse
2270 5791 2473 5853 saeculo
2504 5804 2672 5848 nono.
