  <div class='ocr_page' id='page_1' title='image "/cluster/home/n/w/nwhite01/storage/ocr_20150623/105/coo.31924054870096/239.png"; bbox 0 0 4022 6422; ppageno 0'>
   <div class='ocr_carea' id='block_1_1' title="bbox 373 396 1979 489">
    <p class='ocr_par' dir='ltr' id='par_1_1' title="bbox 373 396 1979 471">
     <span class='ocr_line' id='line_1_1' title="bbox 373 396 1979 471; baseline 0.006 -9"><span class='ocrx_word' id='word_1_1' title='bbox 373 396 481 464; x_wconf 63' lang='grc'><strong>439</strong></span> <span class='ocrx_word' id='word_1_2' title='bbox 700 446 716 463; x_wconf 93' lang='grc'><strong>.</strong></span> <span class='ocrx_word' id='word_1_3' title='bbox 1581 407 1876 471; x_wconf 73' lang='grc' dir='ltr'><strong>ΝΙΒΕΤιΕ</strong></span> <span class='ocrx_word' id='word_1_4' title='bbox 1914 411 1979 471; x_wconf 69' lang='lat' dir='ltr'><strong>P1</strong></span> 
     </span>
    </p>
   </div>
   <div class='ocr_carea' id='block_1_2' title="bbox 2086 396 3645 489">
    <p class='ocr_par' dir='ltr' id='par_1_2' title="bbox 2086 410 3645 489">
     <span class='ocr_line' id='line_1_2' title="bbox 2086 410 3645 489; baseline 0.01 -16"><span class='ocrx_word' id='word_1_5' title='bbox 2086 410 2366 476; x_wconf 80' lang='lat' dir='ltr'><strong>ILAGON</strong></span> <span class='ocrx_word' id='word_1_6' title='bbox 2375 415 2445 481; x_wconf 88' lang='lat' dir='ltr'><strong>IS</strong></span> <span class='ocrx_word' id='word_1_7' title='bbox 3537 423 3645 489; x_wconf 65' lang='lat' dir='ltr'><strong>MO</strong></span> 
     </span>
    </p>
   </div>
   <div class='ocr_carea' id='block_1_3' title="bbox 377 506 1979 601">
    <p class='ocr_par' dir='ltr' id='par_1_3' title="bbox 377 506 1960 588">
     <span class='ocr_line' id='line_1_3' title="bbox 377 506 1960 588; baseline 0.003 -21"><span class='ocrx_word' id='word_1_8' title='bbox 377 506 717 575; x_wconf 65' lang='lat' dir='ltr'><strong>ascendisse,</strong></span> <span class='ocrx_word' id='word_1_9' title='bbox 754 511 826 566; x_wconf 90' lang='lat' dir='ltr'><strong>ita</strong></span> <span class='ocrx_word' id='word_1_10' title='bbox 858 512 1132 583; x_wconf 83' lang='lat' dir='ltr'><strong>integrum</strong></span> <span class='ocrx_word' id='word_1_11' title='bbox 1159 529 1487 588; x_wconf 77' lang='lat' dir='ltr'><strong>sonumque,</strong></span> <span class='ocrx_word' id='word_1_12' title='bbox 1536 531 1599 571; x_wconf 89' lang='lat' dir='ltr'><strong>ac</strong></span> <span class='ocrx_word' id='word_1_13' title='bbox 1647 517 1694 571; x_wconf 88' lang='lat' dir='ltr'><strong>si</strong></span> <span class='ocrx_word' id='word_1_14' title='bbox 1746 516 1960 575; x_wconf 86' lang='lat' dir='ltr'><strong>vivente</strong></span> 
     </span>
    </p>
   </div>
   <div class='ocr_carea' id='block_1_4' title="bbox 2086 506 3656 601">
    <p class='ocr_par' dir='ltr' id='par_1_4' title="bbox 2086 520 3656 601">
     <span class='ocr_line' id='line_1_4' title="bbox 2086 520 3656 601; baseline 0.007 -22"><span class='ocrx_word' id='word_1_15' title='bbox 2086 520 2234 586; x_wconf 67' lang='grc' dir='ltr'>ιῦτως</span> <span class='ocrx_word' id='word_1_16' title='bbox 2262 523 2451 594; x_wconf 77' lang='grc' dir='ltr'>ἄρτιον</span> <span class='ocrx_word' id='word_1_17' title='bbox 2481 523 2576 578; x_wconf 74' lang='grc' dir='ltr'><strong>καὶ</strong></span> <span class='ocrx_word' id='word_1_18' title='bbox 2600 524 2916 598; x_wconf 75' lang='grc' dir='ltr'>ὀλόκληρον,</span> <span class='ocrx_word' id='word_1_19' title='bbox 2947 525 3025 597; x_wconf 82' lang='grc' dir='ltr'><strong>ὡς</strong></span> <span class='ocrx_word' id='word_1_20' title='bbox 3059 529 3185 601; x_wconf 78' lang='grc' dir='ltr'>ἄρτι</span> <span class='ocrx_word' id='word_1_21' title='bbox 3210 527 3313 599; x_wconf 82' lang='grc' dir='ltr'><strong>τῆς</strong></span> <span class='ocrx_word' id='word_1_22' title='bbox 3342 531 3511 585; x_wconf 81' lang='grc' dir='ltr'>αὑτοῦ</span> <span class='ocrx_word' id='word_1_23' title='bbox 3541 531 3656 597; x_wconf 66' lang='grc' dir='ltr'><strong>ζώε-</strong></span> 
     </span>
    </p>
   </div>
   <div class='ocr_carea' id='block_1_5' title="bbox 374 603 1979 693">
    <p class='ocr_par' dir='ltr' id='par_1_5' title="bbox 374 603 1960 672">
     <span class='ocr_line' id='line_1_5' title="bbox 374 603 1960 672; baseline 0.001 -15"><span class='ocrx_word' id='word_1_24' title='bbox 374 617 567 657; x_wconf 79' lang='lat' dir='ltr'><strong>recens</strong></span> <span class='ocrx_word' id='word_1_25' title='bbox 593 603 813 657; x_wconf 79' lang='lat' dir='ltr'><strong>dextera</strong></span> <span class='ocrx_word' id='word_1_26' title='bbox 842 612 1155 672; x_wconf 84' lang='lat' dir='ltr'><strong>arnputatus</strong></span> <span class='ocrx_word' id='word_1_27' title='bbox 1182 617 1348 661; x_wconf 89' lang='lat' dir='ltr'><strong>esset.</strong></span> <span class='ocrx_word' id='word_1_28' title='bbox 1378 605 1469 663; x_wconf 90' lang='lat' dir='ltr'><strong>Sic</strong></span> <span class='ocrx_word' id='word_1_29' title='bbox 1497 621 1623 663; x_wconf 85' lang='lat' dir='ltr'><strong>vero</strong></span> <span class='ocrx_word' id='word_1_30' title='bbox 1645 606 1960 661; x_wconf 83' lang='lat' dir='ltr'><strong>ascendisse</strong></span> 
     </span>
    </p>
   </div>
   <div class='ocr_carea' id='block_1_6' title="bbox 2086 603 3657 693">
    <p class='ocr_par' dir='ltr' id='par_1_6' title="bbox 2086 615 3657 693">
     <span class='ocr_line' id='line_1_6' title="bbox 2086 615 3657 693; baseline 0.007 -25"><span class='ocrx_word' id='word_1_31' title='bbox 2086 629 2167 683; x_wconf 70' lang='grc' dir='ltr'><strong>της</strong></span> <span class='ocrx_word' id='word_1_32' title='bbox 2198 615 2566 689; x_wconf 77' lang='grc' dir='ltr'><strong>ἀφαιρεθέντα</strong></span> <span class='ocrx_word' id='word_1_33' title='bbox 2595 616 2776 685; x_wconf 79' lang='grc' dir='ltr'>δεξιᾶς</span> <span class='ocrx_word' id='word_1_34' title='bbox 2796 636 2811 651; x_wconf 88' lang='grc'><strong>·</strong></span> <span class='ocrx_word' id='word_1_35' title='bbox 2837 620 3005 691; x_wconf 77' lang='grc' dir='ltr'>ἀνέϐη</span> <span class='ocrx_word' id='word_1_36' title='bbox 3021 621 3098 686; x_wconf 80' lang='grc' dir='ltr'><strong>δὲ,</strong></span> <span class='ocrx_word' id='word_1_37' title='bbox 3136 621 3320 679; x_wconf 85' lang='grc' dir='ltr'>πίστιν</span> <span class='ocrx_word' id='word_1_38' title='bbox 3352 640 3410 676; x_wconf 80' lang='grc' dir='ltr'><strong>τε</strong></span> <span class='ocrx_word' id='word_1_39' title='bbox 3431 662 3447 686; x_wconf 83' lang='grc'><strong>.</strong></span> <span class='ocrx_word' id='word_1_40' title='bbox 3477 620 3657 693; x_wconf 79' lang='grc' dir='ltr'>οἴμαι,</span> 
     </span>
    </p>
   </div>
   <div class='ocr_carea' id='block_1_7' title="bbox 374 694 1979 783">
    <p class='ocr_par' dir='ltr' id='par_1_7' title="bbox 374 694 1963 769">
     <span class='ocr_line' id='line_1_7' title="bbox 374 694 1963 769; baseline 0.003 -21"><span class='ocrx_word' id='word_1_41' title='bbox 374 694 632 757; x_wconf 86' lang='lat' dir='ltr'><strong>arbitror,</strong></span> <span class='ocrx_word' id='word_1_42' title='bbox 672 702 729 748; x_wconf 93' lang='lat' dir='ltr'><strong>ut</strong></span> <span class='ocrx_word' id='word_1_43' title='bbox 760 694 934 749; x_wconf 89' lang='lat' dir='ltr'><strong>sancti</strong></span> <span class='ocrx_word' id='word_1_44' title='bbox 971 711 1035 750; x_wconf 92' lang='lat' dir='ltr'><strong>eo</strong></span> <span class='ocrx_word' id='word_1_45' title='bbox 1076 697 1198 759; x_wconf 88' lang='lat' dir='ltr'><strong>loco</strong></span> <span class='ocrx_word' id='word_1_46' title='bbox 1251 697 1561 769; x_wconf 83' lang='lat' dir='ltr'><strong>corpusculi</strong></span> <span class='ocrx_word' id='word_1_47' title='bbox 1602 697 1963 767; x_wconf 72' lang='lat' dir='ltr'><strong>depositionis</strong></span> 
     </span>
    </p>
   </div>
   <div class='ocr_carea' id='block_1_8' title="bbox 2086 694 3657 783">
    <p class='ocr_par' dir='ltr' id='par_1_8' title="bbox 2086 704 3657 783">
     <span class='ocr_line' id='line_1_8' title="bbox 2086 704 3657 783; baseline 0.01 -29"><span class='ocrx_word' id='word_1_48' title='bbox 2086 704 2405 777; x_wconf 76' lang='grc' dir='ltr'><strong>τελειοτέραν</strong></span> <span class='ocrx_word' id='word_1_49' title='bbox 2442 709 2836 781; x_wconf 79' lang='grc' dir='ltr'><strong>παρεχόμενος,</strong></span> <span class='ocrx_word' id='word_1_50' title='bbox 2896 711 2995 780; x_wconf 80' lang='grc' dir='ltr'><strong>τῆς</strong></span> <span class='ocrx_word' id='word_1_51' title='bbox 3049 712 3299 769; x_wconf 68' lang='grc' dir='ltr'>ἐνταυθοί</span> <span class='ocrx_word' id='word_1_52' title='bbox 3336 712 3433 767; x_wconf 79' lang='grc' dir='ltr'><strong>τοῦ</strong></span> <span class='ocrx_word' id='word_1_53' title='bbox 3475 714 3657 783; x_wconf 80' lang='grc' dir='ltr'>Ἀγίου</span> 
     </span>
    </p>
   </div>
   <div class='ocr_carea' id='block_1_9' title="bbox 375 784 1963 862">
    <p class='ocr_par' dir='ltr' id='par_1_9' title="bbox 375 784 1963 862">
     <span class='ocr_line' id='line_1_9' title="bbox 375 784 1963 862; baseline 0.005 -23"><span class='ocrx_word' id='word_1_54' title='bbox 375 784 662 839; x_wconf 78' lang='lat' dir='ltr'><strong>certiorem</strong></span> <span class='ocrx_word' id='word_1_55' title='bbox 732 786 936 842; x_wconf 82' lang='lat' dir='ltr'><strong>faceret</strong></span> <span class='ocrx_word' id='word_1_56' title='bbox 984 787 1167 859; x_wconf 78' lang='lat' dir='ltr'><strong>fidem,</strong></span> <span class='ocrx_word' id='word_1_57' title='bbox 1228 799 1280 843; x_wconf 88' lang='lat' dir='ltr'><strong>et</strong></span> <span class='ocrx_word' id='word_1_58' title='bbox 1329 790 1399 844; x_wconf 85' lang='lat' dir='ltr'><strong>ad</strong></span> <span class='ocrx_word' id='word_1_59' title='bbox 1452 788 1637 862; x_wconf 82' lang='lat' dir='ltr'><strong>templi</strong></span> <span class='ocrx_word' id='word_1_60' title='bbox 1701 789 1963 847; x_wconf 81' lang='lat' dir='ltr'><strong>fabricam</strong></span> 
     </span>
    </p>
   </div>
   <div class='ocr_carea' id='block_1_10' title="bbox 376 876 1962 953">
    <p class='ocr_par' dir='ltr' id='par_1_10' title="bbox 376 876 1962 953">
     <span class='ocr_line' id='line_1_10' title="bbox 376 876 1962 953; baseline 0.004 -23"><span class='ocrx_word' id='word_1_61' title='bbox 376 876 563 931; x_wconf 82' lang='lat' dir='ltr'><strong>ﬁdeles</strong></span> <span class='ocrx_word' id='word_1_62' title='bbox 612 878 900 933; x_wconf 81' lang='lat' dir='ltr'><strong>animaret.</strong></span> <span class='ocrx_word' id='word_1_63' title='bbox 967 876 1011 933; x_wconf 93' lang='grc' dir='ltr'><strong>Ο</strong></span> <span class='ocrx_word' id='word_1_64' title='bbox 1058 889 1303 939; x_wconf 86' lang='lat' dir='ltr'><strong>sanctum</strong></span> <span class='ocrx_word' id='word_1_65' title='bbox 1356 881 1633 953; x_wconf 80' lang='lat' dir='ltr'><strong>pulverem</strong></span> <span class='ocrx_word' id='word_1_66' title='bbox 1683 881 1735 934; x_wconf 91' lang='lat' dir='ltr'><strong>in</strong></span> <span class='ocrx_word' id='word_1_67' title='bbox 1785 882 1962 936; x_wconf 84' lang='lat' dir='ltr'><strong>sancti</strong></span> 
     </span>
    </p>
   </div>
   <div class='ocr_carea' id='block_1_11' title="bbox 375 970 1967 1046">
    <p class='ocr_par' dir='ltr' id='par_1_11' title="bbox 375 970 1967 1046">
     <span class='ocr_line' id='line_1_11' title="bbox 375 970 1967 1046; baseline 0.003 -23"><span class='ocrx_word' id='word_1_68' title='bbox 375 971 604 1040; x_wconf 82' lang='lat' dir='ltr'><strong>pulvere</strong></span> <span class='ocrx_word' id='word_1_69' title='bbox 649 970 918 1025; x_wconf 91' lang='lat' dir='ltr'><strong>imbutum</strong></span> <span class='ocrx_word' id='word_1_70' title='bbox 950 972 1262 1034; x_wconf 83' lang='lat' dir='ltr'><strong>sanctitate.</strong></span> <span class='ocrx_word' id='word_1_71' title='bbox 1307 974 1400 1043; x_wconf 90' lang='lat' dir='ltr'><strong>qui</strong></span> <span class='ocrx_word' id='word_1_72' title='bbox 1458 974 1716 1029; x_wconf 88' lang='lat' dir='ltr'><strong>universo</strong></span> <span class='ocrx_word' id='word_1_73' title='bbox 1763 974 1967 1046; x_wconf 89' lang='lat' dir='ltr'><strong>populo</strong></span> 
     </span>
    </p>
   </div>
   <div class='ocr_carea' id='block_1_12' title="bbox 380 1061 1969 1137">
    <p class='ocr_par' dir='ltr' id='par_1_12' title="bbox 380 1061 1969 1137">
     <span class='ocr_line' id='line_1_12' title="bbox 380 1061 1969 1137; baseline 0.004 -23"><span class='ocrx_word' id='word_1_74' title='bbox 380 1061 753 1127; x_wconf 80' lang='lat' dir='ltr'><strong>distribnaris,</strong></span> <span class='ocrx_word' id='word_1_75' title='bbox 808 1063 1040 1137; x_wconf 88' lang='lat' dir='ltr'><strong>parique</strong></span> <span class='ocrx_word' id='word_1_76' title='bbox 1081 1080 1207 1117; x_wconf 91' lang='lat' dir='ltr'><strong>cum</strong></span> <span class='ocrx_word' id='word_1_77' title='bbox 1248 1073 1440 1119; x_wconf 89' lang='lat' dir='ltr'><strong>sancto</strong></span> <span class='ocrx_word' id='word_1_78' title='bbox 1484 1080 1715 1134; x_wconf 82' lang='lat' dir='ltr'><strong>corpore</strong></span> <span class='ocrx_word' id='word_1_79' title='bbox 1768 1066 1969 1121; x_wconf 83' lang='lat' dir='ltr'><strong>virtute</strong></span> 
     </span>
    </p>
   </div>
   <div class='ocr_carea' id='block_1_13' title="bbox 379 1154 1971 1229">
    <p class='ocr_par' dir='ltr' id='par_1_13' title="bbox 379 1154 1971 1229">
     <span class='ocr_line' id='line_1_13' title="bbox 379 1154 1971 1229; baseline 0.003 -21"><span class='ocrx_word' id='word_1_80' title='bbox 379 1155 623 1225; x_wconf 82' lang='lat' dir='ltr'><strong>polleas!</strong></span> <span class='ocrx_word' id='word_1_81' title='bbox 681 1154 724 1209; x_wconf 95' lang='grc'>0</span> <span class='ocrx_word' id='word_1_82' title='bbox 783 1156 996 1227; x_wconf 82' lang='lat' dir='ltr'><strong>pulvis,</strong></span> <span class='ocrx_word' id='word_1_83' title='bbox 1066 1165 1257 1211; x_wconf 90' lang='lat' dir='ltr'><strong>natura</strong></span> <span class='ocrx_word' id='word_1_84' title='bbox 1318 1157 1536 1229; x_wconf 87' lang='lat' dir='ltr'><strong>quidem</strong></span> <span class='ocrx_word' id='word_1_85' title='bbox 1590 1167 1863 1224; x_wconf 82' lang='lat' dir='ltr'><strong>terrenus,</strong></span> <span class='ocrx_word' id='word_1_86' title='bbox 1915 1166 1971 1215; x_wconf 87' lang='lat' dir='ltr'><strong>at</strong></span> 
     </span>
    </p>
   </div>
   <div class='ocr_carea' id='block_1_14' title="bbox 380 1247 1968 1318">
    <p class='ocr_par' dir='ltr' id='par_1_14' title="bbox 380 1247 1968 1318">
     <span class='ocr_line' id='line_1_14' title="bbox 380 1247 1968 1318; baseline 0.001 -17"><span class='ocrx_word' id='word_1_87' title='bbox 380 1247 620 1307; x_wconf 79' lang='lat' dir='ltr'><strong>caelestis</strong></span> <span class='ocrx_word' id='word_1_88' title='bbox 655 1247 854 1302; x_wconf 89' lang='lat' dir='ltr'><strong>virtute</strong></span> <span class='ocrx_word' id='word_1_89' title='bbox 903 1256 1065 1318; x_wconf 88' lang='lat' dir='ltr'><strong>atque</strong></span> <span class='ocrx_word' id='word_1_90' title='bbox 1112 1248 1394 1317; x_wconf 87' lang='lat' dir='ltr'><strong>potentia!</strong></span> <span class='ocrx_word' id='word_1_91' title='bbox 1450 1247 1632 1303; x_wconf 84' lang='lat' dir='ltr'><strong>Pulvis</strong></span> <span class='ocrx_word' id='word_1_92' title='bbox 1683 1250 1968 1313; x_wconf 82' lang='lat' dir='ltr'><strong>nimirum,</strong></span> 
     </span>
    </p>
   </div>
   <div class='ocr_carea' id='block_1_15' title="bbox 380 1341 1967 1413">
    <p class='ocr_par' dir='ltr' id='par_1_15' title="bbox 380 1341 1967 1413">
     <span class='ocr_line' id='line_1_15' title="bbox 380 1341 1967 1413; baseline 0 -18"><span class='ocrx_word' id='word_1_93' title='bbox 380 1356 618 1408; x_wconf 68' lang='lat' dir='ltr'><strong>manum,</strong></span> <span class='ocrx_word' id='word_1_94' title='bbox 672 1341 816 1411; x_wconf 91' lang='lat' dir='ltr'><strong>quod</strong></span> <span class='ocrx_word' id='word_1_95' title='bbox 850 1341 980 1397; x_wconf 89' lang='lat' dir='ltr'><strong>olim</strong></span> <span class='ocrx_word' id='word_1_96' title='bbox 1027 1356 1058 1396; x_wconf 90' lang='lat' dir='ltr'><strong>e</strong></span> <span class='ocrx_word' id='word_1_97' title='bbox 1101 1342 1240 1396; x_wconf 87' lang='lat' dir='ltr'><strong>coelo</strong></span> <span class='ocrx_word' id='word_1_98' title='bbox 1267 1342 1509 1413; x_wconf 86' lang='lat' dir='ltr'><strong>pluebat,</strong></span> <span class='ocrx_word' id='word_1_99' title='bbox 1541 1341 1715 1412; x_wconf 77' lang='lat' dir='ltr'><strong>gratia</strong></span> <span class='ocrx_word' id='word_1_100' title='bbox 1744 1357 1967 1399; x_wconf 85' lang='lat' dir='ltr'><strong>venera-</strong></span> 
     </span>
    </p>
   </div>
   <div class='ocr_carea' id='block_1_16' title="bbox 381 1435 1972 1511">
    <p class='ocr_par' dir='ltr' id='par_1_16' title="bbox 381 1435 1972 1511">
     <span class='ocr_line' id='line_1_16' title="bbox 381 1435 1972 1511; baseline -0.001 -22"><span class='ocrx_word' id='word_1_101' title='bbox 381 1436 578 1498; x_wconf 87' lang='lat' dir='ltr'><strong>bilior,</strong></span> <span class='ocrx_word' id='word_1_102' title='bbox 638 1435 1003 1493; x_wconf 81' lang='lat' dir='ltr'><strong>sanctimonia</strong></span> <span class='ocrx_word' id='word_1_103' title='bbox 1058 1435 1394 1508; x_wconf 72' lang='lat' dir='ltr'><strong>religiosior,</strong></span> <span class='ocrx_word' id='word_1_104' title='bbox 1454 1437 1653 1499; x_wconf 83' lang='lat' dir='ltr'><strong>virtute</strong></span> <span class='ocrx_word' id='word_1_105' title='bbox 1699 1435 1972 1511; x_wconf 89' lang='lat' dir='ltr'><strong>potentior</strong></span> 
     </span>
    </p>
   </div>
   <div class='ocr_carea' id='block_1_17' title="bbox 381 1526 1971 1601">
    <p class='ocr_par' dir='ltr' id='par_1_17' title="bbox 381 1526 1971 1601">
     <span class='ocr_line' id='line_1_17' title="bbox 381 1526 1971 1601; baseline 0.001 -18"><span class='ocrx_word' id='word_1_106' title='bbox 381 1529 778 1601; x_wconf 79' lang='lat' dir='ltr'><strong>eﬂicaciorque.</strong></span> <span class='ocrx_word' id='word_1_107' title='bbox 822 1526 957 1585; x_wconf 86' lang='lat' dir='ltr'><strong>Nam</strong></span> <span class='ocrx_word' id='word_1_108' title='bbox 990 1528 1137 1581; x_wconf 82' lang='lat' dir='ltr'><strong>illud‘</strong></span> <span class='ocrx_word' id='word_1_109' title='bbox 1162 1529 1382 1597; x_wconf 87' lang='lat' dir='ltr'><strong>quidem</strong></span> <span class='ocrx_word' id='word_1_110' title='bbox 1429 1528 1493 1582; x_wconf 89' lang='lat' dir='ltr'><strong>ad</strong></span> <span class='ocrx_word' id='word_1_111' title='bbox 1517 1529 1709 1585; x_wconf 84' lang='lat' dir='ltr'><strong>alenda</strong></span> <span class='ocrx_word' id='word_1_112' title='bbox 1740 1541 1971 1598; x_wconf 85' lang='lat' dir='ltr'><strong>corpora</strong></span> 
     </span>
    </p>
   </div>
   <div class='ocr_carea' id='block_1_18' title="bbox 380 1618 1972 1695">
    <p class='ocr_par' dir='ltr' id='par_1_18' title="bbox 380 1618 1972 1695">
     <span class='ocr_line' id='line_1_18' title="bbox 380 1618 1972 1695; baseline -0.001 -23"><span class='ocrx_word' id='word_1_113' title='bbox 380 1636 445 1674; x_wconf 89' lang='lat' dir='ltr'><strong>ac</strong></span> <span class='ocrx_word' id='word_1_114' title='bbox 475 1618 847 1677; x_wconf 77' lang='lat' dir='ltr'><strong>conservanda</strong></span> <span class='ocrx_word' id='word_1_115' title='bbox 877 1619 1018 1675; x_wconf 86' lang='lat' dir='ltr'><strong>coelo</strong></span> <span class='ocrx_word' id='word_1_116' title='bbox 1049 1619 1265 1695; x_wconf 89' lang='lat' dir='ltr'><strong>pluebat</strong></span> <span class='ocrx_word' id='word_1_117' title='bbox 1293 1636 1308 1686; x_wconf 87' lang='lat'><strong>;</strong></span> <span class='ocrx_word' id='word_1_118' title='bbox 1356 1620 1447 1674; x_wconf 83' lang='lat' dir='ltr'><strong>lric</strong></span> <span class='ocrx_word' id='word_1_119' title='bbox 1474 1636 1623 1685; x_wconf 89' lang='lat' dir='ltr'><strong>vero,</strong></span> <span class='ocrx_word' id='word_1_120' title='bbox 1660 1636 1767 1679; x_wconf 88' lang='lat' dir='ltr'><strong>non</strong></span> <span class='ocrx_word' id='word_1_121' title='bbox 1795 1618 1972 1674; x_wconf 92' lang='lat' dir='ltr'><strong>solum</strong></span> 
     </span>
    </p>
   </div>
   <div class='ocr_carea' id='block_1_19' title="bbox 380 1710 1973 1787">
    <p class='ocr_par' dir='ltr' id='par_1_19' title="bbox 380 1710 1973 1787">
     <span class='ocr_line' id='line_1_19' title="bbox 380 1710 1973 1787; baseline -0.001 -22"><span class='ocrx_word' id='word_1_122' title='bbox 380 1713 448 1766; x_wconf 90' lang='lat' dir='ltr'><strong>ad</strong></span> <span class='ocrx_word' id='word_1_123' title='bbox 505 1726 737 1787; x_wconf 90' lang='lat' dir='ltr'><strong>corpora</strong></span> <span class='ocrx_word' id='word_1_124' title='bbox 804 1711 868 1782; x_wconf 93' lang='lat' dir='ltr'><strong>(a</strong></span> <span class='ocrx_word' id='word_1_125' title='bbox 919 1710 1141 1785; x_wconf 80' lang='lat' dir='ltr'><strong>frigoris</strong></span> <span class='ocrx_word' id='word_1_126' title='bbox 1194 1712 1431 1769; x_wconf 81' lang='lat' dir='ltr'><strong>maxime</strong></span> <span class='ocrx_word' id='word_1_127' title='bbox 1488 1721 1766 1784; x_wconf 74' lang='lat' dir='ltr'><strong>aestusque</strong></span> <span class='ocrx_word' id='word_1_128' title='bbox 1812 1711 1973 1781; x_wconf 84' lang='lat' dir='ltr'><strong>tabe)</strong></span> 
     </span>
    </p>
   </div>
   <div class='ocr_carea' id='block_1_20' title="bbox 382 1802 1978 1865">
    <p class='ocr_par' dir='ltr' id='par_1_20' title="bbox 382 1802 1978 1865">
     <span class='ocr_line' id='line_1_20' title="bbox 382 1802 1978 1865; baseline -0.001 -6"><span class='ocrx_word' id='word_1_129' title='bbox 382 1805 649 1865; x_wconf 74' lang='lat' dir='ltr'><strong>curanda.</strong></span> <span class='ocrx_word' id='word_1_130' title='bbox 710 1820 900 1859; x_wconf 86' lang='lat' dir='ltr'><strong>verum</strong></span> <span class='ocrx_word' id='word_1_131' title='bbox 956 1805 1124 1859; x_wconf 89' lang='lat' dir='ltr'><strong>etiam</strong></span> <span class='ocrx_word' id='word_1_132' title='bbox 1189 1804 1253 1863; x_wconf 86' lang='lat' dir='ltr'><strong>ad</strong></span> <span class='ocrx_word' id='word_1_133' title='bbox 1315 1805 1690 1865; x_wconf 80' lang='lat' dir='ltr'><strong>abundantem</strong></span> <span class='ocrx_word' id='word_1_134' title='bbox 1773 1802 1978 1861; x_wconf 83' lang='lat' dir='ltr'><strong>animis</strong></span> 
     </span>
    </p>
   </div>
   <div class='ocr_carea' id='block_1_21' title="bbox 381 1893 1667 1964">
    <p class='ocr_par' dir='ltr' id='par_1_21' title="bbox 381 1893 1667 1964">
     <span class='ocr_line' id='line_1_21' title="bbox 381 1893 1667 1964; baseline 0.002 -16"><span class='ocrx_word' id='word_1_135' title='bbox 381 1896 697 1949; x_wconf 78' lang='lat' dir='ltr'><strong>ﬁrmitatem</strong></span> <span class='ocrx_word' id='word_1_136' title='bbox 730 1895 1095 1964; x_wconf 81' lang='lat' dir='ltr'><strong>praestandam</strong></span> <span class='ocrx_word' id='word_1_137' title='bbox 1123 1908 1188 1949; x_wconf 91' lang='lat' dir='ltr'><strong>ac</strong></span> <span class='ocrx_word' id='word_1_138' title='bbox 1218 1893 1667 1956; x_wconf 84' lang='lat' dir='ltr'><strong>illustrationem.</strong></span> 
     </span>
    </p>
   </div>
   <div class='ocr_carea' id='block_1_22' title="bbox 453 1984 1974 2059">
    <p class='ocr_par' dir='ltr' id='par_1_22' title="bbox 453 1984 1974 2059">
     <span class='ocr_line' id='line_1_22' title="bbox 453 1984 1974 2059; baseline 0.003 -22"><span class='ocrx_word' id='word_1_139' title='bbox 453 1985 544 2039; x_wconf 75' lang='lat'><strong>25.</strong></span> <span class='ocrx_word' id='word_1_140' title='bbox 587 1986 675 2050; x_wconf 76' lang='lat' dir='ltr'><strong>At,</strong></span> <span class='ocrx_word' id='word_1_141' title='bbox 733 2001 766 2041; x_wconf 94' lang='lat' dir='ltr'><strong>o</strong></span> <span class='ocrx_word' id='word_1_142' title='bbox 820 1991 1129 2055; x_wconf 81' lang='lat' dir='ltr'><strong>martyrum</strong></span> <span class='ocrx_word' id='word_1_143' title='bbox 1178 1984 1426 2037; x_wconf 90' lang='lat' dir='ltr'><strong>omnium</strong></span> <span class='ocrx_word' id='word_1_144' title='bbox 1475 1986 1643 2040; x_wconf 86' lang='lat' dir='ltr'><strong>decus</strong></span> <span class='ocrx_word' id='word_1_145' title='bbox 1687 1985 1974 2059; x_wconf 83' lang='lat' dir='ltr'><strong>inclytum,</strong></span> 
     </span>
    </p>
   </div>
   <div class='ocr_carea' id='block_1_23' title="bbox 384 2073 1977 2146">
    <p class='ocr_par' dir='ltr' id='par_1_23' title="bbox 384 2073 1977 2146">
     <span class='ocr_line' id='line_1_23' title="bbox 384 2073 1977 2146; baseline 0.002 -17"><span class='ocrx_word' id='word_1_146' title='bbox 384 2076 625 2129; x_wconf 78' lang='lat' dir='ltr'><strong>ﬁdelium</strong></span> <span class='ocrx_word' id='word_1_147' title='bbox 677 2074 935 2146; x_wconf 74' lang='lat' dir='ltr'><strong>gloriatio</strong></span> <span class='ocrx_word' id='word_1_148' title='bbox 979 2073 1346 2146; x_wconf 88' lang='lat' dir='ltr'><strong>contritioque</strong></span> <span class='ocrx_word' id='word_1_149' title='bbox 1371 2074 1711 2139; x_wconf 78' lang='lat' dir='ltr'><strong>infidelium!</strong></span> <span class='ocrx_word' id='word_1_150' title='bbox 1744 2077 1787 2139; x_wconf 91' lang='grc' dir='ltr'>Ο</span> <span class='ocrx_word' id='word_1_151' title='bbox 1815 2093 1977 2139; x_wconf 85' lang='lat' dir='ltr'><strong>vene-</strong></span> 
     </span>
    </p>
   </div>
   <div class='ocr_carea' id='block_1_24' title="bbox 383 2162 1974 2237">
    <p class='ocr_par' dir='ltr' id='par_1_24' title="bbox 383 2162 1974 2237">
     <span class='ocr_line' id='line_1_24' title="bbox 383 2162 1974 2237; baseline 0.001 -17"><span class='ocrx_word' id='word_1_152' title='bbox 383 2166 570 2220; x_wconf 82' lang='lat' dir='ltr'><strong>randae</strong></span> <span class='ocrx_word' id='word_1_153' title='bbox 601 2165 791 2234; x_wconf 84' lang='lat' dir='ltr'><strong>patriae</strong></span> <span class='ocrx_word' id='word_1_154' title='bbox 824 2163 965 2218; x_wconf 91' lang='lat' dir='ltr'><strong>bona</strong></span> <span class='ocrx_word' id='word_1_155' title='bbox 1007 2162 1194 2233; x_wconf 88' lang='lat' dir='ltr'><strong>stirps,</strong></span> <span class='ocrx_word' id='word_1_156' title='bbox 1263 2163 1373 2223; x_wconf 90' lang='lat' dir='ltr'><strong>imo</strong></span> <span class='ocrx_word' id='word_1_157' title='bbox 1404 2179 1533 2218; x_wconf 89' lang='lat' dir='ltr'><strong>vero</strong></span> <span class='ocrx_word' id='word_1_158' title='bbox 1564 2166 1731 2237; x_wconf 83' lang='lat' dir='ltr'><strong>stirps</strong></span> <span class='ocrx_word' id='word_1_159' title='bbox 1760 2174 1974 2231; x_wconf 89' lang='lat' dir='ltr'><strong>sancta,</strong></span> 
     </span>
    </p>
   </div>
   <div class='ocr_carea' id='block_1_25' title="bbox 385 2255 1973 2327">
    <p class='ocr_par' dir='ltr' id='par_1_25' title="bbox 385 2255 1973 2327">
     <span class='ocr_line' id='line_1_25' title="bbox 385 2255 1973 2327; baseline -0.003 -13"><span class='ocrx_word' id='word_1_160' title='bbox 385 2274 489 2314; x_wconf 88' lang='lat' dir='ltr'><strong>suo</strong></span> <span class='ocrx_word' id='word_1_161' title='bbox 520 2273 747 2313; x_wconf 88' lang='lat' dir='ltr'><strong>munere</strong></span> <span class='ocrx_word' id='word_1_162' title='bbox 781 2271 1005 2327; x_wconf 86' lang='lat' dir='ltr'><strong>pravam</strong></span> <span class='ocrx_word' id='word_1_163' title='bbox 1038 2256 1271 2327; x_wconf 89' lang='lat' dir='ltr'><strong>patriam</strong></span> <span class='ocrx_word' id='word_1_164' title='bbox 1316 2255 1369 2309; x_wconf 94' lang='lat' dir='ltr'><strong>in</strong></span> <span class='ocrx_word' id='word_1_165' title='bbox 1399 2256 1699 2310; x_wconf 82' lang='lat' dir='ltr'><strong>bonitatem</strong></span> <span class='ocrx_word' id='word_1_166' title='bbox 1735 2267 1973 2322; x_wconf 82' lang='lat' dir='ltr'><strong>vertens,</strong></span> 
     </span>
    </p>
   </div>
   <div class='ocr_carea' id='block_1_26' title="bbox 386 2347 1977 2427">
    <p class='ocr_par' dir='ltr' id='par_1_26' title="bbox 386 2347 1977 2427">
     <span class='ocr_line' id='line_1_26' title="bbox 386 2347 1977 2427; baseline -0.002 -21"><span class='ocrx_word' id='word_1_167' title='bbox 386 2353 773 2427; x_wconf 87' lang='lat' dir='ltr'><strong>impuramque</strong></span> <span class='ocrx_word' id='word_1_168' title='bbox 807 2359 1016 2409; x_wconf 86' lang='lat' dir='ltr'><strong>castam</strong></span> <span class='ocrx_word' id='word_1_169' title='bbox 1055 2347 1290 2409; x_wconf 87' lang='lat' dir='ltr'><strong>reddens</strong></span> <span class='ocrx_word' id='word_1_170' title='bbox 1330 2364 1394 2404; x_wconf 90' lang='lat' dir='ltr'><strong>ac</strong></span> <span class='ocrx_word' id='word_1_171' title='bbox 1428 2359 1699 2417; x_wconf 88' lang='lat' dir='ltr'><strong>sanctam,</strong></span> <span class='ocrx_word' id='word_1_172' title='bbox 1744 2349 1977 2411; x_wconf 82' lang='lat' dir='ltr'><strong>inhono—</strong></span> 
     </span>
    </p>
   </div>
   <div class='ocr_carea' id='block_1_27' title="bbox 385 2436 2030 2515">
    <p class='ocr_par' dir='ltr' id='par_1_27' title="bbox 385 2436 2030 2515">
     <span class='ocr_line' id='line_1_27' title="bbox 385 2436 2030 2515; baseline -0.001 -18"><span class='ocrx_word' id='word_1_173' title='bbox 385 2458 613 2513; x_wconf 82' lang='lat' dir='ltr'><strong>raman</strong></span> <span class='ocrx_word' id='word_1_174' title='bbox 646 2443 964 2498; x_wconf 88' lang='lat' dir='ltr'><strong>honorans!</strong></span> <span class='ocrx_word' id='word_1_175' title='bbox 1001 2438 1181 2512; x_wconf 90' lang='lat' dir='ltr'><strong>Stirps</strong></span> <span class='ocrx_word' id='word_1_176' title='bbox 1216 2440 1455 2512; x_wconf 89' lang='lat' dir='ltr'><strong>pretiosa</strong></span> <span class='ocrx_word' id='word_1_177' title='bbox 1480 2441 1832 2515; x_wconf 84' lang='lat' dir='ltr'><strong>coelestisque</strong></span> <span class='ocrx_word' id='word_1_178' title='bbox 1873 2440 1977 2496; x_wconf 83' lang='lat' dir='ltr'><strong>Pa-</strong></span> <span class='ocrx_word' id='word_1_179' title='bbox 2026 2436 2030 2441; x_wconf 82' lang='grc'><em>’</em></span> 
     </span>
    </p>
   </div>
   <div class='ocr_carea' id='block_1_28' title="bbox 390 2533 1973 2609">
    <p class='ocr_par' dir='ltr' id='par_1_28' title="bbox 390 2533 1973 2609">
     <span class='ocr_line' id='line_1_28' title="bbox 390 2533 1973 2609; baseline -0.001 -21"><span class='ocrx_word' id='word_1_180' title='bbox 390 2536 493 2589; x_wconf 85' lang='lat' dir='ltr'><strong>tris</strong></span> <span class='ocrx_word' id='word_1_181' title='bbox 546 2535 623 2589; x_wconf 84' lang='lat' dir='ltr'><strong>tui</strong></span> <span class='ocrx_word' id='word_1_182' title='bbox 676 2550 806 2595; x_wconf 85' lang='lat' dir='ltr'><strong>vere</strong></span> <span class='ocrx_word' id='word_1_183' title='bbox 847 2534 1188 2604; x_wconf 87' lang='lat' dir='ltr'><strong>plantatione</strong></span> <span class='ocrx_word' id='word_1_184' title='bbox 1218 2533 1403 2609; x_wconf 84' lang='lat' dir='ltr'><strong>digna,</strong></span> <span class='ocrx_word' id='word_1_185' title='bbox 1443 2534 1598 2603; x_wconf 87' lang='lat' dir='ltr'><strong>quasi</strong></span> <span class='ocrx_word' id='word_1_186' title='bbox 1632 2533 1831 2604; x_wconf 88' lang='lat' dir='ltr'><strong>palma,</strong></span> <span class='ocrx_word' id='word_1_187' title='bbox 1859 2533 1973 2604; x_wconf 76' lang='lat' dir='ltr'><strong>jugi</strong></span> 
     </span>
    </p>
   </div>
   <div class='ocr_carea' id='block_1_29' title="bbox 383 2624 1977 2701">
    <p class='ocr_par' dir='ltr' id='par_1_29' title="bbox 383 2624 1977 2701">
     <span class='ocr_line' id='line_1_29' title="bbox 383 2624 1977 2701; baseline -0.001 -21"><span class='ocrx_word' id='word_1_188' title='bbox 383 2627 651 2682; x_wconf 89' lang='lat' dir='ltr'><strong>virtutum</strong></span> <span class='ocrx_word' id='word_1_189' title='bbox 704 2624 840 2689; x_wconf 79' lang='lat' dir='ltr'><strong>ﬂore</strong></span> <span class='ocrx_word' id='word_1_190' title='bbox 902 2640 1159 2688; x_wconf 89' lang='lat' dir='ltr'><strong>vernans,</strong></span> <span class='ocrx_word' id='word_1_191' title='bbox 1224 2639 1289 2679; x_wconf 90' lang='lat' dir='ltr'><strong>ac</strong></span> <span class='ocrx_word' id='word_1_192' title='bbox 1347 2624 1507 2701; x_wconf 91' lang='lat' dir='ltr'><strong>quasi</strong></span> <span class='ocrx_word' id='word_1_193' title='bbox 1567 2624 1764 2679; x_wconf 83' lang='lat' dir='ltr'><strong>cedrus</strong></span> <span class='ocrx_word' id='word_1_194' title='bbox 1819 2638 1977 2679; x_wconf 85' lang='lat' dir='ltr'><strong>secus</strong></span> 
     </span>
    </p>
   </div>
   <div class='ocr_carea' id='block_1_30' title="bbox 385 2712 1972 2787">
    <p class='ocr_par' dir='ltr' id='par_1_30' title="bbox 385 2712 1972 2787">
     <span class='ocr_line' id='line_1_30' title="bbox 385 2712 1972 2787; baseline -0.002 -16"><span class='ocrx_word' id='word_1_195' title='bbox 385 2733 593 2787; x_wconf 86' lang='lat' dir='ltr'><strong>aquas,</strong></span> <span class='ocrx_word' id='word_1_196' title='bbox 653 2716 882 2777; x_wconf 80' lang='lat' dir='ltr'><strong>inﬁnitis</strong></span> <span class='ocrx_word' id='word_1_197' title='bbox 941 2717 1241 2771; x_wconf 83' lang='lat' dir='ltr'><strong>sanitatum</strong></span> <span class='ocrx_word' id='word_1_198' title='bbox 1304 2712 1574 2771; x_wconf 73' lang='lat' dir='ltr'><strong>fructibus</strong></span> <span class='ocrx_word' id='word_1_199' title='bbox 1619 2715 1972 2771; x_wconf 82' lang='lat' dir='ltr'><strong>exuberans!</strong></span> 
     </span>
    </p>
   </div>
   <div class='ocr_carea' id='block_1_31' title="bbox 384 2806 1978 2885">
    <p class='ocr_par' dir='ltr' id='par_1_31' title="bbox 384 2806 1978 2885">
     <span class='ocr_line' id='line_1_31' title="bbox 384 2806 1978 2885; baseline -0.003 -21"><span class='ocrx_word' id='word_1_200' title='bbox 384 2807 432 2864; x_wconf 84' lang='grc' dir='ltr'>Ο</span> <span class='ocrx_word' id='word_1_201' title='bbox 481 2809 620 2879; x_wconf 81' lang='lat' dir='ltr'><strong>lapis</strong></span> <span class='ocrx_word' id='word_1_202' title='bbox 670 2809 909 2885; x_wconf 75' lang='lat' dir='ltr'><strong>pretiose</strong></span> <span class='ocrx_word' id='word_1_203' title='bbox 965 2822 1202 2878; x_wconf 84' lang='lat' dir='ltr'><strong>vereque</strong></span> <span class='ocrx_word' id='word_1_204' title='bbox 1251 2821 1471 2865; x_wconf 87' lang='lat' dir='ltr'><strong>summo</strong></span> <span class='ocrx_word' id='word_1_205' title='bbox 1522 2806 1769 2877; x_wconf 84' lang='lat' dir='ltr'><strong>angulari</strong></span> <span class='ocrx_word' id='word_1_206' title='bbox 1817 2807 1978 2877; x_wconf 85' lang='lat' dir='ltr'><strong>digne</strong></span> 
     </span>
    </p>
   </div>
   <div class='ocr_carea' id='block_1_32' title="bbox 385 2897 1978 2979">
    <p class='ocr_par' dir='ltr' id='par_1_32' title="bbox 385 2897 1978 2979">
     <span class='ocr_line' id='line_1_32' title="bbox 385 2897 1978 2979; baseline -0.003 -24"><span class='ocrx_word' id='word_1_207' title='bbox 385 2900 600 2979; x_wconf 78' lang='lat' dir='ltr'><strong>lapide!</strong></span> <span class='ocrx_word' id='word_1_208' title='bbox 652 2899 834 2969; x_wconf 79' lang='lat' dir='ltr'><strong>Lapis,</strong></span> <span class='ocrx_word' id='word_1_209' title='bbox 893 2900 982 2954; x_wconf 88' lang='lat' dir='ltr'><strong>cui</strong></span> <span class='ocrx_word' id='word_1_210' title='bbox 1044 2914 1241 2954; x_wconf 88' lang='lat' dir='ltr'><strong>nomen</strong></span> <span class='ocrx_word' id='word_1_211' title='bbox 1294 2914 1419 2953; x_wconf 91' lang='lat' dir='ltr'><strong>cum</strong></span> <span class='ocrx_word' id='word_1_212' title='bbox 1474 2897 1780 2970; x_wconf 83' lang='lat' dir='ltr'><strong>Hyacinthe</strong></span> <span class='ocrx_word' id='word_1_213' title='bbox 1828 2912 1978 2952; x_wconf 90' lang='lat' dir='ltr'><strong>com-</strong></span> 
     </span>
    </p>
   </div>
   <div class='ocr_carea' id='block_1_33' title="bbox 386 2988 1974 3062">
    <p class='ocr_par' dir='ltr' id='par_1_33' title="bbox 386 2988 1974 3062">
     <span class='ocr_line' id='line_1_33' title="bbox 386 2988 1974 3062; baseline -0.003 -16"><span class='ocrx_word' id='word_1_214' title='bbox 386 3007 557 3049; x_wconf 83' lang='lat' dir='ltr'><strong>mune</strong></span> <span class='ocrx_word' id='word_1_215' title='bbox 586 2992 735 3062; x_wconf 66' lang='lat' dir='ltr'><strong>(H);</strong></span> <span class='ocrx_word' id='word_1_216' title='bbox 772 2991 886 3056; x_wconf 87' lang='lat' dir='ltr'><strong>illo,</strong></span> <span class='ocrx_word' id='word_1_217' title='bbox 923 2991 1172 3060; x_wconf 92' lang='lat' dir='ltr'><strong>inquam,</strong></span> <span class='ocrx_word' id='word_1_218' title='bbox 1210 2988 1538 3061; x_wconf 81' lang='lat' dir='ltr'><strong>Hyaciutlio,</strong></span> <span class='ocrx_word' id='word_1_219' title='bbox 1576 2990 1670 3061; x_wconf 91' lang='lat' dir='ltr'><strong>qui</strong></span> <span class='ocrx_word' id='word_1_220' title='bbox 1721 2988 1974 3044; x_wconf 82' lang='lat' dir='ltr'><strong>undecim</strong></span> 
     </span>
    </p>
   </div>
   <div class='ocr_carea' id='block_1_34' title="bbox 388 3080 1980 3159">
    <p class='ocr_par' dir='ltr' id='par_1_34' title="bbox 388 3080 1980 3159">
     <span class='ocr_line' id='line_1_34' title="bbox 388 3080 1980 3159; baseline -0.003 -21"><span class='ocrx_word' id='word_1_221' title='bbox 388 3083 643 3155; x_wconf 87' lang='lat' dir='ltr'><strong>pretiosis</strong></span> <span class='ocrx_word' id='word_1_222' title='bbox 694 3082 990 3159; x_wconf 81' lang='lat' dir='ltr'><strong>lapidibus,</strong></span> <span class='ocrx_word' id='word_1_223' title='bbox 1038 3082 1297 3153; x_wconf 89' lang='lat' dir='ltr'><strong>utrinque</strong></span> <span class='ocrx_word' id='word_1_224' title='bbox 1325 3080 1520 3137; x_wconf 89' lang='lat' dir='ltr'><strong>ordine</strong></span> <span class='ocrx_word' id='word_1_225' title='bbox 1575 3081 1821 3153; x_wconf 79' lang='lat' dir='ltr'><strong>digestis,</strong></span> <span class='ocrx_word' id='word_1_226' title='bbox 1881 3095 1980 3134; x_wconf 86' lang='lat' dir='ltr'><strong>an-</strong></span> 
     </span>
    </p>
   </div>
   <div class='ocr_carea' id='block_1_35' title="bbox 390 3174 1976 3245">
    <p class='ocr_par' dir='ltr' id='par_1_35' title="bbox 390 3174 1976 3245">
     <span class='ocr_line' id='line_1_35' title="bbox 390 3174 1976 3245; baseline -0.003 -15"><span class='ocrx_word' id='word_1_227' title='bbox 390 3191 588 3239; x_wconf 84' lang='lat' dir='ltr'><strong>nexus,</strong></span> <span class='ocrx_word' id='word_1_228' title='bbox 622 3175 827 3230; x_wconf 83' lang='lat' dir='ltr'><strong>sumrni</strong></span> <span class='ocrx_word' id='word_1_229' title='bbox 855 3174 1132 3245; x_wconf 77' lang='lat' dir='ltr'><strong>pontiﬁcis</strong></span> <span class='ocrx_word' id='word_1_230' title='bbox 1169 3174 1436 3235; x_wconf 83' lang='lat' dir='ltr'><strong>rationale</strong></span> <span class='ocrx_word' id='word_1_231' title='bbox 1465 3174 1661 3244; x_wconf 80' lang='lat' dir='ltr'><strong>iudicii</strong></span> <span class='ocrx_word' id='word_1_232' title='bbox 1685 3189 1789 3229; x_wconf 90' lang='lat' dir='ltr'><strong>una</strong></span> <span class='ocrx_word' id='word_1_233' title='bbox 1821 3188 1976 3235; x_wconf 87' lang='lat' dir='ltr'><strong>com-</strong></span> 
     </span>
    </p>
   </div>
   <div class='ocr_carea' id='block_1_36' title="bbox 388 3250 2053 3339">
    <p class='ocr_par' dir='ltr' id='par_1_36' title="bbox 388 3250 2053 3339">
     <span class='ocr_line' id='line_1_36' title="bbox 388 3250 2053 3339; baseline -0.004 -18"><span class='ocrx_word' id='word_1_234' title='bbox 388 3267 580 3338; x_wconf 79' lang='lat' dir='ltr'><strong>ponit!</strong></span> <span class='ocrx_word' id='word_1_235' title='bbox 619 3265 782 3335; x_wconf 84' lang='lat' dir='ltr'><strong>Lapis</strong></span> <span class='ocrx_word' id='word_1_236' title='bbox 815 3274 1027 3331; x_wconf 87' lang='lat' dir='ltr'><strong>sancte,</strong></span> <span class='ocrx_word' id='word_1_237' title='bbox 1048 3264 1139 3339; x_wconf 87' lang='lat' dir='ltr'><strong>qui</strong></span> <span class='ocrx_word' id='word_1_238' title='bbox 1164 3265 1321 3335; x_wconf 79' lang='lat' dir='ltr'><strong>juxta</strong></span> <span class='ocrx_word' id='word_1_239' title='bbox 1355 3264 1549 3319; x_wconf 87' lang='lat' dir='ltr'><strong>Isaiam</strong></span> <span class='ocrx_word' id='word_1_240' title='bbox 1586 3279 1748 3335; x_wconf 87' lang='lat' dir='ltr'><strong>super</strong></span> <span class='ocrx_word' id='word_1_241' title='bbox 1778 3271 1977 3318; x_wconf 87' lang='lat' dir='ltr'><strong>terram</strong></span> <span class='ocrx_word' id='word_1_242' title='bbox 2010 3250 2053 3307; x_wconf 72' lang='grc' dir='ltr'>Ο</span> 
     </span>
    </p>
   </div>
   <div class='ocr_carea' id='block_1_37' title="bbox 389 3353 1982 3423">
    <p class='ocr_par' dir='ltr' id='par_1_37' title="bbox 389 3353 1982 3423">
     <span class='ocr_line' id='line_1_37' title="bbox 389 3353 1982 3423; baseline 0 -11"><span class='ocrx_word' id='word_1_243' title='bbox 389 3358 650 3423; x_wconf 86' lang='lat' dir='ltr'><strong>volvaris,</strong></span> <span class='ocrx_word' id='word_1_244' title='bbox 677 3356 1006 3415; x_wconf 79' lang='lat' dir='ltr'><strong>Amastridis</strong></span> <span class='ocrx_word' id='word_1_245' title='bbox 1032 3370 1225 3410; x_wconf 89' lang='lat' dir='ltr'><strong>murus</strong></span> <span class='ocrx_word' id='word_1_246' title='bbox 1271 3356 1584 3423; x_wconf 85' lang='lat' dir='ltr'><strong>vallumque</strong></span> <span class='ocrx_word' id='word_1_247' title='bbox 1612 3372 1626 3423; x_wconf 89' lang='lat'><strong>;</strong></span> <span class='ocrx_word' id='word_1_248' title='bbox 1663 3355 1777 3409; x_wconf 88' lang='lat' dir='ltr'><strong>sive</strong></span> <span class='ocrx_word' id='word_1_249' title='bbox 1802 3353 1982 3423; x_wconf 81' lang='lat' dir='ltr'><strong>potius</strong></span> 
     </span>
    </p>
   </div>
   <div class='ocr_carea' id='block_1_38' title="bbox 391 3444 1983 3519">
    <p class='ocr_par' dir='ltr' id='par_1_38' title="bbox 391 3444 1983 3519">
     <span class='ocr_line' id='line_1_38' title="bbox 391 3444 1983 3519; baseline -0.003 -14"><span class='ocrx_word' id='word_1_250' title='bbox 391 3451 562 3505; x_wconf 89' lang='lat' dir='ltr'><strong>turris</strong></span> <span class='ocrx_word' id='word_1_251' title='bbox 592 3462 928 3519; x_wconf 86' lang='lat' dir='ltr'><strong>coronaque,</strong></span> <span class='ocrx_word' id='word_1_252' title='bbox 957 3462 1151 3501; x_wconf 84' lang='lat' dir='ltr'><strong>omnes</strong></span> <span class='ocrx_word' id='word_1_253' title='bbox 1184 3447 1422 3501; x_wconf 82' lang='lat' dir='ltr'><strong>hostium</strong></span> <span class='ocrx_word' id='word_1_254' title='bbox 1447 3445 1728 3516; x_wconf 88' lang='lat' dir='ltr'><strong>capiendis</strong></span> <span class='ocrx_word' id='word_1_255' title='bbox 1755 3444 1983 3500; x_wconf 90' lang='lat' dir='ltr'><strong>urbibus</strong></span> 
     </span>
    </p>
   </div>
   <div class='ocr_carea' id='block_1_39' title="bbox 395 3537 1982 3609">
    <p class='ocr_par' dir='ltr' id='par_1_39' title="bbox 395 3537 1982 3609">
     <span class='ocr_line' id='line_1_39' title="bbox 395 3537 1982 3609; baseline -0.004 -14"><span class='ocrx_word' id='word_1_256' title='bbox 395 3540 703 3603; x_wconf 84' lang='lat' dir='ltr'><strong>machinas,</strong></span> <span class='ocrx_word' id='word_1_257' title='bbox 733 3539 954 3603; x_wconf 81' lang='lat' dir='ltr'><strong>arietes,</strong></span> <span class='ocrx_word' id='word_1_258' title='bbox 989 3537 1319 3609; x_wconf 85' lang='lat' dir='ltr'><strong>catapultas,</strong></span> <span class='ocrx_word' id='word_1_259' title='bbox 1351 3537 1577 3592; x_wconf 87' lang='lat' dir='ltr'><strong>balislas</strong></span> <span class='ocrx_word' id='word_1_260' title='bbox 1609 3537 1825 3606; x_wconf 87' lang='lat' dir='ltr'><strong>aliaque</strong></span> <span class='ocrx_word' id='word_1_261' title='bbox 1853 3550 1982 3609; x_wconf 81' lang='lat' dir='ltr'><strong>pro-</strong></span> 
     </span>
    </p>
   </div>
   <div class='ocr_carea' id='block_1_40' title="bbox 391 3630 1983 3703">
    <p class='ocr_par' dir='ltr' id='par_1_40' title="bbox 391 3630 1983 3703">
     <span class='ocr_line' id='line_1_40' title="bbox 391 3630 1983 3703; baseline -0.003 -18"><span class='ocrx_word' id='word_1_262' title='bbox 391 3631 642 3701; x_wconf 86' lang='lat' dir='ltr'><strong>pellens!</strong></span> <span class='ocrx_word' id='word_1_263' title='bbox 676 3631 1089 3703; x_wconf 78' lang='lat' dir='ltr'><strong>Paphlagonum</strong></span> <span class='ocrx_word' id='word_1_264' title='bbox 1132 3632 1240 3693; x_wconf 76' lang='lat' dir='ltr'><strong>alta</strong></span> <span class='ocrx_word' id='word_1_265' title='bbox 1278 3631 1589 3687; x_wconf 87' lang='lat' dir='ltr'><strong>sublimitas</strong></span> <span class='ocrx_word' id='word_1_266' title='bbox 1633 3630 1983 3699; x_wconf 78' lang='lat' dir='ltr'><strong>eximiusque</strong></span> 
     </span>
    </p>
   </div>
   <div class='ocr_carea' id='block_1_41' title="bbox 392 3719 1980 3796">
    <p class='ocr_par' dir='ltr' id='par_1_41' title="bbox 392 3719 1980 3796">
     <span class='ocr_line' id='line_1_41' title="bbox 392 3719 1980 3796; baseline -0.004 -17"><span class='ocrx_word' id='word_1_267' title='bbox 392 3725 580 3788; x_wconf 88' lang='lat' dir='ltr'><strong>decor.</strong></span> <span class='ocrx_word' id='word_1_268' title='bbox 618 3725 833 3796; x_wconf 88' lang='lat' dir='ltr'><strong>imperii</strong></span> <span class='ocrx_word' id='word_1_269' title='bbox 863 3740 1087 3792; x_wconf 88' lang='lat' dir='ltr'><strong>corona,</strong></span> <span class='ocrx_word' id='word_1_270' title='bbox 1128 3723 1419 3779; x_wconf 72' lang='lat' dir='ltr'><strong>sacerrlctii</strong></span> <span class='ocrx_word' id='word_1_271' title='bbox 1453 3723 1573 3779; x_wconf 92' lang='lat' dir='ltr'><strong>laus</strong></span> <span class='ocrx_word' id='word_1_272' title='bbox 1600 3737 1665 3777; x_wconf 89' lang='lat' dir='ltr'><strong>ac</strong></span> <span class='ocrx_word' id='word_1_273' title='bbox 1705 3719 1980 3792; x_wconf 69' lang='lat' dir='ltr'><strong>gloriatio,</strong></span> 
     </span>
    </p>
   </div>
   <div class='ocr_carea' id='block_1_42' title="bbox 394 3813 1983 3889">
    <p class='ocr_par' dir='ltr' id='par_1_42' title="bbox 394 3813 1983 3889">
     <span class='ocr_line' id='line_1_42' title="bbox 394 3813 1983 3889; baseline -0.002 -20"><span class='ocrx_word' id='word_1_274' title='bbox 394 3824 734 3882; x_wconf 89' lang='lat' dir='ltr'><strong>nostrorum,</strong></span> <span class='ocrx_word' id='word_1_275' title='bbox 768 3832 977 3888; x_wconf 81' lang='lat' dir='ltr'><strong>quaeso,</strong></span> <span class='ocrx_word' id='word_1_276' title='bbox 1040 3818 1203 3873; x_wconf 86' lang='lat' dir='ltr'><strong>etiam</strong></span> <span class='ocrx_word' id='word_1_277' title='bbox 1257 3816 1538 3889; x_wconf 89' lang='lat' dir='ltr'><strong>suscipere</strong></span> <span class='ocrx_word' id='word_1_278' title='bbox 1587 3813 1828 3885; x_wconf 78' lang='lat' dir='ltr'><strong>digneris</strong></span> <span class='ocrx_word' id='word_1_279' title='bbox 1867 3828 1983 3875; x_wconf 76' lang='lat' dir='ltr'><strong>scr-</strong></span> 
     </span>
    </p>
   </div>
   <div class='ocr_carea' id='block_1_43' title="bbox 394 3906 1982 3987">
    <p class='ocr_par' dir='ltr' id='par_1_43' title="bbox 394 3906 1982 3987">
     <span class='ocr_line' id='line_1_43' title="bbox 394 3906 1982 3987; baseline -0.001 -26"><span class='ocrx_word' id='word_1_280' title='bbox 394 3922 618 3961; x_wconf 90' lang='lat' dir='ltr'><strong>monum</strong></span> <span class='ocrx_word' id='word_1_281' title='bbox 654 3908 963 3987; x_wconf 86' lang='lat' dir='ltr'><strong>primitias;</strong></span> <span class='ocrx_word' id='word_1_282' title='bbox 1016 3923 1078 3964; x_wconf 92' lang='lat' dir='ltr'><strong>ac</strong></span> <span class='ocrx_word' id='word_1_283' title='bbox 1106 3908 1185 3962; x_wconf 81' lang='lat' dir='ltr'><strong>vel</strong></span> <span class='ocrx_word' id='word_1_284' title='bbox 1221 3907 1265 3964; x_wconf 90' lang='lat' dir='ltr'><strong>si</strong></span> <span class='ocrx_word' id='word_1_285' title='bbox 1311 3906 1449 3963; x_wconf 85' lang='lat' dir='ltr'><strong>nihil</strong></span> <span class='ocrx_word' id='word_1_286' title='bbox 1481 3915 1574 3961; x_wconf 92' lang='lat' dir='ltr'><strong>tua</strong></span> <span class='ocrx_word' id='word_1_287' title='bbox 1608 3907 1832 3977; x_wconf 79' lang='lat' dir='ltr'><strong>dignum</strong></span> <span class='ocrx_word' id='word_1_288' title='bbox 1865 3920 1982 3960; x_wconf 87' lang='lat' dir='ltr'><strong>ma-</strong></span> 
     </span>
    </p>
   </div>
   <div class='ocr_carea' id='block_1_44' title="bbox 392 3997 1984 4073">
    <p class='ocr_par' dir='ltr' id='par_1_44' title="bbox 392 3997 1984 4073">
     <span class='ocr_line' id='line_1_44' title="bbox 392 3997 1984 4073; baseline -0.001 -20"><span class='ocrx_word' id='word_1_289' title='bbox 392 3997 705 4070; x_wconf 74' lang='lat' dir='ltr'><strong>gniﬁcentia</strong></span> <span class='ocrx_word' id='word_1_290' title='bbox 763 4000 1078 4071; x_wconf 83' lang='lat' dir='ltr'><strong>exhibeant,</strong></span> <span class='ocrx_word' id='word_1_291' title='bbox 1127 4015 1354 4073; x_wconf 88' lang='lat' dir='ltr'><strong>prorsus</strong></span> <span class='ocrx_word' id='word_1_292' title='bbox 1402 4007 1583 4054; x_wconf 88' lang='lat' dir='ltr'><strong>tamen</strong></span> <span class='ocrx_word' id='word_1_293' title='bbox 1642 3998 1739 4053; x_wconf 89' lang='lat' dir='ltr'><strong>tibi</strong></span> <span class='ocrx_word' id='word_1_294' title='bbox 1776 3998 1984 4052; x_wconf 84' lang='lat' dir='ltr'><strong>charis-</strong></span> 
     </span>
    </p>
   </div>
   <div class='ocr_carea' id='block_1_45' title="bbox 394 4087 1982 4159">
    <p class='ocr_par' dir='ltr' id='par_1_45' title="bbox 394 4087 1982 4159">
     <span class='ocr_line' id='line_1_45' title="bbox 394 4087 1982 4159; baseline -0.001 -15"><span class='ocrx_word' id='word_1_295' title='bbox 394 4088 587 4155; x_wconf 84' lang='lat' dir='ltr'><strong>simas,</strong></span> <span class='ocrx_word' id='word_1_296' title='bbox 617 4088 764 4159; x_wconf 89' lang='lat' dir='ltr'><strong>quod</strong></span> <span class='ocrx_word' id='word_1_297' title='bbox 791 4105 821 4144; x_wconf 90' lang='lat' dir='ltr'><strong>e</strong></span> <span class='ocrx_word' id='word_1_298' title='bbox 849 4089 1053 4145; x_wconf 86' lang='lat' dir='ltr'><strong>vicinio</strong></span> <span class='ocrx_word' id='word_1_299' title='bbox 1076 4088 1286 4145; x_wconf 78' lang='lat' dir='ltr'><strong>fructus</strong></span> <span class='ocrx_word' id='word_1_300' title='bbox 1317 4090 1610 4144; x_wconf 77' lang='lat' dir='ltr'><strong>exsistant.</strong></span> <span class='ocrx_word' id='word_1_301' title='bbox 1636 4087 1715 4142; x_wconf 82' lang='lat' dir='ltr'><strong>Ac</strong></span> <span class='ocrx_word' id='word_1_302' title='bbox 1753 4087 1982 4155; x_wconf 84' lang='lat' dir='ltr'><strong>reliquis</strong></span> 
     </span>
    </p>
   </div>
   <div class='ocr_carea' id='block_1_46' title="bbox 393 4177 1982 4252">
    <p class='ocr_par' dir='ltr' id='par_1_46' title="bbox 393 4177 1982 4252">
     <span class='ocr_line' id='line_1_46' title="bbox 393 4177 1982 4252; baseline -0.003 -18"><span class='ocrx_word' id='word_1_303' title='bbox 393 4180 634 4250; x_wconf 88' lang='lat' dir='ltr'><strong>quidem,</strong></span> <span class='ocrx_word' id='word_1_304' title='bbox 672 4196 794 4252; x_wconf 60' lang='lat' dir='ltr'><strong>qua;</strong></span> <span class='ocrx_word' id='word_1_305' title='bbox 844 4180 949 4236; x_wconf 87' lang='lat' dir='ltr'><strong>illis</strong></span> <span class='ocrx_word' id='word_1_306' title='bbox 997 4182 1148 4252; x_wconf 91' lang='lat' dir='ltr'><strong>prius</strong></span> <span class='ocrx_word' id='word_1_307' title='bbox 1187 4196 1218 4235; x_wconf 89' lang='lat' dir='ltr'><strong>a</strong></span> <span class='ocrx_word' id='word_1_308' title='bbox 1268 4195 1487 4236; x_wconf 88' lang='lat' dir='ltr'><strong>summo</strong></span> <span class='ocrx_word' id='word_1_309' title='bbox 1532 4179 1777 4234; x_wconf 88' lang='lat' dir='ltr'><strong>omnium</strong></span> <span class='ocrx_word' id='word_1_310' title='bbox 1835 4177 1982 4249; x_wconf 80' lang='lat' dir='ltr'><strong>Rege</strong></span> 
     </span>
    </p>
   </div>
   <div class='ocr_carea' id='block_1_47' title="bbox 394 4269 1983 4345">
    <p class='ocr_par' dir='ltr' id='par_1_47' title="bbox 394 4269 1983 4345">
     <span class='ocr_line' id='line_1_47' title="bbox 394 4269 1983 4345; baseline -0.001 -20"><span class='ocrx_word' id='word_1_311' title='bbox 394 4282 653 4345; x_wconf 87' lang='lat' dir='ltr'><strong>precatus</strong></span> <span class='ocrx_word' id='word_1_312' title='bbox 685 4289 768 4339; x_wconf 89' lang='lat' dir='ltr'><strong>es,</strong></span> <span class='ocrx_word' id='word_1_313' title='bbox 797 4283 1053 4344; x_wconf 61' lang='lat' dir='ltr'><strong>praestare</strong></span> <span class='ocrx_word' id='word_1_314' title='bbox 1114 4274 1230 4343; x_wconf 75' lang='lat' dir='ltr'><strong>ipse</strong></span> <span class='ocrx_word' id='word_1_315' title='bbox 1290 4287 1356 4327; x_wconf 90' lang='lat' dir='ltr'><strong>ne</strong></span> <span class='ocrx_word' id='word_1_316' title='bbox 1399 4270 1723 4337; x_wconf 84' lang='lat' dir='ltr'><strong>cessaveris,</strong></span> <span class='ocrx_word' id='word_1_317' title='bbox 1784 4269 1983 4338; x_wconf 87' lang='lat' dir='ltr'><strong>quippe</strong></span> 
     </span>
    </p>
   </div>
   <div class='ocr_carea' id='block_1_48' title="bbox 393 4360 1978 4435">
    <p class='ocr_par' dir='ltr' id='par_1_48' title="bbox 393 4360 1978 4435">
     <span class='ocr_line' id='line_1_48' title="bbox 393 4360 1978 4435; baseline -0.005 -15"><span class='ocrx_word' id='word_1_318' title='bbox 393 4363 482 4420; x_wconf 88' lang='lat' dir='ltr'><strong>cui</strong></span> <span class='ocrx_word' id='word_1_319' title='bbox 540 4362 774 4419; x_wconf 80' lang='lat' dir='ltr'><strong>facultas</strong></span> <span class='ocrx_word' id='word_1_320' title='bbox 835 4379 949 4419; x_wconf 84' lang='lat' dir='ltr'><strong>non</strong></span> <span class='ocrx_word' id='word_1_321' title='bbox 1007 4363 1169 4428; x_wconf 89' lang='lat' dir='ltr'><strong>desit,</strong></span> <span class='ocrx_word' id='word_1_322' title='bbox 1232 4379 1397 4435; x_wconf 87' lang='lat' dir='ltr'><strong>quam</strong></span> <span class='ocrx_word' id='word_1_323' title='bbox 1463 4361 1592 4418; x_wconf 90' lang='lat' dir='ltr'><strong>inde</strong></span> <span class='ocrx_word' id='word_1_324' title='bbox 1653 4360 1978 4431; x_wconf 86' lang='lat' dir='ltr'><strong>acceperis:</strong></span> 
     </span>
    </p>
   </div>
   <div class='ocr_carea' id='block_1_49' title="bbox 397 4453 1984 4535">
    <p class='ocr_par' dir='ltr' id='par_1_49' title="bbox 397 4453 1984 4535">
     <span class='ocr_line' id='line_1_49' title="bbox 397 4453 1984 4535; baseline 0 -28"><span class='ocrx_word' id='word_1_325' title='bbox 397 4456 593 4512; x_wconf 86' lang='lat' dir='ltr'><strong>vicinis</strong></span> <span class='ocrx_word' id='word_1_326' title='bbox 619 4466 799 4511; x_wconf 90' lang='lat' dir='ltr'><strong>autem</strong></span> <span class='ocrx_word' id='word_1_327' title='bbox 836 4467 1002 4535; x_wconf 87' lang='lat' dir='ltr'><strong>atque</strong></span> <span class='ocrx_word' id='word_1_328' title='bbox 1041 4456 1277 4521; x_wconf 90' lang='lat' dir='ltr'><strong>civibus,</strong></span> <span class='ocrx_word' id='word_1_329' title='bbox 1322 4456 1397 4509; x_wconf 92' lang='lat' dir='ltr'><strong>uti</strong></span> <span class='ocrx_word' id='word_1_330' title='bbox 1441 4456 1616 4528; x_wconf 83' lang='lat' dir='ltr'><strong>magis</strong></span> <span class='ocrx_word' id='word_1_331' title='bbox 1650 4455 1743 4509; x_wconf 90' lang='lat' dir='ltr'><strong>tibi</strong></span> <span class='ocrx_word' id='word_1_332' title='bbox 1788 4453 1892 4508; x_wconf 86' lang='lat' dir='ltr'><strong>ﬁde</strong></span> <span class='ocrx_word' id='word_1_333' title='bbox 1920 4468 1984 4507; x_wconf 90' lang='lat' dir='ltr'><strong>ac</strong></span> 
     </span>
    </p>
   </div>
   <div class='ocr_carea' id='block_1_50' title="bbox 2006 1887 2055 1949">
    <p class='ocr_par' dir='ltr' id='par_1_50' title="bbox 2006 1887 2055 1949">
     <span class='ocr_line' id='line_1_50' title="bbox 2006 1887 2055 1949; baseline 0 0"><span class='ocrx_word' id='word_1_334' title='bbox 2006 1887 2055 1949; x_wconf 89' lang='lat' dir='ltr'><strong>B</strong></span> 
     </span>
    </p>
   </div>
   <div class='ocr_carea' id='block_1_51' title="bbox 2069 797 3660 876">
    <p class='ocr_par' dir='ltr' id='par_1_51' title="bbox 2069 797 3660 876">
     <span class='ocr_line' id='line_1_51' title="bbox 2069 797 3660 876; baseline 0.009 -27"><span class='ocrx_word' id='word_1_335' title='bbox 2069 797 2440 867; x_wconf 76' lang='grc' dir='ltr'>καταθέσεως,</span> <span class='ocrx_word' id='word_1_336' title='bbox 2476 802 2570 857; x_wconf 74' lang='grc' dir='ltr'><strong>καὶ</strong></span> <span class='ocrx_word' id='word_1_337' title='bbox 2615 803 2754 871; x_wconf 80' lang='grc' dir='ltr'>πρὸς</span> <span class='ocrx_word' id='word_1_338' title='bbox 2805 802 2902 873; x_wconf 83' lang='grc' dir='ltr'>τὴν</span> <span class='ocrx_word' id='word_1_339' title='bbox 2935 803 3030 863; x_wconf 78' lang='grc' dir='ltr'>τοῦ</span> <span class='ocrx_word' id='word_1_340' title='bbox 3056 804 3186 859; x_wconf 84' lang='grc' dir='ltr'><strong>ναοῦ</strong></span> <span class='ocrx_word' id='word_1_341' title='bbox 3219 805 3503 876; x_wconf 81' lang='grc' dir='ltr'><strong>διεγείρων</strong></span> <span class='ocrx_word' id='word_1_342' title='bbox 3532 807 3660 870; x_wconf 70' lang='grc' dir='ltr'>τοὺς</span> 
     </span>
    </p>
   </div>
   <div class='ocr_carea' id='block_1_52' title="bbox 2071 889 3656 968">
    <p class='ocr_par' dir='ltr' id='par_1_52' title="bbox 2071 889 3656 968">
     <span class='ocr_line' id='line_1_52' title="bbox 2071 889 3656 968; baseline 0.008 -29"><span class='ocrx_word' id='word_1_343' title='bbox 2071 890 2295 952; x_wconf 70' lang='grc' dir='ltr'>πιστοὺς</span> <span class='ocrx_word' id='word_1_344' title='bbox 2329 889 2779 963; x_wconf 75' lang='grc' dir='ltr'>κατασκευήν.Ὦ</span> <span class='ocrx_word' id='word_1_345' title='bbox 2806 893 2935 967; x_wconf 81' lang='grc' dir='ltr'>χοῦς</span> <span class='ocrx_word' id='word_1_346' title='bbox 2955 895 3129 963; x_wconf 70' lang='grc' dir='ltr'>ἅγιος,</span> <span class='ocrx_word' id='word_1_347' title='bbox 3151 898 3209 951; x_wconf 77' lang='grc' dir='ltr'>ἐν</span> <span class='ocrx_word' id='word_1_348' title='bbox 3238 896 3317 968; x_wconf 83' lang='grc' dir='ltr'>τῷ</span> <span class='ocrx_word' id='word_1_349' title='bbox 3340 897 3435 951; x_wconf 84' lang='grc' dir='ltr'>τοῦ</span> <span class='ocrx_word' id='word_1_350' title='bbox 3472 896 3656 965; x_wconf 84' lang='grc' dir='ltr'>Ἀγίου</span> 
     </span>
    </p>
   </div>
   <div class='ocr_carea' id='block_1_53' title="bbox 2071 979 3655 1060">
    <p class='ocr_par' dir='ltr' id='par_1_53' title="bbox 2071 979 3655 1060">
     <span class='ocr_line' id='line_1_53' title="bbox 2071 979 3655 1060; baseline 0.008 -29"><span class='ocrx_word' id='word_1_351' title='bbox 2071 979 2436 1051; x_wconf 78' lang='grc' dir='ltr'>ἁγιαζόμενος</span> <span class='ocrx_word' id='word_1_352' title='bbox 2485 981 2589 1055; x_wconf 69' lang='grc' dir='ltr'><strong>χοῖ,</strong></span> <span class='ocrx_word' id='word_1_353' title='bbox 2641 985 2735 1043; x_wconf 66' lang='grc' dir='ltr'><strong>καὶ</strong></span> <span class='ocrx_word' id='word_1_354' title='bbox 2786 985 2949 1043; x_wconf 71' lang='grc' dir='ltr'>παντὶ</span> <span class='ocrx_word' id='word_1_355' title='bbox 2996 986 3074 1056; x_wconf 75' lang='grc' dir='ltr'>τῷ</span> <span class='ocrx_word' id='word_1_356' title='bbox 3112 987 3227 1060; x_wconf 82' lang='grc' dir='ltr'>λαῷ</span> <span class='ocrx_word' id='word_1_357' title='bbox 3259 988 3655 1058; x_wconf 71' lang='grc' dir='ltr'>διαδιδόμενος,</span> 
     </span>
    </p>
   </div>
   <div class='ocr_carea' id='block_1_54' title="bbox 2072 1073 3660 1151">
    <p class='ocr_par' dir='ltr' id='par_1_54' title="bbox 2072 1073 3660 1151">
     <span class='ocr_line' id='line_1_54' title="bbox 2072 1073 3660 1151; baseline 0.003 -21"><span class='ocrx_word' id='word_1_358' title='bbox 2072 1074 2164 1126; x_wconf 74' lang='grc' dir='ltr'><strong>καὶ</strong></span> <span class='ocrx_word' id='word_1_359' title='bbox 2194 1073 2271 1144; x_wconf 78' lang='grc' dir='ltr'>τῷ</span> <span class='ocrx_word' id='word_1_360' title='bbox 2312 1076 2451 1147; x_wconf 79' lang='grc' dir='ltr'>ἁγίῳ</span> <span class='ocrx_word' id='word_1_361' title='bbox 2479 1078 2568 1133; x_wconf 83' lang='grc' dir='ltr'><strong>ίσα</strong></span> <span class='ocrx_word' id='word_1_362' title='bbox 2601 1077 2817 1148; x_wconf 83' lang='grc' dir='ltr'>σώματι</span> <span class='ocrx_word' id='word_1_363' title='bbox 2836 1076 3345 1151; x_wconf 72' lang='grc' dir='ltr'>δυναμούμενος.Ὦ</span> <span class='ocrx_word' id='word_1_364' title='bbox 3375 1081 3528 1150; x_wconf 79' lang='grc' dir='ltr'>χοῦς,</span> <span class='ocrx_word' id='word_1_365' title='bbox 3558 1081 3660 1151; x_wconf 66' lang='grc' dir='ltr'>τὴν</span> 
     </span>
    </p>
   </div>
   <div class='ocr_carea' id='block_1_55' title="bbox 2072 1166 3659 1245">
    <p class='ocr_par' dir='ltr' id='par_1_55' title="bbox 2072 1166 3659 1245">
     <span class='ocr_line' id='line_1_55' title="bbox 2072 1166 3659 1245; baseline 0.006 -28"><span class='ocrx_word' id='word_1_366' title='bbox 2072 1166 2235 1235; x_wconf 74' lang='grc' dir='ltr'>φύσιν</span> <span class='ocrx_word' id='word_1_367' title='bbox 2267 1167 2366 1236; x_wconf 82' lang='grc' dir='ltr'>μὲν</span> <span class='ocrx_word' id='word_1_368' title='bbox 2388 1169 2592 1238; x_wconf 77' lang='grc' dir='ltr'><strong>χοῖκὸς,</strong></span> <span class='ocrx_word' id='word_1_369' title='bbox 2626 1170 2877 1245; x_wconf 77' lang='grc' dir='ltr'>οὐράνιος</span> <span class='ocrx_word' id='word_1_370' title='bbox 2901 1170 2956 1227; x_wconf 76' lang='grc' dir='ltr'>δὲ</span> <span class='ocrx_word' id='word_1_371' title='bbox 2991 1170 3088 1240; x_wconf 78' lang='grc' dir='ltr'><strong>τὴν</strong></span> <span class='ocrx_word' id='word_1_372' title='bbox 3104 1170 3355 1243; x_wconf 75' lang='grc' dir='ltr'>δύναμινο</span> <span class='ocrx_word' id='word_1_373' title='bbox 3391 1174 3541 1244; x_wconf 78' lang='grc' dir='ltr'>χοῦς,</span> <span class='ocrx_word' id='word_1_374' title='bbox 3565 1173 3659 1229; x_wconf 77' lang='grc' dir='ltr'>τοῦ</span> 
     </span>
    </p>
   </div>
   <div class='ocr_carea' id='block_1_56' title="bbox 2071 1258 3663 1334">
    <p class='ocr_par' dir='ltr' id='par_1_56' title="bbox 2071 1258 3663 1334">
     <span class='ocr_line' id='line_1_56' title="bbox 2071 1258 3663 1334; baseline 0.002 -23"><span class='ocrx_word' id='word_1_375' title='bbox 2071 1258 2301 1331; x_wconf 79' lang='grc' dir='ltr'>οὐρανοῦ</span> <span class='ocrx_word' id='word_1_376' title='bbox 2329 1260 2522 1329; x_wconf 84' lang='grc' dir='ltr'><strong>πρώην</strong></span> <span class='ocrx_word' id='word_1_377' title='bbox 2550 1261 2779 1332; x_wconf 79' lang='grc' dir='ltr'>ὑομένου</span> <span class='ocrx_word' id='word_1_378' title='bbox 2813 1261 2993 1332; x_wconf 79' lang='grc' dir='ltr'>μάννα</span> <span class='ocrx_word' id='word_1_379' title='bbox 3032 1261 3126 1333; x_wconf 81' lang='grc' dir='ltr'>τὴν</span> <span class='ocrx_word' id='word_1_380' title='bbox 3161 1262 3324 1333; x_wconf 77' lang='grc' dir='ltr'>χάριν</span> <span class='ocrx_word' id='word_1_381' title='bbox 3364 1264 3663 1334; x_wconf 78' lang='grc' dir='ltr'>αἱδεσιμώ-</span> 
     </span>
    </p>
   </div>
   <div class='ocr_carea' id='block_1_57' title="bbox 2072 1350 3663 1428">
    <p class='ocr_par' dir='ltr' id='par_1_57' title="bbox 2072 1350 3663 1428">
     <span class='ocr_line' id='line_1_57' title="bbox 2072 1350 3663 1428; baseline 0.006 -27"><span class='ocrx_word' id='word_1_382' title='bbox 2072 1351 2260 1421; x_wconf 82' lang='grc' dir='ltr'>τεροςί</span> <span class='ocrx_word' id='word_1_383' title='bbox 2312 1350 2403 1411; x_wconf 56' lang='grc' dir='ltr'>τὴν</span> <span class='ocrx_word' id='word_1_384' title='bbox 2448 1352 2724 1423; x_wconf 81' lang='grc' dir='ltr'>ἀγιασμὸν</span> <span class='ocrx_word' id='word_1_385' title='bbox 2774 1353 3236 1428; x_wconf 69' lang='grc' dir='ltr'>σεόωμιώτερος,</span> <span class='ocrx_word' id='word_1_386' title='bbox 3286 1356 3387 1427; x_wconf 84' lang='grc' dir='ltr'>τὴν</span> <span class='ocrx_word' id='word_1_387' title='bbox 3429 1356 3663 1425; x_wconf 85' lang='grc' dir='ltr'>δύναμιν</span> 
     </span>
    </p>
   </div>
   <div class='ocr_carea' id='block_1_58' title="bbox 2072 1443 3664 1520">
    <p class='ocr_par' dir='ltr' id='par_1_58' title="bbox 2072 1443 3664 1520">
     <span class='ocr_line' id='line_1_58' title="bbox 2072 1443 3664 1520; baseline 0.007 -25"><span class='ocrx_word' id='word_1_388' title='bbox 2072 1443 2516 1514; x_wconf 80' lang='grc' dir='ltr'>δραστικώτερος</span> <span class='ocrx_word' id='word_1_389' title='bbox 2540 1459 2554 1474; x_wconf 82' lang='lat'><strong><em>°</em></strong></span> <span class='ocrx_word' id='word_1_390' title='bbox 2602 1444 2663 1501; x_wconf 75' lang='grc' dir='ltr'>τὸ</span> <span class='ocrx_word' id='word_1_391' title='bbox 2693 1443 2793 1516; x_wconf 74' lang='grc' dir='ltr'>μὲν</span> <span class='ocrx_word' id='word_1_392' title='bbox 2818 1445 2928 1516; x_wconf 83' lang='grc' dir='ltr'>γὰρ</span> <span class='ocrx_word' id='word_1_393' title='bbox 2973 1447 3053 1515; x_wconf 79' lang='grc' dir='ltr'>είς</span> <span class='ocrx_word' id='word_1_394' title='bbox 3089 1448 3358 1515; x_wconf 82' lang='grc' dir='ltr'>σωμάτων</span> <span class='ocrx_word' id='word_1_395' title='bbox 3381 1446 3507 1505; x_wconf 80' lang='grc' dir='ltr'>ὕετο</span> <span class='ocrx_word' id='word_1_396' title='bbox 3537 1448 3664 1520; x_wconf 68' lang='grc' dir='ltr'>θρί-</span> 
     </span>
    </p>
   </div>
   <div class='ocr_carea' id='block_1_59' title="bbox 2074 1532 3665 1611">
    <p class='ocr_par' dir='ltr' id='par_1_59' title="bbox 2074 1532 3665 1611">
     <span class='ocr_line' id='line_1_59' title="bbox 2074 1532 3665 1611; baseline 0.004 -26"><span class='ocrx_word' id='word_1_397' title='bbox 2074 1532 2168 1604; x_wconf 74' lang='grc' dir='ltr'><strong>ψιν</strong></span> <span class='ocrx_word' id='word_1_398' title='bbox 2225 1551 2286 1591; x_wconf 82' lang='grc' dir='ltr'><strong>τε</strong></span> <span class='ocrx_word' id='word_1_399' title='bbox 2334 1536 2430 1591; x_wconf 76' lang='grc' dir='ltr'><strong>καὶ</strong></span> <span class='ocrx_word' id='word_1_400' title='bbox 2485 1536 2857 1611; x_wconf 75' lang='grc' dir='ltr'><strong>συντήρησιν·</strong></span> <span class='ocrx_word' id='word_1_401' title='bbox 2896 1539 2924 1591; x_wconf 89' lang='grc' dir='ltr'>ὁ</span> <span class='ocrx_word' id='word_1_402' title='bbox 2963 1536 3042 1600; x_wconf 80' lang='grc' dir='ltr'><strong>δὲ,</strong></span> <span class='ocrx_word' id='word_1_403' title='bbox 3109 1539 3209 1597; x_wconf 83' lang='grc' dir='ltr'><strong>οὐκ</strong></span> <span class='ocrx_word' id='word_1_404' title='bbox 3252 1541 3332 1604; x_wconf 83' lang='grc' dir='ltr'><strong>εἰς</strong></span> <span class='ocrx_word' id='word_1_405' title='bbox 3393 1539 3665 1608; x_wconf 82' lang='grc' dir='ltr'>σωμάτων</span> 
     </span>
    </p>
   </div>
   <div class='ocr_carea' id='block_1_60' title="bbox 2077 1626 3667 1707">
    <p class='ocr_par' dir='ltr' id='par_1_60' title="bbox 2077 1626 3667 1707">
     <span class='ocr_line' id='line_1_60' title="bbox 2077 1626 3667 1707; baseline 0.003 -27"><span class='ocrx_word' id='word_1_406' title='bbox 2077 1626 2378 1699; x_wconf 75' lang='grc' dir='ltr'><strong>θεραπείαν</strong></span> <span class='ocrx_word' id='word_1_407' title='bbox 2430 1627 2615 1707; x_wconf 82' lang='grc' dir='ltr'>μόνον,</span> <span class='ocrx_word' id='word_1_408' title='bbox 2650 1630 2856 1704; x_wconf 69' lang='grc' dir='ltr'>ψύχους</span> <span class='ocrx_word' id='word_1_409' title='bbox 2878 1648 2936 1684; x_wconf 85' lang='grc' dir='ltr'><strong>τε</strong></span> <span class='ocrx_word' id='word_1_410' title='bbox 2971 1630 3206 1700; x_wconf 77' lang='grc' dir='ltr'>μάλιστα</span> <span class='ocrx_word' id='word_1_411' title='bbox 3253 1631 3348 1685; x_wconf 76' lang='grc' dir='ltr'><strong>καὶ</strong></span> <span class='ocrx_word' id='word_1_412' title='bbox 3382 1631 3667 1694; x_wconf 73' lang='grc' dir='ltr'><strong>καύσωνος</strong></span> 
     </span>
    </p>
   </div>
   <div class='ocr_carea' id='block_1_61' title="bbox 2081 1717 3669 1793">
    <p class='ocr_par' dir='ltr' id='par_1_61' title="bbox 2081 1717 3669 1793">
     <span class='ocr_line' id='line_1_61' title="bbox 2081 1717 3669 1793; baseline 0.002 -23"><span class='ocrx_word' id='word_1_413' title='bbox 2081 1717 2399 1789; x_wconf 80' lang='grc' dir='ltr'>μαρασμοῦ,</span> <span class='ocrx_word' id='word_1_414' title='bbox 2453 1717 2590 1776; x_wconf 83' lang='grc' dir='ltr'><strong>ἀλλά</strong></span> <span class='ocrx_word' id='word_1_415' title='bbox 2629 1721 2725 1775; x_wconf 78' lang='grc' dir='ltr'><strong>καὶ</strong></span> <span class='ocrx_word' id='word_1_416' title='bbox 2780 1721 2861 1783; x_wconf 80' lang='grc' dir='ltr'>είς</span> <span class='ocrx_word' id='word_1_417' title='bbox 2900 1718 3104 1793; x_wconf 84' lang='grc' dir='ltr'>διαρκῆ</span> <span class='ocrx_word' id='word_1_418' title='bbox 3144 1718 3334 1790; x_wconf 76' lang='grc' dir='ltr'>ψυχῶν</span> <span class='ocrx_word' id='word_1_419' title='bbox 3359 1720 3669 1793; x_wconf 80' lang='grc' dir='ltr'>στηριγμὸν</span> 
     </span>
    </p>
   </div>
   <div class='ocr_carea' id='block_1_62' title="bbox 2081 1812 2517 1880">
    <p class='ocr_par' dir='ltr' id='par_1_62' title="bbox 2081 1812 2517 1880">
     <span class='ocr_line' id='line_1_62' title="bbox 2081 1812 2517 1880; baseline 0.016 -18"><span class='ocrx_word' id='word_1_420' title='bbox 2081 1812 2177 1873; x_wconf 74' lang='grc' dir='ltr'><strong>καὶ</strong></span> <span class='ocrx_word' id='word_1_421' title='bbox 2214 1815 2517 1880; x_wconf 70' lang='grc' dir='ltr'>φωτισμόν.</span> 
     </span>
    </p>
   </div>
   <div class='ocr_carea' id='block_1_63' title="bbox 2158 1980 3672 2061">
    <p class='ocr_par' dir='ltr' id='par_1_63' title="bbox 2158 1980 3672 2061">
     <span class='ocr_line' id='line_1_63' title="bbox 2158 1980 3672 2061; baseline -0.003 -19"><span class='ocrx_word' id='word_1_422' title='bbox 2158 1986 2264 2057; x_wconf 82' lang='grc' dir='ltr'>κγ’,</span> <span class='ocrx_word' id='word_1_423' title='bbox 2299 1986 2462 2052; x_wconf 81' lang='grc' dir='ltr'>Ἀλλ’,</span> <span class='ocrx_word' id='word_1_424' title='bbox 2495 1980 2539 2050; x_wconf 78' lang='grc' dir='ltr'>ᾧ</span> <span class='ocrx_word' id='word_1_425' title='bbox 2575 1985 2795 2049; x_wconf 74' lang='grc' dir='ltr'>πάντων</span> <span class='ocrx_word' id='word_1_426' title='bbox 2828 1986 3123 2059; x_wconf 81' lang='grc' dir='ltr'>μαρτύρων</span> <span class='ocrx_word' id='word_1_427' title='bbox 3147 1986 3426 2061; x_wconf 84' lang='grc' dir='ltr'>ὡράῖσμα,</span> <span class='ocrx_word' id='word_1_428' title='bbox 3460 1986 3672 2041; x_wconf 82' lang='grc' dir='ltr'>πιστῶν</span> 
     </span>
    </p>
   </div>
   <div class='ocr_carea' id='block_1_64' title="bbox 2084 2070 3675 2155">
    <p class='ocr_par' dir='ltr' id='par_1_64' title="bbox 2084 2070 3675 2155">
     <span class='ocr_line' id='line_1_64' title="bbox 2084 2070 3675 2155; baseline -0.003 -22"><span class='ocrx_word' id='word_1_429' title='bbox 2084 2078 2140 2133; x_wconf 84' lang='grc' dir='ltr'>δὲ</span> <span class='ocrx_word' id='word_1_430' title='bbox 2173 2076 2510 2147; x_wconf 83' lang='grc' dir='ltr'>ἀγαλλίαμα,</span> <span class='ocrx_word' id='word_1_431' title='bbox 2547 2077 2797 2151; x_wconf 79' lang='grc' dir='ltr'>ἀπίστων</span> <span class='ocrx_word' id='word_1_432' title='bbox 2845 2077 2902 2131; x_wconf 76' lang='grc' dir='ltr'>δὲ</span> <span class='ocrx_word' id='word_1_433' title='bbox 2943 2075 3259 2155; x_wconf 79' lang='grc' dir='ltr'><strong>σύντριμμα</strong></span> <span class='ocrx_word' id='word_1_434' title='bbox 3286 2092 3299 2105; x_wconf 73' lang='grc'><strong>⁸</strong></span> <span class='ocrx_word' id='word_1_435' title='bbox 3327 2070 3372 2133; x_wconf 81' lang='grc' dir='ltr'><strong>ὦ</strong></span> <span class='ocrx_word' id='word_1_436' title='bbox 3408 2076 3675 2147; x_wconf 78' lang='grc' dir='ltr'><strong>πατρίδος</strong></span> 
     </span>
    </p>
   </div>
   <div class='ocr_carea' id='block_1_65' title="bbox 2088 2167 3675 2239">
    <p class='ocr_par' dir='ltr' id='par_1_65' title="bbox 2088 2167 3675 2239">
     <span class='ocr_line' id='line_1_65' title="bbox 2088 2167 3675 2239; baseline -0.001 -17"><span class='ocrx_word' id='word_1_437' title='bbox 2088 2170 2293 2239; x_wconf 80' lang='grc' dir='ltr'>σεμνῆς</span> <span class='ocrx_word' id='word_1_438' title='bbox 2341 2167 2544 2235; x_wconf 86' lang='grc' dir='ltr'>ἀγαθὸν</span> <span class='ocrx_word' id='word_1_439' title='bbox 2598 2167 2797 2236; x_wconf 77' lang='grc' dir='ltr'>φυτόν·</span> <span class='ocrx_word' id='word_1_440' title='bbox 2834 2167 3038 2238; x_wconf 83' lang='grc' dir='ltr'>μᾶλλον</span> <span class='ocrx_word' id='word_1_441' title='bbox 3066 2168 3122 2220; x_wconf 83' lang='grc' dir='ltr'>δὲ</span> <span class='ocrx_word' id='word_1_442' title='bbox 3162 2168 3327 2235; x_wconf 79' lang='grc' dir='ltr'>φυτὸν</span> <span class='ocrx_word' id='word_1_443' title='bbox 3361 2167 3540 2236; x_wconf 73' lang='grc' dir='ltr'>ἅγιον,</span> <span class='ocrx_word' id='word_1_444' title='bbox 3570 2168 3675 2236; x_wconf 80' lang='grc' dir='ltr'>τὴν</span> 
     </span>
    </p>
   </div>
   <div class='ocr_carea' id='block_1_66' title="bbox 2084 2256 3673 2331">
    <p class='ocr_par' dir='ltr' id='par_1_66' title="bbox 2084 2256 3673 2331">
     <span class='ocr_line' id='line_1_66' title="bbox 2084 2256 3673 2331; baseline -0.004 -17"><span class='ocrx_word' id='word_1_445' title='bbox 2084 2260 2332 2331; x_wconf 72' lang='grc' dir='ltr'>πονηρὰν</span> <span class='ocrx_word' id='word_1_446' title='bbox 2391 2259 2667 2327; x_wconf 80' lang='grc' dir='ltr'>ἀγαθύναν</span> <span class='ocrx_word' id='word_1_447' title='bbox 2720 2258 2788 2310; x_wconf 86' lang='grc' dir='ltr'>δι’</span> <span class='ocrx_word' id='word_1_448' title='bbox 2868 2256 3063 2310; x_wconf 79' lang='grc' dir='ltr'>ἑαυτοῦ</span> <span class='ocrx_word' id='word_1_449' title='bbox 3109 2258 3365 2321; x_wconf 82' lang='grc' dir='ltr'>πατρίδα,</span> <span class='ocrx_word' id='word_1_450' title='bbox 3420 2257 3518 2311; x_wconf 74' lang='grc' dir='ltr'><strong>καὶ</strong></span> <span class='ocrx_word' id='word_1_451' title='bbox 3572 2256 3673 2322; x_wconf 73' lang='grc' dir='ltr'><strong>τὴν</strong></span> 
     </span>
    </p>
   </div>
   <div class='ocr_carea' id='block_1_67' title="bbox 2084 2350 3673 2425">
    <p class='ocr_par' dir='ltr' id='par_1_67' title="bbox 2084 2350 3673 2425">
     <span class='ocr_line' id='line_1_67' title="bbox 2084 2350 3673 2425; baseline -0.003 -18"><span class='ocrx_word' id='word_1_452' title='bbox 2084 2352 2319 2424; x_wconf 77' lang='grc' dir='ltr'>ἄναγνον</span> <span class='ocrx_word' id='word_1_453' title='bbox 2373 2352 2627 2423; x_wconf 62' lang='grc' dir='ltr'>ἀγνίσζν,</span> <span class='ocrx_word' id='word_1_454' title='bbox 2659 2352 2755 2409; x_wconf 69' lang='grc' dir='ltr'><strong>καὶ</strong></span> <span class='ocrx_word' id='word_1_455' title='bbox 2795 2351 2895 2423; x_wconf 82' lang='grc' dir='ltr'>τὴν</span> <span class='ocrx_word' id='word_1_456' title='bbox 2942 2351 3136 2423; x_wconf 81' lang='grc' dir='ltr'>ἄτιμον</span> <span class='ocrx_word' id='word_1_457' title='bbox 3184 2351 3428 2425; x_wconf 80' lang='grc' dir='ltr'>τιμῆσαν</span> <span class='ocrx_word' id='word_1_458' title='bbox 3452 2367 3466 2380; x_wconf 74' lang='grc'><strong><em>⁸</em></strong></span> <span class='ocrx_word' id='word_1_459' title='bbox 3501 2350 3673 2423; x_wconf 77' lang='grc' dir='ltr'>φυτὸν</span> 
     </span>
    </p>
   </div>
   <div class='ocr_carea' id='block_1_68' title="bbox 2084 2439 3671 2515">
    <p class='ocr_par' dir='ltr' id='par_1_68' title="bbox 2084 2439 3671 2515">
     <span class='ocr_line' id='line_1_68' title="bbox 2084 2439 3671 2515; baseline 0 -22"><span class='ocrx_word' id='word_1_460' title='bbox 2084 2439 2287 2512; x_wconf 86' lang='grc' dir='ltr'>τίμιον,</span> <span class='ocrx_word' id='word_1_461' title='bbox 2315 2440 2410 2492; x_wconf 72' lang='grc' dir='ltr'><strong>καὶ</strong></span> <span class='ocrx_word' id='word_1_462' title='bbox 2442 2440 2542 2515; x_wconf 79' lang='grc' dir='ltr'><strong>τῆς</strong></span> <span class='ocrx_word' id='word_1_463' title='bbox 2564 2439 2658 2493; x_wconf 81' lang='grc' dir='ltr'>τοῦ</span> <span class='ocrx_word' id='word_1_464' title='bbox 2694 2441 2906 2512; x_wconf 81' lang='grc' dir='ltr'>Πατρός</span> <span class='ocrx_word' id='word_1_465' title='bbox 2928 2456 3022 2494; x_wconf 81' lang='grc' dir='ltr'><strong>σου</strong></span> <span class='ocrx_word' id='word_1_466' title='bbox 3061 2440 3154 2499; x_wconf 78' lang='grc' dir='ltr'><strong>τοῦ</strong></span> <span class='ocrx_word' id='word_1_467' title='bbox 3182 2441 3240 2495; x_wconf 80' lang='grc' dir='ltr'>ἐν</span> <span class='ocrx_word' id='word_1_468' title='bbox 3276 2444 3389 2503; x_wconf 82' lang='grc' dir='ltr'>τοῖς</span> <span class='ocrx_word' id='word_1_469' title='bbox 3416 2441 3671 2510; x_wconf 79' lang='grc' dir='ltr'>οὐρανοῖς</span> 
     </span>
    </p>
   </div>
   <div class='ocr_carea' id='block_1_69' title="bbox 2086 2530 3668 2605">
    <p class='ocr_par' dir='ltr' id='par_1_69' title="bbox 2086 2530 3668 2605">
     <span class='ocr_line' id='line_1_69' title="bbox 2086 2530 3668 2605; baseline -0.001 -21"><span class='ocrx_word' id='word_1_470' title='bbox 2086 2531 2311 2605; x_wconf 79' lang='grc' dir='ltr'>φυτείας</span> <span class='ocrx_word' id='word_1_471' title='bbox 2358 2531 2577 2602; x_wconf 79' lang='grc' dir='ltr'>ἀληθῶς</span> <span class='ocrx_word' id='word_1_472' title='bbox 2635 2530 2808 2597; x_wconf 77' lang='grc' dir='ltr'>ἄξιον,</span> <span class='ocrx_word' id='word_1_473' title='bbox 2840 2532 2916 2596; x_wconf 81' lang='grc' dir='ltr'><strong>ὡς</strong></span> <span class='ocrx_word' id='word_1_474' title='bbox 2949 2531 3126 2600; x_wconf 79' lang='grc' dir='ltr'>φοῖνιξ</span> <span class='ocrx_word' id='word_1_475' title='bbox 3168 2534 3287 2595; x_wconf 81' lang='grc' dir='ltr'>ταῖς</span> <span class='ocrx_word' id='word_1_476' title='bbox 3357 2530 3668 2589; x_wconf 83' lang='grc' dir='ltr'>ἀειθαλέσιν</span> 
     </span>
    </p>
   </div>
   <div class='ocr_carea' id='block_1_70' title="bbox 2085 2621 3666 2695">
    <p class='ocr_par' dir='ltr' id='par_1_70' title="bbox 2085 2621 3666 2695">
     <span class='ocr_line' id='line_1_70' title="bbox 2085 2621 3666 2695; baseline -0.003 -17"><span class='ocrx_word' id='word_1_477' title='bbox 2085 2623 2266 2679; x_wconf 85' lang='grc' dir='ltr'>ἀνθῶν</span> <span class='ocrx_word' id='word_1_478' title='bbox 2309 2624 2559 2695; x_wconf 80' lang='grc' dir='ltr'>ἀρεταῖς,</span> <span class='ocrx_word' id='word_1_479' title='bbox 2615 2623 2710 2677; x_wconf 75' lang='grc' dir='ltr'><strong>καὶ</strong></span> <span class='ocrx_word' id='word_1_480' title='bbox 2751 2622 2885 2676; x_wconf 71' lang='grc' dir='ltr'>ὡσεὶ</span> <span class='ocrx_word' id='word_1_481' title='bbox 2934 2623 3125 2694; x_wconf 83' lang='grc' dir='ltr'>κέδρος</span> <span class='ocrx_word' id='word_1_482' title='bbox 3180 2623 3314 2693; x_wconf 81' lang='grc' dir='ltr'>παρ’</span> <span class='ocrx_word' id='word_1_483' title='bbox 3355 2621 3523 2679; x_wconf 78' lang='grc' dir='ltr'>ὕδατα</span> <span class='ocrx_word' id='word_1_484' title='bbox 3552 2624 3666 2686; x_wconf 78' lang='grc' dir='ltr'>τοῖς</span> 
     </span>
    </p>
   </div>
   <div class='ocr_carea' id='block_1_71' title="bbox 2085 2709 3667 2788">
    <p class='ocr_par' dir='ltr' id='par_1_71' title="bbox 2085 2709 3667 2788">
     <span class='ocr_line' id='line_1_71' title="bbox 2085 2709 3667 2788; baseline -0.001 -20"><span class='ocrx_word' id='word_1_485' title='bbox 2085 2716 2337 2788; x_wconf 78' lang='grc' dir='ltr'>ἀπείροις</span> <span class='ocrx_word' id='word_1_486' title='bbox 2395 2715 2504 2771; x_wconf 86' lang='grc' dir='ltr'>τῶν</span> <span class='ocrx_word' id='word_1_487' title='bbox 2554 2716 2800 2786; x_wconf 80' lang='grc' dir='ltr'>ἰαμάτων</span> <span class='ocrx_word' id='word_1_488' title='bbox 2850 2714 3255 2786; x_wconf 79' lang='grc' dir='ltr'>πληθυνόμενος</span> <span class='ocrx_word' id='word_1_489' title='bbox 3302 2709 3667 2785; x_wconf 73' lang='grc' dir='ltr'>καρπῶνίὯ</span> 
     </span>
    </p>
   </div>
   <div class='ocr_carea' id='block_1_72' title="bbox 2085 2805 3668 2880">
    <p class='ocr_par' dir='ltr' id='par_1_72' title="bbox 2085 2805 3668 2880">
     <span class='ocr_line' id='line_1_72' title="bbox 2085 2805 3668 2880; baseline -0.001 -18"><span class='ocrx_word' id='word_1_490' title='bbox 2085 2809 2199 2865; x_wconf 70' lang='grc' dir='ltr'>λίθε</span> <span class='ocrx_word' id='word_1_491' title='bbox 2230 2810 2404 2880; x_wconf 85' lang='grc' dir='ltr'>τίμιε,</span> <span class='ocrx_word' id='word_1_492' title='bbox 2438 2809 2534 2862; x_wconf 72' lang='grc' dir='ltr'><strong>καὶ</strong></span> <span class='ocrx_word' id='word_1_493' title='bbox 2587 2805 2685 2861; x_wconf 79' lang='grc' dir='ltr'><strong>τοῦ</strong></span> <span class='ocrx_word' id='word_1_494' title='bbox 2732 2807 3132 2878; x_wconf 77' lang='grc' dir='ltr'>ἀκρογωνιαίου</span> <span class='ocrx_word' id='word_1_495' title='bbox 3168 2806 3244 2877; x_wconf 81' lang='grc' dir='ltr'><strong>τῷ</strong></span> <span class='ocrx_word' id='word_1_496' title='bbox 3287 2807 3400 2860; x_wconf 72' lang='grc' dir='ltr'>ὄντι</span> <span class='ocrx_word' id='word_1_497' title='bbox 3435 2806 3625 2870; x_wconf 73' lang='grc' dir='ltr'>ὲπάξιε</span> <span class='ocrx_word' id='word_1_498' title='bbox 3654 2821 3668 2835; x_wconf 82' lang='grc'><strong>’</strong></span> 
     </span>
    </p>
   </div>
   <div class='ocr_carea' id='block_1_73' title="bbox 2085 2897 3673 2970">
    <p class='ocr_par' dir='ltr' id='par_1_73' title="bbox 2085 2897 3673 2970">
     <span class='ocr_line' id='line_1_73' title="bbox 2085 2897 3673 2970; baseline -0.002 -17"><span class='ocrx_word' id='word_1_499' title='bbox 2085 2900 2222 2965; x_wconf 86' lang='grc' dir='ltr'>λίθε,</span> <span class='ocrx_word' id='word_1_500' title='bbox 2247 2899 2326 2970; x_wconf 85' lang='grc' dir='ltr'>τῷ</span> <span class='ocrx_word' id='word_1_501' title='bbox 2372 2898 2648 2970; x_wconf 79' lang='grc' dir='ltr'><strong>Ὑακίνθῳ</strong></span> <span class='ocrx_word' id='word_1_502' title='bbox 2676 2897 2935 2969; x_wconf 84' lang='grc' dir='ltr'><strong>ὁμώνυμε</strong></span> <span class='ocrx_word' id='word_1_503' title='bbox 2957 2915 2970 2930; x_wconf 78' lang='grc'><em>⁴</em></span> <span class='ocrx_word' id='word_1_504' title='bbox 2994 2900 3211 2969; x_wconf 82' lang='grc' dir='ltr'>ἐκείνῳ,</span> <span class='ocrx_word' id='word_1_505' title='bbox 3241 2897 3318 2968; x_wconf 85' lang='grc' dir='ltr'>τῷ</span> <span class='ocrx_word' id='word_1_506' title='bbox 3348 2900 3459 2960; x_wconf 76' lang='grc' dir='ltr'>τοῖς</span> <span class='ocrx_word' id='word_1_507' title='bbox 3479 2897 3673 2955; x_wconf 73' lang='grc' dir='ltr'>ἕνδεκα</span> 
     </span>
    </p>
   </div>
   <div class='ocr_carea' id='block_1_74' title="bbox 2087 2989 3675 3063">
    <p class='ocr_par' dir='ltr' id='par_1_74' title="bbox 2087 2989 3675 3063">
     <span class='ocr_line' id='line_1_74' title="bbox 2087 2989 3675 3063; baseline 0 -17"><span class='ocrx_word' id='word_1_508' title='bbox 2087 2993 2393 3062; x_wconf 87' lang='grc' dir='ltr'>συστοίχοις</span> <span class='ocrx_word' id='word_1_509' title='bbox 2446 2990 2652 3062; x_wconf 84' lang='grc' dir='ltr'>τιμίοις</span> <span class='ocrx_word' id='word_1_510' title='bbox 2698 2991 3094 3063; x_wconf 76' lang='grc' dir='ltr'>συνηρτημένῳ</span> <span class='ocrx_word' id='word_1_511' title='bbox 3130 2990 3323 3058; x_wconf 73' lang='grc' dir='ltr'>λίθοις,</span> <span class='ocrx_word' id='word_1_512' title='bbox 3373 2992 3466 3048; x_wconf 75' lang='grc' dir='ltr'>καὶ</span> <span class='ocrx_word' id='word_1_513' title='bbox 3495 2989 3675 3046; x_wconf 54' lang='lat'><strong>1610-</strong></span> 
     </span>
    </p>
   </div>
   <div class='ocr_carea' id='block_1_75' title="bbox 2084 3079 3678 3157">
    <p class='ocr_par' dir='ltr' id='par_1_75' title="bbox 2084 3079 3678 3157">
     <span class='ocr_line' id='line_1_75' title="bbox 2084 3079 3678 3157; baseline 0 -23"><span class='ocrx_word' id='word_1_514' title='bbox 2084 3084 2231 3152; x_wconf 87' lang='grc' dir='ltr'>γεῖον</span> <span class='ocrx_word' id='word_1_515' title='bbox 2260 3082 2361 3151; x_wconf 77' lang='grc' dir='ltr'><strong>τῆς</strong></span> <span class='ocrx_word' id='word_1_516' title='bbox 2410 3081 2645 3153; x_wconf 84' lang='grc' dir='ltr'>κρίσεως</span> <span class='ocrx_word' id='word_1_517' title='bbox 2679 3079 2773 3134; x_wconf 83' lang='grc' dir='ltr'>τοῦ</span> <span class='ocrx_word' id='word_1_518' title='bbox 2820 3081 3123 3157; x_wconf 81' lang='grc' dir='ltr'>ἀρχιερέως</span> <span class='ocrx_word' id='word_1_519' title='bbox 3157 3081 3678 3150; x_wconf 76' lang='grc' dir='ltr'>συγκατασκευαζο-</span> 
     </span>
    </p>
   </div>
   <div class='ocr_carea' id='block_1_76' title="bbox 2090 3171 3674 3245">
    <p class='ocr_par' dir='ltr' id='par_1_76' title="bbox 2090 3171 3674 3245">
     <span class='ocr_line' id='line_1_76' title="bbox 2090 3171 3674 3245; baseline 0.002 -20"><span class='ocrx_word' id='word_1_520' title='bbox 2090 3173 2252 3242; x_wconf 73' lang='grc' dir='ltr'>μὲνου</span> <span class='ocrx_word' id='word_1_521' title='bbox 2268 3172 2362 3229; x_wconf 82' lang='grc' dir='ltr'><strong>τοῦ</strong></span> <span class='ocrx_word' id='word_1_522' title='bbox 2387 3171 2645 3243; x_wconf 84' lang='grc' dir='ltr'>μεγάλου·</span> <span class='ocrx_word' id='word_1_523' title='bbox 2665 3171 2779 3226; x_wconf 86' lang='grc' dir='ltr'>λίΟε</span> <span class='ocrx_word' id='word_1_524' title='bbox 2806 3172 2953 3242; x_wconf 81' lang='grc' dir='ltr'>ἆγιε,</span> <span class='ocrx_word' id='word_1_525' title='bbox 2988 3173 3276 3245; x_wconf 84' lang='grc' dir='ltr'>κυλιόμενε</span> <span class='ocrx_word' id='word_1_526' title='bbox 3304 3174 3397 3231; x_wconf 71' lang='grc' dir='ltr'><strong>ἐπὶ</strong></span> <span class='ocrx_word' id='word_1_527' title='bbox 3418 3172 3522 3242; x_wconf 72' lang='grc' dir='ltr'><strong>τῆς</strong></span> <span class='ocrx_word' id='word_1_528' title='bbox 3543 3174 3674 3243; x_wconf 78' lang='grc' dir='ltr'><strong>γῆς.</strong></span> 
     </span>
    </p>
   </div>
   <div class='ocr_carea' id='block_1_77' title="bbox 2086 3264 3679 3341">
    <p class='ocr_par' dir='ltr' id='par_1_77' title="bbox 2086 3264 3679 3341">
     <span class='ocr_line' id='line_1_77' title="bbox 2086 3264 3679 3341; baseline 0.001 -22"><span class='ocrx_word' id='word_1_529' title='bbox 2086 3266 2228 3323; x_wconf 85' lang='grc' dir='ltr'>κατά</span> <span class='ocrx_word' id='word_1_530' title='bbox 2253 3266 2346 3319; x_wconf 82' lang='grc' dir='ltr'><strong>τδν</strong></span> <span class='ocrx_word' id='word_1_531' title='bbox 2390 3264 2637 3335; x_wconf 74' lang='grc' dir='ltr'>Ἠσαίαν,</span> <span class='ocrx_word' id='word_1_532' title='bbox 2674 3266 2773 3335; x_wconf 81' lang='grc' dir='ltr'><strong>τῆς</strong></span> <span class='ocrx_word' id='word_1_533' title='bbox 2807 3267 3124 3341; x_wconf 78' lang='grc' dir='ltr'>Ἀμάστρας</span> <span class='ocrx_word' id='word_1_534' title='bbox 3170 3268 3230 3323; x_wconf 80' lang='grc' dir='ltr'>τὸ</span> <span class='ocrx_word' id='word_1_535' title='bbox 3281 3268 3679 3341; x_wconf 79' lang='grc' dir='ltr'>περιτείχισμα</span> 
     </span>
    </p>
   </div>
   <div class='ocr_carea' id='block_1_78' title="bbox 2085 3355 3678 3428">
    <p class='ocr_par' dir='ltr' id='par_1_78' title="bbox 2085 3355 3678 3428">
     <span class='ocr_line' id='line_1_78' title="bbox 2085 3355 3678 3428; baseline -0.002 -17"><span class='ocrx_word' id='word_1_536' title='bbox 2085 3359 2180 3411; x_wconf 71' lang='grc' dir='ltr'>καὶ</span> <span class='ocrx_word' id='word_1_537' title='bbox 2207 3355 2609 3428; x_wconf 80' lang='grc' dir='ltr'>περίφραγμα,</span> <span class='ocrx_word' id='word_1_538' title='bbox 2655 3355 2857 3426; x_wconf 81' lang='grc' dir='ltr'>μᾶλλον</span> <span class='ocrx_word' id='word_1_539' title='bbox 2912 3355 2971 3409; x_wconf 79' lang='grc' dir='ltr'>δὲ</span> <span class='ocrx_word' id='word_1_540' title='bbox 3023 3356 3300 3428; x_wconf 85' lang='grc' dir='ltr'>πύργωμα</span> <span class='ocrx_word' id='word_1_541' title='bbox 3326 3356 3423 3413; x_wconf 75' lang='grc' dir='ltr'><strong>καὶ</strong></span> <span class='ocrx_word' id='word_1_542' title='bbox 3467 3355 3678 3424; x_wconf 79' lang='grc' dir='ltr'>στεφά-</span> 
     </span>
    </p>
   </div>
   <div class='ocr_carea' id='block_1_79' title="bbox 2085 3448 3680 3520">
    <p class='ocr_par' dir='ltr' id='par_1_79' title="bbox 2085 3448 3680 3520">
     <span class='ocr_line' id='line_1_79' title="bbox 2085 3448 3680 3520; baseline -0.001 -20"><span class='ocrx_word' id='word_1_543' title='bbox 2085 3467 2262 3519; x_wconf 84' lang='grc' dir='ltr'>νωμα,</span> <span class='ocrx_word' id='word_1_544' title='bbox 2290 3450 2472 3515; x_wconf 86' lang='grc' dir='ltr'>πάσας</span> <span class='ocrx_word' id='word_1_545' title='bbox 2501 3449 2777 3514; x_wconf 74' lang='grc' dir='ltr'>ἑλεπόλεις</span> <span class='ocrx_word' id='word_1_546' title='bbox 2826 3449 2922 3509; x_wconf 69' lang='grc' dir='ltr'><strong>καὶ</strong></span> <span class='ocrx_word' id='word_1_547' title='bbox 2954 3448 3203 3520; x_wconf 77' lang='grc' dir='ltr'>μηχανὰς</span> <span class='ocrx_word' id='word_1_548' title='bbox 3231 3448 3680 3518; x_wconf 78' lang='grc' dir='ltr'>ἀποκρουόμενον</span> 
     </span>
    </p>
   </div>
   <div class='ocr_carea' id='block_1_80' title="bbox 2084 3536 3680 3613">
    <p class='ocr_par' dir='ltr' id='par_1_80' title="bbox 2084 3536 3680 3613">
     <span class='ocr_line' id='line_1_80' title="bbox 2084 3536 3680 3613; baseline -0.001 -20"><span class='ocrx_word' id='word_1_549' title='bbox 2084 3540 2298 3613; x_wconf 82' lang='grc' dir='ltr'>ἐχθρῶν</span> <span class='ocrx_word' id='word_1_550' title='bbox 2314 3557 2328 3570; x_wconf 76' lang='grc' dir='ltr'><strong>ο</strong></span> <span class='ocrx_word' id='word_1_551' title='bbox 2363 3541 2472 3593; x_wconf 82' lang='grc' dir='ltr'><strong>τῶν</strong></span> <span class='ocrx_word' id='word_1_552' title='bbox 2492 3540 2860 3610; x_wconf 77' lang='grc' dir='ltr'>Παφλαγόνων</span> <span class='ocrx_word' id='word_1_553' title='bbox 2877 3540 2937 3593; x_wconf 83' lang='grc' dir='ltr'>τὸ</span> <span class='ocrx_word' id='word_1_554' title='bbox 2958 3536 3159 3613; x_wconf 75' lang='grc' dir='ltr'>ὕψωμα</span> <span class='ocrx_word' id='word_1_555' title='bbox 3179 3541 3274 3597; x_wconf 68' lang='grc' dir='ltr'>καὶ</span> <span class='ocrx_word' id='word_1_556' title='bbox 3308 3539 3680 3609; x_wconf 75' lang='grc' dir='ltr'>καλλωπισμα</span> 
     </span>
    </p>
   </div>
   <div class='ocr_carea' id='block_1_81' title="bbox 2085 3630 3681 3703">
    <p class='ocr_par' dir='ltr' id='par_1_81' title="bbox 2085 3630 3681 3703">
     <span class='ocr_line' id='line_1_81' title="bbox 2085 3630 3681 3703; baseline -0.002 -19"><span class='ocrx_word' id='word_1_557' title='bbox 2085 3631 2185 3703; x_wconf 79' lang='grc' dir='ltr'><strong>τῆς</strong></span> <span class='ocrx_word' id='word_1_558' title='bbox 2226 3632 2507 3703; x_wconf 77' lang='grc' dir='ltr'>βασιλείας</span> <span class='ocrx_word' id='word_1_559' title='bbox 2545 3635 2573 3685; x_wconf 83' lang='grc' dir='ltr'>ὁ</span> <span class='ocrx_word' id='word_1_560' title='bbox 2610 3632 2895 3701; x_wconf 77' lang='grc' dir='ltr'>στέφανος,</span> <span class='ocrx_word' id='word_1_561' title='bbox 2924 3633 3022 3702; x_wconf 83' lang='grc' dir='ltr'><strong>τῆς</strong></span> <span class='ocrx_word' id='word_1_562' title='bbox 3047 3630 3365 3703; x_wconf 55' lang='grc' dir='ltr'>,ἱερωσύνης</span> <span class='ocrx_word' id='word_1_563' title='bbox 3396 3633 3423 3684; x_wconf 85' lang='grc' dir='ltr'>ὁ</span> <span class='ocrx_word' id='word_1_564' title='bbox 3450 3630 3681 3695; x_wconf 76' lang='grc' dir='ltr'>ἔπαινος</span> 
     </span>
    </p>
   </div>
   <div class='ocr_carea' id='block_1_82' title="bbox 2086 3723 3678 3797">
    <p class='ocr_par' dir='ltr' id='par_1_82' title="bbox 2086 3723 3678 3797">
     <span class='ocr_line' id='line_1_82' title="bbox 2086 3723 3678 3797; baseline -0.003 -17"><span class='ocrx_word' id='word_1_565' title='bbox 2086 3728 2182 3780; x_wconf 78' lang='grc' dir='ltr'>καὶ</span> <span class='ocrx_word' id='word_1_566' title='bbox 2244 3726 2305 3779; x_wconf 80' lang='grc' dir='ltr'><strong>τὸ</strong></span> <span class='ocrx_word' id='word_1_567' title='bbox 2350 3725 2635 3796; x_wconf 78' lang='grc' dir='ltr'>καύχημα,</span> <span class='ocrx_word' id='word_1_568' title='bbox 2687 3723 2861 3794; x_wconf 74' lang='grc' dir='ltr'>δέχοιο</span> <span class='ocrx_word' id='word_1_569' title='bbox 2912 3726 3008 3781; x_wconf 73' lang='grc' dir='ltr'><strong>καὶ</strong></span> <span class='ocrx_word' id='word_1_570' title='bbox 3071 3723 3169 3794; x_wconf 78' lang='grc' dir='ltr'>τὴν</span> <span class='ocrx_word' id='word_1_571' title='bbox 3212 3724 3322 3781; x_wconf 78' lang='grc' dir='ltr'>τῶν</span> <span class='ocrx_word' id='word_1_572' title='bbox 3383 3723 3678 3797; x_wconf 75' lang='grc' dir='ltr'>ἡμετέρων</span> 
     </span>
    </p>
   </div>
   <div class='ocr_carea' id='block_1_83' title="bbox 2086 3814 3680 3889">
    <p class='ocr_par' dir='ltr' id='par_1_83' title="bbox 2086 3814 3680 3889">
     <span class='ocr_line' id='line_1_83' title="bbox 2086 3814 3680 3889; baseline -0.004 -17"><span class='ocrx_word' id='word_1_573' title='bbox 2086 3818 2342 3889; x_wconf 82' lang='grc' dir='ltr'>ἀπαρχὴν</span> <span class='ocrx_word' id='word_1_574' title='bbox 2372 3816 2546 3885; x_wconf 79' lang='grc' dir='ltr'>λόγων</span> <span class='ocrx_word' id='word_1_575' title='bbox 2566 3831 2580 3845; x_wconf 76' lang='grc'><strong><em>⁸</em></strong></span> <span class='ocrx_word' id='word_1_576' title='bbox 2616 3816 2710 3868; x_wconf 74' lang='grc' dir='ltr'><strong>καὶ</strong></span> <span class='ocrx_word' id='word_1_577' title='bbox 2743 3817 2792 3885; x_wconf 61' lang='grc' dir='ltr'><strong>εί</strong></span> <span class='ocrx_word' id='word_1_578' title='bbox 2845 3816 3012 3886; x_wconf 80' lang='grc' dir='ltr'>μηδὲν</span> <span class='ocrx_word' id='word_1_579' title='bbox 3043 3815 3143 3884; x_wconf 80' lang='grc' dir='ltr'><strong>τῆς</strong></span> <span class='ocrx_word' id='word_1_580' title='bbox 3175 3814 3276 3884; x_wconf 75' lang='grc' dir='ltr'><strong>σῆς</strong></span> <span class='ocrx_word' id='word_1_581' title='bbox 3311 3814 3463 3878; x_wconf 77' lang='grc' dir='ltr'>ἄξιον</span> <span class='ocrx_word' id='word_1_582' title='bbox 3497 3830 3680 3885; x_wconf 83' lang='grc' dir='ltr'>μεγα-</span> 
     </span>
    </p>
   </div>
   <div class='ocr_carea' id='block_1_84' title="bbox 2085 3898 3682 3971">
    <p class='ocr_par' dir='ltr' id='par_1_84' title="bbox 2085 3898 3682 3971">
     <span class='ocr_line' id='line_1_84' title="bbox 2085 3898 3682 3971; baseline -0.001 -18"><span class='ocrx_word' id='word_1_583' title='bbox 2085 3899 2421 3971; x_wconf 82' lang='grc' dir='ltr'>λοπρεπείας</span> <span class='ocrx_word' id='word_1_584' title='bbox 2456 3900 2873 3968; x_wconf 78' lang='grc' dir='ltr'>ἐπιφαίνουσαν,</span> <span class='ocrx_word' id='word_1_585' title='bbox 2900 3899 3038 3953; x_wconf 78' lang='grc' dir='ltr'>ἀλλὰ</span> <span class='ocrx_word' id='word_1_586' title='bbox 3062 3898 3222 3969; x_wconf 82' lang='grc' dir='ltr'>φίλην</span> <span class='ocrx_word' id='word_1_587' title='bbox 3254 3899 3317 3967; x_wconf 80' lang='grc' dir='ltr'><strong>γέ</strong></span> <span class='ocrx_word' id='word_1_588' title='bbox 3343 3916 3425 3952; x_wconf 85' lang='grc' dir='ltr'><strong>σοι</strong></span> <span class='ocrx_word' id='word_1_589' title='bbox 3456 3899 3682 3961; x_wconf 76' lang='grc' dir='ltr'>πάντως</span> 
     </span>
    </p>
   </div>
   <div class='ocr_carea' id='block_1_85' title="bbox 2085 3984 3678 4063">
    <p class='ocr_par' dir='ltr' id='par_1_85' title="bbox 2085 3984 3678 4063">
     <span class='ocr_line' id='line_1_85' title="bbox 2085 3984 3678 4063; baseline -0.004 -16"><span class='ocrx_word' id='word_1_590' title='bbox 2085 3992 2273 4058; x_wconf 80' lang='grc' dir='ltr'>οὖσαν,</span> <span class='ocrx_word' id='word_1_591' title='bbox 2306 3991 2383 4063; x_wconf 84' lang='grc' dir='ltr'>τῷ</span> <span class='ocrx_word' id='word_1_592' title='bbox 2414 3992 2478 4045; x_wconf 81' lang='grc' dir='ltr'>ἐκ</span> <span class='ocrx_word' id='word_1_593' title='bbox 2515 3991 2774 4061; x_wconf 83' lang='grc' dir='ltr'>γειτόνων</span> <span class='ocrx_word' id='word_1_594' title='bbox 2815 3984 2959 4044; x_wconf 83' lang='grc' dir='ltr'>εἶναι</span> <span class='ocrx_word' id='word_1_595' title='bbox 3010 3990 3247 4062; x_wconf 79' lang='grc' dir='ltr'>καρπὸν,</span> <span class='ocrx_word' id='word_1_596' title='bbox 3300 3991 3395 4044; x_wconf 82' lang='grc' dir='ltr'><strong>καὶ</strong></span> <span class='ocrx_word' id='word_1_597' title='bbox 3435 3993 3545 4054; x_wconf 77' lang='grc' dir='ltr'>τοῖς</span> <span class='ocrx_word' id='word_1_598' title='bbox 3575 3991 3678 4062; x_wconf 82' lang='grc' dir='ltr'>μὲν</span> 
     </span>
    </p>
   </div>
   <div class='ocr_carea' id='block_1_86' title="bbox 2085 4082 3675 4157">
    <p class='ocr_par' dir='ltr' id='par_1_86' title="bbox 2085 4082 3675 4157">
     <span class='ocr_line' id='line_1_86' title="bbox 2085 4082 3675 4157; baseline -0.001 -19"><span class='ocrx_word' id='word_1_599' title='bbox 2085 4085 2264 4153; x_wconf 80' lang='grc' dir='ltr'>ἄλλοις</span> <span class='ocrx_word' id='word_1_600' title='bbox 2306 4087 2510 4147; x_wconf 65' lang='grc' dir='ltr'>πᾶσιν,</span> <span class='ocrx_word' id='word_1_601' title='bbox 2557 4083 2592 4137; x_wconf 77' lang='grc' dir='ltr'><strong>ἃ.</strong></span> <span class='ocrx_word' id='word_1_602' title='bbox 2634 4084 2771 4154; x_wconf 57' lang='grc' dir='ltr'>πρδις</span> <span class='ocrx_word' id='word_1_603' title='bbox 2829 4083 2924 4135; x_wconf 79' lang='grc' dir='ltr'>τοῦ</span> <span class='ocrx_word' id='word_1_604' title='bbox 2957 4082 3355 4157; x_wconf 76' lang='grc' dir='ltr'>Παμῦασιλέως</span> <span class='ocrx_word' id='word_1_605' title='bbox 3405 4083 3675 4153; x_wconf 72' lang='grc' dir='ltr'>πρότερον</span> 
     </span>
    </p>
   </div>
   <div class='ocr_carea' id='block_1_87' title="bbox 2086 4174 3675 4249">
    <p class='ocr_par' dir='ltr' id='par_1_87' title="bbox 2086 4174 3675 4249">
     <span class='ocr_line' id='line_1_87' title="bbox 2086 4174 3675 4249; baseline -0.003 -19"><span class='ocrx_word' id='word_1_606' title='bbox 2086 4176 2329 4249; x_wconf 76' lang='grc' dir='ltr'><strong>ὲπηύξω,</strong></span> <span class='ocrx_word' id='word_1_607' title='bbox 2369 4176 2442 4249; x_wconf 82' lang='grc' dir='ltr'>μὴ</span> <span class='ocrx_word' id='word_1_608' title='bbox 2477 4175 2728 4249; x_wconf 82' lang='grc' dir='ltr'>διαλίπῃς</span> <span class='ocrx_word' id='word_1_609' title='bbox 2787 4175 2948 4243; x_wconf 78' lang='grc' dir='ltr'>αὐτὸς</span> <span class='ocrx_word' id='word_1_610' title='bbox 2983 4175 3222 4248; x_wconf 79' lang='grc' dir='ltr'>ἐνεργῶν</span> <span class='ocrx_word' id='word_1_611' title='bbox 3248 4191 3261 4205; x_wconf 91' lang='grc'><strong>·</strong></span> <span class='ocrx_word' id='word_1_612' title='bbox 3303 4174 3530 4228; x_wconf 80' lang='grc' dir='ltr'>δύνασαι</span> <span class='ocrx_word' id='word_1_613' title='bbox 3567 4175 3675 4245; x_wconf 80' lang='grc' dir='ltr'>γὰρ</span> 
     </span>
    </p>
   </div>
   <div class='ocr_carea' id='block_1_88' title="bbox 2086 4269 3675 4342">
    <p class='ocr_par' dir='ltr' id='par_1_88' title="bbox 2086 4269 3675 4342">
     <span class='ocr_line' id='line_1_88' title="bbox 2086 4269 3675 4342; baseline -0.005 -13"><span class='ocrx_word' id='word_1_614' title='bbox 2086 4275 2299 4330; x_wconf 71' lang='grc' dir='ltr'>ἐκεῖθεν</span> <span class='ocrx_word' id='word_1_615' title='bbox 2329 4273 2510 4328; x_wconf 78' lang='grc' dir='ltr'>λαϐών</span> <span class='ocrx_word' id='word_1_616' title='bbox 2529 4290 2540 4304; x_wconf 83' lang='grc'><em>’</em></span> <span class='ocrx_word' id='word_1_617' title='bbox 2571 4276 2683 4336; x_wconf 84' lang='grc' dir='ltr'>τοῖς</span> <span class='ocrx_word' id='word_1_618' title='bbox 2711 4272 2918 4342; x_wconf 79' lang='grc' dir='ltr'>γείτοσι</span> <span class='ocrx_word' id='word_1_619' title='bbox 2945 4272 3002 4326; x_wconf 80' lang='grc' dir='ltr'>δὲ</span> <span class='ocrx_word' id='word_1_620' title='bbox 3046 4272 3141 4330; x_wconf 76' lang='grc' dir='ltr'><strong>καὶ</strong></span> <span class='ocrx_word' id='word_1_621' title='bbox 3172 4270 3442 4339; x_wconf 79' lang='grc' dir='ltr'>πολίταις,</span> <span class='ocrx_word' id='word_1_622' title='bbox 3474 4270 3551 4332; x_wconf 80' lang='grc' dir='ltr'><strong>ὡς</strong></span> <span class='ocrx_word' id='word_1_623' title='bbox 3577 4269 3675 4341; x_wconf 77' lang='grc' dir='ltr'>μὲν</span> 
     </span>
    </p>
   </div>
   <div class='ocr_carea' id='block_1_89' title="bbox 2086 4362 3673 4438">
    <p class='ocr_par' dir='ltr' id='par_1_89' title="bbox 2086 4362 3673 4438">
     <span class='ocr_line' id='line_1_89' title="bbox 2086 4362 3673 4438; baseline 0 -15"><span class='ocrx_word' id='word_1_624' title='bbox 2086 4369 2490 4438; x_wconf 80' lang='grc' dir='ltr'>ἀνηρτημένοις</span> <span class='ocrx_word' id='word_1_625' title='bbox 2545 4366 2644 4436; x_wconf 77' lang='grc' dir='ltr'><strong>τῆς</strong></span> <span class='ocrx_word' id='word_1_626' title='bbox 2702 4367 2939 4429; x_wconf 84' lang='grc' dir='ltr'>πίστεως</span> <span class='ocrx_word' id='word_1_627' title='bbox 2997 4365 3093 4421; x_wconf 69' lang='grc' dir='ltr'><strong>καὶ</strong></span> <span class='ocrx_word' id='word_1_628' title='bbox 3141 4363 3364 4433; x_wconf 78' lang='grc' dir='ltr'>ἀγάπης</span> <span class='ocrx_word' id='word_1_629' title='bbox 3408 4362 3508 4432; x_wconf 80' lang='grc' dir='ltr'><strong>τῆς</strong></span> <span class='ocrx_word' id='word_1_630' title='bbox 3549 4362 3673 4431; x_wconf 83' lang='grc' dir='ltr'><strong>σῆς,</strong></span> 
     </span>
    </p>
   </div>
   <div class='ocr_carea' id='block_1_90' title="bbox 2086 4453 3675 4530">
    <p class='ocr_par' dir='ltr' id='par_1_90' title="bbox 2086 4453 3675 4530">
     <span class='ocr_line' id='line_1_90' title="bbox 2086 4453 3675 4530; baseline -0.004 -17"><span class='ocrx_word' id='word_1_631' title='bbox 2086 4460 2257 4515; x_wconf 77' lang='grc' dir='ltr'>πλείω</span> <span class='ocrx_word' id='word_1_632' title='bbox 2284 4459 2393 4512; x_wconf 88' lang='grc' dir='ltr'>τῶν</span> <span class='ocrx_word' id='word_1_633' title='bbox 2424 4456 2784 4530; x_wconf 82' lang='grc' dir='ltr'>ἀγαθοδώρων</span> <span class='ocrx_word' id='word_1_634' title='bbox 2816 4455 2948 4509; x_wconf 81' lang='grc' dir='ltr'><strong>Θευῦ</strong></span> <span class='ocrx_word' id='word_1_635' title='bbox 2982 4454 3203 4524; x_wconf 78' lang='grc' dir='ltr'>ἀγαθῶν</span> <span class='ocrx_word' id='word_1_636' title='bbox 3233 4453 3324 4507; x_wconf 77' lang='grc' dir='ltr'>τὸν</span> <span class='ocrx_word' id='word_1_637' title='bbox 3355 4469 3675 4525; x_wconf 82' lang='grc' dir='ltr'>περιουσια-</span> 
     </span>
    </p>
   </div>
   <div class='ocr_carea' id='block_1_91' title="bbox 395 4545 1979 4647">
    <p class='ocr_par' dir='ltr' id='par_1_91' title="bbox 395 4545 1979 4623">
     <span class='ocr_line' id='line_1_91' title="bbox 395 4545 1979 4623; baseline -0.003 -21"><span class='ocrx_word' id='word_1_638' title='bbox 395 4546 663 4602; x_wconf 88' lang='lat' dir='ltr'><strong>charitale</strong></span> <span class='ocrx_word' id='word_1_639' title='bbox 714 4548 1007 4613; x_wconf 80' lang='lat' dir='ltr'><strong>consertis,</strong></span> <span class='ocrx_word' id='word_1_640' title='bbox 1039 4547 1305 4623; x_wconf 81' lang='lat' dir='ltr'><strong>majorem</strong></span> <span class='ocrx_word' id='word_1_641' title='bbox 1360 4546 1633 4602; x_wconf 84' lang='lat' dir='ltr'><strong>bonorum</strong></span> <span class='ocrx_word' id='word_1_642' title='bbox 1667 4545 1761 4600; x_wconf 91' lang='lat' dir='ltr'><strong>Dei</strong></span> <span class='ocrx_word' id='word_1_643' title='bbox 1791 4560 1979 4607; x_wconf 82' lang='lat' dir='ltr'><strong>mune-</strong></span> 
     </span>
    </p>
   </div>
   <div class='ocr_carea' id='block_1_92' title="bbox 2086 4545 3715 4647">
    <p class='ocr_par' dir='ltr' id='par_1_92' title="bbox 2088 4548 3715 4629">
     <span class='ocr_line' id='line_1_92' title="bbox 2088 4548 3715 4629; baseline -0.004 -21"><span class='ocrx_word' id='word_1_644' title='bbox 2088 4556 2225 4627; x_wconf 66' lang='grc' dir='ltr'>σμρν</span> <span class='ocrx_word' id='word_1_645' title='bbox 2278 4555 2723 4629; x_wconf 75' lang='grc' dir='ltr'>ὲπιχορὴγησον.</span> <span class='ocrx_word' id='word_1_646' title='bbox 2777 4554 2858 4615; x_wconf 80' lang='grc' dir='ltr'><strong>είς</strong></span> <span class='ocrx_word' id='word_1_647' title='bbox 2904 4552 3066 4617; x_wconf 76' lang='grc' dir='ltr'>δόξαν</span> <span class='ocrx_word' id='word_1_648' title='bbox 3118 4551 3332 4622; x_wconf 71' lang='grc' dir='ltr'>Ματρὸς</span> <span class='ocrx_word' id='word_1_649' title='bbox 3381 4551 3476 4609; x_wconf 74' lang='grc' dir='ltr'><strong>καὶ</strong></span> <span class='ocrx_word' id='word_1_650' title='bbox 3538 4548 3715 4604; x_wconf 59' lang='grc' dir='ltr'>Υἱοῦι</span> 
     </span>
    </p>
   </div>
   <div class='ocr_carea' id='block_1_93' title="bbox 398 4635 1980 4709">
    <p class='ocr_par' dir='ltr' id='par_1_93' title="bbox 398 4635 1980 4709">
     <span class='ocr_line' id='line_1_93' title="bbox 398 4635 1980 4709; baseline -0.001 -19"><span class='ocrx_word' id='word_1_651' title='bbox 398 4651 518 4697; x_wconf 88' lang='lat' dir='ltr'><strong>rum</strong></span> <span class='ocrx_word' id='word_1_652' title='bbox 573 4637 784 4709; x_wconf 87' lang='lat' dir='ltr'><strong>copiam</strong></span> <span class='ocrx_word' id='word_1_653' title='bbox 848 4638 1231 4704; x_wconf 84' lang='lat' dir='ltr'><strong>subministra,</strong></span> <span class='ocrx_word' id='word_1_654' title='bbox 1291 4637 1346 4692; x_wconf 92' lang='lat' dir='ltr'><strong>in</strong></span> <span class='ocrx_word' id='word_1_655' title='bbox 1396 4638 1576 4693; x_wconf 78' lang='lat' dir='ltr'><strong>Patris</strong></span> <span class='ocrx_word' id='word_1_656' title='bbox 1635 4647 1689 4692; x_wconf 86' lang='lat' dir='ltr'><strong>et</strong></span> <span class='ocrx_word' id='word_1_657' title='bbox 1745 4635 1868 4690; x_wconf 88' lang='lat' dir='ltr'><strong>Filii</strong></span> <span class='ocrx_word' id='word_1_658' title='bbox 1927 4644 1980 4691; x_wconf 87' lang='lat' dir='ltr'><strong>et</strong></span> 
     </span>
    </p>
   </div>
   <div class='ocr_carea' id='block_1_94' title="bbox 398 4727 1973 4803">
    <p class='ocr_par' dir='ltr' id='par_1_94' title="bbox 398 4727 1973 4803">
     <span class='ocr_line' id='line_1_94' title="bbox 398 4727 1973 4803; baseline -0.001 -22"><span class='ocrx_word' id='word_1_659' title='bbox 398 4727 634 4798; x_wconf 88' lang='lat' dir='ltr'><strong>Spiritus</strong></span> <span class='ocrx_word' id='word_1_660' title='bbox 688 4732 861 4785; x_wconf 79' lang='lat' dir='ltr'><strong>sancti</strong></span> <span class='ocrx_word' id='word_1_661' title='bbox 912 4731 1172 4803; x_wconf 79' lang='lat' dir='ltr'><strong>gloriam,</strong></span> <span class='ocrx_word' id='word_1_662' title='bbox 1233 4731 1553 4803; x_wconf 32' lang='lat' dir='ltr'><strong>inkszccula</strong></span> <span class='ocrx_word' id='word_1_663' title='bbox 1622 4729 1973 4784; x_wconf 84' lang='lat' dir='ltr'><strong>saeculorum.</strong></span> 
     </span>
    </p>
   </div>
   <div class='ocr_carea' id='block_1_95' title="bbox 393 4773 1427 4875">
    <p class='ocr_par' dir='ltr' id='par_1_95' title="bbox 393 4773 1427 4875">
     <span class='ocr_line' id='line_1_95' title="bbox 398 4773 1427 4803; baseline 0.003 -21"><span class='ocrx_word' id='word_1_664' title='bbox 398 4773 634 4798; x_wconf 47' lang='grc' dir='ltr'><strong>ηψπ..-</strong></span> <span class='ocrx_word' id='word_1_665' title='bbox 912 4773 1172 4803; x_wconf 65' lang='grc' dir='ltr'><strong>υ.....ι....,</strong></span> <span class='ocrx_word' id='word_1_666' title='bbox 1233 4773 1291 4800; x_wconf 87' lang='lat'><strong>..._</strong></span> <span class='ocrx_word' id='word_1_667' title='bbox 1356 4773 1427 4786; x_wconf 51' lang='grc' dir='ltr'>...ι</span> 
     </span>
     <span class='ocr_line' id='line_1_96' title="bbox 393 4773 1427 4875; baseline 0.006 -1"><span class='ocrx_word' id='word_1_668' title='bbox 393 4820 588 4875; x_wconf 83' lang='lat' dir='ltr'><strong>Amen.</strong></span> <span class='ocrx_word' id='word_1_669' title='bbox 1292 4773 1427 4834; x_wconf 27' lang='lat' dir='ltr'><strong>SK”</strong></span> 
     </span>
    </p>
   </div>
   <div class='ocr_carea' id='block_1_96' title="bbox 2086 4637 3673 4714">
    <p class='ocr_par' dir='ltr' id='par_1_96' title="bbox 2086 4637 3673 4714">
     <span class='ocr_line' id='line_1_97' title="bbox 2086 4637 3673 4714; baseline -0.002 -14"><span class='ocrx_word' id='word_1_670' title='bbox 2086 4644 2181 4700; x_wconf 76' lang='grc' dir='ltr'><strong>καὶ</strong></span> <span class='ocrx_word' id='word_1_671' title='bbox 2208 4644 2365 4714; x_wconf 82' lang='grc' dir='ltr'>ἁγίου</span> <span class='ocrx_word' id='word_1_672' title='bbox 2405 4642 2746 4714; x_wconf 75' lang='grc' dir='ltr'>Πνεύματος,</span> <span class='ocrx_word' id='word_1_673' title='bbox 2797 4645 2879 4706; x_wconf 81' lang='grc' dir='ltr'>είς</span> <span class='ocrx_word' id='word_1_674' title='bbox 2912 4643 3039 4707; x_wconf 71' lang='grc' dir='ltr'>τοὺς</span> <span class='ocrx_word' id='word_1_675' title='bbox 3076 4642 3280 4707; x_wconf 81' lang='grc' dir='ltr'>αίῷνας</span> <span class='ocrx_word' id='word_1_676' title='bbox 3304 4637 3413 4713; x_wconf 83' lang='grc' dir='ltr'><strong>τῷν</strong></span> <span class='ocrx_word' id='word_1_677' title='bbox 3437 4641 3673 4697; x_wconf 78' lang='grc' dir='ltr'>αἰώνων.</span> 
     </span>
    </p>
   </div>
   <div class='ocr_carea' id='block_1_97' title="bbox 2099 4734 2293 4807">
    <p class='ocr_par' dir='ltr' id='par_1_97' title="bbox 2099 4734 2293 4807">
     <span class='ocr_line' id='line_1_98' title="bbox 2099 4734 2293 4807; baseline -0.01 -17"><span class='ocrx_word' id='word_1_678' title='bbox 2099 4734 2293 4807; x_wconf 81' lang='grc' dir='ltr'>Ἀμήν.</span> 
     </span>
    </p>
   </div>
   <div class='ocr_carea' id='block_1_98' title="bbox 1849 4961 2259 5019">
    <p class='ocr_par' dir='ltr' id='par_1_98' title="bbox 1849 4961 2259 5019">
     <span class='ocr_line' id='line_1_99' title="bbox 1849 4961 2259 5019; baseline -0.007 0"><span class='ocrx_word' id='word_1_679' title='bbox 1849 4962 2110 5019; x_wconf 78' lang='lat' dir='ltr'><strong>ORATIO</strong></span> <span class='ocrx_word' id='word_1_680' title='bbox 2140 4961 2259 5017; x_wconf 76' lang='lat' dir='ltr'><strong>XX.</strong></span> 
     </span>
    </p>
   </div>
   <div class='ocr_carea' id='block_1_99' title="bbox 589 5044 3434 5154">
    <p class='ocr_par' dir='ltr' id='par_1_99' title="bbox 589 5044 3434 5154">
     <span class='ocr_line' id='line_1_100' title="bbox 589 5044 3434 5154; baseline -0.003 -20"><span class='ocrx_word' id='word_1_681' title='bbox 589 5077 855 5136; x_wconf 71' lang='lat' dir='ltr'><strong>[nudatio</strong></span> <span class='ocrx_word' id='word_1_682' title='bbox 888 5085 1066 5154; x_wconf 85' lang='lat' dir='ltr'><strong>magni</strong></span> <span class='ocrx_word' id='word_1_683' title='bbox 1095 5081 1354 5154; x_wconf 81' lang='lat' dir='ltr'><strong>Gregorii,</strong></span> <span class='ocrx_word' id='word_1_684' title='bbox 1387 5080 1995 5144; x_wconf 72' lang='lat' dir='ltr'><strong>Cortstanlinopolitanw</strong></span> <span class='ocrx_word' id='word_1_685' title='bbox 2027 5044 2173 5135; x_wconf 63' lang='lat' dir='ltr'><strong>urbis</strong></span> <span class='ocrx_word' id='word_1_686' title='bbox 2215 5078 2622 5147; x_wconf 80' lang='lat' dir='ltr'><strong>archiepiscopi,</strong></span> <span class='ocrx_word' id='word_1_687' title='bbox 2668 5083 3011 5146; x_wconf 81' lang='lat' dir='ltr'><strong>cognomento</strong></span> <span class='ocrx_word' id='word_1_688' title='bbox 3066 5072 3315 5145; x_wconf 78' lang='lat' dir='ltr'><strong>Theologi</strong></span> <span class='ocrx_word' id='word_1_689' title='bbox 3356 5072 3434 5145; x_wconf 86' lang='grc' dir='ltr'><strong>(Ι)</strong></span> 
     </span>
    </p>
   </div>
   <div class='ocr_carea' id='block_1_100' title="bbox 465 5193 1978 5274">
    <p class='ocr_par' dir='ltr' id='par_1_100' title="bbox 465 5193 1978 5274">
     <span class='ocr_line' id='line_1_101' title="bbox 465 5193 1978 5274; baseline 0.004 -26"><span class='ocrx_word' id='word_1_690' title='bbox 465 5193 722 5271; x_wconf 73' lang='lat' dir='ltr'><strong>Magnum</strong></span> <span class='ocrx_word' id='word_1_691' title='bbox 755 5197 1092 5274; x_wconf 76' lang='lat' dir='ltr'><strong>Tlrcologum</strong></span> <span class='ocrx_word' id='word_1_692' title='bbox 1135 5203 1460 5266; x_wconf 84' lang='lat' dir='ltr'><strong>laudaturus</strong></span> <span class='ocrx_word' id='word_1_693' title='bbox 1496 5201 1728 5267; x_wconf 85' lang='lat' dir='ltr'><strong>accedo,</strong></span> <span class='ocrx_word' id='word_1_694' title='bbox 1765 5200 1978 5260; x_wconf 87' lang='lat' dir='ltr'><strong>tametsi</strong></span> 
     </span>
    </p>
   </div>
   <div class='ocr_carea' id='block_1_101' title="bbox 396 5287 1982 5367">
    <p class='ocr_par' dir='ltr' id='par_1_101' title="bbox 396 5287 1982 5367">
     <span class='ocr_line' id='line_1_102' title="bbox 396 5287 1982 5367; baseline 0.004 -26"><span class='ocrx_word' id='word_1_695' title='bbox 396 5287 442 5342; x_wconf 90' lang='lat' dir='ltr'><strong>is</strong></span> <span class='ocrx_word' id='word_1_696' title='bbox 473 5289 728 5345; x_wconf 88' lang='lat' dir='ltr'><strong>laudibus</strong></span> <span class='ocrx_word' id='word_1_697' title='bbox 762 5293 989 5353; x_wconf 75' lang='lat' dir='ltr'><strong>eiiiinet.</strong></span> <span class='ocrx_word' id='word_1_698' title='bbox 1029 5292 1271 5367; x_wconf 69' lang='lat' dir='ltr'><strong>[Equum</strong></span> <span class='ocrx_word' id='word_1_699' title='bbox 1320 5296 1464 5348; x_wconf 86' lang='lat' dir='ltr'><strong>enim</strong></span> <span class='ocrx_word' id='word_1_700' title='bbox 1498 5313 1512 5362; x_wconf 87' lang='lat'><strong>;</strong></span> <span class='ocrx_word' id='word_1_701' title='bbox 1551 5309 1650 5351; x_wconf 89' lang='lat' dir='ltr'><strong>nec</strong></span> <span class='ocrx_word' id='word_1_702' title='bbox 1681 5310 1809 5351; x_wconf 88' lang='lat' dir='ltr'><strong>vero</strong></span> <span class='ocrx_word' id='word_1_703' title='bbox 1843 5293 1982 5349; x_wconf 88' lang='lat' dir='ltr'><strong>duu-</strong></span> 
     </span>
    </p>
   </div>
   <div class='ocr_carea' id='block_1_102' title="bbox 398 5382 1982 5450">
    <p class='ocr_par' dir='ltr' id='par_1_102' title="bbox 398 5382 1982 5450">
     <span class='ocr_line' id='line_1_103' title="bbox 398 5382 1982 5450; baseline 0.004 -18"><span class='ocrx_word' id='word_1_704' title='bbox 398 5388 545 5434; x_wconf 87' lang='lat' dir='ltr'><strong>Iaxat</strong></span> <span class='ocrx_word' id='word_1_705' title='bbox 572 5397 810 5450; x_wconf 73' lang='lat' dir='ltr'><strong>:equum,</strong></span> <span class='ocrx_word' id='word_1_706' title='bbox 845 5382 937 5441; x_wconf 87' lang='lat' dir='ltr'><strong>sed</strong></span> <span class='ocrx_word' id='word_1_707' title='bbox 971 5392 1029 5437; x_wconf 89' lang='lat' dir='ltr'><strong>ut</strong></span> <span class='ocrx_word' id='word_1_708' title='bbox 1063 5384 1223 5441; x_wconf 82' lang='lat' dir='ltr'><strong>etiam</strong></span> <span class='ocrx_word' id='word_1_709' title='bbox 1255 5384 1489 5438; x_wconf 84' lang='lat' dir='ltr'><strong>maxime</strong></span> <span class='ocrx_word' id='word_1_710' title='bbox 1518 5384 1707 5443; x_wconf 86' lang='lat' dir='ltr'><strong>deccat</strong></span> <span class='ocrx_word' id='word_1_711' title='bbox 1735 5385 1982 5443; x_wconf 82' lang='lat' dir='ltr'><strong>oratione</strong></span> 
     </span>
    </p>
   </div>
   <div class='ocr_carea' id='block_1_103' title="bbox 397 5471 1981 5549">
    <p class='ocr_par' dir='ltr' id='par_1_103' title="bbox 397 5471 1981 5549">
     <span class='ocr_line' id='line_1_104' title="bbox 397 5471 1981 5549; baseline 0.004 -24"><span class='ocrx_word' id='word_1_712' title='bbox 397 5471 619 5545; x_wconf 83' lang='lat' dir='ltr'><strong>defungi</strong></span> <span class='ocrx_word' id='word_1_713' title='bbox 663 5473 783 5531; x_wconf 79' lang='lat' dir='ltr'><strong>viro</strong></span> <span class='ocrx_word' id='word_1_714' title='bbox 824 5475 1303 5546; x_wconf 79' lang='lat' dir='ltr'><strong>eloquentissimo,</strong></span> <span class='ocrx_word' id='word_1_715' title='bbox 1336 5476 1627 5549; x_wconf 82' lang='lat' dir='ltr'><strong>omnisque</strong></span> <span class='ocrx_word' id='word_1_716' title='bbox 1655 5476 1981 5546; x_wconf 77' lang='lat' dir='ltr'><strong>eloquentiae</strong></span> 
     </span>
    </p>
   </div>
   <div class='ocr_carea' id='block_1_104' title="bbox 474 5628 1978 5699">
    <p class='ocr_par' dir='ltr' id='par_1_104' title="bbox 474 5628 1978 5699">
     <span class='ocr_line' id='line_1_105' title="bbox 474 5628 1978 5699; baseline 0.003 -19"><span class='ocrx_word' id='word_1_717' title='bbox 474 5628 586 5699; x_wconf 60' lang='lat' dir='ltr'><strong>(id)</strong></span> <span class='ocrx_word' id='word_1_718' title='bbox 621 5628 767 5684; x_wconf 88' lang='lat' dir='ltr'><strong>Satis</strong></span> <span class='ocrx_word' id='word_1_719' title='bbox 797 5632 941 5686; x_wconf 87' lang='lat' dir='ltr'><strong>clara</strong></span> <span class='ocrx_word' id='word_1_720' title='bbox 969 5631 1060 5686; x_wconf 82' lang='lat' dir='ltr'><strong>hic</strong></span> <span class='ocrx_word' id='word_1_721' title='bbox 1082 5644 1162 5688; x_wconf 85' lang='lat' dir='ltr'><strong>est</strong></span> <span class='ocrx_word' id='word_1_722' title='bbox 1199 5632 1417 5698; x_wconf 89' lang='lat' dir='ltr'><strong>allusio,</strong></span> <span class='ocrx_word' id='word_1_723' title='bbox 1488 5633 1631 5688; x_wconf 88' lang='lat' dir='ltr'><strong>sicut</strong></span> <span class='ocrx_word' id='word_1_724' title='bbox 1662 5631 1827 5685; x_wconf 80' lang='lat' dir='ltr'><strong>etiam</strong></span> <span class='ocrx_word' id='word_1_725' title='bbox 1876 5630 1978 5685; x_wconf 76' lang='lat' dir='ltr'><strong>fuit</strong></span> 
     </span>
    </p>
   </div>
   <div class='ocr_carea' id='block_1_105' title="bbox 396 5697 1978 5783">
    <p class='ocr_par' dir='ltr' id='par_1_105' title="bbox 396 5697 1978 5783">
     <span class='ocr_line' id='line_1_106' title="bbox 396 5697 1978 5783; baseline -0.002 -25"><span class='ocrx_word' id='word_1_726' title='bbox 396 5697 849 5783; x_wconf 43' lang='grc' dir='ltr'>,θξρηᾶίαηθιιι</span> <span class='ocrx_word' id='word_1_727' title='bbox 866 5703 925 5765; x_wconf 90' lang='lat' dir='ltr'><strong>S,</strong></span> <span class='ocrx_word' id='word_1_728' title='bbox 955 5702 1208 5783; x_wconf 68' lang='lat' dir='ltr'><strong>Martyris</strong></span> <span class='ocrx_word' id='word_1_729' title='bbox 1240 5717 1462 5783; x_wconf 73' lang='lat' dir='ltr'><strong>nomen,</strong></span> <span class='ocrx_word' id='word_1_730' title='bbox 1480 5715 1555 5783; x_wconf 77' lang='lat' dir='ltr'><strong>_et_.</strong></span> <span class='ocrx_word' id='word_1_731' title='bbox 1574 5704 1874 5783; x_wconf 66' lang='lat' dir='ltr'><strong>pretiosum</strong></span> <span class='ocrx_word' id='word_1_732' title='bbox 1897 5702 1978 5763; x_wconf 84' lang='lat' dir='ltr'><strong>la—</strong></span> 
     </span>
    </p>
   </div>
   <div class='ocr_carea' id='block_1_106' title="bbox 400 5764 1978 5844">
    <p class='ocr_par' dir='ltr' id='par_1_106' title="bbox 400 5764 1978 5844">
     <span class='ocr_line' id='line_1_107' title="bbox 400 5764 1978 5844; baseline 0.013 -30"><span class='ocrx_word' id='word_1_733' title='bbox 400 5764 578 5844; x_wconf 79' lang='lat' dir='ltr'><strong>pidem</strong></span> <span class='ocrx_word' id='word_1_734' title='bbox 615 5764 989 5844; x_wconf 82' lang='lat' dir='ltr'><strong>hyacinthum.</strong></span> <span class='ocrx_word' id='word_1_735' title='bbox 1024 5764 1390 5828; x_wconf 58' lang='lat' dir='ltr'><strong>Do&#39;allusione</strong></span> <span class='ocrx_word' id='word_1_736' title='bbox 1427 5764 1493 5827; x_wconf 75' lang='lat' dir='ltr'><strong>ad</strong></span> <span class='ocrx_word' id='word_1_737' title='bbox 1525 5764 1978 5844; x_wconf 53' lang='lat' dir='ltr'><strong>ﬂoscuiuttiejusa</strong></span> 
     </span>
    </p>
   </div>
   <div class='ocr_carea' id='block_1_107' title="bbox 400 5833 1528 5914">
    <p class='ocr_par' dir='ltr' id='par_1_107' title="bbox 400 5833 1528 5914">
     <span class='ocr_line' id='line_1_108' title="bbox 400 5833 1528 5914; baseline 0.013 -29"><span class='ocrx_word' id='word_1_738' title='bbox 400 5833 521 5885; x_wconf 87' lang='lat' dir='ltr'><strong>dem</strong></span> <span class='ocrx_word' id='word_1_739' title='bbox 588 5833 826 5894; x_wconf 78' lang='lat' dir='ltr'><strong>nominis</strong></span> <span class='ocrx_word' id='word_1_740' title='bbox 863 5840 975 5909; x_wconf 77' lang='lat' dir='ltr'><strong>iam</strong></span> <span class='ocrx_word' id='word_1_741' title='bbox 1010 5844 1249 5899; x_wconf 76' lang='lat' dir='ltr'><strong>diximus</strong></span> <span class='ocrx_word' id='word_1_742' title='bbox 1280 5846 1418 5914; x_wconf 87' lang='lat' dir='ltr'><strong>(not.</strong></span> <span class='ocrx_word' id='word_1_743' title='bbox 1459 5846 1528 5913; x_wconf 80' lang='grc' dir='ltr'><strong>ι).</strong></span> 
     </span>
    </p>
   </div>
   <div class='ocr_carea' id='block_1_108' title="bbox 2087 5195 3671 5271">
    <p class='ocr_par' dir='ltr' id='par_1_108' title="bbox 2087 5195 3671 5271">
     <span class='ocr_line' id='line_1_109' title="bbox 2087 5195 3671 5271; baseline -0.004 -16"><span class='ocrx_word' id='word_1_744' title='bbox 2087 5199 2289 5271; x_wconf 72' lang='lat' dir='ltr'><strong>regula:</strong></span> <span class='ocrx_word' id='word_1_745' title='bbox 2345 5214 2410 5254; x_wconf 88' lang='lat' dir='ltr'><strong>ae</strong></span> <span class='ocrx_word' id='word_1_746' title='bbox 2456 5197 2741 5271; x_wconf 74' lang='lat' dir='ltr'><strong>magistro.</strong></span> <span class='ocrx_word' id='word_1_747' title='bbox 2778 5195 2886 5252; x_wconf 83' lang='lat' dir='ltr'><strong>Nec</strong></span> <span class='ocrx_word' id='word_1_748' title='bbox 2925 5195 3071 5265; x_wconf 90' lang='lat' dir='ltr'><strong>quod</strong></span> <span class='ocrx_word' id='word_1_749' title='bbox 3099 5197 3174 5251; x_wconf 84' lang='lat' dir='ltr'><strong>sit</strong></span> <span class='ocrx_word' id='word_1_750' title='bbox 3206 5209 3453 5260; x_wconf 84' lang='lat' dir='ltr'><strong>necesse,</strong></span> <span class='ocrx_word' id='word_1_751' title='bbox 3481 5201 3542 5248; x_wconf 89' lang='lat' dir='ltr'><strong>ut</strong></span> <span class='ocrx_word' id='word_1_752' title='bbox 3574 5209 3671 5251; x_wconf 87' lang='lat' dir='ltr'><strong>ne-</strong></span> 
     </span>
    </p>
   </div>
   <div class='ocr_carea' id='block_1_109' title="bbox 2087 5284 3671 5369">
    <p class='ocr_par' dir='ltr' id='par_1_109' title="bbox 2087 5284 3671 5369">
     <span class='ocr_line' id='line_1_110' title="bbox 2087 5284 3671 5369; baseline -0.005 -18"><span class='ocrx_word' id='word_1_753' title='bbox 2087 5292 2217 5351; x_wconf 86' lang='lat' dir='ltr'><strong>dum</strong></span> <span class='ocrx_word' id='word_1_754' title='bbox 2252 5292 2375 5369; x_wconf 85' lang='lat' dir='ltr'><strong>ipsi,</strong></span> <span class='ocrx_word' id='word_1_755' title='bbox 2409 5291 2506 5367; x_wconf 89' lang='lat' dir='ltr'><strong>qui</strong></span> <span class='ocrx_word' id='word_1_756' title='bbox 2536 5290 2700 5347; x_wconf 86' lang='lat' dir='ltr'><strong>tantis</strong></span> <span class='ocrx_word' id='word_1_757' title='bbox 2730 5290 2798 5345; x_wconf 89' lang='lat' dir='ltr'><strong>ab</strong></span> <span class='ocrx_word' id='word_1_758' title='bbox 2828 5290 2921 5345; x_wconf 88' lang='lat' dir='ltr'><strong>illo</strong></span> <span class='ocrx_word' id='word_1_759' title='bbox 2952 5289 3197 5359; x_wconf 83' lang='lat' dir='ltr'><strong>partibus</strong></span> <span class='ocrx_word' id='word_1_760' title='bbox 3227 5287 3537 5353; x_wconf 75' lang='lat' dir='ltr'><strong>deﬁcimus,</strong></span> <span class='ocrx_word' id='word_1_761' title='bbox 3573 5284 3671 5343; x_wconf 84' lang='lat' dir='ltr'><strong>sed</strong></span> 
     </span>
    </p>
   </div>
   <div class='ocr_carea' id='block_1_110' title="bbox 2086 5380 3668 5455">
    <p class='ocr_par' dir='ltr' id='par_1_110' title="bbox 2086 5380 3668 5455">
     <span class='ocr_line' id='line_1_111' title="bbox 2086 5380 3668 5455; baseline -0.005 -16"><span class='ocrx_word' id='word_1_762' title='bbox 2086 5394 2141 5445; x_wconf 87' lang='lat' dir='ltr'><strong>et</strong></span> <span class='ocrx_word' id='word_1_763' title='bbox 2192 5384 2286 5455; x_wconf 88' lang='lat' dir='ltr'><strong>qui</strong></span> <span class='ocrx_word' id='word_1_764' title='bbox 2321 5388 2388 5439; x_wconf 86' lang='lat' dir='ltr'><strong>ad</strong></span> <span class='ocrx_word' id='word_1_765' title='bbox 2428 5398 2698 5441; x_wconf 83' lang='lat' dir='ltr'><strong>summam</strong></span> <span class='ocrx_word' id='word_1_766' title='bbox 2748 5381 3022 5451; x_wconf 84' lang='lat' dir='ltr'><strong>magnitici</strong></span> <span class='ocrx_word' id='word_1_767' title='bbox 3073 5380 3243 5437; x_wconf 87' lang='lat' dir='ltr'><strong>animi</strong></span> <span class='ocrx_word' id='word_1_768' title='bbox 3293 5380 3668 5450; x_wconf 63' lang='lat' dir='ltr'><strong>prmatantiam</strong></span> 
     </span>
    </p>
   </div>
   <div class='ocr_carea' id='block_1_111' title="bbox 2088 5472 3672 5546">
    <p class='ocr_par' dir='ltr' id='par_1_111' title="bbox 2088 5472 3672 5546">
     <span class='ocr_line' id='line_1_112' title="bbox 2088 5472 3672 5546; baseline -0.003 -15"><span class='ocrx_word' id='word_1_769' title='bbox 2088 5477 2332 5535; x_wconf 78' lang='lat' dir='ltr'><strong>evasisse</strong></span> <span class='ocrx_word' id='word_1_770' title='bbox 2390 5477 2661 5537; x_wconf 80' lang='lat' dir='ltr'><strong>videntur.</strong></span> <span class='ocrx_word' id='word_1_771' title='bbox 2715 5475 2783 5533; x_wconf 89' lang='lat' dir='ltr'><strong>ab</strong></span> <span class='ocrx_word' id='word_1_772' title='bbox 2840 5489 2906 5529; x_wconf 91' lang='lat' dir='ltr'><strong>eo</strong></span> <span class='ocrx_word' id='word_1_773' title='bbox 2946 5473 3094 5546; x_wconf 87' lang='lat' dir='ltr'><strong>quod</strong></span> <span class='ocrx_word' id='word_1_774' title='bbox 3143 5481 3227 5533; x_wconf 85' lang='lat' dir='ltr'><strong>est</strong></span> <span class='ocrx_word' id='word_1_775' title='bbox 3276 5489 3376 5543; x_wconf 83' lang='lat' dir='ltr'><strong>pro</strong></span> <span class='ocrx_word' id='word_1_776' title='bbox 3415 5472 3672 5545; x_wconf 60' lang='lat' dir='ltr'><strong>dignitate</strong></span> 
     </span>
    </p>
   </div>
   <div class='ocr_carea' id='block_1_112' title="bbox 2159 5628 3669 5702">
    <p class='ocr_par' dir='ltr' id='par_1_112' title="bbox 2159 5628 3669 5702">
     <span class='ocr_line' id='line_1_113' title="bbox 2159 5628 3669 5702; baseline -0.003 -17"><span class='ocrx_word' id='word_1_777' title='bbox 2159 5633 2235 5702; x_wconf 87' lang='lat' dir='ltr'><strong>(l)</strong></span> <span class='ocrx_word' id='word_1_778' title='bbox 2273 5633 2348 5686; x_wconf 76' lang='lat' dir='ltr'><strong>Ex</strong></span> <span class='ocrx_word' id='word_1_779' title='bbox 2389 5632 2585 5702; x_wconf 77' lang='lat' dir='ltr'><strong>codice</strong></span> <span class='ocrx_word' id='word_1_780' title='bbox 2616 5630 2956 5697; x_wconf 71' lang='lat' dir='ltr'><strong>Mazarinmo,</strong></span> <span class='ocrx_word' id='word_1_781' title='bbox 3004 5629 3096 5685; x_wconf 91' lang='lat' dir='ltr'><strong>Fr.</strong></span> <span class='ocrx_word' id='word_1_782' title='bbox 3124 5629 3452 5702; x_wconf 83' lang='lat' dir='ltr'><strong>Combeﬁsio</strong></span> <span class='ocrx_word' id='word_1_783' title='bbox 3505 5628 3669 5681; x_wconf 82' lang='lat' dir='ltr'><strong>inter-</strong></span> 
     </span>
    </p>
   </div>
   <div class='ocr_carea' id='block_1_113' title="bbox 2120 5700 3666 5844">
    <p class='ocr_par' dir='ltr' id='par_1_113' title="bbox 2120 5700 3666 5844">
     <span class='ocr_line' id='line_1_114' title="bbox 2120 5700 3666 5831; baseline -0.005 -72"><span class='ocrx_word' id='word_1_784' title='bbox 2120 5700 2261 5831; x_wconf 71' lang='lat' dir='ltr'><strong>nl&#39;cte,</strong></span> <span class='ocrx_word' id='word_1_785' title='bbox 2298 5701 2723 5831; x_wconf 50' lang='lat' dir='ltr'><strong>iérléiibliotbcca</strong></span> <span class='ocrx_word' id='word_1_786' title='bbox 2775 5703 2999 5759; x_wconf 86' lang='lat' dir='ltr'><strong>Patrum</strong></span> <span class='ocrx_word' id='word_1_787' title='bbox 3046 5700 3483 5768; x_wconf 78' lang='lat' dir='ltr'><strong>concinnatoria,</strong></span> <span class='ocrx_word' id='word_1_788' title='bbox 3533 5708 3666 5755; x_wconf 70' lang='lat' dir='ltr'><strong>tom.</strong></span> 
     </span>
     <span class='ocr_line' id='line_1_115' title="bbox 2120 5776 2429 5844; baseline -0.006 -16"><span class='ocrx_word' id='word_1_789' title='bbox 2120 5777 2131 5829; x_wconf 60' lang='grc' dir='ltr'><em>τ</em></span> <span class='ocrx_word' id='word_1_790' title='bbox 2166 5817 2177 5840; x_wconf 82' lang='grc'><em>,</em></span> <span class='ocrx_word' id='word_1_791' title='bbox 2209 5790 2263 5844; x_wconf 90' lang='lat' dir='ltr'><strong>p.</strong></span> <span class='ocrx_word' id='word_1_792' title='bbox 2396 5776 2429 5827; x_wconf 83' lang='lat'><strong>‘.</strong></span> 
     </span>
    </p>
   </div>
  </div>
