4022 6394
377 391 481 461 441

1092 392 1374 453 ORATIO
1412 391 1538 455 XX.
1562 421 1630 432 -
1692 394 1775 456 IN
1818 395 2132 456 LAUDEM
2170 398 2227 459 S.
2257 399 2636 460 GREGORII
2674 400 2946 462 THEOL.

3553 403 3660 467 442

379 514 679 572 exerrent;
719 503 923 560 idcirco
970 503 1301 569 inhibendus
1334 514 1596 571 conatus,
1634 507 1966 580 segniusque
1995 517 2040 570 Α
2068 512 2312 583 cogitatu
2373 513 2684 569 dirimatur.
2738 512 3214 579 Quemadmodum
3271 515 3419 573 enim
3489 517 3663 574 hocce

378 598 650 668 agendum
679 611 843 671 quam
873 603 932 650 ut
963 610 1075 650 rem
1104 597 1508 666 aggrediamur.
1540 597 1791 671 Magnum
1816 599 1962 656 enim

379 687 685 757 ingensque
717 694 821 751 est,
854 693 912 740 ut
945 686 1026 740 vel
1055 693 1377 757 temperate,
1405 687 1457 741 in
1491 688 1558 741 iis
1582 703 1703 759 quae
1728 688 1965 749 maxima

378 791 536 841 sunt,
562 780 671 832 vim
694 778 999 851 argumenti
1027 787 1224 834 tractes
1248 797 1263 835 :
1298 781 1497 834 nedum
1525 789 1585 835 ut
1616 797 1715 852 pro
1737 797 1965 852 operum

379 873 582 926 merito
627 871 966 941 exsequeris.
1003 870 1140 939 Quia
1176 871 1321 925 enim
1366 887 1494 925 vero
1531 872 1620 925 ille
1660 871 1755 927 Dei
1791 872 1967 928 Verbo

378 972 498 1019 tum
541 963 779 1032 genitus,
814 970 1035 1035 tumque
1064 962 1356 1031 perfectus,
1393 963 1596 1020 viventi
1631 964 1738 1019 Deo
1788 962 1968 1021 Verbo

379 1052 791 1107 necessitudine
820 1052 1146 1119 conjunctus
1181 1063 1286 1117 esr,
1317 1053 1591 1123 quomodo
1621 1069 1731 1109 non
1766 1054 1966 1113 rationi

379 1143 987 1208 convenientissimum,
1013 1155 1069 1197 ut
1096 1158 1194 1212 pro
1223 1144 1359 1201 virili
1390 1154 1598 1212 nostra,
1617 1160 1679 1199 ac
1703 1155 1966 1214 quantum

378 1235 606 1303 assequi
639 1234 783 1297 licet,
817 1234 1104 1298 honorem,
1129 1235 1220 1303 qui
1253 1250 1315 1288 ex
1352 1235 1699 1289 sermonibus
1728 1235 1971 1290 dicendi-

381 1343 495 1397 que
528 1326 786 1380 facultate
814 1334 919 1391 est,
950 1326 1027 1379 illi
1061 1327 1369 1383 tribuamus
1394 1327 1416 1380 ?
1451 1327 1726 1382 Laudetur
1754 1329 1920 1399 igitur
1950 1345 1966 1395 ;

378 1420 588 1487 quippe
647 1432 865 1486 acquum
913 1426 1295 1487 sanctumque,
1341 1430 1399 1471 ut
1437 1419 1502 1483 is,
1550 1419 1640 1488 qui
1710 1421 1970 1491 operibus

380 1522 450 1561 ac
489 1506 858 1567 sermonibus,
896 1506 1076 1575 quoad
1117 1507 1227 1560 vita
1271 1518 1551 1576 superstes
1595 1508 1700 1562 fuit
1750 1510 1969 1564 tuendis

380 1591 554 1651 Verbi
625 1597 874 1667 partibus
949 1598 1203 1663 labores,
1259 1613 1325 1652 ac
1393 1600 1683 1653 mcestitias
1737 1600 1968 1655 nimium

378 1697 623 1759 quantas
678 1689 943 1759 jugesque
986 1689 1281 1755 sustinuit,
1327 1688 1585 1747 laudibus
1633 1708 1853 1762 quoque
1901 1708 1968 1749 ex

380 1782 722 1852 eloquentia,
751 1790 1176 1850 serrnonquue
1207 1782 1255 1835 vi
1279 1783 1586 1852 corrogatis
1609 1799 1709 1839 ceu
1740 1784 1970 1841 ﬂoribus

381 1881 705 1928 exornetur.

459 1964 634 2019 Porro
657 1961 977 2032 Gregorium
1004 1963 1149 2029 dico,
1181 1963 1380 2020 divina:
1409 1980 1735 2036 summeque
1767 1967 1973 2036 princi-

382 2054 476 2124 pis
505 2055 885 2124 cognominem
926 2056 1211 2127 thc010giae
1240 2073 1255 2122 ;
1287 2056 1423 2121 sive,
1453 2066 1513 2113 ut
1542 2058 1736 2130 loquar
1766 2058 1969 2124 verius,

384 2146 567 2215 ipsam
590 2147 769 2216 reipsa
795 2146 1146 2216 theologiam.
1163 2147 1635 2216 Quemadmodum
1663 2150 1809 2209 enim
1840 2165 1972 2207 vera

381 2240 479 2295 illa
505 2238 658 2292 lux”
685 2253 784 2309 pro
813 2238 973 2292 nobis
1004 2249 1169 2311 atque
1215 2240 1503 2299 nobiscum
1550 2249 1693 2306 orta,
1728 2256 1853 2297 cum
1901 2240 1974 2297 sit

386 2331 681 2401 sapientia,
723 2336 778 2385 et
816 2330 1053 2402 justitia,
1092 2342 1146 2385 et
1192 2331 1491 2401 redemptio
1523 2330 1590 2397 ",
1633 2332 1713 2389 sic
1765 2332 1970 2401 potius,

385 2439 555 2493 quam
591 2438 655 2476 ex
681 2423 789 2478 illis
832 2423 1066 2479 deducto
1097 2425 1321 2479 nomine
1351 2432 1664 2495 nuncupata
1692 2432 1798 2479 est.
1832 2423 1975 2481 Sunt

389 2514 542 2567 cutim
568 2514 749 2567 divina
782 2514 897 2568 hinc
929 2516 1150 2569 nomina
1179 2513 1472 2584 ejusmodi,
1509 2525 1563 2570 ut
1599 2516 1972 2589 prmpolleant,

386 2604 703 2672 divinisque
728 2604 938 2672 aptiora
962 2605 1248 2666 exsistant,
1281 2604 1333 2657 in
1366 2603 1565 2673 quibus
1582 2604 1818 2659 essentia
1850 2619 1973 2660 cum

388 2696 714 2764 operatione
766 2695 970 2767 pariter
1006 2696 1307 2753 concurrit.
1360 2695 1452 2749 Sic
1501 2712 1720 2765 quoque
1765 2696 1846 2748 vir
1885 2695 1975 2749 hic

389 2789 632 2853 divinus,
660 2789 750 2857 qui
788 2798 955 2841 toram
983 2789 1181 2843 mentis
1217 2788 1324 2841 vim
1356 2789 1569 2842 eximia:
1594 2788 1978 2845 divinissimac-

390 2894 501 2948 que
531 2878 814 2947 theologia:
842 2879 1352 2946 contemperaverit,
1392 2886 1673 2947 totamque
1701 2893 1820 2934 eam
1854 2877 1976 2935 aui-

391 2986 483 3025 mo
523 2970 842 3041 intelligenti
887 2969 1238 3042 expresserit,
1314 2970 1564 3040 quinimo
1607 2979 1753 3026 totus
1798 2970 1868 3027 ab
1915 2986 1978 3027 ea

390 3064 824 3132 comprehensus
857 3063 949 3125 sit,
994 3062 1144 3115 velut
1175 3061 1291 3132 ipsa
1328 3062 1510 3133 reipsa
1543 3062 1815 3132 theologia
1863 3071 1976 3117 tum

391 3163 499 3219 est,
527 3165 639 3208 tum
668 3153 984 3207 nominatus
1018 3152 1139 3205 fuit.
1174 3152 1275 3219 Qui
1315 3153 1477 3223 igitur
1513 3151 1623 3217 fiat,
1661 3162 1722 3206 ut
1756 3168 1882 3224 (ιιιω
1910 3153 1977 3209 ad

397 3247 542 3301 illam
586 3253 798 3316 spectat
834 3234 1105 3308 laudatio,
1139 3259 1246 3298 non
1272 3252 1424 3300 recto
1462 3243 1678 3299 tramite
1709 3244 1774 3299 ad
1812 3245 1978 3299 istum

402 3340 633 3396 evaserit
657 3340 680 3392 ?
708 3339 1024 3410 't'beulogiae
1054 3348 1233 3395 autem
1258 3337 1522 3403 laudatio,
1553 3337 1727 3407 ipsius
1751 3337 1823 3395 sit
1855 3354 1981 3408 per—

397 3432 561 3497 fecte,
592 3448 655 3486 ac
682 3447 846 3500 quam
880 3430 1133 3499 perfectis
1160 3431 1459 3500 loquuntur
1488 3431 1557 3496 ³⁷,
1592 3431 1790 3491 divinae
1830 3431 1982 3502 prino

396 3523 537 3593 cipis
570 3521 851 3591 sapientiae
884 3521 1179 3577 celebratio
1212 3538 1227 3587 ;
1263 3521 1423 3590 cujus
1458 3522 1559 3579 iste
1589 3532 1837 3589 amator,
1874 3537 1981 3593 qua

395 3615 587 3669 nescio
620 3630 688 3668 an
723 3615 870 3669 ullus
900 3615 1237 3685 praestantia,
1264 3629 1331 3670 ex
1370 3630 1435 3671 eo
1467 3615 1752 3689 hominum
1785 3630 1985 3687 genere

395 3709 548 3778 quia
589 3707 791 3761 saeculo
832 3706 1238 3782 philosophiam
1282 3708 1458 3765 colere
1492 3715 1822 3775 statuerunt,
1854 3705 1987 3764 eti‘e-

395 3810 544 3867 ctus,
594 3801 821 3872 viasque
864 3810 1167 3867 scrutatus,
1200 3809 1363 3873 atque
1400 3801 1735 3857 incertorum
1796 3816 1860 3859 ac
1890 3817 1986 3857 oc-

403 3893 687 3948 cultorum
720 3893 765 3924 ³⁶
811 3892 957 3953 illius
989 3893 1219 3965 mystica
1255 3907 1522 3963 sacraque
1555 3894 1771 3949 ratione
1808 3894 1988 3953 scien-

398 3986 537 4042 tiam
558 3985 807 4052 edoctus,
833 3986 914 4043 sic
939 3987 1138 4048 ruentis
1165 4002 1355 4057 sensu,
1379 3986 1675 4058 divinaque
1706 3987 1987 4047 interioris

396 4080 794 4153 perfectionem
828 4081 1064 4139 hominis
1096 4078 1327 4155 adeptus
1360 4087 1464 4145 est,
1500 4095 1565 4135 ac
1591 4095 1688 4151 par
1715 4090 1832 4137 erat
1861 4096 1985 4141 eum

397 4175 672 4251 adipisci,
711 4174 804 4244 qui
853 4189 1089 4244 superna
1137 4173 1401 4242 sapientia
1448 4182 1671 4244 parente
1720 4188 1989 4241 supremae

397 4267 629 4324 virtutis
653 4268 807 4323 cultu
836 4275 999 4325 natus
1020 4275 1161 4325 erat.
1190 4264 1353 4321 Velut
1375 4266 1521 4319 enim
1551 4264 1797 4319 divinum
1831 4264 1985 4323 vehi-

397 4358 614 4422 culum,
650 4356 767 4410 sive
785 4355 1022 4413 eximius
1057 4354 1400 4415 divinissimo
1430 4352 1611 4413 Verbo
1639 4353 1837 4412 eximia
1868 4356 1990 4411 vita:

398 4438 640 4512 ratione,
675 4446 934 4515 verbique
969 4446 1089 4501 luce
1112 4454 1323 4517 partus,
1359 4454 1628 4501 evaserat.

483 4540 603 4606 Qua
632 4541 796 4611 igitur
828 4541 1043 4595 ratione
1069 4537 1146 4601 is.
1174 4537 1268 4607 qui
1295 4537 1460 4593 solari
1494 4536 1658 4611 glnbo
1700 4537 1842 4593 oculi
1881 4536 1987 4590 vim

399 4631 612 4702 deligit,
658 4629 822 4686 simul
869 4644 1086 4705 quoque
1123 4637 1436 4687 concretam
1472 4627 1549 4685 illi
1586 4627 1763 4683 lucem
1800 4641 1993 4686 neces—

400 4724 558 4779 sario
585 4721 854 4776 luminum
885 4721 1000 4776 acie
1030 4720 1281 4790 attingit,
1313 4718 1393 4774 sic
1428 4720 1520 4789 qui
1552 4719 1733 4775 laudis
1765 4719 1989 4781 obtentu

402 4816 467 4870 in
499 4829 755 4885 magnum
787 4812 1109 4882 Gregorium
1138 4811 1378 4881 linguam
1411 4812 1678 4867 laxaverit
1706 4849 1722 4875 ,
1757 4811 1993 4867 Theolo-

408 4908 513 4977 gite
550 4921 772 4977 quoque
817 4907 870 4960 in
902 4920 968 4959 eo
996 4904 1180 4958 sedem
1230 4903 1503 4967 habentis,
1559 4905 1675 4958 sive
1714 4906 1994 4973 sapientiae

412 5010 577 5069 atque
606 4999 844 5065 virtutis,
874 4997 1040 5055 dubio
1072 4996 1261 5069 procul
1296 4997 1498 5067 pariter
1523 4998 1711 5055 laudes
1748 5000 1996 5069 aggredi-

409 5102 522 5148 tur.
553 5092 681 5148 "th
706 5093 853 5148 enim
883 5108 989 5147 non
1020 5105 1211 5145 eorum
1246 5091 1337 5160 qui
1372 5090 1504 5147 foris
1528 5100 1657 5149 sunt
1688 5093 1995 5160 sapientum

408 5197 561 5256 typo,
614 5183 709 5241 sed
756 5184 917 5253 plane
967 5182 1270 5253 apostolica
1310 5198 1503 5239 norma
1530 5222 1547 5247 ,
1594 5199 1772 5252 neque
1810 5182 1998 5241 Greca

407 5275 735 5339 ambitione,
775 5276 869 5331 sed
909 5275 1028 5345 lege
1070 5275 1382 5345 evangelica
1413 5276 1679 5346 scitisque
1707 5277 1847 5345 ejus,
1875 5294 2001 5332 con-

410 5368 772 5439 temptatione
798 5368 1002 5439 pariter
1027 5383 1090 5424 ac
1122 5369 1361 5430 actione.
1392 5369 1534 5429 velut
1567 5378 1759 5427 natura
1808 5385 1998 5427 esseu-

410 5462 600 5531 tiaque
644 5459 906 5530 Gregorio
934 5469 1210 5525 conserta,
1257 5461 1418 5528 eique
1446 5470 1699 5515 concreta
1730 5476 1996 5529 apparue-

409 5562 564 5609 runt.
581 5550 782 5611 Parum
800 5553 1117 5623 abest,quin
1147 5561 1201 5608 et
1230 5551 1346 5613 haec
1370 5551 1666 5623 Gregorius
1683 5553 1898 5611 décatur
1917 5564 2000 5610 to-

414 5657 508 5707 tus
524 5662 591 5705 cx
609 5656 723 5705 toto
742 5646 827 5703 his
850 5647 1196 5715 coninﬁstus,
1215 5655 1275 5702 ut
1296 5646 1381 5701 vix
1403 5647 1472 5702 ab
1493 5648 1573 5709 eis
1591 5647 1772 5707 subtili
1802 5648 2000 5707 mentis

1477 5828 1518 5859 ³⁷
1553 5824 1572 5882 1
1606 5827 1731 5883 Cor.
1767 5844 1826 5889 tl,
1862 5830 1892 5882 (i

490 5830 536 5865 ⁸⁸
564 5827 726 5887 Joan.
759 5845 798 5895 ι,
829 5828 885 5885 9.
961 5830 1004 5862 ³⁸
1031 5827 1051 5883 l
1080 5827 1204 5890 Cor.
1241 5845 1277 5897 ι,
1310 5828 1397 5883 50.

2068 603 2211 661 aeris
2243 618 2467 677 corpus,
2509 604 2640 659 solis
2697 604 2866 661 radiis
2902 602 3315 674 fulgoribusque
3350 606 3658 675 imbutum‘,

2071 702 2352 767 totumque
2398 710 2464 753 ex
2501 703 2612 750 toto
2675 694 2985 750 exsilientis
3054 694 3181 749 inde
3260 712 3324 751 ac
3372 698 3664 759 emicantis

2069 785 2375 855 Splendoris
2430 780 2668 843 corusco
2721 785 2978 855 plenum,
3044 799 3211 841 unam
3262 783 3403 837 lucis
3444 784 3657 852 plenam

2069 892 2254 933 aream
2299 877 2474 934 oculis
2506 885 2857 948 reprtcsental
2897 892 2912 943 ;
2961 878 3035 930 ita
3077 887 3132 930 et
3166 875 3289 938 iste,
3322 874 3662 943 spiritalibus

2074 969 2222 1025 hisce
2265 968 2433 1027 radiis
2481 969 2662 1040 magni
2698 968 2922 1038 justitia:
2951 966 3095 1022 Solis
3139 967 3310 1022 aciem
3350 965 3659 1033 intendens,

2071 1076 2400 1133 omnemque
2429 1061 2745 1129 ejus,qnem
2772 1075 2932 1113 nemo
2967 1059 3167 1124 capiat,
3187 1058 3382 1112 eximia
3417 1059 3655 1128 quadam

2071 1152 2283 1209 ratione
2320 1152 2620 1207 claritatem
2664 1151 2906 1221 capiens,
2936 1150 3216 1219 animique
3256 1149 3511 1203 essentiae
3541 1163 3665 1203 cor-

2072 1258 2204 1313 pore
2243 1243 2454 1298 vacanti
2500 1241 2889 1307 commiscens,
2939 1250 3090 1294 tanto
3125 1242 3320 1309 magis,
3357 1255 3460 1305 eo,
3497 1254 3659 1308 quem

2073 1333 2336 1398 diximus,
2367 1347 2514 1399 aere,
2545 1348 2658 1389 sua:
2693 1331 2767 1385 illi
2805 1326 3165 1400 coniunctior
3187 1331 3294 1385 luci
3329 1330 3661 1396 ostenditur,

2072 1432 2279 1491 quanto
2339 1438 2433 1478 aer
2480 1421 2627 1477 brevi
2686 1421 2948 1492 temporis
3001 1421 3289 1478 intervallo
3349 1420 3665 1490 aspectabili

2073 1513 2193 1569 luce
2225 1515 2499 1582 perfusus,
2531 1512 2621 1567 illa
2640 1513 2927 1579 migrante,
2951 1510 3125 1567 noctis
3151 1528 3270 1565 mox
3303 1511 3539 1566 lcnchtis
3598 1524 3665 1567 ac

2057 1603 2304 1674 ,caligine
2335 1603 2631 1671 impletur;
2677 1602 2764 1655 hic
2792 1611 2973 1654 autem
3011 1601 3203 1664 semel,
3227 1602 3316 1665 iis,
3353 1617 3495 1670 quos
3524 1600 3667 1654 dixi-

2076 1712 2223 1759 mus,
2262 1696 2429 1757 radiis
2470 1694 2715 1749 animum
2763 1693 3047 1758 adhibens,
3085 1693 3274 1761 sicque
3313 1694 3511 1749 mentis
3554 1690 3668 1746 feli-

2075 1789 2238 1843 citate
2275 1802 2465 1841 eorum
2518 1785 2729 1857 fulgore
2778 1785 3103 1848 illustratus,
3159 1796 3218 1838 ut
3262 1785 3440 1855 lucis(
3472 1798 3668 1849 nempe

2077 1878 2363 1949 spiritalis)
2415 1877 2565 1932 filius
2616 1876 2872 1937 evaserit,
2913 1874 3034 1942 ejus
3070 1874 3282 1930 scilicet
3312 1891 3435 1942 qua:
3475 1875 3529 1931 in
3575 1875 3668 1928 illo

2076 1971 2287 2027 ratione
2327 1969 2492 2026 nullis
2530 1968 2710 2024 verbis
2746 1966 3057 2037 explicabili
3086 1966 3382 2031 ,fut‘tnata,
3421 1965 3535 2020 sive
3595 1966 3672 2020 si-

2074 2068 2238 2130 gnata
2289 2059 2381 2123 sit,
2423 2058 2689 2117 indivisus
2715 2073 2745 2111 a
2778 2065 3001 2125 parente
3033 2054 3086 2110 in
3125 2057 3387 2112 saeculum
3437 2067 3620 2116 manet
3651 2070 3672 2122 ;

2076 2150 2277 2219 luxque
2307 2149 2569 2218 spiritalis
2598 2164 2664 2204 ac
2710 2164 2867 2219 pura,
2907 2165 3018 2205 nou
3054 2150 3159 2207 sibi
3226 2149 3343 2217 ipse
3383 2149 3672 2216 duntaxat,

2075 2241 2165 2294 sed
2204 2250 2258 2295 et
2289 2241 2373 2297 his
2408 2242 2502 2311 qui
2544 2242 2618 2300 illi
2654 2242 2900 2299 animum
2945 2241 3256 2308 attendunt,
3321 2240 3552 2294 efﬁcitur
3589 2245 3675 2295 at-

2075 2345 2182 2400 que
2219 2331 2486 2385 cernitur.

2146 2419 2282 2474 Cum
2333 2421 2496 2491 igitur
2550 2421 2696 2477 istud
2748 2420 2803 2475 iu
2855 2437 2979 2479 eum
3030 2421 3258 2491 pulchre
3315 2420 3521 2477 dictum
3572 2421 3666 2487 sit,

2079 2510 2350 2580 iidemque
2383 2513 2644 2567 meruerit
2681 2529 2695 2575 ;
2730 2528 2829 2581 age
2856 2511 2970 2582 jam
3004 2529 3105 2566 nos
3139 2528 3248 2581 quo
3272 2527 3358 2579 μω
3391 2512 3671 2579 spiritali-8

2080 2602 2451 2671 intelligentiae
2487 2603 2690 2671 radios,
2729 2603 3068 2673 spiritalibus
3109 2602 3458 2673 inttlligeutis
3503 2603 3671 2656 animi

2080 2696 2331 2750 manibus
2361 2696 2636 2763 rapientes
2670 2697 2879 2764 (radios
2918 2696 3129 2751 scilicet
3156 2696 3418 2765 Gregorio
3447 2695 3672 2763 quidem

2081 2789 2403 2852 cmicantes,
2447 2797 2503 2843 at
2529 2789 2621 2858 qui
2654 2804 2684 2841 e
2714 2788 2853 2845 uelo
2886 2788 2953 2845 ad
2989 2804 3089 2843 nos
3126 2802 3300 2856 usque
3350 2789 3671 2857 parva-dam)

2079 2895 2499 2948 sermonemque
2533 2880 2779 2944 virtutis,
2817 2895 2880 2933 ac
2911 2878 3193 2949 sapientia:
3232 2878 3537 2932 summitati
3592 2878 3674 2931 la-

2081 2980 2295 3038 xantrs,
2317 2972 2549 3043 ejusque
2576 2987 2748 3026 sacra:
2771 2970 3080 3038 Theologim
3104 2968 3377 3042 profundo
3406 2969 3673 3024 intentam

2081 3071 2316 3116 mentem
2362 3062 2705 3129 adhibentes,
2756 3070 2920 3130 atque
2958 3060 3084 3114 inde
3132 3061 3278 3116 velut
3317 3060 3481 3113 claris
3513 3060 3671 3115 nobis

2080 3153 2324 3209 collectis
2363 3153 2687 3222 fulgoribus,
2721 3152 2773 3208 id
2818 3161 2922 3216 est,
2971 3151 3174 3208 divinis
3224 3152 3677 3208 illustration-ibus

2084 3244 2487 3315 affulgcntibus,
2524 3246 2815 3314 prazclaras
2834 3243 3097 3313 'l'lteologi
3130 3259 3219 3297 res
3281 3250 3446 3312 atque
3482 3243 3676 3299 merita

2082 3351 2182 3406 pro
2203 3351 2392 3391 eorum
2419 3345 2532 3391 tum
2558 3335 2913 3399 sublimitate,
2944 3344 3057 3389 tum
3084 3334 3373 3391 latitudine
3404 3343 3677 3388 contuen-

2085 3443 2184 3497 tes,
2218 3441 2379 3500 atque
2406 3433 2458 3489 in
2492 3448 2622 3488 eum
2660 3432 2823 3486 rectis
2850 3431 3051 3485 mentis
3075 3429 3252 3485 oculis
3305 3444 3370 3483 ac
3402 3427 3679 3482 irretortis

2086 3527 2433 3585 intendentes
2458 3566 2473 3592 ,
2508 3527 2795 3599 proprium
2838 3527 2889 3581 ei
2928 3540 2992 3581 ac
3067 3523 3403 3580 conveniens
3479 3537 3683 3580 munus

2085 3620 2449 3691 charumque,
2483 3621 2706 3675 laudum
2742 3619 3013 3688 primitias
3038 3617 3356 3673 oiieramns.

2166 3714 2242 3765 Ae
2266 3727 2396 3767 vero
2424 3713 2713 3782 diligenter
2742 3718 3005 3765 attentam
3037 3709 3171 3763 mihi
3205 3723 3417 3772 aurem,
3451 3722 3515 3761 ac
3541 3706 3685 3761 bene

2086 3803 2360 3859 volentem
2407 3803 2704 3868 animum,
2762 3811 3000 3858 mentem
3083 3800 3320 3870 denique
3383 3799 3682 3853 mundanis

2088 3911 2188 3952 seu
2221 3894 2541 3951 carnalibus
2573 3893 2979 3951 turbationibus
3011 3892 3240 3947 liberam
3308 3889 3683 3958 mundamque

2089 3989 2377 4055 exhibete,
2453 3994 2723 4057 quotquot
2773 3984 2971 4041 merito
3027 3982 3349 4051 tbeologicis
3421 3981 3682 4035 oblcctari

2090 4080 2321 4137 canticis
2394 4089 2559 4148 atque
2630 4076 2886 4133 laudibus
2939 4073 3257 4144 peroptatis.
3317 4074 3483 4132 Plane
3531 4072 3681 4127 enim

2090 4176 2291 4239 oratio,
2330 4172 2407 4226 uti
2439 4186 2562 4245 quae
2601 4171 2834 4226 honesta
2866 4177 2997 4225 sunt
3034 4167 3249 4223 sincere
3281 4164 3633 4220 laudantibus
3662 4204 3681 4229 ,

2092 4268 2173 4323 sie
2212 4281 2344 4321 vero
2378 4267 2544 4323 etiam
2580 4265 2875 4333 prudenter
2912 4276 2976 4316 ac
3008 4269 3131 4314 cata
3168 4267 3350 4314 mente
3414 4257 3686 4315 audienti-

2091 4361 2217 4424 bus,
2247 4359 2408 4427 longe
2432 4356 2724 4413 utilissima
2757 4369 2822 4411 ac
2845 4354 3089 4410 salubris
3115 4351 3356 4407 exsistit.

2168 4448 2301 4515 Qua:
2334 4448 2617 4505 enimvero
2638 4447 2705 4502 ab
2740 4446 2868 4505 imis
2893 4444 3034 4499 haud
3059 4459 3220 4499 secus
3247 4456 3311 4497 ac
3337 4456 3538 4523 corpus
3566 4455 3687 4494 um-

2016 4544 2071 4604 D
2097 4541 2209 4597 brae
2238 4549 2608 4606 assectantur,
2640 4554 2738 4594 ceu
2766 4554 2890 4609 qua:
2924 4537 2990 4590 ad
3018 4551 3208 4591 eorum
3241 4549 3365 4605 quae
3386 4534 3529 4588 dicta
3559 4541 3688 4587 sunt

2094 4634 2312 4695 laudem
2343 4650 2452 4690 non
2485 4632 2781 4689 admodum
2807 4630 3120 4693 conferant,
3179 4626 3478 4682 omittenda
3507 4640 3688 4694 opere

2094 4727 2330 4797 pretium
2370 4727 2514 4783 duco
2534 4722 2557 4791 ’;
2585 4740 2711 4780 cum
2742 4725 3094 4794 etpra'terea
3128 4720 3283 4774 multi
3309 4718 3422 4787 jam
3463 4731 3527 4771 ea
3555 4730 3689 4770 con-

2096 4819 2458 4888 scripset‘int,
2501 4817 2725 4886 sintque
2781 4815 3041 4869 omnibus
3085 4811 3423 4880 conspicua,
3473 4810 3689 4861 tametsi

2096 4926 2200 4969 nos
2233 4912 2457 4969 minime
2490 4911 2837 4979 eloquamur.
2870 4906 3132 4974 Quaenam
3166 4921 3295 4960 vero
3338 4905 3454 4958 tunc
3501 4903 3625 4956 dico
3667 4901 3692 4954 ?

2098 5000 2256 5066 Puta,
2278 5001 2465 5071 patriae
2516 4999 2857 5067 tnajestatcm
2879 5012 2942 5052 ac
2965 4996 3363 5067 praestantiam,
3384 5008 3494 5049 non
3519 5006 3687 5062 quam

2100 5092 2147 5145 is
2172 5107 2335 5161 quem
2353 5091 2661 5148 laudamus.
2682 5090 2808 5145 inde
2832 5086 3114 5156 percipiat,
3135 5086 3230 5142 sed
3259 5102 3365 5155 qua
3385 5086 3501 5154 ipse
3534 5084 3679 5136 illam

2102 5183 2286 5252 potius
2333 5178 2656 5239 excellentia
2700 5177 2920 5235 virtutis
2982 5176 3373 5247 impertiret-it.
3424 5173 3638 5228 Etenim
3670 5210 3686 5235 ,

2107 5273 2571 5349 quemadmodum
2619 5286 2726 5327 non
2768 5286 2835 5327 ea
2882 5270 3094 5331 ratione
3145 5268 3374 5323 illustris
3410 5265 3685 5325 Christus,

2103 5367 2251 5438 quod
2277 5373 2440 5425 natus
2475 5363 2529 5419 in
2562 5363 2839 5419 Bethleem
2860 5401 2876 5427 ,
2906 5375 3067 5417 secus
3114 5373 3243 5415 vero
3278 5358 3369 5410 illa
3393 5354 3515 5423 ejus
3540 5352 3686 5407 clara

2105 5459 2394 5523 cunabulis
2439 5456 2670 5524 orbique
2700 5454 2934 5511 celebris
2953 5454 3162 5518 evasit;
3191 5453 3270 5505 sic
3291 5459 3346 5504 et
3366 5445 3684 5516 Gregorius,

2108 5572 2214 5612 non
2257 5559 2479 5624 pr0pter
2514 5547 2885 5611 Nazianzum,
2928 5561 2994 5599 ex
3026 5559 3134 5613 qua
3185 5541 3341 5596 duxit
3383 5538 3686 5609 originem,

2110 5646 2414 5707 honestatis
2436 5642 2657 5703 cumulo
2679 5639 2885 5711 aliquid
2909 5637 3156 5708 accepit;
3185 5634 3314 5705 quin
3346 5633 3437 5689 illa
3469 5640 3692 5703 propter

1996 5828 2037 5860 π
2064 5825 2207 5883 Pstl.
2238 5841 2266 5882 ι.
2317 5824 2368 5879 8.
