4022 6408
457 458 563 523 443

1642 439 1937 520 NICET/E
1966 456 2494 520 PAPHLAGONIS

3612 454 3727 520 444

455 570 779 642 Gregorium
816 570 869 624 in
898 569 1050 626 orbis
1089 585 1267 642 usque
1308 571 1443 626 fines
1477 571 1563 626 sui
1601 571 1905 627 claritatem
1938 584 2032 624 no-
2067 570 2114 627 Α
2140 568 2524 633 deterioribus,
2562 567 2655 622 sed
2693 568 3189 638 prmstantioribus,
3252 584 3363 626 non
3398 570 3468 624 ab
3499 569 3569 627 iis
3604 588 3732 641 qua:

456 663 622 718 minis
662 660 913 731 protulit.
948 660 1190 726 Modum,
1225 674 1336 730 quo
1387 662 1441 715 in
1486 660 1660 715 lucem
1699 669 1988 729 susceptus
2020 677 2037 716 :

454 754 721 809 maternis
750 752 896 808 enim
920 752 1190 821 pret-ibus,
1221 766 1286 806 ac
1316 752 1439 815 lide,
1473 751 1614 806 haud
1640 768 1798 808 secus
1825 768 1891 809 ac
1918 768 2041 823 qua:

456 844 636 900 Verbo
682 845 969 914 praecurrit
999 858 1123 911 vox,
1161 850 1254 897 aut
1293 843 1442 897 velut
1473 857 1626 898 sacer
1660 844 1748 899 ille
1776 860 1839 899 ex
1886 856 2039 899 utero

456 938 704 1004 Samuel,
736 938 1085 1006 impetratus,
1125 949 1426 1003 earumque
1444 935 1616 990 dubio
1632 935 1821 1005 procul
1851 944 2038 1005 partus

457 1030 628 1085 audiit
684 1044 748 1085 ac
777 1029 1022 1085 effectus.
1064 1027 1338 1083 Urbanum
1372 1026 1780 1091 educationem,
1810 1027 2037 1083 scitam-

459 1138 598 1193 que,
634 1137 698 1177 ac
722 1137 829 1191 qua
858 1121 1075 1175 educari
1117 1135 1241 1173 eum
1279 1119 1534 1183 decebat,
1576 1120 1667 1188 qui
1688 1129 2039 1175 sacrosancta

458 1216 769 1283 decensque
812 1212 1028 1267 virtutis
1066 1212 1282 1267 officina
1325 1212 1544 1268 futurus
1581 1221 1719 1266 erat.
1755 1211 2035 1282 ingenium

459 1305 676 1369 subtile,
717 1318 781 1359 ac
805 1303 1222 1372 capacissimum
1255 1303 1308 1356 in
1333 1304 1663 1371 juvene,‘ac
1694 1313 1883 1358 tenero
1906 1318 2034 1359 eor-

457 1409 632 1465 pore;
674 1394 948 1463 animique
977 1392 1257 1447 solertiam
1301 1402 1528 1454 tantatn,
1565 1392 1916 1462 sagacitatem
1973 1409 2038 1449 ac

456 1485 855 1554 praestantiam,
879 1494 1081 1550 quanta
1111 1499 1235 1537 eum
1270 1484 1455 1540 statim
1480 1484 1758 1554 designari
1790 1485 2034 1549 decebat,

453 1579 546 1646 qui
588 1577 834 1630 divinum
897 1592 963 1632 ac
1024 1578 1376 1647 magnificum
1424 1577 1706 1648 sapientia:
1751 1576 2034 1632 delubrum

451 1665 852 1721 cxstruebatnr.
2023 1713 2034 1721 .

523 1758 604 1810 Ad
626 1756 741 1812 haec
769 1756 954 1813 varias
985 1757 1288 1827 disciplima
1314 1773 1479 1814 causa
1508 1773 1734 1828 peregre
1752 1767 2035 1829 susceptas

450 1847 814 1914 profectiones
846 1851 1123 1904 aeitinera
1145 1868 1160 1916 ;
1185 1863 1336 1921 puta,
1364 1850 1640 1906 Nazianzo
1686 1855 2032 1928 Caesaream;

450 1938 687 2010 in'deque
719 1941 772 1996 in
804 1939 1148 1997 Paltestinam
1186 1959 1200 2004 ;
1234 1959 1411 2013 exque
1442 1943 1729 1999 Palaestina
1794 1945 2032 1999 Alexan-

449 2031 625 2086 driam
659 2048 674 2096 ;
723 2033 1055 2087 Alexandria
1105 2034 1156 2087 in
1190 2032 1481 2097 Graeciam,
1524 2034 1881 2104 Athenasque
1919 2050 2036 2088 tna-

452 2138 619 2193 guum
656 2124 788 2178 illud
819 2124 1197 2179 doctrinarum
1221 2125 1412 2188 decus.
1439 2140 1503 2180 ac
1526 2140 1714 2179 earum
1741 2127 1982 2194 reginam
2020 2142 2036 2190 ;

451 2216 544 2273 ubi
578 2216 765 2271 divino
798 2216 998 2273 Basilio
1029 2218 1179 2286 paris
1208 2217 1513 2286 disciplina:
1541 2233 1707 2272 causa
1739 2216 1849 2271 illic
1880 2232 2039 2287 pere-

451 2323 547 2376 gre
568 2308 746 2377 agenti
777 2324 1129 2376 congressus,
1159 2308 1414 2379 illiusque
1446 2324 1578 2364 usus
1612 2309 2033 2372 consuetudine,

450 2398 652 2451 nedum
694 2399 844 2459 tecti,
889 2399 1198 2467 victusque,
1235 2413 1300 2454 ac
1340 2414 1542 2454 mensa:
1577 2399 1786 2454 socium
1821 2398 2033 2462 habuit,

450 2489 544 2542 sed
589 2497 643 2542 et
689 2488 1184 2558 pulcherrimarum
1236 2490 1689 2560 disciplinarum,
1744 2492 2036 2560 omnisque

448 2579 669 2634 virtutis
711 2580 970 2634 concordi
1006 2580 1208 2637 mentis
1248 2581 1550 2651 proposito,
1601 2597 1816 2652 unaque
1867 2582 2034 2636 animi

449 2670 854 2738 censpiratione
895 2687 1050 2742 aeque
1090 2672 1166 2726 illi
1198 2673 1468 2742 particeps
1504 2675 1759 2730 accessit.
1805 2674 2037 2730 Athenis

450 2774 580 2812 vero
618 2759 965 2830 Byzantium,
1000 2760 1188 2815 urbem
1233 2762 1442 2817 scilicet
1469 2763 1581 2831 jam
1624 2761 1735 2818 fere
1763 2778 2035 2817 summam

445 2851 596 2906 orbis
619 2867 826 2916 arcem,
863 2852 916 2906 in
961 2869 1149 2922 quam,
1180 2853 1254 2908 ttti
1288 2854 1797 2924 reliqttaaterrarnm
1833 2857 2038 2911 divitia:

446 2957 514 2996 ac
543 2952 869 2997 ornamenta
912 2960 1007 3013 pro
1043 2954 1289 3015 augusta:
1318 2946 1471 3000 urbis
1513 2947 1798 3016 majestate
1830 2962 2034 3002 conve-

446 3035 662 3087 nienter
706 3032 1107 3100 inferebantur,
1149 3035 1228 3090 sic
1274 3051 1495 3106 quoque
1543 3047 1673 3092 tunc
1716 3039 1860 3107 quod
1904 3039 2032 3093 uni-

444 3125 620 3181 versis
650 3126 1002 3195 praestantius
1033 3135 1136 3190 est,
1179 3126 1372 3183 littera:
1422 3128 1631 3183 scilicet
1662 3144 1726 3185 ac
1757 3129 2031 3197 doctrina,

2141 659 2401 724 exterius,
2437 658 2812 728 profanisque,
2838 675 2903 714 ac
2933 676 3055 730 quae
3086 662 3230 716 circa
3260 663 3436 730 ipsum
3468 663 3733 718 conside-

2142 760 2354 817 rantur,
2382 751 2474 807 sed
2499 766 2528 804 a
2555 750 2809 820 propriis,
2833 766 2897 805 ac
2913 752 3117 821 quibus
3147 769 3243 823 per
3264 753 3423 808 fidem
3446 770 3511 810 ex
3543 753 3728 808 Evan-

2142 842 2265 913 gelii
2317 843 2528 897 ratione
2573 846 2789 914 egregie
2829 843 3051 900 functus
3096 855 3200 909 est,
3248 846 3451 900 virtute
3518 845 3730 900 scilicet

2143 934 2242 1005 (uti
2274 934 2480 988 dictum
2510 935 2639 1003 est),
2670 935 2937 1005 sapientia
2984 952 3047 990 ac
3082 938 3377 1006 theologia,
3410 936 3727 1007 pontificem

2142 1041 2400 1095 magnum
2448 1041 2512 1080 ac
2543 1024 2878 1096 Theologum
2903 1027 3198 1103 laudemus
3223 1046 3238 1095 ;
3268 1029 3446 1098 ipsum
3471 1029 3722 1083 eumdem

2144 1118 2555 1183 invocantibus,
2600 1129 2659 1173 ιιι
2699 1120 2928 1175 canticis
2972 1129 3136 1191 atque
3186 1122 3443 1177 laudibus
3507 1120 3726 1191 adjutor

2140 1209 2317 1274 adsit,
2375 1211 2767 1281 dcxteramque
2818 1210 3106 1281 benignius
3156 1213 3398 1284 praebeat
3449 1214 3724 1271 fatiscenti

2145 1302 2414 1357 sermoni.

2208 1392 2304 1448 ille
2338 1394 2499 1464 igitur
2528 1404 2707 1449 mente
2770 1394 3065 1466 animoque
3088 1396 3310 1453 divinus
3343 1415 3357 1450 :
3389 1398 3546 1468 rujus
3579 1398 3724 1453 actio

2137 1487 2286 1539 omni
2345 1485 2519 1554 major
2582 1486 2847 1541 imitantis
2894 1502 3153 1555 conatu;
3224 1490 3722 1561 contemplatioque

2114 1575 2337 1627 «eximie
2363 1575 2621 1643 praecellit
2645 1594 2657 1629 :
2684 1590 2879 1632 cuncta
2909 1588 3165 1634 scrutatis
3192 1580 3243 1633 in
3276 1580 3368 1634 Dei
3409 1581 3636 1650 Spiritu,
3656 1598 3723 1638 ac

2137 1661 2463 1728 dijudicans,
2508 1665 2713 1734 quique
2761 1665 2897 1734 ipse,
2950 1676 3009 1719 ut
3053 1667 3273 1723 divinus
3309 1669 3605 1738 Apostolus
3640 1670 3721 1724 lo-

2136 1753 2361 1823 quitur,
2411 1769 2441 1808 a
2491 1756 2709 1809 nemine
2764 1756 3090 1826 dijudicetur
3120 1758 3187 1810 ”.
3241 1758 3431 1828 Magna
3482 1760 3721 1815 cmlestis

2138 1848 2364 1901 tonitrui
2390 1850 2568 1918 proles
2590 1863 2653 1903 ac
2695 1849 2839 1903 filius
2859 1866 2872 1913 ;
2896 1847 3012 1902 sola
3032 1850 3297 1919 temporis
3318 1851 3720 1918 antecessione,

2141 1936 2274 1989 nihil
2317 1952 2445 1990 vero
2471 1952 2752 1991 sacrorum
2791 1938 3108 2006 dogtnatum
3140 1937 3441 2007 magnificis
3471 1939 3718 2005 vocibus,

2137 2022 2557 2092 divinorumque
2590 2040 2875 2080 sensorum
2910 2025 3178 2096 fulgetris,
3198 2027 3396 2097 quibus
3422 2028 3560 2082 trine
3580 2027 3719 2084 sub-

2136 2115 2382 2170 sistentis
2403 2114 2632 2171 Deitatis
2649 2116 3191 2173 consubstantialitas
3210 2118 3499 2188 praedicata
3520 2122 3720 2177 meruit

2136 2204 2319 2273 fidem,
2360 2221 2391 2260 a
2438 2207 2613 2274 primo
2659 2206 2752 2262 illo
2795 2207 3058 2263 deficiens
3096 2225 3110 2275 ;
3165 2209 3234 2263 ob
3267 2226 3391 2279 qua:
3424 2211 3589 2265 etiam
3621 2228 3720 2280 par

2137 2291 2211 2346 illi
2246 2308 2442 2348 nomen
2477 2306 2804 2350 consecutus
2835 2306 2940 2353 est.
2972 2297 3076 2363 Qui
3107 2298 3271 2362 clare,
3305 2314 3369 2354 ac
3408 2314 3516 2368 prae
3539 2301 3719 2354 omni-

2136 2382 2261 2447 bus,
2302 2384 2393 2453 qni
2422 2398 2844 2453 praecesserunt,
2890 2388 3154 2456 apertius,
3179 2386 3503 2444 Trinitatem
3529 2405 3717 2458 perso-

2137 2491 2331 2530 narum
2370 2475 2600 2533 Deitatis
2638 2480 2846 2534 unitate
2878 2479 3043 2535 Deum
3078 2480 3353 2546 celebret;
3394 2491 3713 2552 naturaeque

2140 2568 2409 2624 unitatem
2478 2572 2531 2624 in
2580 2573 2974 2640 proprietatum
3024 2570 3289 2627 Trinitate
3335 2574 3708 2628 adorationum

2137 2660 2450 2727 habentem,
2486 2662 2733 2717 divinant
2766 2665 3028 2719 enuntiet.

2210 2752 2325 2819 Ille,
2362 2753 2510 2807 omni
2543 2755 2779 2824 primum
2821 2757 3057 2812 humana
3094 2757 3362 2827 sapientia
3410 2773 3474 2813 ac
3504 2758 3706 2813 virtute

2135 2844 2519 2915 prmeruditus,
2540 2847 2860 2917 abundeque
2880 2849 3060 2902 animo
3084 2864 3146 2903 ac
3166 2858 3351 2903 mente
3373 2847 3441 2903 ad
3459 2849 3714 2919 pietatem

2135 2936 2530 2991 exercitatione
2560 2938 2760 3007 praevia
2801 2939 3071 3002 excultus,
3118 2954 3183 2993 ac
3211 2955 3338 2994 eum
3376 2955 3437 2995 se
3472 2941 3590 3010 ipse
3620 2957 3717 3012 per

2138 3023 2401 3095 Spiritum
2431 3040 2527 3080 vas
2560 3026 2914 3098 Deodignuut
2946 3039 3330 3097 praeparassct,
3364 3030 3439 3085 ita
3472 3034 3541 3086 ad
3572 3032 3719 3088 lava-

2135 3130 2290 3171 crum
2319 3117 2751 3184 regenerationis
2774 3116 2924 3170 venit
2955 3132 2970 3183 ;
3021 3131 3130 3171 non
3159 3126 3222 3172 ut
3247 3118 3440 3175 sordes
3468 3121 3714 3178 ablueret

444 3230 545 3271 ceu
580 3214 647 3270 ad
679 3216 1190 3287 pmstantissimam
1223 3217 1442 3273 urbium
1470 3218 1522 3272 in
1550 3234 1669 3274 eam
1702 3220 2033 3291 commigra-
2059 3230 2101 3287 ο
2136 3209 2369 3281 (audens
2396 3208 2622 3276 dicam),
2647 3213 2742 3265 sed
2775 3210 3005 3265 clariore
3034 3209 3200 3265 animi
3235 3212 3716 3270 illustrationedo-

445 3305 604 3362 bant.

517 3397 576 3452 In
605 3399 690 3452 his
724 3398 909 3468 itaque
933 3398 1279 3466 Gregorium,
1313 3401 1459 3455 viros
1486 3400 1773 3457 adeuntem
1803 3404 2032 3461 scientia

446 3489 957 3557 prmstantissimos,
1010 3490 1188 3560 iisque
1244 3492 1466 3546 dantem
1513 3507 1735 3562 operam
1794 3511 1809 3561 ;
1866 3505 2032 3565 atque

449 3578 600 3633 omni
658 3589 776 3634 arte
815 3581 1171 3650 grammatica
1215 3582 1535 3651 poeticaque
1570 3583 1787 3639 abunde
1819 3585 2031 3640 ext-rci-

449 3680 626 3725 latum
661 3688 676 3737 ;
713 3672 950 3726 oratoria
983 3687 1197 3727 summe
1225 3672 1525 3739 excultum,
1564 3674 1785 3745 vimque
1810 3690 2029 3732 onmem

448 3763 741 3823 sermonis,
770 3764 1225 3834 elegantiamque,
1261 3780 1326 3819 ac
1353 3765 1662 3821 facundiam
1700 3771 2031 3843 cont-modis-

448 3856 587 3912 sime
615 3855 866 3925 adeptum
893 3873 908 3922 ;
942 3857 1181 3926 itemque
1212 3855 1587 3926 philosophiae,
1622 3873 1729 3911 non
1762 3860 2028 3930 quidquid

445 3945 713 3999 duntaxat
744 3946 1065 4015 organicum
1095 3954 1200 4009 est,
1242 3953 1407 4014 atque
1468 3946 1535 3999 ad
1572 3962 1752 4002 mores
1783 3963 1847 4004 ac
1879 3959 2033 4005 natu-

443 4050 562 4091 ram
583 4048 859 4104 spectans,
876 4051 1059 4091 verum
1087 4037 1250 4090 etiam
1274 4036 1537 4106 quidquid
1569 4038 1743 4109 magis
1767 4041 2028 4096 eximium

445 4127 899 4199 spiritaliusque,-
931 4128 1326 4184 sublimissimo
1353 4120 1680 4189 contuitum.
1715 4131 2029 4200 mentisque

446 4219 799 4290 intelligentia
826 4228 1137 4274 assecutum
1168 4235 1183 4273 :
1219 4219 1312 4287 qui
1343 4218 1577 4288 denique
1602 4218 1846 4287 cujusvis
1861 4221 2027 4277 disci-

444 4309 646 4379 plinae,
700 4309 991 4379 omnisque
1047 4311 1143 4380 (ut
1200 4310 1371 4364 verbo
1430 4312 1647 4378 dicam)
1708 4310 2025 4367 Grmcorum

443 4400 724 4468 sapientiae
747 4415 813 4455 ac
839 4400 1083 4454 scientiae
1127 4400 1410 4470 potissima
1439 4418 1670 4472 quaeque
1703 4403 2023 4473 decerpens,

443 4487 639 4554 hisque
665 4488 780 4557 ipse
809 4488 911 4543 sibi
948 4488 1013 4542 ad
1043 4501 1106 4542 ea
1135 4489 1550 4558 contemplanda
1583 4507 1704 4560 qua:
1735 4492 1841 4547 vim
1875 4509 2028 4548 men-

2135 3300 2369 3368 nandus,
2417 3300 2686 3371 baptisma
2717 3300 2938 3356 demum
2975 3300 3281 3371 suscipiens
3317 3319 3332 3368 ;
3368 3318 3469 3357 nec
3499 3314 3556 3359 ut
3584 3306 3710 3359 abo-

2132 3389 2269 3445 leret
2298 3402 2541 3460 peccata,
2576 3393 2670 3446 sed
2707 3391 2921 3461 potiora
2949 3391 3093 3446 dona
3124 3403 3499 3463 percepturus,
3542 3393 3714 3463 Spiri-

2134 3492 2248 3537 tum
2273 3482 2462 3552 gratiae
2486 3483 2802 3539 admittens.

2205 3571 2372 3641 Inque
2397 3573 2542 3628 hunc
2562 3576 2806 3640 modum,
2826 3574 3078 3630 secunda:
3095 3573 3220 3629 hinc
3242 3575 3362 3630 vita‘
3378 3575 3704 3644 optimaque

2133 3678 2199 3718 ac
2232 3662 2576 3734 perfectioris
2618 3665 2927 3735 disciplina:
2959 3665 3166 3721 ducens
3189 3667 3493 3728 exordium,
3530 3680 3559 3718 a
3585 3666 3711 3720 vitae

2134 3752 2224 3805 illa
2282 3752 2495 3808 ratione
2531 3769 2655 3824 qua:
2694 3755 2846 3809 carni
2899 3754 3201 3825 impensior
3229 3764 3333 3815 est.
3389 3755 3616 3810 omnim
3656 3772 3717 3811 se

2132 3843 2370 3897 alienum
2412 3844 2752 3901 exhibebat:
2799 3847 2933 3917 quin
2990 3856 3045 3902 et
3080 3849 3489 3918 quodammodo
3533 3865 3565 3904 a
3608 3859 3717 3904 ter-

2133 3951 2261 3990 rcna
2286 3937 2551 4007 tantisper
2587 3947 2645 3993 et
2668 3940 2893 3994 animali
2927 3939 3192 4009 sapientia
3230 3940 3276 3973 “
3316 3953 3481 4010 atque
3515 3944 3716 3997 virtute

2130 4028 2442 4083 excedebat.
2461 4028 2565 4084 Sed
2584 4040 2637 4085 et
2652 4046 2814 4100 supra
2834 4032 3162 4087 mundanam
3178 4048 3396 4089 omnem
3416 4036 3715 4093 amicitiam

2131 4118 2327 4187 elatus,
2369 4120 2421 4174 itt
2457 4123 2709 4189 spiritum
2742 4124 3091 4180 solummodo
3115 4126 3561 4196 commigrabat;
3596 4136 3711 4182 sta-

2133 4213 2351 4282 tuitque
2383 4222 2441 4267 ut
2482 4215 2654 4269 solam
2690 4216 2915 4285 Spiritus
2942 4216 3113 4287 legem
3145 4231 3485 4287 sequeretur,
3544 4234 3708 4274 unam

2130 4299 2271 4357 hanc
2306 4311 2515 4359 teneret
2538 4320 2806 4373 normam,
2837 4307 3063 4379 ejusque
3084 4308 3304 4364 virtutis
3327 4326 3394 4365 ac
3432 4311 3712 4380 sapientia:

2129 4405 2248 4459 qm»
2273 4395 2459 4450 divino
2487 4397 2691 4466 Spiritu
2729 4407 3039 4467 praestatur,
3082 4401 3362 4455 internum
3395 4404 3583 4457 animo
3611 4419 3710 4459 na-

2130 4494 2252 4539 ctus
2273 4500 2535 4553 amorem,
2563 4503 2799 4559 eumque
2818 4492 3187 4562 magnificum,
3223 4494 3469 4564 iniquam
3490 4513 3709 4553 omnem

442 4578 516 4631 tis
557 4577 824 4631 excedunt
867 4576 1126 4646 praeclare
1171 4578 1467 4632 admodum
1528 4582 1671 4636 viam
1728 4585 1985 4638 muniens
2010 4625 2024 4647 ,
2058 4570 2100 4625 Ῑ)
2130 4591 2357 4647 Prorsus
2385 4579 2526 4633 Viam
2558 4580 2868 4636 declinabat
2896 4599 2912 4649 ;
2963 4586 3282 4655 cunctisque
3316 4587 3518 4643 ditinis
3552 4604 3710 4642 man-

441 4668 523 4723 sie
542 4675 710 4722 totam
740 4667 961 4736 quidem
985 4668 1182 4725 tuentis
1213 4684 1328 4724 suae
1359 4670 1464 4724 vim
1499 4687 1563 4726 ac
1588 4671 2021 4744 intelligentiam,

441 4758 718 4822 Trinitati,
767 4772 886 4827 quae
929 4759 1104 4828 ipsum
1152 4770 1447 4828 antequam
1490 4764 1654 4818 etiam
1702 4777 2033 4833 nasceretur

440 4851 711 4916 stivisset,
728 4865 1056 4921 sacrumque
1072 4851 1176 4907 sibi
1201 4850 1537 4924 Tlteelugum
1558 4857 2021 4929 praedestinasset,

440 4941 677 5012 perfecte
722 4941 992 4997 addixerit
1025 4960 1042 5009 ;
1094 4946 1286 5014 patria:
1314 4961 1441 5001 vero
1475 4962 1542 5002 ac
1577 4950 1895 5017 parentibus
1929 4967 2022 5007 ca-

440 5040 586 5087 stum
626 5035 732 5090 hoc
775 5037 1199 5105 corpusculum.
1243 5038 1551 5110 majorique
1589 5043 1836 5098 animum
1878 5060 2022 5114 prae-

442 5123 733 5195 fulgentem
776 5129 1047 5186 castitatis
1087 5130 1209 5186 luce
1249 5131 1567 5188 reddiderit.
1604 5131 1730 5190 Haec
1766 5136 2019 5206 quidem,

438 5217 528 5272 cui
555 5217 798 5287 libuerit,
833 5232 1021 5276 narret
1075 5236 1142 5278 ac
1172 5223 1593 5294 phi1050phetur
1626 5242 1641 5292 ;
1677 5226 2021 5283 rudimenta-

437 5307 539 5364 riis
590 5311 736 5365 velut
774 5312 1123 5381 actionibus,
1171 5315 1642 5385 dcfunctoriisque
1685 5317 1788 5372 viri
1831 5320 2021 5390 magni

439 5398 833 5469 agitationibus
856 5401 1135 5459 facultatis
1166 5405 1382 5459 dicendi
1408 5406 1517 5459 vim
1545 5421 1654 5461 non
1679 5406 2024 5465 defunctorie

440 5505 742 5560 promens;
771 5493 1041 5563 siquidem
1079 5495 1251 5551 in.his
1293 5510 1515 5565 quoque
1548 5497 1774 5568 dignum
1817 5499 2022 5569 aliquid

438 5579 560 5646 ejus
586 5582 896 5651 prudentia.
916 5584 1196 5654 animique
1226 5586 1539 5654 praestantia
1560 5602 1625 5642 ac
1651 5589 2028 5659 magnitudine

443 5666 591 5737 loqui
632 5672 779 5746 licet.
822 5673 990 5730 Nobis
1024 5687 1207 5730 autem
1249 5677 1301 5732 id
1345 5679 1722 5747 propositum,
1764 5697 1869 5737 non
1906 5695 1963 5740 ut
1995 5701 2024 5739 a

520 5838 563 5872 ”
589 5842 608 5894 l
638 5843 767 5895 Cor.
795 5860 854 5910 tt,
883 5849 946 5903 lo
976 5867 990 5915 ;
1022 5851 1042 5904 l
1076 5852 1203 5905 Cor.
1237 5868 1296 5918 tt,
1338 5853 1421 5909 l5.
1500 5854 1544 5887 ⁸ο
1576 5853 1764 5910 Jacob.
1798 5871 1880 5925 ιιι,
1918 5858 2004 5912 15.

2131 4669 2275 4725 datis
2318 4671 2488 4740 probe
2539 4671 2897 4743 perfunctus,
2967 4691 3158 4731 eorum
3211 4680 3358 4733 cultu
3427 4679 3704 4734 Christum

2131 4760 2507 4831 appetibiliutn
2560 4778 2878 4832 supremum
2921 4766 3068 4821 votis
3134 4767 3579 4838 persequebatur.
3625 4769 3705 4822 Ac

2130 4854 2271 4909 sicut
2303 4855 2482 4924 pueri,
2526 4870 2650 4911 cum
2683 4858 2981 4913 teneriores
3027 4860 3327 4915 decurrunt
3366 4876 3576 4921 annos,
3624 4861 3710 4915 in-

2131 4942 2415 4999 fantilibus
2465 4945 2617 5002 scitis
2658 4946 2887 5017 vitaeque
2919 4948 3226 5005 rationibus
3264 4951 3504 5015 educati,
3537 4950 3711 5005 nteri-

2130 5035 2233 5092 bus
2270 5052 2487 5107 quoque
2524 5053 2587 5093 ae
2617 5039 2797 5094 sensis
2826 5040 3123 5110 puerilibus
3154 5049 3403 5107 utuntur,
3452 5042 3508 5097 in
3566 5044 3716 5098 viros

2129 5138 2310 5182 autem
2343 5138 2742 5196 promoventes,
2772 5129 3023 5198 cogitatis
3050 5144 3114 5184 ac
3146 5131 3344 5186 studiis
3376 5147 3501 5201 quae
3539 5131 3715 5201 magis

2130 5218 2277 5273 viros
2307 5218 2566 5286 deceant,
2604 5220 2962 5290 consequenti
3006 5220 3217 5276 ratione
3263 5223 3571 5287 accedunt,
3640 5222 3713 5277 ita

2131 5325 2344 5381 nempe,
2382 5319 2441 5366 ut
2465 5326 2531 5367 eo
2563 5313 2709 5384 quod
2737 5311 3037 5382 perfectum
3069 5321 3175 5380 est,
3203 5315 3429 5384 puerilis
3458 5314 3569 5370 illis
3591 5330 3709 5370 sen-

2128 5416 2225 5456 sus
2266 5416 2331 5455 ae
2374 5402 2647 5459 institutio
2705 5404 2992 5460 abolentur
3028 5422 3043 5459 :
3085 5404 3166 5460 sic
3218 5420 3442 5475 quoque
3487 5420 3711 5477 magnus

2127 5492 2249 5559 iste,
2283 5494 2544 5565 quidquid
2593 5507 2719 5551 ante
2777 5497 3054 5551 lavacrunt
3097 5496 3175 5550 illi
3220 5495 3553 5567 disciplinae,
3594 5507 3700 5551 tum

2129 5584 2194 5639 ad
2223 5585 2609 5652 eruditionem,
2639 5596 2753 5642 tum
2780 5588 2846 5643 ad
2870 5587 3115 5643 actiones
3144 5603 3438 5659 moresque
3465 5598 3705 5659 spectans

2128 5678 2467 5735 elaboratum
2508 5680 2705 5748 fuerat,
2745 5690 3003 5753 tanquam
3046 5681 3309 5753 puerilem
3360 5696 3585 5738 sensum
3625 5694 3706 5735 re~
