4022 6426
342 438 446 504 HS
516 444 525 449 ’
1051 433 1333 495 ORATIO
1368 434 1494 495 XX.
1534 459 1599 472 —
1627 430 1711 495 IN
1752 431 2066 494 LAUDEM
2101 433 2164 493 S.
2206 428 2586 491 GREGORII
2618 429 2895 493 TIIEOL.
3503 428 3609 493 446

341 559 596 625 linquens
626 596 640 620 ,
700 553 949 623 quinimo
997 568 1061 607 ea
1109 569 1208 609 ceu
1262 555 1576 609 rudimento
1640 555 1923 624 primaque
1950 553 2002 613 Α
2025 564 2091 606 eo
2119 550 2376 605 omnibus
2407 549 2568 603 simul
2588 547 2842 617 parandis
2866 546 3156 603 virtutibus
3181 547 3363 603 studio
3390 546 3607 602 incum-

341 643 685 698 institutione
726 642 793 696 ad
847 640 1231 711 perfectionem
1279 642 1668 712 capessendam
1717 654 1918 707 utens,
2024 640 2206 703 hebat,
2257 641 2472 694 actione
2523 639 2740 708 quidem
2785 639 2853 694 iis
2902 638 3354 708 defungensqua:
3393 638 3610 693 actione

337 734 700 801 apostolicum
729 733 858 788 illud
884 735 1088 803 jugiter
1112 748 1273 804 opere
1302 735 1598 803 implebat:
1633 736 1765 801 Qua-
1793 745 1916 789 sunt
2022 740 2297 799 constant,
2350 731 2808 801 contemplatione
2859 739 3039 785 autem
3094 730 3181 798 iis,
3222 747 3344 800 qua:
3365 741 3609 785 contem-

337 833 480 876 rem:
505 825 832 889 obliviscaris,
892 824 961 878 ad
990 841 1052 878 ea
1087 842 1204 878 vero
1228 842 1346 896 qua:
1370 843 1401 879 a
1432 827 1606 896 fronte
1633 828 1920 881 secundum
2023 823 2262 895 platione
2288 843 2300 876 :
2331 826 2433 889 vel,
2470 825 2685 878 actione
2716 824 2958 894 quidem,
2992 824 3057 877 ad
3090 838 3153 877 ea
3193 840 3317 892 qua:
3362 832 3610 877 contem-

336 914 620 982 pne/imm
653 916 859 986 signum
884 916 953 967 ad
979 916 1214 969 brat-ium
1244 932 1482 986 superna:
1514 920 1803 972 vocationis
1828 935 1920 972 επ-
2022 915 2277 985 plationis
2315 924 2464 981 sunt,
2496 930 2825 983 promovens
2852 931 2867 980 ;
2916 914 3378 983 contemplatione
3422 922 3606 966 autem

337 1006 552 1060 tandem
586 1009 838 1076 meipsum
864 1009 933 1063 δι.
2024 1021 2087 1060 ea
2118 1006 2220 1059 sibi
2259 1004 2548 1060 familiaria
2581 1006 2815 1060 reddens
2849 1022 2970 1076 quas
3008 1016 3137 1061 sunt
3172 1004 3428 1059 actionis.

407 1098 545 1151 Cum
576 1100 721 1152 enim
752 1097 967 1153 duobus
1004 1099 1180 1155 modis
1214 1100 1450 1170 spectari
1489 1101 1914 1172 philosophiam,
2090 1098 2160 1151 At
2186 1113 2431 1166 qumnam
2464 1097 2606 1151 actio
2631 1098 2863 1166 ?0pet‘:P.
2890 1097 3124 1167 pretium
3160 1098 3303 1152 enim
3332 1095 3607 1159 existimo,

333 1188 536 1242 nedum
583 1188 653 1243 ab
693 1190 761 1244 iis
804 1190 896 1259 qui
939 1190 1073 1246 foris
1114 1199 1275 1256 sunt,
1310 1192 1409 1246 sed
1438 1202 1490 1246 et
1527 1208 1557 1246 a
1598 1194 1802 1248 nostris
1824 1211 1920 1248 ex-
2021 1195 2080 1241 ut
2114 1203 2208 1257 per
2232 1188 2478 1249 virtutes,
2507 1188 2706 1258 quibus
2754 1190 2843 1242 illa
2877 1189 3168 1259 magniﬁce
3203 1187 3451 1257 splendet
3484 1194 3611 1241 ante

334 1276 609 1344 ploratum
657 1277 902 1342 haberet,
945 1289 1058 1333 tum
1101 1295 1293 1349 nempe
1328 1281 1584 1346 rationis,
1630 1291 1743 1337 tum
1786 1299 1923 1337 con-
2019 1279 2558 1349 contemplationem,
2585 1294 2706 1332 eam
2740 1279 3111 1349 designeznus.
3143 1276 3403 1341 Quaenam
3446 1275 3610 1347 igitur

338 1369 712 1437 temptationis
757 1370 1017 1435 ratione;
1066 1371 1297 1440 profana
1353 1372 1575 1446 quidem
1624 1374 1691 1429 iis
1733 1375 1918 1430 relicta
2019 1383 2147 1427 sunt
2171 1372 2441 1425 virtutes?
2492 1371 2736 1423 Primum
2768 1370 2985 1438 quidem
3021 1370 3175 1423 ﬁrma
3217 1368 3477 1431 solitudo,
3512 1382 3609 1422 seu

335 1460 428 1526 qui
455 1458 612 1526 'fmis
650 1468 782 1515 sunt
837 1476 906 1516 ac
952 1460 1197 1531 profanis
1224 1503 1239 1527 ,
1277 1462 1393 1533 ipse
1435 1463 1513 1518 illi
1550 1481 1669 1532 quae
1704 1446 1919 1519 interna
2019 1462 2201 1532 quies,
2239 1477 2304 1515 ac
2352 1462 2732 1518 mundissima.
2760 1461 3032 1524 Solitudo,
3059 1461 3305 1530 inquam,
3357 1474 3422 1514 ac
3450 1459 3608 1529 quies

329 1561 418 1604 est
447 1553 624 1605 solum
654 1554 1065 1609 inbaarescebat.
1123 1554 1179 1608 Id
1233 1556 1492 1610 nimirum
1520 1572 1645 1611 vere
1675 1558 1918 1627 philoso—
2020 1553 2190 1607 animi
2229 1554 2433 1623 pariter
2462 1562 2517 1608 et
2567 1554 2835 1622 corporis.
2868 1552 2982 1606 Non
3016 1552 3161 1606 enim
3204 1552 3308 1606 loci
3341 1551 3613 1605 duntaxat

332 1641 520 1710 phiam
560 1643 786 1704 ducens.
821 1652 879 1699 ut
913 1660 941 1698 a
987 1645 1194 1699 mundo
1242 1646 1442 1701 animis
1481 1648 1916 1717 abrmnperctur,
2019 1644 2275 1714 praesidio
2306 1660 2365 1699 se
2407 1652 2522 1697 tum
2554 1645 2830 1707 civilibus,
2872 1654 2985 1699 tum
3014 1645 3310 1699 rusticanis
3334 1646 3611 1700 subduce-

331 1747 665 1802 omnemqne
706 1736 761 1790 in
799 1751 865 1791 eo
905 1736 1283 1791 confusionem
1348 1753 1412 1792 ac
1449 1741 1916 1808 perturbationem
2020 1736 2115 1791 bat
2150 1736 2493 1801 tumultibus,
2532 1737 2623 1791 sed
2666 1736 2824 1806 longe
2863 1738 3038 1806 magis
3073 1739 3125 1791 in
3159 1753 3217 1793 se
3264 1738 3382 1807 ipse
3411 1735 3611 1793 mentis

332 1822 767 1887 transcenderet,
814 1824 1027 1893 solique
1090 1827 1282 1895 primae
1346 1842 1410 1881 ac
1454 1829 1757 1883 verissima:
1809 1830 1914 1885 luci
1954 1894 1973 1895 ί
2020 1827 2351 1889 constantia,
2393 1841 2559 1894 seque
2586 1826 2785 1891 medio,
2824 1825 2878 1879 in
2919 1825 3090 1879 Deum
3123 1841 3443 1887 conversus,
3482 1841 3607 1880 mo-

330 1923 432 1979 per
463 1925 648 1965 veram
677 1926 741 1967 ac
768 1913 1039 1968 sinceram
1065 1894 1178 1969 tum
1206 1915 1348 1981 vitae,
1376 1924 1489 1971 tum
1513 1916 1793 1981 doctrinae,
1828 1934 1915 1973 ra-
1952 1894 1990 1947 Β
2020 1916 2175 1971 ribus
2200 1916 2381 1985 potius
2415 1914 2765 1969 solitudinem
2809 1929 2873 1968 ac
2930 1914 3175 1983 quietem
3208 1913 3391 1967 obibat
3421 1929 3438 1979 ;
3470 1923 3618 1966 tran-

328 2001 899 2069 tiouemmisceretur,
944 2006 1093 2059 omni
1120 2006 1305 2061 studio
1363 2008 1914 2081 pervicacissimaque
2021 2009 2357 2077 quillamque
2417 2021 2484 2060 ac
2545 2011 2891 2059 mansuetam
2937 2004 3106 2056 anitni
3163 2001 3611 2056 constitutionem

323 2092 610 2161 diligentia
644 2095 697 2148 id
723 2097 1057 2151 enitebatur.
2021 2102 2271 2167 adeptus,
2300 2099 2355 2152 in
2387 2113 2494 2167 qua
2526 2097 2675 2151 velut
2699 2093 2970 2165 pellucido
2998 2092 3220 2163 speculo
3271 2108 3337 2147 ac
3359 2090 3612 2147 mundis-

398 2183 710 2254 lntelligens
757 2195 962 2252 autem,
1011 2205 1115 2243 non
1169 2190 1273 2244 alia
1328 2205 1388 2245 se
1440 2192 1651 2247 ratione
1678 2193 1729 2245 id
1768 2194 1911 2262 quod
2021 2189 2183 2251 simo,
2228 2188 2529 2243 coalestium
2582 2185 3008 2239 illustrationum
3060 2183 3649 2252 repraesentatiouesa

323 2273 474 2328 votis
511 2274 842 2345 efﬂagitabat
892 2277 1035 2333 felici
1081 2295 1342 2335 successu
1393 2281 1654 2350 consequi
1710 2297 1911 2351 posse,
2021 2279 2254 2334 terrenis
2289 2277 2661 2348 impermistas
2693 2275 2882 2345 ﬁguris
2943 2289 3006 2329 ac
3045 2274 3453 2337 seducentibus,
3487 2288 3615 2328 sus-

323 2381 497 2435 quam
527 2366 573 2421 si
611 2367 728 2437 ipse
772 2384 800 2420 a
832 2385 892 2425 se
941 2371 1162 2425 virtutis
1191 2372 1460 2426 actionem
1497 2373 1721 2436 coleret,
1760 2374 1909 2428 coeli-
2018 2370 2277 2439 cipiebat.

321 2466 523 2526 tusque
565 2472 595 2511 a
630 2456 834 2526 Spiritu
919 2461 1182 2515 auxilium
1255 2475 1524 2531 Opemque
1573 2462 1842 2517 obtineret,
1896 2479 1911 2518 :
2022 2494 2029 2499 -
2088 2458 2230 2514 Tum
2263 2475 2393 2513 vero
2420 2459 2699 2514 meditatio
2733 2460 2953 2514 rubus-ta
3009 2459 3289 2529 jugisque.
3333 2454 3613 2508 Meditatio

319 2560 447 2601 esse
483 2546 627 2600 enim
671 2548 873 2616 pariter
903 2563 1247 2605 communem
1285 2552 1409 2604 boni
1440 2552 1782 2620 adeptionem
1847 2568 1912 2608 ac
2020 2567 2303 2609 sacrorum
2334 2550 2572 2620 Spiritus
2612 2553 2978 2619 eloquiornm,
3022 2567 3145 2620 qua:
3181 2549 3380 2603 nedum
3426 2547 3609 2614 labiis,

320 2637 883 2705 consummationem,
914 2655 1038 2694 cum
1075 2641 1283 2696 scilicet
1332 2640 1476 2697 Deus
1511 2641 1743 2707 semina,
1783 2658 1912 2698 nos-
2019 2644 2113 2698 sed
2141 2652 2197 2697 et
2224 2644 2391 2697 corde
2417 2658 2543 2698 vere
2572 2645 2624 2696 in
2661 2644 2920 2713 mysterio
2953 2640 3301 2711 proferantur
3331 2656 3346 2705 ;
3381 2653 3612 2707 eamque

215 2725 229 2737 '
319 2745 453 2799 que,
513 2737 574 2783 ut
631 2728 809 2795 decet,
862 2734 1233 2800 operationem
1274 2732 1624 2788 conferamus
1675 2733 1797 2803 (2):
1847 2750 1911 2789 ac
2016 2735 2176 2804 plane
2229 2730 2300 2788 ob'
2334 2750 2469 2797 rem,
2498 2749 2607 2788 non
2652 2744 2977 2795 atramento,
3024 2732 3117 2787 sed
3167 2730 3371 2800 Spiritu
3424 2729 3611 2784 animo

320 2820 567 2890 Spiritus
588 2824 809 2892 quidem
844 2833 902 2879 ut
938 2824 1141 2880 bonum
1177 2826 1429 2890 velimus,
1465 2827 1822 2897 adlatumque
1852 2826 1908 2880 in
2017 2827 2412 2881 inscribantur.
2436 2826 2696 2880 Preraudi
2726 2836 2907 2879 autem
2933 2825 3175 2880 studium
3211 2825 3395 2894 jugale
3417 2835 3612 2877 uacuis

315 2912 482 2968 nobis
525 2916 776 2984 mystice,
814 2915 1191 2986 secretiusque
1240 2924 1516 2986 operetur.
1578 2932 1682 2972 nos
1725 2925 1907 2971 autem
2017 2920 2378 2984 meditationi,
2419 2919 2752 2973 indivnlsum
2805 2934 2834 2971 a
2865 2916 2975 2973 Deo
3014 2918 3258 2971 animum
3305 2915 3609 2969 obtinebat.

320 3006 569 3076 Spiritus
602 3009 774 3064 secuti
812 3009 1127 3075 consilium,
1173 3012 1362 3081 proba:
1397 3011 1596 3067 mentis
1632 3013 1909 3082 proposito
2016 3013 2489 3080 Quemadmodum
2522 3012 2668 3068 enim
2705 3027 2905 3083 corpus
2935 3009 3249 3065 solitudinis
3280 3009 3452 3069 cultu,
3482 3007 3604 3059 aui-

315 3096 398 3152 illi
419 3113 778 3169 cooperemur
811 3118 827 3156 :
862 3101 978 3157 haec
1003 3102 1185 3172 itaque
1212 3103 1293 3156 vir
1322 3103 1411 3157 ille
1442 3104 1714 3174 magniﬁci
1739 3103 1907 3158 animi
2025 3120 2284 3172 mumque
2316 3103 2684 3158 meditat'onis
2718 3103 2767 3157 \i
2802 3116 3126 3157 consecrare
3158 3098 3267 3153 lleo
3304 3099 3607 3168 satagebat,

315 3192 594 3261 cogitans,
632 3200 1027 3263 perspectoque
1064 3209 1227 3264 quam
1261 3194 1314 3247 in
1346 3195 1559 3264 oppidis
1622 3204 1786 3265 atque
1816 3211 1907 3249 nr-
1937 3243 1979 3299 ϐ
2017 3198 2095 3249 sic
2123 3196 2305 3264 utipte
2344 3196 2509 3249 etiam
2557 3203 2791 3249 mentem
2841 3193 3065 3265 jngibus
3112 3190 3608 3262 supplicationibus

321 3281 519 3337 hanam
569 3285 738 3339 vitam
778 3286 1011 3353 agimus,
1062 3286 1412 3356 quandoque,
1443 3288 1511 3342 iis
1538 3287 1775 3342 maxime
1812 3289 1904 3357 qui
1939 3281 1979 3299 “⁴
2019 3290 2229 3342 instans
2271 3286 2495 3356 εειίιιίιιιῐ
2532 3288 2845 3353 ropnlahat.

318 3375 571 3436 tirocinia
592 3384 823 3445 ponunt,
844 3377 1097 3432 instituto
1128 3377 1341 3432 allicere
1362 3419 1377 3444 ,
1412 3378 1462 3432 id
1497 3388 1600 3446 est,
1631 3393 1916 3449 capessen-
2086 3377 2223 3431 Cum
2259 3385 2441 3431 autem
2473 3377 2526 3430 in
2559 3376 2643 3431 his
2674 3377 2873 3437 tribus,
2907 3376 3116 3431 ratione
3146 3374 3377 3439 scilicet,
3413 3373 3513 3437 ira,
3547 3387 3611 3427 ac

315 3466 404 3520 dre
439 3466 663 3521 sublimi
704 3468 1092 3537 pbilosopbize,
1144 3480 1363 3539 repente
1408 3485 1466 3524 se
1526 3486 1553 3524 a
1597 3472 1913 3539 parentibus
2013 3468 2337 3537 cupiditate,
2370 3468 2608 3522 hominis
2636 3475 2783 3523 totus
2812 3469 3032 3523 animus
3064 3466 3485 3532 consideretur;
3522 3472 3611 3519 at-

317 3568 387 3607 ac
406 3555 656 3623 cognatis
690 3556 968 3626 abrumpit
1004 3574 1019 3624 ;
1069 3557 1344 3625 abrumpit
1372 3574 1499 3613 vero
1534 3559 1601 3613 ab
1635 3559 1779 3614 omni
1815 3577 1914 3614 sa:-
2012 3576 2119 3629 que
2154 3560 2219 3613 ad
2271 3560 2535 3613 rationem
2578 3560 2818 3629 quidem,
2867 3569 3126 3629 tanquam
3161 3557 3608 3628 augustissimam

314 3643 428 3698 culi
474 3659 646 3709 cura;
684 3645 990 3714 tollensque
1039 3647 1202 3716 pedes
1242 3647 1297 3701 in
1327 3647 1600 3702 desertum
1648 3650 1911 3719 agebatur
2012 3660 2222 3721 spectet
2246 3659 2306 3705 ut
2342 3654 2526 3720 pra-sit
2581 3667 2646 3706 ac
2692 3651 3028 3716 dominetur,
3082 3650 3149 3705 ad
3191 3651 3429 3719 reliquas
3459 3663 3610 3712 vero,

316 3748 352 3788 ³
385 3732 629 3803 SPiritu.
2011 3751 2071 3795 ut
2112 3741 2240 3794 huic
2278 3740 2394 3810 ipsa
2439 3750 2684 3809 pareant,
2736 3749 2899 3810 atque
2935 3741 3003 3793 ab
3040 3754 3103 3792 ea
3157 3749 3418 3807 regantur
3467 3738 3610 3807 (haec

388 3825 469 3879 Ac
486 3825 631 3881 sicut
661 3841 857 3895 magna
885 3825 1048 3881 Verbi
1080 3843 1206 3893 vox,
1241 3844 1307 3884 ac
1339 3845 1459 3899 quae
1491 3830 1565 3883 illi
1599 3830 1904 3899 praecurrit,
2010 3831 2155 3884 enim
2181 3830 2280 3883 viri
2315 3829 2577 3898 perfectio
2602 3828 2718 3899 est)
2750 3830 2955 3884 virtute
2987 3827 3310 3898 perfunctus
3341 3844 3466 3897 qua:
3490 3828 3610 3881 cui-

310 3916 778 3986 praeelarissimus
818 3916 1090 3980 Joannes,
1125 3920 1403 3989 prophetis
1432 3922 1688 3977 omnibus
1733 3922 1907 3991 major
2010 3938 2117 3993 que
2150 3922 2317 3976 animi
2347 3923 2486 3990 parti
2522 3930 2647 3989 apta
2679 3921 2752 3974 sit
2815 3935 2878 3975 ac
2913 3920 3241 3973 conveniens
3271 3935 3286 3985 ;
3321 3919 3487 3988 inque
3524 3918 3609 3973 bis

310 4023 425 4077 qua
459 4007 536 4061 illi
578 4008 807 4062 vicinior
836 4025 998 4079 quem
1035 4011 1419 4081 prophetarum
1448 4015 1746 4085 tangebant
1782 4029 1908 4067 ora-
2010 4027 2225 4066 summa
2243 4013 2327 4066 vir
2351 4027 2585 4081 magnus
2602 4012 2945 4080 philosophia
2975 4019 3606 4078 spectatus.tempcran-

312 4098 465 4163 cuia,
513 4097 746 4153 Domino
774 4102 1118 4169 praedicatus,
1157 4118 1281 4158 cum
1310 4104 1527 4159 deserto
1557 4106 1707 4174 prius
1760 4106 1898 4160 Dee-
2009 4104 2138 4154 tiam
2166 4102 2384 4170 quidem
2415 4100 2698 4168 cupiditati
2733 4099 2977 4167 praeﬁcit,
3009 4113 3132 4168 qua:
3155 4098 3367 4152 scilicet
3397 4096 3598 4151 nedum

310 4203 430 4258 que
480 4190 815 4257 vocasset",
847 4192 1163 4261 eximieque
1196 4195 1321 4249 vitae
1351 4196 1499 4250 cultu
1558 4213 1622 4250 ac
1659 4198 1908 4251 eminen-
2007 4193 2307 4248 necessarii
2338 4192 2467 4256 cibi,
2512 4191 2803 4259 somnique
2837 4198 3042 4259 partem
3073 4190 3366 4243 maximam
3408 4204 3607 4258 ampu-

314 4278 450 4334 tiori
479 4280 940 4349 contemplatione
975 4292 1231 4352 superata
1277 4296 1530 4339 creatura
1567 4285 1634 4350 ”,
1671 4287 1904 4340 creatori
2008 4292 2165 4348 taret,
2190 4285 2284 4339 sed
2323 4293 2377 4337 et
2403 4283 2616 4338 cunctis
2635 4282 2888 4338 sensibus
2917 4282 3108 4336 modos
3159 4281 3605 4351 regulasquede-

312 4371 547 4440 propius
585 4372 904 4427 adhaesisset
938 4390 952 4427 :
991 4374 1258 4444 posthaec
1297 4377 1483 4446 utique
1536 4388 1662 4432 ante
1695 4378 1904 4431 Domini
2006 4377 2230 4440 ﬁniret;
2280 4376 2706 4446 pulchritudinis
2778 4390 2842 4429 ac
2897 4374 3087 4428 formae
3134 4374 3443 4442 cupidinem
3485 4388 3606 4427 om-

310 4456 515 4513 f.:ciem
562 4458 840 4527 incedens,
892 4461 1037 4515 illius
1090 4464 1208 4517 vias
1260 4467 1578 4534 paravit“:
1622 4466 1703 4519 sic
1748 4466 1908 4533 plane
2008 4480 2134 4522 nem
2170 4466 2436 4527 aboleret,
2465 4479 2739 4543 quinneque
2772 4479 2955 4518 rerum
2993 4462 3380 4517 intereuntium
3421 4477 3486 4518 ac
3512 4478 3606 4517 ca-

307 4551 482 4605 ctiam
499 4548 817 4619 Gregorius,
843 4553 1023 4607 saeculi
1057 4555 1231 4609 turbis
1279 4554 1510 4625 ejusque
1541 4557 1659 4611 salo
1688 4556 1901 4626 placide
1934 4574 1976 4630 ο
2006 4560 2271 4613 ducarum
2333 4556 2664 4611 desiderium
2738 4566 2962 4611 necaret
3003 4573 3019 4623 ;
3076 4555 3387 4609 membrum
3439 4570 3606 4608 omne

309 4641 472 4712 prius
493 4641 737 4709 avulsus,
769 4644 989 4713 vitaque
1020 4644 1412 4715 imperturbata
1467 4656 1628 4716 atque
1655 4647 1724 4701 ab
1748 4646 1899 4700 omni
2008 4664 2337 4719 omnemque
2367 4658 2576 4702 motum
2640 4648 2930 4718 disciplina
2970 4656 3324 4717 componeret
3362 4662 3427 4701 ac
3459 4662 3605 4702 eom-

309 4730 602 4799 pravitatis
629 4733 960 4786 commercio
984 4734 1176 4799 libera,
1206 4743 1385 4789 mente
1410 4736 1659 4790 sublimis
1682 4735 1857 4790 factus
1880 4751 1896 4801 ;

2016 4745 2291 4814 primeret,
2374 4744 2676 4814 mentique,
2725 4758 2848 4814 qua:
2891 4751 2975 4798 est
3022 4742 3386 4813 praestantior,
3434 4741 3604 4813 subji-

307 4836 495 4890 exque
560 4822 762 4877 divinis
796 4823 1000 4893 (quoad
1034 4825 1382 4895 concessum)
1426 4828 1901 4896 contemplationi-
2006 4845 2178 4891 ceret.

311 4914 418 4967 bus
468 4913 670 4968 de?tate
719 4914 961 4969 imbutus
995 4954 1011 4979 ,
1071 4916 1270 4970 nedum
1337 4917 1668 4986 pmnitentia:
1731 4929 1898 4988 atque
2078 4924 2291 4981 Rursus
2339 4940 2468 4981 vero
2518 4925 2986 4980 mansuetudinem
3045 4923 3139 4978 iraa
3184 4923 3468 4978 adversam
3504 4921 3593 4975 in-

310 5005 660 5075 haptismatis
689 5008 1005 5064 hominibus
1038 5024 1236 5079 praeco,
1269 5010 1362 5064 sed
1394 5021 1448 5064 et
1477 5010 1627 5065 onmi
1672 5012 1899 5080 majoris
2005 5016 2165 5070 struit
2202 5034 2215 5070 :
2250 5016 2304 5070 in
2335 5032 2442 5087 qua
2479 5016 2739 5071 nimirum
2776 5016 2956 5070 omnis
3007 5014 3056 5067 ei
3088 5014 3257 5067 animi
3293 5013 3602 5068 amaritudo

309 5098 646 5165 perfectione
705 5097 1237 5171 abs'olutissimaeque
1267 5098 1551 5156 Trinitatis
1588 5105 1845 5173 magister
1870 5119 1902 5158 e
2002 5108 2208 5178 iraeque
2230 5109 2461 5179 impetus
2500 5111 2809 5165 solveretur
2844 5126 2859 5173 ;
2892 5108 3201 5163 solveretur
3233 5115 3414 5161 autem
3451 5104 3601 5157 blas-

306 5186 532 5242 deserto
569 5190 858 5248 emittitur.
898 5192 952 5246 Id
985 5206 1167 5247 autem
1209 5193 1387 5247 oratio
1418 5207 1679 5263 processu
1719 5192 1901 5248 decla-
2001 5202 2219 5270 pheinia
2258 5210 2313 5256 ct
2356 5202 2566 5255 clamor
2602 5221 2616 5256 :
2662 5217 2728 5257 ac
2784 5202 3004 5271 quidem
3057 5200 3261 5254 malitia
3300 5196 3482 5253 omnis
3532 5209 3599 5249 ac
3690 5230 3697 5235 -

310 5279 479 5333 rabil-
2004 5307 2204 5347 rancor
2236 5293 2365 5363 (ira:
2394 5292 2603 5349 scilicet
2651 5294 2791 5347 mala
2823 5293 3066 5362 germina
3098 5292 3118 5359 )
3147 5289 3366 5360 penitus
3393 5284 3596 5341 evelle-

385 5373 600 5428 Etenim
638 5390 896 5446 magnum
928 5376 1150 5446 quidem
1183 5374 1468 5443 Basilium,
1499 5376 1577 5432 uti
1610 5378 1761 5447 prius
1777 5376 1898 5447 ejus
2004 5393 2192 5438 rentur
2223 5399 2239 5451 ;
2296 5384 2551 5454 velutque
2593 5400 2659 5440 ex
2706 5384 2945 5455 perfecta
2987 5384 3201 5448 radice,
3239 5396 3305 5436 ex
3342 5376 3590 5443 lenitate,

306 5463 675 5534 philosophia:
727 5482 852 5537 qua:
897 5483 1000 5523 usu
1051 5469 1302 5523 saeculari
1347 5469 1534 5535 venit,
1580 5469 1653 5523 ita
1708 5479 1895 5539 postea
2002 5474 2184 5529 omnis
2237 5474 2292 5530 in
2326 5489 2392 5531 eo
2422 5476 2728 5546 benignitas
2761 5486 2929 5547 atque
2978 5472 3222 5545 probitas
3255 5467 3589 5541 germinat-et

304 5556 575 5627 spiritalis
616 5559 922 5629 adjutorem
981 5561 1306 5633 sociumque
1336 5562 1625 5625 adhibens,
1656 5563 1740 5619 sic
1768 5579 1893 5619 cum
2004 5582 2070 5623 ac
2099 5566 2386 5623 cilloreret.

376 5692 425 5725 "
460 5690 608 5748 Phil.
648 5707 735 5762 ιιι,
778 5695 864 5751 l3.
939 5694 985 5729 “
1016 5696 1207 5754 Matth.
1261 5714 1333 5767 tv,
1365 5699 1391 5754 ι
1428 5717 1442 5756 :
1476 5697 1608 5758 Luc.
1642 5716 1713 5769 tv,
1754 5701 1803 5758 Ι.
1880 5701 1964 5760 ⁸³]

1261 5714 1333 5767 tv,
1365 5699 1391 5754 ι
1428 5717 1442 5756 :
1476 5697 1608 5758 Luc.
1642 5716 1713 5769 tv,
1754 5701 1803 5758 Ι.
1880 5701 1927 5735 ⁸³
1955 5703 2146 5761 Matth.
2173 5721 2248 5774 xi,
2288 5705 2372 5761 ll.
2449 5703 2493 5736 “
2520 5701 2651 5759 Luc.
2679 5718 2717 5770 t,
2750 5701 2838 5757 76.

377 5849 460 5923 (2)
492 5849 680 5924 σωκ..
719 5861 859 5910 orat.
889 5854 959 5909 58
985 5865 1040 5913 et
1062 5855 1151 5913 49..
