4022 6434
407 416 514 478 447

1612 420 1908 482 ΝΙΟΕΤΛΞ
1947 419 2397 488 PAPIILAGON
2407 427 2476 487 IS

3477 460 3494 469 -
3579 434 3696 502 H8

483 524 800 581 Modestiam
825 531 1006 580 autem
1045 524 1443 595 (humilitatem
1475 526 1703 598 vocant)
1737 537 1990 582 ornatum
2019 527 2070 590 A
2094 544 2201 600 que
2227 545 2293 586 ac
2319 541 2556 590 mentem
2589 533 2990 610 circumseptus
3016 553 3080 596 ac
3131 542 3487 610 emendatus.
3513 548 3580 604 ad
3609 551 3696 606 dt-

410 620 676 686 optimum
721 616 920 672 rationi
965 616 1235 687 imponit;
1289 617 1342 671 i-n
1401 633 1508 690 qua
1537 618 1752 674 inanem
1780 636 1998 678 omnem

411 716 574 777 atque
619 707 823 762 elatum
877 707 1044 762 animi
1085 723 1309 763 sensum
1381 720 1531 766 esset
1598 711 1996 776 destrueturus,

410 813 744 869 omnemque
799 799 1140 854 altitudinem
1169 841 1184 868 ,
1241 787 1586 858 extollentem
1633 819 1693 858 se
1738 803 1999 860 adversus

409 891 842 962 praestantiorem
887 892 1196 957 scientiam,
1239 908 1678 966 compressurus.
1723 895 2000 964 Quemad-

411 981 634 1035 modum
665 983 810 1036 enim
842 983 894 1036 in
926 983 1030 1036 hoc
1059 984 1198 1037 ratio
1233 985 1532 1040 constituta
1565 998 1670 1054 cst,
1705 999 1763 1042 ut
1786 991 1998 1057 cupidi-

409 1073 536 1128 tatis
557 1073 836 1127 lasciviam
869 1076 1240 1144 ten'iperantizc
1263 1077 1333 1140 vi,
1385 1077 1585 1148 ineque
1623 1079 1995 1136 inconsultum

407 1167 673 1237 impetum
696 1163 918 1222 Ienit'atc
957 1178 1270 1240 retorqueat
1295 1188 1309 1237 ;
1338 1171 1416 1226 sic
1444 1187 1665 1244 quoque
1693 1190 1852 1230 suum
1879 1176 1995 1246 ipsa

411 1269 677 1315 tumorem
733 1277 797 1316 ac
857 1263 1172 1334 superbiam
1254 1266 1519 1320 modestia
1577 1269 1852 1337 castigans
1935 1286 2000 1328 ac

408 1353 802 1422 comprimens,
857 1355 1003 1424 piam
1073 1371 1132 1411 se
1174 1358 1622 1430 modestamque,
1677 1369 1734 1416 ut
1782 1362 1998 1418 Christo

409 1443 647 1508 ohediat,
687 1445 956 1513 captivam
993 1445 1216 1502 addicit.

483 1534 636 1589 Sicut
662 1543 843 1590 autem
869 1546 1076 1592 natura:
1105 1539 1221 1609 ipsa
1249 1539 1297 1594 vi
1327 1555 1390 1596 ac
1421 1541 1634 1598 ratione
1670 1543 1780 1598 lilio
1813 1560 1999 1602 comes

409 1626 694 1698 flagrantia
727 1639 832 1692 est,
879 1631 959 1685 sic
991 1640 1045 1688 et
1091 1632 1174 1687 his
1225 1633 1521 1692 virtutibus
1567 1637 1736 1691 animi
1781 1655 1997 1694 summa

411 1720 812 1791 tranquillitas,
845 1738 968 1776 cum
1019 1724 1144 1794 quis
1176 1725 1284 1780 illis
1323 1727 1640 1796 perfunctus
1688 1737 1792 1785 est.
1826 1729 2002 1786 Tran-

409 1812 675 1880 quillitas,
707 1814 1000 1870 affectuum
1026 1831 1299 1885 recessus,
1325 1821 1569 1874 omnium
1590 1822 1994 1890 mgritudinum,

2105 619 2244 676 vinae
2281 621 2574 694 Sapientiae
2602 627 2800 682 celsam
2835 629 3019 684 evadit
3041 647 3248 690 arcem.

2173 713 2254 768 Ad
2309 717 2560 772 timorem
2613 727 2818 787 autem,
2852 719 3229 778 fortitudinem
3284 740 3350 782 ac
3391 729 3688 784 consilium

2101 818 2426 874 assumens;
2465 808 2665 878 prioris
2706 811 2811 874 usi,
2868 813 3068 868 nedum
3135 814 3402 871 adversus
3455 819 3692 876 alfcctus

2101 895 2358 966 Viliaque,
2393 913 2578 954 verum
2613 901 2776 956 etiam
2823 903 3099 960 daemones
3150 907 3320 962 robur
3369 909 3566 974 induit,
3621 925 3691 966 ac

2101 990 2480 1046 confirmatur.
2516 991 2626 1047 Nec
2661 1007 2794 1046 vero
2841 1003 3035 1049 contra
3095 998 3198 1052 hos
3250 999 3452 1066 solum,
3495 1001 3591 1056 sed
3631 1011 3690 1057 et

2100 1089 2291 1134 contra
2329 1081 2506 1152 ipsum
2539 1083 2839 1154 principem
2873 1089 3159 1161 potestatis
3221 1091 3368 1148 aeris
3399 1093 3444 1127 ⁸¹
3478 1107 3686 1148 conva-

2099 1169 2259 1226 lescit
2304 1187 2447 1226 :nec
2477 1182 2672 1230 contra
2721 1175 2878 1230 illum
2934 1179 3226 1246 duntaxat,
3281 1197 3466 1236 verum
3515 1185 3684 1238 etiam

2100 1273 2292 1319 contra
2329 1266 2482 1335 ipsos
2516 1265 2827 1322 iliiﬁilcntiie
2867 1267 3004 1326 ﬁlios
3034 1271 3101 1337 δ’,
3130 1285 3323 1342 nempe
3350 1272 3684 1342 incredulos,

2098 1355 2189 1426 qui
2217 1355 2339 1423 eius
2369 1356 2550 1410 aliiatu
2570 1366 2838 1428 aguntur;
2873 1359 3202 1439 quibuscum
3230 1372 3536 1430 opportune
3565 1379 3684 1419 cer-

2101 1457 2278 1501 tamen
2311 1448 2711 1506 commissurus
2731 1449 3091 1522 erat.Spiritu
3115 1462 3296 1506 autem
3329 1455 3544 1510 consilii
3571 1472 3686 1512 non

2101 1539 2151 1591 id
2194 1539 2374 1594 solum
2415 1533 2694 1594 scrutatis
2734 1541 2880 1611 quod
2931 1544 3188 1612 privatim
3245 1545 3470 1616 suisque
3517 1549 3688 1605 rebus

2097 1633 2451 1697 conduceret,
2485 1633 2579 1688 sed
2611 1635 2760 1706 quod
2787 1637 2950 1690 etiam
2981 1637 3234 1692 omnibus
3267 1639 3336 1702 ⁸³,
3367 1647 3459 1692 aut
3485 1641 3682 1710 plerisv

2099 1741 2202 1797 que
2231 1723 2371 1780 foret
2402 1725 2577 1792 utile;
2635 1742 2812 1797 neque
2853 1728 3058 1797 proprii
3104 1729 3440 1784 voluntatem
3474 1731 3674 1800 animi,

2100 1819 2194 1872 sed
2233 1817 2596 1884 Dominicam,
2655 1834 2981 1889 summeque
3029 1819 3228 1874 bonam
3282 1831 3449 1892 atque
3502 1823 3684 1892 perfe—

412 1913 524 1961 tum
557 1921 678 1973 quae
731 1906 998 1974 animum,
1042 1917 1154 1962 tum
1184 1925 1307 1980 qua:
1342 1927 1540 1982 corpus
1581 1914 1702 1968 labe
1733 1914 1994 1983 alliciunt,
2029 1905 2069 1962 Β
2100 1919 2265 1976 ctam,
2299 1919 2558 1980 tanquam
2611 1911 2814 1980 probus
2837 1910 3076 1966 famulus
3109 1913 3402 1982 explorans
3427 1915 3496 1978 ⁸⁵.
3527 1930 3680 1969 eam.

409 1996 616 2053 evulsio
667 2012 732 2052 ac
767 1998 1020 2053 interitus
1053 2015 1068 2066 ;
1111 1999 1302 2056 beatus
1328 2012 1526 2068 status,
1558 2005 1812 2075 nullaque
1840 2007 1996 2062 turba

407 2089 658 2159 pulsatus
677 2104 740 2145 ac
761 2090 1008 2146 molestia
1029 2107 1045 2160 ;
1063 2093 1380 2162 angelorum
1401 2095 1530 2162 vita,
1551 2093 1746 2152 futura:
1764 2098 2000 2153 arrhabo

411 2182 714 2238 beatitatis.

479 2270 558 2326 Ad
587 2271 730 2328 hanc
765 2288 888 2328 cum
920 2275 1188 2330 evasisset
1217 2275 1438 2332 divinus
1476 2276 1797 2349 Gregorius,
1829 2281 1999 2337 hanc-

411 2377 519 2430 que
561 2365 857 2432 septimum
913 2365 999 2420 sui
1047 2367 1283 2423 actionis
1339 2369 1390 2423 vi
1444 2385 1710 2426 ascensus
1765 2373 1997 2444 gradum

409 2456 716 2522 statuisset,
745 2458 822 2512 illi
852 2458 1110 2530 deinceps
1147 2462 1417 2530 optimum
1478 2478 1544 2520 ac
1575 2465 1995 2522 stabilissimum

413 2549 714 2604 ternarium
751 2549 1042 2616 virtutum,
1075 2551 1228 2608 fidem
1247 2553 1477 2618 scilicet.
1502 2571 1654 2625 spem
1678 2573 1740 2612 ac
1757 2559 2001 2614 charitar

409 2649 541 2704 tem,
565 2657 662 2696 ceu
686 2643 1113 2712 pulcherrimam
1141 2645 1460 2702 eoronidem
1509 2645 1788 2716 imposuit.
1812 2648 1998 2706 Fidem

411 2733 656 2803 quidem,
688 2733 740 2788 in
774 2732 989 2790 Patrem
1027 2745 1082 2789 ct
1119 2735 1318 2792 Filium
1348 2746 1402 2792 et
1427 2736 1690 2807 Spiritum
1723 2751 1997 2810 sanetum,

412 2838 578 2877 unam
603 2823 857 2880 deitatem
878 2834 932 2880 et
953 2827 1272 2896 potentiam,
1291 2842 1355 2882 ac
1375 2843 1600 2900 regnum
1619 2847 1634 2896 ;
1655 2845 1752 2886 ore
1772 2832 1996 2902 quidem

320 2967 332 2976 ,
411 2912 682 2970 sinceram
737 2915 1166 2985 confessionem,
1225 2921 1392 2976 corde
1443 2931 1622 2976 autem
1670 2937 1736 2980 ac
1789 2936 1994 2992 mente,

411 3005 915 3070 comprobationem
951 3007 1366 3066 irrevocabilem
1395 3027 1812 3085 asscnsumque.
1836 3011 1999 3084 Spem

409 3111 565 3160 vero,
599 3099 791 3154 herum
821 3099 1087 3173 ipsorum,
1123 3095 1248 3173 qute
1297 3119 1442 3158 nunc
1475 3105 1708 3161 obscure
1739 3107 2002 3176 tenuique

413 3189 608 3244 umbra
640 3206 705 3246 ex
736 3192 836 3248 lide
875 3193 1249 3264 conspicimus
1269 3196 1316 3230 "
1337 3237 1352 3266 ,
1389 3195 1726 3266 perfectioris
1757 3207 2002 3264 postmo-

413 3281 544 3336 dum
573 3283 974 3353 explicationis,
1016 3285 1067 3340 id
1101 3297 1207 3354 est,
1259 3289 1608 3344 rcvelationis
1641 3304 1708 3343 ac
1736 3289 2004 3345 delectio-

416 3373 502 3428 nis
540 3375 1026 3443 exspectationem.
1049 3375 1384 3431 Charitatcm
1417 3387 1597 3432 autem
1620 3417 1635 3437 ,
1684 3393 2001 3448 supremum

418 3464 646 3535 hujusce
673 3467 835 3521 scala:
866 3467 1128 3537 spiritalis
1165 3483 1452 3524 ascensum
1483 3487 1497 3522 :
1527 3469 1662 3540 legis
1728 3486 2002 3528 summam

419 3573 483 3612 ac
513 3557 901 3626 prophetarum
922 3559 990 3626 ιθ,
1039 3559 1316 3614 vinculum
1351 3559 1699 3628 perfectionis
1724 3561 1793 3628 ‘7,
1829 3563 2006 3619 conti-

418 3663 604 3716 nuam,
657 3663 722 3703 ac
773 3665 935 3720 quam
976 3651 1184 3705 nullum
1237 3651 1458 3705 dirimat
1499 3651 1762 3718 medium,
1807 3655 2006 3710 mentis

419 3741 652 3811 propriae
697 3757 819 3796 cuin
863 3742 975 3798 Deo
1026 3745 1079 3797 in
1131 3742 1334 3813 Spiritu
1379 3761 1473 3815 per
1507 3742 1692 3799 Jesnm
1721 3743 2002 3802 Christum

420 3835 740 3891 societatem
775 3845 938 3906 atque
961 3852 1300 3906 compagem.

493 3925 655 3980 Ilisce
686 3927 960 3982 universis
999 3927 1319 3993 virtutibus,
1353 3943 1477 3998 qua:
1511 3927 1730 3985 actione
1773 3929 2005 4000 ejusque

423 4025 684 4086 gerantur
719 4017 895 4083 cultu,
947 4033 1062 4083 cas,
1115 4035 1237 4089 qua:
1295 4020 1496 4075 mentis
1539 4023 2008 4091 contemplatione

423 4107 956 4164 consummationem
990 4108 1212 4174 habent,
1237 4109 1436 4179 aequali
1470 4125 1700 4164 numero
1731 4116 2004 4179 attexuit;

421 4199 662 4266 primum
695 4198 908 4254 scilicet
943 4201 1312 4270 operationes,
1351 4216 1452 4256 seu
1486 4201 1702 4256 aIIlatus
1737 4201 2004 4270 Spiritus,

426 4304 564 4358 quos
597 4288 836 4358 Spiritus
859 4299 1067 4360 septem
1110 4290 1278 4346 Isaias
1314 4294 1673 4359 nuncupavit.
1721 4293 1788 4348 Ili
1813 4310 2007 4365 nempe

425 4394 552 4436 vere
603 4381 892 4450 primoque
924 4381 977 4436 in
1023 4382 1246 4438 Christo
1288 4383 1696 4453 requieverunt,
1747 4396 1871 4441 orto
1915 4387 2007 4443 illo

424 4487 492 4528 ex
517 4473 703 4528 radice
737 4471 890 4529 Jesse
915 4473 1000 4540 “;
1035 4473 1276 4528 secundo
1309 4485 1513 4540 autem,
1552 4476 1664 4542 illa,
1694 4493 1816 4546 quae
1843 4495 1910 4533 ex
1941 4495 2006 4535 eo

2099 2019 2205 2076 quc
2247 2003 2372 2057 imis
2407 2003 2612 2058 mentis
2643 2003 3016 2072 penetralibus
3047 2003 3318 2072 formans,
3356 2005 3512 2075 pravi
3539 2021 3677 2062 con-

2099 2092 2207 2148 silii
2241 2108 2414 2162 genus
2455 2107 2618 2147 omne
2645 2093 2899 2148 cavebat.

2171 2184 2433 2242 Pietatem
2482 2185 2800 2258 dogmatum
2862 2187 3090 2242 veritate
3149 2202 3215 2242 ac
3250 2203 3469 2246 morum
3518 2190 3688 2248 recti-

2107 2276 2298 2330 tudine
2340 2275 2556 2332 colcbat
2601 2295 2614 2330 :
2650 2292 2845 2346 nempe
2890 2276 2960 2331 ab
3016 2278 3171 2332 omni
3225 2283 3369 2348 turpi
3417 2281 3685 2349 cogitatu,

2100 2367 2364 2437 omnique
2395 2367 2626 2436 profano
2659 2383 2934 2435 sermone,
2980 2385 3046 2426 ac
3098 2371 3282 2425 alieno
3319 2373 3468 2428 omni
3511 2373 3684 2430 Incre-

2101 2459 2336 2514 ticorum
2381 2457 2506 2513 fuco
2553 2458 2832 2513 defireate-
2865 2461 3162 2515 mundatus
3183 2501 3202 2527 ,
3238 2462 3292 2516 in
3325 2464 3519 2520 mentis
3553 2480 3682 2520 vero

2102 2551 2341 2606 novitate
2396 2549 2451 2602 in
2497 2549 2724 2606 Christo
2777 2551 3224 2619 transformatus,
3263 2568 3326 2608 ea
3381 2553 3678 2624 plurimum

2101 2643 2454 2710 promovebat
2486 2651 2651 2712 atque
2675 2645 2987 2712 praestabat.

2175 2732 2433 2788 Scientiae
2464 2742 2668 2801 autem,
2702 2749 2826 2803 quae
2873 2735 2945 2790 sit
2997 2734 3422 2800 intellectilium,
3477 2735 3528 2791 id
3571 2745 3682 2806 est,
3765 2741 3782 2752 '

2099 2837 2290 2878 eorum
2323 2839 2444 2894 quze
2473 2824 2701 2880 scicntia
2736 2834 3062 2892 noscuntur,
3111 2835 3220 2882 tota
3253 2829 3502 2896 quaedam
3547 2843 3686 2886 con-

2101 2913 2350 2986 fertaque
2389 2915 2700 2981 rontuitio;
2757 2914 2834 2970 uti
2885 2915 3053 2970 etiam
3094 2917 3254 2984 visio,
3288 2933 3481 2972 eorum
3523 2933 3685 2985 aspe-

2100 3015 2245 3067 ctus,
2269 3021 2390 3074 qua:
2414 3005 2565 3060 cerni
2597 3005 2772 3062 oculis
2809 3016 3077 3078 possunt;
3105 3017 3290 3063 tantus
3321 3010 3374 3064 ei
3429 3009 3689 3068 cumulus

2101 3097 2370 3167 copiaque
2404 3107 2736 3164 accesserat,
2779 3106 2986 3166 quanto
3043 3099 3208 3154 etiam
3259 3114 3370 3168 pra:
3429 3101 3690 3156 omnibus

2104 3189 2456 3252 emundatus,
2493 3189 2559 3242 ad
2592 3187 2894 3258 angelicam
2945 3191 3473 3260 contemplationem
3507 3200 3687 3246 mente

2109 3279 2604 3334 transmutahatur.
2672 3278 2808 3334 Dum
2863 3280 3034 3334 maris
3093 3295 3341 3346 arenam,
3397 3289 3454 3334 et
3503 3289 3686 3352 guttas

2109 3369 2342 3442 pluvia),
2393 3369 2622 3439 diesque
2682 3369 2871 3426 saeculi
2931 3371 3347 3427 enumeraveris
3389 3371 3458 3440 ⁸⁸,
3519 3385 3680 3440 quam

2105 3461 2272 3516 etiam
2302 3475 2460 3516 sacra
2480 3461 2600 3530 ejus
2629 3461 2843 3531 eloquia
2896 3463 3264 3534 intelligentiae
3293 3462 3398 3516 vim
3429 3469 3680 3534 praestant

2109 3568 2173 3609 ac
2235 3553 2472 3610 fecundo
2541 3555 2714 3612 edunt
2765 3555 3036 3624 germine,
3092 3555 3446 3612 intellexeris.
3503 3551 3680 3610 Sacra

2107 3629 2348 3716 namque
2388 3647 2684 3716 Scriptura:
2718 3663 2940 3714 sensus,
2978 3647 3126 3702 velut
3175 3661 3302 3702 rosa
3336 3649 3390 3702 in
3430 3645 3682 3712 caliculo,

2107 3717 2366 3791 dictionis
2399 3736 2737 3792 obscuritate
2768 3747 3052 3792 eontectus
3075 3745 3215 3791 erat.
3251 3736 3301 3792 Is
3330 3745 3510 3791 autem
3541 3737 3688 3791 clare

2108 3830 2164 3884 in
2209 3827 2406 3900 Spiritu
2453 3827 2755 3898 explicans,
2809 3829 3076 3896 suavique
3121 3828 3268 3886 illius
3320 3827 3688 3898 intelligentia

2107 3919 2408 3992 fragrantia
2432 3935 2601 3990 supra
2632 3921 2856 3976 modum
2891 3921 3150 3991 repletus,
3179 3936 3246 3978 ea
3279 3921 3469 3979 statim
3499 3937 3687 3978 sacra-

2110 4011 2386 4069 tissimam
2409 4012 2740 4084 sapientiam
2772 4014 3148 4072 sacratissimo
3173 4015 3300 4070 nisu
3327 4015 3692 4083 comprehen-

2106 4103 2202 4158 dit.

2180 4193 2274 4250 Est
2305 4193 2472 4265 igitur
2495 4193 2785 4264 sapientia,
2815 4195 2907 4250 illa
2947 4195 3169 4265 quidem
3228 4203 3345 4251 tum
3399 4195 3522 4252 viva
3570 4203 3690 4252 tum

2106 4301 2229 4356 qua).
2261 4300 2358 4356 per
2380 4301 2440 4340 se
2467 4296 2553 4342 est
2607 4295 2772 4357 atque
2795 4287 3072 4353 consistit,
3095 4288 3188 4358 qni
3215 4303 3343 4346 cum
3371 4287 3532 4344 Patre
3560 4299 3691 4344 ante

2109 4379 2308 4434 saecula
2337 4379 2532 4434 Sermo
2564 4389 2670 4446 est,
2706 4395 2773 4434 ac
2806 4395 2930 4435 cum
2959 4395 3027 4436 eo
3067 4396 3176 4437 una
3221 4383 3553 4451 sempiterne
3605 4385 3690 4437 in-

2111 4471 2374 4541 telligitur
2399 4491 2414 4526 :
2441 4479 2524 4524 est
2543 4486 2671 4526 vero
2693 4471 2859 4526 etiam
2887 4472 3180 4542 sapientia,
3203 4475 3298 4544 qui
3326 4475 3393 4530 de
3421 4473 3694 4530 Sermone

428 4573 532 4626 est,
569 4565 832 4620 societate
872 4580 938 4620 ac
969 4565 1324 4632 commercio,
1361 4575 1475 4620 tum
1513 4567 1566 4621 in
1596 4569 1722 4623 aliis
1758 4571 1851 4640 qui
1887 4571 2002 4628 sint
2036 4574 2080 4628 D
2109 4576 2400 4618 sermones
2429 4571 2593 4630 sunt;
2624 4577 2864 4632 quorum
2913 4565 2965 4619 Vi
3001 4564 3216 4630 Sermo,
3247 4565 3314 4620 iis
3345 4566 3436 4636 ιιιιί
3489 4567 3698 4634 Pici-3‘0

426 4655 548 4726 ejus
579 4658 894 4725 participes,
921 4666 1034 4711 tum
1061 4658 1143 4712 vel
1167 4659 1405 4714 maxime
1434 4662 1599 4714 etiam
1642 4661 1696 4714 in
1742 4676 1808 4716 co
1835 4679 2000 4733 quem

426 4749 716 4806 laudamus
744 4768 756 4813 ς
800 4752 893 4820 qui
927 4751 1028 4805 hos
1054 4760 1234 4806 mente
1269 4761 1395 4820 agat
1420 4768 1484 4807 ac
1516 4753 1798 4823 intelligat,
1838 4758 2008 4826 quin-

431 4841 542 4897 imo
608 4843 717 4898 illis
767 4852 963 4913 agatur
1015 4857 1081 4898 ac
1135 4853 1576 4911 consummetur,
1629 4848 1860 4918 mystice
1917 4864 2007 4902 re-

428 4933 741 5004 quiescunt.

499 5027 736 5093 Quinam
762 5027 929 5099 igitur
960 5027 1174 5086 amatus
1235 5045 1302 5085 ac
1343 5029 1622 5102 Spiritus?
1664 5029 1854 5085 Priore
1881 5029 2009 5100 qui-

431 5118 556 5174 dem
597 5119 722 5175 loco
753 5121 1080 5190 sapientiam
1115 5122 1197 5189 ‘9;
1249 5123 1499 5192 quinimo
1533 5123 1601 5177 ab
1652 5121 2014 5178 inferioribus

433 5228 656 5271 sursum
688 5229 878 5268 versus
933 5215 1259 5282 ascendens,
1316 5215 1462 5269 velut
1525 5214 1812 5284 sapientizn
1861 5213 2011 5267 radi-

435 5319 552 5362 cem
605 5321 672 5360 ac
703 5307 1055 5376 principium,
1103 5308 1352 5362 timorem
1407 5306 1618 5362 Domini
1659 5305 2008 5376 praeiaciens,

437 5408 652 5454 castum
683 5399 857 5463 illum,
903 5414 969 5454 ac
998 5399 1093 5468 qui
1123 5407 1261 5454 teste
1315 5397 1538 5462 Davide,
1591 5407 1907 5468 permaneat
1954 5400 2009 5453 in

437 5492 699 5548 sarculum
729 5493 916 5548 saeculi
945 5509 962 5558 ;
1004 5507 1071 5548 eo
1099 5490 1346 5548 conﬁxus
1377 5506 1599 5546 carnem
1632 5490 1702 5555 ⁸ο,
1734 5490 2012 5546 animum-

515 5695 562 5727 “
589 5695 607 5750 l
633 5695 758 5750 Cor.
799 5711 923 5764 ιιιιι,
951 5699 1038 5754 12.

447 5763 564 5836 Li);
635 5766 694 5836 4"
722 5766 864 5820 Psal.
899 5787 1091 5836 cxwu,
1125 5772 1241 5826 I20.

1355 5773 1398 5806 ⁸⁸
1447 5772 1648 5842 Eplics.
1686 5788 1744 5838 Il,
1775 5773 1830 5826 ‘2.

447 5831 492 5863 "
525 5832 704 5889 Ecclc.
735 5851 770 5900 I,
801 5837 854 5889 ‘2.

1149 5701 1196 5734 ‘6
1219 5700 1406 5756 Matth.
1439 5717 1576 5764 xxii,
1613 5701 1701 5756 ΔΟ.
1776 5700 1820 5732 ⁸⁷
1851 5699 2063 5757 Coloss.
2111 5715 2189 5762 ιιι,
2223 5697 2274 5753 -i-.
2389 5697 2406 5727 ⁸

1153 5772 1241 5826 20.
1355 5773 1398 5806 “
1447 5772 1648 5826 Enlics.
1686 5788 1744 5826 Il.
1775 5773 1830 5826 ‘2.
1964 5773 2012 5803 ⁵³
2058 5771 2257 5826 Ειιὶιινδ.
2296 5784 2346 5826 ι’.
2377 5770 2408 5822 6

2075 5784 2257 5840 spites.
2296 5784 2346 5834 v,
2377 5784 2428 5822 υ.

2111 4655 2322 4718 colunt,
2350 4669 2510 4710 sacra
2529 4657 2856 4725 occultaque
2884 4657 3098 4711 ratione
3128 4657 3488 4726 conspicitur.
3517 4655 3698 4712 Tanto

2113 4753 2295 4800 autem
2313 4743 2591 4818 TheoIOgo
2616 4747 2881 4804 illustrior
2907 4748 3217 4818 clariorque
3239 4748 3686 4818 ineomprehensi

2111 4838 2535 4908 comprehensio
2553 4839 2807 4902 ellicitur,
2820 4849 3028 4909 quanto
3042 4850 3098 4895 et
3115 4839 3438 4911 pcrfectiore
3454 4843 3700 4897 donatus

2115 4931 2502 5000 intelligentia,
2525 4946 2694 5001 eaque
2729 4933 2950 4988 uberius
2975 4933 3204 5002 pollens,
3229 4933 3448 4989 cunctis
3471 4949 3699 5004 quoque

2117 5023 2468 5094 praestantius
2515 5025 2920 5096 perfectiusque
2951 5025 3235 5096 sapientiae
3285 5043 3568 5084 sermones
3622 5042 3696 5085 ac

2114 5115 2418 5174 doctrinam
2438 5117 2733 5187 decerpsit.

2188 5206 2281 5264 Sic
2305 5209 2567 5277 spiritalis
2597 5207 2768 5266 Israel
2801 5209 2822 5279 (
2839 5223 2968 5264 vcre
3005 5207 3052 5264 is
3080 5209 3262 5264 uidens
3289 5209 3496 5281 Deum)
3519 5210 3700 5265 virtu-

2121 5303 2269 5356 tibus
2291 5316 2413 5370 qua:
2441 5301 2656 5355 actione
2703 5310 2993 5370 geruntur,
3051 5317 3146 5356 eas
3197 5317 3526 5366 conserens,
3571 5319 3700 5372 qua:

2120 5393 2578 5463 contemplatione
2609 5402 2970 5462 praestantur,
3029 5395 3196 5463 ique
3234 5394 3397 5450 scala:
3443 5395 3694 5460 modum,

2125 5497 2384 5556 tauquam
2417 5485 2637 5556 Sapiens
2663 5484 3000 5541 architectus
3058 5487 3198 5540 alias
3243 5485 3370 5540 aliis
3410 5501 3696 5556 opponens

3361 5689 3500 5746 I’sal.
3537 5705 3690 5750 tvm,

3307 5759 3462 5816 Itoni.
3513 5777 3584 5815 Ml
3634 5761 3691 5812 2.

2389 5696 2434 5729 ⁸⁸
2467 5695 2568 5752 Isa.
2603 5712 2677 5758 si,
2709 5694 2756 5749 I.
2831 5693 2875 5726 "’
2911 5693 3088 5746 Erelc.
3112 5707 3152 5758 ι,
3199 5689 3280 5745 16.

2580 5767 2625 5798 η
2659 5769 2674 5820 l
2727 5765 2852 5821 Cor.
2890 5781 2943 5829 ιι,
2973 5764 3060 5819 33.
3204 5761 3248 5793 σι
