  <div class='ocr_page' id='page_1' title='image "/cluster/home/n/w/nwhite01/storage/ocr_20150623/105/coo.31924054870096/244.png"; bbox 0 0 4022 6418; ppageno 0'>
   <div class='ocr_carea' id='block_1_1' title="bbox 306 348 413 413">
    <p class='ocr_par' dir='ltr' id='par_1_1' title="bbox 306 348 413 413">
     <span class='ocr_line' id='line_1_1' title="bbox 306 348 413 413; baseline 0.028 -3"><span class='ocrx_word' id='word_1_1' title='bbox 306 348 413 413; x_wconf 66' lang='grc'><strong>449</strong></span> 
     </span>
    </p>
   </div>
   <div class='ocr_carea' id='block_1_2' title="bbox 1048 307 2882 401">
    <p class='ocr_par' dir='ltr' id='par_1_2' title="bbox 1048 307 2882 401">
     <span class='ocr_line' id='line_1_2' title="bbox 1048 307 2882 401; baseline -0.008 0"><span class='ocrx_word' id='word_1_2' title='bbox 1048 336 1335 401; x_wconf 79' lang='lat' dir='ltr'><strong>ORATIO</strong></span> <span class='ocrx_word' id='word_1_3' title='bbox 1373 332 1501 394; x_wconf 80' lang='lat' dir='ltr'><strong>xx.</strong></span> <span class='ocrx_word' id='word_1_4' title='bbox 1529 314 1698 391; x_wconf 61' lang='lat' dir='ltr'><strong>‘-1N</strong></span> <span class='ocrx_word' id='word_1_5' title='bbox 1738 326 2054 390; x_wconf 84' lang='lat' dir='ltr'><strong>LAUDEM</strong></span> <span class='ocrx_word' id='word_1_6' title='bbox 2094 326 2156 387; x_wconf 87' lang='lat' dir='ltr'><strong>s.</strong></span> <span class='ocrx_word' id='word_1_7' title='bbox 2196 307 2574 388; x_wconf 75' lang='lat' dir='ltr'><strong>GREGORII</strong></span> <span class='ocrx_word' id='word_1_8' title='bbox 2607 326 2882 387; x_wconf 82' lang='lat' dir='ltr'><strong>THEOL.</strong></span> 
     </span>
    </p>
   </div>
   <div class='ocr_carea' id='block_1_3' title="bbox 3491 318 3597 389">
    <p class='ocr_par' dir='ltr' id='par_1_3' title="bbox 3491 318 3597 389">
     <span class='ocr_line' id='line_1_3' title="bbox 3491 318 3597 389; baseline 0.038 -4"><span class='ocrx_word' id='word_1_9' title='bbox 3491 318 3597 389; x_wconf 75' lang='grc'><strong>450</strong></span> 
     </span>
    </p>
   </div>
   <div class='ocr_carea' id='block_1_4' title="bbox 308 418 3596 531">
    <p class='ocr_par' dir='ltr' id='par_1_4' title="bbox 308 418 3596 531">
     <span class='ocr_line' id='line_1_4' title="bbox 308 418 3596 531; baseline -0.008 -15"><span class='ocrx_word' id='word_1_10' title='bbox 308 470 476 531; x_wconf 84' lang='lat' dir='ltr'><strong>atque</strong></span> <span class='ocrx_word' id='word_1_11' title='bbox 525 455 902 517; x_wconf 86' lang='lat' dir='ltr'><strong>committens,</strong></span> <span class='ocrx_word' id='word_1_12' title='bbox 989 464 1055 505; x_wconf 90' lang='lat' dir='ltr'><strong>ac</strong></span> <span class='ocrx_word' id='word_1_13' title='bbox 1121 461 1217 518; x_wconf 88' lang='lat' dir='ltr'><strong>per</strong></span> <span class='ocrx_word' id='word_1_14' title='bbox 1275 457 1369 499; x_wconf 85' lang='lat' dir='ltr'><strong>eas</strong></span> <span class='ocrx_word' id='word_1_15' title='bbox 1427 438 1784 496; x_wconf 86' lang='lat' dir='ltr'><strong>ascensiones</strong></span> <span class='ocrx_word' id='word_1_16' title='bbox 1839 436 1893 490; x_wconf 92' lang='lat' dir='ltr'><strong>in</strong></span> <span class='ocrx_word' id='word_1_17' title='bbox 1940 446 1987 502; x_wconf 75' lang='grc' dir='ltr'>Α</span> <span class='ocrx_word' id='word_1_18' title='bbox 2025 452 2090 492; x_wconf 83' lang='lat' dir='ltr'><strong>ex</strong></span> <span class='ocrx_word' id='word_1_19' title='bbox 2129 454 2190 493; x_wconf 82' lang='lat' dir='ltr'><strong>ea</strong></span> <span class='ocrx_word' id='word_1_20' title='bbox 2221 453 2345 507; x_wconf 63' lang='lat' dir='ltr'><strong>qua:</strong></span> <span class='ocrx_word' id='word_1_21' title='bbox 2383 443 2540 492; x_wconf 78' lang='lat' dir='ltr'><strong>vacat</strong></span> <span class='ocrx_word' id='word_1_22' title='bbox 2585 418 2861 506; x_wconf 78' lang='lat' dir='ltr'><strong>corpore;</strong></span> <span class='ocrx_word' id='word_1_23' title='bbox 2913 433 3389 504; x_wconf 86' lang='lat' dir='ltr'><strong>incomprehensa,</strong></span> <span class='ocrx_word' id='word_1_24' title='bbox 3423 452 3487 491; x_wconf 88' lang='lat' dir='ltr'><strong>ex</strong></span> <span class='ocrx_word' id='word_1_25' title='bbox 3533 450 3596 490; x_wconf 77' lang='lat' dir='ltr'><strong>ea</strong></span> 
     </span>
    </p>
   </div>
   <div class='ocr_carea' id='block_1_5' title="bbox 309 531 1894 617">
    <p class='ocr_par' dir='ltr' id='par_1_5' title="bbox 309 531 1894 617">
     <span class='ocr_line' id='line_1_5' title="bbox 309 531 1894 617; baseline -0.015 -11"><span class='ocrx_word' id='word_1_26' title='bbox 309 550 475 607; x_wconf 82' lang='lat' dir='ltr'><strong>corde</strong></span> <span class='ocrx_word' id='word_1_27' title='bbox 519 549 819 617; x_wconf 81' lang='lat' dir='ltr'><strong>disponens</strong></span> <span class='ocrx_word' id='word_1_28' title='bbox 846 544 917 610; x_wconf 80' lang='lat'><strong>&quot;,</strong></span> <span class='ocrx_word' id='word_1_29' title='bbox 968 549 1267 610; x_wconf 77' lang='lat' dir='ltr'><strong>menteque</strong></span> <span class='ocrx_word' id='word_1_30' title='bbox 1326 536 1380 590; x_wconf 90' lang='lat' dir='ltr'><strong>in</strong></span> <span class='ocrx_word' id='word_1_31' title='bbox 1422 536 1600 605; x_wconf 84' lang='lat' dir='ltr'><strong>ipsum</strong></span> <span class='ocrx_word' id='word_1_32' title='bbox 1648 531 1894 586; x_wconf 85' lang='lat' dir='ltr'><strong>directus</strong></span> 
     </span>
    </p>
   </div>
   <div class='ocr_carea' id='block_1_6' title="bbox 309 620 1898 709">
    <p class='ocr_par' dir='ltr' id='par_1_6' title="bbox 309 620 1898 709">
     <span class='ocr_line' id='line_1_6' title="bbox 309 620 1898 709; baseline -0.016 -10"><span class='ocrx_word' id='word_1_33' title='bbox 309 620 538 708; x_wconf 65' lang='lat' dir='ltr'><strong>caelum,</strong></span> <span class='ocrx_word' id='word_1_34' title='bbox 591 642 739 694; x_wconf 91' lang='lat' dir='ltr'><strong>hunc</strong></span> <span class='ocrx_word' id='word_1_35' title='bbox 768 638 925 709; x_wconf 84' lang='lat' dir='ltr'><strong>plane</strong></span> <span class='ocrx_word' id='word_1_36' title='bbox 950 643 1287 707; x_wconf 87' lang='lat' dir='ltr'><strong>postremum</strong></span> <span class='ocrx_word' id='word_1_37' title='bbox 1315 641 1626 691; x_wconf 87' lang='lat' dir='ltr'><strong>ascensum,</strong></span> <span class='ocrx_word' id='word_1_38' title='bbox 1677 623 1898 688; x_wconf 89' lang='lat' dir='ltr'><strong>mentis,</strong></span> 
     </span>
    </p>
   </div>
   <div class='ocr_carea' id='block_1_7' title="bbox 310 716 1900 798">
    <p class='ocr_par' dir='ltr' id='par_1_7' title="bbox 310 716 1900 798">
     <span class='ocr_line' id='line_1_7' title="bbox 310 716 1900 798; baseline -0.015 -7"><span class='ocrx_word' id='word_1_39' title='bbox 310 736 564 798; x_wconf 76' lang='lat' dir='ltr'><strong>rationis,</strong></span> <span class='ocrx_word' id='word_1_40' title='bbox 597 745 693 786; x_wconf 89' lang='lat' dir='ltr'><strong>seu</strong></span> <span class='ocrx_word' id='word_1_41' title='bbox 746 729 905 785; x_wconf 82' lang='lat' dir='ltr'><strong>Verbi</strong></span> <span class='ocrx_word' id='word_1_42' title='bbox 962 743 1026 782; x_wconf 92' lang='lat' dir='ltr'><strong>ac</strong></span> <span class='ocrx_word' id='word_1_43' title='bbox 1080 724 1318 795; x_wconf 75' lang='lat' dir='ltr'><strong>Spiritus</strong></span> <span class='ocrx_word' id='word_1_44' title='bbox 1380 716 1900 786; x_wconf 76' lang='lat' dir='ltr'><strong>contemplationem</strong></span> 
     </span>
    </p>
   </div>
   <div class='ocr_carea' id='block_1_8' title="bbox 309 806 1903 896">
    <p class='ocr_par' dir='ltr' id='par_1_8' title="bbox 309 806 1903 896">
     <span class='ocr_line' id='line_1_8' title="bbox 309 806 1903 896; baseline -0.013 -15"><span class='ocrx_word' id='word_1_45' title='bbox 309 824 599 896; x_wconf 84' lang='lat' dir='ltr'><strong>disponit;</strong></span> <span class='ocrx_word' id='word_1_46' title='bbox 649 837 760 891; x_wconf 90' lang='lat' dir='ltr'><strong>quo</strong></span> <span class='ocrx_word' id='word_1_47' title='bbox 803 818 1014 875; x_wconf 82' lang='lat' dir='ltr'><strong>scilicet</strong></span> <span class='ocrx_word' id='word_1_48' title='bbox 1054 817 1158 886; x_wconf 83' lang='lat' dir='ltr'><strong>ipsi</strong></span> <span class='ocrx_word' id='word_1_49' title='bbox 1187 815 1353 875; x_wconf 87' lang='lat' dir='ltr'><strong>clare,</strong></span> <span class='ocrx_word' id='word_1_50' title='bbox 1382 826 1506 880; x_wconf 76' lang='lat' dir='ltr'><strong>qua:</strong></span> <span class='ocrx_word' id='word_1_51' title='bbox 1560 807 1721 864; x_wconf 76' lang='lat' dir='ltr'><strong>scala:</strong></span> <span class='ocrx_word' id='word_1_52' title='bbox 1773 806 1903 860; x_wconf 83' lang='lat' dir='ltr'><strong>huic</strong></span> 
     </span>
    </p>
   </div>
   <div class='ocr_carea' id='block_1_9' title="bbox 309 899 1903 982">
    <p class='ocr_par' dir='ltr' id='par_1_9' title="bbox 309 899 1903 982">
     <span class='ocr_line' id='line_1_9' title="bbox 309 899 1903 982; baseline -0.014 -8"><span class='ocrx_word' id='word_1_53' title='bbox 309 917 569 974; x_wconf 80' lang='lat' dir='ltr'><strong>innititur</strong></span> <span class='ocrx_word' id='word_1_54' title='bbox 603 916 673 982; x_wconf 87' lang='lat'><strong>&quot;,</strong></span> <span class='ocrx_word' id='word_1_55' title='bbox 716 913 883 967; x_wconf 86' lang='lat' dir='ltr'><strong>unius</strong></span> <span class='ocrx_word' id='word_1_56' title='bbox 939 908 1278 981; x_wconf 82' lang='lat' dir='ltr'><strong>principatus</strong></span> <span class='ocrx_word' id='word_1_57' title='bbox 1311 903 1580 965; x_wconf 77' lang='lat' dir='ltr'><strong>Trinitas,</strong></span> <span class='ocrx_word' id='word_1_58' title='bbox 1611 899 1903 970; x_wconf 88' lang='lat' dir='ltr'><strong>copulatus</strong></span> 
     </span>
    </p>
   </div>
   <div class='ocr_carea' id='block_1_10' title="bbox 308 1020 416 1066">
    <p class='ocr_par' dir='ltr' id='par_1_10' title="bbox 308 1020 416 1066">
     <span class='ocr_line' id='line_1_10' title="bbox 308 1020 416 1066; baseline -0.037 0"><span class='ocrx_word' id='word_1_59' title='bbox 308 1020 416 1066; x_wconf 73' lang='lat' dir='ltr'><strong>85L</strong></span> 
     </span>
    </p>
   </div>
   <div class='ocr_carea' id='block_1_11' title="bbox 288 1081 1906 1168">
    <p class='ocr_par' dir='ltr' id='par_1_11' title="bbox 288 1081 1906 1168">
     <span class='ocr_line' id='line_1_11' title="bbox 288 1081 1906 1168; baseline -0.012 -12"><span class='ocrx_word' id='word_1_60' title='bbox 288 1110 299 1168; x_wconf 66' lang='grc' dir='ltr'>ξ</span> <span class='ocrx_word' id='word_1_61' title='bbox 383 1102 619 1155; x_wconf 85' lang='lat' dir='ltr'><strong>Mentem</strong></span> <span class='ocrx_word' id='word_1_62' title='bbox 670 1096 858 1168; x_wconf 82' lang='lat' dir='ltr'><strong>igitur,</strong></span> <span class='ocrx_word' id='word_1_63' title='bbox 888 1092 1118 1147; x_wconf 89' lang='lat' dir='ltr'><strong>rationis</strong></span> <span class='ocrx_word' id='word_1_64' title='bbox 1159 1105 1254 1146; x_wconf 91' lang='lat' dir='ltr'><strong>seu</strong></span> <span class='ocrx_word' id='word_1_65' title='bbox 1311 1085 1493 1149; x_wconf 86' lang='lat' dir='ltr'><strong>Verbi,</strong></span> <span class='ocrx_word' id='word_1_66' title='bbox 1547 1100 1612 1139; x_wconf 93' lang='lat' dir='ltr'><strong>ac</strong></span> <span class='ocrx_word' id='word_1_67' title='bbox 1669 1081 1906 1151; x_wconf 84' lang='lat' dir='ltr'><strong>Spiritus</strong></span> 
     </span>
    </p>
   </div>
   <div class='ocr_carea' id='block_1_12' title="bbox 284 1138 295 1172">
    <p class='ocr_par' dir='ltr' id='par_1_12' title="bbox 284 1138 295 1172">
     <span class='ocr_line' id='line_1_12' title="bbox 284 1138 295 1172; baseline 0 0"><span class='ocrx_word' id='word_1_68' title='bbox 284 1138 295 1172; x_wconf 73' lang='grc' dir='ltr'><em>ἲ</em></span> 
     </span>
    </p>
   </div>
   <div class='ocr_carea' id='block_1_13' title="bbox 274 1174 1908 1254">
    <p class='ocr_par' dir='ltr' id='par_1_13' title="bbox 274 1174 1908 1254">
     <span class='ocr_line' id='line_1_13' title="bbox 274 1174 1908 1254; baseline -0.013 -4"><span class='ocrx_word' id='word_1_69' title='bbox 274 1174 594 1250; x_wconf 58' lang='grc' dir='ltr'><strong>’θυρίσι-θη]</strong></span> <span class='ocrx_word' id='word_1_70' title='bbox 626 1190 921 1247; x_wconf 71' lang='lat' dir='ltr'><strong>efﬁcacem.</strong></span> <span class='ocrx_word' id='word_1_71' title='bbox 971 1188 1266 1254; x_wconf 66' lang='lat' dir='ltr'><strong>rivumque</strong></span> <span class='ocrx_word' id='word_1_72' title='bbox 1313 1181 1461 1237; x_wconf 93' lang='lat' dir='ltr'><strong>nullo</strong></span> <span class='ocrx_word' id='word_1_73' title='bbox 1511 1177 1772 1233; x_wconf 80' lang='lat' dir='ltr'><strong>anteriori</strong></span> <span class='ocrx_word' id='word_1_74' title='bbox 1807 1191 1908 1229; x_wconf 89' lang='lat' dir='ltr'><strong>au-</strong></span> 
     </span>
    </p>
   </div>
   <div class='ocr_carea' id='block_1_14' title="bbox 311 1267 1909 1346">
    <p class='ocr_par' dir='ltr' id='par_1_14' title="bbox 311 1267 1909 1346">
     <span class='ocr_line' id='line_1_14' title="bbox 311 1267 1909 1346; baseline -0.011 -7"><span class='ocrx_word' id='word_1_75' title='bbox 311 1294 496 1346; x_wconf 88' lang='lat' dir='ltr'><strong>ctore,</strong></span> <span class='ocrx_word' id='word_1_76' title='bbox 528 1281 768 1335; x_wconf 83' lang='lat' dir='ltr'><strong>arbitror</strong></span> <span class='ocrx_word' id='word_1_77' title='bbox 807 1278 961 1332; x_wconf 90' lang='lat' dir='ltr'><strong>illum</strong></span> <span class='ocrx_word' id='word_1_78' title='bbox 1003 1275 1340 1330; x_wconf 78' lang='lat' dir='ltr'><strong>intellexisse</strong></span> <span class='ocrx_word' id='word_1_79' title='bbox 1374 1274 1470 1344; x_wconf 74' lang='lat'><strong>(5),</strong></span> <span class='ocrx_word' id='word_1_80' title='bbox 1514 1272 1764 1341; x_wconf 89' lang='lat' dir='ltr'><strong>hancque</strong></span> <span class='ocrx_word' id='word_1_81' title='bbox 1805 1267 1909 1322; x_wconf 86' lang='lat' dir='ltr'><strong>Pa-</strong></span> 
     </span>
    </p>
   </div>
   <div class='ocr_carea' id='block_1_15' title="bbox 314 1361 1908 1439">
    <p class='ocr_par' dir='ltr' id='par_1_15' title="bbox 314 1361 1908 1439">
     <span class='ocr_line' id='line_1_15' title="bbox 314 1361 1908 1439; baseline -0.011 -8"><span class='ocrx_word' id='word_1_82' title='bbox 314 1388 490 1432; x_wconf 73' lang='lat' dir='ltr'><strong>terna:</strong></span> <span class='ocrx_word' id='word_1_83' title='bbox 522 1372 799 1439; x_wconf 63' lang='lat' dir='ltr'><strong>essentne,</strong></span> <span class='ocrx_word' id='word_1_84' title='bbox 851 1384 973 1439; x_wconf 85' lang='lat' dir='ltr'><strong>quae</strong></span> <span class='ocrx_word' id='word_1_85' title='bbox 1016 1365 1255 1423; x_wconf 87' lang='lat' dir='ltr'><strong>essentia</strong></span> <span class='ocrx_word' id='word_1_86' title='bbox 1303 1365 1452 1420; x_wconf 90' lang='lat' dir='ltr'><strong>omni</strong></span> <span class='ocrx_word' id='word_1_87' title='bbox 1496 1361 1747 1434; x_wconf 80' lang='lat' dir='ltr'><strong>superior</strong></span> <span class='ocrx_word' id='word_1_88' title='bbox 1801 1369 1908 1427; x_wconf 87' lang='lat' dir='ltr'><strong>est,</strong></span> 
     </span>
    </p>
   </div>
   <div class='ocr_carea' id='block_1_16' title="bbox 314 1455 1908 1541">
    <p class='ocr_par' dir='ltr' id='par_1_16' title="bbox 314 1455 1908 1541">
     <span class='ocr_line' id='line_1_16' title="bbox 314 1455 1908 1541; baseline -0.01 -18"><span class='ocrx_word' id='word_1_89' title='bbox 314 1478 449 1541; x_wconf 85' lang='lat' dir='ltr'><strong>typo</strong></span> <span class='ocrx_word' id='word_1_90' title='bbox 483 1466 783 1537; x_wconf 89' lang='lat' dir='ltr'><strong>accepisse.</strong></span> <span class='ocrx_word' id='word_1_91' title='bbox 853 1463 1155 1517; x_wconf 77' lang='lat' dir='ltr'><strong>Rationem</strong></span> <span class='ocrx_word' id='word_1_92' title='bbox 1223 1469 1432 1525; x_wconf 89' lang='lat' dir='ltr'><strong>autem,</strong></span> <span class='ocrx_word' id='word_1_93' title='bbox 1489 1473 1586 1514; x_wconf 89' lang='lat' dir='ltr'><strong>seu</strong></span> <span class='ocrx_word' id='word_1_94' title='bbox 1643 1455 1908 1518; x_wconf 80' lang='lat' dir='ltr'><strong>Verbum,</strong></span> 
     </span>
    </p>
   </div>
   <div class='ocr_carea' id='block_1_17' title="bbox 316 1547 1912 1626">
    <p class='ocr_par' dir='ltr' id='par_1_17' title="bbox 316 1547 1912 1626">
     <span class='ocr_line' id='line_1_17' title="bbox 316 1547 1912 1626; baseline -0.008 -11"><span class='ocrx_word' id='word_1_95' title='bbox 316 1563 468 1616; x_wconf 67' lang='lat' dir='ltr'><strong>velut</strong></span> <span class='ocrx_word' id='word_1_96' title='bbox 495 1561 772 1614; x_wconf 89' lang='lat' dir='ltr'><strong>notionem</strong></span> <span class='ocrx_word' id='word_1_97' title='bbox 801 1565 966 1626; x_wconf 88' lang='lat' dir='ltr'><strong>atque</strong></span> <span class='ocrx_word' id='word_1_98' title='bbox 997 1564 1344 1623; x_wconf 81' lang='lat' dir='ltr'><strong>conceptum,</strong></span> <span class='ocrx_word' id='word_1_99' title='bbox 1398 1550 1667 1621; x_wconf 80' lang='lat' dir='ltr'><strong>gignentis</strong></span> <span class='ocrx_word' id='word_1_100' title='bbox 1714 1547 1912 1602; x_wconf 90' lang='lat' dir='ltr'><strong>mentis</strong></span> 
     </span>
    </p>
   </div>
   <div class='ocr_carea' id='block_1_18' title="bbox 316 1641 1914 1715">
    <p class='ocr_par' dir='ltr' id='par_1_18' title="bbox 316 1641 1914 1715">
     <span class='ocr_line' id='line_1_18' title="bbox 316 1641 1914 1715; baseline -0.01 -6"><span class='ocrx_word' id='word_1_101' title='bbox 316 1669 532 1709; x_wconf 70' lang='lat' dir='ltr'><strong>natura:</strong></span> <span class='ocrx_word' id='word_1_102' title='bbox 558 1651 1037 1706; x_wconf 86' lang='lat' dir='ltr'><strong>accuratissimam</strong></span> <span class='ocrx_word' id='word_1_103' title='bbox 1103 1645 1514 1715; x_wconf 87' lang='lat' dir='ltr'><strong>expressionem</strong></span> <span class='ocrx_word' id='word_1_104' title='bbox 1572 1657 1635 1697; x_wconf 90' lang='lat' dir='ltr'><strong>ac</strong></span> <span class='ocrx_word' id='word_1_105' title='bbox 1687 1641 1914 1695; x_wconf 89' lang='lat' dir='ltr'><strong>simula-</strong></span> 
     </span>
    </p>
   </div>
   <div class='ocr_carea' id='block_1_19' title="bbox 316 1733 1911 1814">
    <p class='ocr_par' dir='ltr' id='par_1_19' title="bbox 316 1733 1911 1814">
     <span class='ocr_line' id='line_1_19' title="bbox 316 1733 1911 1814; baseline -0.011 -13"><span class='ocrx_word' id='word_1_106' title='bbox 316 1763 477 1801; x_wconf 87' lang='lat' dir='ltr'><strong>crum</strong></span> <span class='ocrx_word' id='word_1_107' title='bbox 510 1754 795 1814; x_wconf 74' lang='lat' dir='ltr'><strong>spectasse</strong></span> <span class='ocrx_word' id='word_1_108' title='bbox 823 1758 836 1794; x_wconf 87' lang='lat'><strong>:</strong></span> <span class='ocrx_word' id='word_1_109' title='bbox 889 1754 1191 1807; x_wconf 81' lang='lat' dir='ltr'><strong>rursusque</strong></span> <span class='ocrx_word' id='word_1_110' title='bbox 1220 1736 1509 1806; x_wconf 86' lang='lat' dir='ltr'><strong>Spiritum,</strong></span> <span class='ocrx_word' id='word_1_111' title='bbox 1543 1733 1636 1802; x_wconf 88' lang='lat' dir='ltr'><strong>qui</strong></span> <span class='ocrx_word' id='word_1_112' title='bbox 1672 1739 1911 1786; x_wconf 90' lang='lat' dir='ltr'><strong>mentem</strong></span> 
     </span>
    </p>
   </div>
   <div class='ocr_carea' id='block_1_20' title="bbox 2014 527 3600 601">
    <p class='ocr_par' dir='ltr' id='par_1_20' title="bbox 2014 527 3600 601">
     <span class='ocr_line' id='line_1_20' title="bbox 2014 527 3600 601; baseline 0 -18"><span class='ocrx_word' id='word_1_113' title='bbox 2014 545 2137 601; x_wconf 71' lang='lat' dir='ltr'><strong>quae</strong></span> <span class='ocrx_word' id='word_1_114' title='bbox 2170 527 2561 600; x_wconf 79' lang='lat' dir='ltr'><strong>comprehendi</strong></span> <span class='ocrx_word' id='word_1_115' title='bbox 2598 543 2708 582; x_wconf 90' lang='lat' dir='ltr'><strong>non</strong></span> <span class='ocrx_word' id='word_1_116' title='bbox 2745 535 2959 598; x_wconf 83' lang='lat' dir='ltr'><strong>potest;</strong></span> <span class='ocrx_word' id='word_1_117' title='bbox 3022 528 3342 596; x_wconf 81' lang='lat' dir='ltr'><strong>ignotaque,</strong></span> <span class='ocrx_word' id='word_1_118' title='bbox 3409 543 3471 583; x_wconf 82' lang='lat' dir='ltr'><strong>ex</strong></span> <span class='ocrx_word' id='word_1_119' title='bbox 3534 544 3600 583; x_wconf 87' lang='lat' dir='ltr'><strong>ea</strong></span> 
     </span>
    </p>
   </div>
   <div class='ocr_carea' id='block_1_21' title="bbox 2005 616 3596 691">
    <p class='ocr_par' dir='ltr' id='par_1_21' title="bbox 2005 616 3596 691">
     <span class='ocr_line' id='line_1_21' title="bbox 2005 616 3596 691; baseline -0.001 -18"><span class='ocrx_word' id='word_1_120' title='bbox 2005 635 2127 691; x_wconf 71' lang='lat' dir='ltr'><strong>qua:</strong></span> <span class='ocrx_word' id='word_1_121' title='bbox 2159 620 2323 675; x_wconf 83' lang='lat' dir='ltr'><strong>altior</strong></span> <span class='ocrx_word' id='word_1_122' title='bbox 2358 619 2548 673; x_wconf 84' lang='lat' dir='ltr'><strong>notitia</strong></span> <span class='ocrx_word' id='word_1_123' title='bbox 2577 627 2685 672; x_wconf 87' lang='lat' dir='ltr'><strong>est.</strong></span> <span class='ocrx_word' id='word_1_124' title='bbox 2720 616 2883 672; x_wconf 86' lang='lat' dir='ltr'><strong>Solus</strong></span> <span class='ocrx_word' id='word_1_125' title='bbox 2912 616 3059 671; x_wconf 89' lang='lat' dir='ltr'><strong>enim</strong></span> <span class='ocrx_word' id='word_1_126' title='bbox 3096 616 3345 683; x_wconf 82' lang='lat' dir='ltr'><strong>Genitor,</strong></span> <span class='ocrx_word' id='word_1_127' title='bbox 3378 618 3456 671; x_wconf 89' lang='lat' dir='ltr'><strong>uti</strong></span> <span class='ocrx_word' id='word_1_128' title='bbox 3488 626 3596 682; x_wconf 85' lang='lat' dir='ltr'><strong>est,</strong></span> 
     </span>
    </p>
   </div>
   <div class='ocr_carea' id='block_1_22' title="bbox 2004 707 3598 778">
    <p class='ocr_par' dir='ltr' id='par_1_22' title="bbox 2004 707 3598 778">
     <span class='ocr_line' id='line_1_22' title="bbox 2004 707 3598 778; baseline -0.001 -15"><span class='ocrx_word' id='word_1_129' title='bbox 2004 708 2202 765; x_wconf 78' lang='lat' dir='ltr'><strong>Natum</strong></span> <span class='ocrx_word' id='word_1_130' title='bbox 2222 709 2537 778; x_wconf 78' lang='lat' dir='ltr'><strong>cognoscit,</strong></span> <span class='ocrx_word' id='word_1_131' title='bbox 2557 708 2817 777; x_wconf 88' lang='lat' dir='ltr'><strong>solusque</strong></span> <span class='ocrx_word' id='word_1_132' title='bbox 2839 707 3014 762; x_wconf 87' lang='lat' dir='ltr'><strong>Natus</strong></span> <span class='ocrx_word' id='word_1_133' title='bbox 3036 707 3346 762; x_wconf 87' lang='lat' dir='ltr'><strong>Genitorem</strong></span> <span class='ocrx_word' id='word_1_134' title='bbox 3370 709 3598 763; x_wconf 81' lang='lat' dir='ltr'><strong>norit&quot;.</strong></span> 
     </span>
    </p>
   </div>
   <div class='ocr_carea' id='block_1_23' title="bbox 2006 799 3603 869">
    <p class='ocr_par' dir='ltr' id='par_1_23' title="bbox 2006 799 3603 869">
     <span class='ocr_line' id='line_1_23' title="bbox 2006 799 3603 869; baseline -0.001 -14"><span class='ocrx_word' id='word_1_135' title='bbox 2006 802 2482 868; x_wconf 78' lang='lat' dir='ltr'><strong>Quemadmodum</strong></span> <span class='ocrx_word' id='word_1_136' title='bbox 2545 809 2726 855; x_wconf 88' lang='lat' dir='ltr'><strong>autem</strong></span> <span class='ocrx_word' id='word_1_137' title='bbox 2778 800 2880 855; x_wconf 90' lang='lat' dir='ltr'><strong>soli</strong></span> <span class='ocrx_word' id='word_1_138' title='bbox 2929 799 3150 869; x_wconf 88' lang='lat' dir='ltr'><strong>quidem</strong></span> <span class='ocrx_word' id='word_1_139' title='bbox 3201 802 3385 855; x_wconf 79' lang='lat' dir='ltr'><strong>radius</strong></span> <span class='ocrx_word' id='word_1_140' title='bbox 3419 815 3603 854; x_wconf 82' lang='lat' dir='ltr'><strong>comes</strong></span> 
     </span>
    </p>
   </div>
   <div class='ocr_carea' id='block_1_24' title="bbox 2009 892 3599 964">
    <p class='ocr_par' dir='ltr' id='par_1_24' title="bbox 2009 892 3599 964">
     <span class='ocr_line' id='line_1_24' title="bbox 2009 892 3599 964; baseline -0.001 -16"><span class='ocrx_word' id='word_1_141' title='bbox 2009 894 2328 948; x_wconf 77' lang='lat' dir='ltr'><strong>individuus</strong></span> <span class='ocrx_word' id='word_1_142' title='bbox 2378 892 2597 948; x_wconf 82' lang='lat' dir='ltr'><strong>exsistit</strong></span> <span class='ocrx_word' id='word_1_143' title='bbox 2630 892 2939 964; x_wconf 81' lang='lat' dir='ltr'><strong>(siquidem</strong></span> <span class='ocrx_word' id='word_1_144' title='bbox 2985 894 3132 961; x_wconf 87' lang='lat' dir='ltr'><strong>quod</strong></span> <span class='ocrx_word' id='word_1_145' title='bbox 3179 901 3262 948; x_wconf 85' lang='lat' dir='ltr'><strong>est</strong></span> <span class='ocrx_word' id='word_1_146' title='bbox 3319 893 3599 947; x_wconf 89' lang='lat' dir='ltr'><strong>inlinitum</strong></span> 
     </span>
    </p>
   </div>
   <div class='ocr_carea' id='block_1_25' title="bbox 2009 986 3602 1056">
    <p class='ocr_par' dir='ltr' id='par_1_25' title="bbox 2009 986 3602 1056">
     <span class='ocr_line' id='line_1_25' title="bbox 2009 986 3602 1056; baseline 0.001 -15"><span class='ocrx_word' id='word_1_147' title='bbox 2009 986 2274 1054; x_wconf 83' lang='lat' dir='ltr'><strong>exemplis</strong></span> <span class='ocrx_word' id='word_1_148' title='bbox 2311 986 2613 1041; x_wconf 84' lang='lat' dir='ltr'><strong>sollicitare</strong></span> <span class='ocrx_word' id='word_1_149' title='bbox 2649 986 2822 1049; x_wconf 85' lang='lat' dir='ltr'><strong>decet,</strong></span> <span class='ocrx_word' id='word_1_150' title='bbox 2852 986 3028 1053; x_wconf 87' lang='lat' dir='ltr'><strong>iisque</strong></span> <span class='ocrx_word' id='word_1_151' title='bbox 3054 986 3121 1039; x_wconf 86' lang='lat' dir='ltr'><strong>de</strong></span> <span class='ocrx_word' id='word_1_152' title='bbox 3158 986 3248 1040; x_wconf 90' lang='lat' dir='ltr'><strong>illo</strong></span> <span class='ocrx_word' id='word_1_153' title='bbox 3282 986 3602 1056; x_wconf 81' lang='lat' dir='ltr'><strong>conjicercl,</strong></span> 
     </span>
    </p>
   </div>
   <div class='ocr_carea' id='block_1_26' title="bbox 2013 1079 3602 1150">
    <p class='ocr_par' dir='ltr' id='par_1_26' title="bbox 2013 1079 3602 1150">
     <span class='ocr_line' id='line_1_26' title="bbox 2013 1079 3602 1150; baseline -0.001 -17"><span class='ocrx_word' id='word_1_154' title='bbox 2013 1081 2169 1135; x_wconf 85' lang='lat' dir='ltr'><strong>radio</strong></span> <span class='ocrx_word' id='word_1_155' title='bbox 2222 1095 2352 1134; x_wconf 76' lang='lat' dir='ltr'><strong>vero</strong></span> <span class='ocrx_word' id='word_1_156' title='bbox 2406 1081 2499 1135; x_wconf 79' lang='lat' dir='ltr'><strong>lux</strong></span> <span class='ocrx_word' id='word_1_157' title='bbox 2554 1096 2773 1150; x_wconf 90' lang='lat' dir='ltr'><strong>semper</strong></span> <span class='ocrx_word' id='word_1_158' title='bbox 2805 1080 3103 1148; x_wconf 82' lang='lat' dir='ltr'><strong>conjuncta</strong></span> <span class='ocrx_word' id='word_1_159' title='bbox 3145 1092 3260 1147; x_wconf 89' lang='lat' dir='ltr'><strong>est;</strong></span> <span class='ocrx_word' id='word_1_160' title='bbox 3317 1080 3397 1135; x_wconf 90' lang='lat' dir='ltr'><strong>sic</strong></span> <span class='ocrx_word' id='word_1_161' title='bbox 3459 1079 3602 1134; x_wconf 79' lang='lat' dir='ltr'><strong>Patri</strong></span> 
     </span>
    </p>
   </div>
   <div class='ocr_carea' id='block_1_27' title="bbox 2012 1171 3607 1243">
    <p class='ocr_par' dir='ltr' id='par_1_27' title="bbox 2012 1171 3607 1243">
     <span class='ocr_line' id='line_1_27' title="bbox 2012 1171 3607 1243; baseline 0.001 -18"><span class='ocrx_word' id='word_1_162' title='bbox 2012 1171 2230 1242; x_wconf 87' lang='lat' dir='ltr'><strong>quidem</strong></span> <span class='ocrx_word' id='word_1_163' title='bbox 2265 1172 2472 1238; x_wconf 89' lang='lat' dir='ltr'><strong>Filius,</strong></span> <span class='ocrx_word' id='word_1_164' title='bbox 2528 1172 2669 1227; x_wconf 87' lang='lat' dir='ltr'><strong>Filio</strong></span> <span class='ocrx_word' id='word_1_165' title='bbox 2737 1182 2919 1229; x_wconf 86' lang='lat' dir='ltr'><strong>autem</strong></span> <span class='ocrx_word' id='word_1_166' title='bbox 2985 1173 3224 1243; x_wconf 83' lang='lat' dir='ltr'><strong>Spiritus</strong></span> <span class='ocrx_word' id='word_1_167' title='bbox 3280 1173 3460 1228; x_wconf 80' lang='lat' dir='ltr'><strong>Patris</strong></span> <span class='ocrx_word' id='word_1_168' title='bbox 3497 1189 3607 1227; x_wconf 90' lang='lat' dir='ltr'><strong>una</strong></span> 
     </span>
    </p>
   </div>
   <div class='ocr_carea' id='block_1_28' title="bbox 2013 1266 3606 1335">
    <p class='ocr_par' dir='ltr' id='par_1_28' title="bbox 2013 1266 3606 1335">
     <span class='ocr_line' id='line_1_28' title="bbox 2013 1266 3606 1335; baseline -0.001 -15"><span class='ocrx_word' id='word_1_169' title='bbox 2013 1280 2199 1320; x_wconf 91' lang='lat' dir='ltr'><strong>comes</strong></span> <span class='ocrx_word' id='word_1_170' title='bbox 2233 1266 2408 1320; x_wconf 88' lang='lat' dir='ltr'><strong>adest.</strong></span> <span class='ocrx_word' id='word_1_171' title='bbox 2453 1266 2527 1321; x_wconf 82' lang='lat' dir='ltr'><strong>Ac</strong></span> <span class='ocrx_word' id='word_1_172' title='bbox 2564 1268 2709 1320; x_wconf 90' lang='lat' dir='ltr'><strong>sicut</strong></span> <span class='ocrx_word' id='word_1_173' title='bbox 2740 1281 3023 1335; x_wconf 87' lang='lat' dir='ltr'><strong>nunquam</strong></span> <span class='ocrx_word' id='word_1_174' title='bbox 3055 1266 3135 1320; x_wconf 88' lang='lat' dir='ltr'><strong>sol</strong></span> <span class='ocrx_word' id='word_1_175' title='bbox 3162 1266 3265 1322; x_wconf 87' lang='lat' dir='ltr'><strong>iste</strong></span> <span class='ocrx_word' id='word_1_176' title='bbox 3287 1266 3405 1320; x_wconf 88' lang='lat' dir='ltr'><strong>sine</strong></span> <span class='ocrx_word' id='word_1_177' title='bbox 3451 1266 3606 1320; x_wconf 81' lang='lat' dir='ltr'><strong>radio</strong></span> 
     </span>
    </p>
   </div>
   <div class='ocr_carea' id='block_1_29' title="bbox 2014 1354 3610 1427">
    <p class='ocr_par' dir='ltr' id='par_1_29' title="bbox 2014 1354 3610 1427">
     <span class='ocr_line' id='line_1_29' title="bbox 2014 1354 3610 1427; baseline -0.003 -18"><span class='ocrx_word' id='word_1_178' title='bbox 2014 1372 2079 1412; x_wconf 90' lang='lat' dir='ltr'><strong>ac</strong></span> <span class='ocrx_word' id='word_1_179' title='bbox 2110 1356 2233 1412; x_wconf 91' lang='lat' dir='ltr'><strong>luce</strong></span> <span class='ocrx_word' id='word_1_180' title='bbox 2267 1357 2445 1427; x_wconf 91' lang='lat' dir='ltr'><strong>possit</strong></span> <span class='ocrx_word' id='word_1_181' title='bbox 2477 1357 2762 1422; x_wconf 82' lang='lat' dir='ltr'><strong>exsistere,</strong></span> <span class='ocrx_word' id='word_1_182' title='bbox 2803 1358 2877 1410; x_wconf 88' lang='lat' dir='ltr'><strong>ita</strong></span> <span class='ocrx_word' id='word_1_183' title='bbox 2914 1371 3091 1425; x_wconf 86' lang='lat' dir='ltr'><strong>neque</strong></span> <span class='ocrx_word' id='word_1_184' title='bbox 3135 1365 3196 1409; x_wconf 89' lang='lat' dir='ltr'><strong>ut</strong></span> <span class='ocrx_word' id='word_1_185' title='bbox 3252 1354 3414 1409; x_wconf 87' lang='lat' dir='ltr'><strong>Pater</strong></span> <span class='ocrx_word' id='word_1_186' title='bbox 3454 1356 3610 1409; x_wconf 87' lang='lat' dir='ltr'><strong>Iumi-</strong></span> 
     </span>
    </p>
   </div>
   <div class='ocr_carea' id='block_1_30' title="bbox 2016 1447 3605 1519">
    <p class='ocr_par' dir='ltr' id='par_1_30' title="bbox 2016 1447 3605 1519">
     <span class='ocr_line' id='line_1_30' title="bbox 2016 1447 3605 1519; baseline -0.003 -16"><span class='ocrx_word' id='word_1_187' title='bbox 2016 1465 2145 1503; x_wconf 89' lang='lat' dir='ltr'><strong>num</strong></span> <span class='ocrx_word' id='word_1_188' title='bbox 2197 1450 2408 1519; x_wconf 88' lang='lat' dir='ltr'><strong>absque</strong></span> <span class='ocrx_word' id='word_1_189' title='bbox 2436 1447 2617 1505; x_wconf 89' lang='lat' dir='ltr'><strong>Verbo</strong></span> <span class='ocrx_word' id='word_1_190' title='bbox 2651 1466 2715 1505; x_wconf 91' lang='lat' dir='ltr'><strong>ac</strong></span> <span class='ocrx_word' id='word_1_191' title='bbox 2744 1449 2948 1519; x_wconf 84' lang='lat' dir='ltr'><strong>Spiritu</strong></span> <span class='ocrx_word' id='word_1_192' title='bbox 3001 1449 3338 1518; x_wconf 83' lang='lat' dir='ltr'><strong>intelligatur</strong></span> <span class='ocrx_word' id='word_1_193' title='bbox 3364 1462 3605 1516; x_wconf 87' lang='lat' dir='ltr'><strong>unquam</strong></span> 
     </span>
    </p>
   </div>
   <div class='ocr_carea' id='block_1_31' title="bbox 2018 1542 3609 1613">
    <p class='ocr_par' dir='ltr' id='par_1_31' title="bbox 2018 1542 3609 1613">
     <span class='ocr_line' id='line_1_31' title="bbox 2018 1542 3609 1613; baseline -0.003 -16"><span class='ocrx_word' id='word_1_194' title='bbox 2018 1543 2129 1597; x_wconf 82' lang='lat' dir='ltr'><strong>ﬁat.</strong></span> <span class='ocrx_word' id='word_1_195' title='bbox 2161 1545 2236 1598; x_wconf 83' lang='lat' dir='ltr'><strong>Ex</strong></span> <span class='ocrx_word' id='word_1_196' title='bbox 2285 1543 2379 1597; x_wconf 92' lang='lat' dir='ltr'><strong>illo</strong></span> <span class='ocrx_word' id='word_1_197' title='bbox 2425 1559 2665 1613; x_wconf 88' lang='lat' dir='ltr'><strong>namque</strong></span> <span class='ocrx_word' id='word_1_198' title='bbox 2698 1552 2961 1612; x_wconf 91' lang='lat' dir='ltr'><strong>tanquam</strong></span> <span class='ocrx_word' id='word_1_199' title='bbox 2992 1557 3056 1597; x_wconf 86' lang='lat' dir='ltr'><strong>ex</strong></span> <span class='ocrx_word' id='word_1_200' title='bbox 3106 1542 3291 1595; x_wconf 87' lang='lat' dir='ltr'><strong>radice</strong></span> <span class='ocrx_word' id='word_1_201' title='bbox 3325 1555 3448 1609; x_wconf 69' lang='lat' dir='ltr'><strong>qua:</strong></span> <span class='ocrx_word' id='word_1_202' title='bbox 3479 1554 3510 1593; x_wconf 86' lang='lat' dir='ltr'><strong>a</strong></span> <span class='ocrx_word' id='word_1_203' title='bbox 3547 1554 3609 1593; x_wconf 86' lang='lat' dir='ltr'><strong>se</strong></span> 
     </span>
    </p>
   </div>
   <div class='ocr_carea' id='block_1_32' title="bbox 2018 1632 3610 1707">
    <p class='ocr_par' dir='ltr' id='par_1_32' title="bbox 2018 1632 3610 1707">
     <span class='ocr_line' id='line_1_32' title="bbox 2018 1632 3610 1707; baseline -0.004 -16"><span class='ocrx_word' id='word_1_204' title='bbox 2018 1638 2108 1702; x_wconf 87' lang='lat' dir='ltr'><strong>sit,</strong></span> <span class='ocrx_word' id='word_1_205' title='bbox 2140 1638 2432 1707; x_wconf 86' lang='lat' dir='ltr'><strong>primoque</strong></span> <span class='ocrx_word' id='word_1_206' title='bbox 2472 1645 2704 1691; x_wconf 87' lang='lat' dir='ltr'><strong>auctore</strong></span> <span class='ocrx_word' id='word_1_207' title='bbox 2744 1651 2807 1691; x_wconf 88' lang='lat' dir='ltr'><strong>ac</strong></span> <span class='ocrx_word' id='word_1_208' title='bbox 2840 1635 3093 1707; x_wconf 86' lang='lat' dir='ltr'><strong>originali</strong></span> <span class='ocrx_word' id='word_1_209' title='bbox 3129 1634 3295 1688; x_wconf 88' lang='lat' dir='ltr'><strong>totius</strong></span> <span class='ocrx_word' id='word_1_210' title='bbox 3336 1632 3610 1702; x_wconf 83' lang='lat' dir='ltr'><strong>augustis-</strong></span> 
     </span>
    </p>
   </div>
   <div class='ocr_carea' id='block_1_33' title="bbox 2022 1725 3707 1792">
    <p class='ocr_par' dir='ltr' id='par_1_33' title="bbox 2022 1725 3707 1792">
     <span class='ocr_line' id='line_1_33' title="bbox 2022 1725 3707 1792; baseline -0.004 -10"><span class='ocrx_word' id='word_1_211' title='bbox 2022 1728 2172 1783; x_wconf 73' lang='lat' dir='ltr'><strong>simre</strong></span> <span class='ocrx_word' id='word_1_212' title='bbox 2204 1729 2422 1783; x_wconf 89' lang='lat' dir='ltr'><strong>deitatis</strong></span> <span class='ocrx_word' id='word_1_213' title='bbox 2450 1728 2579 1792; x_wconf 89' lang='lat' dir='ltr'><strong>orti,</strong></span> <span class='ocrx_word' id='word_1_214' title='bbox 2612 1737 2944 1783; x_wconf 72' lang='lat' dir='ltr'><strong>comternam</strong></span> <span class='ocrx_word' id='word_1_215' title='bbox 2991 1728 3046 1781; x_wconf 90' lang='lat' dir='ltr'><strong>in</strong></span> <span class='ocrx_word' id='word_1_216' title='bbox 3092 1726 3186 1780; x_wconf 89' lang='lat' dir='ltr'><strong>illo</strong></span> <span class='ocrx_word' id='word_1_217' title='bbox 3228 1725 3608 1780; x_wconf 84' lang='lat' dir='ltr'><strong>cxsistentiam</strong></span> <span class='ocrx_word' id='word_1_218' title='bbox 3692 1756 3707 1770; x_wconf 78' lang='grc' dir='ltr'><strong><em>ο</em></strong></span> 
     </span>
    </p>
   </div>
   <div class='ocr_carea' id='block_1_34' title="bbox 315 1804 2355 1909">
    <p class='ocr_par' dir='ltr' id='par_1_34' title="bbox 315 1804 2355 1909">
     <span class='ocr_line' id='line_1_34' title="bbox 315 1804 2355 1909; baseline -0.009 -17"><span class='ocrx_word' id='word_1_219' title='bbox 315 1804 557 1909; x_wconf 69' lang='grc' dir='ltr'><strong>(ιιιίιιεειιι⁸</strong></span> <span class='ocrx_word' id='word_1_220' title='bbox 594 1845 873 1889; x_wconf 83' lang='lat' dir='ltr'><strong>auctorem</strong></span> <span class='ocrx_word' id='word_1_221' title='bbox 907 1847 970 1885; x_wconf 92' lang='lat' dir='ltr'><strong>ac</strong></span> <span class='ocrx_word' id='word_1_222' title='bbox 1019 1804 1350 1900; x_wconf 69' lang='lat' dir='ltr'><strong>principium</strong></span> <span class='ocrx_word' id='word_1_223' title='bbox 1386 1827 1586 1881; x_wconf 87' lang='lat' dir='ltr'><strong>habeat</strong></span> <span class='ocrx_word' id='word_1_224' title='bbox 1634 1825 1734 1896; x_wconf 67' lang='lat'><strong>(4),</strong></span> <span class='ocrx_word' id='word_1_225' title='bbox 1770 1822 1919 1877; x_wconf 70' lang='lat' dir='ltr'><strong>velut</strong></span> <span class='ocrx_word' id='word_1_226' title='bbox 1945 1804 1991 1864; x_wconf 83' lang='grc' dir='ltr'><strong><em>Β</em></strong></span> <span class='ocrx_word' id='word_1_227' title='bbox 2023 1821 2165 1875; x_wconf 88' lang='lat' dir='ltr'><strong>nacti</strong></span> <span class='ocrx_word' id='word_1_228' title='bbox 2204 1830 2355 1875; x_wconf 88' lang='lat' dir='ltr'><strong>sunt.</strong></span> 
     </span>
    </p>
   </div>
   <div class='ocr_carea' id='block_1_35' title="bbox 316 1916 1918 1999">
    <p class='ocr_par' dir='ltr' id='par_1_35' title="bbox 316 1916 1918 1999">
     <span class='ocr_line' id='line_1_35' title="bbox 316 1916 1918 1999; baseline -0.011 -17"><span class='ocrx_word' id='word_1_229' title='bbox 316 1944 481 1999; x_wconf 77' lang='lat' dir='ltr'><strong>aquae</strong></span> <span class='ocrx_word' id='word_1_230' title='bbox 519 1927 684 1980; x_wconf 86' lang='lat' dir='ltr'><strong>fontis</strong></span> <span class='ocrx_word' id='word_1_231' title='bbox 734 1923 995 1986; x_wconf 87' lang='lat' dir='ltr'><strong>oculum;</strong></span> <span class='ocrx_word' id='word_1_232' title='bbox 1036 1922 1211 1974; x_wconf 90' lang='lat' dir='ltr'><strong>instar</strong></span> <span class='ocrx_word' id='word_1_233' title='bbox 1236 1933 1366 1971; x_wconf 87' lang='lat' dir='ltr'><strong>vero</strong></span> <span class='ocrx_word' id='word_1_234' title='bbox 1390 1916 1559 1980; x_wconf 77' lang='lat' dir='ltr'><strong>ﬂuvii,</strong></span> <span class='ocrx_word' id='word_1_235' title='bbox 1611 1930 1708 1986; x_wconf 90' lang='lat' dir='ltr'><strong>per</strong></span> <span class='ocrx_word' id='word_1_236' title='bbox 1740 1923 1918 1969; x_wconf 84' lang='lat' dir='ltr'><strong>scatu-</strong></span> 
     </span>
    </p>
   </div>
   <div class='ocr_carea' id='block_1_36' title="bbox 313 2004 1916 2093">
    <p class='ocr_par' dir='ltr' id='par_1_36' title="bbox 313 2004 1916 2093">
     <span class='ocr_line' id='line_1_36' title="bbox 313 2004 1916 2093; baseline -0.011 -18"><span class='ocrx_word' id='word_1_237' title='bbox 313 2022 550 2093; x_wconf 80' lang='lat' dir='ltr'><strong>riginein</strong></span> <span class='ocrx_word' id='word_1_238' title='bbox 581 2018 868 2086; x_wconf 90' lang='lat' dir='ltr'><strong>(rationem</strong></span> <span class='ocrx_word' id='word_1_239' title='bbox 888 2013 1100 2068; x_wconf 84' lang='lat' dir='ltr'><strong>scilicet</strong></span> <span class='ocrx_word' id='word_1_240' title='bbox 1124 2008 1502 2079; x_wconf 83' lang='lat' dir='ltr'><strong>Verbumque)</strong></span> <span class='ocrx_word' id='word_1_241' title='bbox 1540 2006 1807 2077; x_wconf 79' lang='lat' dir='ltr'><strong>proﬂuat;</strong></span> <span class='ocrx_word' id='word_1_242' title='bbox 1839 2004 1916 2057; x_wconf 90' lang='lat' dir='ltr'><strong>uti</strong></span> 
     </span>
    </p>
   </div>
   <div class='ocr_carea' id='block_1_37' title="bbox 316 2095 1920 2175">
    <p class='ocr_par' dir='ltr' id='par_1_37' title="bbox 316 2095 1920 2175">
     <span class='ocr_line' id='line_1_37' title="bbox 316 2095 1920 2175; baseline -0.012 -7"><span class='ocrx_word' id='word_1_243' title='bbox 316 2115 589 2168; x_wconf 83' lang='lat' dir='ltr'><strong>rationem</strong></span> <span class='ocrx_word' id='word_1_244' title='bbox 647 2107 994 2175; x_wconf 84' lang='lat' dir='ltr'><strong>Vcrbumque</strong></span> <span class='ocrx_word' id='word_1_245' title='bbox 1046 2101 1113 2157; x_wconf 91' lang='lat' dir='ltr'><strong>ad</strong></span> <span class='ocrx_word' id='word_1_246' title='bbox 1162 2100 1333 2172; x_wconf 91' lang='lat' dir='ltr'><strong>prolis</strong></span> <span class='ocrx_word' id='word_1_247' title='bbox 1370 2100 1610 2154; x_wconf 82' lang='lat' dir='ltr'><strong>nativam</strong></span> <span class='ocrx_word' id='word_1_248' title='bbox 1660 2112 1784 2151; x_wconf 91' lang='lat' dir='ltr'><strong>cum</strong></span> <span class='ocrx_word' id='word_1_249' title='bbox 1837 2095 1920 2166; x_wconf 83' lang='lat' dir='ltr'><strong>gi-</strong></span> 
     </span>
    </p>
   </div>
   <div class='ocr_carea' id='block_1_38' title="bbox 317 2187 1916 2277">
    <p class='ocr_par' dir='ltr' id='par_1_38' title="bbox 317 2187 1916 2277">
     <span class='ocr_line' id='line_1_38' title="bbox 317 2187 1916 2277; baseline -0.013 -18"><span class='ocrx_word' id='word_1_250' title='bbox 317 2212 522 2277; x_wconf 84' lang='lat' dir='ltr'><strong>gnente</strong></span> <span class='ocrx_word' id='word_1_251' title='bbox 575 2201 721 2255; x_wconf 81' lang='grc' dir='ltr'><strong>οηιηί</strong></span> <span class='ocrx_word' id='word_1_252' title='bbox 784 2199 1050 2267; x_wconf 77' lang='lat' dir='ltr'><strong>majorem</strong></span> <span class='ocrx_word' id='word_1_253' title='bbox 1124 2193 1374 2248; x_wconf 87' lang='lat' dir='ltr'><strong>essentia</strong></span> <span class='ocrx_word' id='word_1_254' title='bbox 1451 2187 1916 2245; x_wconf 79' lang='lat' dir='ltr'><strong>necessitudinem</strong></span> 
     </span>
    </p>
   </div>
   <div class='ocr_carea' id='block_1_39' title="bbox 322 2276 1920 2363">
    <p class='ocr_par' dir='ltr' id='par_1_39' title="bbox 322 2276 1920 2363">
     <span class='ocr_line' id='line_1_39' title="bbox 322 2276 1920 2363; baseline -0.014 -11"><span class='ocrx_word' id='word_1_255' title='bbox 322 2276 582 2363; x_wconf 81' lang='lat' dir='ltr'><strong>exemplo</strong></span> <span class='ocrx_word' id='word_1_256' title='bbox 629 2290 1038 2355; x_wconf 88' lang='lat' dir='ltr'><strong>declarandam,</strong></span> <span class='ocrx_word' id='word_1_257' title='bbox 1091 2287 1171 2342; x_wconf 89' lang='lat' dir='ltr'><strong>sic</strong></span> <span class='ocrx_word' id='word_1_258' title='bbox 1207 2288 1272 2340; x_wconf 89' lang='lat' dir='ltr'><strong>ad</strong></span> <span class='ocrx_word' id='word_1_259' title='bbox 1312 2284 1510 2338; x_wconf 65' lang='lat' dir='ltr'><strong>divina:</strong></span> <span class='ocrx_word' id='word_1_260' title='bbox 1544 2276 1920 2350; x_wconf 83' lang='lat' dir='ltr'><strong>processiouis</strong></span> 
     </span>
    </p>
   </div>
   <div class='ocr_carea' id='block_1_40' title="bbox 331 2368 1920 2457">
    <p class='ocr_par' dir='ltr' id='par_1_40' title="bbox 331 2368 1920 2457">
     <span class='ocr_line' id='line_1_40' title="bbox 331 2368 1920 2457; baseline -0.014 -13"><span class='ocrx_word' id='word_1_261' title='bbox 331 2388 599 2457; x_wconf 69' lang='lat' dir='ltr'><strong>aequalem</strong></span> <span class='ocrx_word' id='word_1_262' title='bbox 642 2400 766 2440; x_wconf 89' lang='lat' dir='ltr'><strong>cum</strong></span> <span class='ocrx_word' id='word_1_263' title='bbox 804 2391 986 2437; x_wconf 86' lang='lat' dir='ltr'><strong>mente</strong></span> <span class='ocrx_word' id='word_1_264' title='bbox 1034 2380 1369 2450; x_wconf 87' lang='lat' dir='ltr'><strong>producente</strong></span> <span class='ocrx_word' id='word_1_265' title='bbox 1395 2376 1501 2430; x_wconf 89' lang='lat' dir='ltr'><strong>sub</strong></span> <span class='ocrx_word' id='word_1_266' title='bbox 1535 2372 1769 2441; x_wconf 77' lang='lat' dir='ltr'><strong>imagine</strong></span> <span class='ocrx_word' id='word_1_267' title='bbox 1794 2368 1920 2423; x_wconf 84' lang='lat' dir='ltr'><strong>red-</strong></span> 
     </span>
    </p>
   </div>
   <div class='ocr_carea' id='block_1_41' title="bbox 322 2459 1924 2546">
    <p class='ocr_par' dir='ltr' id='par_1_41' title="bbox 322 2459 1924 2546">
     <span class='ocr_line' id='line_1_41' title="bbox 322 2459 1924 2546; baseline -0.016 -10"><span class='ocrx_word' id='word_1_268' title='bbox 322 2481 556 2535; x_wconf 89' lang='lat' dir='ltr'><strong>dendam</strong></span> <span class='ocrx_word' id='word_1_269' title='bbox 615 2476 939 2546; x_wconf 87' lang='lat' dir='ltr'><strong>dignitatem</strong></span> <span class='ocrx_word' id='word_1_270' title='bbox 979 2470 1393 2527; x_wconf 78' lang='lat' dir='ltr'><strong>considerasse.</strong></span> <span class='ocrx_word' id='word_1_271' title='bbox 1437 2463 1672 2517; x_wconf 87' lang='lat' dir='ltr'><strong>Tantam</strong></span> <span class='ocrx_word' id='word_1_272' title='bbox 1713 2459 1924 2516; x_wconf 87' lang='lat' dir='ltr'><strong>scilicet</strong></span> 
     </span>
    </p>
   </div>
   <div class='ocr_carea' id='block_1_42' title="bbox 323 2548 1921 2641">
    <p class='ocr_par' dir='ltr' id='par_1_42' title="bbox 323 2548 1921 2641">
     <span class='ocr_line' id='line_1_42' title="bbox 323 2548 1921 2641; baseline -0.017 -14"><span class='ocrx_word' id='word_1_273' title='bbox 323 2587 558 2641; x_wconf 84' lang='lat' dir='ltr'><strong>magnus</strong></span> <span class='ocrx_word' id='word_1_274' title='bbox 595 2570 684 2622; x_wconf 91' lang='lat' dir='ltr'><strong>hic</strong></span> <span class='ocrx_word' id='word_1_275' title='bbox 747 2566 1043 2635; x_wconf 62' lang='lat' dir='ltr'><strong>divinaque</strong></span> <span class='ocrx_word' id='word_1_276' title='bbox 1084 2560 1345 2632; x_wconf 75' lang='lat' dir='ltr'><strong>przeclare</strong></span> <span class='ocrx_word' id='word_1_277' title='bbox 1397 2551 1660 2625; x_wconf 88' lang='lat' dir='ltr'><strong>sapientia</strong></span> <span class='ocrx_word' id='word_1_278' title='bbox 1710 2548 1921 2618; x_wconf 75' lang='lat' dir='ltr'><strong>fulgens</strong></span> 
     </span>
    </p>
   </div>
   <div class='ocr_carea' id='block_1_43' title="bbox 322 2639 1921 2728">
    <p class='ocr_par' dir='ltr' id='par_1_43' title="bbox 322 2639 1921 2728">
     <span class='ocr_line' id='line_1_43' title="bbox 322 2639 1921 2728; baseline -0.018 -9"><span class='ocrx_word' id='word_1_279' title='bbox 322 2639 543 2719; x_wconf 83' lang='lat' dir='ltr'><strong>animus</strong></span> <span class='ocrx_word' id='word_1_280' title='bbox 587 2655 1073 2728; x_wconf 88' lang='lat' dir='ltr'><strong>contemplationis</strong></span> <span class='ocrx_word' id='word_1_281' title='bbox 1103 2654 1153 2707; x_wconf 82' lang='lat' dir='ltr'><strong>vi</strong></span> <span class='ocrx_word' id='word_1_282' title='bbox 1198 2666 1262 2706; x_wconf 89' lang='lat' dir='ltr'><strong>ac</strong></span> <span class='ocrx_word' id='word_1_283' title='bbox 1312 2647 1550 2704; x_wconf 88' lang='lat' dir='ltr'><strong>actionis</strong></span> <span class='ocrx_word' id='word_1_284' title='bbox 1581 2639 1921 2698; x_wconf 89' lang='lat' dir='ltr'><strong>conscende-</strong></span> 
     </span>
    </p>
   </div>
   <div class='ocr_carea' id='block_1_44' title="bbox 322 2730 1923 2825">
    <p class='ocr_par' dir='ltr' id='par_1_44' title="bbox 322 2730 1923 2825">
     <span class='ocr_line' id='line_1_44' title="bbox 322 2730 1923 2825; baseline -0.018 -12"><span class='ocrx_word' id='word_1_285' title='bbox 322 2765 414 2813; x_wconf 83' lang='lat' dir='ltr'><strong>tat</strong></span> <span class='ocrx_word' id='word_1_286' title='bbox 479 2753 801 2825; x_wconf 88' lang='lat' dir='ltr'><strong>speculam;</strong></span> <span class='ocrx_word' id='word_1_287' title='bbox 856 2749 1073 2819; x_wconf 88' lang='lat' dir='ltr'><strong>ipsique</strong></span> <span class='ocrx_word' id='word_1_288' title='bbox 1149 2741 1509 2799; x_wconf 77' lang='lat' dir='ltr'><strong>divinissinuc</strong></span> <span class='ocrx_word' id='word_1_289' title='bbox 1573 2750 1637 2789; x_wconf 88' lang='lat' dir='ltr'><strong>ac</strong></span> <span class='ocrx_word' id='word_1_290' title='bbox 1691 2730 1923 2804; x_wconf 88' lang='lat' dir='ltr'><strong>principi</strong></span> 
     </span>
    </p>
   </div>
   <div class='ocr_carea' id='block_1_45' title="bbox 321 2831 1924 2916">
    <p class='ocr_par' dir='ltr' id='par_1_45' title="bbox 321 2831 1924 2916">
     <span class='ocr_line' id='line_1_45' title="bbox 321 2831 1924 2916; baseline -0.019 -11"><span class='ocrx_word' id='word_1_291' title='bbox 321 2848 520 2916; x_wconf 81' lang='lat' dir='ltr'><strong>ruenti,</strong></span> <span class='ocrx_word' id='word_1_292' title='bbox 584 2843 787 2899; x_wconf 85' lang='lat' dir='ltr'><strong>rationi</strong></span> <span class='ocrx_word' id='word_1_293' title='bbox 842 2858 937 2897; x_wconf 88' lang='lat' dir='ltr'><strong>seu</strong></span> <span class='ocrx_word' id='word_1_294' title='bbox 993 2838 1197 2906; x_wconf 90' lang='lat' dir='ltr'><strong>Verbo,</strong></span> <span class='ocrx_word' id='word_1_295' title='bbox 1241 2851 1305 2890; x_wconf 90' lang='lat' dir='ltr'><strong>ac</strong></span> <span class='ocrx_word' id='word_1_296' title='bbox 1342 2831 1594 2902; x_wconf 74' lang='lat' dir='ltr'><strong>Spiritui,</strong></span> <span class='ocrx_word' id='word_1_297' title='bbox 1642 2843 1741 2898; x_wconf 79' lang='lat' dir='ltr'><strong>per</strong></span> <span class='ocrx_word' id='word_1_298' title='bbox 1772 2839 1924 2878; x_wconf 85' lang='lat' dir='ltr'><strong>men-</strong></span> 
     </span>
    </p>
   </div>
   <div class='ocr_carea' id='block_1_46' title="bbox 321 2917 1921 3009">
    <p class='ocr_par' dir='ltr' id='par_1_46' title="bbox 321 2917 1921 3009">
     <span class='ocr_line' id='line_1_46' title="bbox 321 2917 1921 3009; baseline -0.021 -9"><span class='ocrx_word' id='word_1_299' title='bbox 321 2953 437 2999; x_wconf 97' lang='lat' dir='ltr'><strong>tem</strong></span> <span class='ocrx_word' id='word_1_300' title='bbox 468 2941 523 2994; x_wconf 92' lang='lat' dir='ltr'><strong>in</strong></span> <span class='ocrx_word' id='word_1_301' title='bbox 555 2941 676 3009; x_wconf 88' lang='lat' dir='ltr'><strong>ipso</strong></span> <span class='ocrx_word' id='word_1_302' title='bbox 723 2935 1099 2998; x_wconf 84' lang='lat' dir='ltr'><strong>exsistentem,</strong></span> <span class='ocrx_word' id='word_1_303' title='bbox 1132 2928 1475 2995; x_wconf 86' lang='lat' dir='ltr'><strong>verbumquc</strong></span> <span class='ocrx_word' id='word_1_304' title='bbox 1508 2937 1601 2977; x_wconf 90' lang='lat' dir='ltr'><strong>seu</strong></span> <span class='ocrx_word' id='word_1_305' title='bbox 1629 2917 1921 2979; x_wconf 79' lang='lat' dir='ltr'><strong>tationem,</strong></span> 
     </span>
    </p>
   </div>
   <div class='ocr_carea' id='block_1_47' title="bbox 322 3008 1924 3103">
    <p class='ocr_par' dir='ltr' id='par_1_47' title="bbox 322 3008 1924 3103">
     <span class='ocr_line' id='line_1_47' title="bbox 322 3008 1924 3103; baseline -0.016 -14"><span class='ocrx_word' id='word_1_306' title='bbox 322 3052 392 3091; x_wconf 87' lang='lat' dir='ltr'><strong>ac</strong></span> <span class='ocrx_word' id='word_1_307' title='bbox 448 3008 704 3103; x_wconf 82' lang='lat' dir='ltr'><strong>spiritum</strong></span> <span class='ocrx_word' id='word_1_308' title='bbox 762 3038 1133 3082; x_wconf 88' lang='lat' dir='ltr'><strong>consuescens</strong></span> <span class='ocrx_word' id='word_1_309' title='bbox 1178 3010 1539 3087; x_wconf 5' lang='lat' dir='ltr'><strong>iversansque,</strong></span> <span class='ocrx_word' id='word_1_310' title='bbox 1582 3008 1924 3067; x_wconf 84' lang='lat' dir='ltr'><strong>intemeratis</strong></span> 
     </span>
    </p>
   </div>
   <div class='ocr_carea' id='block_1_48' title="bbox 2091 1904 3609 1978">
    <p class='ocr_par' dir='ltr' id='par_1_48' title="bbox 2091 1904 3609 1978">
     <span class='ocr_line' id='line_1_48' title="bbox 2091 1904 3609 1978; baseline -0.006 -12"><span class='ocrx_word' id='word_1_311' title='bbox 2091 1910 2568 1978; x_wconf 83' lang='lat' dir='ltr'><strong>Quemadmodum</strong></span> <span class='ocrx_word' id='word_1_312' title='bbox 2601 1917 2782 1965; x_wconf 79' lang='lat' dir='ltr'><strong>autem</strong></span> <span class='ocrx_word' id='word_1_313' title='bbox 2819 1907 2996 1963; x_wconf 89' lang='lat' dir='ltr'><strong>tribus</strong></span> <span class='ocrx_word' id='word_1_314' title='bbox 3023 1906 3235 1962; x_wconf 78' lang='lat' dir='ltr'><strong>facibus</strong></span> <span class='ocrx_word' id='word_1_315' title='bbox 3262 1905 3382 1974; x_wconf 88' lang='lat' dir='ltr'><strong>pari</strong></span> <span class='ocrx_word' id='word_1_316' title='bbox 3406 1904 3609 1958; x_wconf 88' lang='lat' dir='ltr'><strong>micatu</strong></span> 
     </span>
    </p>
   </div>
   <div class='ocr_carea' id='block_1_49' title="bbox 2021 1996 3610 2071">
    <p class='ocr_par' dir='ltr' id='par_1_49' title="bbox 2021 1996 3610 2071">
     <span class='ocr_line' id='line_1_49' title="bbox 2021 1996 3610 2071; baseline -0.005 -14"><span class='ocrx_word' id='word_1_317' title='bbox 2021 2003 2074 2057; x_wconf 87' lang='lat' dir='ltr'><strong>in</strong></span> <span class='ocrx_word' id='word_1_318' title='bbox 2107 2003 2270 2057; x_wconf 87' lang='lat' dir='ltr'><strong>domo</strong></span> <span class='ocrx_word' id='word_1_319' title='bbox 2310 2003 2579 2067; x_wconf 87' lang='lat' dir='ltr'><strong>accensis,</strong></span> <span class='ocrx_word' id='word_1_320' title='bbox 2626 2018 2735 2056; x_wconf 89' lang='lat' dir='ltr'><strong>una</strong></span> <span class='ocrx_word' id='word_1_321' title='bbox 2767 2000 2990 2071; x_wconf 89' lang='lat' dir='ltr'><strong>quidem</strong></span> <span class='ocrx_word' id='word_1_322' title='bbox 3041 2000 3208 2071; x_wconf 84' lang='lat' dir='ltr'><strong>trium</strong></span> <span class='ocrx_word' id='word_1_323' title='bbox 3265 1996 3610 2065; x_wconf 87' lang='lat' dir='ltr'><strong>conspicitur</strong></span> 
     </span>
    </p>
   </div>
   <div class='ocr_carea' id='block_1_50' title="bbox 2020 2068 3613 2162">
    <p class='ocr_par' dir='ltr' id='par_1_50' title="bbox 2020 2068 3613 2162">
     <span class='ocr_line' id='line_1_50' title="bbox 2020 2068 3613 2162; baseline -0.004 -14"><span class='ocrx_word' id='word_1_324' title='bbox 2020 2095 2137 2162; x_wconf 83' lang='lat' dir='ltr'><strong>lux,</strong></span> <span class='ocrx_word' id='word_1_325' title='bbox 2195 2096 2270 2149; x_wconf 79' lang='lat' dir='ltr'><strong>ita</strong></span> <span class='ocrx_word' id='word_1_326' title='bbox 2324 2104 2508 2149; x_wconf 88' lang='lat' dir='ltr'><strong>tamen</strong></span> <span class='ocrx_word' id='word_1_327' title='bbox 2549 2102 2611 2149; x_wconf 90' lang='lat' dir='ltr'><strong>ut</strong></span> <span class='ocrx_word' id='word_1_328' title='bbox 2653 2096 2734 2149; x_wconf 88' lang='lat' dir='ltr'><strong>sic</strong></span> <span class='ocrx_word' id='word_1_329' title='bbox 2776 2068 3481 2161; x_wconf 54' lang='lat' dir='ltr'><strong>uttifot‘mi;subjectarunt</strong></span> <span class='ocrx_word' id='word_1_330' title='bbox 3527 2089 3613 2142; x_wconf 81' lang='lat' dir='ltr'><strong>fa-</strong></span> 
     </span>
    </p>
   </div>
   <div class='ocr_carea' id='block_1_51' title="bbox 2020 2182 3616 2246">
    <p class='ocr_par' dir='ltr' id='par_1_51' title="bbox 2020 2182 3616 2246">
     <span class='ocr_line' id='line_1_51' title="bbox 2020 2182 3616 2246; baseline -0.004 -3"><span class='ocrx_word' id='word_1_331' title='bbox 2020 2187 2166 2243; x_wconf 88' lang='lat' dir='ltr'><strong>cium</strong></span> <span class='ocrx_word' id='word_1_332' title='bbox 2228 2187 2365 2241; x_wconf 89' lang='lat' dir='ltr'><strong>nihil</strong></span> <span class='ocrx_word' id='word_1_333' title='bbox 2430 2186 2848 2242; x_wconf 88' lang='lat' dir='ltr'><strong>distinctionem</strong></span> <span class='ocrx_word' id='word_1_334' title='bbox 2920 2185 3257 2246; x_wconf 80' lang='lat' dir='ltr'><strong>confundat,</strong></span> <span class='ocrx_word' id='word_1_335' title='bbox 3320 2197 3445 2237; x_wconf 92' lang='lat' dir='ltr'><strong>cum</strong></span> <span class='ocrx_word' id='word_1_336' title='bbox 3500 2182 3616 2237; x_wconf 85' lang='lat' dir='ltr'><strong>suis</strong></span> 
     </span>
    </p>
   </div>
   <div class='ocr_carea' id='block_1_52' title="bbox 2022 2274 3616 2350">
    <p class='ocr_par' dir='ltr' id='par_1_52' title="bbox 2022 2274 3616 2350">
     <span class='ocr_line' id='line_1_52' title="bbox 2022 2274 3616 2350; baseline -0.002 -19"><span class='ocrx_word' id='word_1_337' title='bbox 2022 2280 2277 2350; x_wconf 84' lang='lat' dir='ltr'><strong>quodque</strong></span> <span class='ocrx_word' id='word_1_338' title='bbox 2303 2281 2540 2350; x_wconf 85' lang='lat' dir='ltr'><strong>prepriis</strong></span> <span class='ocrx_word' id='word_1_339' title='bbox 2570 2280 2713 2334; x_wconf 90' lang='lat' dir='ltr'><strong>notis</strong></span> <span class='ocrx_word' id='word_1_340' title='bbox 2737 2296 2767 2333; x_wconf 91' lang='lat' dir='ltr'><strong>a</strong></span> <span class='ocrx_word' id='word_1_341' title='bbox 2790 2278 3035 2348; x_wconf 80' lang='lat' dir='ltr'><strong>compari</strong></span> <span class='ocrx_word' id='word_1_342' title='bbox 3063 2274 3282 2332; x_wconf 75' lang='lat' dir='ltr'><strong>diﬂe&#39;rat</strong></span> <span class='ocrx_word' id='word_1_343' title='bbox 3324 2290 3388 2330; x_wconf 88' lang='lat' dir='ltr'><strong>ac</strong></span> <span class='ocrx_word' id='word_1_344' title='bbox 3433 2288 3616 2329; x_wconf 83' lang='lat' dir='ltr'><strong>secer-</strong></span> 
     </span>
    </p>
   </div>
   <div class='ocr_carea' id='block_1_53' title="bbox 2023 2367 3613 2435">
    <p class='ocr_par' dir='ltr' id='par_1_53' title="bbox 2023 2367 3613 2435">
     <span class='ocr_line' id='line_1_53' title="bbox 2023 2367 3613 2435; baseline -0.003 -10"><span class='ocrx_word' id='word_1_345' title='bbox 2023 2382 2234 2425; x_wconf 90' lang='lat' dir='ltr'><strong>natur:</strong></span> <span class='ocrx_word' id='word_1_346' title='bbox 2269 2372 2370 2433; x_wconf 79' lang='lat' dir='ltr'><strong>sic,</strong></span> <span class='ocrx_word' id='word_1_347' title='bbox 2421 2388 2547 2427; x_wconf 89' lang='lat' dir='ltr'><strong>cum</strong></span> <span class='ocrx_word' id='word_1_348' title='bbox 2607 2388 2712 2426; x_wconf 87' lang='lat' dir='ltr'><strong>una</strong></span> <span class='ocrx_word' id='word_1_349' title='bbox 2761 2372 3021 2435; x_wconf 88' lang='lat' dir='ltr'><strong>essentia,</strong></span> <span class='ocrx_word' id='word_1_350' title='bbox 3078 2371 3257 2434; x_wconf 90' lang='lat' dir='ltr'><strong>idest,</strong></span> <span class='ocrx_word' id='word_1_351' title='bbox 3311 2367 3510 2433; x_wconf 75' lang='lat' dir='ltr'><strong>dcitas,</strong></span> <span class='ocrx_word' id='word_1_352' title='bbox 3555 2367 3613 2421; x_wconf 90' lang='lat' dir='ltr'><strong>in</strong></span> 
     </span>
    </p>
   </div>
   <div class='ocr_carea' id='block_1_54' title="bbox 2024 2458 3616 2533">
    <p class='ocr_par' dir='ltr' id='par_1_54' title="bbox 2024 2458 3616 2533">
     <span class='ocr_line' id='line_1_54' title="bbox 2024 2458 3616 2533; baseline -0.001 -17"><span class='ocrx_word' id='word_1_353' title='bbox 2024 2458 2191 2518; x_wconf 85' lang='lat' dir='ltr'><strong>Patre</strong></span> <span class='ocrx_word' id='word_1_354' title='bbox 2218 2472 2272 2517; x_wconf 86' lang='lat' dir='ltr'><strong>ct</strong></span> <span class='ocrx_word' id='word_1_355' title='bbox 2309 2460 2449 2518; x_wconf 83' lang='lat' dir='ltr'><strong>Filio</strong></span> <span class='ocrx_word' id='word_1_356' title='bbox 2477 2475 2531 2519; x_wconf 92' lang='lat' dir='ltr'><strong>et</strong></span> <span class='ocrx_word' id='word_1_357' title='bbox 2566 2464 2772 2533; x_wconf 86' lang='lat' dir='ltr'><strong>Spiritu</strong></span> <span class='ocrx_word' id='word_1_358' title='bbox 2807 2472 2998 2518; x_wconf 88' lang='lat' dir='ltr'><strong>saneto</strong></span> <span class='ocrx_word' id='word_1_359' title='bbox 3030 2462 3435 2524; x_wconf 84' lang='lat' dir='ltr'><strong>consideretur,</strong></span> <span class='ocrx_word' id='word_1_360' title='bbox 3470 2474 3616 2528; x_wconf 69' lang='lat' dir='ltr'><strong>quae-</strong></span> 
     </span>
    </p>
   </div>
   <div class='ocr_carea' id='block_1_55' title="bbox 2025 2548 3619 2624">
    <p class='ocr_par' dir='ltr' id='par_1_55' title="bbox 2025 2548 3619 2624">
     <span class='ocr_line' id='line_1_55' title="bbox 2025 2548 3619 2624; baseline -0.004 -15"><span class='ocrx_word' id='word_1_361' title='bbox 2025 2554 2148 2609; x_wconf 90' lang='lat' dir='ltr'><strong>dam</strong></span> <span class='ocrx_word' id='word_1_362' title='bbox 2202 2555 2451 2622; x_wconf 77' lang='lat' dir='ltr'><strong>singulos</strong></span> <span class='ocrx_word' id='word_1_363' title='bbox 2515 2563 2927 2624; x_wconf 89' lang='lat' dir='ltr'><strong>consequuntur</strong></span> <span class='ocrx_word' id='word_1_364' title='bbox 2959 2554 3320 2623; x_wconf 85' lang='lat' dir='ltr'><strong>proprietates</strong></span> <span class='ocrx_word' id='word_1_365' title='bbox 3365 2548 3619 2603; x_wconf 89' lang='lat' dir='ltr'><strong>immobi-</strong></span> 
     </span>
    </p>
   </div>
   <div class='ocr_carea' id='block_1_56' title="bbox 2026 2642 3619 2720">
    <p class='ocr_par' dir='ltr' id='par_1_56' title="bbox 2026 2642 3619 2720">
     <span class='ocr_line' id='line_1_56' title="bbox 2026 2642 3619 2720; baseline -0.002 -19"><span class='ocrx_word' id='word_1_366' title='bbox 2026 2645 2129 2712; x_wconf 88' lang='lat' dir='ltr'><strong>les,</strong></span> <span class='ocrx_word' id='word_1_367' title='bbox 2168 2647 2373 2718; x_wconf 88' lang='lat' dir='ltr'><strong>quibus</strong></span> <span class='ocrx_word' id='word_1_368' title='bbox 2418 2663 2780 2720; x_wconf 89' lang='lat' dir='ltr'><strong>personarum</strong></span> <span class='ocrx_word' id='word_1_369' title='bbox 2820 2648 2964 2704; x_wconf 89' lang='lat' dir='ltr'><strong>trina</strong></span> <span class='ocrx_word' id='word_1_370' title='bbox 2999 2645 3288 2702; x_wconf 88' lang='lat' dir='ltr'><strong>distinctio</strong></span> <span class='ocrx_word' id='word_1_371' title='bbox 3317 2642 3619 2698; x_wconf 78' lang='lat' dir='ltr'><strong>inconfuse</strong></span> 
     </span>
    </p>
   </div>
   <div class='ocr_carea' id='block_1_57' title="bbox 2027 2742 2304 2798">
    <p class='ocr_par' dir='ltr' id='par_1_57' title="bbox 2027 2742 2304 2798">
     <span class='ocr_line' id='line_1_57' title="bbox 2027 2742 2304 2798; baseline 0.004 -1"><span class='ocrx_word' id='word_1_372' title='bbox 2027 2742 2304 2798; x_wconf 87' lang='lat' dir='ltr'><strong>consistit.</strong></span> 
     </span>
    </p>
   </div>
   <div class='ocr_carea' id='block_1_58' title="bbox 2018 2828 3620 2906">
    <p class='ocr_par' dir='ltr' id='par_1_58' title="bbox 2018 2828 3620 2906">
     <span class='ocr_line' id='line_1_58' title="bbox 2018 2828 3620 2906; baseline -0.006 -16"><span class='ocrx_word' id='word_1_373' title='bbox 2018 2838 2021 2839; x_wconf 64' lang='grc'><strong><em>⁷</em></strong></span> <span class='ocrx_word' id='word_1_374' title='bbox 2097 2835 2356 2902; x_wconf 79' lang='lat' dir='ltr'><strong>Quaenam</strong></span> <span class='ocrx_word' id='word_1_375' title='bbox 2384 2834 2551 2906; x_wconf 85' lang='lat' dir='ltr'><strong>igitur</strong></span> <span class='ocrx_word' id='word_1_376' title='bbox 2590 2840 2720 2888; x_wconf 85' lang='lat' dir='ltr'><strong>sunt</strong></span> <span class='ocrx_word' id='word_1_377' title='bbox 2758 2831 3161 2902; x_wconf 82' lang='lat' dir='ltr'><strong>proprietates?</strong></span> <span class='ocrx_word' id='word_1_378' title='bbox 3204 2828 3431 2898; x_wconf 84' lang='lat' dir='ltr'><strong>Nempe,</strong></span> <span class='ocrx_word' id='word_1_379' title='bbox 3468 2829 3620 2898; x_wconf 81' lang='lat' dir='ltr'><strong>inge-</strong></span> 
     </span>
    </p>
   </div>
   <div class='ocr_carea' id='block_1_59' title="bbox 2027 2923 3617 2997">
    <p class='ocr_par' dir='ltr' id='par_1_59' title="bbox 2027 2923 3617 2997">
     <span class='ocr_line' id='line_1_59' title="bbox 2027 2923 3617 2997; baseline -0.004 -14"><span class='ocrx_word' id='word_1_380' title='bbox 2027 2929 2228 2993; x_wconf 90' lang='lat' dir='ltr'><strong>nitum,</strong></span> <span class='ocrx_word' id='word_1_381' title='bbox 2267 2928 2550 2994; x_wconf 76' lang='lat' dir='ltr'><strong>nativitas,</strong></span> <span class='ocrx_word' id='word_1_382' title='bbox 2583 2943 2647 2982; x_wconf 91' lang='lat' dir='ltr'><strong>ac</strong></span> <span class='ocrx_word' id='word_1_383' title='bbox 2700 2927 3007 2997; x_wconf 88' lang='lat' dir='ltr'><strong>processio.</strong></span> <span class='ocrx_word' id='word_1_384' title='bbox 3041 2923 3178 2978; x_wconf 88' lang='lat' dir='ltr'><strong>Esse</strong></span> <span class='ocrx_word' id='word_1_385' title='bbox 3212 2925 3360 2978; x_wconf 90' lang='lat' dir='ltr'><strong>enim</strong></span> <span class='ocrx_word' id='word_1_386' title='bbox 3397 2923 3617 2977; x_wconf 81' lang='lat' dir='ltr'><strong>Patrem</strong></span> 
     </span>
    </p>
   </div>
   <div class='ocr_carea' id='block_1_60' title="bbox 2026 3016 3620 3092">
    <p class='ocr_par' dir='ltr' id='par_1_60' title="bbox 2026 3016 3620 3092">
     <span class='ocr_line' id='line_1_60' title="bbox 2026 3016 3620 3092; baseline -0.002 -19"><span class='ocrx_word' id='word_1_387' title='bbox 2026 3023 2248 3092; x_wconf 87' lang='lat' dir='ltr'><strong>quidem</strong></span> <span class='ocrx_word' id='word_1_388' title='bbox 2278 3022 2614 3092; x_wconf 78' lang='lat' dir='ltr'><strong>ingenitum,</strong></span> <span class='ocrx_word' id='word_1_389' title='bbox 2657 3020 2805 3092; x_wconf 88' lang='lat' dir='ltr'><strong>quod</strong></span> <span class='ocrx_word' id='word_1_390' title='bbox 2847 3019 2982 3072; x_wconf 90' lang='lat' dir='ltr'><strong>nulli</strong></span> <span class='ocrx_word' id='word_1_391' title='bbox 3019 3017 3232 3073; x_wconf 89' lang='lat' dir='ltr'><strong>auctori</strong></span> <span class='ocrx_word' id='word_1_392' title='bbox 3283 3032 3347 3071; x_wconf 90' lang='lat' dir='ltr'><strong>ac</strong></span> <span class='ocrx_word' id='word_1_393' title='bbox 3407 3016 3620 3082; x_wconf 83' lang='lat' dir='ltr'><strong>princi-</strong></span> 
     </span>
    </p>
   </div>
   <div class='ocr_carea' id='block_1_61' title="bbox 323 3106 1922 3201">
    <p class='ocr_par' dir='ltr' id='par_1_61' title="bbox 323 3106 1921 3198">
     <span class='ocr_line' id='line_1_61' title="bbox 323 3106 1921 3198; baseline -0.019 -15"><span class='ocrx_word' id='word_1_394' title='bbox 323 3142 493 3198; x_wconf 88' lang='lat' dir='ltr'><strong>supra</strong></span> <span class='ocrx_word' id='word_1_395' title='bbox 532 3123 760 3178; x_wconf 87' lang='lat' dir='ltr'><strong>modum</strong></span> <span class='ocrx_word' id='word_1_396' title='bbox 798 3117 989 3173; x_wconf 82' lang='lat' dir='ltr'><strong>aﬂusis</strong></span> <span class='ocrx_word' id='word_1_397' title='bbox 1024 3113 1194 3169; x_wconf 89' lang='lat' dir='ltr'><strong>radiis</strong></span> <span class='ocrx_word' id='word_1_398' title='bbox 1249 3110 1607 3181; x_wconf 89' lang='lat' dir='ltr'><strong>replebatur;</strong></span> <span class='ocrx_word' id='word_1_399' title='bbox 1652 3106 1921 3159; x_wconf 89' lang='lat' dir='ltr'><strong>sacratio-</strong></span> 
     </span>
    </p>
   </div>
   <div class='ocr_carea' id='block_1_62' title="bbox 2030 3106 3621 3201">
    <p class='ocr_par' dir='ltr' id='par_1_62' title="bbox 2030 3110 3621 3183">
     <span class='ocr_line' id='line_1_62' title="bbox 2030 3110 3621 3183; baseline -0.005 -15"><span class='ocrx_word' id='word_1_400' title='bbox 2030 3114 2120 3183; x_wconf 86' lang='lat' dir='ltr'><strong>pio</strong></span> <span class='ocrx_word' id='word_1_401' title='bbox 2170 3114 2532 3182; x_wconf 84' lang='lat' dir='ltr'><strong>subjiciatur;</strong></span> <span class='ocrx_word' id='word_1_402' title='bbox 2601 3112 2895 3180; x_wconf 87' lang='lat' dir='ltr'><strong>omnisque</strong></span> <span class='ocrx_word' id='word_1_403' title='bbox 2944 3110 3262 3179; x_wconf 90' lang='lat' dir='ltr'><strong>quicunque</strong></span> <span class='ocrx_word' id='word_1_404' title='bbox 3313 3114 3504 3161; x_wconf 90' lang='lat' dir='ltr'><strong>auctor</strong></span> <span class='ocrx_word' id='word_1_405' title='bbox 3553 3120 3621 3160; x_wconf 89' lang='lat' dir='ltr'><strong>ac</strong></span> 
     </span>
    </p>
   </div>
   <div class='ocr_carea' id='block_1_63' title="bbox 327 3197 1921 3290">
    <p class='ocr_par' dir='ltr' id='par_1_63' title="bbox 327 3197 1921 3290">
     <span class='ocr_line' id='line_1_63' title="bbox 327 3197 1921 3290; baseline -0.019 -13"><span class='ocrx_word' id='word_1_406' title='bbox 327 3197 534 3290; x_wconf 76' lang='lat' dir='ltr'><strong>reSque</strong></span> <span class='ocrx_word' id='word_1_407' title='bbox 568 3232 663 3272; x_wconf 88' lang='lat' dir='ltr'><strong>cas</strong></span> <span class='ocrx_word' id='word_1_408' title='bbox 689 3212 972 3268; x_wconf 85' lang='lat' dir='ltr'><strong>doctrinas</strong></span> <span class='ocrx_word' id='word_1_409' title='bbox 1019 3225 1083 3262; x_wconf 90' lang='lat' dir='ltr'><strong>ac</strong></span> <span class='ocrx_word' id='word_1_410' title='bbox 1105 3206 1444 3262; x_wconf 87' lang='lat' dir='ltr'><strong>initiationes</strong></span> <span class='ocrx_word' id='word_1_411' title='bbox 1477 3197 1921 3260; x_wconf 88' lang='lat' dir='ltr'><strong>nanciscebatur,</strong></span> 
     </span>
    </p>
   </div>
   <div class='ocr_carea' id='block_1_64' title="bbox 328 3308 1506 3386">
    <p class='ocr_par' dir='ltr' id='par_1_64' title="bbox 328 3308 1506 3386">
     <span class='ocr_line' id='line_1_64' title="bbox 328 3308 1506 3386; baseline -0.016 -17"><span class='ocrx_word' id='word_1_412' title='bbox 328 3329 447 3386; x_wconf 69' lang='lat' dir='ltr'><strong>qua:</strong></span> <span class='ocrx_word' id='word_1_413' title='bbox 484 3310 719 3367; x_wconf 84' lang='lat' dir='ltr'><strong>rationis</strong></span> <span class='ocrx_word' id='word_1_414' title='bbox 752 3308 861 3360; x_wconf 85' lang='lat' dir='ltr'><strong>vim</strong></span> <span class='ocrx_word' id='word_1_415' title='bbox 902 3318 1122 3358; x_wconf 90' lang='lat' dir='ltr'><strong>omnem</strong></span> <span class='ocrx_word' id='word_1_416' title='bbox 1158 3309 1506 3369; x_wconf 81' lang='lat' dir='ltr'><strong>superarent.</strong></span> 
     </span>
    </p>
   </div>
   <div class='ocr_carea' id='block_1_65' title="bbox 396 3385 1929 3474">
    <p class='ocr_par' dir='ltr' id='par_1_65' title="bbox 396 3385 1929 3474">
     <span class='ocr_line' id='line_1_65' title="bbox 396 3385 1929 3474; baseline -0.016 -12"><span class='ocrx_word' id='word_1_417' title='bbox 396 3407 469 3462; x_wconf 79' lang='lat' dir='ltr'><strong>At</strong></span> <span class='ocrx_word' id='word_1_418' title='bbox 514 3404 771 3474; x_wconf 86' lang='lat' dir='ltr'><strong>quisnam</strong></span> <span class='ocrx_word' id='word_1_419' title='bbox 808 3393 1126 3451; x_wconf 84' lang='lat' dir='ltr'><strong>sacratioris</strong></span> <span class='ocrx_word' id='word_1_420' title='bbox 1164 3390 1310 3445; x_wconf 87' lang='lat' dir='ltr'><strong>illius</strong></span> <span class='ocrx_word' id='word_1_421' title='bbox 1367 3387 1631 3443; x_wconf 72' lang='lat' dir='ltr'><strong>doctrinm</strong></span> <span class='ocrx_word' id='word_1_422' title='bbox 1688 3385 1929 3441; x_wconf 84' lang='lat' dir='ltr'><strong>modus?</strong></span> 
     </span>
    </p>
   </div>
   <div class='ocr_carea' id='block_1_66' title="bbox 323 3479 1930 3559">
    <p class='ocr_par' dir='ltr' id='par_1_66' title="bbox 323 3479 1930 3559">
     <span class='ocr_line' id='line_1_66' title="bbox 323 3479 1930 3559; baseline -0.016 -5"><span class='ocrx_word' id='word_1_423' title='bbox 323 3500 561 3555; x_wconf 69' lang='lat' dir='ltr'><strong>Praestat</strong></span> <span class='ocrx_word' id='word_1_424' title='bbox 605 3492 775 3557; x_wconf 88' lang='lat' dir='ltr'><strong>enim,</strong></span> <span class='ocrx_word' id='word_1_425' title='bbox 813 3502 964 3559; x_wconf 82' lang='lat' dir='ltr'><strong>puto,</strong></span> <span class='ocrx_word' id='word_1_426' title='bbox 1001 3493 1058 3539; x_wconf 93' lang='lat' dir='ltr'><strong>ut</strong></span> <span class='ocrx_word' id='word_1_427' title='bbox 1112 3492 1167 3539; x_wconf 90' lang='lat' dir='ltr'><strong>ct</strong></span> <span class='ocrx_word' id='word_1_428' title='bbox 1194 3483 1363 3546; x_wconf 89' lang='lat' dir='ltr'><strong>illius,</strong></span> <span class='ocrx_word' id='word_1_429' title='bbox 1397 3479 1579 3550; x_wconf 87' lang='lat' dir='ltr'><strong>quoad</strong></span> <span class='ocrx_word' id='word_1_430' title='bbox 1616 3479 1774 3533; x_wconf 85' lang='lat' dir='ltr'><strong>nobis</strong></span> <span class='ocrx_word' id='word_1_431' title='bbox 1800 3494 1930 3533; x_wconf 86' lang='lat' dir='ltr'><strong>cou-</strong></span> 
     </span>
    </p>
   </div>
   <div class='ocr_carea' id='block_1_67' title="bbox 322 3571 1934 3653">
    <p class='ocr_par' dir='ltr' id='par_1_67' title="bbox 322 3571 1934 3653">
     <span class='ocr_line' id='line_1_67' title="bbox 322 3571 1934 3653; baseline -0.014 -8"><span class='ocrx_word' id='word_1_432' title='bbox 322 3604 571 3653; x_wconf 88' lang='lat' dir='ltr'><strong>cessum,</strong></span> <span class='ocrx_word' id='word_1_433' title='bbox 632 3580 1082 3644; x_wconf 81' lang='lat' dir='ltr'><strong>meminerimus;</strong></span> <span class='ocrx_word' id='word_1_434' title='bbox 1116 3583 1177 3628; x_wconf 92' lang='lat' dir='ltr'><strong>ut</strong></span> <span class='ocrx_word' id='word_1_435' title='bbox 1209 3571 1672 3643; x_wconf 87' lang='lat' dir='ltr'><strong>quemadmodum</strong></span> <span class='ocrx_word' id='word_1_436' title='bbox 1707 3571 1934 3639; x_wconf 84' lang='lat' dir='ltr'><strong>reliquae</strong></span> 
     </span>
    </p>
   </div>
   <div class='ocr_carea' id='block_1_68' title="bbox 324 3663 1933 3743">
    <p class='ocr_par' dir='ltr' id='par_1_68' title="bbox 324 3663 1933 3743">
     <span class='ocr_line' id='line_1_68' title="bbox 324 3663 1933 3743; baseline -0.012 -7"><span class='ocrx_word' id='word_1_437' title='bbox 324 3680 578 3743; x_wconf 75' lang='lat' dir='ltr'><strong>virtutis,</strong></span> <span class='ocrx_word' id='word_1_438' title='bbox 640 3678 721 3732; x_wconf 91' lang='lat' dir='ltr'><strong>sic</strong></span> <span class='ocrx_word' id='word_1_439' title='bbox 773 3682 828 3727; x_wconf 90' lang='lat' dir='ltr'><strong>et</strong></span> <span class='ocrx_word' id='word_1_440' title='bbox 857 3671 1006 3726; x_wconf 90' lang='lat' dir='ltr'><strong>illius</strong></span> <span class='ocrx_word' id='word_1_441' title='bbox 1058 3666 1257 3723; x_wconf 78' lang='lat' dir='ltr'><strong>divinae</strong></span> <span class='ocrx_word' id='word_1_442' title='bbox 1306 3663 1712 3734; x_wconf 67' lang='lat' dir='ltr'><strong>praedicationis</strong></span> <span class='ocrx_word' id='word_1_443' title='bbox 1769 3674 1933 3732; x_wconf 88' lang='lat' dir='ltr'><strong>atque</strong></span> 
     </span>
    </p>
   </div>
   <div class='ocr_carea' id='block_1_69' title="bbox 326 3753 1935 3830">
    <p class='ocr_par' dir='ltr' id='par_1_69' title="bbox 326 3753 1935 3830">
     <span class='ocr_line' id='line_1_69' title="bbox 326 3753 1935 3830; baseline -0.016 1"><span class='ocrx_word' id='word_1_444' title='bbox 326 3773 597 3830; x_wconf 76' lang='lat' dir='ltr'><strong>doctrinae</strong></span> <span class='ocrx_word' id='word_1_445' title='bbox 618 3768 848 3823; x_wconf 79' lang='lat' dir='ltr'><strong>formam</strong></span> <span class='ocrx_word' id='word_1_446' title='bbox 871 3764 1190 3817; x_wconf 88' lang='lat' dir='ltr'><strong>habeamus.</strong></span> <span class='ocrx_word' id='word_1_447' title='bbox 1205 3756 1466 3824; x_wconf 63' lang='lat' dir='ltr'><strong>Quasnam</strong></span> <span class='ocrx_word' id='word_1_448' title='bbox 1490 3753 1653 3824; x_wconf 84' lang='lat' dir='ltr'><strong>igitur</strong></span> <span class='ocrx_word' id='word_1_449' title='bbox 1670 3754 1935 3808; x_wconf 89' lang='lat' dir='ltr'><strong>sacratior</strong></span> 
     </span>
    </p>
   </div>
   <div class='ocr_carea' id='block_1_70' title="bbox 325 3843 1935 3921">
    <p class='ocr_par' dir='ltr' id='par_1_70' title="bbox 325 3843 1935 3921">
     <span class='ocr_line' id='line_1_70' title="bbox 325 3843 1935 3921; baseline -0.015 -1"><span class='ocrx_word' id='word_1_450' title='bbox 325 3863 581 3921; x_wconf 85' lang='lat' dir='ltr'><strong>doctrina</strong></span> <span class='ocrx_word' id='word_1_451' title='bbox 633 3872 699 3912; x_wconf 90' lang='lat' dir='ltr'><strong>ac</strong></span> <span class='ocrx_word' id='word_1_452' title='bbox 756 3852 1030 3909; x_wconf 85' lang='lat' dir='ltr'><strong>initiatio?</strong></span> <span class='ocrx_word' id='word_1_453' title='bbox 1062 3850 1204 3904; x_wconf 80' lang='lat' dir='ltr'><strong>Deus</strong></span> <span class='ocrx_word' id='word_1_454' title='bbox 1263 3847 1317 3901; x_wconf 90' lang='lat' dir='ltr'><strong>in</strong></span> <span class='ocrx_word' id='word_1_455' title='bbox 1365 3845 1544 3900; x_wconf 86' lang='lat' dir='ltr'><strong>tribus</strong></span> <span class='ocrx_word' id='word_1_456' title='bbox 1572 3843 1935 3915; x_wconf 89' lang='lat' dir='ltr'><strong>personisin-</strong></span> 
     </span>
    </p>
   </div>
   <div class='ocr_carea' id='block_1_71' title="bbox 328 3936 1933 4026">
    <p class='ocr_par' dir='ltr' id='par_1_71' title="bbox 328 3936 1933 4026">
     <span class='ocr_line' id='line_1_71' title="bbox 328 3936 1933 4026; baseline -0.015 -14"><span class='ocrx_word' id='word_1_457' title='bbox 328 3955 618 4026; x_wconf 80' lang='lat' dir='ltr'><strong>telligitur.</strong></span> <span class='ocrx_word' id='word_1_458' title='bbox 650 3950 814 4015; x_wconf 89' lang='lat' dir='ltr'><strong>Deus,</strong></span> <span class='ocrx_word' id='word_1_459' title='bbox 841 3945 932 4018; x_wconf 87' lang='lat' dir='ltr'><strong>qui</strong></span> <span class='ocrx_word' id='word_1_460' title='bbox 960 3944 1222 4016; x_wconf 86' lang='lat' dir='ltr'><strong>primum,</strong></span> <span class='ocrx_word' id='word_1_461' title='bbox 1256 3940 1547 4008; x_wconf 88' lang='lat' dir='ltr'><strong>solumque</strong></span> <span class='ocrx_word' id='word_1_462' title='bbox 1576 3952 1641 3992; x_wconf 90' lang='lat' dir='ltr'><strong>ac</strong></span> <span class='ocrx_word' id='word_1_463' title='bbox 1663 3952 1789 3992; x_wconf 86' lang='lat' dir='ltr'><strong>vere</strong></span> <span class='ocrx_word' id='word_1_464' title='bbox 1840 3936 1933 3991; x_wconf 89' lang='lat' dir='ltr'><strong>sit.</strong></span> 
     </span>
    </p>
   </div>
   <div class='ocr_carea' id='block_1_72' title="bbox 328 4029 1937 4113">
    <p class='ocr_par' dir='ltr' id='par_1_72' title="bbox 328 4029 1937 4113">
     <span class='ocr_line' id='line_1_72' title="bbox 328 4029 1937 4113; baseline -0.014 -9"><span class='ocrx_word' id='word_1_465' title='bbox 328 4048 565 4113; x_wconf 84' lang='lat' dir='ltr'><strong>Sit,non</strong></span> <span class='ocrx_word' id='word_1_466' title='bbox 595 4041 852 4099; x_wconf 84' lang='lat' dir='ltr'><strong>factussit</strong></span> <span class='ocrx_word' id='word_1_467' title='bbox 872 4056 886 4104; x_wconf 89' lang='lat'><strong>;</strong></span> <span class='ocrx_word' id='word_1_468' title='bbox 906 4036 1121 4093; x_wconf 88' lang='lat' dir='ltr'><strong>tametsi</strong></span> <span class='ocrx_word' id='word_1_469' title='bbox 1156 4034 1207 4088; x_wconf 91' lang='lat' dir='ltr'><strong>id</strong></span> <span class='ocrx_word' id='word_1_470' title='bbox 1243 4030 1616 4104; x_wconf 86' lang='lat' dir='ltr'><strong>postea,circa</strong></span> <span class='ocrx_word' id='word_1_471' title='bbox 1648 4029 1849 4084; x_wconf 83' lang='lat' dir='ltr'><strong>Filium</strong></span> <span class='ocrx_word' id='word_1_472' title='bbox 1873 4042 1937 4083; x_wconf 88' lang='lat' dir='ltr'><strong>ac</strong></span> 
     </span>
    </p>
   </div>
   <div class='ocr_carea' id='block_1_73' title="bbox 327 4123 1935 4213">
    <p class='ocr_par' dir='ltr' id='par_1_73' title="bbox 327 4123 1935 4213">
     <span class='ocr_line' id='line_1_73' title="bbox 327 4123 1935 4213; baseline -0.016 -15"><span class='ocrx_word' id='word_1_473' title='bbox 327 4156 500 4213; x_wconf 88' lang='lat' dir='ltr'><strong>quam</strong></span> <span class='ocrx_word' id='word_1_474' title='bbox 520 4135 817 4206; x_wconf 87' lang='lat' dir='ltr'><strong>assumpsit</strong></span> <span class='ocrx_word' id='word_1_475' title='bbox 836 4130 1251 4192; x_wconf 80' lang='lat' dir='ltr'><strong>humanitatem,</strong></span> <span class='ocrx_word' id='word_1_476' title='bbox 1273 4123 1807 4195; x_wconf 82' lang='lat' dir='ltr'><strong>obtigit.Viviticans,</strong></span> <span class='ocrx_word' id='word_1_477' title='bbox 1826 4135 1935 4174; x_wconf 87' lang='lat' dir='ltr'><strong>non</strong></span> 
     </span>
    </p>
   </div>
   <div class='ocr_carea' id='block_1_74' title="bbox 329 4215 1942 4305">
    <p class='ocr_par' dir='ltr' id='par_1_74' title="bbox 329 4215 1942 4305">
     <span class='ocr_line' id='line_1_74' title="bbox 329 4215 1942 4305; baseline -0.014 -17"><span class='ocrx_word' id='word_1_478' title='bbox 329 4233 429 4305; x_wconf 90' lang='lat' dir='ltr'><strong>qui</strong></span> <span class='ocrx_word' id='word_1_479' title='bbox 452 4229 785 4293; x_wconf 77' lang='lat' dir='ltr'><strong>vilivicetur;</strong></span> <span class='ocrx_word' id='word_1_480' title='bbox 806 4224 1143 4283; x_wconf 89' lang='lat' dir='ltr'><strong>illuminans,</strong></span> <span class='ocrx_word' id='word_1_481' title='bbox 1185 4234 1290 4273; x_wconf 90' lang='lat' dir='ltr'><strong>non</strong></span> <span class='ocrx_word' id='word_1_482' title='bbox 1310 4218 1401 4287; x_wconf 82' lang='lat' dir='ltr'><strong>qui</strong></span> <span class='ocrx_word' id='word_1_483' title='bbox 1421 4215 1755 4270; x_wconf 88' lang='lat' dir='ltr'><strong>illuminetur</strong></span> <span class='ocrx_word' id='word_1_484' title='bbox 1779 4229 1795 4281; x_wconf 91' lang='lat'><strong>;</strong></span> <span class='ocrx_word' id='word_1_485' title='bbox 1815 4227 1942 4267; x_wconf 87' lang='lat' dir='ltr'><strong>san-</strong></span> 
     </span>
    </p>
   </div>
   <div class='ocr_carea' id='block_1_75' title="bbox 330 4304 1940 4384">
    <p class='ocr_par' dir='ltr' id='par_1_75' title="bbox 330 4304 1940 4384">
     <span class='ocr_line' id='line_1_75' title="bbox 330 4304 1940 4384; baseline -0.014 -4"><span class='ocrx_word' id='word_1_486' title='bbox 330 4304 812 4383; x_wconf 83' lang='lat' dir='ltr'><strong>ctitateimbuens,</strong></span> <span class='ocrx_word' id='word_1_487' title='bbox 835 4332 941 4370; x_wconf 89' lang='lat' dir='ltr'><strong>non</strong></span> <span class='ocrx_word' id='word_1_488' title='bbox 962 4313 1053 4384; x_wconf 92' lang='lat' dir='ltr'><strong>qui</strong></span> <span class='ocrx_word' id='word_1_489' title='bbox 1075 4310 1351 4366; x_wconf 85' lang='lat' dir='ltr'><strong>imbuatur</strong></span> <span class='ocrx_word' id='word_1_490' title='bbox 1373 4326 1387 4376; x_wconf 91' lang='lat'><strong>;</strong></span> <span class='ocrx_word' id='word_1_491' title='bbox 1409 4306 1660 4379; x_wconf 90' lang='lat' dir='ltr'><strong>principii</strong></span> <span class='ocrx_word' id='word_1_492' title='bbox 1706 4304 1940 4372; x_wconf 77' lang='lat' dir='ltr'><strong>ﬁnisque</strong></span> 
     </span>
    </p>
   </div>
   <div class='ocr_carea' id='block_1_76' title="bbox 330 4388 1938 4485">
    <p class='ocr_par' dir='ltr' id='par_1_76' title="bbox 330 4388 1938 4485">
     <span class='ocr_line' id='line_1_76' title="bbox 330 4388 1938 4485; baseline -0.014 -15"><span class='ocrx_word' id='word_1_493' title='bbox 330 4429 559 4485; x_wconf 82' lang='lat' dir='ltr'><strong>expers,</strong></span> <span class='ocrx_word' id='word_1_494' title='bbox 617 4420 876 4476; x_wconf 81' lang='lat' dir='ltr'><strong>aeternus,</strong></span> <span class='ocrx_word' id='word_1_495' title='bbox 930 4388 1192 4470; x_wconf 87' lang='lat' dir='ltr'><strong>essentia,</strong></span> <span class='ocrx_word' id='word_1_496' title='bbox 1229 4402 1364 4468; x_wconf 79' lang='lat' dir='ltr'><strong>vita,</strong></span> <span class='ocrx_word' id='word_1_497' title='bbox 1414 4398 1618 4454; x_wconf 83' lang='lat' dir='ltr'><strong>(leitate</strong></span> <span class='ocrx_word' id='word_1_498' title='bbox 1651 4395 1938 4467; x_wconf 87' lang='lat' dir='ltr'><strong>superior;</strong></span> 
     </span>
    </p>
   </div>
   <div class='ocr_carea' id='block_1_77' title="bbox 2027 3198 3617 3275">
    <p class='ocr_par' dir='ltr' id='par_1_77' title="bbox 2027 3198 3617 3275">
     <span class='ocr_line' id='line_1_77' title="bbox 2027 3198 3617 3275; baseline -0.004 -17"><span class='ocrx_word' id='word_1_499' title='bbox 2027 3205 2354 3275; x_wconf 90' lang='lat' dir='ltr'><strong>principium</strong></span> <span class='ocrx_word' id='word_1_500' title='bbox 2393 3205 2752 3275; x_wconf 76' lang='lat' dir='ltr'><strong>intelligatur,</strong></span> <span class='ocrx_word' id='word_1_501' title='bbox 2791 3202 2873 3256; x_wconf 68' lang='lat' dir='ltr'><strong>vel</strong></span> <span class='ocrx_word' id='word_1_502' title='bbox 2899 3201 3134 3266; x_wconf 85' lang='lat' dir='ltr'><strong>dicatur,</strong></span> <span class='ocrx_word' id='word_1_503' title='bbox 3168 3210 3359 3254; x_wconf 90' lang='lat' dir='ltr'><strong>auctor</strong></span> <span class='ocrx_word' id='word_1_504' title='bbox 3382 3198 3617 3254; x_wconf 87' lang='lat' dir='ltr'><strong>exsistat</strong></span> 
     </span>
    </p>
   </div>
   <div class='ocr_carea' id='block_1_78' title="bbox 2029 3288 3617 3366">
    <p class='ocr_par' dir='ltr' id='par_1_78' title="bbox 2029 3288 3617 3366">
     <span class='ocr_line' id='line_1_78' title="bbox 2029 3288 3617 3366; baseline -0.004 -16"><span class='ocrx_word' id='word_1_505' title='bbox 2029 3297 2254 3350; x_wconf 89' lang='lat' dir='ltr'><strong>omnino</strong></span> <span class='ocrx_word' id='word_1_506' title='bbox 2314 3296 2547 3366; x_wconf 87' lang='lat' dir='ltr'><strong>primus,</strong></span> <span class='ocrx_word' id='word_1_507' title='bbox 2600 3309 2943 3365; x_wconf 89' lang='lat' dir='ltr'><strong>prorsusque</strong></span> <span class='ocrx_word' id='word_1_508' title='bbox 2993 3291 3299 3361; x_wconf 50' lang='lat' dir='ltr'><strong>originalis.</strong></span> <span class='ocrx_word' id='word_1_509' title='bbox 3359 3288 3617 3345; x_wconf 88' lang='lat' dir='ltr'><strong>Genitum</strong></span> 
     </span>
    </p>
   </div>
   <div class='ocr_carea' id='block_1_79' title="bbox 2027 3385 3619 3458">
    <p class='ocr_par' dir='ltr' id='par_1_79' title="bbox 2027 3385 3619 3458">
     <span class='ocr_line' id='line_1_79' title="bbox 2027 3385 3619 3458; baseline -0.003 -17"><span class='ocrx_word' id='word_1_510' title='bbox 2027 3403 2159 3442; x_wconf 69' lang='lat' dir='ltr'><strong>vero</strong></span> <span class='ocrx_word' id='word_1_511' title='bbox 2195 3388 2419 3450; x_wconf 81' lang='lat' dir='ltr'><strong>Filium,</strong></span> <span class='ocrx_word' id='word_1_512' title='bbox 2457 3398 2719 3458; x_wconf 85' lang='lat' dir='ltr'><strong>tanquam</strong></span> <span class='ocrx_word' id='word_1_513' title='bbox 2759 3386 3000 3440; x_wconf 80' lang='lat' dir='ltr'><strong>Verbum</strong></span> <span class='ocrx_word' id='word_1_514' title='bbox 3052 3395 3216 3455; x_wconf 88' lang='lat' dir='ltr'><strong>atque</strong></span> <span class='ocrx_word' id='word_1_515' title='bbox 3268 3385 3619 3449; x_wconf 80' lang='lat' dir='ltr'><strong>Sermonem,</strong></span> 
     </span>
    </p>
   </div>
   <div class='ocr_carea' id='block_1_80' title="bbox 2037 3473 3620 3544">
    <p class='ocr_par' dir='ltr' id='par_1_80' title="bbox 2037 3473 3620 3544">
     <span class='ocr_line' id='line_1_80' title="bbox 2037 3473 3620 3544; baseline -0.004 -11"><span class='ocrx_word' id='word_1_516' title='bbox 2037 3493 2103 3533; x_wconf 86' lang='lat' dir='ltr'><strong>ex</strong></span> <span class='ocrx_word' id='word_1_517' title='bbox 2137 3478 2298 3533; x_wconf 82' lang='lat' dir='ltr'><strong>Patre</strong></span> <span class='ocrx_word' id='word_1_518' title='bbox 2314 3488 2494 3533; x_wconf 89' lang='lat' dir='ltr'><strong>mente</strong></span> <span class='ocrx_word' id='word_1_519' title='bbox 2517 3488 2729 3532; x_wconf 89' lang='lat' dir='ltr'><strong>natum.</strong></span> <span class='ocrx_word' id='word_1_520' title='bbox 2757 3478 3106 3531; x_wconf 87' lang='lat' dir='ltr'><strong>Processisse</strong></span> <span class='ocrx_word' id='word_1_521' title='bbox 3137 3486 3319 3530; x_wconf 88' lang='lat' dir='ltr'><strong>autem</strong></span> <span class='ocrx_word' id='word_1_522' title='bbox 3354 3473 3620 3544; x_wconf 77' lang='lat' dir='ltr'><strong>Spiritum</strong></span> 
     </span>
    </p>
   </div>
   <div class='ocr_carea' id='block_1_81' title="bbox 2034 3564 3612 3639">
    <p class='ocr_par' dir='ltr' id='par_1_81' title="bbox 2034 3564 3612 3639">
     <span class='ocr_line' id='line_1_81' title="bbox 2034 3564 3612 3639; baseline -0.003 -14"><span class='ocrx_word' id='word_1_523' title='bbox 2034 3580 2309 3639; x_wconf 90' lang='lat' dir='ltr'><strong>sanctum,</strong></span> <span class='ocrx_word' id='word_1_524' title='bbox 2345 3586 2440 3626; x_wconf 91' lang='lat' dir='ltr'><strong>ceu</strong></span> <span class='ocrx_word' id='word_1_525' title='bbox 2474 3585 2666 3625; x_wconf 82' lang='lat' dir='ltr'><strong>verum</strong></span> <span class='ocrx_word' id='word_1_526' title='bbox 2696 3569 2951 3624; x_wconf 68' lang='lat' dir='ltr'><strong>essentia:</strong></span> <span class='ocrx_word' id='word_1_527' title='bbox 2990 3578 3231 3638; x_wconf 79' lang='lat' dir='ltr'><strong>paterna:</strong></span> <span class='ocrx_word' id='word_1_528' title='bbox 3285 3564 3612 3621; x_wconf 84' lang='lat' dir='ltr'><strong>deﬂuvium.</strong></span> 
     </span>
    </p>
   </div>
   <div class='ocr_carea' id='block_1_82' title="bbox 2014 3646 3622 3731">
    <p class='ocr_par' dir='ltr' id='par_1_82' title="bbox 2014 3646 3622 3731">
     <span class='ocr_line' id='line_1_82' title="bbox 2014 3646 3622 3731; baseline -0.004 -12"><span class='ocrx_word' id='word_1_529' title='bbox 2014 3646 2171 3722; x_wconf 38' lang='lat' dir='ltr'><strong>‘Esse</strong></span> <span class='ocrx_word' id='word_1_530' title='bbox 2198 3672 2381 3719; x_wconf 90' lang='lat' dir='ltr'><strong>autem</strong></span> <span class='ocrx_word' id='word_1_531' title='bbox 2413 3664 2557 3718; x_wconf 92' lang='lat' dir='ltr'><strong>sicut</strong></span> <span class='ocrx_word' id='word_1_532' title='bbox 2587 3661 2787 3717; x_wconf 86' lang='lat' dir='ltr'><strong>Filium</strong></span> <span class='ocrx_word' id='word_1_533' title='bbox 2818 3671 3059 3731; x_wconf 67' lang='lat' dir='ltr'><strong>paternae</strong></span> <span class='ocrx_word' id='word_1_534' title='bbox 3107 3659 3298 3715; x_wconf 63' lang='lat' dir='ltr'><strong>formae</strong></span> <span class='ocrx_word' id='word_1_535' title='bbox 3348 3675 3414 3714; x_wconf 91' lang='lat' dir='ltr'><strong>ac</strong></span> <span class='ocrx_word' id='word_1_536' title='bbox 3456 3658 3622 3713; x_wconf 86' lang='lat' dir='ltr'><strong>clari-</strong></span> 
     </span>
    </p>
   </div>
   <div class='ocr_carea' id='block_1_83' title="bbox 2037 3749 3622 3824">
    <p class='ocr_par' dir='ltr' id='par_1_83' title="bbox 2037 3749 3622 3824">
     <span class='ocr_line' id='line_1_83' title="bbox 2037 3749 3622 3824; baseline -0.006 -12"><span class='ocrx_word' id='word_1_537' title='bbox 2037 3758 2187 3823; x_wconf 88' lang='lat' dir='ltr'><strong>tatis,</strong></span> <span class='ocrx_word' id='word_1_538' title='bbox 2212 3756 2291 3810; x_wconf 87' lang='lat' dir='ltr'><strong>sic</strong></span> <span class='ocrx_word' id='word_1_539' title='bbox 2321 3755 2480 3824; x_wconf 81' lang='lat' dir='ltr'><strong>plane</strong></span> <span class='ocrx_word' id='word_1_540' title='bbox 2514 3756 2679 3809; x_wconf 90' lang='lat' dir='ltr'><strong>etiam</strong></span> <span class='ocrx_word' id='word_1_541' title='bbox 2727 3754 2992 3824; x_wconf 87' lang='lat' dir='ltr'><strong>Spiritum</strong></span> <span class='ocrx_word' id='word_1_542' title='bbox 3027 3751 3151 3808; x_wconf 85' lang='lat' dir='ltr'><strong>Filii</strong></span> <span class='ocrx_word' id='word_1_543' title='bbox 3186 3750 3506 3806; x_wconf 79' lang='lat' dir='ltr'><strong>inrariabile</strong></span> <span class='ocrx_word' id='word_1_544' title='bbox 3545 3749 3622 3804; x_wconf 65' lang='lat' dir='ltr'><strong>sic</strong></span> 
     </span>
    </p>
   </div>
   <div class='ocr_carea' id='block_1_84' title="bbox 2038 3841 3622 3917">
    <p class='ocr_par' dir='ltr' id='par_1_84' title="bbox 2038 3841 3622 3917">
     <span class='ocr_line' id='line_1_84' title="bbox 2038 3841 3622 3917; baseline -0.006 -12"><span class='ocrx_word' id='word_1_545' title='bbox 2038 3850 2343 3905; x_wconf 88' lang='lat' dir='ltr'><strong>mulacrum</strong></span> <span class='ocrx_word' id='word_1_546' title='bbox 2368 3848 2470 3917; x_wconf 68' lang='lat' dir='ltr'><strong>(Pi).</strong></span> <span class='ocrx_word' id='word_1_547' title='bbox 2508 3847 2641 3901; x_wconf 80' lang='lat' dir='ltr'><strong>Nam</strong></span> <span class='ocrx_word' id='word_1_548' title='bbox 2673 3846 3135 3916; x_wconf 81' lang='lat' dir='ltr'><strong>quemadmodum</strong></span> <span class='ocrx_word' id='word_1_549' title='bbox 3166 3860 3343 3907; x_wconf 88' lang='lat' dir='ltr'><strong>mens,</strong></span> <span class='ocrx_word' id='word_1_550' title='bbox 3379 3845 3500 3911; x_wconf 85' lang='lat' dir='ltr'><strong>ejus</strong></span> <span class='ocrx_word' id='word_1_551' title='bbox 3526 3841 3622 3910; x_wconf 89' lang='lat' dir='ltr'><strong>qui</strong></span> 
     </span>
    </p>
   </div>
   <div class='ocr_carea' id='block_1_85' title="bbox 2037 3931 3621 3999">
    <p class='ocr_par' dir='ltr' id='par_1_85' title="bbox 2037 3931 3621 3999">
     <span class='ocr_line' id='line_1_85' title="bbox 2037 3931 3621 3999; baseline -0.004 -7"><span class='ocrx_word' id='word_1_552' title='bbox 2037 3937 2094 3993; x_wconf 87' lang='lat' dir='ltr'><strong>in</strong></span> <span class='ocrx_word' id='word_1_553' title='bbox 2140 3937 2300 3991; x_wconf 86' lang='lat' dir='ltr'><strong>nobis</strong></span> <span class='ocrx_word' id='word_1_554' title='bbox 2348 3936 2601 3989; x_wconf 88' lang='lat' dir='ltr'><strong>internus</strong></span> <span class='ocrx_word' id='word_1_555' title='bbox 2654 3949 2837 3988; x_wconf 86' lang='lat' dir='ltr'><strong>sermo</strong></span> <span class='ocrx_word' id='word_1_556' title='bbox 2883 3945 2986 3993; x_wconf 82' lang='lat' dir='ltr'><strong>est,</strong></span> <span class='ocrx_word' id='word_1_557' title='bbox 3038 3932 3187 3987; x_wconf 75' lang='lat' dir='ltr'><strong>velut</strong></span> <span class='ocrx_word' id='word_1_558' title='bbox 3232 3932 3355 3986; x_wconf 81' lang='lat' dir='ltr'><strong>fons</strong></span> <span class='ocrx_word' id='word_1_559' title='bbox 3385 3931 3621 3999; x_wconf 83' lang='lat' dir='ltr'><strong>exsistit,</strong></span> 
     </span>
    </p>
   </div>
   <div class='ocr_carea' id='block_1_86' title="bbox 2039 4024 3621 4099">
    <p class='ocr_par' dir='ltr' id='par_1_86' title="bbox 2039 4024 3621 4099">
     <span class='ocr_line' id='line_1_86' title="bbox 2039 4024 3621 4099; baseline -0.004 -14"><span class='ocrx_word' id='word_1_560' title='bbox 2039 4030 2341 4099; x_wconf 88' lang='lat' dir='ltr'><strong>eademque</strong></span> <span class='ocrx_word' id='word_1_561' title='bbox 2373 4029 2488 4098; x_wconf 90' lang='lat' dir='ltr'><strong>ipsa</strong></span> <span class='ocrx_word' id='word_1_562' title='bbox 2515 4027 2681 4081; x_wconf 84' lang='lat' dir='ltr'><strong>etiam</strong></span> <span class='ocrx_word' id='word_1_563' title='bbox 2716 4024 2986 4080; x_wconf 90' lang='lat' dir='ltr'><strong>sermonis</strong></span> <span class='ocrx_word' id='word_1_564' title='bbox 3038 4024 3130 4095; x_wconf 88' lang='lat' dir='ltr'><strong>qui</strong></span> <span class='ocrx_word' id='word_1_565' title='bbox 3167 4040 3263 4080; x_wconf 88' lang='lat' dir='ltr'><strong>ore</strong></span> <span class='ocrx_word' id='word_1_566' title='bbox 3320 4024 3621 4094; x_wconf 63' lang='lat' dir='ltr'><strong>profertur,</strong></span> 
     </span>
    </p>
   </div>
   <div class='ocr_carea' id='block_1_87' title="bbox 2040 4107 3621 4187">
    <p class='ocr_par' dir='ltr' id='par_1_87' title="bbox 2040 4107 3621 4187">
     <span class='ocr_line' id='line_1_87' title="bbox 2040 4107 3621 4187; baseline -0.005 -12"><span class='ocrx_word' id='word_1_567' title='bbox 2040 4136 2105 4175; x_wconf 90' lang='lat' dir='ltr'><strong>ac</strong></span> <span class='ocrx_word' id='word_1_568' title='bbox 2145 4133 2369 4174; x_wconf 86' lang='lat' dir='ltr'><strong>sensum</strong></span> <span class='ocrx_word' id='word_1_569' title='bbox 2411 4117 2603 4187; x_wconf 75' lang='lat' dir='ltr'><strong>tangit,</strong></span> <span class='ocrx_word' id='word_1_570' title='bbox 2633 4126 2826 4169; x_wconf 85' lang='lat' dir='ltr'><strong>auctor</strong></span> <span class='ocrx_word' id='word_1_571' title='bbox 2876 4124 2994 4181; x_wconf 89' lang='lat' dir='ltr'><strong>est;</strong></span> <span class='ocrx_word' id='word_1_572' title='bbox 3051 4130 3239 4168; x_wconf 78' lang='lat' dir='ltr'><strong>verum</strong></span> <span class='ocrx_word' id='word_1_573' title='bbox 3294 4107 3621 4184; x_wconf 72' lang='lat' dir='ltr'><strong>concepium</strong></span> 
     </span>
    </p>
   </div>
   <div class='ocr_carea' id='block_1_88' title="bbox 2042 4207 3628 4282">
    <p class='ocr_par' dir='ltr' id='par_1_88' title="bbox 2042 4207 3628 4282">
     <span class='ocr_line' id='line_1_88' title="bbox 2042 4207 3628 4282; baseline -0.002 -16"><span class='ocrx_word' id='word_1_574' title='bbox 2042 4212 2283 4282; x_wconf 89' lang='lat' dir='ltr'><strong>quidem,</strong></span> <span class='ocrx_word' id='word_1_575' title='bbox 2319 4211 2466 4265; x_wconf 85' lang='lat' dir='ltr'><strong>velut</strong></span> <span class='ocrx_word' id='word_1_576' title='bbox 2518 4210 2603 4263; x_wconf 90' lang='lat' dir='ltr'><strong>sui</strong></span> <span class='ocrx_word' id='word_1_577' title='bbox 2641 4209 2827 4262; x_wconf 74' lang='lat' dir='ltr'><strong>Vivum</strong></span> <span class='ocrx_word' id='word_1_578' title='bbox 2879 4207 3235 4261; x_wconf 88' lang='lat' dir='ltr'><strong>simulacrum</strong></span> <span class='ocrx_word' id='word_1_579' title='bbox 3279 4207 3507 4278; x_wconf 76' lang='lat' dir='ltr'><strong>mystice</strong></span> <span class='ocrx_word' id='word_1_580' title='bbox 3560 4220 3628 4263; x_wconf 86' lang='lat' dir='ltr'><strong>ac</strong></span> 
     </span>
    </p>
   </div>
   <div class='ocr_carea' id='block_1_89' title="bbox 2043 4300 3624 4373">
    <p class='ocr_par' dir='ltr' id='par_1_89' title="bbox 2043 4300 3624 4373">
     <span class='ocr_line' id='line_1_89' title="bbox 2043 4300 3624 4373; baseline -0.006 -14"><span class='ocrx_word' id='word_1_581' title='bbox 2043 4311 2256 4359; x_wconf 85' lang='lat' dir='ltr'><strong>secreto</strong></span> <span class='ocrx_word' id='word_1_582' title='bbox 2284 4301 2490 4373; x_wconf 81' lang='lat' dir='ltr'><strong>gignit;</strong></span> <span class='ocrx_word' id='word_1_583' title='bbox 2523 4313 2823 4372; x_wconf 86' lang='lat' dir='ltr'><strong>conceptus</strong></span> <span class='ocrx_word' id='word_1_584' title='bbox 2853 4315 2981 4355; x_wconf 78' lang='lat' dir='ltr'><strong>vero</strong></span> <span class='ocrx_word' id='word_1_585' title='bbox 3019 4315 3215 4355; x_wconf 90' lang='lat' dir='ltr'><strong>rursus</strong></span> <span class='ocrx_word' id='word_1_586' title='bbox 3243 4300 3624 4365; x_wconf 87' lang='lat' dir='ltr'><strong>simulacrum,</strong></span> 
     </span>
    </p>
   </div>
   <div class='ocr_carea' id='block_1_90' title="bbox 2046 4391 3628 4462">
    <p class='ocr_par' dir='ltr' id='par_1_90' title="bbox 2046 4391 3628 4462">
     <span class='ocr_line' id='line_1_90' title="bbox 2046 4391 3628 4462; baseline -0.004 -10"><span class='ocrx_word' id='word_1_587' title='bbox 2046 4409 2353 4452; x_wconf 87' lang='lat' dir='ltr'><strong>sermonem</strong></span> <span class='ocrx_word' id='word_1_588' title='bbox 2387 4393 2617 4458; x_wconf 79' lang='lat' dir='ltr'><strong>scilicet,</strong></span> <span class='ocrx_word' id='word_1_589' title='bbox 2670 4391 2881 4462; x_wconf 79' lang='lat' dir='ltr'><strong>profert</strong></span> <span class='ocrx_word' id='word_1_590' title='bbox 2942 4407 3005 4446; x_wconf 89' lang='lat' dir='ltr'><strong>ac</strong></span> <span class='ocrx_word' id='word_1_591' title='bbox 3044 4391 3159 4445; x_wconf 88' lang='lat' dir='ltr'><strong>edit</strong></span> <span class='ocrx_word' id='word_1_592' title='bbox 3192 4410 3204 4443; x_wconf 89' lang='lat'>:</span> <span class='ocrx_word' id='word_1_593' title='bbox 3241 4392 3312 4444; x_wconf 89' lang='lat' dir='ltr'><strong>ita</strong></span> <span class='ocrx_word' id='word_1_594' title='bbox 3345 4407 3501 4445; x_wconf 84' lang='lat' dir='ltr'><strong>mens</strong></span> <span class='ocrx_word' id='word_1_595' title='bbox 3536 4391 3628 4445; x_wconf 87' lang='lat' dir='ltr'><strong>illa</strong></span> 
     </span>
    </p>
   </div>
   <div class='ocr_carea' id='block_1_91' title="bbox 332 4483 3630 4565">
    <p class='ocr_par' dir='ltr' id='par_1_91' title="bbox 332 4483 3630 4565">
     <span class='ocr_line' id='line_1_91' title="bbox 332 4483 3630 4565; baseline -0.008 -2"><span class='ocrx_word' id='word_1_596' title='bbox 332 4483 526 4565; x_wconf 75' lang='lat' dir='ltr'><strong>omnis</strong></span> <span class='ocrx_word' id='word_1_597' title='bbox 586 4503 839 4560; x_wconf 75' lang='lat' dir='ltr'><strong>essentia:</strong></span> <span class='ocrx_word' id='word_1_598' title='bbox 882 4498 1159 4561; x_wconf 90' lang='lat' dir='ltr'><strong>conditor,</strong></span> <span class='ocrx_word' id='word_1_599' title='bbox 1211 4494 1392 4551; x_wconf 90' lang='lat' dir='ltr'><strong>omnis</strong></span> <span class='ocrx_word' id='word_1_600' title='bbox 1440 4492 1698 4563; x_wconf 86' lang='lat' dir='ltr'><strong>potentiae</strong></span> <span class='ocrx_word' id='word_1_601' title='bbox 1745 4489 1932 4556; x_wconf 86' lang='lat' dir='ltr'><strong>robur,</strong></span> <span class='ocrx_word' id='word_1_602' title='bbox 1967 4483 2015 4545; x_wconf 78' lang='grc' dir='ltr'><strong>Ι)</strong></span> <span class='ocrx_word' id='word_1_603' title='bbox 2042 4487 2190 4543; x_wconf 84' lang='lat' dir='ltr'><strong>onmi</strong></span> <span class='ocrx_word' id='word_1_604' title='bbox 2222 4485 2399 4556; x_wconf 85' lang='lat' dir='ltr'><strong>major</strong></span> <span class='ocrx_word' id='word_1_605' title='bbox 2450 4486 2713 4555; x_wconf 81' lang='lat' dir='ltr'><strong>cogitatu,</strong></span> <span class='ocrx_word' id='word_1_606' title='bbox 2758 4484 3064 4554; x_wconf 81' lang='lat' dir='ltr'><strong>primaque,</strong></span> <span class='ocrx_word' id='word_1_607' title='bbox 3108 4491 3375 4552; x_wconf 90' lang='lat' dir='ltr'><strong>quantum</strong></span> <span class='ocrx_word' id='word_1_608' title='bbox 3415 4499 3483 4537; x_wconf 78' lang='lat' dir='ltr'><strong>cx</strong></span> <span class='ocrx_word' id='word_1_609' title='bbox 3538 4499 3630 4537; x_wconf 89' lang='lat' dir='ltr'><strong>re-</strong></span> 
     </span>
    </p>
   </div>
   <div class='ocr_carea' id='block_1_92' title="bbox 324 4581 1935 4660">
    <p class='ocr_par' dir='ltr' id='par_1_92' title="bbox 324 4581 1935 4660">
     <span class='ocr_line' id='line_1_92' title="bbox 324 4581 1935 4660; baseline -0.013 -3"><span class='ocrx_word' id='word_1_610' title='bbox 324 4598 521 4657; x_wconf 89' lang='lat' dir='ltr'><strong>omnis</strong></span> <span class='ocrx_word' id='word_1_611' title='bbox 546 4581 703 4651; x_wconf 82' lang='lat' dir='ltr'><strong>actus</strong></span> <span class='ocrx_word' id='word_1_612' title='bbox 747 4593 1073 4660; x_wconf 86' lang='lat' dir='ltr'><strong>alllatusque</strong></span> <span class='ocrx_word' id='word_1_613' title='bbox 1098 4586 1356 4653; x_wconf 83' lang='lat' dir='ltr'><strong>effector;</strong></span> <span class='ocrx_word' id='word_1_614' title='bbox 1386 4585 1656 4647; x_wconf 86' lang='lat' dir='ltr'><strong>omnium,</strong></span> <span class='ocrx_word' id='word_1_615' title='bbox 1681 4581 1935 4637; x_wconf 61' lang='lat' dir='ltr'><strong>universe</strong></span> 
     </span>
    </p>
   </div>
   <div class='ocr_carea' id='block_1_93' title="bbox 326 4673 1931 4759">
    <p class='ocr_par' dir='ltr' id='par_1_93' title="bbox 326 4673 1931 4759">
     <span class='ocr_line' id='line_1_93' title="bbox 326 4673 1931 4759; baseline -0.012 -13"><span class='ocrx_word' id='word_1_616' title='bbox 326 4688 636 4759; x_wconf 87' lang='lat' dir='ltr'><strong>loquendo,</strong></span> <span class='ocrx_word' id='word_1_617' title='bbox 670 4700 866 4741; x_wconf 87' lang='lat' dir='ltr'><strong>eorum</strong></span> <span class='ocrx_word' id='word_1_618' title='bbox 889 4698 1011 4754; x_wconf 85' lang='lat' dir='ltr'><strong>quae</strong></span> <span class='ocrx_word' id='word_1_619' title='bbox 1044 4687 1195 4742; x_wconf 87' lang='lat' dir='ltr'><strong>sunt,</strong></span> <span class='ocrx_word' id='word_1_620' title='bbox 1222 4675 1640 4737; x_wconf 80' lang='lat' dir='ltr'><strong>intellectilium,</strong></span> <span class='ocrx_word' id='word_1_621' title='bbox 1664 4673 1931 4728; x_wconf 90' lang='lat' dir='ltr'><strong>utentium</strong></span> 
     </span>
    </p>
   </div>
   <div class='ocr_carea' id='block_1_94' title="bbox 328 4766 1932 4847">
    <p class='ocr_par' dir='ltr' id='par_1_94' title="bbox 328 4766 1932 4847">
     <span class='ocr_line' id='line_1_94' title="bbox 328 4766 1932 4847; baseline -0.012 -8"><span class='ocrx_word' id='word_1_622' title='bbox 328 4785 581 4847; x_wconf 85' lang='lat' dir='ltr'><strong>ratione,</strong></span> <span class='ocrx_word' id='word_1_623' title='bbox 613 4777 894 4835; x_wconf 91' lang='lat' dir='ltr'><strong>sensilium</strong></span> <span class='ocrx_word' id='word_1_624' title='bbox 940 4788 1138 4830; x_wconf 89' lang='lat' dir='ltr'><strong>causas</strong></span> <span class='ocrx_word' id='word_1_625' title='bbox 1174 4769 1530 4824; x_wconf 81' lang='lat' dir='ltr'><strong>uniformiter</strong></span> <span class='ocrx_word' id='word_1_626' title='bbox 1566 4782 1630 4821; x_wconf 89' lang='lat' dir='ltr'><strong>ac</strong></span> <span class='ocrx_word' id='word_1_627' title='bbox 1690 4766 1932 4835; x_wconf 84' lang='lat' dir='ltr'><strong>comple-</strong></span> 
     </span>
    </p>
   </div>
   <div class='ocr_carea' id='block_1_95' title="bbox 290 4864 1187 4939">
    <p class='ocr_par' dir='ltr' id='par_1_95' title="bbox 290 4864 1187 4939">
     <span class='ocr_line' id='line_1_95' title="bbox 290 4864 1187 4939; baseline -0.016 -9"><span class='ocrx_word' id='word_1_628' title='bbox 290 4888 299 4895; x_wconf 79' lang='lat'><strong><em>‘</em></strong></span> <span class='ocrx_word' id='word_1_629' title='bbox 330 4874 509 4929; x_wconf 75' lang='lat' dir='ltr'><strong>xione</strong></span> <span class='ocrx_word' id='word_1_630' title='bbox 541 4870 597 4925; x_wconf 92' lang='lat' dir='ltr'><strong>in</strong></span> <span class='ocrx_word' id='word_1_631' title='bbox 630 4871 815 4939; x_wconf 85' lang='lat' dir='ltr'><strong>seipse</strong></span> <span class='ocrx_word' id='word_1_632' title='bbox 840 4864 1187 4938; x_wconf 69' lang='lat' dir='ltr'><strong>praehabens.</strong></span> 
     </span>
    </p>
   </div>
   <div class='ocr_carea' id='block_1_96' title="bbox 414 4949 1930 5031">
    <p class='ocr_par' dir='ltr' id='par_1_96' title="bbox 414 4949 1930 5031">
     <span class='ocr_line' id='line_1_96' title="bbox 414 4949 1930 5031; baseline -0.011 -14"><span class='ocrx_word' id='word_1_633' title='bbox 414 4961 704 5031; x_wconf 86' lang='lat' dir='ltr'><strong>Nullisque</strong></span> <span class='ocrx_word' id='word_1_634' title='bbox 735 4958 917 5013; x_wconf 87' lang='lat' dir='ltr'><strong>adhuc</strong></span> <span class='ocrx_word' id='word_1_635' title='bbox 941 4956 1105 5010; x_wconf 90' lang='lat' dir='ltr'><strong>rebus</strong></span> <span class='ocrx_word' id='word_1_636' title='bbox 1133 4953 1186 5008; x_wconf 89' lang='lat' dir='ltr'><strong>in</strong></span> <span class='ocrx_word' id='word_1_637' title='bbox 1220 4962 1476 5007; x_wconf 89' lang='lat' dir='ltr'><strong>naturam</strong></span> <span class='ocrx_word' id='word_1_638' title='bbox 1523 4949 1812 5021; x_wconf 87' lang='lat' dir='ltr'><strong>productis</strong></span> <span class='ocrx_word' id='word_1_639' title='bbox 1843 4956 1930 5002; x_wconf 86' lang='lat' dir='ltr'><strong>at-</strong></span> 
     </span>
    </p>
   </div>
   <div class='ocr_carea' id='block_1_97' title="bbox 330 5036 1934 5127">
    <p class='ocr_par' dir='ltr' id='par_1_97' title="bbox 330 5036 1934 5127">
     <span class='ocr_line' id='line_1_97' title="bbox 330 5036 1934 5127; baseline -0.012 -19"><span class='ocrx_word' id='word_1_640' title='bbox 330 5068 453 5127; x_wconf 86' lang='lat' dir='ltr'><strong>que</strong></span> <span class='ocrx_word' id='word_1_641' title='bbox 500 5052 683 5116; x_wconf 88' lang='lat' dir='ltr'><strong>editis,</strong></span> <span class='ocrx_word' id='word_1_642' title='bbox 742 5057 866 5103; x_wconf 92' lang='lat' dir='ltr'><strong>erat</strong></span> <span class='ocrx_word' id='word_1_643' title='bbox 922 5047 1014 5100; x_wconf 83' lang='lat' dir='ltr'><strong>lux</strong></span> <span class='ocrx_word' id='word_1_644' title='bbox 1058 5059 1183 5098; x_wconf 84' lang='lat' dir='ltr'><strong>vera</strong></span> <span class='ocrx_word' id='word_1_645' title='bbox 1234 5058 1297 5096; x_wconf 88' lang='lat' dir='ltr'><strong>ac</strong></span> <span class='ocrx_word' id='word_1_646' title='bbox 1349 5041 1546 5112; x_wconf 88' lang='lat' dir='ltr'><strong>prima,</strong></span> <span class='ocrx_word' id='word_1_647' title='bbox 1584 5039 1744 5094; x_wconf 81' lang='lat' dir='ltr'><strong>Pater</strong></span> <span class='ocrx_word' id='word_1_648' title='bbox 1772 5036 1934 5092; x_wconf 84' lang='lat' dir='ltr'><strong>lumi-</strong></span> 
     </span>
    </p>
   </div>
   <div class='ocr_carea' id='block_1_98' title="bbox 336 5127 1935 5211">
    <p class='ocr_par' dir='ltr' id='par_1_98' title="bbox 336 5127 1935 5211">
     <span class='ocr_line' id='line_1_98' title="bbox 336 5127 1935 5211; baseline -0.009 -14"><span class='ocrx_word' id='word_1_649' title='bbox 336 5159 477 5199; x_wconf 92' lang='lat' dir='ltr'><strong>num</strong></span> <span class='ocrx_word' id='word_1_650' title='bbox 514 5140 582 5208; x_wconf 79' lang='grc'><strong>⁸⁸,</strong></span> <span class='ocrx_word' id='word_1_651' title='bbox 610 5156 675 5196; x_wconf 82' lang='lat' dir='ltr'><strong>ex</strong></span> <span class='ocrx_word' id='word_1_652' title='bbox 702 5154 812 5211; x_wconf 90' lang='lat' dir='ltr'><strong>quo</strong></span> <span class='ocrx_word' id='word_1_653' title='bbox 836 5133 1184 5192; x_wconf 70' lang='lat' dir='ltr'><strong>antesarcula</strong></span> <span class='ocrx_word' id='word_1_654' title='bbox 1216 5129 1387 5185; x_wconf 86' lang='lat' dir='ltr'><strong>Filius</strong></span> <span class='ocrx_word' id='word_1_655' title='bbox 1405 5146 1469 5185; x_wconf 89' lang='lat' dir='ltr'><strong>ac</strong></span> <span class='ocrx_word' id='word_1_656' title='bbox 1498 5127 1738 5184; x_wconf 76' lang='lat' dir='ltr'><strong>Verbum</strong></span> <span class='ocrx_word' id='word_1_657' title='bbox 1762 5127 1935 5197; x_wconf 89' lang='lat' dir='ltr'><strong>prima</strong></span> 
     </span>
    </p>
   </div>
   <div class='ocr_carea' id='block_1_99' title="bbox 335 5222 1935 5304">
    <p class='ocr_par' dir='ltr' id='par_1_99' title="bbox 335 5222 1935 5304">
     <span class='ocr_line' id='line_1_99' title="bbox 335 5222 1935 5304; baseline -0.011 -13"><span class='ocrx_word' id='word_1_658' title='bbox 335 5235 602 5293; x_wconf 88' lang='lat' dir='ltr'><strong>similiter</strong></span> <span class='ocrx_word' id='word_1_659' title='bbox 630 5247 871 5304; x_wconf 84' lang='lat' dir='ltr'><strong>veraque</strong></span> <span class='ocrx_word' id='word_1_660' title='bbox 910 5231 1001 5284; x_wconf 88' lang='lat' dir='ltr'><strong>lux</strong></span> <span class='ocrx_word' id='word_1_661' title='bbox 1039 5226 1241 5285; x_wconf 86' lang='lat' dir='ltr'><strong>eximie</strong></span> <span class='ocrx_word' id='word_1_662' title='bbox 1291 5225 1549 5294; x_wconf 72' lang='lat' dir='ltr'><strong>elTulget;</strong></span> <span class='ocrx_word' id='word_1_663' title='bbox 1588 5222 1935 5291; x_wconf 84' lang='lat' dir='ltr'><strong>incorporea,</strong></span> 
     </span>
    </p>
   </div>
   <div class='ocr_carea' id='block_1_100' title="bbox 438 5414 1666 5491">
    <p class='ocr_par' dir='ltr' id='par_1_100' title="bbox 438 5414 1666 5491">
     <span class='ocr_line' id='line_1_100' title="bbox 438 5414 1666 5491; baseline -0.016 -3"><span class='ocrx_word' id='word_1_664' title='bbox 438 5431 486 5464; x_wconf 81' lang='lat'>“</span> <span class='ocrx_word' id='word_1_665' title='bbox 520 5427 669 5488; x_wconf 84' lang='lat' dir='ltr'><strong>Psal.</strong></span> <span class='ocrx_word' id='word_1_666' title='bbox 700 5442 936 5491; x_wconf 81' lang='lat' dir='ltr'><strong>Lxxxm,</strong></span> <span class='ocrx_word' id='word_1_667' title='bbox 967 5423 1021 5481; x_wconf 84' lang='lat'><strong>6.</strong></span> <span class='ocrx_word' id='word_1_668' title='bbox 1100 5423 1147 5456; x_wconf 83' lang='grc'><strong>⁸⁷</strong></span> <span class='ocrx_word' id='word_1_669' title='bbox 1180 5420 1318 5478; x_wconf 89' lang='lat' dir='ltr'><strong>Gen.</strong></span> <span class='ocrx_word' id='word_1_670' title='bbox 1345 5433 1539 5473; x_wconf 78' lang='lat' dir='ltr'><strong>xxvm.</strong></span> <span class='ocrx_word' id='word_1_671' title='bbox 1581 5414 1666 5469; x_wconf 77' lang='grc'><strong>15.</strong></span> 
     </span>
    </p>
   </div>
   <div class='ocr_carea' id='block_1_101' title="bbox 443 5635 1228 5713">
    <p class='ocr_par' dir='ltr' id='par_1_101' title="bbox 443 5635 1228 5713">
     <span class='ocr_line' id='line_1_101' title="bbox 443 5635 1228 5713; baseline -0.013 -14"><span class='ocrx_word' id='word_1_672' title='bbox 443 5645 672 5713; x_wconf 72' lang='lat' dir='ltr'><strong>3)Greg.</strong></span> <span class='ocrx_word' id='word_1_673' title='bbox 706 5650 850 5697; x_wconf 88' lang='lat' dir='ltr'><strong>orat.</strong></span> <span class='ocrx_word' id='word_1_674' title='bbox 883 5639 1059 5713; x_wconf 24' lang='lat' dir='ltr'><strong>l3,‘p.</strong></span> <span class='ocrx_word' id='word_1_675' title='bbox 1101 5635 1228 5689; x_wconf 67' lang='grc' dir='ltr'><strong>ειι.</strong></span> 
     </span>
    </p>
   </div>
   <div class='ocr_carea' id='block_1_102' title="bbox 416 5648 1034 5857">
    <p class='ocr_par' dir='ltr' id='par_1_102' title="bbox 416 5648 1034 5857">
     <span class='ocr_line' id='line_1_102' title="bbox 443 5648 1034 5713; baseline -0.012 -14"><span class='ocrx_word' id='word_1_676' title='bbox 443 5648 672 5713; x_wconf 71' lang='lat' dir='ltr'><strong>3)Greg.</strong></span> <span class='ocrx_word' id='word_1_677' title='bbox 706 5650 850 5697; x_wconf 88' lang='lat' dir='ltr'><strong>orat.</strong></span> <span class='ocrx_word' id='word_1_678' title='bbox 883 5648 970 5702; x_wconf 75' lang='grc'><strong>15,</strong></span> <span class='ocrx_word' id='word_1_679' title='bbox 1004 5654 1034 5708; x_wconf 91' lang='lat' dir='ltr'><strong>p</strong></span> 
     </span>
     <span class='ocr_line' id='line_1_103' title="bbox 416 5648 1034 5857; baseline -0.011 -87"><span class='ocrx_word' id='word_1_680' title='bbox 416 5648 497 5857; x_wconf 47' lang='lat'><strong>£5;</strong></span> <span class='ocrx_word' id='word_1_681' title='bbox 525 5714 679 5769; x_wconf 83' lang='lat' dir='ltr'><strong>Orat.</strong></span> <span class='ocrx_word' id='word_1_682' title='bbox 717 5712 821 5796; x_wconf 38' lang='lat'><strong>37,.</strong></span> <span class='ocrx_word' id='word_1_683' title='bbox 842 5727 874 5780; x_wconf 78' lang='grc' dir='ltr'><strong>ι)</strong></span> <span class='ocrx_word' id='word_1_684' title='bbox 908 5711 1034 5791; x_wconf 63' lang='lat' dir='ltr'><strong>(Sil.</strong></span> 
     </span>
     <span class='ocr_line' id='line_1_104' title="bbox 439 5781 1034 5847; baseline -0.013 -6"><span class='ocrx_word' id='word_1_685' title='bbox 439 5786 474 5841; x_wconf 87' lang='lat'><strong>5</strong></span> <span class='ocrx_word' id='word_1_686' title='bbox 527 5784 604 5842; x_wconf 90' lang='lat' dir='ltr'><strong>Ita</strong></span> <span class='ocrx_word' id='word_1_687' title='bbox 632 5781 746 5839; x_wconf 77' lang='lat' dir='ltr'><strong>fere</strong></span> <span class='ocrx_word' id='word_1_688' title='bbox 783 5785 981 5847; x_wconf 69' lang='lat' dir='ltr'><strong>Graecu,</strong></span> <span class='ocrx_word' id='word_1_689' title='bbox 1008 5795 1034 5833; x_wconf 89' lang='lat' dir='ltr'><strong>n</strong></span> 
     </span>
    </p>
   </div>
   <div class='ocr_carea' id='block_1_103' title="bbox 439 5742 1940 5847">
    <p class='ocr_par' dir='ltr' id='par_1_103' title="bbox 439 5742 1940 5847">
     <span class='ocr_line' id='line_1_105' title="bbox 439 5742 1940 5847; baseline -0.015 -6"><span class='ocrx_word' id='word_1_690' title='bbox 525 5742 1116 5847; x_wconf 46' lang='lat' dir='ltr'><strong>itanierzlt’ir’ae‘ci&#39;,lnon</strong></span> <span class='ocrx_word' id='word_1_691' title='bbox 1141 5774 1301 5832; x_wconf 77' lang='lat' dir='ltr'><strong>facile</strong></span> <span class='ocrx_word' id='word_1_692' title='bbox 1330 5771 1535 5837; x_wconf 89' lang='lat' dir='ltr'><strong>Latini,</strong></span> <span class='ocrx_word' id='word_1_693' title='bbox 1569 5742 1773 5839; x_wconf 75' lang='lat' dir='ltr'><strong>quibus</strong></span> <span class='ocrx_word' id='word_1_694' title='bbox 1810 5765 1940 5837; x_wconf 87' lang='lat' dir='ltr'><strong>Spi-</strong></span> 
     </span>
    </p>
   </div>
   <div class='ocr_carea' id='block_1_104' title="bbox 1818 5409 2218 5477">
    <p class='ocr_par' dir='ltr' id='par_1_104' title="bbox 1818 5409 2218 5477">
     <span class='ocr_line' id='line_1_106' title="bbox 1818 5409 2218 5477; baseline -0.01 -9"><span class='ocrx_word' id='word_1_695' title='bbox 1818 5410 1865 5445; x_wconf 80' lang='grc'><strong>⁶⁸</strong></span> <span class='ocrx_word' id='word_1_696' title='bbox 1898 5410 2016 5467; x_wconf 85' lang='lat' dir='ltr'><strong>Jac.</strong></span> <span class='ocrx_word' id='word_1_697' title='bbox 2056 5426 2094 5477; x_wconf 86' lang='grc' dir='ltr'><strong>ι,</strong></span> <span class='ocrx_word' id='word_1_698' title='bbox 2131 5409 2218 5464; x_wconf 84' lang='grc'><strong>17.</strong></span> 
     </span>
    </p>
   </div>
   <div class='ocr_carea' id='block_1_105' title="bbox 2044 4572 3629 4647">
    <p class='ocr_par' dir='ltr' id='par_1_105' title="bbox 2044 4572 3629 4647">
     <span class='ocr_line' id='line_1_107' title="bbox 2044 4572 3629 4647; baseline -0.003 -15"><span class='ocrx_word' id='word_1_699' title='bbox 2044 4579 2147 4633; x_wconf 89' lang='lat' dir='ltr'><strong>bus</strong></span> <span class='ocrx_word' id='word_1_700' title='bbox 2178 4577 2394 4647; x_wconf 78' lang='lat' dir='ltr'><strong>exiguis</strong></span> <span class='ocrx_word' id='word_1_701' title='bbox 2425 4575 2551 4631; x_wconf 85' lang='lat' dir='ltr'><strong>licet</strong></span> <span class='ocrx_word' id='word_1_702' title='bbox 2590 4589 2712 4645; x_wconf 76' lang='lat' dir='ltr'><strong>qua:</strong></span> <span class='ocrx_word' id='word_1_703' title='bbox 2746 4583 2875 4629; x_wconf 91' lang='lat' dir='ltr'><strong>sunt</strong></span> <span class='ocrx_word' id='word_1_704' title='bbox 2900 4573 3138 4628; x_wconf 82' lang='lat' dir='ltr'><strong>maxima</strong></span> <span class='ocrx_word' id='word_1_705' title='bbox 3186 4572 3483 4643; x_wconf 88' lang='lat' dir='ltr'><strong>conjicere,</strong></span> <span class='ocrx_word' id='word_1_706' title='bbox 3509 4574 3629 4627; x_wconf 84' lang='lat' dir='ltr'><strong>vcl-</strong></span> 
     </span>
    </p>
   </div>
   <div class='ocr_carea' id='block_1_106' title="bbox 2043 4664 3630 4731">
    <p class='ocr_par' dir='ltr' id='par_1_106' title="bbox 2043 4664 3630 4731">
     <span class='ocr_line' id='line_1_108' title="bbox 2043 4664 3630 4731; baseline -0.003 -8"><span class='ocrx_word' id='word_1_707' title='bbox 2043 4678 2102 4723; x_wconf 90' lang='lat' dir='ltr'><strong>ut</strong></span> <span class='ocrx_word' id='word_1_708' title='bbox 2140 4667 2305 4720; x_wconf 90' lang='lat' dir='ltr'><strong>alium</strong></span> <span class='ocrx_word' id='word_1_709' title='bbox 2346 4681 2425 4731; x_wconf 92' lang='lat' dir='ltr'><strong>se,</strong></span> <span class='ocrx_word' id='word_1_710' title='bbox 2480 4666 2754 4731; x_wconf 87' lang='lat' dir='ltr'><strong>innatum,</strong></span> <span class='ocrx_word' id='word_1_711' title='bbox 2787 4680 2853 4719; x_wconf 90' lang='lat' dir='ltr'><strong>ac</strong></span> <span class='ocrx_word' id='word_1_712' title='bbox 2896 4664 3316 4720; x_wconf 88' lang='lat' dir='ltr'><strong>substantialcm</strong></span> <span class='ocrx_word' id='word_1_713' title='bbox 3352 4673 3478 4719; x_wconf 89' lang='lat' dir='ltr'><strong>ante</strong></span> <span class='ocrx_word' id='word_1_714' title='bbox 3529 4681 3630 4718; x_wconf 78' lang='lat' dir='ltr'><strong>sa:-</strong></span> 
     </span>
    </p>
   </div>
   <div class='ocr_carea' id='block_1_107' title="bbox 2046 4753 3633 4827">
    <p class='ocr_par' dir='ltr' id='par_1_107' title="bbox 2046 4753 3633 4827">
     <span class='ocr_line' id='line_1_109' title="bbox 2046 4753 3633 4827; baseline -0.002 -13"><span class='ocrx_word' id='word_1_715' title='bbox 2046 4758 2231 4814; x_wconf 84' lang='lat' dir='ltr'><strong>culum</strong></span> <span class='ocrx_word' id='word_1_716' title='bbox 2274 4759 2625 4823; x_wconf 83' lang='lat' dir='ltr'><strong>Sermonem,</strong></span> <span class='ocrx_word' id='word_1_717' title='bbox 2651 4772 2747 4811; x_wconf 88' lang='lat' dir='ltr'><strong>seu</strong></span> <span class='ocrx_word' id='word_1_718' title='bbox 2783 4753 3050 4822; x_wconf 86' lang='lat' dir='ltr'><strong>Verbum,</strong></span> <span class='ocrx_word' id='word_1_719' title='bbox 3094 4757 3309 4827; x_wconf 81' lang='lat' dir='ltr'><strong>gignit;</strong></span> <span class='ocrx_word' id='word_1_720' title='bbox 3372 4756 3633 4826; x_wconf 68' lang='lat' dir='ltr'><strong>velutque</strong></span> 
     </span>
    </p>
   </div>
   <div class='ocr_carea' id='block_1_108' title="bbox 2042 4842 3631 4926">
    <p class='ocr_par' dir='ltr' id='par_1_108' title="bbox 2042 4842 3631 4926">
     <span class='ocr_line' id='line_1_110' title="bbox 2042 4842 3631 4926; baseline -0.003 -22"><span class='ocrx_word' id='word_1_721' title='bbox 2042 4849 2365 4904; x_wconf 83' lang='lat' dir='ltr'><strong>Sermonem</strong></span> <span class='ocrx_word' id='word_1_722' title='bbox 2395 4847 2603 4915; x_wconf 91' lang='lat' dir='ltr'><strong>alium,</strong></span> <span class='ocrx_word' id='word_1_723' title='bbox 2650 4862 2755 4926; x_wconf 78' lang='lat' dir='ltr'><strong>seu</strong></span> <span class='ocrx_word' id='word_1_724' title='bbox 2811 4844 3048 4901; x_wconf 90' lang='lat' dir='ltr'><strong>Verbum</strong></span> <span class='ocrx_word' id='word_1_725' title='bbox 3122 4861 3317 4901; x_wconf 85' lang='lat' dir='ltr'><strong>rursus</strong></span> <span class='ocrx_word' id='word_1_726' title='bbox 3367 4842 3631 4916; x_wconf 85' lang='lat' dir='ltr'><strong>Spiritum</strong></span> 
     </span>
    </p>
   </div>
   <div class='ocr_carea' id='block_1_109' title="bbox 2045 4935 3633 5009">
    <p class='ocr_par' dir='ltr' id='par_1_109' title="bbox 2045 4935 3633 5009">
     <span class='ocr_line' id='line_1_111' title="bbox 2045 4935 3633 5009; baseline 0.001 -18"><span class='ocrx_word' id='word_1_727' title='bbox 2045 4936 2327 5009; x_wconf 84' lang='lat' dir='ltr'><strong>(Verbum</strong></span> <span class='ocrx_word' id='word_1_728' title='bbox 2389 4937 2598 4992; x_wconf 89' lang='lat' dir='ltr'><strong>scilicet</strong></span> <span class='ocrx_word' id='word_1_729' title='bbox 2655 4936 2870 4991; x_wconf 81' lang='lat' dir='ltr'><strong>virtutis</strong></span> <span class='ocrx_word' id='word_1_730' title='bbox 2920 4935 3152 5007; x_wconf 71' lang='lat' dir='ltr'><strong>sum“)</strong></span> <span class='ocrx_word' id='word_1_731' title='bbox 3209 4935 3495 5005; x_wconf 79' lang='lat' dir='ltr'><strong>proferens</strong></span> <span class='ocrx_word' id='word_1_732' title='bbox 3567 4952 3633 4992; x_wconf 89' lang='lat' dir='ltr'><strong>ac</strong></span> 
     </span>
    </p>
   </div>
   <div class='ocr_carea' id='block_1_110' title="bbox 2042 5026 3381 5095">
    <p class='ocr_par' dir='ltr' id='par_1_110' title="bbox 2042 5026 3381 5095">
     <span class='ocr_line' id='line_1_112' title="bbox 2042 5026 3381 5095; baseline -0.001 -12"><span class='ocrx_word' id='word_1_733' title='bbox 2042 5033 2230 5095; x_wconf 84' lang='lat' dir='ltr'><strong>edens,</strong></span> <span class='ocrx_word' id='word_1_734' title='bbox 2255 5028 2307 5082; x_wconf 92' lang='lat' dir='ltr'><strong>in</strong></span> <span class='ocrx_word' id='word_1_735' title='bbox 2336 5042 2402 5082; x_wconf 85' lang='lat' dir='ltr'><strong>eo</strong></span> <span class='ocrx_word' id='word_1_736' title='bbox 2430 5037 2738 5082; x_wconf 86' lang='lat' dir='ltr'><strong>creaturam</strong></span> <span class='ocrx_word' id='word_1_737' title='bbox 2772 5028 3080 5082; x_wconf 86' lang='lat' dir='ltr'><strong>universam</strong></span> <span class='ocrx_word' id='word_1_738' title='bbox 3128 5026 3381 5081; x_wconf 84' lang='lat' dir='ltr'><strong>absolvit.</strong></span> 
     </span>
    </p>
   </div>
   <div class='ocr_carea' id='block_1_111' title="bbox 2116 5116 3635 5191">
    <p class='ocr_par' dir='ltr' id='par_1_111' title="bbox 2116 5116 3635 5191">
     <span class='ocr_line' id='line_1_113' title="bbox 2116 5116 3635 5191; baseline -0.002 -15"><span class='ocrx_word' id='word_1_739' title='bbox 2116 5122 2357 5176; x_wconf 86' lang='lat' dir='ltr'><strong>Trinitas</strong></span> <span class='ocrx_word' id='word_1_740' title='bbox 2393 5121 2557 5191; x_wconf 85' lang='lat' dir='ltr'><strong>igitur</strong></span> <span class='ocrx_word' id='word_1_741' title='bbox 2582 5120 2635 5174; x_wconf 88' lang='lat' dir='ltr'><strong>in</strong></span> <span class='ocrx_word' id='word_1_742' title='bbox 2665 5120 2922 5188; x_wconf 82' lang='lat' dir='ltr'><strong>Uuitate;</strong></span> <span class='ocrx_word' id='word_1_743' title='bbox 2958 5128 3123 5188; x_wconf 89' lang='lat' dir='ltr'><strong>atque</strong></span> <span class='ocrx_word' id='word_1_744' title='bbox 3157 5116 3422 5173; x_wconf 87' lang='lat' dir='ltr'><strong>Uuitasin</strong></span> <span class='ocrx_word' id='word_1_745' title='bbox 3450 5117 3635 5173; x_wconf 80' lang='lat' dir='ltr'><strong>Triui-</strong></span> 
     </span>
    </p>
   </div>
   <div class='ocr_carea' id='block_1_112' title="bbox 2045 5207 3633 5284">
    <p class='ocr_par' dir='ltr' id='par_1_112' title="bbox 2045 5207 3633 5284">
     <span class='ocr_line' id='line_1_114' title="bbox 2045 5207 3633 5284; baseline -0.006 -13"><span class='ocrx_word' id='word_1_746' title='bbox 2045 5225 2178 5282; x_wconf 87' lang='lat' dir='ltr'><strong>tate,</strong></span> <span class='ocrx_word' id='word_1_747' title='bbox 2216 5215 2530 5269; x_wconf 85' lang='lat' dir='ltr'><strong>declaratur</strong></span> <span class='ocrx_word' id='word_1_748' title='bbox 2564 5213 2618 5267; x_wconf 87' lang='lat' dir='ltr'><strong>id</strong></span> <span class='ocrx_word' id='word_1_749' title='bbox 2651 5211 2797 5284; x_wconf 88' lang='lat' dir='ltr'><strong>quod</strong></span> <span class='ocrx_word' id='word_1_750' title='bbox 2828 5212 3062 5267; x_wconf 91' lang='lat' dir='ltr'><strong>colimus</strong></span> <span class='ocrx_word' id='word_1_751' title='bbox 3095 5228 3109 5267; x_wconf 86' lang='lat'><strong>:</strong></span> <span class='ocrx_word' id='word_1_752' title='bbox 3149 5207 3414 5276; x_wconf 89' lang='lat' dir='ltr'><strong>Trinitas,</strong></span> <span class='ocrx_word' id='word_1_753' title='bbox 3443 5224 3633 5279; x_wconf 84' lang='lat' dir='ltr'><strong>perso-</strong></span> 
     </span>
    </p>
   </div>
   <div class='ocr_carea' id='block_1_113' title="bbox 2296 5403 3273 5473">
    <p class='ocr_par' dir='ltr' id='par_1_113' title="bbox 2296 5403 3273 5473">
     <span class='ocr_line' id='line_1_115' title="bbox 2296 5403 3273 5473; baseline -0.008 -9"><span class='ocrx_word' id='word_1_754' title='bbox 2296 5409 2343 5441; x_wconf 76' lang='lat'><strong>”</strong></span> <span class='ocrx_word' id='word_1_755' title='bbox 2374 5406 2570 5463; x_wconf 82' lang='lat' dir='ltr'><strong>Matth.</strong></span> <span class='ocrx_word' id='word_1_756' title='bbox 2598 5422 2672 5473; x_wconf 86' lang='lat' dir='ltr'><strong>xt,</strong></span> <span class='ocrx_word' id='word_1_757' title='bbox 2700 5405 2794 5459; x_wconf 75' lang='grc'><strong>27.</strong></span> <span class='ocrx_word' id='word_1_758' title='bbox 2905 5405 2949 5439; x_wconf 75' lang='grc' dir='ltr'><strong>³ο</strong></span> <span class='ocrx_word' id='word_1_759' title='bbox 2976 5404 3192 5470; x_wconf 76' lang='lat' dir='ltr'><strong>Hebm,</strong></span> <span class='ocrx_word' id='word_1_760' title='bbox 3221 5403 3273 5457; x_wconf 83' lang='lat'><strong>&#39;5.</strong></span> 
     </span>
    </p>
   </div>
   <div class='ocr_carea' id='block_1_114' title="bbox 2054 5611 3663 5694">
    <p class='ocr_par' dir='ltr' id='par_1_114' title="bbox 2054 5611 3663 5694">
     <span class='ocr_line' id='line_1_116' title="bbox 2054 5611 3663 5694; baseline -0.007 -16"><span class='ocrx_word' id='word_1_761' title='bbox 2054 5627 2190 5681; x_wconf 86' lang='lat' dir='ltr'><strong>ritus</strong></span> <span class='ocrx_word' id='word_1_762' title='bbox 2212 5626 2260 5679; x_wconf 89' lang='lat' dir='ltr'><strong>vi</strong></span> <span class='ocrx_word' id='word_1_763' title='bbox 2294 5623 2549 5694; x_wconf 83' lang='lat' dir='ltr'><strong>originis_</strong></span> <span class='ocrx_word' id='word_1_764' title='bbox 2570 5619 2874 5677; x_wconf 78' lang='lat' dir='ltr'><strong>formaliter</strong></span> <span class='ocrx_word' id='word_1_765' title='bbox 2916 5633 3027 5675; x_wconf 89' lang='lat' dir='ltr'><strong>non</strong></span> <span class='ocrx_word' id='word_1_766' title='bbox 3061 5617 3131 5674; x_wconf 89' lang='lat' dir='ltr'><strong>sit</strong></span> <span class='ocrx_word' id='word_1_767' title='bbox 3165 5613 3386 5682; x_wconf 85' lang='lat' dir='ltr'><strong>similis,</strong></span> <span class='ocrx_word' id='word_1_768' title='bbox 3415 5611 3517 5669; x_wconf 86' lang='lat' dir='ltr'><strong>etsi</strong></span> <span class='ocrx_word' id='word_1_769' title='bbox 3547 5624 3663 5668; x_wconf 87' lang='lat' dir='ltr'><strong>re--</strong></span> 
     </span>
    </p>
   </div>
   <div class='ocr_carea' id='block_1_115' title="bbox 2054 5692 2696 5768">
    <p class='ocr_par' dir='ltr' id='par_1_115' title="bbox 2054 5692 2696 5768">
     <span class='ocr_line' id='line_1_117' title="bbox 2054 5692 2696 5768; baseline -0.006 -19"><span class='ocrx_word' id='word_1_770' title='bbox 2054 5698 2171 5768; x_wconf 84' lang='lat' dir='ltr'><strong>ipsa</strong></span> <span class='ocrx_word' id='word_1_771' title='bbox 2199 5706 2302 5765; x_wconf 89' lang='lat' dir='ltr'><strong>est,</strong></span> <span class='ocrx_word' id='word_1_772' title='bbox 2338 5692 2415 5750; x_wconf 76' lang='lat' dir='ltr'><strong>uti</strong></span> <span class='ocrx_word' id='word_1_773' title='bbox 2447 5704 2501 5750; x_wconf 92' lang='lat' dir='ltr'><strong>et</strong></span> <span class='ocrx_word' id='word_1_774' title='bbox 2527 5692 2696 5747; x_wconf 89' lang='lat' dir='ltr'><strong>Deus.</strong></span> 
     </span>
    </p>
   </div>
   <div class='ocr_carea' id='block_1_116' title="bbox 3118 6398 3593 6409">
    <p class='ocr_par' dir='ltr' id='par_1_116' title="bbox 3118 6398 3593 6409">
     <span class='ocr_line' id='line_1_118' title="bbox 3118 6398 3593 6409; baseline -0.006 0"><span class='ocrx_word' id='word_1_775' title='bbox 3118 6400 3185 6409; x_wconf 56' lang='grc' dir='ltr'><strong>ων).-</strong></span> <span class='ocrx_word' id='word_1_776' title='bbox 3204 6400 3315 6409; x_wconf 45' lang='grc' dir='ltr'><strong>ῌᾉτ</strong></span> <span class='ocrx_word' id='word_1_777' title='bbox 3334 6400 3351 6407; x_wconf 71' lang='grc' dir='ltr'>ι</span> <span class='ocrx_word' id='word_1_778' title='bbox 3368 6399 3505 6407; x_wconf 40' lang='grc' dir='ltr'><strong>ν-υ--Ὕη</strong></span> <span class='ocrx_word' id='word_1_779' title='bbox 3548 6398 3557 6401; x_wconf 99' lang='grc'><strong>-</strong></span> <span class='ocrx_word' id='word_1_780' title='bbox 3572 6398 3593 6407; x_wconf 69' lang='grc' dir='ltr'><em>Π</em></span> 
     </span>
    </p>
   </div>
  </div>
