4022 6396
433 303 534 369 451

1642 291 1935 354 NICET/E
1961 289 2305 352 PAPHLAG
2314 289 2493 354 ONIS

3611 291 3716 358 452

441 415 552 477 nis,
606 419 771 481 atque
824 406 1047 474 linitas,
1111 401 1389 473 essentia';
1454 403 1842 469 immutabilis,
1904 403 2541 476 pariAdefungeretur,
2576 411 2833 460 naturam
2860 403 3082 461 interitu
3115 411 3391 462 mortuam
3413 407 3705 476 excitaret,

441 503 696 562 sublimis
723 503 953 565 honore,
973 500 1297 554 intemerata
1331 507 1564 561 natura;
1590 496 1780 550 eadem
1806 494 2027 564 praeful-

441 612 576 669 gens
600 594 871 658 claritate,
899 592 1088 647 eodem
1142 591 1345 645 throno
1391 590 1589 644 sedens
1636 605 1649 642 :
1691 602 1799 641 una
1832 586 2028 642 volun—

441 699 545 754 tas,
576 702 688 743 una
721 684 987 755 operatio,
1017 683 1208 738 eadem
1234 682 1450 747 virtus;
1480 688 1747 750 potestas,
1779 678 2026 733 domina-

441 780 540 844 tio,
577 793 805 848 rcguum
844 791 952 830 non
982 774 1244 829 divisum.
1296 771 1455 827 Nullo
1497 771 1644 825 enim
1700 770 1862 824 modo
1905 785 2027 839 quze

441 879 656 925 suntex
692 869 812 939 ipsa
860 865 1086 936 (mente)
1143 865 1213 920 ab
1286 864 1401 931 ipsa
1449 861 1732 925 diﬂ'erunt;
1790 876 2024 930 quorum

442 961 597 1017 alteri
616 960 857 1030 quidem,
878 968 938 1012 ut
958 958 1232 1028 gignatur,
1258 954 1436 1018 alteri,
1458 962 1516 1007 ut
1533 952 1782 1022 procedat
1810 960 2023 1017 auctor,

443 1052 683 1109 exsistit.

516 1144 608 1200 Sic
658 1143 877 1213 quidem
922 1140 1089 1211 igitur
1150 1147 1398 1202 sanctus,
1460 1136 1659 1191 Sancta
1712 1145 2023 1191 sanctorum

441 1235 708 1290 secretius
739 1235 955 1293 doctus.
1004 1240 1267 1301 quantum
1320 1229 1470 1283 brevi
1514 1243 1765 1283 sermone
1823 1244 2023 1299 reprzc-

443 1338 664 1383 scntare
734 1328 879 1388 licet,
962 1325 1250 1394 defixaque
1304 1324 1432 1377 huic
1487 1322 1772 1391 theologim
1829 1322 2027 1377 mentis

441 1423 578 1487 acie,
626 1427 748 1488 post
787 1434 905 1473 eam
961 1417 1173 1477 ordine,
1222 1431 1343 1485 quae
1393 1416 1556 1469 etiam
1597 1415 1661 1469 ad
1690 1421 1868 1468 creata
1900 1429 2025 1483 spe-

372 1536 396 1603 )
440 1520 611 1574 ctant,
667 1508 886 1563 divinas
933 1506 1350 1577 praedicationes
1409 1505 1633 1573 aptavit.
1694 1502 1847 1558 "and
1893 1518 2023 1558 vero

437 1602 534 1656 abs
598 1616 653 1654 re
681 1598 936 1661 forsitan,
991 1607 1048 1652 ut
1083 1606 1137 1651 et
1172 1597 1363 1652 horum
1399 1596 1609 1665 paucis,
1645 1612 1709 1650 ex
1758 1595 1931 1650 sacris
1956 1595 2024 1648 il-

438 1695 545 1749 lius
597 1692 858 1761 eloquiis,
896 1691 1337 1748 meminerimus.
1375 1689 1586 1757 Duplici
1616 1689 1761 1743 enim
1799 1688 2020 1753 mundo,

439 1802 501 1840 ea
536 1801 658 1855 quae
692 1792 843 1847 sunt,
892 1797 1107 1836 summa
1140 1781 1402 1851 colligens
1429 1780 1529 1851 (6),
1577 1791 1742 1850 atque
1793 1781 2022 1835 alterum

438 1877 662 1947 quidem
704 1875 975 1945 ejusmodi
1012 1882 1074 1927 ut
1112 1885 1295 1927 mente
1322 1873 1676 1943 intelligatur,
1712 1875 1941 1928 alterum
1969 1882 2028 1926 ιιι

440 1983 605 2023 sensu
643 1966 847 2037 percipi
881 1966 1092 2036 possit;
1127 1967 1364 2034 primum
1393 1966 1648 2032 alterum,
1685 1965 1900 2034 Dcoque
1936 1963 2023 2017 [ι-

441 2058 744 2122 miliarem,
803 2066 973 2126 atque
1016 2057 1354 2127 intelligendi
1385 2057 1435 2111 vi
1467 2055 1787 2126 prmditum;
1827 2071 2027 2110 secun-

439 2149 570 2203 dum
623 2150 880 2209 alterum,
915 2157 1350 2216 extraneumque
1386 2162 1414 2199 a
1447 2148 1667 2209 deitate,
1701 2161 1764 2200 ae
1796 2146 2025 2200 materia

439 2247 781 2303 concretum,
809 2237 1118 2307 intelligens
1144 2255 1159 2304 ;
1197 2241 1467 2293 utrumvis
1489 2238 1557 2292 ab
1583 2238 1755 2292 altero
1808 2237 2027 2307 sapien-

442 2329 649 2383 tissima
680 2329 890 2383 ratione
951 2343 1017 2384 ac
1052 2344 1217 2383 sensu
1258 2328 1544 2384 discernit.

510 2418 728 2475 Etenim
793 2419 1030 2475 alterum
1094 2419 1329 2499 quidem
1392 2420 1719 2491 spiritalem,
1770 2420 2028 2492 velutque

436 2511 679 2566 essentia
725 2511 945 2582 igneum
1006 2526 1070 2566 ac
1104 2511 1426 2566 deiformem
1472 2511 1767 2583 (angelicas
1820 2513 2030 2568 scilicet

440 2611 689 2668 naturas,
707 2617 772 2657 ac
796 2617 826 2657 a
854 2617 1086 2672 corpore
1110 2603 1438 2673 absolutas),
1471 2604 1703 2658 alterum
1736 2619 1868 2659 vero
1895 2618 2025 2660 cor-

446 2709 673 2764 poreum
719 2705 832 2749 tum
865 2709 1005 2760 esse,
1046 2703 1157 2748 tum
1193 2694 1294 2749 sibi
1325 2695 1503 2765 ipsum
1529 2704 1873 2765 compactum
1899 2711 2026 2767 par-

441 2786 699 2854 tibusque
720 2800 1072 2853 connexum;
1114 2787 1209 2856 qui
1242 2802 1434 2856 nempe
1473 2801 1540 2841 ex
1586 2787 1904 2843 continente
1934 2803 2026 2843 re-

439 2892 564 2930 rum
643 2877 788 2932 hanc
845 2878 1287 2943 universitatem,
1342 2894 1406 2934 ac
1458 2880 1744 2935 clementis
1793 2889 2030 2951 quatuor

433 2976 666 3023 constet.
700 2968 781 3023 Ad
811 2968 1038 3038 majoris
1065 2979 1247 3024 autem
1317 2971 1598 3041 sapientiae
1638 2973 1937 3043 specimen,
1960 2989 2027 3028 ex

2130 507 2295 566 atque
2325 498 2392 551 ad
2429 497 2757 553 diriniorem
2793 497 2959 551 vitam
2987 496 3328 552 transferret.

2200 586 2484 658 Ejusmodi
2552 594 2712 643 erant
2774 603 2897 658 quae
2970 587 3282 658 Theologus
3338 589 3611 645 hactenus
3656 589 3711 645 in

2129 679 2304 735 Ponto
2361 680 2562 750 degens
2596 718 2613 743 ,
2670 678 3178 749 philosophabatur.
3228 678 3354 732 llaic
3398 679 3547 749 prius
3603 678 3714 735 illic

2130 781 2311 828 mente
2388 771 2720 841 speculando
2805 771 3212 837 contemplatus
3293 779 3420 835 est;
3486 778 3713 840 tumque

2129 877 2321 934 posma
2376 877 2634 917 sermone
2702 874 2805 931 pro
2855 858 3115 929 Theologi
3169 859 3417 927 partibus
3464 861 3707 916 dictavit.

2127 955 2305 1024 Atque
2360 955 2449 1008 hic
2495 955 2616 1023 ejus
2666 950 3001 1015 solitudinis,
3058 966 3165 1019 qua
3221 965 3465 1005 eremum
3518 953 3710 1015 co'uit,

2130 1044 2343 1100 fructus
2372 1054 2766 1113 est,quantum
2823 1041 2958 1095 mihi
3003 1041 3256 1111 equidem
3303 1054 3390 1095 res
3445 1040 3589 1110 ejus,
3642 1056 3710 1095 ex

2130 1137 2420 1206 ipsinsmet
2453 1135 2695 1204 scriptis,
2733 1132 2925 1187 saltem
2981 1132 3193 1186 modice
3231 1131 3420 1185 datum
3471 1139 3556 1185 est
3584 1146 3710 1201 pro-

2128 1228 2306 1298 sequi.

2199 1318 2393 1374 Totam
2423 1317 2585 1386 igitur
2613 1324 2849 1371 veterem
2882 1322 3165 1382 totamque
3208 1328 3426 1379 novam,
3452 1326 3560 1383 qua
3586 1311 3708 1366 nul-

2128 1413 2217 1467 lus
2248 1412 2547 1483 sagacitate
2576 1419 2691 1465 tum
2728 1404 3139 1479 antiquiorum,‘
3158 1415 3272 1461 tum
3300 1421 3441 1474 quos
3473 1422 3711 1476 sequens

2128 1505 2520 1575 protulitmtas,
2552 1501 2892 1571 Scripturam
2925 1486 3261 1565 meditatus;
3298 1498 3581 1569 divinique
3616 1514 3713 1553 cu-

2123 1597 2326 1667 jusque
2357 1595 2503 1650 verbi
2545 1609 2609 1650 ac
2635 1593 2785 1647 vocis
2813 1600 3122 1646 accuratam
3154 1589 3424 1652 notitiam,
3450 1588 3712 1657 primam-

2130 1705 2235 1760 que
2251 1687 2497 1743 veritatis
2519 1685 2934 1756 intelligentiam
2954 1683 3142 1737 divino
3159 1678 3365 1750 Spiritu
3381 1688 3713 1750 praeceptore

2130 1782 2402 1838 sacratius
2441 1778 2696 1844 edoctus;
2728 1791 2793 1831 ac
2808 1790 2932 1830 cum
2968 1775 3037 1827 ita
3075 1773 3168 1827 Dei
3189 1771 3500 1843 paradisum
3530 1770 3710 1826 fructu

2128 1874 2275 1928 omni
2294 1870 2897 1939 dulcissimo,honoque
2922 1865 3320 1936 omnicogitatu
3345 1881 3410 1922 ac
3437 1864 3709 1919 intellectu

2128 1963 2458 2027 confertum,
2490 1977 2650 2016 suum
2679 1961 2797 2030 ipse
2824 1959 3068 2013 animum
3097 1956 3449 2021 reddidisset,
3484 1954 3711 2010 reverti-

2131 2068 2260 2123 tur;
2297 2056 2536 2125 primum
2571 2054 2792 2123 quidem
2850 2050 3024 2105 sacris
3067 2047 3410 2118 parentibus,
3466 2047 3561 2117 qui
3591 2045 3711 2116 ejus

2135 2147 2374 2202 maxime
2429 2159 2555 2200 eum
2605 2141 2857 2212 spiritali,
2891 2148 3005 2194 tum
3034 2138 3305 2208 corporali
3353 2153 3455 2207 ope
3500 2136 3711 2208 indige-

2129 2246 2272 2302 rent,
2303 2246 2530 2305 tumque
2554 2234 2720 2289 etiam
2773 2231 3032 2287 omnibus
3063 2231 3262 2300 quibus
3320 2239 3468 2285 esset
3526 2229 3711 2284 animo

2131 2326 2489 2383 coustitutnm
2534 2333 2593 2379 ut
2646 2323 2907 2393 pietatem
2969 2320 3232 2386 colerent,
3270 2320 3323 2375 in
3361 2334 3708 2375 communem

2129 2434 2189 2475 se
2223 2418 2511 2472 utilitatem
2532 2456 2546 2480 ,
2584 2415 2763 2484 iisque
2792 2412 3079 2477 utendum,
3106 2426 3403 2481 exponens.

2202 2510 2281 2565 Ac
2317 2508 2462 2564 sicut
2493 2505 2710 2568 Petrus,
2761 2503 2962 2559 Christi
3009 2502 3400 2573 discipulorum
3434 2508 3702 2570 prtestan-

2130 2602 2359 2657 tissimm
2388 2598 2644 2671 primitiae
2700 2612 2765 2653 ac
2798 2597 3018 2673 coronis
3050 2613 3065 2650 :
3107 2605 3268 2665 atque
3297 2593 3552 2648 universe
3583 2591 3701 2646 dei-

2132 2692 2321 2748 formis
2377 2690 2555 2745 omnis
2612 2689 2998 2761 apostolorum
3050 2686 3290 2751 chorus,
3321 2692 3431 2738 tota
3465 2682 3706 2753 primum

2129 2780 2445 2837 sinceritate
2545 2778 2950 2834 divinissimum
3028 2788 3352 2844 summeque
3409 2771 3713 2843 principem

2127 2873 2313 2930 Jesum
2368 2873 2655 2935 asscctati,
2690 2869 2925 2940 fideique
2958 2869 3223 2923 doctrina:
3275 2874 3542 2922 navantes
3576 2877 3715 2934 ope-

2130 2981 2271 3030 ram,
2303 2965 2448 3020 omni
2483 2963 2703 3036 quidem
2740 2960 2910 3016 animi
2966 2955 3183 3015 macula
3236 2956 3714 3027 abstergebantur,

434 3060 836 3114 contrariorum
871 3061 1131 3116 mistione
1185 3078 1354 3118 unum
1384 3065 1656 3133 quoddam
1709 3066 1906 3118 animal
1935 3081 2020 3120 ar-

2132 3057 2396 3126 omnique
2419 3054 2619 3110 divina:
2648 3052 2894 3108 scientiae
2918 3052 3044 3105 luce
3096 3049 3480 3119 replebantur;
3532 3043 3713 3116 perfe-

435 3152 579 3206 tilice
606 3152 816 3207 ratione
842 3154 1185 3223 compegisse
1210 3170 1226 3219 ;
1267 3154 1536 3223 ejusmodi
1566 3157 1796 3223 scilicet,
1823 3168 1882 3211 ut
1906 3167 2018 3212 tum

434 3256 563 3296 caro
601 3242 854 3308 exsistat,
889 3251 1152 3313 tanquam
1184 3261 1252 3299 ex
1305 3249 1533 3301 materia
1568 3263 1598 3302 e
1630 3256 1775 3303 terra
1811 3247 2020 3304 forma-

433 3340 842 3401 tum;tumque
874 3332 1124 3403 spiritus,
1175 3343 1434 3404 tanquam
1492 3316 1810 3403 insulilatio,
1858 3347 2022 3409 atque

437 3423 560 3493 ejus
610 3424 915 3477 similitudo
950 3425 1042 3494 qui
1099 3424 1173 3478 illi
1219 3425 1536 3482 insulllavit.
1590 3429 1786 3494 Porro,
1847 3438 2019 3485 totum

434 3524 753 3569 concretum
797 3517 923 3578 hoc,
974 3515 1254 3571 hominem
1313 3520 1609 3589 exstitisse,
1651 3525 1851 3577 mentis
1898 3540 2021 3579 sen-

434 3618 640 3673 sumque
681 3614 1025 3674 compotem;
1070 3615 1129 3660 ut
1155 3622 1319 3662 sensu
1367 3608 1613 3678 quidem,
1647 3610 1716 3666 iis
1750 3627 1871 3681 quae
1894 3628 2023 3668 seno

435 3695 558 3748 silia
581 3702 709 3750 sunt
736 3733 752 3758 ,
796 3706 977 3751 mente
1017 3712 1167 3764 vero,
1219 3698 1305 3755 his
1335 3715 1458 3769 qua:
1517 3701 1853 3758 intellectilia
1900 3714 2021 3759 tan-

434 3800 602 3857 quam
637 3775 1002 3843 familiaribus
1038 3801 1451 3845 consuesceret.

504 3875 680 3943 Hunc,
726 3878 974 3934 utsacris
998 3881 1268 3949 proditum
1299 3882 1519 3939 Litteris
1540 3894 1644 3953 est,
1675 3886 1728 3940 in
1761 3888 2020 3958 paradiso

434 3968 761 4025 collocatum
825 3985 951 4025 esse
1006 3972 1396 4029 immortalium
1442 3977 1776 4047 plantarum,
1814 3982 1866 4036 id
1912 3992 2016 4049 est,

433 4060 745 4116 divinorum
829 4077 1114 4118 sensorum
1210 4078 1569 4137 spectatorem
1621 4088 1638 4126 :
1696 4073 2018 4143 nequissimi

435 4163 568 4203 vero
618 4151 892 4219 serpentis
941 4152 1191 4209 consiliis
1235 4156 1545 4223 seductum,
1579 4175 1645 4215 ac
1675 4176 1798 4216 eum
1836 4164 2018 4220 minus

435 4241 701 4294 hactenus
733 4256 1032 4312 congruam
1066 4243 1379 4313 importune
1438 4251 1868 4318 speculationem
1894 4256 2019 4309 atti-

433 4332 622 4399 gisset,
644 4340 761 4386 tum
801 4334 870 4389 ab
906 4333 1025 4405 ipso
1051 4337 1356 4406 conditore,
1386 4348 1500 4394 tum
1537 4356 1567 4396 a
1598 4345 1857 4412 paradiso
1899 4365 2002 4404 vo-

2135 3150 2309 3203 ctiorc
2336 3154 2517 3200 autem
2545 3155 2730 3214 postea
2751 3143 2990 3212 Spiritus
3017 3140 3251 3194 adventu
3279 3138 3550 3203 exhibito,
3575 3137 3710 3192 ube-

2130 3239 2443 3307 rioremque
2465 3235 2775 3294 divinorum
2798 3234 2849 3287 in
2878 3248 2971 3290 eos
2999 3231 3277 3286 afllatuum
3335 3230 3713 3297 donorumque

2130 3328 2607 3400 participationem
2689 3326 2864 3389 nacti,
2927 3327 3116 3395 sicque
3180 3322 3454 3386 instructi,
3502 3319 3709 3375 cunctis

2130 3421 2488 3490 sospitatores
2518 3419 2774 3489 gentibus
2808 3418 3168 3474 mittebantur
3199 3434 3214 3471 :
3242 3414 3384 3470 haud
3418 3429 3575 3470 secus
3616 3412 3705 3467 hic

2129 3527 2349 3583 quoque
2406 3528 2532 3567 cum
2590 3512 2821 3567 Domino
2879 3509 3088 3581 Spiritu
3116 3508 3160 3541 ⁶¹
3186 3520 3412 3563 accensa
3464 3503 3701 3575 primum

2129 3609 2235 3665 fide
2266 3609 2406 3663 inter
2424 3608 2742 3664 solitudinis
2761 3607 2979 3663 silentia
3003 3614 3275 3670 versatus,
3304 3618 3369 3659 ac
3382 3616 3504 3678 cum
3524 3599 3706 3655 scien-

2128 3703 2217 3757 tiae
2240 3703 2456 3765 .cultor,
2483 3702 2647 3756 etiam
2676 3699 3125 3770 contemplationi
3154 3711 3377 3767 operam
3410 3692 3707 3766 posuisset,

2128 3809 2458 3863 omnemque
2484 3808 2712 3864 prorsus
2751 3791 2868 3847 vitii
2904 3791 3077 3845 labem
3100 3789 3349 3854 cluisset,
3378 3801 3444 3841 ac
3472 3784 3710 3840 divinam

2127 3900 2348 3940 omnem
2388 3884 2809 3939 illustrationem
2837 3891 3166 3938 consecutus
3186 3888 3354 3943 esset,
3389 3874 3713 3947 perfectiore

2127 3977 2346 4031 domum
2385 3975 2628 4046 Spiritus
2678 3974 2884 4039 afﬂatu,
2923 3973 3005 4029 sic
3057 3956 3378 4042 operatione
3424 3967 3662 4022 donatus
3691 4002 3708 4029 ,

2126 4080 2291 4138 atque
2320 4071 2423 4134 ita,
2459 4068 2615 4138 juxta
2652 4067 2836 4121 divum
2872 4065 3161 4129 Iacobum,
3187 4076 3441 4119 sermone
3466 4057 3712 4113 veritatis

2129 4163 2369 4231 genitus,
2403 4161 2519 4232 ipse
2549 4174 2767 4231 quoque
2802 4160 3023 4214 illorum
3069 4172 3223 4213 more
3273 4153 3527 4225 primitias
3555 4164 3712 4221 qua:-

2125 4256 2251 4310 dam
2293 4265 2669 4309 creaturarum
2708 4253 2828 4317 Dei,
2867 4252 3071 4307 missus
3095 4251 3263 4305 est".

2204 4346 2311 4415 Qui
2365 4346 2573 4416 primus
2617 4346 2783 4399 homo
2812 4343 3070 4399 conditus
3104 4350 3186 4396 est
3210 4382 3226 4406 ,
3265 4337 3360 4393 Dei
3395 4335 3659 4405 imaginis
3685 4376 3704 4402 ,

435 4424 657 4493 luptatis
687 4433 971 4481 extorrem
1008 4430 1207 4484 merito
1230 4431 1463 4501 ejectum
1499 4450 1641 4491 esse.
1680 4437 1811 4494 lnde
1854 4441 2019 4496 vitam
2056 4425 2098 4480 Ῑ)
2127 4446 2293 4507 atque
2325 4436 2563 4491 dextera:
2592 4436 2847 4506 gloriam,
2881 4450 2944 4489 ac
2973 4433 3210 4504 paradisi
3239 4436 3572 4486 consecutus
3606 4428 3708 4481 de-

434 4515 597 4570 nullis
622 4517 906 4571 molestam
935 4519 1237 4588 lahoribtts,
1257 4532 1521 4596 extraque
1549 4528 1798 4585 interitus
1820 4533 2017 4602 aleam,

433 4603 751 4670 sudoribus,
805 4619 869 4660 ae
909 4605 1221 4675 laboribus,
1267 4623 1559 4683 morteque
1622 4629 2014 4675 commutasse.

433 4692 564 4748 Inde
628 4708 903 4760 sermone,
967 4695 1108 4767 lege,
1152 4697 1454 4768 iudicibus,
1522 4705 1825 4774 prophetis,
1867 4711 2020 4765 omni

431 4800 628 4854 genere
655 4785 1065 4851 beneficiorum,
1093 4790 1353 4861 omnique
1385 4793 1726 4863 ﬂagellorum
1770 4798 2015 4867 periculo

406 4876 812 4944 iferocientem,
847 4881 1048 4951 vixque
1077 4884 1443 4950 tractabilem,
1498 4887 1632 4957 quin
1664 4888 2012 4959 desperatum

431 4967 680 5034 omnino,
724 4985 789 5024 ac
854 4970 1238 5040 insanabilem,
1271 4990 1337 5030 eo
1382 4976 1676 5044 adductus,
1736 4989 1797 5034 ut
1834 4982 2012 5052 primo

435 5060 951 5129 indigerctauxilio,
1007 5079 1376 5136 supremoque
1403 5070 1680 5126 curandus
1746 5083 1892 5128 esset
1931 5091 2015 5131 re—

426 5152 629 5206 medio.
658 5152 718 5207 In
759 5168 825 5208 eo
861 5154 994 5208 illud
1018 5157 1283 5225 positum,
1317 5167 1376 5211 ttt
1410 5159 1526 5229 ipse
1557 5161 1700 5216 Deus
1747 5161 2008 5230 Verbum,

427 5242 611 5295 carnis
650 5258 869 5312 expers,
896 5245 1082 5299 carnis
1108 5259 1237 5315 ergo
1267 5261 1332 5301 ex
1360 5248 1617 5317 virgineis
1651 5253 2010 5321 sanguiuibus

432 5346 657 5388 carnem
711 5334 1004 5401 indueret;
1042 5335 1350 5407 animmque
1412 5339 1733 5411 intelligenti
1792 5355 2015 5415 propter

431 5423 673 5479 animam
734 5426 1354 5495 commisceretur;‘ac
1410 5446 1516 5501 qua
1559 5432 1778 5489 demum
1838 5446 2014 5495 morte

497 5568 540 5600 “
574 5565 751 5622 lCor.
785 5582 866 5633 ιιι,
900 5568 988 5622 l7.
1066 5569 1111 5600 “
1138 5568 1255 5627 Jac.
1284 5575 1437 5640 t,18.
1515 5577 1562 5609 ⁸³
1592 5574 1765 5633 lCor.
1798 5593 1887 5646 XV,
1918 5580 2006 5637 39.

497 5682 574 5753 (6)
615 5681 769 5738 Orat.
801 5684 869 5738 58
895 5695 951 5742 et
988 5689 1079 5743 42.

2127 4532 2304 4596 licius,
2325 4532 2470 4602 quod
2494 4546 2589 4601 per
2617 4531 2800 4585 carnis
2822 4529 3124 4591 libidinem,
3154 4527 3284 4587 vita,
3309 4538 3433 4594 quae
3464 4522 3518 4576 in
3542 4520 3703 4590 spiri-

2128 4633 2184 4679 tu
2225 4632 2329 4687 est,
2360 4623 2646 4686 exciderit,
2676 4622 2915 4677 carnalis
2941 4631 3095 4675 ortus
3141 4633 3349 4687 auspex
3405 4625 3705 4684 auctorque

2126 4715 2444 4771 hominibus
2462 4715 2714 4780 exstitit;
2746 4715 2970 4783 vitaque
3028 4711 3274 4782 angelica
3324 4724 3392 4764 ac
3426 4706 3565 4761 nulli
3610 4705 3706 4760 ob-

2125 4807 2289 4859 noxia
2322 4806 2568 4860 interitui
2614 4820 2711 4875 per
2762 4802 3076 4860 socordiam
3113 4800 3318 4856 amissa
3376 4808 3539 4869 atque
3576 4808 3704 4865 pro-

2121 4897 2289 4969 jecta,
2347 4897 2470 4965 ejus
2514 4913 2639 4968 qua:
2688 4896 2974 4953 affectibus
3035 4894 3344 4964 mortisque
3404 4886 3704 4945 interitioni

2123 4989 2340 5044 addicta
2375 4999 2480 5053 est,
2522 5004 2719 5058 parens
2758 4988 3010 5043 inaudiit.
3070 4988 3140 5042 At
3185 4985 3507 5056 Gregorius,
3545 4979 3701 5052 primi

2121 5081 2349 5151 quidem
2391 5088 2557 5152 atque
2605 5084 2808 5137 terreni
2870 5082 3021 5153 prius
3055 5088 3275 5151 gestans
3327 5077 3620 5147 imaginem
3658 5075 3706 5107 ⁸³

2122 5175 2351 5244 (ctenim
2378 5176 2543 5230 homo
2567 5177 2728 5247 erat),
2762 5188 2988 5246 tumque
3015 5189 3083 5230 eo
3111 5173 3385 5236 abdicato,
3405 5169 3701 5226 secundum

2119 5277 2313 5338 postea
2350 5276 2516 5338 atque
2533 5268 2811 5324 caelestem
2839 5267 3108 5323 Adamum
3144 5265 3405 5330 inducns;
3433 5272 3704 5331 natusque

2123 5370 2292 5431 atque
2319 5360 2598 5430 perfectus
2651 5362 2955 5419 secundum
2990 5359 3114 5430 ejus
3154 5358 3449 5430 imaginem
3483 5355 3703 5426 (quippe

2121 5453 2475 5523 praestantior
2519 5454 2764 5527 homine)
2823 5455 3040 5512 initium
3092 5452 3371 5525 quoddam
3424 5465 3489 5506 ac
3545 5445 3701 5503 radix
