4022 6454
281 333 387 401 45³]

1021 330 1303 393 ORATIO
1341 331 1471 393 XX.
1496 355 1568 368 --
1595 329 1676 391 ΙΝ
1717 326 2031 403 LAUDEM
2068 329 2131 391 S.
2171 326 2550 400 GREGORII
2574 326 2848 391 THEOL.

3467 329 3574 395 45£

285 450 548 523 spiritalis
576 447 904 513 nativitatis,
951 447 1134 503 relatis
1180 462 1294 502 suae
1332 443 1647 501 hominibus
1694 459 1867 516 appa-
1898 442 2377 508 ANazianzenam
2438 442 2625 498 sedem
2683 445 2977 516 regendam
3032 448 3409 521 suscepisset,
3466 465 3571 504 an-

284 546 414 598 ruit.
458 540 617 597 Verbi
653 538 804 595 enim
869 537 1219 609 Spiritusque
1257 538 1523 608 potentia,
1554 552 1654 592 ceu
1684 537 1871 592 incon-

285 635 609 690 taminatam
641 639 943 687 sementem
997 629 1214 700 pietatis
1268 634 1495 684 verbum
1544 636 1871 683 cunctorum

285 726 547 781 cordibus
576 724 945 778 disseminans
966 737 1065 800 ;.ac
1095 721 1241 775 velut
1270 721 1569 787 imbribus,
1592 719 1875 775 continuis

287 818 420 872 illud
461 815 813 871 sermonibus
850 829 914 868 ac
948 812 1242 883 colloquiis
1300 813 1552 867 nutriens
1609 826 1873 866 consum-

286 924 577 979 mansque,
616 918 778 978 atque
805 907 871 962 ad
907 920 1218 961 mensuram
1260 903 1522 973 spiritalis
1553 903 1729 958 aetatis
1750 917 1878 973 pro-

286 1001 529 1065 vehens;
563 1000 803 1069 primum
836 997 1084 1067 quidem,
1117 1010 1310 1050 eorum
1338 995 1615 1064 quicarue
1645 993 1873 1064 genuis-

286 1100 432 1149 sent.
496 1090 691 1159 spiritu
732 1088 974 1143 efﬁcitur
1011 1102 1244 1158 parens;
1274 1086 1580 1154 exindeque
1617 1085 1780 1138 etiam
1810 1083 1877 1139 ad

285 1191 604 1242 extraneos,
637 1180 841 1234 mentis
871 1178 1036 1241 hanc,
1057 1176 1600 1247 pulcherrimumque
1629 1177 1880 1247 adoptio-

289 1286 416 1326 n'etn
446 1285 614 1340 supra
645 1269 864 1324 modum
901 1284 967 1323 ac
1003 1269 1270 1323 latissime
1300 1267 1529 1338 profert.

364 1361 488 1431 ipse
515 1369 699 1416 autem
760 1363 1029 1430 seipsum.
1091 1360 1238 1415 enini
1289 1361 1516 1431 dignum
1560 1358 1831 1415 miraculo
1862 1401 1877 1427 ,

288 1471 356 1510 ac
377 1456 535 1524 longe
563 1453 872 1507 absolutum
900 1452 1121 1507 virtutis
1145 1453 1428 1521 exemplar
1452 1450 1880 1523 proponensU),

290 1547 532 1615 primum
566 1544 786 1614 quidem
838 1560 954 1598 suae
1000 1544 1052 1597 in
1101 1542 1335 1596 Pontum
1379 1544 1521 1612 fugae
1555 1542 1883 1599 manifestas

290 1654 568 1693 excusans
619 1636 778 1690 aﬁ‘ert
814 1636 1105 1690 rationes:
1165 1635 1310 1705 quod
1370 1650 1566 1705 nempe
1620 1636 1884 1704 praeclaro

292 1730 611 1785 solitudinis
656 1728 869 1785 adlatus
900 1743 1105 1795 amore,
1148 1742 1507 1797 superumque
1533 1726 1887 1797 philosophiae

295 1824 593 1877 instinctus
620 1822 923 1889 desiderio,
949 1822 1190 1875 urbanos
1219 1820 1486 1875 tumultus
1507 1820 1885 1886 declinaverit;
1926 1813 1964 1866 Β

296 1924 358 1970 ιιι
389 1931 449 1969 se
483 1915 744 1968 nimirum
780 1914 833 1968 in
860 1930 948 1979 ea,
981 1924 1243 1984 tauquam
1269 1913 1496 1983 speculo
1527 1913 1886 1977 uitidissimo,

293 2009 728 2079 contemplatus,
770 2022 858 2075 ac,
896 2021 1061 2077 quam
1091 2007 1245 2076 prius
1289 2021 1383 2076 per
1417 2005 1684 2075 Spiritum
1717 2003 1891 2060 divini

297 2100 599 2155 sacerdotii
674 2098 989 2154 unctionem
1073 2105 1271 2153 nactus
1337 2105 1501 2164 erat,
1567 2095 1893 2167 perfectiore

296 2190 696 2247 cmundatiouc
719 2191 1041 2260 obsignans,
1074 2198 1363 2259 ratamque
1394 2188 1501 2243 sibi
1561 2203 1627 2242 ac
1675 2187 1891 2242 ﬁrmam

296 2284 473 2339 divini
515 2283 644 2338 doni
673 2284 1077 2352 possessionem
1105 2291 1373 2351 praestans
1394 2321 1411 2347 ,
1444 2279 1525 2334 sic
1548 2294 1684 2350 pure
1712 2280 1894 2350 puris-

297 2378 446 2434 simo
479 2377 556 2429 uti
594 2385 805 2444 posset,
838 2389 903 2428 ac
923 2374 973 2429 ei
1007 2387 1396 2428 consuescere.
1429 2370 1568 2426 Tum
1593 2371 1895 2427 sacerdotis

298 2465 541 2524 ostendit
579 2466 925 2535 dignitatem,
992 2478 1057 2518 ac
1084 2463 1304 2533 qualem
1338 2478 1464 2517 eum
1494 2472 1747 2531 oporteat
1772 2475 1897 2517 esse

300 2561 403 2631 qui
449 2561 504 2614 in
554 2558 873 2627 episcopum
913 2555 1296 2626 przeficiendus
1358 2555 1472 2610 sit:
1505 2554 1708 2625 quibus
1764 2555 1894 2608 item

301 2651 619 2709 rationibus
653 2663 892 2719 praeesse
929 2663 1052 2703 eun:
1086 2639 1339 2719 oporteat
1363 2649 1514 2720 gregi
1564 2649 1737 2703 uteuti
1796 2664 1900 2703 ra—

303 2745 477 2806 tione,
510 2739 879 2812 pulcherrime
927 2752 1252 2808 sumtnaque
1269 2738 1614 2809 philosophia
1643 2754 1901 2794 sermone

301 2833 433 2889 aliis
468 2836 711 2898 tradens,
751 2831 868 2899 ipse
901 2828 1159 2893 oneribus
1180 2867 1196 2893 ,
1226 2829 1670 2899 clarissimisque
1701 2838 1893 2885 certa.

302 2928 555 2983 minibus
580 2924 875 2994 implendo,
909 2921 1071 2976 ﬁdem
1105 2910 1284 2977 verb’s
1319 2920 1575 2975 addebat.

380 3018 646 3084 Quzenatn
674 3017 842 3086 igitur
872 3013 1075 3083 opera?
1101 3028 1167 3067 ac
1199 3013 1486 3068 videamus
1517 3028 1646 3066 nam
1679 3011 1899 3083 plurimi

305 3129 375 3170 ca
410 3112 666 3168 facienda
731 3123 796 3164 ac
827 3105 1256 3177 prmmagniﬁca.
1284 3103 1350 3159 Et
1377 3105 1508 3175 quid
1536 3105 1705 3169 enim,
1736 3118 1900 3173 quam

308 3204 578 3274 Theologi
627 3201 818 3257 animo
876 3214 940 3254 ac
990 3198 1095 3252 ﬁde
1144 3196 1345 3269 digna?
1394 3195 1641 3252 Primum
1682 3196 1903 3266 quidem

311 3297 579 3366 templum
624 3301 824 3349 ornatu
874 3299 1167 3346 venustum
1222 3304 1287 3345 ac
1337 3290 1481 3345 mole
1539 3290 1734 3359 ingens
1786 3288 1907 3358 ejus

318 3404 449 3444 cura
467 3398 629 3458 atque
648 3383 927 3454 diligentia
948 3382 1245 3436 excitatum
1272 3379 1372 3453 (8),
1396 3380 1654 3450 velutque
1678 3379 1825 3433 aliud
1853 3381 1908 3433 iu

316 3491 466 3534 terra
504 3478 700 3533 ctelum
732 3478 784 3529 in
813 3474 971 3529 caelis
992 3472 1262 3528 habitanti
1286 3471 1467 3543 palam
1499 3481 1908 3526 consecratum.

313 3571 524 3625 Verum
552 3569 628 3631 id,
659 3583 773 3637 prae
797 3566 864 3621 iis
895 3580 1015 3635 quae
1042 3564 1163 3635 ejus
1184 3571 1333 3629 sunt,
1367 3563 1550 3617 minus
1579 3561 1646 3616 ad
1676 3562 1914 3614 miracu-

313 3659 459 3714 lum.
501 3657 603 3724 Qui
637 3656 785 3712 enim
823 3655 942 3724 ipse
976 3668 1037 3708 se
1071 3652 1337 3721 templum
1393 3649 1503 3705 Deo
1554 3649 1782 3720 dignum
1831 3657 1915 3703 at-

314 3768 431 3825 que
463 3760 762 3821 augustum
795 3749 1063 3802 virtutum
1118 3745 1273 3800 cultu
1326 3750 1721 3808 exstruxerat,
1774 3741 1913 3812 quid

318 3850 530 3905 mirum
564 3847 861 3918 plurimam
895 3841 1041 3914 patri
1096 3854 1320 3910 Operam
1357 3838 1661 3894 contulisse
1685 3875 1703 3903 ,
1734 3845 1794 3892 ut
1847 3851 1917 3891 ex

316 3940 601 4012 lapidibus
631 3951 845 3993 sacram
886 3950 1007 3990 eam
1035 3934 1206 3988 erdem
1232 3929 1568 3987 aediﬁcaret?

400 4033 612 4089 Deinde
647 4040 935 4101 parentum
979 4031 1217 4083 honores
1263 4043 1277 4081 :
1330 4025 1422 4095 qui
1478 4038 1674 4094 nempe
1712 4021 1918 4082 verbis.

324 4128 421 4199 qui
451 4126 570 4196 ipsa
602 4121 897 4194 praestandi
934 4134 1023 4174 re:
1057 4116 1389 4189 pupillorum
1419 4111 1922 4179 tntamiua,vidua-

325 4233 454 4275 rum
489 4213 770 4287 praesidia,
803 4224 1105 4282 pauperum
1138 4206 1473 4278 patrocinia,
1510 4219 1725 4269 senum,
1750 4218 1922 4273 aegre-

326 4318 541 4373 torum,
573 4305 951 4360 meudicorum
977 4300 1251 4370 hospitia;
1298 4307 1410 4353 tum
1441 4312 1562 4367 qua:
1612 4296 1762 4351 solus
1806 4295 1923 4364 ipse

331 4416 398 4458 ac
458 4398 697 4456 seorsim
759 4395 1034 4452 exstruxit
1088 4394 1142 4448 in
1193 4391 1403 4463 patria;
1463 4397 1578 4444 tum
1605 4388 1801 4457 quibus
1831 4402 1926 4461 es?

331 4492 622 4551 struendis
650 4488 859 4546 sociam
901 4502 1125 4542 manum
1160 4484 1394 4540 contulit
1438 4481 1619 4535 amico
1650 4495 1714 4534 ac
1748 4477 1923 4533 sodali

334 4588 584 4655 Basilio;
616 4599 716 4640 nee
741 4582 875 4638 solis
898 4580 1156 4651 Operibus
1181 4593 1304 4643 qua:
1329 4590 1427 4631 sua
1473 4581 1633 4630 erant
1675 4571 1927 4627 fovendis

335 4683 455 4753 ipse
482 4676 844 4739 conferebat,
884 4672 977 4728 sed
1021 4680 1077 4726 et
1108 4669 1290 4725 verbis
1306 4667 1561 4723 eximiam
1592 4665 1930 4720 adhortatio—

338 4774 430 4829 nis
464 4773 576 4824 vim
611 4767 964 4829 habentibus,
1001 4777 1165 4817 saxea
1198 4760 1315 4830 ipsa
1363 4769 1580 4828 pectora
1615 4756 1680 4811 ad
1712 4770 1921 4825 paupe-

340 4878 469 4919 rum
536 4876 603 4917 ac
635 4858 1014 4914 meudicorum
1047 4867 1291 4907 amorem
1320 4848 1646 4905 suscitabat.

418 4957 499 5009 Ac
552 4952 770 5023 quidem
828 4963 960 5020 erga
1015 4944 1367 5001 adversarios
1417 4941 1583 4995 rebus
1614 4954 1688 4996 .ac
1747 4937 1934 4996 verbis

351 5046 625 5102 contraria
695 5043 917 5110 studia;
976 5054 1103 5109 erga
1159 5045 1341 5092 autem
1402 5033 1737 5088 domesticos
1807 5029 1936 5084 ﬁdei

353 5138 769 5209 Opitulatioues,
792 5131 1256 5205 gubernationcs,
1291 5142 1401 5182 non
1440 5135 1547 5180 tam
1584 5124 1649 5178 ad
1689 5136 1890 5192 corpus
1921 5159 1939 5186 ,

349 5245 521 5303 quam
552 5230 618 5285 ad
647 5230 894 5283 animum
923 5230 1235 5295 spectantes
1267 5219 1336 5286 "‘,
1360 5234 1485 5274 cum
1518 5217 1638 5286 ejus
1695 5214 1943 5270 doctrina

352 5339 423 5380 ac
493 5322 611 5393 lege
652 5319 839 5377 cuncti
874 5317 1315 5390 gubernareutur
1372 5325 1436 5364 ac
1483 5314 1841 5378 pascerentur
1866 5304 1936 5359 ⁸⁵.

346 5416 489 5473 Nam
511 5414 757 5471 Casario
776 5413 947 5468 fratre
966 5410 1079 5480 jam
1113 5404 1255 5462 vivis
1286 5409 1564 5473 exempto,
1610 5413 1736 5455 cum
1786 5410 1940 5469 pater

414 5548 462 5583 “
502 5551 628 5609 Gal.
660 5566 740 5615 vt,
766 5547 820 5605 8.
898 5548 946 5581 ⁸⁸
974 5545 994 5601 1
1024 5546 1154 5603 Cor.
1178 5559 1279 5610 xu,
1308 5541 1400 5599 28.

429 5699 510 5772 (7)
542 5697 599 5772 [ιι
625 5705 799 5772 totum
829 5691 1056 5772 orat_._l_.

428 5761 511 5841 (8)
540 5766 698 5823 Orat.
726 5765 815 5834 l9,
852 5779 907 5835 p.
937 5761 1063 5818 515.

1479 5540 1524 5573 ⁶⁶
1554 5537 1702 5596 Psal.
1733 5553 1904 5604 Lxxtt,
1944 5536 1996 5593 8.

1975 538 2170 607 nisque
2208 536 2411 607 gravis,
2448 551 2514 591 ac
2541 552 2772 607 corpore
2802 540 3010 596 morbis
3044 543 3267 609 attrito,
3302 541 3573 598 Ecclesia

1975 637 2130 683 certo
2159 626 2255 682 Dei
2292 627 2527 683 consilio
2569 628 2815 685 molestis
2868 632 3056 700 rebus,
3080 648 3176 687 seu
3225 620 3572 704 inaequalita-

1977 720 2126 774 tibus
2163 717 2404 775 ferendis
2464 721 2642 791 impar
2687 731 2860 788 esset,
2890 721 3193 794 Gregorius
3244 725 3320 779 illi
3372 736 3573 782 cuncta

1976 820 2115 875 erat,
2164 812 2468 868 senectutis
2503 814 2751 876 baculus.
2785 817 3107 872 morborum
3141 818 3375 883 curatio,
3402 819 3576 873 aediﬁ-

1977 903 2121 955 catio
2146 903 2418 972 corporis.
2444 903 2613 958 animi
2649 906 2891 975 requies,
2928 907 3173 963 solamen
3210 900 3472 978 spiritus;
3509 922 3577 964 ac

1980 994 2126 1065 quod
2158 994 2507 1064 potissimum
2528 997 2801 1061 omnium,
2823 1013 3083 1054 sensuum
3108 1000 3277 1054 animi
3303 999 3574 1067 custodia,

1980 1102 2044 1142 ac
2074 1101 2354 1142 succussu;
2388 1086 2507 1142 ﬁdei
2542 1089 2874 1144 emendatio.

2055 1178 2269 1235 Etenim
2306 1180 2582 1250 ejusmodi
2615 1180 2825 1250 aliquid
2847 1182 2968 1252 ejus
3003 1184 3308 1241 rationibus
3350 1184 3574 1241 accidit.

1982 1270 2121 1339 Quia
2161 1273 2308 1328 enim
2339 1273 2671 1328 Arianorum
2707 1273 2864 1328 furor
2903 1290 3123 1331 omnem
3179 1280 3578 1348 propemodum

1985 1375 2255 1421 terrarum
2331 1367 2523 1422 orbem
2599 1376 2951 1438 pervaserat;
3008 1386 3261 1440 novaque
3317 1370 3581 1427 adt‘crsus

1985 1457 2273 1513 Trinitatis
2298 1459 2665 1528 aequalitatem
2700 1459 2975 1525 doctrina,
3009 1476 3109 1516 ceu
3147 1463 3265 1516 lues
3293 1462 3580 1531 quaedam.

1986 1550 2101 1606 sive
2156 1566 2498 1622 grangrama,
2534 1567 2632 1621 per
2681 1567 2876 1608 omnes
2927 1554 3258 1623 protincias,
3306 1556 3583 1623 urbesque

1987 1644 2365 1712 grassabatur,
2422 1658 2487 1699 ac
2544 1653 2660 1698 tum
2721 1644 3098 1715 imperatores,
3136 1655 3248 1699 tum
3305 1646 3583 1717 principes

1991 1750 2356 1806 proceresque
2387 1752 2450 1791 ac
2478 1739 2732 1807 populos,
2772 1737 2907 1807 quin
2962 1737 3128 1791 etiam
3159 1738 3325 1805 (quod
3365 1737 3584 1792 dirissi-

1997 1840 2144 1880 mum
2175 1828 2442 1896 omnium)
2463 1830 2634 1883 malos
2659 1828 2924 1898 praesules
2956 1828 3056 1882 sibi
3094 1828 3408 1895 addixerat;
3443 1844 3585 1898 quos

1997 1918 2081 1970 vel
2113 1934 2328 1984 eorum,
2354 1920 2446 1988 qui
2473 1934 2655 1973 rerum
2688 1917 2853 1986 potiri
2876 1917 3223 1983 videbantur,
3250 1927 3427 1974 melus
3452 1918 3589 1988 deji-

1997 2023 2169 2079 ceret,
2212 2014 2295 2067 vel
2322 2014 2489 2083 (quod
2529 2012 2907 2085 mitissimum)
2989 2013 3294 2084 ignorantia
3353 2014 3587 2069 falleret.

1999 2103 2229 2170 Quando
2258 2103 2470 2158 scilicet
2499 2103 2684 2159 videre
2712 2112 2835 2160 erat
2868 2104 3016 2158 dirui
3057 2105 3351 2171 ecclesias,
3387 2103 3592 2175 templa

1999 2196 2201 2257 ablata,
2236 2195 2526 2250 cruoribus
2562 2193 2791 2260 foedata,
2826 2209 3096 2265 sacraque
3121 2194 3378 2264 spoliata,
3402 2204 3593 2251 sancta

2000 2287 2229 2357 polluta,
2276 2298 2463 2355 atque,
2500 2295 2557 2340 ut
2598 2286 2953 2355 proverbium
3001 2295 3120 2351 est,
3149 2286 3318 2342 illotis
3364 2285 3595 2357 pedibus

2003 2379 2243 2449 projecta
2299 2394 2363 2433 ac
2394 2377 2740 2434 conculcata.
2797 2376 3031 2444 Quando
3063 2378 3159 2449 qui
3202 2393 3351 2434 sana:
3406 2387 3596 2433 rectae-

2002 2485 2110 2539 que
2136 2469 2254 2524 ﬁdei
2285 2477 2610 2533 assertores,
2639 2482 2704 2523 ac
2734 2467 2954 2538 pietatis
2992 2469 3231 2522 cultores
3267 2467 3321 2520 in
3347 2464 3598 2521 Ectlesia

2003 2570 2161 2617 erant
2188 2560 2457 2625 universi,
2484 2561 2601 2615 suis
2631 2561 2873 2628 ipsorum
2902 2562 3135 2629 turp'ter
3161 2558 3597 2627 expellebantur,

2005 2668 2070 2707 ac
2099 2653 2181 2733 vel
2212 2651 2527 2707 carceribus
2559 2650 2813 2719 publicis,
2842 2650 2924 2704 vel
2948 2649 3275 2721 gravissima
3310 2646 3474 2711 fame,
3504 2657 3603 2702 aut

2007 2744 2293 2800 acerrimis
2333 2743 2683 2807 verberibus,
2717 2750 2814 2797 aut
2853 2742 3017 2809 longe
3047 2741 3299 2812 plu:imis
3325 2738 3602 2808 variisque

2008 2837 2185 2908 plagis
2232 2851 2298 2901 ac
2326 2833 2850 2897 dehonestamentis,
2892 2842 2989 2888 aut
3016 2832 3332 2887 durissimis
3362 2830 3600 2895 exsiliis,

2008 2938 2104 2985 aut
2141 2927 2527 2991 amarissimis,
2568 2937 2628 2980 ut
2658 2926 2825 2980 verbo
2853 2924 3055 2988 dicam,
3090 2922 3486 2979 eruciamentis
3537 2937 3604 2977 ac

2011 3021 2279 3077 molestiis
2333 3020 2552 3085 tentati,
2603 3027 2847 3073 extrema
2908 3016 3131 3071 adibant
3183 3016 3448 3086 pericula,
3496 3014 3603 3071 nisi

2013 3114 2281 3186 impietati
2342 3128 2629 3189 assensum
2687 3114 3022 3182 praeberent;
3074 3120 3241 3181 atque
3289 3110 3329 3165 ii
3379 3109 3604 3180 quidem

2016 3212 2211 3275 sponte
2242 3203 2472 3259 urbibus
2515 3202 2917 3271 demigrantes,
2948 3203 3277 3272 desertaque
3317 3216 3383 3257 ac
3410 3202 3606 3257 solitu-

2015 3296 2174 3351 dines
2217 3295 2359 3348 ultro
2404 3303 2675 3364 petentes,
2717 3309 2842 3349 eum
2868 3342 2871 3345 λ
2899 3293 3091 3361 bestiis
3126 3292 3339 3348 ratione
3372 3290 3610 3347 carenti-

2016 3389 2119 3443 bus
2149 3386 2392 3442 exerceri
2429 3386 2494 3439 ad
2537 3385 2794 3456 pietatem
2832 3385 3130 3449 malebant,
3168 3398 3333 3453 quam
3361 3382 3609 3438 habitare

2018 3494 2143 3536 cum
2192 3465 2259 3534 iis
2284 3477 2350 3544 ⁸⁸,
2376 3478 2470 3547 qui
2497 3478 2645 3547 loqui
2665 3477 2718 3530 in
2743 3476 2964 3532 excelso
2987 3475 3383 3544 blasphemiam
3408 3481 3613 3547 temere

2020 3571 2314 3627 audebant.
2384 3568 2667 3638 Quotquot
2742 3574 2927 3623 autem
2991 3565 3283 3622 contrariae
3336 3563 3614 3633 opinionis

2021 3672 2199 3729 erant,
2233 3676 2298 3717 ac
2343 3675 2406 3717 se
2454 3659 2723 3730 impietati
2771 3659 3115 3724 addixerant,
3155 3656 3418 3713 ecclesias
3469 3654 3614 3709 obti-

2023 3763 2238 3821 nentes,
2277 3768 2484 3824 easque
2516 3753 2665 3809 velut
2708 3767 2824 3807 suae
2855 3751 3100 3821 ipsorum
3158 3748 3325 3818 hujus
3358 3745 3617 3816 nequitia'

2024 3847 2235 3902 munita
2278 3847 2531 3916 quaedam
2564 3844 2815 3914 praesidia
2846 3843 3249 3906 existimantes,
3279 3838 3405 3895 inde
3436 3837 3492 3892 in
3518 3851 3617 3892 eos

2024 3940 2117 4010 qui
2171 3940 2425 4009 pietatem
2486 3938 2667 3993 colere
2720 3935 3046 3993 statuissent
3100 3933 3617 4001 irrumpentes,eos

2027 4033 2439 4102 disperdcbant.

2100 4124 2254 4181 Tunc
2320 4125 2513 4194 plane,
2567 4133 2695 4178 tunc
2758 4134 2978 4191 quoque
3034 4118 3088 4173 iu
3140 4116 3322 4187 magni
3369 4112 3617 4185 Gregorii

2029 4217 2287 4286 patriam,
2309 4214 2453 4268 velut
2483 4227 2749 4283 aquarum
2771 4211 3067 4265 vehemens
3088 4208 3327 4278 impetus
3344 4205 3620 4261 haereseos

2031 4307 2212 4363 scelus
2241 4310 2840 4374 erumpens,quotquot
2860 4301 3006 4355 leves
3038 4300 3245 4355 invenit
3288 4313 3353 4352 ac
3388 4294 3619 4359 debiles,

2034 4398 2275 4469 abripuit
2332 4396 2525 4466 utique
2591 4410 2657 4450 ac
2703 4392 2961 4448 dissolvit
3008 4390 3121 4462 (ubi
3146 4400 3201 4445 et
3228 4397 3433 4461 patrem
3477 4386 3622 4441 fama

2037 4502 2143 4557 est,
2171 4490 2371 4546 mentis
2402 4488 2752 4560 simplicitate
2781 4486 3057 4552 delusum,
3102 4483 3322 4546 litteris,
3358 4490 3467 4535 non
3502 4480 3627 4535 ani—

2039 4597 2167 4646 mo,
2217 4589 2276 4634 ut
2329 4578 3030 4649 nequissimis_asscnsum
3085 4573 3277 4636 daret,
3330 4570 3626 4625 adductum

2032 4688 2154 4729 esse
2179 4670 2308 4744 [9]),
2331 4679 2603 4741 quotquot
2624 4683 2753 4724 vero
2784 4666 3030 4739 Gregorii
3059 4663 3344 4733 theologia
3395 4675 3461 4716 ac
3504 4658 3628 4715 ﬁdei

2033 4775 2201 4837 petra:
2252 4764 2411 4819 ﬁrmo
2457 4762 2814 4817 fundamento
2846 4758 3144 4823 haeserant,
3183 4753 3320 4810 nihil
3365 4752 3626 4807 haeretica

2034 4858 2088 4914 vi
2134 4871 2199 4912 ac
2249 4855 2450 4927 injuria
2478 4852 2790 4936 labefacta.“
2852 4850 3134 4919 emotique
3181 4850 3627 4918 permanserunt.

2110 4943 2354 4998 Noemus
2407 4941 2594 5010 itaque
2650 4932 2804 5001 olim,
2833 4952 2960 4993 cum
3001 4949 3118 4991 suae
3158 4932 3334 4989 aetatis
3366 4933 3633 4987 scelerata

2042 5046 2200 5108 gente
2242 5036 2358 5106 ipse
2402 5033 2652 5089 criminis
2698 5038 2977 5100 expertem
3050 5039 3401 5084 communem
3468 5021 3634 5078 vitam

2043 5143 2245 5198 agens,
2300 5127 2516 5180 iuventa
2552 5123 2725 5194 gratia
2756 5121 2899 5192 apud
2945 5118 3136 5183 Deum,
3175 5117 3422 5172 futurum
3462 5125 3637 5184 aqua-

2048 5232 2166 5270 rum
2196 5214 2380 5269 illuvie
2405 5211 2593 5266 mundi
2618 5211 2847 5266 docetur
2869 5206 3136 5263 exitium:
3167 5204 3300 5275 quin
3326 5211 3383 5257 et
3413 5200 3637 5255 modum

2046 5307 2298 5372 docetur,
2332 5318 2442 5376 quo
2488 5318 2519 5358 a
2572 5302 2732 5358 malis
2780 5299 3100 5356 liberandus
3128 5297 3450 5364 sitzexque
3474 5287 3639 5359 lignis

2048 5396 2252 5454 aﬁ‘abre
2278 5403 2561 5467 compacta
2592 5409 2745 5461 arca,
2780 5402 2945 5465 atque
2973 5392 3028 5447 in
3065 5404 3188 5446 eam
3236 5383 3449 5445 cunctis
3472 5378 3637 5439 simul

3033 5565 3063 5591 θ

2126 5675 2204 5746 (9)
2233 5672 2394 5743 Grcg.
2430 5677 2571 5749 orat.
2608 5666 2697 5736 l9,
2728 5680 2784 5737 p.
2813 5662 2943 5720 297.
2978 5616 2979 5619 Ἰ
