4022 6434
1655 364 1951 431 NICETJE
1979 364 2508 430 PAPHLAGONIS

3638 376 3736 441 4.36

461 488 785 545 animalium
816 485 1057 543 inductis
1085 484 1414 554 seminibus,
1439 499 1718 557 uxorequc
1744 499 1808 540 ac
1836 480 1961 538 filiis
1988 497 2049 536 ra
2076 482 2121 541 Α
2155 490 2275 536 rato
2332 481 2531 553 singuli
2567 496 2629 536 ac
2673 496 2920 554 congruo
2970 491 3250 556 tempore,
3279 484 3424 556 quod
3482 486 3740 558 cujusque

459 580 708 645 inclusis,
769 579 822 632 in
883 594 1007 633 eum
1061 578 1283 633 modum
1348 578 1597 634 caelestes
1644 585 1952 631 cataractas
1985 590 2050 629 ae

458 672 640 743 abyssi
703 685 972 740 aquarum
1031 667 1247 734 fontes,
1285 684 1470 724 semen
1524 667 1639 736 ipse
1691 680 1754 719 ac
1797 664 2049 734 primitiae

459 764 643 819 saeculi
703 762 986 830 sequentis
1041 769 1315 826 servatus,
1376 761 1569 815 evasit.
1635 758 1705 811 At
1753 756 2048 826 Gregorius

454 857 736 909 ltzercseon
772 853 1076 923 praevidens
1107 854 1355 922 spiritale
1389 850 1652 905 diluvium
1677 890 1690 913 ,
1719 859 1873 903 tanto
1911 849 2044 902 illud

457 946 646 1001 Noemi
674 946 879 999 diluvio
915 945 1153 1015 gravius;
1196 953 1402 1013 quanto
1434 942 1724 995 animabus
1757 939 2042 995 interitum

458 1054 650 1109 parere
684 1039 748 1091 ad
780 1045 1171 1093 nocumentum
1205 1036 1403 1104 majus,
1439 1048 1604 1104 quam
1647 1032 1823 1087 labem
1856 1045 2049 1102 corpo-

458 1132 612 1185 ribus
674 1131 907 1196 ini'erre;
966 1144 1234 1198 suamque
1313 1128 1430 1196 ipse
1507 1124 1809 1180 Ecclesiam
1860 1139 2046 1179 arcam

454 1222 753 1289 fabricatis,
808 1230 972 1291 atque
1030 1235 1149 1275 eam
1200 1221 1419 1275 arcanis
1452 1218 1721 1275 doctrinis
1780 1227 2048 1286 rectmque

455 1317 580 1370 ﬁdei
614 1314 954 1369 documentis
988 1312 1402 1378 communiens;
1437 1327 1537 1366 nec
1589 1325 1686 1367 eos
1743 1306 1921 1365 solum
1955 1312 2046 1377 qui

454 1406 671 1476 generis
703 1404 1110 1459 necessitudine
1134 1403 1546 1472 contingebant,
1575 1402 1669 1458 sed
1703 1408 1756 1457 et
1788 1402 1881 1472 qui
1918 1402 2049 1456 alie-

422 1497 664 1564 .nigente
708 1495 1032 1547 videbantur
1079 1492 1235 1564 (quos
1270 1508 1465 1563 nempe
1493 1508 1683 1549 omnes
1724 1492 1817 1547 Dei
1862 1502 2046 1562 prote-

451 1599 585 1652 gens
606 1584 828 1637 dextera
855 1584 1221 1653 adduxisset),
1239 1599 1503 1655 perquam
1538 1583 1795 1639 alacriter
1820 1584 2045 1638 lubens-

450 1690 559 1745 quc
598 1676 893 1745 recipiens,
930 1676 1220 1746 edulisque
1247 1692 1344 1730 eos
1383 1691 1455 1743 ac,
1483 1675 1831 1731 suavissimis
1862 1673 2046 1729 Trini-

450 1774 564 1821 tate
614 1768 815 1821 tuemia
862 1769 1215 1823 sermonibus
1250 1768 1523 1833 nutriens,
1553 1769 1622 1822 ab
1652 1768 1798 1822 οηιηί
1846 1768 2045 1822 illaesos

450 1858 622 1912 animi
654 1858 862 1937 diluvio
899 1867 1104 1913 servat.

519 1951 590 2005 At
636 1952 860 2020 quidem
910 1952 1003 2006 ille
1032 1949 1297 2022 (Noemus
1339 1951 1577 2023 scilicet)
1629 1951 1717 2008 sui
1765 1952 1952 2017 unius,
1987 1959 2048 2005 ut

448 2042 684 2108 videtur,
715 2058 827 2098 rem
876 2059 1064 2112 agens,
1109 2058 1323 2113 suaque
1372 2045 1640 2098 duntaxat
1677 2053 1955 2113 spectans,
1991 2043 2047 2097 in

449 2144 577 2189 octo
617 2134 796 2189 solum
834 2133 1070 2187 maxima
1131 2133 1438 2203 conjunctis
1464 2133 1868 2187 necessitudine
1931 2132 2050 2186 ani-

451 2225 648 2279 mabus
702 2224 938 2279 salutem
972 2223 1185 2292 paravit
1222 2241 1235 2277 :
1273 2224 1362 2278 hic
1394 2231 1596 2288 autem,
1623 2223 1676 2276 iu
1724 2222 2045 2289 multorum,

449 2331 618 2385 quam
658 2316 713 2368 in
756 2328 914 2369 suam
959 2314 1075 2385 ipse
1100 2318 1334 2370 salutem
1374 2315 1569 2370 ail‘eetu
1597 2315 1952 2385 propensior;
1983 2329 2047 2371 ac

446 2425 573 2464 cum
620 2423 745 2463 eum
798 2423 910 2462 non
947 2409 1128 2462 mittor
1157 2421 1348 2462 eorum
1396 2422 1529 2463 cura
1556 2417 1822 2477 tangeret,
1854 2408 1946 2477 qui
1987 2421 2047 2462 se

445 2496 863 2562 abscindebant,
888 2512 1053 2567 quam
1089 2498 1185 2567 qui
1218 2498 1554 2553 accedebant
1583 2512 1644 2552 ae
1674 2498 2046 2569 adjungeban-

448 2598 569 2654 tur;
604 2574 834 2657 paterno
873 2586 1094 2657 quidem
1120 2588 1398 2643 sermonis
1429 2588 1628 2644 delicto
1665 2592 1938 2645 sermonis
1969 2589 2042 2654 vi,

446 2696 513 2736 ac
547 2682 777 2750 spiritus
826 2691 1100 2750 rectaeque
1151 2680 1274 2735 fidei
1328 2682 1663 2736 abundantia
1715 2682 1951 2748 obtecto,
1981 2698 2045 2735 ac

446 2772 720 2843 quidquid
765 2772 911 2827 illius
944 2787 1078 2844 ergo
1109 2773 1428 2829 oﬂ'ensionis
1474 2774 1760 2841 inciderat,
1793 2775 2041 2841 sublato,

448 2880 549 2919 nec
588 2880 701 2919 non
746 2865 1095 2921 sermonibus
1126 2867 1192 2921 ad
1222 2880 1410 2935 pacem
1439 2866 1756 2922 deccntibus
1781 2869 2045 2937 tantisper

446 2955 710 3010 eifrenem
759 2957 1172 3011 aemulationem
1235 2957 1527 3024 deliniens,
1577 2959 1857 3013 discordes
1902 2960 2041 3029 patri

444 3046 705 3101 conciliat
747 3047 996 3113 animos;
1056 3061 1370 3117 magnoque
1409 3064 1473 3103 ac
1515 3049 1823 3104 concordia:
1867 3049 2038 3104 tenaci

2152 574 2452 630 [unctionis
2485 584 2590 637 est,
2632 574 2860 645 implent
2915 591 2979 631 ac
3009 589 3290 646 praestant.
3323 577 3616 647 Gregorius
3648 596 3739 633 au-

2151 673 2259 721 tem
2308 666 2396 720 cui
2440 681 2694 736 sugirema
2728 667 2935 721 credita
2969 668 3240 738 theologia
3281 668 3453 736 foret;
3490 679 3648 739 atque
3675 673 3740 726 ad

2151 772 2508 828 personarum
2587 758 2931 825 Trinitatem,
3026 776 3089 814 ac
3192 760 3417 815 Dritatis
3485 762 3739 816 unitatem

2151 847 2407 902 universo
2508 848 2625 901 orbi
2722 831 3129 919 praedicationis
3235 850 3539 905 luminibus
3609 851 3741 906 inic-

2150 937 2395 1000 rendam,
2461 938 2662 993 missus
2719 947 2886 1001 esset,
2951 939 3168 993 tametsi
3221 941 3469 1009 corporis
3532 940 3738 996 l‘tiliOile

2150 1028 2291 1083 intra
2348 1029 2529 1083 brevis
2582 1029 2685 1082 loci
2733 1038 2853 1083 erat
2890 1028 3146 1084 deﬁnitus
3176 1030 3492 1100 angustias;
3520 1029 3734 1087 Bliti33i8

2150 1120 2559 1191 pra-magniﬁce
2591 1130 2704 1175 toto
2746 1121 2950 1175 mundo
2979 1121 3265 1191 theologiae
3297 1120 3487 1186 radiis,
3511 1120 3647 1174 alios
3672 1122 3738 1175 ad

2150 1212 2332 1266 lmncn
2391 1210 2515 1265 vita:
2557 1212 2901 1277 attrabebat;
2948 1220 3219 1282 quotquot
3271 1210 3482 1266 scilicet
3509 1210 3735 1280 potioris

2152 1303 2379 1356 rationis
2418 1317 2481 1356 ac
2507 1303 2724 1371 pietatis
2746 1311 2937 1369 erant;
2966 1303 3104 1356 alios
3140 1301 3403 1366 tenebris,
3434 1301 3567 1355 dubi
3604 1311 3734 1370 tate,

2148 1391 2471 1446 confusione
2500 1398 2630 1461 (non
2668 1408 2765 1447 sua
2800 1392 2918 1462 ipse.
2960 1391 3144 1447 indole
3177 1406 3241 1447 ac
3283 1394 3606 1462 preposito.
3647 1397 3738 1448 sed

2149 1485 2364 1539 illorum
2414 1485 2581 1539 animi
2619 1486 2920 1556 pravitate;
2957 1493 3229 1556 quotquot
3274 1483 3540 1538 nimirum
3592 1494 3748 1542 erant

2148 1558 2416 1629 haeretica:
2450 1574 2610 1644 labis)
2637 1574 2917 1640 implebat.

2218 1669 2390 1724 Porro
2420 1670 2581 1724 etiam
2619 1669 2765 1723 illum
2796 1669 3089 1740 episcopali
3121 1668 3495 1725 consummari
3540 1680 3749 1738 Illysie-

2151 1762 2233 1816 rio
2263 1762 2506 1817 decebat.
2542 1760 2645 1816 Par
2692 1777 2929 1833 namque
2967 1763 3274 1828 videbatur,
3319 1772 3379 1817 ut
3417 1761 3513 1832 qui
3549 1762 3748 1818 nedum

2150 1854 2536 1924 epise0palem,
2584 1854 2679 1909 sed
2730 1864 2783 1909 et
2826 1855 3213 1925 apostolicum,
3262 1871 3492 1925 eperum
3532 1856 3750 1921 merito,

2152 1946 2400 2001 ordinem
2434 1944 2708 2014 explebat,
2770 1946 2997 1999 omnino
3036 1960 3257 2014 quoque
3301 1944 3751 1999 ordinationibus

2150 2038 2323 2092 sacris
2366 2038 2736 2106 perficeretur.
2773 2036 2964 2107 Operre
2984 2039 3217 2108 pretium
3261 2044 3444 2092 autem
3492 2048 3617 2092 erat
3673 2038 3750 2103 id,

2151 2146 2260 2185 non
2323 2128 2675 2200 profanorum
2719 2144 2884 2199 opera
2912 2170 2926 2195 ,
3002 2130 3097 2185 sed
3126 2115 3458 2185 .sanctorum
3501 2147 3517 2197 ;
3573 2146 3754 2201 neque

2150 2237 2247 2291 per
2275 2236 2370 2278 cos
2400 2222 2714 2292 quiindigni
2743 2218 2994 2276 instituto
3030 2230 3236 2284 essent,
3267 2223 3361 2292 qui
3396 2231 3450 2277 et
3490 2221 3751 2277 deitatem

2149 2315 2462 2370 damnanda
2513 2315 2815 2369 temeritate
2863 2314 2915 2368 in
2963 2323 3074 2370 tres
3119 2314 3255 2369 alias
3290 2314 3413 2367 aliis
3454 2322 3754 2370 extraneas

2149 2407 2567 2461 contrarietates
2614 2399 2944 2471 scintlcrent,
3000 2405 3092 2460 sed
3137 2420 3231 2474 per
3269 2420 3367 2459 eos
3416 2405 3508 2474 qui
3562 2404 3754 2477 gratia:

2148 2494 2452 2550 ﬁdelissimi
2480 2494 2904 2564 dispensatores,
2932 2509 2997 2549 ac
3021 2493 3305 2549 Trinitatis
3330 2494 3608 2549 veriSsimi
3637 2492 3748 2549 tui-

2148 2589 2309 2644 nistri
2382 2598 2589 2643 essent.
2637 2587 2739 2654 Qui
2803 2596 2987 2642 autem
3049 2586 3318 2658 ejusmodi
3363 2594 3548 2643 essent
3603 2589 3747 2643 nulli

2147 2690 2300 2745 tunc,
2329 2680 2570 2750 exceptis
2590 2678 2878 2750 Gregorio,
2906 2680 3053 2734 illius
3076 2683 3248 2750 patre,
3281 2695 3343 2735 ac
3374 2679 3598 2748 Basilio,
3637 2681 3753 2738 illic

2145 2774 2479 2831 exsistebant
2502 2792 2517 2840 ;
2543 2786 2773 2844 quorum
2795 2773 2928 2827 alter
2945 2772 3114 2825 tilium
3145 2772 3258 2842 pari
3282 2787 3471 2827 secum
3499 2771 3754 2840 nomine,

2146 2869 2448 2938 iisdemque
2479 2867 2765 2937 praeditum
2812 2865 3057 2920 moribus
3097 2864 3265 2920 alacri
3309 2865 3494 2919 animo
3528 2866 3758 2935 episco-

2145 2974 2275 3029 pum
2306 2959 2555 3028 designat
2587 2975 2600 3022 ;
2639 2959 2773 3012 alter
2797 2967 3003 3023 autem,
3040 2972 3163 3011 cum
3191 2957 3304 3027 jam
3338 2954 3599 3012 Ecclesia:
3629 2954 3753 3011 Cte-

2146 3051 2407 3108 sariensis
2435 3051 2639 3105 credita
2670 3049 3039 3119 gubernacula
3088 3050 3413 3118 accepisset,
3446 3064 3615 3104 sacro
3642 3051 3751 3105 rittt

445 3138 703 3193 Ecclesia:
753 3138 921 3193 coetui
957 3138 1173 3192 sincera
1238 3152 1478 3209 veraque
1529 3140 1649 3194 lidei
1695 3140 2111 3214 confessionec
2148 3143 2326 3197 initiat
2367 3152 2531 3212 atque
2585 3143 2852 3210 ordinat;
2899 3142 3159 3212 additque
3199 3144 3448 3212 spiritum
3499 3142 3748 3212 spiritui,

445 3230 792 3292 devinciens,
822 3230 1085 3298 populum
1139 3229 1372 3283 Domino
1405 3230 1734 3301 peculiarem
1760 3271 1775 3296 ,
1803 3240 2042 3287 sectato-

448 3336 565 3375 rem
606 3322 880 3375 bonorum
930 3335 1161 3391 operum
1181 3322 1249 3386 ⁸⁷,
1280 3322 1516 3392 pastoris
1564 3324 1785 3379 solertia
1826 3323 2039 3379 salvum

446 3411 675 3480 recepit.

516 3502 730 3567 Quibus
781 3503 973 3573 igitur,
1020 3504 1089 3572 is,
1121 3504 1214 3575 qui
1248 3504 1482 3575 spiritali
1531 3506 1745 3562 ratione
1774 3508 1842 3562 ab
1872 3509 2040 3563 animi

442 3596 616 3651 exitio
651 3596 871 3661 liberat,
899 3597 974 3651 illi
1022 3608 1261 3667 prwstet,
1297 3601 1389 3669 qui
1421 3613 1450 3653 a
1480 3600 1728 3669 corporis
1759 3602 1911 3667 labe;
1946 3603 2039 3671 qui

445 3688 859 3753 multitudinem
913 3705 1143 3745 numero
1194 3692 1486 3761 majorem,
1538 3692 1635 3754 illi,
1689 3694 1780 3763 qui
1834 3709 2041 3764 paucas

442 3780 665 3834 animas
710 3778 888 3834 salute
929 3782 1134 3849 donat;
1178 3783 1269 3837 his
1311 3781 1608 3853 Gregorius
1643 3783 1833 3840 Nucmi
1879 3786 2040 3840 clari-

443 3881 606 3927 tatem
662 3873 1062 3929 obscuraverit.
1130 3877 1424 3930 Enimvero
1460 3878 1591 3947 quid
1642 3879 1708 3933 iis
1736 3892 1861 3949 quas
1895 3880 2039 3935 illius

444 3964 657 4019 minora
710 3975 876 4030 sunt,
956 3968 1297 4035 immorans,
1359 3971 1663 4025 orationem
1724 3975 2041 4042 protrahere

443 4057 658 4123 videor,
695 4073 819 4112 cum
875 4075 1056 4129 operte
1087 4062 1321 4130 pretium
1355 4062 1425 4116 sit
1461 4072 1519 4116 ut
1552 4064 1618 4116 ad
1655 4065 1862 4134 majora
1894 4066 2041 4121 illius

440 4149 709 4203 mirabiiia
740 4161 1113 4217 transeamus,
1148 4156 1425 4221 gestisque
1455 4153 1875 4224 perfectioribus
1914 4173 2038 4227 pcr-

439 4239 730 4293 i'ectiorezu
760 4241 939 4309 ipsum
960 4242 1361 4295 ostendamus?
1428 4276 1434 4281 -

512 4328 900 4385 Sanctiﬁcatus
943 4333 1170 4401 quidem
1220 4332 1573 4390 sanctissimo
1621 4347 1843 4394 sanctos
1888 4350 2040 4396 antc-

437 4437 601 4490 qttam
658 4434 1065 4489 nascerentur,
1122 4425 1199 4477 uti
1253 4433 1309 4478 et
1356 4437 1670 4494 peccatores
1716 4430 1978 4487 alienatus
2008 4448 2037 4486 a

2145 3231 2438 3285 ac'd0uum
2473 3230 2723 3301 adjungit
2759 3232 2926 3286 dono.
2960 3230 3103 3298 Quin
3145 3232 3350 3302 potius,
3390 3233 3464 3286 illi
3489 3230 3749 3303 quidem,

2145 3337 2411 3397 quantum
2460 3328 2635 3384 oculis
2668 3330 3031 3399 conspicuum
3084 3339 3226 3399 erat,
3270 3333 3441 3387 sacris
3473 3322 3750 3404 symbolis

2078 3436 2081 3439 λ
2144 3417 2361 3472 initiant
2405 3432 2466 3473 ac
2491 3418 2779 3488 perﬁciunt
2812 3437 2824 3473 :
2864 3418 3103 3489 Spiritus
3131 3428 3313 3477 autem
3334 3422 3422 3490 qui
3449 3424 3744 3492 proprium

2144 3510 2273 3565 olim
2299 3510 2645 3566 defensorem
2681 3523 2929 3578 noverat,
2956 3513 3010 3567 in
3036 3530 3103 3568 eo
3131 3512 3398 3583 perfectus
3429 3524 3739 3570 manserat.

2144 3602 2223 3658 Ac
2263 3604 2337 3659 illi
2365 3605 2609 3676 quidem,
2638 3606 2783 3676 quod
2819 3606 3133 3661 ordinatum
3162 3615 3318 3662 certa:
3349 3608 3576 3661 omnino
3613 3607 3745 3662 cui-

2143 3699 2267 3753 dam
2303 3698 2510 3753 civitati
2551 3714 2615 3752 ae
2657 3698 2889 3764 regioni,
2923 3715 2987 3753 ex
3021 3716 3306 3756 sacrorum
3342 3716 3621 3756 canonum
3653 3701 3753 3754 in-

2144 3792 2337 3847 stituto
2396 3790 2508 3862 (10)
2572 3792 2920 3862 nuncupari,
2967 3793 3198 3864 ejusque
3255 3794 3527 3866 designari
3587 3795 3763 3851 titulo

2144 3884 2451 3953 Oportebat,
2501 3883 2673 3937 arenti
2712 3882 2832 3938 solo
2893 3894 3249 3954 angustaeque
3294 3884 3613 3956 praeﬁciunt
3657 3901 3767 3955 pa-

2102 4026 2105 4031 ,
2143 3977 2346 4041 rmciae,
2382 3990 2449 4029 ne
2482 3975 2701 4044 quidem
2739 3973 3022 4029 hominum
3056 3975 3408 4041 habitationi,
3445 3978 3669 4032 nedum
3706 3986 3772 4033 ut

2142 4068 2437 4137 episcopali
2463 4069 2578 4123 sedi
2602 4067 2897 4132 suiiiceret,
2916 4069 3050 4123 satis
3075 4071 3399 4135 commodae,
3420 4073 3579 4126 velut
3599 4079 3770 4140 puto,

2142 4161 2234 4230 qui
2263 4160 2525 4215 doctrinae
2549 4161 2622 4226 vi,
2642 4162 2787 4231 quod
2807 4161 2910 4218 loci
2930 4160 3091 4232 genio
3114 4158 3326 4231 deerat,
3349 4173 3540 4233 posset
3575 4165 3779 4220 adim-

2142 4254 2289 4325 plere
2318 4255 2363 4324 (i
2383 4253 2454 4323 i).

2217 4342 2413 4398 Verum
2448 4343 2687 4414 Spiritus
2726 4355 2952 4400 sanctus
2978 4388 2992 4412 ,
3036 4345 3350 4411 divinioris,
3400 4357 3467 4402 ut
3514 4347 3779 4419 videtur,

2118 4451 2412 4506 propensa
2442 4437 2657 4490 consilii
2685 4438 2917 4503 ratione,
2954 4454 3056 4492 nec
3102 4454 3298 4494 eorum
3340 4436 3645 4510 ejusmodi
3677 4459 3779 4498 co-

434 4515 599 4567 vnlva
633 4515 700 4578 ⁸⁸,
735 4516 1021 4571 verissime
1051 4517 1242 4573 divino
1278 4520 1486 4589 Spiritu
1514 4529 1751 4579 testante
1779 4541 2026 4597 comper-
2069 4507 2329 4583 Dnatum
2380 4526 2641 4593 inhibuit,
2698 4545 2799 4584 nec
2844 4538 2904 4583 ut
2952 4530 3041 4584 ille
3071 4529 3138 4584 ad
3185 4507 3433 4600 majores
3482 4534 3788 4592 hactenus

436 4611 555 4656 tum
599 4614 712 4669 est;
743 4605 989 4659 omnium
1025 4607 1195 4672 enim,
1229 4616 1341 4662 tum
1378 4626 1501 4680 qua:
1547 4612 1689 4667 facta
1734 4627 1883 4684 sunt,
1919 4628 2032 4673 tum

435 4712 557 4765 qua:
607 4696 758 4763 ﬂent,
802 4696 1055 4753 similiter
1089 4700 1425 4769 inoﬂ‘ensam,
1458 4708 1931 4783 certissimamque
1970 4731 2035 4771 ac

437 4788 815 4843 ﬁrmissimam
841 4793 985 4861 apud
1014 4806 1141 4846 eum
1166 4809 1289 4850 esse
1317 4798 1589 4854 notitiam.
1624 4801 1729 4856 Alii
1759 4804 1940 4875 itaque
1966 4809 2033 4862 ad

435 4879 582 4933 aliud
614 4880 816 4936 divinae
855 4883 1163 4940 voluntatis
1223 4902 1554 4958 propensum
1592 4894 1906 4963 consilium,
1942 4910 2035 4955 aut

433 4969 613 5038 gentis
640 4971 1040 5040 prazi‘ecturam»,
1067 4975 1353 5046 legemque
1383 4980 1699 5049 ferendam;
1729 4996 1819 5041 aut
1843 4991 2028 5059 populi

433 5060 699 5151 regimen,
730 5074 824 5117 aut
855 5067 1151 5121 sacerdotii
1182 5069 1413 5137 apicem,
1444 5080 1538 5125 aut
1585 5075 1851 5133 visionem
1895 5095 2025 5151 prob

2143 4618 2347 4674 infulas
2400 4618 2697 4688 sedemque
2744 4618 3038 4690 eligeretur
3098 4623 3407 4679 constituit.
3458 4624 3788 4696 Siquidem

2142 4714 2286 4767 cnim
2319 4721 2546 4768 vetusta:
2575 4711 2851 4778 Ecclesiae,
2881 4728 2945 4768 ac
2975 4712 3210 4785 digniori
3243 4718 3405 4772 datus
3447 4720 3793 4790 cpiscOpus

2141 4813 2307 4869 esset,
2356 4804 2580 4859 necesse
2622 4804 2853 4859 iorsitan
2884 4818 3003 4861 erat
3038 4816 3097 4861 ut
3130 4808 3207 4861 illi
3237 4808 3401 4873 ﬁxus,
3438 4811 3614 4867 haud
3653 4814 3795 4869 inde

2147 4895 2432 4951 transferri
2478 4894 2647 4951 facile
2682 4908 2866 4966 posset
2900 4914 2915 4963 ;
2974 4899 3355 4954 ecclesiastica
3398 4903 3661 4958 scilicet
3697 4921 3802 4958 re-

2139 4989 2264 5060 gula
2295 4989 2716 5046 translationum
2747 4990 2798 5045 id
2827 5006 3000 5062 genus
3032 4992 3359 5061 prohibente
3388 4994 3528 5065 (12)
3554 5013 3571 5062 ;
3613 5008 3800 5066 atque

2134 5082 2273 5138 adeo
2300 5081 2542 5137 futurum
2579 5092 2783 5138 eratut
2814 5084 3035 5138 urbittm
3080 5086 3604 5154 praestantissima,
3636 5106 3804 5160 pra:-

432 5150 726 5251 pheticam,
774 5164 869 5251 aut
911 5163 1290 5224 portentosam
1327 5164 1721 5233 operationem,
1750 5179 1845 5224 aut
1888 5150 2024 5242 apo-
2056 5228 2059 5229 ν
2130 5176 2454 5230 stantissimi
2484 5174 2569 5230 sui
2601 5185 2713 5231 tum
2742 5176 3011 5248 episcopi,
3045 5150 3159 5232 tum
3188 5178 3433 5249 pastoris
3465 5150 3801 5251 jacturazn

420 5244 683 5299 'stoiieam
715 5247 980 5313 gratiam;
1028 5259 1124 5304 aut
1180 5256 1426 5324 martyrii
1473 5266 1787 5328 certamen;
1822 5267 2025 5335 aut(ut

424 5335 599 5390 verbo
644 5335 847 5407 dicam)
906 5338 1155 5408 spiritale
1204 5343 1572 5401 ministerium
1624 5351 2016 5422 prmdestiuati,

2128 5267 2452 5325 incurreret.

2200 5360 2464 5432 Denique,
2494 5377 2663 5419 sacrae
2692 5362 2916 5434 quidem
2960 5364 3291 5423 initiationis
3317 5369 3339 5439 (
3366 5369 3490 5425 etsi
3531 5371 3601 5427 id
3637 5389 3805 5445 quo-

500 5496 542 5528 ⁸⁷
581 5499 691 5552 Tit.
725 5516 785 5565 ιι,
824 5501 912 5557 14.
990 5506 1037 5538 ⁸⁸
1071 5507 1181 5565 Jer.
1220 5526 1257 5577 ι,
1285 5511 1319 5567 5
1355 5529 1369 5579 ;
1402 5511 1510 5569 Isa.
1545 5530 1688 5581 xuv,
1723 5514 1791 5581 2;
1824 5516 1973 5573 Psal.
2013 5536 2141 5588 Lvu,
2178 5523 2232 5578 4.

638 5637 865 5729 Gottcil.
903 5642 1163 5729 Qltalced.
1196 5668 1321 5709 can.
1376 5654 1430 5719 6,
1489 5656 1712 5729 Μηδένα,
1752 5661 2019 5717 ἀπολελυ-

430 5716 608 5782 μεγςιξς
638 5716 1089 5782 χειροτονεῖσθαι.

500 5775 614 5844 (ιιι)
642 5775 778 5833 Orat
839 5782 928 5845 eo,
971 5800 1025 5855 ρ.
1056 5789 1160 5844 556

2154 5665 2542 5790 οέιιὶὲἒυϐοηρ.
2603 5667 2812 5727 Nicaen.
2878 5686 3001 5728 can.
3064 5672 3152 5742 15,
3222 5684 3383 5730 eone.
3458 5677 3813 5754 Antias-.13.,
