4022 6412
399 299 500 363 45Ἶ

1143 292 1425 354 ORATIO
1449 293 1575 352 XX.
1619 315 1686 324 —
1726 288 1809 349 ΙΝ
1851 283 2164 346 LAUDEM
2200 282 2260 344 S.
2318 279 2693 339 GREGORH
2728 275 2999 337 THEOL.

3573 270 3679 331 453

398 426 506 479 que
540 407 590 460 vi
624 414 784 472 ;crat
819 403 963 459 enim
1001 400 1047 455 si
1078 402 1204 471 quis
1239 400 1553 456 mortalium
1599 413 1766 468 quam
1808 396 1982 449 maxi-
2012 398 2058 453 Α
2090 390 2157 445 Iis
2201 396 2524 453 cernuntur,
2563 387 2814 456 molcqttc
2873 402 2902 439 a
2946 397 3087 440 terra
3116 390 3415 455 assurgunt
3446 383 3575 447 ;sed
3619 383 3673 436 in

400 516 486 555 me
540 514 571 552 a
631 497 775 552 fastu
833 495 1095 561 alienus;
1144 493 1225 548 sic
1278 503 1460 549 tamen
1501 491 1656 562 quasi
1712 490 1987 560 prtebentc

396 586 664 642 Altissimi
722 582 970 653 dextera)
1022 583 1339 659 summique
1417 580 1711 637 sacerdotii
1770 587 1985 648 sumpta

399 688 649 742 tessera;
677 690 743 730 ac
777 690 901 731 cum
932 673 1140 745 Spiritu
1173 675 1333 740 duce,
1369 672 1438 728 ad
1462 673 1607 743 quod
1654 687 1780 727 eum
1812 671 1986 742 gratia

398 783 539 837 opus
560 776 894 837 segregaret,
941 767 1287 837 exploratum
1324 766 1567 826 haberet,
1604 763 1832 819 omnino
1868 763 1989 833 qui-

398 860 521 914 dam
560 857 902 914 Sasimorum
958 860 1233 914 abdicavit
1292 859 1586 929 parmciam
1640 874 1655 923 ;
1705 870 1986 912 sacrorum

398 961 583 1006 autem
638 951 905 1006 hactenus
960 962 1246 1021 parentum
1304 952 1391 1020 pie
1461 951 1610 1006 cultu
1665 948 1987 1020 defungens,

400 1053 803 1114 paternumque
850 1059 1070 1113 gregem
1123 1043 1410 1113 pastoralis
1458 1043 1691 1097 solertiae
1721 1042 1992 1098 sermoni-

399 1138 526 1200 bus.
551 1152 615 1192 ac
635 1136 899 1207 Operibns
928 1151 1263 1207 componens
1297 1152 1314 1203 ;
1340 1136 1596 1206 velutque
1626 1135 1823 1206 praevia
1855 1152 1994 1206 qua-

400 1228 527 1282 dam
577 1226 990 1291 exercitatione,
1037 1239 1103 1280 ac
1139 1224 1403 1294 prmludio
1433 1225 1627 1294 patriae
1672 1224 1991 1295 episcopatu

399 1335 559 1385 usus,
593 1333 714 1387 sese
745 1319 896 1375 urbis
937 1318 1234 1388 Augustae;
1276 1318 1410 1387 quin
1468 1328 1525 1373 et
1576 1317 1749 1384 orbis,
1795 1316 1991 1389 praefe-

401 1420 577 1466 ctura:
608 1410 830 1480 aptabat
858 1427 874 1476 ;
906 1424 1267 1481 supernteque
1284 1409 1635 1479 perfectionis
1687 1408 1995 1463 arrhabone

400 1511 682 1572 suscepto,
724 1502 790 1557 ad
846 1517 968 1557 eam
1003 1501 1351 1571 festinantem
1383 1500 1755 1571 praeferebat:
1798 1515 1866 1555 ac
1909 1501 1993 1570 pia

401 1595 836 1665 longanimitate,
872 1595 1089 1650 divinas
1118 1593 1515 1665 promissiones
1544 1593 1864 1663 recipiebat.

475 1688 822 1743 Abrallamus
856 1688 1075 1757 quidem
1144 1686 1582 1756 patriarcharum
1632 1686 1993 1750 clarissimus,

402 1779 582 1835 tribus
604 1780 734 1833 viris
751 1779 1035 1835 Trinitatis
1064 1789 1190 1850 typo
1219 1778 1458 1848 hospitio
1485 1777 1815 1848 susceptis“
1840 1794 1855 1842 ;
1886 1778 1995 1831 imo

401 1887 532 1926 cum
565 1872 730 1925 trium
788 1871 1030 1924 virorum
1087 1872 1262 1925 forma
1301 1868 1628 1925 Trinitatem
1686 1870 1993 1924 venientem

404 1964 512 2019 sub
541 1979 746 2033 quercu
796 1961 1168 2033 refrigeraret,
1228 1963 1636 2033 humaniusque
1697 1963 1995 2032 exciperet,

406 2054 817 2110 benedictiones
847 2069 878 2109 a
908 2050 1019 2108 Deo
1044 2054 1398 2125 consequitur
1429 2072 1441 2106 :
1477 2052 1810 2124 hospitiique
1850 2053 1998 2107 illius

386 2147 659 2217 ‘praamio,
715 2146 1117 2217 optatissimam
1148 2146 1315 2202 refert
1365 2147 1811 2217 promissionem.
1839 2144 1999 2211 Qua:-

406 2254 537 2293 nam
602 2254 732 2294 vero
775 2239 1121 2309 promissio?
1150 2238 1354 2308 Nempe
1401 2238 1582 2295 Sarrae
1620 2254 1789 2309 supra
1845 2254 1996 2307 spem

403 2347 627 2388 omnem
662 2370 677 2396 ,
717 2341 1043 2401 aetatemque
1095 2330 1268 2401 prolis
1318 2331 1638 2400 susceptio;
1676 2330 1905 2386 seminis
1934 2345 2000 2386 ca

406 2422 761 2477 multitudine
793 2420 1034 2487 diﬁ‘usio,
1086 2430 1146 2476 ut
1184 2421 1372 2476 stellas
1399 2421 1521 2476 cusli
1581 2431 1803 2490 mquet;
1842 2430 2002 2477 terrae

406 2515 631 2581 optimae
677 2513 964 2568 haereditas
1045 2526 1110 2567 ac
1148 2512 1443 2582 possessio.
1487 2510 1587 2566 Hic
1642 2521 1850 2579 autem,
1888 2527 2000 2567 non

408 2602 589 2656 tribus
631 2601 782 2665 viris,
818 2601 913 2657 sed
958 2601 1177 2655 deitatis
1239 2599 1417 2656 tribus
1468 2602 1765 2670 personis;
1821 2614 2002 2667 neque

406 2692 698 2749 Trinitatis
726 2693 919 2765 ﬁgura,
954 2692 1052 2748 sed
1087 2693 1200 2762 ipsa
1233 2708 1361 2747 vere
1411 2701 1664 2762 suscepta
1692 2692 2000 2759 Trinitate;

409 2802 594 2857 neque
640 2802 705 2842 ea
731 2802 854 2857 quae
880 2785 1051 2842 semel
1085 2787 1285 2856 hospes
1312 2786 1544 2851 venerit,
1586 2784 1681 2840 sed
1710 2800 1835 2855 quae
1860 2802 2005 2841 sent-

408 2893 513 2947 per
543 2878 956 2933 abstrusissima
985 2876 1195 2931 ratione
1230 2876 1478 2943 adesset;
1504 2891 1612 2930 non
1654 2876 2003 2931 irrationabi-

412 2970 563 3023 libus
589 2968 747 3036 cibis,
795 2969 891 3024 sed
926 2968 1066 3023 vivis
1099 2968 1472 3033 sermonibus,
1528 2968 1786 3038 verisque
1835 2969 2001 3023 animi

414 3063 617 3126 sensis,
638 3076 701 3116 ac
732 3061 1064 3124 rationibus,
1087 3060 1317 3131 ipsaque
1343 3075 1472 3116 vere
1500 3059 1680 3130 dignis
1707 3059 1998 3125 Trinitate,
2028 3103 2072 3160 C

414 3154 739 3224 magniﬁce,
786 3152 1186 3223 ambitioseqne
1234 3153 1383 3207 illam
1440 3153 1695 3208 convivio
1761 3151 2001 3222 accipit;

420 3259 521 3298 nec
531 3245 628 3299 sub
647 3244 860 3300 arboris
877 3244 1067 3300 umbra
1083 3244 1390 3315 refrigerat,
1422 3244 1515 3300 sed
1543 3245 1648 3301 sub
1672 3244 1942 3300 eximioru
1952 3260 2002 3298 ιιι

422 3354 709 3395 sensorum
745 3338 856 3394 alto
880 3347 1133 3407 recreat;
1169 3337 1532 3409 melioresque
1566 3353 1632 3395 ac
1669 3337 2006 3394 certissimas

416 3431 815 3502 promissiones
832 3430 1208 3502 consequitur.
1227 3431 1547 3487 Liberorum
1578 3431 1723 3486 enim
1743 3429 2008 3499 multipli—

415 3535 812 3591 catorum,non
833 3524 1153 3591 carnalium,
1170 3524 1266 3579 sed
1298 3524 1621 3596 spiritalium
1647 3538 1856 3593 ;ncqne
1882 3524 2009 3579 stel-

412 3617 488 3672 lis
513 3617 568 3670 in
582 3622 865 3686 aspectum
880 3616 1225 3681 cadentibus,
1247 3618 1340 3673 sed
1356 3633 1476 3688 qua:
1495 3624 1676 3671 mente
1691 3616 2008 3687 intelligun-

417 3718 532 3773 tur,
559 3718 674 3762 tum
713 3707 1088 3773 multitudine,
1121 3715 1236 3761 tum
1268 3709 1469 3761 decore
1502 3721 1671 3777 quam
1696 3706 1960 3760 similium
1992 3724 2007 3773 ;

413 3814 521 3855 nec
555 3807 715 3852 terra:
728 3798 868 3868 ejus,
898 3814 1061 3868 quam
1088 3798 1367 3854 scelerata;
1390 3810 1580 3869 gentes
1610 3799 1751 3865 aliae,
1777 3798 2009 3867 aliaeque

414 3891 658 3945 subinde
709 3891 1008 3955 calcarent,
1046 3891 1141 3947 sed
1188 3905 1311 3961 quae
1346 3890 1560 3945 mitium
1592 3890 1638 3922 "°
1667 3890 1884 3962 propria
1926 3898 2010 3945 est

415 3980 435 4052 (
465 3979 731 4046 cash-stis,
765 3979 1026 4052 inquam)
1062 3980 1408 4051 possidenda:
1446 3980 1763 4038 verissimas
1815 3979 2010 4051 recipit

413 4072 845 4141 promissiones.

495 4166 575 4218 Ac
603 4166 826 4234 quidem
857 4165 1204 4220 Abrahamns
1234 4174 1419 4235 postea
1449 4165 1789 4236 unigenitum
1805 4165 2011 4236 primo-

414 4260 800 4328 genitnmque,
829 4258 894 4312 de
920 4273 1029 4327 quo
1059 4256 1199 4312 facta
1238 4257 1535 4328 promissio
1566 4266 1704 4322 erat,
1733 4273 1857 4311 cum
1891 4266 2010 4311 ten-

417 4359 635 4405 taretur
665 4359 726 4403 ut
750 4365 917 4419 super
944 4365 1053 4404 uno
1094 4350 1363 4404 montium
1398 4350 1674 4404 victimam
1701 4349 1917 4405 offerret
1938 4350 2010 4417 τ’,

2091 494 2262 535 sacra:
2312 477 2818 548 imperturbationis
2857 478 2971 531 alto
3024 476 3305 541 culmine;
3351 489 3588 544 cumque
3620 488 3682 528 se

2091 573 2208 642 ipse
2232 572 2413 644 magni
2460 571 2737 643 primique
2760 569 3036 641 pontiﬁcis
3057 570 3310 625 manibus
3332 569 3678 638 praebuisset,

2092 680 2199 718 non
2224 664 2394 720 lsaaci
2416 680 2570 719 more
2600 664 2915 727 dimittitur,
2951 663 3045 718 sed
3076 663 3132 716 in
3162 662 3272 717 duo
3302 670 3541 724 secatur,
3570 661 3682 715 vita

2092 756 2327 821 scilicet,
2374 772 2496 825 qua:
2549 757 2616 810 ad
2650 771 2869 811 carnem
2916 764 3146 826 spectat,
3205 763 3321 809 tota
3353 763 3681 819 emortuus;

2093 847 2319 917 solaque
2344 862 2408 902 ea
2443 862 2565 917 quae
2592 847 2647 901 in
2698 846 2894 916 spiritu
2945 854 3051 911 est,
3116 848 3313 900 vivus:
3350 861 3413 901 ae
3460 853 3683 900 terrena

2094 941 2314 1010 quidem
2356 940 2691 1005 hmreditate,
2727 950 2988 1010 tanquam
3019 938 3165 992 fluxa
3231 953 3297 993 ac
3341 937 3548 992 caduca
3589 952 3687 990 cx-

2095 1032 2335 1099 cedens;
2371 1032 2439 1087 ad
2492 1047 2787 1103 supernam
2831 1042 3039 1100 autem,
3080 1047 3146 1087 ac
3195 1032 3474 1096 stabilem,
3503 1030 3686 1085 muni-

2095 1125 2336 1195 cipatum
2407 1125 2531 1180 vitae
2581 1127 2826 1181 rationes
2900 1123 3237 1180 transferens
3279 1166 3296 1191 ,
3340 1123 3690 1193 filiorumque

2097 1208 2482 1288 promissionis
2521 1219 2910 1289 pulcherrimae
2955 1220 3243 1290 primitias,
3285 1233 3351 1274 ac
3411 1217 3691 1273 nobilissi-

2097 1324 2201 1365 mae
2246 1310 2541 1367 exsistens.

2168 1400 2303 1457 Nam
2352 1403 2478 1473 quis
2509 1419 2617 1474 prae
2673 1404 2788 1472 illo,
2846 1404 3036 1474 sicque
3092 1419 3151 1460 se
3203 1404 3574 1476 intelligentia:
3638 1405 3687 1456 vi

2101 1495 2429 1563 praeditum,
2496 1495 2854 1566 opimumque
2910 1497 3322 1561 holocaustum,
3376 1497 3569 1568 primm
3611 1496 3689 1550 illi

2100 1583 2308 1649 menti,
2356 1583 2575 1654 Deoque
2619 1600 2720 1655 pro
2758 1586 3257 1657 intelligentissima
3306 1586 3397 1641 illa
3416 1602 3478 1641 ac
3530 1586 3693 1656 spiri-

2102 1676 2195 1729 tali
2227 1691 2322 1731 ara
2348 1676 2586 1732 obtulit?
2614 1676 2748 1743 Quis
2780 1694 2907 1734 vero
2933 1679 3013 1734 sic
3050 1679 3274 1735 victima
3299 1688 3485 1735 utente
3526 1681 3691 1735 ratio-

2099 1780 2170 1820 ne
2200 1806 2217 1831 ,
2243 1781 2307 1821 ac
2337 1767 2693 1824 immaculata
2754 1772 3001 1826 omnium
3050 1772 3222 1843 gratia
3253 1773 3551 1829 immolatae
3602 1791 3692 1829 ra-

2099 1858 2260 1924 tioni,
2290 1857 2577 1932 Verboquc
2611 1861 2739 1918 fecit
2766 1864 2791 1917 ?
2815 1863 2952 1931 Quis
2992 1865 3066 1919 ita
3109 1866 3347 1922 hostiam
3397 1869 3690 1943 viventem.

2100 1959 2373 2015 sanctam,
2415 1953 2861 2025 bencplacentcm
2914 1972 3116 2028 corpus
3170 1975 3357 2025 suum,
3407 1976 3472 2017 ac
3530 1964 3694 2032 Spiri-

2103 2050 2239 2106 tum.
2270 2044 2506 2102 Domino
2534 2045 2763 2118 Spiritui
2806 2049 3055 2105 exhibuit
3100 2049 3192 2103 τη
3218 2049 3355 2118 Quis
3410 2052 3482 2107 ita
3541 2054 3694 2123 prius

2102 2145 2218 2192 tum
2252 2152 2437 2202 carne,
2481 2148 2595 2194 tum
2628 2140 2813 2196 animo
2858 2142 3154 2198 sanctitate
3199 2143 3465 2211 imbutus,
3501 2145 3699 2200 exinde.

2102 2231 2416 2285 sanctitatis
2474 2233 2765 2301 sacerdos,
2819 2250 2886 2290 ac
2937 2236 3266 2292 administer
3295 2235 3523 2291 effectus
3570 2248 3652 2291 est
3675 2240 3701 2289 ’ἐ

2103 2319 2239 2387 Quis
2273 2338 2588 2393 supremam
2619 2333 2747 2380 ante
2794 2335 2989 2382 nactus
3042 2326 3416 2397 adoptionem,
3450 2327 3529 2381 sic
3571 2328 3698 2382 aliis

2102 2410 2249 2467 Patri
2278 2415 2571 2483 spirituum
2588 2417 2636 2449 "
2653 2417 2978 2487 adoptandis
2994 2417 3321 2473 conciliator
3340 2419 3549 2474 ascitus
3571 2421 3700 2474 est?

2174 2503 2460 2572 Quodnam
2518 2509 2809 2577 pastoralis
2863 2492 3115 2565 solertiae!
3148 2525 3369 2581 genus,
3410 2510 3689 2580 quodnam

2105 2597 2328 2655 virtutis
2366 2610 2559 2671 vegeta
2598 2600 2817 2655 actione
2862 2615 2972 2655 non
3016 2601 3154 2656 obiit
3194 2602 3524 2671 specimen?
3556 2600 3703 2669 Quid

2106 2700 2214 2756 est,
2247 2693 2393 2761 quod
2459 2691 2657 2748 divinae
2711 2693 3118 2763 praedicationis
3176 2696 3531 2753 sermonibus
3588 2712 3699 2751 non

2108 2781 2416 2839 clarissime
2462 2769 2793 2841 detexerit'?
2830 2796 2890 2841 ut
2943 2787 2997 2840 in
3053 2801 3120 2841 eo
3171 2786 3437 2857 majorem
3495 2804 3700 2852 sermo,

2106 2881 2270 2943 atque
2308 2875 2559 2951 doctrina
2587 2893 2698 2948 prae
2752 2878 2971 2933 actione
3009 2879 3430 2936 admirationem
3458 2880 3699 2946 habeat;

2106 2962 2356 3030 quinimo
2380 2965 2526 3022 actio
2561 2981 2672 3034 prae
2695 2980 2970 3030 sermone,
3002 2975 3168 3039 atque
3197 2967 3450 3021 doctrina
3496 2969 3696 3036 majori

2108 3053 2478 3111 admiratione
2517 3056 2709 3126 rapiat.
2738 3056 2875 3124 Quis
2900 3057 2972 3112 ita
3022 3072 3275 3114 sermone
3308 3058 3493 3114 clarus
3572 3076 3701 3131 gra-

2112 3146 2338 3216 visque;
2379 3147 2459 3203 sic
2489 3148 2803 3216 distinctus,
2859 3159 3025 3222 atque
3050 3150 3290 3223 elegans,
3324 3160 3701 3223 ornatusque;

2110 3242 2191 3295 sic
2236 3254 2400 3295 verax
2451 3257 2517 3297 ac
2576 3242 2920 3312 perspicuus,
2962 3254 3021 3298 ut
3070 3244 3265 3309 videri,
3312 3260 3478 3315 quam
3519 3246 3701 3301 audiri

2113 3335 2298 3403 potius
2348 3334 2618 3401 videatur,
2677 3335 2942 3406 quidquid
3000 3336 3286 3406 loquitur;
3348 3338 3399 3391 id
3434 3350 3541 3405 est,
3600 3355 3702 3408 pro

2115 3423 2376 3497 Theologi
2404 3426 2653 3496 partibus
2687 3427 2755 3483 de
2791 3426 2903 3483 Deo
2927 3429 3302 3499 exsequitur?
3334 3428 3449 3484 lmo
3481 3431 3608 3500 quis
3631 3432 3705 3485 ita

2114 3516 2223 3572 Deo
2250 3517 2486 3584 afflatus,
2520 3528 2687 3590 atque
2712 3521 2900 3591 gratim
2925 3522 3181 3578 conditus
3206 3522 3453 3590 salibus;
3477 3534 3535 3578 ut
3587 3539 3706 3579 om-

2113 3626 2237 3664 nem
2308 3611 2477 3676 vitii,
2545 3614 3058 3686 putentissimazque
3117 3615 3390 3673 haereseos
3461 3618 3704 3674 exsiccet

2112 3703 2290 3756 tabem
2340 3720 2355 3768 ;
2419 3705 2683 3774 quidquid
2745 3721 2877 3761 vero
2908 3707 3164 3761 humanis
3231 3708 3483 3764 moribus
3525 3709 3704 3765 disso-

2108 3793 2313 3858 lutum,
2352 3795 2680 3866 molliusque
2705 3796 2867 3863 inest,
2894 3807 3061 3868 atque
3089 3798 3361 3865 difﬂuens,
3400 3801 3468 3855 ad
3502 3804 3705 3858 mentis

2113 3886 2504 3951 constantiam,
2518 3901 2892 3958 sanarumque
2918 3890 3195 3944 rationum
3215 3889 3513 3946 transferat
3530 3890 3704 3947 firmi-

2114 3985 2283 4032 tatem
2315 3979 2340 4033 9

2184 4068 2323 4136 Quis
2378 4086 2488 4141 prie
2535 4071 2983 4144 illo(dummodo
3014 4073 3319 4144 principem
3353 4073 3503 4128 illum
3523 4085 3708 4145 pasto-

2114 4176 2235 4216 rum
2260 4162 2308 4193 “
2332 4163 2573 4233 excipias
2605 4162 2931 4234 )magisque
2960 4166 3142 4220 bonus
3202 4165 3415 4230 Pastor,
3448 4168 3542 4237 qui
3589 4183 3708 4223 ser-

2117 4254 2296 4310 monis
2326 4254 2511 4311 fistula
2537 4256 2604 4310 ad
2631 4254 2775 4311 bona
2799 4271 3000 4327 pascua
3027 4257 3225 4311 educat
3254 4258 3322 4322 ⁷⁸,
3345 4260 3512 4327 inque
3534 4260 3709 4316 bonas

2119 4358 2285 4419 atque
2326 4350 2490 4405 utiles
2544 4350 2733 4406 caulas
2764 4352 3034 4406 inducat?
3081 4351 3218 4418 Quis
3252 4352 3333 4407 sic
3367 4352 3591 4421 probus,
3641 4368 3708 4406 ac

422 4442 574 4496 haud
608 4453 938 4512 praeceptum
995 4443 1229 4505 distulit,
1272 4443 1416 4496 haud
1448 4459 1562 4497 rem
1595 4443 1818 4515 aggredi
1850 4444 2013 4499 dubi-
2046 4439 2090 4496 D
2120 4441 2450 4503 industrius,
2503 4451 2567 4497 ut
2610 4457 2829 4511 gregem
2889 4450 3004 4497 tum
3092 4442 3434 4513 impinguare
3473 4445 3710 4510 noverit,

417 4535 563 4589 tavit
604 4551 620 4597 ;
679 4535 821 4589 haud
880 4536 1182 4604 obstupuit,
1219 4536 1351 4605 quin
1403 4550 1648 4602 manum,
1685 4545 1849 4605 atque
1901 4535 2017 4606 gla-

418 4627 577 4681 dium
604 4624 620 4696 (
645 4641 678 4678 ο
716 4626 883 4679 animi
916 4626 1371 4696 magnitudinem,
1405 4626 1518 4681 imo
1546 4627 1814 4697 insignem
1840 4627 2014 4697 pieta-

421 4718 498 4771 tis
534 4717 667 4779 vim,
708 4731 774 4770 ac
827 4717 1148 4787 religionem
1180 4718 1236 4787 ἰ)
1269 4718 1583 4774 charissimi
1615 4718 1809 4790 jugulo
1845 4717 2015 4774 infer«

426 4815 555 4872 ret;
597 4806 811 4861 tametsi
849 4822 992 4861 novo
1029 4808 1123 4861 illo
1148 4822 1213 4863 ac
1247 4808 1471 4863 insolito
1508 4808 1780 4865 sacriﬁcio
1808 4809 2018 4864 inhibi-

428 4907 520 4953 tus
559 4907 663 4962 est,
705 4899 875 4953 ariete
914 4899 1099 4953 statim
1129 4900 1398 4955 cornibus
1414 4900 1696 4965 devincto,
1728 4899 1825 4971 qui
1855 4899 2018 4956 victi-

433 5006 535 5045 ma
564 4990 769 5045 utentis
817 4992 1033 5045 ratione
1056 4991 1236 5046 locum
1281 4991 1547 5062 expleret.
1580 4991 1875 5064 Gregorius
1918 5007 2026 5047 au-

438 5091 568 5145 tem,
602 5094 713 5136 tum
747 5082 904 5135 altari
932 5082 1187 5137 admotus
1208 5090 1313 5148 est,
1343 5090 1460 5137 tum
1494 5085 1740 5153 paternis
1772 5083 2019 5139 initiatus

437 5173 686 5228 manibus
749 5176 960 5244 integra
1011 5173 1251 5240 victima,
1275 5189 1340 5229 ac
1378 5190 1532 5229 novae
1574 5176 1835 5232 sacerdos
1862 5175 2021 5231 victi-

434 5279 537 5316 ma:
569 5264 866 5319 sacerdotii
891 5265 1203 5321 initiatione
1232 5267 1471 5323 oblatus.
1505 5266 1616 5324 Nec
1643 5284 1673 5323 a
1694 5277 1846 5339 patre
1874 5269 2019 5323 dun-

426 5363 605 5417 taxat,
633 5356 727 5409 sed
760 5356 919 5427 longe
948 5359 1102 5427 prius
1144 5374 1175 5413 a
1200 5361 1416 5415 'teneris
1443 5363 1603 5417 annis
1644 5362 1760 5431 ipse
1782 5376 1840 5418 se
1892 5362 2023 5417 offe-

428 5465 585 5515 rens,
613 5464 719 5504 non
751 5467 919 5521 super
938 5467 1046 5507 uno
1074 5453 1258 5524 aliquo
1282 5469 1347 5509 ex
1375 5456 1442 5511 iis
1467 5457 1748 5513 montibus
1776 5458 1869 5527 qui
1891 5471 2023 5512 ocuo

502 5629 719 5703 reﬁcit.
746 5632 949 5689 xvrttJ
988 5648 1140 5703 SC‘l‘l-

424 5699 475 5730 "
509 5698 701 5756 chtr.
731 5720 785 5770 ι’,
820 5704 875 5757 4.
951 5704 996 5734 ⁷⁸
1025 5698 1187 5759 Joan.
1219 5722 1294 5769 XI,
1341 5708 1428 5763 M.

796 5797 1068 5858 PATROL.
1102 5801 1220 5861 GR.
1260 5799 1382 5861 CV.

1220 5635 1264 5666 '°
1297 5634 1484 5691 Matth.
1526 5652 1577 5701 ν,
1612 5638 1666 5692 4.
1743 5639 1944 5693 "Gen.
1970 5653 2105 5702 χιιι,
2132 5639 2190 5694 Ι.

1507 5710 1551 5740 ⁷⁸
1583 5709 1721 5764 Gen.
1758 5725 1929 5775 xxvn,
1960 5709 2017 5763 4.
2093 5709 2138 5742 ⁷⁷
2165 5708 2301 5763 Gen.
2326 5723 2517 5772 xxvm,
2567 5708 2615 5775 i_

2124 4543 2237 4587 tum
2266 4535 2423 4605 copia
2452 4550 2652 4606 augere
2680 4554 2695 4603 ;
2728 4551 2795 4592 ac
2823 4552 2986 4607 quam
3018 4536 3207 4608 procul
3235 4552 3267 4592 a
3299 4536 3551 4608 luporum
3585 4538 3716 4595 feri-

2125 4635 2232 4680 tate
2262 4626 2593 4682 incolumem
2620 4642 2841 4682 servare
2867 4628 2891 4682 ?

2196 4718 2435 4775 Jacobns
2463 4720 2681 4790 quidem
2715 4720 2806 4776 ille
2827 4719 3000 4776 lsaaci
3030 4720 3178 4776 ﬁlius
3233 4720 3585 4776 suavissimis
3616 4735 3716 4791 pa-

2127 4817 2264 4864 trem
2286 4811 2565 4880 accipiens
2589 4808 2827 4881 dapibus
2855 4810 2924 4876 ",
2958 4812 3079 4882 ejus
3100 4812 3153 4866 in
3185 4826 3246 4865 se
3267 4811 3715 4868 benedictionem

2124 4901 2280 4958 fratri
2314 4908 2572 4973 praelatus
2601 4904 2846 4960 attraxit.
2896 4903 3036 4959 Tum
3076 4904 3220 4961 Esau
3265 4905 3466 4961 caedem
3498 4906 3718 4976 spiran-

2128 4996 2198 5052 tis
2226 4997 2487 5053 invidiam
2530 4995 2746 5068 fugiens
2767 4999 2836 5063 ",
2854 4996 3051 5053 faustis
3081 5014 3216 5054 usus
3252 4999 3570 5066 insomniis,
3590 5015 3716 5069 qua:

2127 5089 2194 5144 ad
2222 5089 2428 5144 scalam
2486 5090 2540 5143 in
2592 5089 2793 5145 malum
2844 5099 3159 5159 protensam
3208 5101 3541 5161 spectarent,
3584 5107 3714 5160 pro-

2123 5193 2395 5249 Speroque
2428 5180 2698 5235 deductus
2732 5181 2946 5246 itinere,
2991 5196 3055 5236 ac
3090 5198 3149 5238 se
3197 5185 3459 5238 maternis
3504 5183 3714 5237 laribus

2126 5270 2386 5338 inferens,
2423 5272 2627 5326 Labani
2662 5273 2894 5328 ﬁliarum
2931 5289 3096 5329 causa
3122 5276 3338 5330 labores
3364 5276 3595 5330 desudat
3628 5274 3709 5335 ⁷⁸ς

2125 5364 2356 5420 desudat
2412 5380 2543 5421 vero
2603 5367 2849 5422 curando
2899 5368 3105 5437 pecori,
3157 5381 3223 5422 ac
3276 5368 3379 5423 sibi
3431 5367 3718 5422 vindican—

2127 5461 2232 5524 do;
2272 5458 2558 5528 tribusque
2617 5458 2672 5513 in
2730 5460 3006 5515 canalium
3062 5460 3232 5516 alveis
3278 5459 3448 5530 virgis
3492 5458 3716 5529 apposi-

2277 5637 2327 5669 "
2364 5637 2521 5691 llom.
2554 5652 2655 5703 xu,
2685 5637 2737 5700 l;
2770 5633 2941 5692 lCor.
2962 5651 3046 5700 ιιι,
3071 5634 3160 5689 f7.
3236 5633 3284 5666 "
3318 5631 3483 5690 Hebr.
3512 5649 3611 5699 xu,
3660 5631 3717 5690 9.

2694 5708 2741 5739 ’⁸⁸
2771 5707 2909 5761 Gen.
2946 5722 3098 5769 χχιιι,
3132 5707 3184 5758 1.

3220 5796 3293 5859 15
