4022 6434
420 314 529 377 i£59

1621 308 1913 369 Nicena
1943 274 2467 368 Partuaeoms

3559 310 3662 373 460

412 423 483 484 tis
515 423 582 488 π’,
615 436 677 475 ac
710 421 811 477 sub
841 436 1027 477 eorum
1061 421 1241 477 colore
1270 423 1510 476 variante
1555 432 1831 489 aspectum
1860 435 1987 473 oves
2014 420 2063 477 A
2091 435 2197 471 non
2237 420 2289 472 in
2320 419 2546 484 somnis,
2573 418 2666 475 sed
2706 419 2819 488 ipsa
2848 418 3053 490 vigilia,
3084 433 3206 489 quae
3236 433 3266 473 e
3286 433 3345 473 re
3377 430 3562 474 essent
3602 438 3662 475 ac

415 517 482 568 a:l
518 512 723 567 coitum
752 513 1026 572 amittens.
1061 511 1248 582 plures
1276 511 1583 578 maculosos
1620 509 1768 570 facit,
1817 522 1979 577 quam

411 618 534 674 quae
565 603 726 658 nullis
769 612 925 658 erant
971 604 1243 658 distinctae
1296 603 1577 657 maculis:
1611 601 1804 669 hisque
1849 599 1981 654 arti-

410 696 513 749 lius
541 692 731 752 delnso
762 693 1011 766 Syrmac
1040 711 1164 751 cum
1188 696 1414 752 solerter
1437 696 1536 750 sibi
1575 702 1820 776 parasset
1856 693 1984 747 sub-

409 787 690 853 stantiam,
727 788 800 842 ita
831 802 952 842 cum
986 788 1251 842 uxoribus
1279 801 1344 841 ac
1394 786 1579 840 liberis
1609 786 1678 839 ab
1705 801 1771 840 eo
1793 784 1929 854 fugit
1962 804 1978 852 ;

404 876 614 946 'Deique
637 876 832 945 copiis,
880 891 944 932 ac
1000 877 1195 932 turmis
1253 875 1510 931 occurrit.
1559 875 1640 927 Ad
1678 874 1792 929 haec
1854 888 1981 928 cum

410 964 541 1028 Deo,
573 966 665 1035 qui
706 975 1051 1036 apparuerat,
1096 973 1345 1030 conserta
1391 978 1593 1034 pugna,
1628 963 1787 1033 cujus
1814 964 1979 1018 etiam

407 1067 542 1111 nutu
577 1067 785 1113 mutata
826 1058 1185 1128 appellatione
1233 1057 1447 1112 lsraelis
1503 1070 1701 1109 nomen
1752 1057 1979 1125 accepit,

405 1148 619 1202 cunctis
653 1149 914 1204 liberatus
951 1148 1240 1213 molestiis,
1272 1148 1325 1201 in
1347 1156 1631 1217 paternam
1654 1146 1852 1203 alacris
1883 1147 1983 1201 do-

404 1254 555 1294 mum
588 1240 765 1296 rediit.

476 1392 614 1457 Quid
639 1407 766 1447 vero
799 1389 1145 1461 Gregorius?
1182 1385 1372 1446 Nonne
1408 1392 1627 1461 optimis
1677 1391 1985 1461 Theologia:

405 1482 672 1551 dogmatis
699 1481 944 1536 divinum
977 1480 1540 1555 accipiebatNumen;
1578 1484 1983 1553 presbyterum-

401 1589 509 1643 que
533 1574 696 1627 etiam
733 1574 806 1627 illi
847 1574 1085 1629 invisum
1122 1575 1402 1629 funestum
1448 1575 1634 1628 Arium
1664 1575 1839 1644 gloria
1887 1589 1983 1629 su-

404 1679 620 1733 perans,
649 1664 958 1719 divinarum
992 1664 1161 1721 decus
1210 1665 1656 1721 bened'u-tionum
1701 1665 1985 1736 privilegio

400 1755 611 1824 accepit
639 1754 876 1809 ?Nonne
905 1756 994 1810 hic
1021 1770 1240 1826 quoque
1295 1757 1443 1812 illius
1493 1757 1867 1812 crudelitatem
1901 1757 1986 1812 fu-
2018 1756 2061 1813 Β

400 1845 579 1913 gicns,
610 1846 676 1900 ad
728 1856 1029 1903 maternam
1081 1848 1328 1914 domum,
1373 1849 1725 1919 apostolicam
1780 1849 1988 1904 scilicet

406 1936 703 1994 Beck-siam
744 1940 1169 2010 commigravit?
1211 1942 1418 2005 Nonne
1447 1942 1651 1997 scalam
1681 1957 1713 1995 e
1759 1949 1900 1996 terra
1931 1942 1984 1995 in

403 2029 628 2092 caelum,
666 2026 964 2099 fastigiata,
998 2045 1063 2086 ac
1111 2046 1233 2101 quae
1278 2031 1574 2087 virtutibus
1606 2030 1982 2094 fabricaretur,

402 2120 558 2187 prius
588 2120 841 2189 aspexit?
868 2121 1060 2177 Nonne
1094 2137 1190 2192 per
1215 2137 1359 2188 eam,
1395 2123 1486 2176 Dei
1527 2123 1622 2191 qui
1664 2122 1740 2175 illi
1778 2121 1983 2176 innite-

404 2206 586 2273 batur,
608 2208 1035 2280 angelorumque
1056 2210 1109 2264 in
1136 2226 1197 2265 ea
1218 2211 1628 2266 ascendentium
1677 2225 1740 2263 ac
1761 2209 1986 2263 descen-

403 2296 647 2352 dentium
701 2299 896 2355 doctus
943 2309 1027 2357 est
1080 2301 1591 2371 contemplationem
1633 2301 1654 2354 ?
1703 2300 1843 2367 Quin
1897 2300 1985 2355 hic

402 2402 623 2456 quoque
653 2387 869 2445 labores
915 2390 1168 2457 desudat,
1205 2401 1259 2446 at
1295 2407 1403 2446 non
1462 2393 1534 2446 ita
1590 2401 1651 2447 ut
1690 2393 1981 2447 mulierum

400 2486 687 2533 venustate
713 2480 998 2549 tabescat;
1038 2497 1144 2537 non
1177 2481 1297 2551 ejus
1324 2483 1501 2554 gratia
1537 2483 1982 2553 pulchritudinis.

401 2583 524 2636 quae
560 2569 627 2623 ad
657 2570 850 2626 horam
886 2572 1046 2627 floret
1080 2591 1096 2641 ;
1136 2589 1255 2644 qua;
1289 2575 1355 2629 ad
1406 2574 1676 2630 modicum
1730 2575 1980 2643 delectat,

401 2661 673 2732 citiusque
715 2665 1038 2731 evanescit;
1109 2681 1286 2736 neque
1337 2666 1479 2736 apud
1530 2665 1837 2729 Labanum,
1888 2665 1980 2722 sed

401 2754 521 2822 ejus
550 2741 811 2822 nepotem
836 2754 1054 2826 Moysen
1091 2775 1105 2811 :
1134 2757 1347 2812 laborat
1380 2769 1583 2823 autem,
1634 2767 1694 2812 ut
1749 2758 1981 2813 duarum

400 2844 523 2915 ejus
554 2844 808 2911 filiarum,
843 2851 1043 2902 veteris
1074 2848 1281 2903 scilicet
1335 2849 1574 2918 novique
1625 2848 1978 2915 Testamenti,

400 2935 652 2990 notitiam
679 2935 974 3006 perfectam
1011 2937 1380 2993 nanciscatur.
1420 2938 1497 2993 Ac
1543 2938 1705 3008 plane
1761 2937 1978 2994 illarum

400 3040 627 3095 compos
658 3026 923 3094 ellicitur;
959 3027 1190 3097 primum
1214 3029 1431 3098 quidem
1472 3029 1708 3084 senioris
1743 3046 1758 3095 ;
1785 3029 1981 3084 exinde

399 3127 580 3173 autem
610 3119 868 3189 junioris.
927 3118 1015 3174 Sic
1045 3122 1188 3174 enim
1224 3110 1363 3175 forte
1408 3136 1507 3190 par
1540 3130 1695 3185 erat,
1734 3131 1794 3176 ut
1855 3137 1978 3176 cum

400 3211 536 3280 legis
567 3210 719 3280 prius
741 3212 948 3277 littera,
993 3227 1058 3267 ac
1106 3214 1383 3268 tumcum
1435 3213 1629 3283 spiritu
1656 3252 1687 3287 ,_
1725 3213 1984 3269 societate

396 3301 738 3373 jungerctur.
791 3301 899 3357 Par
926 3312 1063 3366 erat,
1120 3316 1179 3358 ut
1201 3305 1399 3359 veteris
1432 3302 1728 3376 Scriptum
1761 3320 1981 3360 sensum

400 3390 635 3457 facilem,
692 3409 756 3447 ac
803 3394 1136 3463 expeditum,
1188 3410 1291 3449 nec
1346 3395 1637 3450 admodum
1692 3395 1979 3465 pulchrum

401 3493 645 3553 aspectu,
680 3495 842 3553 atque
874 3494 1158 3538 venustum
1193 3500 1319 3538 vere
1348 3485 1581 3554 primum
1614 3486 1816 3540 coleret
1849 3487 1984 3553 ;sic-

401 3590 509 3644 quc
549 3576 605 3628 in
638 3591 702 3629 eo
748 3575 857 3629 alte
911 3576 1188 3640 latentem,
1232 3575 1397 3647 inque
1456 3579 1642 3646 gratiae
1692 3578 1982 3649 Erangelio

405 3663 691 3718 tutanifeste
720 3664 1008 3733 proditam,
1050 3663 1349 3719 formosam
1386 3665 1531 3719 illam
1574 3681 1639 3721 ac
1681 3667 1979 3736 elegantem

403 3754 669 3808 rationem
714 3755 733 3824 (
776 3748 874 3807 Dei
937 3754 1143 3809 scilicet
1205 3754 1359 3809 Verbi
1414 3756 1807 3812 incarnationis
1849 3774 1982 3813 con-

402 3844 841 3913 templationem)
866 3846 1011 3899 clare
1040 3856 1405 3913 pernosceret,
1434 3862 1497 3901 ac
1521 3849 1785 3920 diligeret,
1817 3851 1981 3921 inque

391 3933 521 4001 ejus
550 3935 832 4003 amplexus
880 3936 1046 3987 animi
1088 3934 1365 4003 proposito
1393 3946 1590 3992 rueret.

473 4083 570 4137 llis
622 4083 809 4151 utique
858 4081 1075 4136 duobus
1128 4083 1473 4139 testamentis
1525 4093 1783 4154 tanquam
1835 4087 1979 4142 veris

404 4185 541 4226 usus
580 4171 928 4241 conjugibus,
990 4170 1132 4227 filios
1199 4173 1337 4241 patri
1397 4174 1744 4244 multiplicat.
1799 4177 1979 4232 Animi

404 4262 799 4331 parturigiunm
837 4264 888 4315 in
937 4264 1153 4331 spiritu,
1206 4262 1297 4319 Dei
1334 4267 1760 4335 promissionum
1805 4268 1978 4323 hatre—

400 4356 519 4417 des,
551 4355 750 4409 liberos
777 4365 1046 4424 procreat.
1091 4355 1201 4411 Nec
1225 4357 1276 4411 id
1327 4366 1534 4412 tantmn
1579 4374 1711 4414 cura
1772 4360 1975 4417 intenta

402 4446 535 4515 agit,
562 4457 622 4498 ut
671 4445 938 4515 suscipiat
977 4446 1198 4510 liberos,
1248 4447 1597 4505 sublimiorcs
1653 4450 1861 4507 scilicet
1912 4467 1978 4507 ac

398 4537 674 4606 spiritales
702 4554 716 4603 ;
742 4538 833 4592 sed
859 4540 937 4604 {ut
983 4538 1147 4592 etiam
1191 4540 1458 4610 mancipia
1496 4542 1770 4610 acquirat;
1817 4543 1979 4597 nimi-

404 4644 522 4681 rum
573 4630 787 4703 eorpqri
844 4628 1141 4684 viciniores
1203 4645 1269 4684 ac
1319 4630 1657 4687 humiliores.
1690 4630 1786 4687 llis
1822 4634 1973 4689 enim

402 4720 492 4773 ille
522 4734 622 4790 pro
652 4719 744 4773 sui
798 4719 1011 4774 ratione
1053 4720 1327 4789 spiritales
1366 4721 1469 4778 sibi
1520 4738 1585 4778 ac
1639 4724 1976 4780 immortales

398 4811 615 4867 divitias
644 4820 815 4881 parat.
848 4809 985 4865 Nam
1032 4812 1149 4881 ipse
1174 4828 1412 4884 quoque,
1438 4815 1640 4883 paucis
1680 4816 1972 4870 admodum

396 4918 462 4956 ac
518 4902 667 4956 brevi
726 4917 954 4956 numero
998 4903 1219 4958 creditis
1252 4942 1266 4967 ,
1314 4903 1645 4974 solertiaquc
1692 4921 1757 4960 ac
1790 4907 1976 4962 labore

396 4996 452 5050 in
503 4995 739 5066 amplam
792 5010 954 5065 grege
1007 5007 1264 5064 provecto
1305 4995 1584 5063 sobolem;
1622 5011 1729 5050 non
1784 5012 1974 5051 omnes
2024 5044 2029 5047 Α

397 5087 657 5142 mercedis
687 5088 809 5142 loco
834 5088 990 5141 datos
1046 5087 1137 5156 qui
1171 5088 1456 5141 revertenti
1490 5088 1541 5140 in
1576 5096 1852 5156 paternam
1877 5089 1975 5142 do-

395 5196 544 5235 mum
574 5196 679 5234 una
721 5182 950 5235 comites
999 5188 1202 5245 essent,
1259 5180 1351 5234 sed
1415 5179 1616 5234 electos
1666 5181 1968 5246 duntaxat;

395 5288 494 5328 nec
526 5275 621 5342 qui
650 5281 774 5326 nota
797 5280 1069 5336 carerent,
1122 5271 1216 5325 sed
1265 5272 1357 5341 qui
1405 5281 1582 5326 essent
1615 5271 1878 5341 insigniti,
1919 5272 1970 5323 in

397 5366 612 5419 divinas
673 5363 975 5417 subductos
1026 5363 1284 5428 rationes,
1332 5373 1493 5431 atque
1536 5362 1683 5416 illius
1726 5364 1969 5432 signatos

395 5460 669 5517 thesauris
718 5458 1067 5527 intelligens;
1104 5456 1362 5526 quidnam
1397 5456 1662 5510 molitur?
1698 5456 1838 5521 Quin
1871 5471 1966 5525 po-

394 5552 503 5606 tius
557 5566 718 5620 quem
769 5552 824 5604 in
877 5563 1097 5605 sensum
1130 5538 1469 5619 provehitur,
1505 5547 1651 5603 illius
1678 5548 1841 5604 ductu
1872 5545 1967 5617 qui

468 5728 517 5758 ⁷⁹
545 5726 678 5781 Gen.
713 5743 842 5793 xxv,
878 5725 966 5781 '57.

2092 510 2481 574 conducerent,
2509 510 2755 578 quotidie
2775 510 3246 566 submonstraret?

2156 601 2344 655 Trium
2370 603 2582 655 illarum
2606 603 2726 656 loco
2750 604 3048 672 virgarum,
3067 603 3245 657 tribus
3292 601 3515 656 Deitatis
3545 616 3665 672 pcr-

2086 695 2236 747 sonis
2262 694 2316 747 in
2351 694 2611 749 Ecclesiis
2637 709 2889 750 sermone
2922 693 3220 764 propositis
3253 694 3271 761 (
3291 694 3387 746 bas
3428 709 3666 762 namque

2085 786 2262 853 palam
2311 784 2617 853 figurabant
2668 784 2943 839 canalium
2994 783 3182 850 alvei),
3233 782 3570 851 hortansque
3598 783 3664 836 ad

2083 891 2178 930 eas
2226 876 2464 931 animum
2546 878 2891 931 attendentes
2940 875 3144 944 pietate
3221 873 3391 928 fetum
3446 882 3665 927 uterum

2085 977 2382 1037 gestarent,
2428 969 2649 1037 optima:
2678 966 3156 1037 contemplationis
3207 965 3468 1035 optimam
3503 964 3669 1017 ratio-

2086 1074 2231 1122 nem,
2255 1060 2530 1114 salubrem
2558 1060 2827 1114 rationem
2860 1067 2920 1113 ut
2938 1059 3298 1120 eniterentur,
3328 1056 3621 1125 prestabat
3646 1071 3663 1119 ;

2084 1165 2195 1221 quo
2229 1151 2295 1204 ad
2347 1165 2618 1220 supernas
2668 1151 2878 1216 caulas,
2914 1149 3062 1204 bono
3095 1148 3188 1202 illo
3216 1146 3462 1213 Pastore,
3516 1161 3667 1201 sutu-

2084 1254 2281 1310 meque
2312 1242 2542 1310 provido
2574 1241 2949 1301 submittente,
2993 1240 3313 1293 transirent.

2156 1333 2349 1387 Omnis
2374 1334 2589 1402 generis
2637 1343 2884 1387 terrenas
2911 1332 3219 1393 facultates,
3269 1344 3410 1398 quas
3452 1328 3527 1382 illi
3580 1342 3672 1382 sa-

2084 1422 2310 1489 pientia,
2329 1423 2611 1491 virtusque
2628 1428 3175 1490 pararcrat,sulneus
3192 1436 3206 1482 ;
3224 1427 3387 1486 atque
3399 1417 3672 1472 hac-tenus

2086 1513 2209 1567 lidoi
2269 1528 2396 1581 ope,
2454 1529 2566 1567 non
2616 1514 2729 1582 ipsa
2776 1513 2961 1582 specie
3015 1508 3671 1581 angelicarumPotesta-

2088 1615 2201 1659 tum
2241 1606 2437 1662 castris
2492 1606 2887 1659 humanissime
2917 1604 3205 1671 acceptus,
3252 1602 3302 1655 id
3351 1610 3437 1655 est
3494 1601 3668 1668 stipa-

2087 1706 2221 1763 tus;
2260 1712 2323 1751 ac
2357 1712 2483 1752 cum
2545 1696 2655 1750 Deo
2709 1695 2924 1750 homine
2964 1695 3021 1749 in
3069 1694 3263 1763 spiritu
3314 1706 3669 1760 congressus.

2090 1800 2353 1855 mensque
2407 1801 2532 1841 vere
2576 1786 2746 1839 Deum
2793 1786 2982 1840 videns
3046 1784 3246 1838 nedum
3294 1791 3667 1851 nuncupatus.

2088 1891 2277 1930 verum
2319 1877 2481 1930 etiam
2522 1875 2721 1939 factus,
2753 1891 2849 1945 per
2894 1875 3046 1930 illum
3076 1877 3142 1929 ad
3191 1888 3427 1943 superna
3502 1886 3683 1942 atque.

2085 1980 2309 2039 paterna
2344 1968 2692 2023 tabernacula
2722 1978 2836 2023 tuto
2865 1967 3210 2023 commeavit.

2158 2059 2272 2115 Hoc
2296 2059 2575 2130 Theologo
2626 2059 2907 2129 sapientiae
2959 2073 3024 2112 ac
3076 2056 3379 2125 prudentiae
3425 2054 3669 2110 cfltcitur

2085 2155 2384 2224 Specitnen.
2443 2152 2627 2207 Virilis
2680 2153 2782 2206 hoc
2819 2150 3010 2216 animi,
3055 2148 3323 2217 fortisque
3375 2148 3665 2217 praeludit»,

2086 2260 2200 2299 rem
2235 2247 2497 2311 adversus
2524 2246 2807 2299 haereticos
2852 2253 3077 2298 strenue
3134 2241 3426 2311 gerendam
3480 2240 3667 2296 fauste

2084 2339 2424 2408 auspicatus,
2457 2338 2529 2391 ita
2564 2353 2622 2391 se
2659 2336 2724 2391 ad
2767 2335 3093 2405 perfectiora
3161 2344 3493 2403 aspectuque
3545 2333 3668 2402 ipso

2087 2430 2346 2484 terribilia
2372 2430 2673 2484 certamina
2717 2427 2973 2496 accingit.
3012 2425 3090 2480 Ac
3126 2427 3270 2480 sicut
3317 2424 3667 2495 pugnacissi-

2085 2520 2159 2574 mi
2187 2521 2422 2586 athletae,
2455 2536 2562 2574 non
2606 2536 2637 2574 a
2664 2520 2841 2589 primo
2902 2520 3085 2573 statim
3114 2517 3486 2586 erperimento
3538 2517 3660 2568 for-

2083 2613 2315 2667 tioribus
2338 2611 2672 2667 adrersariis
2719 2609 3152 2680 congrediuntur
3174 2608 3450 2669 :sed’ante
3479 2621 3664 2675 pugna

2083 2720 2207 2760 cum
2241 2706 2306 2760 iis
2334 2706 2428 2775 qui
2476 2704 2767 2760 debiliores
2792 2713 2923 2757 sunt
2956 2701 3224 2773 tyrocinio
3271 2700 3501 2769 quodam
3525 2714 3665 2751 eru-

2083 2799 2207 2862 diti,
2250 2798 2665 2868 majoribusque
2718 2795 2934 2851 abunde
2966 2792 3351 2849 luctaruinibus
3401 2789 3670 2853 instituti,

2083 2891 2157 2946 ita
2188 2891 2408 2946 demum
2445 2899 2503 2944 ut
2534 2904 2659 2944 cum
2690 2886 3092 2959 potentioribus
3118 2886 3264 2939 vires
3305 2881 3671 2946 contendant,

2083 2984 2138 3038 in
2161 2996 2384 3037 arenam
2417 2980 2777 3036 descendunt.
2804 2977 2890 3032 Ad
2920 2975 3172 3031 eumdem
3205 2975 3370 3029 etiam
3407 2971 3518 3026 fere
3548 2986 3676 3026 mo-

2006 3081 2050 3140 c
2084 3077 2210 3129 dum
2229 3073 2544 3143 Gregorius,
2564 3071 2798 3142 primum
2813 3069 2866 3124 in
2880 3067 3054 3138 patria
3069 3080 3194 3121 cum
3214 3063 3395 3133 impiis
3410 3077 3676 3132 congres-

2083 3181 2199 3229 sus,
2217 3165 2554 3234 rationisque
2575 3161 2841 3218 adversus
2863 3173 2958 3216 eos
2974 3157 3147 3223 lucta,
3165 3170 3231 3210 ac
3256 3152 3495 3208 victoriis
3510 3150 3677 3205 fortis

2084 3258 2282 3327 pugilis
2305 3256 2557 3319 lacertos,
2588 3268 2656 3309 ac
2695 3251 3050 3322 multiplicem
3088 3246 3483 3317 experientiam
3519 3244 3628 3298 ade
3650 3273 3676 3284 -

2080 3357 2209 3420 ptus
2233 3366 2249 3416 ;
2278 3347 2515 3417 deinque
2540 3343 2855 3416 parentibus
2899 3339 3043 3396 felici
3075 3338 3201 3395 vita:
3219 3335 3369 3392 exitu
3393 3349 3665 3391 consum-

2085 3440 2267 3504 matis,
2311 3453 2435 3493 cum
2483 3434 2785 3492 laudatorio
2832 3443 3105 3495 sermone,
3135 3436 3250 3484 tum
3297 3423 3672 3497 justislcgiti-

2082 3533 2191 3586 mis
2239 3529 2593 3601 perfunctus;
2632 3536 2967 3597 paterneque
3018 3536 3181 3592 grege
3240 3518 3387 3573 velut
3430 3516 3484 3570 in
3542 3524 3666 3568 tuta

2083 3624 2311 3678 mandra
2370 3636 2466 3677 sua
2520 3620 2692 3690 ipsius
2770 3614 3046 3684 theologia
3087 3609 3438 3673 communito,
3493 3615 3674 3675 atque

2076 3724 2364 3785 pastorum
2424 3710 2664 3780 Principi
2731 3709 2785 3764 in
2836 3720 3034 3762 manus
3085 3702 3441 3775 relicto,ipse
3472 3711 3546 3753 se
3600 3696 3678 3752 ad

2083 3805 2337 3876 graviora
2369 3801 2639 3857 sermonis
2674 3812 2863 3859 causa,
2908 3805 3075 3864 atque
3112 3790 3377 3848 doctrinae
3417 3786 3686 3856 pericula

2081 3895 2318 3965 expedit.
2368 3892 2448 3947 Ac
2485 3891 2633 3945 velut
2687 3889 2781 3959 qui
2813 3888 2866 3940 in
2909 3884 3123 3940 modico
3160 3881 3350 3935 ﬁdelis
3397 3878 3689 3946 probatus

2083 3995 2254 4049 esset,
2309 3984 2375 4039 ad
2428 3981 2727 4035 multorum
2774 3993 2835 4032 se
2892 3991 3082 4029 curant
3122 3981 3301 4042 parat.
3347 3968 3694 4038 Relictaque

2081 4077 2378 4139 Nazianzo,
2409 4083 2554 4129 recta
2579 4072 2645 4127 ad
2674 4071 2861 4126 urbem
2904 4069 3204 4137 Augustam
3230 4063 3332 4118 iter
3359 4061 3693 4116 contendit.

2081 4169 2140 4224 ld
2172 4182 2303 4222 vero
2338 4163 2621 4233 temporis,
2649 4161 2839 4232 ingens
2866 4174 2985 4214 eam
3008 4196 3022 4221 ,
3052 4155 3345 4226 gravisque
3380 4156 3700 4207 ltaarescon

2076 4259 2260 4329 caligo
2292 4259 2566 4312 invaserat
2614 4262 2779 4323 atque
2808 4250 3063 4322 opplebat
3093 4265 3109 4314 ;
3142 4262 3265 4316 quae
3287 4246 3540 4308 scilicet,
3570 4252 3700 4297 tum

2078 4352 2203 4407 alia!
2228 4350 2351 4405 aliis
2381 4353 2840 4417 compugnarent,
2867 4352 2979 4396 tum
3013 4340 3224 4395 veritati
3257 4336 3486 4391 infensa
3516 4337 3706 4391 vehe-

2012 4428 2053 4482 ί)
2086 4446 2320 4499 mentius
2363 4443 2479 4494 acie
2522 4440 2858 4509 ingruerent.
2893 4424 2985 4488 Sic
3026 4432 3169 4486 enim
3208 4429 3322 4483 fere
3373 4443 3709 4497 compara-

2081 4546 2195 4592 tum
2224 4544 2330 4598 est,
2364 4541 2424 4588 ut
2451 4532 2641 4587 vitium
2710 4536 2874 4598 atque
2909 4526 3170 4596 pravitas,
3210 4522 3418 4576 nedum
3472 4522 3713 4586 virtuti,

2079 4631 2172 4685 sed
2207 4635 2262 4683 et
2293 4627 2395 4682 sibi
2423 4626 2539 4695 ipsa
2589 4623 2789 4676 acriter
2835 4619 3175 4673 adversetur.
3207 4613 3279 4669 lis
3326 4622 3539 4668 autem
3606 4614 3717 4684 qui

2083 4732 2285 4777 rectam
2318 4719 2573 4774 tenebant
2598 4717 2756 4770 fidem
2810 4722 2968 4767 atrox
3005 4707 3238 4780 procella
3270 4706 3716 4772 incumbebat;

2077 4817 2454 4881 immensaque
2504 4810 2748 4874 undique
2796 4804 2972 4859 offusa
3033 4799 3303 4856 anxietas,
3353 4812 3429 4852 ac
3465 4799 3721 4854 consilii

2078 4908 2261 4975 inOpia
2300 4918 2442 4965 erat,
2503 4918 2626 4955 cum
2658 4899 2932 4953 neminem
2966 4893 3160 4948 tuenda
3184 4889 3455 4944 doctrina
3519 4904 3723 4947 certa-

2077 4995 2239 5049 minis
2274 4993 2467 5049 ducem
2518 5007 2584 5046 ac
2621 4988 2964 5044 defensorem
3002 4983 3285 5037 haberent.

2155 5087 2323 5159 Igitur
2341 5086 2523 5141 videre
2543 5093 2660 5137 erat
2678 5081 2827 5136 velut
2854 5075 3061 5148 ingenti
3110 5075 3523 5141 immensaque
3548 5088 3731 5127 vora-

2074 5183 2203 5250 gine
2229 5188 2548 5249 exporrecto
2579 5175 2770 5245 pelago
2813 5179 3004 5225 ventos
3034 5181 3156 5222 sese
3201 5164 3340 5217 alios
3404 5165 3557 5219 aliis
3610 5165 3734 5218 im-

2082 5270 2226 5322 mani
2259 5270 2466 5337 impetu
2498 5265 2836 5320 collideutes.
2894 5257 2959 5312 lli
2995 5269 3190 5324 nempe
3221 5252 3568 5309 lenioribus
3602 5255 3734 5326 pri-

2079 5377 2225 5414 mum
2280 5335 2440 5413 att—ris.
2486 5358 2689 5422 alllant,
2757 5360 3085 5419 versantque
3137 5360 3202 5400 ac
3255 5344 3731 5419 circumagunt,

2079 5452 2339 5522 paulatim
2378 5450 2670 5521 procellam
2716 5445 3045 5505 attollentes,
3078 5439 3149 5493 ita
3185 5449 3403 5498 tamen,
3453 5448 3525 5492 ut
3587 5455 3739 5493 nec.-

2075 5545 2205 5599 dum
2242 5544 2507 5614 impactus
2554 5539 2851 5596 stridentes
2893 5535 3090 5590 ﬂuctus
3127 5529 3502 5597 dirumpant.
3570 5530 3740 5586 Tum
