4022 6420
326 306 416 373 461

1021 300 1303 362 ORATIO
1340 303 1469 364 XX.
1498 301 1666 362 -ΙΝ
1697 301 2008 361 LAUDEM
2050 300 2108 360 S.
2144 298 2522 360 GREGORII
2555 301 2826 361 THEOL.

3461 304 3572 369 462

327 426 535 493 repente
562 414 795 470 turbinis
819 419 992 467 instar
1046 414 1302 483 utrinque
1331 415 1421 468 alii
1451 414 1572 470 aliis
1628 414 1888 480 iugrueu-
1919 419 1967 474 Α
1996 413 2143 466 velut
2178 412 2452 479 conﬂare;
2475 413 2706 469 alterum
2738 428 2986 479 numero,
3014 421 3179 485 atque
3208 416 3439 473 alterum
3471 434 3574 473 na-

328 523 424 571 trs.
451 519 617 579 atque
641 503 822 560 collisi
854 503 1198 559 intoleranda
1236 504 1461 559 ﬂatuum
1491 507 1539 559 vi
1572 521 1722 560 mare
1778 514 1892 557 tum

327 600 527 659 inﬂant,
589 606 813 664 tumque
863 592 1232 663 diﬂ‘ringunt;
1279 605 1602 665 assurgentc
1662 596 1892 664 procella

321 706 381 746 ac
410 688 712 748 desidente,
758 685 1187 755 interceptisque
1242 688 1473 742 navibus
1508 688 1709 757 pariter
1737 688 1790 741 in
1816 689 1896 742 al-

323 790 428 835 tum
475 778 735 839 sublatis,
773 776 992 845 imoque
1051 776 1344 845 depressis,
1403 786 1567 846 atque
1631 777 1895 833 ﬂuctuum

320 869 674 931 immanitate,
706 877 985 936 aestusque
1019 869 1342 925 submersis.

390 958 597 1014 Similis
636 958 882 1026 quzedam
923 966 1037 1011 tum
1081 967 1374 1025 tempestas
1422 958 1769 1013 Constantini
1810 974 1901 1013 ur-

318 1054 434 1107 bem
482 1051 822 1116 invaserat;
884 1049 1241 1118 nequissimis
1296 1049 1507 1105 scilicet
1569 1050 1896 1119 spiritibus,

320 1142 671 1197 adversantes
700 1140 939 1211 linguas,
962 1156 1030 1196 ac
1065 1148 1279 1195 mentes
1316 1139 1454 1195 alias
1484 1140 1605 1194 aliis
1645 1141 1897 1196 commit-

322 1232 561 1289 tentibus
589 1248 605 1298 ;
636 1247 701 1287 ac
727 1247 851 1288 cum
875 1246 1071 1288 omnes
1101 1232 1362 1302 loquendi
1399 1234 1668 1291 immensa
1722 1233 1903 1302 pruri-

321 1326 455 1395 gine,
483 1340 553 1379 ac
584 1324 832 1388 libidine,
862 1325 1161 1395 pronisque
1192 1325 1567 1383 molitionibus
1590 1327 1777 1381 litibus
1806 1327 1901 1381 alii

323 1415 449 1471 alios
471 1414 815 1485 diffringere,
832 1430 898 1470 ac
910 1418 1267 1486 pessumdare
1293 1418 1520 1487 superbe
1542 1417 1901 1474 connitebau-

323 1516 449 1562 tur:
486 1507 537 1560 si
567 1522 689 1576 quae
715 1522 847 1563 vero
872 1523 998 1577 pars
1055 1518 1219 1562 rectm
1253 1508 1378 1563 fidei
1415 1510 1635 1564 addicta
1670 1511 1723 1564 in
1756 1519 1903 1565 tanta

326 1598 604 1654 hominum
643 1598 804 1653 turba
830 1599 1042 1668 reliqua
1070 1609 1210 1663 erat,
1250 1615 1370 1655 eam
1405 1616 1537 1655 vero
1593 1601 1906 1671 opprimere

326 1706 386 1747 ac
411 1690 733 1761 perditionis
763 1690 872 1744 alto
902 1705 1150 1761 mergere
1189 1692 1618 1751 contendebant.

2002 514 2132 559 tunc
2152 504 2383 560 ratione.

2072 593 2210 647 Nam
2236 607 2497 649 excessus
2520 593 2764 663 quidem,
2802 593 3071 661 defectui;
3099 595 3343 654 defectus
3376 600 3575 656 adver-

2000 694 2153 738 satur
2179 684 2427 739 cxcessui
2461 700 2475 736 :
2508 684 2675 741 ambo
2707 693 2889 740 autem
2920 685 3300 743 immoderatio
3328 700 3480 753 sunt,
3512 706 3579 748 ac

2002 775 2384 844 improportio,
2416 776 2670 844 velutqne
2734 791 2903 831 unum
2946 786 3167 846 accepta
3196 779 3410 843 vitium,
3451 797 3578 838 cum

1999 882 2086 929 ea,
2122 883 2243 936 quae
2262 883 2325 922 ex
2360 877 2509 923 recta
2556 868 2957 927 mediocritatis
3004 871 3217 926 ratione
3276 871 3581 929 moderatio

2003 974 2068 1013 ac
2100 960 2383 1029 proportio
2405 961 2677 1026 consistit,
2707 961 2857 1019 velut
2892 977 3017 1017 cum
3070 964 3272 1019 virtute
3316 976 3580 1033 pugnant.

2003 1050 2062 1104 lu
2107 1066 2229 1105 cum
2263 1050 2484 1111 modum
2534 1066 2786 1122 perversa
2834 1053 3044 1121 opinio,
3081 1054 3280 1115 nedum
3334 1062 3396 1109 ut
3428 1062 3586 1111 recta:

2006 1139 2343 1206 adversetur,
2392 1142 2486 1197 sed
2541 1151 2601 1196 ut
2632 1144 2797 1197 etiam
2828 1158 3011 1212 pravae
3048 1144 3328 1200 contraria
3369 1145 3485 1212 sit,
3520 1160 3588 1200 ex

2004 1240 2199 1285 natura
2228 1233 2410 1289 habet.
2442 1232 2478 1288 li
2518 1234 2702 1306 igitur,
2734 1236 2789 1288 in
2822 1251 2888 1291 ea
2913 1236 3147 1306 prolapsi
3177 1238 3437 1301 absurda.
3462 1247 3585 1295 tum

2005 1337 2129 1376 cum
2161 1322 2283 1379 aliis
2326 1325 2440 1391 alii,
2472 1336 2584 1380 tum
2630 1340 2754 1380 eum
2790 1327 3021 1381 veritate
3070 1327 3584 1397 eongrediebantur.

2077 1413 2133 1469 In
2171 1416 2256 1470 his
2275 1424 2452 1481 erant,
2489 1418 2585 1487 qui
2611 1418 2749 1475 Filio
2769 1419 3013 1489 quidem,
3034 1433 3247 1476 natura:
3269 1436 3395 1476 cum
3425 1419 3589 1476 Patre

2008 1507 2451 1575 coniunctionem
2501 1508 2897 1581 indulgebant;
2930 1510 3196 1582 Spiritum
3232 1527 3385 1577 vero,
3419 1528 3588 1583 quem

2008 1614 2036 1651 a
2069 1595 2359 1665 Patris,'ac
2388 1599 2511 1654 Filii
2542 1601 2830 1657 divinitate
2858 1603 3101 1658 alienum
3154 1605 3480 1669 sentiebant,
3516 1603 3587 1658 li-

2009 1688 2198 1742 berum
2227 1689 2343 1756 alii,
2375 1690 2465 1743 alii
2501 1690 2663 1745 etiam
2699 1707 2919 1747 servum
2967 1693 3308 1763 blasphemia
3336 1693 3590 1749 dictitare

389 1779 521 1835 Nam
560 1780 653 1834 alii
685 1780 903 1850 quidem
947 1778 1169 1835 Sabellii
1204 1779 1370 1852 Libys
1406 1782 1726 1839 confusione
1779 1799 1903 1839 sus-
1938 1790 1979 1844 Β
2009 1779 2303 1834 audebant.
2337 1780 2496 1834 Aliud
2525 1781 2629 1835 hoc
2645 1797 2823 1849 prava:
2847 1783 3123 1852 opinionis
3145 1799 3338 1854 genus.
3369 1784 3587 1854 Apolli-

329 1880 493 1943 ecpta,
526 1872 810 1941 nimiaque
839 1871 1248 1941 conjunctione,
1297 1875 1554 1944 velutque
1596 1875 1903 1935 concretio-

333 1978 571 2030 ne;nec,
607 1954 817 2032 quantd
856 1978 954 2032 par
1009 1973 1148 2025 erat,
1209 1964 1541 2023 discretione
1598 1966 1907 2022 inconsulte

336 2054 433 2118 usi,
462 2053 702 2121 Patrem,
746 2053 969 2118 Filium,
1000 2069 1062 2109 ac
1084 2054 1345 2121 Spiritum
1378 2065 1652 2123 sanctum,
1685 2056 1907 2111 nomine

344 2154 488 2199 tenus
506 2145 812 2210 honorant;
846 2159 970 2214 qua:
994 2154 1174 2199 autem
1207 2146 1290 2200 his
1328 2146 1731 2217 significantur,
1782 2163 1907 2217 pro—

348 2234 442 2288 bro
474 2235 991 2306 habent,nudasque
1017 2236 1132 2290 haec
1159 2238 1597 2305 nuncupationes
1631 2237 1903 2303 arbitrati,

276 2383 280 2387 ,
353 2340 413 2379 ac
447 2341 557 2395 qua:
593 2342 686 2380 nec
714 2341 842 2382 vere
864 2327 1152 2391 exsistant,
1226 2326 1677 2382 inconsistentem
1724 2327 1905 2394 reipsa

349 2427 502 2487 atque
540 2418 774 2485 inanem,
807 2417 1035 2474 Judaica
1070 2419 1365 2489 singularis
1403 2418 1743 2488 principatus
1785 2418 1907 2488 opi-

347 2510 513 2573 nione,
554 2523 619 2565 ac
670 2509 973 2581 impietate,
1029 2510 1132 2564 sibi
1189 2510 1349 2563 tidem
1409 2510 1747 2581 contingunt.
1801 2510 1904 2565 Alii

338 2596 447 2651 Arii
501 2598 781 2653 dementia:
827 2598 1192 2667 astipulantes
1223 2638 1239 2663 ,
1276 2613 1454 2669 exque
1493 2599 1783 2664 diametro,
1816 2600 1903 2663 iis,

337 2705 467 2758 quos
514 2690 786 2757 dicebam,
821 2699 1129 2760 pugnantes
1196 2689 1489 2753 sententia,
1557 2694 1674 2761 pari
1724 2700 1904 2746 tamen

335 2781 601 2851 impietate
628 2783 910 2852 provecti;
944 2783 1146 2853 quibus
1170 2783 1244 2837 illi
1268 2783 1636 2848 concretione,
1673 2783 1729 2837 hi
1768 2785 1905 2838 divi-

332 2873 479 2928 sione
504 2873 678 2943 impii,
716 2875 852 2929 recti
880 2884 1053 2929 metas
1076 2876 1368 2930 excedunt.

400 2963 870 3030 Quemadmodum
904 2966 1050 3020 enim
1104 2967 1334 3035 priores,
1367 2971 1459 3039 qui
1489 2986 1650 3025 unam
1682 2969 1905 3027 deitatis

328 3065 436 3109 tum
484 3065 745 3110 naturam
799 3058 1064 3120 sentiant,
1126 3056 1242 3114 tum
1301 3076 1614 3130 personam,
1651 3064 1903 3133 procula

2009 1869 2148 1923 narii
2179 1869 2321 1923 enim
2355 1866 2501 1940 Syri,
2538 1870 2800 1939 quidnam
2838 1871 2984 1927 aliud
3014 1887 3199 1928 vocem
3245 1873 3589 1929 amentiam?

2006 1962 2100 2031 qui
2133 1962 2343 2018 scilicet
2369 1963 2592 2018 doceret
2646 1963 2925 2033 accepisse
2957 1965 3179 2033 quidem
3207 1963 3439 2020 Verbum
3463 1980 3592 2021 car-

2008 2068 2152 2119 nem;
2184 2070 2303 2109 cam
2335 2065 2517 2110 tamen
2548 2055 2734 2110 animo
2790 2070 2856 2109 ac
2888 2062 3071 2111 mente
3089 2071 3278 2115 carere
3309 2056 3593 2111 dementer

2007 2154 2298 2199 assereret.

2079 2233 2175 2290 llis
2199 2236 2406 2305 utique,
2432 2237 2665 2308 aliisque
2710 2239 3156 2309 quamplurimis,
3186 2255 3253 2294 ac
3274 2241 3595 2297 deterrimis

2007 2326 2376 2395 opinionibus,
2424 2344 2523 2384 ceu
2571 2329 2728 2385 saevis
2762 2330 3017 2400 procellis
3050 2331 3287 2388 intutae
3316 2340 3588 2400 quantum

2008 2416 2291 2472 ﬂuctuanti
2322 2418 2445 2477 urbi
2471 2418 2748 2489 Augustae,
2781 2421 2928 2475 velut
2967 2420 3094 2490 quis
3114 2421 3361 2491 optimus
3394 2422 3594 2492 guber-

2009 2518 2168 2565 nator
2189 2510 2545 2569 admirandus
2588 2510 2677 2566 hic
2707 2510 3006 2582 Gregorius
3042 2529 3070 2567 a
3108 2511 3241 2578 Deo,
3283 2528 3593 2582 eoqueau-

2010 2603 2183 2673 spice,
2222 2601 2513 2661 incumbit.
2559 2602 2641 2660 Ac
2712 2603 2860 2659 sicut
2914 2604 3071 2672 prius
3112 2604 3387 2661 Dominus
3428 2602 3594 2661 Iesus

2009 2694 2315 2764 discipulis,
2340 2695 2533 2765 pelago
2548 2704 2717 2751 nocte
2748 2695 2876 2750 navi
2917 2694 3381 2759 conﬂictantibus.
3412 2695 3594 2753 factus

2010 2786 2362 2856 conspicuus,
2388 2799 2497 2841 suo
2530 2784 2714 2841 statim
2758 2783 2998 2840 adventu
3047 2785 3595 2854 tumcutescompri-

2011 2878 2111 2932 mit
2168 2876 2398 2943 ﬂuctus;
2458 2883 2764 2947 ventosque
2817 2874 3130 2943 increpans,
3172 2874 3469 2943 procellam
3535 2875 3591 2929 in

2013 2968 2463 3038 tranquillitatem
2517 2966 2795 3023 convertit
2819 2965 2908 3018 ⁸ος
2950 2966 3035 3021 sic
3065 2980 3233 3020 verus
3286 2964 3466 3033 reipsa
3507 2963 3597 3019 di-

2014 3062 2389 3131 scipulus,ac,
2440 3059 2620 3129 quoad
2669 3058 2814 3122 licet,
2876 3057 3118 3115 imitator
3149 3064 3430 3118 strenuus,
3464 3070 3595 3111 cum

324 3148 553 3203 veritate
579 3148 972 3215 exerrant;sic
994 3158 1049 3204 et
1094 3125 1343 3218 secundi,
1381 3155 1472 3223 qui
1503 3125 1704 3224 praeter
1720 3164 1906 3210 ternas
1938 3125 1980 3180 ο
2015 3125 2114 3209 illo
2137 3125 2361 3222 pariter,
2384 3125 2474 3216 iis,
2499 3149 2595 3220 qui
2621 3148 2851 3219 spiritali
2877 3155 3202 3218 tempestate
3218 3146 3592 3217 iactabantur,

326 3253 614 3307 personas,
647 3239 812 3296 etiam
836 3248 1053 3296 naturae
1094 3241 1443 3310 divisionem,
1474 3244 1797 3302 Graecorum
1825 3263 1911 3300 er-

328 3344 450 3384 rore
498 3346 571 3387 ac
622 3332 902 3401 impietate
962 3334 1254 3402 inducant;
1308 3336 1517 3391 alienos
1556 3353 1585 3391 a
1614 3336 1773 3393 Patre
1794 3338 1912 3392 eﬂi-

322 3422 496 3489 eiunt,
528 3424 629 3494 qui
659 3433 790 3480 sunt
816 3439 881 3480 ex
916 3427 1071 3494 ipso;
1110 3429 1239 3496 quin
1273 3439 1330 3482 et
1361 3428 1509 3497 ipsos
1532 3429 1674 3484 inter
1699 3445 1758 3486 se
1772 3430 1916 3485 alie-

322 3526 422 3567 nos
471 3516 880 3583 pronuntiant:
932 3518 1233 3586 imparibus
1278 3520 1507 3585 SCiliCL’l,
1547 3535 1915 3591 -prorsusque

318 3602 569 3675 indignis
604 3607 804 3662 deitate
841 3609 1122 3678 gradibus,
1152 3608 1348 3665 Filium
1381 3613 1529 3669 Patri
1589 3614 1918 3669 submittena

321 3704 442 3765 tes;
499 3715 572 3755 ac
602 3699 845 3770 Spiritus
884 3702 1117 3773 gloriam
1172 3702 1295 3758 Filii
1349 3705 1595 3761 claritate
1619 3706 1913 3767 minorem.

314 3790 716 3859 detrahentes;
749 3794 879 3863 quin
912 3794 1090 3863 potius
1133 3795 1235 3865 ipsi
1264 3811 1324 3851 se
1359 3813 1465 3852 una
1524 3814 1590 3853 ac
1649 3799 1914 3871 singulari

315 3882 526 3939 deitate
590 3884 752 3954 longe
788 3884 1129 3950 abdicantcs,
1160 3889 1436 3944 extraneis
1484 3898 1650 3960 atque
1690 3890 1916 3944 absonis

312 3975 690 4042 opinionibus
713 3975 805 4031 alii
826 3975 881 4028 in
911 3975 1048 4031 alios
1078 3977 1274 4030 merito
1308 3977 1627 4035 incitantur.

388 4065 503 4121 Eos
537 4067 715 4129 enim,
741 4068 831 4136 qui
864 4083 895 4120 a
928 4067 1110 4122 medio
1141 4079 1549 4136 exerraverant,
1576 4079 1739 4139 atque
1764 4085 1793 4124 a
1827 4087 1915 4126 re-

311 4159 402 4225 gia
440 4158 869 4214 declinaveraut
917 4159 993 4228 (in
1046 4175 1151 4227 qua
1198 4163 1276 4214 uti
1323 4161 1496 4216 virtus
1525 4163 1726 4227 omnis,
1750 4163 1831 4218 sic
1862 4174 1919 4217 et

314 4250 614 4320 inculpata
673 4264 920 4320 puraque
980 4252 1253 4318 consistit,
1316 4267 1381 4307 ac
1445 4262 1723 4322 spectatur
1760 4253 1916 4324 fides)

311 4342 556 4396 omnino
619 4356 715 4410 par
744 4350 882 4402 erat,
916 4341 1234 4398 excessibus
1296 4357 1362 4397 ac
1396 4343 1698 4400 defectibus
1751 4345 1918 4400 iulia:-

2013 3255 2302 3313 apparens,
2369 3239 2627 3309 procellae
2670 3236 2941 3307 praecipit,
2986 3244 3153 3307 atque
3207 3236 3263 3290 in
3292 3250 3494 3297 auram
3522 3236 3595 3300 3‘,

2013 3335 2133 3406 ejus
2160 3334 2424 3391 ﬂuctibus
2457 3332 2767 3398 silentibus,
2789 3330 3002 3386 statuit.

2083 3423 2152 3479 At
2175 3438 2412 3494 quonam
2430 3422 2488 3477 id
2516 3421 2716 3477 modo?
2736 3418 2848 3477 Hic
2879 3420 3011 3477 mihi
3045 3419 3382 3475 narrationis
3403 3430 3601 3475 vernat

2016 3513 2268 3571 amabilis
2328 3520 2679 3582 conspectus.
2753 3506 3060 3585 Ingreditur
3110 3507 3458 3580 Byzantium,
3487 3523 3601 3564 non

2017 3606 2312 3665 sateilitum
2344 3618 2536 3673 agmen
2567 3602 2865 3665 adducens,
2905 3598 3002 3655 sed
3030 3598 3327 3657 virtutibus
3352 3600 3603 3655 cireum-

2016 3692 2510 3768 stipantibus.Non
2542 3706 2762 3756 aurum,
2795 3704 2903 3745 non
2943 3699 3251 3760 argentum,
3287 3704 3396 3743 non
3422 3703 3499 3745 tes
3541 3690 3601 3744 in

2014 3803 2154 3843 zona
2208 3787 2442 3851 habens;
2501 3784 2596 3839 sed
2657 3783 2781 3849 ﬂde,
2829 3797 2947 3852 spe,
3001 3797 3067 3836 ac
3131 3781 3419 3852 charitate,
3454 3781 3604 3837 velut

2019 3877 2224 3933 mundo
2250 3873 2630 3945 praestantiore
2654 3888 2819 3942 quam
2848 3887 2949 3942 pro
2996 3872 3187 3926 mundi
3236 3870 3355 3940 ipsa
3380 3872 3602 3927 ratione

2018 3967 2326 4023 redimitus.
2389 3962 2506 4018 Non
2563 3963 2831 4033 pretiosas
2886 3970 3105 4028 vestes,
3160 3975 3269 4015 non
3326 3961 3601 4017 mulorum

2019 4057 2390 4115 convehendis
2458 4053 2691 4111 sarcinis
2760 4052 3208 4119 multitudinem;
3272 4066 3385 4111 non
3454 4052 3602 4108 aliud

2019 4152 2340 4223 quidquam,
2377 4148 2461 4201 vel
2478 4145 2764 4216 exiguum,
2800 4145 2885 4199 vel
2916 4158 3197 4215 magnum,
3246 4144 3316 4200 iis
3339 4158 3406 4200 ex
3438 4144 3605 4201 rebus

2019 4257 2157 4314 quas
2185 4247 2529 4310 comportare
2558 4237 2730 4292 moris
2758 4246 2843 4292 est
2865 4236 2997 4291 viris
3025 4236 3154 4291 luxu
3180 4234 3507 4306 magniﬁcis,
3538 4251 3605 4292 ac

2022 4334 2208 4390 carnis
2231 4347 2423 4389 curam
2458 4329 2771 4401 agentibus,
2804 4328 3045 4387 inferens
3070 4347 3086 4397 ;
3111 4330 3206 4386 sed
3240 4327 3370 4385 Jesu
3387 4329 3606 4400 sapien-

312 4443 532 4499 rentes,
560 4433 624 4488 in
649 4432 949 4488 nimietatis
962 4434 1162 4489 scirtes
1195 4435 1506 4502 incurrere;
1534 4448 1919 4506 postremoque
1942 4451 1998 4511 τ)
2024 4427 2155 4480 liam
2214 4437 2279 4478 ac
2310 4421 2665 4486 lellllilalelll;
2696 4421 3011 4490 collataque
3055 4418 3317 4511 θρίξεῑοιίε
3371 4418 3608 4511 Parcit“

316 4528 375 4578 in
441 4525 901 4581 contrarietatem
950 4526 1202 4593 dissidio,
1247 4527 1673 4599 inimicitiasque
1727 4545 1917 4599 prore-

318 4628 476 4681 pere.
520 4614 695 4685 quue
729 4615 867 4670 adeo
906 4616 1365 4684 quemadmodum
1427 4617 1569 4682 istis,
1604 4620 1656 4671 in
1700 4620 1767 4673 iis
1796 4635 1921 4688 qua:

316 4705 390 4758 ad
420 4705 635 4760 trinam
669 4704 931 4763 Deitatom
962 4714 1229 4774 Spectant,
1269 4707 1340 4761 ita
1373 4722 1567 4762 rursus
1592 4708 1736 4772 aliis,
1770 4708 1822 4760 in
1855 4710 1920 4761 iis

311 4810 443 4863 quae
469 4796 544 4849 ad
583 4795 683 4849 Dei
718 4793 879 4848 Verbi
910 4795 1364 4859 incarnationem,
1402 4796 1555 4849 aiunt
1603 4796 1870 4853 accidisse
1904 4815 1916 4851 ;

2025 4530 2157 4583 tem,
2194 4518 2511 4584 nudamque
2566 4530 2631 4569 ac
2668 4513 2972 4583 simplicem
3007 4513 3077 4568 ad
3127 4510 3480 4583 Evangelium
3506 4510 3604 4582 (et,

2027 4625 2085 4670 ut
2111 4614 2183 4668 ita
2215 4608 2417 4680 dicam)
2437 4610 2760 4677 imparatam
2791 4609 3264 4677 praeparationem.

2101 4706 2191 4761 Sic
2216 4704 2400 4773 igitur,
2418 4717 2595 4771 coque
2626 4700 2924 4756 adveniens
2955 4709 3242 4770 apparatu,
3270 4701 3450 4770 qualis
3480 4716 3607 4756 eum

2028 4798 2276 4862 decebat,
2331 4794 2415 4849 cui
2448 4791 2764 4848 concredita
2817 4790 3121 4860 apostolica
3167 4788 3379 4845 functio
3420 4798 3608 4854 esset;

307 4902 440 4942 cum
472 4902 690 4956 nempe
725 4886 815 4947 alii
848 4903 916 4941 ex
947 4886 1168 4943 Christo
1198 4886 1401 4956 duplici
1432 4898 1624 4943 natura
1650 4887 1790 4945 deos
1816 4889 1920 4943 sibi

310 4978 493 5047 Filios
524 4979 880 5036 inducendos
924 4979 1225 5045 sentirent;
1258 4979 1348 5033 alii
1378 4980 1431 5033 in
1469 4995 1633 5035 unam
1668 4996 1793 5035 cum
1823 4996 1923 5035 na-

308 5080 499 5127 turam
543 5086 623 5126 ex
666 5086 776 5126 una
807 5085 1054 5140 persona:
1087 5072 1296 5127 ratione
1328 5055 1586 5142 cogerent
1619 5091 1633 5126 :
1669 5088 1792 5127 cum
1830 5087 1927 5141 par
2030 5074 2085 5129 id
2113 5084 2293 5128 autem
2328 5070 2396 5125 ad
2424 5083 2634 5139 magna;
2660 5065 2967 5127 Anastasius
3011 5065 3125 5136 (i5)
3156 5065 3368 5133 exigua:
3414 5063 3614 5117 domus

305 5172 464 5219 esset
494 5163 628 5218 iilic
663 5166 889 5232 pariter,
933 5174 1099 5232 atque
1132 5164 1223 5219 hic
1250 5165 1462 5220 honesti
1505 5165 1755 5219 temniuis
1786 5164 1925 5219 insi-
2033 5166 2309 5237 proximas
2369 5164 2535 5215 aades.
2583 5159 2703 5214 Una
2752 5159 2898 5224 haec,
2933 5156 3083 5228 quod
3115 5156 3209 5211 vili
3236 5155 3424 5214 forsan
3457 5154 3615 5209 sche-

297 5264 557 5323 stentes,
600 5266 722 5310 tum
748 5257 920 5311 simul
950 5257 1283 5326 dispescere,
1343 5268 1455 5312 tum
1484 5267 1814 5313 connectere
1864 5273 1959 5319 ac,
2034 5269 2200 5321 matc,
2234 5266 2481 5326 peneque
2496 5249 2711 5305 inutilis
2733 5247 3035 5311 videretur,
3054 5244 3615 5313 ba-retio-isneglccta.

2030 4891 2266 4960 primum
2310 4886 2527 4956 quidem
2557 4881 2700 4953 apud
2727 4882 2995 4952 quosdam
3025 4880 3448 4944 necessitudine,
3490 4895 3613 4948 quae

2027 4980 2329 5038 secundum
2370 4978 2621 5047 spiritum
2659 4984 2767 5040 est,
2812 4973 3163 5043 coniunctos,
3228 4973 3430 5041 hospes
3458 4971 3611 5040 agit:

374 5438 426 5472 εί
470 5436 647 5492 Psal.
681 5449 791 5498 cvi,
825 5435 919 5490 ‘29.

2043 5628 2159 5682 aede
2206 5626 2316 5681 illic
2356 5640 2510 5681 sacra
2563 5640 2628 5679 ac
2675 5626 2826 5679 cultu
2888 5623 3426 5696 Byzantinam;quo
3454 5621 3620 5678 etiam

372 5640 504 5713 (l5)
540 5635 712 5713 lianc
745 5633 860 5702 ipse
898 5633 1113 5713 Nicetes
1159 5629 1376 5713 egr‘cgio
1426 5628 1930 5713 laudatencomio;

458 5698 521 5752 si.
558 5698 848 5752 seniorem
872 5711 941 5752 ac‘
960 5703 1179 5752 seniore
1199 5698 1405 5752 'Roma
1431 5709 1627 5752 ortam.
1664 5714 1765 5752 nec
1823 5698 1930 5752 nisi
2042 5698 2205 5752 modo
2236 5708 2427 5751 auctor
2457 5705 2614 5750 vocat
2643 5710 2822 5749 suam.

293 5698 521 5781 nempe
558 5698 848 5764 seniorem
872 5698 1405 5759 ac‘seniore'Roma
1431 5709 1627 5765 ortam,
1664 5714 1765 5755 nec
1823 5698 1930 5753 nisi
