  <div class='ocr_page' id='page_1' title='image "/cluster/home/n/w/nwhite01/storage/ocr_20150623/105/coo.31924054870096/251.png"; bbox 0 0 4022 6432; ppageno 0'>
   <div class='ocr_carea' id='block_1_1' title="bbox 465 323 572 386">
    <p class='ocr_par' dir='ltr' id='par_1_1' title="bbox 465 323 572 386">
     <span class='ocr_line' id='line_1_1' title="bbox 465 323 572 386; baseline 0.019 -2"><span class='ocrx_word' id='word_1_1' title='bbox 465 323 572 386; x_wconf 76' lang='grc'><strong>463</strong></span> 
     </span>
    </p>
   </div>
   <div class='ocr_carea' id='block_1_2' title="bbox 1647 314 2504 380">
    <p class='ocr_par' dir='ltr' id='par_1_2' title="bbox 1647 314 2504 380">
     <span class='ocr_line' id='line_1_2' title="bbox 1647 314 2504 380; baseline -0.004 0"><span class='ocrx_word' id='word_1_2' title='bbox 1647 317 1944 380; x_wconf 63' lang='lat' dir='ltr'><strong>NICETrE</strong></span> <span class='ocrx_word' id='word_1_3' title='bbox 1974 314 2504 378; x_wconf 72' lang='lat' dir='ltr'><strong>PAPHLAGONIS</strong></span> 
     </span>
    </p>
   </div>
   <div class='ocr_carea' id='block_1_3' title="bbox 3605 329 3704 391">
    <p class='ocr_par' dir='ltr' id='par_1_3' title="bbox 3605 329 3704 391">
     <span class='ocr_line' id='line_1_3' title="bbox 3605 329 3704 391; baseline 0.02 -2"><span class='ocrx_word' id='word_1_4' title='bbox 3605 329 3704 391; x_wconf 65' lang='lat' dir='ltr'><strong>iiii</strong></span> 
     </span>
    </p>
   </div>
   <div class='ocr_carea' id='block_1_4' title="bbox 465 429 3708 505">
    <p class='ocr_par' dir='ltr' id='par_1_4' title="bbox 465 429 3708 505">
     <span class='ocr_line' id='line_1_4' title="bbox 465 429 3708 505; baseline 0.002 -17"><span class='ocrx_word' id='word_1_5' title='bbox 465 435 727 497; x_wconf 86' lang='lat' dir='ltr'><strong>fidelium,</strong></span> <span class='ocrx_word' id='word_1_6' title='bbox 752 449 813 487; x_wconf 87' lang='lat' dir='ltr'><strong>ac</strong></span> <span class='ocrx_word' id='word_1_7' title='bbox 852 432 1067 503; x_wconf 88' lang='lat' dir='ltr'><strong>pietatis</strong></span> <span class='ocrx_word' id='word_1_8' title='bbox 1096 432 1369 486; x_wconf 72' lang='lat' dir='ltr'><strong>cultorum</strong></span> <span class='ocrx_word' id='word_1_9' title='bbox 1401 430 1598 499; x_wconf 73' lang='lat' dir='ltr'><strong>exiguo</strong></span> <span class='ocrx_word' id='word_1_10' title='bbox 1639 429 2036 484; x_wconf 71' lang='lat' dir='ltr'><strong>ctetuiaddicta</strong></span> <span class='ocrx_word' id='word_1_11' title='bbox 2073 431 2115 485; x_wconf 81' lang='grc' dir='ltr'><strong>Α</strong></span> <span class='ocrx_word' id='word_1_12' title='bbox 2146 433 2361 488; x_wconf 84' lang='lat' dir='ltr'><strong>labores</strong></span> <span class='ocrx_word' id='word_1_13' title='bbox 2446 449 2510 487; x_wconf 90' lang='lat' dir='ltr'><strong>ac</strong></span> <span class='ocrx_word' id='word_1_14' title='bbox 2564 433 2803 502; x_wconf 85' lang='lat' dir='ltr'><strong>pericula</strong></span> <span class='ocrx_word' id='word_1_15' title='bbox 2837 434 3125 502; x_wconf 89' lang='lat' dir='ltr'><strong>inciderit;</strong></span> <span class='ocrx_word' id='word_1_16' title='bbox 3158 438 3378 505; x_wconf 84' lang='lat' dir='ltr'><strong>quantis</strong></span> <span class='ocrx_word' id='word_1_17' title='bbox 3435 437 3708 500; x_wconf 74' lang='lat' dir='ltr'><strong>Trinitatis</strong></span> 
     </span>
    </p>
   </div>
   <div class='ocr_carea' id='block_1_5' title="bbox 466 519 2042 592">
    <p class='ocr_par' dir='ltr' id='par_1_5' title="bbox 466 519 2042 592">
     <span class='ocr_line' id='line_1_5' title="bbox 466 519 2042 592; baseline -0.004 -12"><span class='ocrx_word' id='word_1_18' title='bbox 466 535 766 580; x_wconf 77' lang='lat' dir='ltr'><strong>manserat.</strong></span> <span class='ocrx_word' id='word_1_19' title='bbox 815 523 1140 584; x_wconf 68' lang='lat' dir='ltr'><strong>Anastashe,</strong></span> <span class='ocrx_word' id='word_1_20' title='bbox 1170 531 1172 533; x_wconf 74' lang='grc'><em>’</em></span> <span class='ocrx_word' id='word_1_21' title='bbox 1202 524 1446 592; x_wconf 85' lang='lat' dir='ltr'><strong>inquam,</strong></span> <span class='ocrx_word' id='word_1_22' title='bbox 1507 521 1653 574; x_wconf 90' lang='lat' dir='ltr'><strong>illius</strong></span> <span class='ocrx_word' id='word_1_23' title='bbox 1695 519 1942 583; x_wconf 74' lang='lat' dir='ltr'><strong>illustris,</strong></span> <span class='ocrx_word' id='word_1_24' title='bbox 1979 533 2042 573; x_wconf 87' lang='lat' dir='ltr'><strong>ac</strong></span> 
     </span>
    </p>
   </div>
   <div class='ocr_carea' id='block_1_6' title="bbox 462 609 2036 684">
    <p class='ocr_par' dir='ltr' id='par_1_6' title="bbox 462 609 2036 684">
     <span class='ocr_line' id='line_1_6' title="bbox 462 609 2036 684; baseline -0.005 -14"><span class='ocrx_word' id='word_1_25' title='bbox 462 627 693 682; x_wconf 78' lang='lat' dir='ltr'><strong>nostr-.c;</strong></span> <span class='ocrx_word' id='word_1_26' title='bbox 727 615 954 684; x_wconf 82' lang='lat' dir='ltr'><strong>virginis</strong></span> <span class='ocrx_word' id='word_1_27' title='bbox 975 628 1223 683; x_wconf 86' lang='lat' dir='ltr'><strong>corpore,</strong></span> <span class='ocrx_word' id='word_1_28' title='bbox 1255 612 1482 682; x_wconf 78' lang='lat' dir='ltr'><strong>virginis</strong></span> <span class='ocrx_word' id='word_1_29' title='bbox 1499 609 1694 680; x_wconf 90' lang='lat' dir='ltr'><strong>spiritu</strong></span> <span class='ocrx_word' id='word_1_30' title='bbox 1757 624 1821 663; x_wconf 81' lang='lat' dir='ltr'><strong>ac</strong></span> <span class='ocrx_word' id='word_1_31' title='bbox 1841 617 2036 662; x_wconf 86' lang='lat' dir='ltr'><strong>mente.</strong></span> 
     </span>
    </p>
   </div>
   <div class='ocr_carea' id='block_1_7' title="bbox 462 700 2042 776">
    <p class='ocr_par' dir='ltr' id='par_1_7' title="bbox 462 700 2042 776">
     <span class='ocr_line' id='line_1_7' title="bbox 462 700 2042 776; baseline -0.005 -14"><span class='ocrx_word' id='word_1_32' title='bbox 462 707 767 763; x_wconf 76' lang='lat' dir='ltr'><strong>Anastasiae</strong></span> <span class='ocrx_word' id='word_1_33' title='bbox 823 721 944 776; x_wconf 61' lang='lat' dir='ltr'><strong>quae</strong></span> <span class='ocrx_word' id='word_1_34' title='bbox 990 705 1122 760; x_wconf 90' lang='lat' dir='ltr'><strong>olim</strong></span> <span class='ocrx_word' id='word_1_35' title='bbox 1153 705 1265 771; x_wconf 90' lang='lat' dir='ltr'><strong>jam</strong></span> <span class='ocrx_word' id='word_1_36' title='bbox 1307 703 1498 772; x_wconf 86' lang='lat' dir='ltr'><strong>ingens</strong></span> <span class='ocrx_word' id='word_1_37' title='bbox 1557 701 1819 754; x_wconf 88' lang='lat' dir='ltr'><strong>adversus</strong></span> <span class='ocrx_word' id='word_1_38' title='bbox 1850 700 2042 754; x_wconf 87' lang='lat' dir='ltr'><strong>diabo-</strong></span> 
     </span>
    </p>
   </div>
   <div class='ocr_carea' id='block_1_8' title="bbox 453 792 2038 868">
    <p class='ocr_par' dir='ltr' id='par_1_8' title="bbox 453 792 2038 868">
     <span class='ocr_line' id='line_1_8' title="bbox 453 792 2038 868; baseline -0.005 -15"><span class='ocrx_word' id='word_1_39' title='bbox 453 803 573 853; x_wconf 85' lang='lat' dir='ltr'><strong>lum</strong></span> <span class='ocrx_word' id='word_1_40' title='bbox 598 799 802 854; x_wconf 68' lang='lat' dir='ltr'><strong>eximio</strong></span> <span class='ocrx_word' id='word_1_41' title='bbox 827 796 1072 868; x_wconf 74' lang='lat' dir='ltr'><strong>martyrii</strong></span> <span class='ocrx_word' id='word_1_42' title='bbox 1097 811 1269 865; x_wconf 88' lang='lat' dir='ltr'><strong>agone</strong></span> <span class='ocrx_word' id='word_1_43' title='bbox 1292 801 1474 848; x_wconf 90' lang='lat' dir='ltr'><strong>erecto</strong></span> <span class='ocrx_word' id='word_1_44' title='bbox 1527 801 1757 862; x_wconf 60' lang='lat' dir='ltr'><strong>tropaeo,</strong></span> <span class='ocrx_word' id='word_1_45' title='bbox 1783 792 2038 861; x_wconf 80' lang='lat' dir='ltr'><strong>majorem</strong></span> 
     </span>
    </p>
   </div>
   <div class='ocr_carea' id='block_1_9' title="bbox 460 883 2041 954">
    <p class='ocr_par' dir='ltr' id='par_1_9' title="bbox 460 883 2041 954">
     <span class='ocr_line' id='line_1_9' title="bbox 460 883 2041 954; baseline -0.004 -9"><span class='ocrx_word' id='word_1_46' title='bbox 460 893 724 946; x_wconf 90' lang='lat' dir='ltr'><strong>adversus</strong></span> <span class='ocrx_word' id='word_1_47' title='bbox 762 890 1009 946; x_wconf 90' lang='lat' dir='ltr'><strong>diversas</strong></span> <span class='ocrx_word' id='word_1_48' title='bbox 1040 889 1278 943; x_wconf 67' lang='lat' dir='ltr'><strong>haereses</strong></span> <span class='ocrx_word' id='word_1_49' title='bbox 1317 883 1579 952; x_wconf 88' lang='lat' dir='ltr'><strong>Theologi</strong></span> <span class='ocrx_word' id='word_1_50' title='bbox 1613 899 1780 954; x_wconf 80' lang='lat' dir='ltr'><strong>Opera</strong></span> <span class='ocrx_word' id='word_1_51' title='bbox 1809 884 2041 939; x_wconf 86' lang='lat' dir='ltr'><strong>subinde</strong></span> 
     </span>
    </p>
   </div>
   <div class='ocr_carea' id='block_1_10' title="bbox 459 978 2042 1055">
    <p class='ocr_par' dir='ltr' id='par_1_10' title="bbox 459 978 2042 1055">
     <span class='ocr_line' id='line_1_10' title="bbox 459 978 2042 1055; baseline -0.003 -17"><span class='ocrx_word' id='word_1_52' title='bbox 459 986 801 1055; x_wconf 87' lang='lat' dir='ltr'><strong>triumphum</strong></span> <span class='ocrx_word' id='word_1_53' title='bbox 833 982 1141 1046; x_wconf 81' lang='lat' dir='ltr'><strong>revexerit;</strong></span> <span class='ocrx_word' id='word_1_54' title='bbox 1173 993 1370 1047; x_wconf 84' lang='lat' dir='ltr'><strong>nempe</strong></span> <span class='ocrx_word' id='word_1_55' title='bbox 1416 978 1744 1048; x_wconf 74' lang='lat' dir='ltr'><strong>expugnatis</strong></span> <span class='ocrx_word' id='word_1_56' title='bbox 1773 987 2042 1048; x_wconf 83' lang='lat' dir='ltr'><strong>quotquot</strong></span> 
     </span>
    </p>
   </div>
   <div class='ocr_carea' id='block_1_11' title="bbox 455 1069 2029 1140">
    <p class='ocr_par' dir='ltr' id='par_1_11' title="bbox 455 1069 2029 1140">
     <span class='ocr_line' id='line_1_11' title="bbox 455 1069 2029 1140; baseline -0.003 -8"><span class='ocrx_word' id='word_1_57' title='bbox 455 1079 913 1134; x_wconf 82' lang='lat' dir='ltr'><strong>contentiosiores</strong></span> <span class='ocrx_word' id='word_1_58' title='bbox 944 1083 1121 1140; x_wconf 88' lang='lat' dir='ltr'><strong>erant,</strong></span> <span class='ocrx_word' id='word_1_59' title='bbox 1153 1086 1218 1128; x_wconf 88' lang='lat' dir='ltr'><strong>ac</strong></span> <span class='ocrx_word' id='word_1_60' title='bbox 1247 1071 1554 1126; x_wconf 88' lang='lat' dir='ltr'><strong>clarissima</strong></span> <span class='ocrx_word' id='word_1_61' title='bbox 1580 1069 1909 1126; x_wconf 75' lang='lat' dir='ltr'><strong>Orthodoxis</strong></span> <span class='ocrx_word' id='word_1_62' title='bbox 1938 1086 2029 1128; x_wconf 82' lang='lat' dir='ltr'><strong>as-</strong></span> 
     </span>
    </p>
   </div>
   <div class='ocr_carea' id='block_1_12' title="bbox 457 1170 885 1225">
    <p class='ocr_par' dir='ltr' id='par_1_12' title="bbox 457 1170 885 1225">
     <span class='ocr_line' id='line_1_12' title="bbox 457 1170 885 1225; baseline -0.002 -1"><span class='ocrx_word' id='word_1_63' title='bbox 457 1178 605 1224; x_wconf 88' lang='lat' dir='ltr'><strong>serta</strong></span> <span class='ocrx_word' id='word_1_64' title='bbox 636 1170 885 1225; x_wconf 89' lang='lat' dir='ltr'><strong>victoria.</strong></span> 
     </span>
    </p>
   </div>
   <div class='ocr_carea' id='block_1_13' title="bbox 524 1254 2038 1328">
    <p class='ocr_par' dir='ltr' id='par_1_13' title="bbox 524 1254 2038 1328">
     <span class='ocr_line' id='line_1_13' title="bbox 524 1254 2038 1328; baseline -0.001 -16"><span class='ocrx_word' id='word_1_65' title='bbox 524 1257 735 1315; x_wconf 87' lang='lat' dir='ltr'><strong>Etenim</strong></span> <span class='ocrx_word' id='word_1_66' title='bbox 756 1259 994 1315; x_wconf 82' lang='lat' dir='ltr'><strong>exterius</strong></span> <span class='ocrx_word' id='word_1_67' title='bbox 1023 1257 1336 1328; x_wconf 82' lang='lat' dir='ltr'><strong>aspectabili</strong></span> <span class='ocrx_word' id='word_1_68' title='bbox 1361 1256 1561 1326; x_wconf 80' lang='lat' dir='ltr'><strong>Specie,</strong></span> <span class='ocrx_word' id='word_1_69' title='bbox 1586 1254 1901 1325; x_wconf 87' lang='lat' dir='ltr'><strong>aspectabili</strong></span> <span class='ocrx_word' id='word_1_70' title='bbox 1919 1255 2038 1325; x_wconf 84' lang='lat' dir='ltr'><strong>ejus</strong></span> 
     </span>
    </p>
   </div>
   <div class='ocr_carea' id='block_1_14' title="bbox 448 1348 2037 1420">
    <p class='ocr_par' dir='ltr' id='par_1_14' title="bbox 448 1348 2037 1420">
     <span class='ocr_line' id='line_1_14' title="bbox 448 1348 2037 1420; baseline -0.004 -14"><span class='ocrx_word' id='word_1_71' title='bbox 448 1351 658 1420; x_wconf 83' lang='lat' dir='ltr'><strong>templo</strong></span> <span class='ocrx_word' id='word_1_72' title='bbox 717 1351 851 1419; x_wconf 92' lang='lat' dir='ltr'><strong>(tum</strong></span> <span class='ocrx_word' id='word_1_73' title='bbox 888 1350 1106 1419; x_wconf 88' lang='lat' dir='ltr'><strong>quidem</strong></span> <span class='ocrx_word' id='word_1_74' title='bbox 1169 1349 1462 1403; x_wconf 86' lang='lat' dir='ltr'><strong>invenusto</strong></span> <span class='ocrx_word' id='word_1_75' title='bbox 1548 1363 1611 1402; x_wconf 91' lang='lat' dir='ltr'><strong>ac</strong></span> <span class='ocrx_word' id='word_1_76' title='bbox 1673 1348 1908 1416; x_wconf 70' lang='lat' dir='ltr'><strong>exiguo;</strong></span> <span class='ocrx_word' id='word_1_77' title='bbox 1944 1361 2037 1415; x_wconf 88' lang='lat' dir='ltr'><strong>per</strong></span> 
     </span>
    </p>
   </div>
   <div class='ocr_carea' id='block_1_15' title="bbox 443 1439 2035 1511">
    <p class='ocr_par' dir='ltr' id='par_1_15' title="bbox 443 1439 2035 1511">
     <span class='ocr_line' id='line_1_15' title="bbox 443 1439 2035 1511; baseline -0.003 -17"><span class='ocrx_word' id='word_1_78' title='bbox 443 1444 632 1511; x_wconf 78' lang='lat' dir='ltr'><strong>ipsum</strong></span> <span class='ocrx_word' id='word_1_79' title='bbox 692 1451 871 1495; x_wconf 88' lang='lat' dir='ltr'><strong>autem</strong></span> <span class='ocrx_word' id='word_1_80' title='bbox 918 1443 1114 1496; x_wconf 90' lang='lat' dir='ltr'><strong>decore</strong></span> <span class='ocrx_word' id='word_1_81' title='bbox 1143 1450 1324 1504; x_wconf 86' lang='lat' dir='ltr'><strong>aucto,</strong></span> <span class='ocrx_word' id='word_1_82' title='bbox 1373 1456 1436 1494; x_wconf 87' lang='lat' dir='ltr'><strong>ac</strong></span> <span class='ocrx_word' id='word_1_83' title='bbox 1465 1439 1874 1509; x_wconf 85' lang='lat' dir='ltr'><strong>magnitudine:</strong></span> <span class='ocrx_word' id='word_1_84' title='bbox 1913 1439 2035 1507; x_wconf 90' lang='lat' dir='ltr'><strong>ipso</strong></span> 
     </span>
    </p>
   </div>
   <div class='ocr_carea' id='block_1_16' title="bbox 443 1527 2033 1600">
    <p class='ocr_par' dir='ltr' id='par_1_16' title="bbox 443 1527 2033 1600">
     <span class='ocr_line' id='line_1_16' title="bbox 443 1527 2033 1600; baseline -0.004 -16"><span class='ocrx_word' id='word_1_85' title='bbox 443 1532 663 1586; x_wconf 68' lang='lat' dir='ltr'><strong>scilicet</strong></span> <span class='ocrx_word' id='word_1_86' title='bbox 688 1532 828 1600; x_wconf 92' lang='lat' dir='ltr'><strong>quod</strong></span> <span class='ocrx_word' id='word_1_87' title='bbox 868 1547 1015 1586; x_wconf 92' lang='lat' dir='ltr'><strong>nunc</strong></span> <span class='ocrx_word' id='word_1_88' title='bbox 1044 1530 1308 1600; x_wconf 83' lang='lat' dir='ltr'><strong>Theologi</strong></span> <span class='ocrx_word' id='word_1_89' title='bbox 1371 1529 1833 1598; x_wconf 85' lang='lat' dir='ltr'><strong>nuneupationem</strong></span> <span class='ocrx_word' id='word_1_90' title='bbox 1865 1527 2033 1582; x_wconf 88' lang='lat' dir='ltr'><strong>sorti-</strong></span> 
     </span>
    </p>
   </div>
   <div class='ocr_carea' id='block_1_17' title="bbox 451 1619 2036 1688">
    <p class='ocr_par' dir='ltr' id='par_1_17' title="bbox 451 1619 2036 1688">
     <span class='ocr_line' id='line_1_17' title="bbox 451 1619 2036 1688; baseline -0.003 -15"><span class='ocrx_word' id='word_1_91' title='bbox 451 1633 565 1674; x_wconf 68' lang='lat' dir='ltr'><strong>qun</strong></span> <span class='ocrx_word' id='word_1_92' title='bbox 593 1621 699 1688; x_wconf 90' lang='lat' dir='ltr'><strong>est)</strong></span> <span class='ocrx_word' id='word_1_93' title='bbox 736 1622 995 1676; x_wconf 88' lang='lat' dir='ltr'><strong>insistens</strong></span> <span class='ocrx_word' id='word_1_94' title='bbox 1029 1622 1303 1684; x_wconf 78' lang='lat' dir='ltr'><strong>antistes;</strong></span> <span class='ocrx_word' id='word_1_95' title='bbox 1351 1620 1582 1674; x_wconf 89' lang='lat' dir='ltr'><strong>interius</strong></span> <span class='ocrx_word' id='word_1_96' title='bbox 1605 1629 1786 1673; x_wconf 91' lang='lat' dir='ltr'><strong>autem</strong></span> <span class='ocrx_word' id='word_1_97' title='bbox 1819 1619 2036 1687; x_wconf 83' lang='lat' dir='ltr'><strong>inaspe-</strong></span> 
     </span>
    </p>
   </div>
   <div class='ocr_carea' id='block_1_18' title="bbox 448 1711 2108 1810">
    <p class='ocr_par' dir='ltr' id='par_1_18' title="bbox 448 1711 2108 1810">
     <span class='ocr_line' id='line_1_18' title="bbox 448 1711 2108 1810; baseline -0.001 -45"><span class='ocrx_word' id='word_1_98' title='bbox 448 1713 636 1766; x_wconf 87' lang='lat' dir='ltr'><strong>ctabili</strong></span> <span class='ocrx_word' id='word_1_99' title='bbox 664 1714 864 1768; x_wconf 77' lang='lat' dir='ltr'><strong>mentis</strong></span> <span class='ocrx_word' id='word_1_100' title='bbox 897 1713 1108 1777; x_wconf 86' lang='lat' dir='ltr'><strong>habitu,</strong></span> <span class='ocrx_word' id='word_1_101' title='bbox 1169 1713 1274 1782; x_wconf 90' lang='lat' dir='ltr'><strong>ipsi</strong></span> <span class='ocrx_word' id='word_1_102' title='bbox 1316 1711 1602 1782; x_wconf 88' lang='lat' dir='ltr'><strong>perspicue</strong></span> <span class='ocrx_word' id='word_1_103' title='bbox 1639 1711 2031 1765; x_wconf 87' lang='lat' dir='ltr'><strong>resurrectioui</strong></span> <span class='ocrx_word' id='word_1_104' title='bbox 2061 1752 2108 1810; x_wconf 78' lang='grc' dir='ltr'>Β</span> 
     </span>
    </p>
   </div>
   <div class='ocr_carea' id='block_1_19' title="bbox 447 1805 2028 1873">
    <p class='ocr_par' dir='ltr' id='par_1_19' title="bbox 447 1805 2028 1873">
     <span class='ocr_line' id='line_1_19' title="bbox 447 1805 2028 1873; baseline -0.001 -17"><span class='ocrx_word' id='word_1_105' title='bbox 447 1805 668 1858; x_wconf 69' lang='lat' dir='ltr'><strong>Christo</strong></span> <span class='ocrx_word' id='word_1_106' title='bbox 694 1820 790 1873; x_wconf 89' lang='lat' dir='ltr'><strong>per</strong></span> <span class='ocrx_word' id='word_1_107' title='bbox 822 1806 1168 1860; x_wconf 80' lang='lat' dir='ltr'><strong>Anastasiam</strong></span> <span class='ocrx_word' id='word_1_108' title='bbox 1196 1805 1542 1868; x_wconf 89' lang='lat' dir='ltr'><strong>incumbens,</strong></span> <span class='ocrx_word' id='word_1_109' title='bbox 1577 1805 1629 1857; x_wconf 92' lang='lat' dir='ltr'><strong>in</strong></span> <span class='ocrx_word' id='word_1_110' title='bbox 1675 1817 1736 1856; x_wconf 92' lang='lat' dir='ltr'><strong>ea</strong></span> <span class='ocrx_word' id='word_1_111' title='bbox 1767 1816 1897 1857; x_wconf 92' lang='lat' dir='ltr'><strong>suos</strong></span> <span class='ocrx_word' id='word_1_112' title='bbox 1932 1818 2028 1855; x_wconf 86' lang='lat' dir='ltr'><strong>va-</strong></span> 
     </span>
    </p>
   </div>
   <div class='ocr_carea' id='block_1_20' title="bbox 438 1885 2029 1962">
    <p class='ocr_par' dir='ltr' id='par_1_20' title="bbox 438 1885 2029 1962">
     <span class='ocr_line' id='line_1_20' title="bbox 438 1885 2029 1962; baseline -0.001 -15"><span class='ocrx_word' id='word_1_113' title='bbox 438 1897 699 1949; x_wconf 74' lang='lat' dir='ltr'><strong>-c-illantes</strong></span> <span class='ocrx_word' id='word_1_114' title='bbox 731 1895 909 1957; x_wconf 92' lang='lat' dir='ltr'><strong>fulcit,</strong></span> <span class='ocrx_word' id='word_1_115' title='bbox 943 1893 1257 1949; x_wconf 87' lang='lat' dir='ltr'><strong>confractos</strong></span> <span class='ocrx_word' id='word_1_116' title='bbox 1313 1894 1490 1962; x_wconf 90' lang='lat' dir='ltr'><strong>erigit,</strong></span> <span class='ocrx_word' id='word_1_117' title='bbox 1545 1902 1800 1948; x_wconf 87' lang='lat' dir='ltr'><strong>nutantes</strong></span> <span class='ocrx_word' id='word_1_118' title='bbox 1832 1885 2029 1947; x_wconf 76' lang='lat' dir='ltr'><strong>contir-</strong></span> 
     </span>
    </p>
   </div>
   <div class='ocr_carea' id='block_1_21' title="bbox 447 1984 2026 2055">
    <p class='ocr_par' dir='ltr' id='par_1_21' title="bbox 447 1984 2026 2055">
     <span class='ocr_line' id='line_1_21' title="bbox 447 1984 2026 2055; baseline -0.003 -15"><span class='ocrx_word' id='word_1_119' title='bbox 447 1997 597 2055; x_wconf 75' lang='lat' dir='ltr'><strong>ruat;</strong></span> <span class='ocrx_word' id='word_1_120' title='bbox 634 2002 697 2041; x_wconf 89' lang='lat' dir='ltr'><strong>ac</strong></span> <span class='ocrx_word' id='word_1_121' title='bbox 720 2001 844 2041; x_wconf 90' lang='lat' dir='ltr'><strong>cum</strong></span> <span class='ocrx_word' id='word_1_122' title='bbox 874 1986 1319 2054; x_wconf 79' lang='lat' dir='ltr'><strong>persecutoribus</strong></span> <span class='ocrx_word' id='word_1_123' title='bbox 1371 1985 1753 2054; x_wconf 82' lang='lat' dir='ltr'><strong>grassantibus</strong></span> <span class='ocrx_word' id='word_1_124' title='bbox 1787 1985 1872 2038; x_wconf 76' lang='lat' dir='ltr'><strong>vix</strong></span> <span class='ocrx_word' id='word_1_125' title='bbox 1911 1984 2026 2053; x_wconf 83' lang='lat' dir='ltr'><strong>spi-</strong></span> 
     </span>
    </p>
   </div>
   <div class='ocr_carea' id='block_1_22' title="bbox 441 2073 2022 2147">
    <p class='ocr_par' dir='ltr' id='par_1_22' title="bbox 441 2073 2022 2147">
     <span class='ocr_line' id='line_1_22' title="bbox 441 2073 2022 2147; baseline -0.004 -13"><span class='ocrx_word' id='word_1_126' title='bbox 441 2089 634 2134; x_wconf 72' lang='lat' dir='ltr'><strong>rantes</strong></span> <span class='ocrx_word' id='word_1_127' title='bbox 655 2079 971 2143; x_wconf 81' lang='lat' dir='ltr'><strong>invenisset,</strong></span> <span class='ocrx_word' id='word_1_128' title='bbox 1000 2078 1149 2133; x_wconf 88' lang='lat' dir='ltr'><strong>vitali</strong></span> <span class='ocrx_word' id='word_1_129' title='bbox 1187 2088 1310 2132; x_wconf 90' lang='lat' dir='ltr'><strong>actu</strong></span> <span class='ocrx_word' id='word_1_130' title='bbox 1376 2091 1441 2132; x_wconf 89' lang='lat' dir='ltr'><strong>ac</strong></span> <span class='ocrx_word' id='word_1_131' title='bbox 1464 2077 1705 2147; x_wconf 81' lang='lat' dir='ltr'><strong>potentia</strong></span> <span class='ocrx_word' id='word_1_132' title='bbox 1747 2073 2022 2144; x_wconf 81' lang='lat' dir='ltr'><strong>adimplet.</strong></span> 
     </span>
    </p>
   </div>
   <div class='ocr_carea' id='block_1_23' title="bbox 449 2168 2027 2235">
    <p class='ocr_par' dir='ltr' id='par_1_23' title="bbox 449 2168 2027 2235">
     <span class='ocr_line' id='line_1_23' title="bbox 449 2168 2027 2235; baseline -0.003 -13"><span class='ocrx_word' id='word_1_133' title='bbox 449 2169 624 2223; x_wconf 75' lang='lat' dir='ltr'><strong>Recto</strong></span> <span class='ocrx_word' id='word_1_134' title='bbox 667 2170 812 2222; x_wconf 91' lang='lat' dir='ltr'><strong>enim</strong></span> <span class='ocrx_word' id='word_1_135' title='bbox 856 2181 1109 2222; x_wconf 86' lang='lat' dir='ltr'><strong>sermone</strong></span> <span class='ocrx_word' id='word_1_136' title='bbox 1165 2174 1328 2235; x_wconf 91' lang='lat' dir='ltr'><strong>atque</strong></span> <span class='ocrx_word' id='word_1_137' title='bbox 1366 2168 1612 2219; x_wconf 86' lang='lat' dir='ltr'><strong>doctrina</strong></span> <span class='ocrx_word' id='word_1_138' title='bbox 1647 2174 1905 2234; x_wconf 91' lang='lat' dir='ltr'><strong>tanquam</strong></span> <span class='ocrx_word' id='word_1_139' title='bbox 1935 2180 2027 2218; x_wconf 91' lang='lat' dir='ltr'><strong>ve-</strong></span> 
     </span>
    </p>
   </div>
   <div class='ocr_carea' id='block_1_24' title="bbox 445 2256 2023 2325">
    <p class='ocr_par' dir='ltr' id='par_1_24' title="bbox 445 2256 2023 2325">
     <span class='ocr_line' id='line_1_24' title="bbox 445 2256 2023 2325; baseline -0.002 -13"><span class='ocrx_word' id='word_1_140' title='bbox 445 2260 669 2314; x_wconf 84' lang='lat' dir='ltr'><strong>rissimo</strong></span> <span class='ocrx_word' id='word_1_141' title='bbox 692 2260 875 2314; x_wconf 89' lang='lat' dir='ltr'><strong>tritico</strong></span> <span class='ocrx_word' id='word_1_142' title='bbox 906 2259 1175 2313; x_wconf 90' lang='lat' dir='ltr'><strong>bonorum</strong></span> <span class='ocrx_word' id='word_1_143' title='bbox 1209 2258 1425 2310; x_wconf 90' lang='lat' dir='ltr'><strong>animos</strong></span> <span class='ocrx_word' id='word_1_144' title='bbox 1471 2257 1772 2311; x_wconf 90' lang='lat' dir='ltr'><strong>esurientes</strong></span> <span class='ocrx_word' id='word_1_145' title='bbox 1826 2256 2023 2325; x_wconf 87' lang='lat' dir='ltr'><strong>replet;</strong></span> 
     </span>
    </p>
   </div>
   <div class='ocr_carea' id='block_1_25' title="bbox 443 2347 2025 2419">
    <p class='ocr_par' dir='ltr' id='par_1_25' title="bbox 443 2347 2025 2419">
     <span class='ocr_line' id='line_1_25' title="bbox 443 2347 2025 2419; baseline -0.003 -15"><span class='ocrx_word' id='word_1_146' title='bbox 443 2350 919 2419; x_wconf 83' lang='lat' dir='ltr'><strong>mundissimoque</strong></span> <span class='ocrx_word' id='word_1_147' title='bbox 969 2347 1256 2417; x_wconf 69' lang='lat' dir='ltr'><strong>inculpata:</strong></span> <span class='ocrx_word' id='word_1_148' title='bbox 1316 2347 1604 2417; x_wconf 61' lang='lat' dir='ltr'><strong>theologia;</strong></span> <span class='ocrx_word' id='word_1_149' title='bbox 1655 2362 1816 2416; x_wconf 91' lang='lat' dir='ltr'><strong>pane,</strong></span> <span class='ocrx_word' id='word_1_150' title='bbox 1866 2347 2025 2417; x_wconf 90' lang='lat' dir='ltr'><strong>longa</strong></span> 
     </span>
    </p>
   </div>
   <div class='ocr_carea' id='block_1_26' title="bbox 441 2437 1603 2508">
    <p class='ocr_par' dir='ltr' id='par_1_26' title="bbox 441 2437 1603 2508">
     <span class='ocr_line' id='line_1_26' title="bbox 441 2437 1603 2508; baseline -0.005 -13"><span class='ocrx_word' id='word_1_151' title='bbox 441 2441 587 2495; x_wconf 78' lang='lat' dir='ltr'><strong>fame</strong></span> <span class='ocrx_word' id='word_1_152' title='bbox 613 2439 946 2495; x_wconf 88' lang='lat' dir='ltr'><strong>tabescentia</strong></span> <span class='ocrx_word' id='word_1_153' title='bbox 975 2447 1198 2508; x_wconf 89' lang='lat' dir='ltr'><strong>pectora</strong></span> <span class='ocrx_word' id='word_1_154' title='bbox 1221 2437 1344 2492; x_wconf 91' lang='lat' dir='ltr'><strong>cibo</strong></span> <span class='ocrx_word' id='word_1_155' title='bbox 1373 2447 1603 2492; x_wconf 85' lang='lat' dir='ltr'><strong>recreat.</strong></span> 
     </span>
    </p>
   </div>
   <div class='ocr_carea' id='block_1_27' title="bbox 512 2528 2025 2604">
    <p class='ocr_par' dir='ltr' id='par_1_27' title="bbox 512 2528 2025 2604">
     <span class='ocr_line' id='line_1_27' title="bbox 512 2528 2025 2604; baseline -0.003 -15"><span class='ocrx_word' id='word_1_156' title='bbox 512 2533 788 2604; x_wconf 83' lang='lat' dir='ltr'><strong>Josephus</strong></span> <span class='ocrx_word' id='word_1_157' title='bbox 840 2531 1064 2602; x_wconf 88' lang='lat' dir='ltr'><strong>quidem</strong></span> <span class='ocrx_word' id='word_1_158' title='bbox 1120 2529 1211 2585; x_wconf 89' lang='lat' dir='ltr'><strong>ille</strong></span> <span class='ocrx_word' id='word_1_159' title='bbox 1267 2529 1484 2592; x_wconf 86' lang='lat' dir='ltr'><strong>beatus,</strong></span> <span class='ocrx_word' id='word_1_160' title='bbox 1533 2528 1775 2584; x_wconf 89' lang='lat' dir='ltr'><strong>fraterna</strong></span> <span class='ocrx_word' id='word_1_161' title='bbox 1825 2529 2025 2584; x_wconf 83' lang='lat' dir='ltr'><strong>invidia</strong></span> 
     </span>
    </p>
   </div>
   <div class='ocr_carea' id='block_1_28' title="bbox 441 2619 2026 2695">
    <p class='ocr_par' dir='ltr' id='par_1_28' title="bbox 441 2619 2026 2695">
     <span class='ocr_line' id='line_1_28' title="bbox 441 2619 2026 2695; baseline -0.002 -17"><span class='ocrx_word' id='word_1_162' title='bbox 441 2621 715 2695; x_wconf 66' lang='lat' dir='ltr'><strong>Egyptiis</strong></span> <span class='ocrx_word' id='word_1_163' title='bbox 737 2621 988 2678; x_wconf 86' lang='lat' dir='ltr'><strong>venditus</strong></span> <span class='ocrx_word' id='word_1_164' title='bbox 1016 2621 1084 2688; x_wconf 77' lang='lat'><strong>&quot;,</strong></span> <span class='ocrx_word' id='word_1_165' title='bbox 1110 2635 1212 2676; x_wconf 87' lang='lat' dir='ltr'><strong>nec</strong></span> <span class='ocrx_word' id='word_1_166' title='bbox 1243 2621 1387 2675; x_wconf 83' lang='lat' dir='ltr'><strong>herae</strong></span> <span class='ocrx_word' id='word_1_167' title='bbox 1411 2619 1700 2690; x_wconf 82' lang='lat' dir='ltr'><strong>impudicae</strong></span> <span class='ocrx_word' id='word_1_168' title='bbox 1734 2620 2026 2691; x_wconf 62' lang='lat' dir='ltr'><strong>praestigiis</strong></span> 
     </span>
    </p>
   </div>
   <div class='ocr_carea' id='block_1_29' title="bbox 432 2710 2026 2782">
    <p class='ocr_par' dir='ltr' id='par_1_29' title="bbox 432 2710 2026 2782">
     <span class='ocr_line' id='line_1_29' title="bbox 432 2710 2026 2782; baseline -0.004 -12"><span class='ocrx_word' id='word_1_169' title='bbox 432 2716 704 2782; x_wconf 83' lang='lat' dir='ltr'><strong>delusus;</strong></span> <span class='ocrx_word' id='word_1_170' title='bbox 763 2713 856 2770; x_wconf 88' lang='lat' dir='ltr'><strong>sed</strong></span> <span class='ocrx_word' id='word_1_171' title='bbox 886 2727 1106 2769; x_wconf 89' lang='lat' dir='ltr'><strong>carcere</strong></span> <span class='ocrx_word' id='word_1_172' title='bbox 1151 2713 1365 2766; x_wconf 89' lang='lat' dir='ltr'><strong>munito</strong></span> <span class='ocrx_word' id='word_1_173' title='bbox 1395 2710 1668 2767; x_wconf 88' lang='lat' dir='ltr'><strong>castitatis</strong></span> <span class='ocrx_word' id='word_1_174' title='bbox 1715 2725 1882 2765; x_wconf 87' lang='lat' dir='ltr'><strong>causa</strong></span> <span class='ocrx_word' id='word_1_175' title='bbox 1913 2711 2026 2765; x_wconf 85' lang='lat' dir='ltr'><strong>cir-</strong></span> 
     </span>
    </p>
   </div>
   <div class='ocr_carea' id='block_1_30' title="bbox 433 2801 2024 2876">
    <p class='ocr_par' dir='ltr' id='par_1_30' title="bbox 433 2801 2024 2876">
     <span class='ocr_line' id='line_1_30' title="bbox 433 2801 2024 2876; baseline -0.004 -16"><span class='ocrx_word' id='word_1_176' title='bbox 433 2817 792 2876; x_wconf 79' lang='lat' dir='ltr'><strong>cumseptus;</strong></span> <span class='ocrx_word' id='word_1_177' title='bbox 834 2805 952 2860; x_wconf 85' lang='lat' dir='ltr'><strong>visa</strong></span> <span class='ocrx_word' id='word_1_178' title='bbox 983 2803 1197 2859; x_wconf 89' lang='lat' dir='ltr'><strong>somnia</strong></span> <span class='ocrx_word' id='word_1_179' title='bbox 1238 2803 1467 2858; x_wconf 89' lang='lat' dir='ltr'><strong>solerter</strong></span> <span class='ocrx_word' id='word_1_180' title='bbox 1524 2802 1821 2872; x_wconf 80' lang='lat' dir='ltr'><strong>dextreque</strong></span> <span class='ocrx_word' id='word_1_181' title='bbox 1857 2801 2024 2856; x_wconf 90' lang='lat' dir='ltr'><strong>inter-</strong></span> 
     </span>
    </p>
   </div>
   <div class='ocr_carea' id='block_1_31' title="bbox 439 2879 2026 2968">
    <p class='ocr_par' dir='ltr' id='par_1_31' title="bbox 439 2879 2026 2968">
     <span class='ocr_line' id='line_1_31' title="bbox 439 2879 2026 2968; baseline -0.003 -17"><span class='ocrx_word' id='word_1_182' title='bbox 439 2908 707 2967; x_wconf 85' lang='lat' dir='ltr'><strong>pretatus,</strong></span> <span class='ocrx_word' id='word_1_183' title='bbox 765 2895 984 2968; x_wconf 64' lang='lat' dir='ltr'><strong>Egypti</strong></span> <span class='ocrx_word' id='word_1_184' title='bbox 1030 2879 1301 2950; x_wconf 55' lang='lat' dir='ltr'><strong>universae</strong></span> <span class='ocrx_word' id='word_1_185' title='bbox 1325 2893 1602 2964; x_wconf 88' lang='lat' dir='ltr'><strong>princeps,</strong></span> <span class='ocrx_word' id='word_1_186' title='bbox 1657 2892 2026 2962; x_wconf 83' lang='lat' dir='ltr'><strong>frumentique</strong></span> 
     </span>
    </p>
   </div>
   <div class='ocr_carea' id='block_1_32' title="bbox 437 2983 2021 3059">
    <p class='ocr_par' dir='ltr' id='par_1_32' title="bbox 437 2983 2021 3059">
     <span class='ocr_line' id='line_1_32' title="bbox 437 2983 2021 3059; baseline -0.004 -15"><span class='ocrx_word' id='word_1_187' title='bbox 437 2990 665 3059; x_wconf 86' lang='lat' dir='ltr'><strong>largitor</strong></span> <span class='ocrx_word' id='word_1_188' title='bbox 725 2998 890 3059; x_wconf 90' lang='lat' dir='ltr'><strong>atque</strong></span> <span class='ocrx_word' id='word_1_189' title='bbox 914 2985 1171 3053; x_wconf 90' lang='lat' dir='ltr'><strong>nutritor,</strong></span> <span class='ocrx_word' id='word_1_190' title='bbox 1205 2987 1402 3041; x_wconf 86' lang='lat' dir='ltr'><strong>nedum</strong></span> <span class='ocrx_word' id='word_1_191' title='bbox 1435 2986 1600 3040; x_wconf 86' lang='lat' dir='ltr'><strong>unius</strong></span> <span class='ocrx_word' id='word_1_192' title='bbox 1650 2983 1894 3056; x_wconf 65' lang='lat' dir='ltr'><strong>IEgypti,</strong></span> <span class='ocrx_word' id='word_1_193' title='bbox 1927 2983 2021 3038; x_wconf 87' lang='lat' dir='ltr'><strong>sed</strong></span> 
     </span>
    </p>
   </div>
   <div class='ocr_carea' id='block_1_33' title="bbox 2145 523 3709 598">
    <p class='ocr_par' dir='ltr' id='par_1_33' title="bbox 2145 523 3709 598">
     <span class='ocr_line' id='line_1_33' title="bbox 2145 523 3709 598; baseline 0.003 -22"><span class='ocrx_word' id='word_1_194' title='bbox 2145 538 2313 578; x_wconf 84' lang='lat' dir='ltr'><strong>causa</strong></span> <span class='ocrx_word' id='word_1_195' title='bbox 2347 523 2738 577; x_wconf 86' lang='lat' dir='ltr'><strong>certaminibus</strong></span> <span class='ocrx_word' id='word_1_196' title='bbox 2766 524 3085 593; x_wconf 89' lang='lat' dir='ltr'><strong>perfunctus</strong></span> <span class='ocrx_word' id='word_1_197' title='bbox 3112 525 3205 590; x_wconf 88' lang='lat' dir='ltr'><strong>sit,</strong></span> <span class='ocrx_word' id='word_1_198' title='bbox 3232 542 3493 596; x_wconf 90' lang='lat' dir='ltr'><strong>quanam,</strong></span> <span class='ocrx_word' id='word_1_199' title='bbox 3512 545 3709 598; x_wconf 74' lang='lat' dir='ltr'><strong>quzeso,</strong></span> 
     </span>
    </p>
   </div>
   <div class='ocr_carea' id='block_1_34' title="bbox 2145 613 3701 689">
    <p class='ocr_par' dir='ltr' id='par_1_34' title="bbox 2145 613 3701 689">
     <span class='ocr_line' id='line_1_34' title="bbox 2145 613 3701 689; baseline 0.004 -21"><span class='ocrx_word' id='word_1_200' title='bbox 2145 613 2419 668; x_wconf 87' lang='lat' dir='ltr'><strong>sermonis</strong></span> <span class='ocrx_word' id='word_1_201' title='bbox 2437 613 2487 666; x_wconf 87' lang='lat' dir='ltr'><strong>vi</strong></span> <span class='ocrx_word' id='word_1_202' title='bbox 2516 613 3018 682; x_wconf 65' lang='lat' dir='ltr'><strong>reprmsentaverim</strong></span> <span class='ocrx_word' id='word_1_203' title='bbox 3033 616 3057 668; x_wconf 70' lang='grc' dir='ltr'><strong>ἲ</strong></span> <span class='ocrx_word' id='word_1_204' title='bbox 3071 615 3360 680; x_wconf 86' lang='lat' dir='ltr'><strong>Quomodo</strong></span> <span class='ocrx_word' id='word_1_205' title='bbox 3379 621 3538 686; x_wconf 61' lang='lat' dir='ltr'><strong>praeci</strong></span> <span class='ocrx_word' id='word_1_206' title='bbox 3547 636 3701 689; x_wconf 88' lang='lat' dir='ltr'><strong>puum</strong></span> 
     </span>
    </p>
   </div>
   <div class='ocr_carea' id='block_1_35' title="bbox 2143 705 3712 775">
    <p class='ocr_par' dir='ltr' id='par_1_35' title="bbox 2143 705 3712 775">
     <span class='ocr_line' id='line_1_35' title="bbox 2143 705 3712 775; baseline 0.006 -18"><span class='ocrx_word' id='word_1_207' title='bbox 2143 705 2402 774; x_wconf 85' lang='lat' dir='ltr'><strong>quiddam</strong></span> <span class='ocrx_word' id='word_1_208' title='bbox 2435 705 2685 769; x_wconf 76' lang='lat' dir='ltr'><strong>dixerim,</strong></span> <span class='ocrx_word' id='word_1_209' title='bbox 2721 719 2820 759; x_wconf 91' lang='lat' dir='ltr'><strong>nec</strong></span> <span class='ocrx_word' id='word_1_210' title='bbox 2852 705 2921 759; x_wconf 84' lang='lat' dir='ltr'><strong>ita</strong></span> <span class='ocrx_word' id='word_1_211' title='bbox 2957 707 3150 775; x_wconf 88' lang='lat' dir='ltr'><strong>procul</strong></span> <span class='ocrx_word' id='word_1_212' title='bbox 3180 710 3549 762; x_wconf 89' lang='lat' dir='ltr'><strong>consectanda</strong></span> <span class='ocrx_word' id='word_1_213' title='bbox 3578 715 3712 766; x_wconf 88' lang='lat' dir='ltr'><strong>veri-</strong></span> 
     </span>
    </p>
   </div>
   <div class='ocr_carea' id='block_1_36' title="bbox 2144 795 3712 861">
    <p class='ocr_par' dir='ltr' id='par_1_36' title="bbox 2144 795 3712 861">
     <span class='ocr_line' id='line_1_36' title="bbox 2144 795 3712 861; baseline 0.005 -12"><span class='ocrx_word' id='word_1_214' title='bbox 2144 805 2254 851; x_wconf 88' lang='lat' dir='ltr'><strong>tate</strong></span> <span class='ocrx_word' id='word_1_215' title='bbox 2306 795 2529 850; x_wconf 86' lang='lat' dir='ltr'><strong>iverim?</strong></span> <span class='ocrx_word' id='word_1_216' title='bbox 2576 795 2866 861; x_wconf 85' lang='lat' dir='ltr'><strong>Quomodo</strong></span> <span class='ocrx_word' id='word_1_217' title='bbox 2923 796 3068 850; x_wconf 88' lang='lat' dir='ltr'><strong>illius</strong></span> <span class='ocrx_word' id='word_1_218' title='bbox 3121 812 3208 851; x_wconf 89' lang='lat' dir='ltr'><strong>res</strong></span> <span class='ocrx_word' id='word_1_219' title='bbox 3257 813 3448 854; x_wconf 89' lang='lat' dir='ltr'><strong>omnes</strong></span> <span class='ocrx_word' id='word_1_220' title='bbox 3505 810 3712 857; x_wconf 82' lang='lat' dir='ltr'><strong>tentaus</strong></span> 
     </span>
    </p>
   </div>
   <div class='ocr_carea' id='block_1_37' title="bbox 2143 887 3713 956">
    <p class='ocr_par' dir='ltr' id='par_1_37' title="bbox 2143 887 3713 956">
     <span class='ocr_line' id='line_1_37' title="bbox 2143 887 3713 956; baseline 0 -15"><span class='ocrx_word' id='word_1_221' title='bbox 2143 902 2424 949; x_wconf 90' lang='lat' dir='ltr'><strong>enarrare,</strong></span> <span class='ocrx_word' id='word_1_222' title='bbox 2461 903 2568 941; x_wconf 92' lang='lat' dir='ltr'><strong>non</strong></span> <span class='ocrx_word' id='word_1_223' title='bbox 2605 887 2823 941; x_wconf 90' lang='lat' dir='ltr'><strong>fastidio</strong></span> <span class='ocrx_word' id='word_1_224' title='bbox 2855 901 3072 956; x_wconf 78' lang='lat' dir='ltr'><strong>gravem</strong></span> <span class='ocrx_word' id='word_1_225' title='bbox 3126 889 3433 942; x_wconf 89' lang='lat' dir='ltr'><strong>orationem</strong></span> <span class='ocrx_word' id='word_1_226' title='bbox 3468 890 3713 945; x_wconf 70' lang='lat' dir='ltr'><strong>reddide-</strong></span> 
     </span>
    </p>
   </div>
   <div class='ocr_carea' id='block_1_38' title="bbox 2141 978 3710 1048">
    <p class='ocr_par' dir='ltr' id='par_1_38' title="bbox 2141 978 3710 1048">
     <span class='ocr_line' id='line_1_38' title="bbox 2141 978 3710 1048; baseline 0.004 -17"><span class='ocrx_word' id='word_1_227' title='bbox 2141 980 2282 1045; x_wconf 86' lang='lat' dir='ltr'><strong>rim;</strong></span> <span class='ocrx_word' id='word_1_228' title='bbox 2320 989 2416 1034; x_wconf 88' lang='lat' dir='ltr'><strong>aut</strong></span> <span class='ocrx_word' id='word_1_229' title='bbox 2446 981 2722 1048; x_wconf 90' lang='lat' dir='ltr'><strong>quomodo</strong></span> <span class='ocrx_word' id='word_1_230' title='bbox 2755 978 3014 1048; x_wconf 89' lang='lat' dir='ltr'><strong>pleraque</strong></span> <span class='ocrx_word' id='word_1_231' title='bbox 3062 980 3251 1034; x_wconf 88' lang='lat' dir='ltr'><strong>volens</strong></span> <span class='ocrx_word' id='word_1_232' title='bbox 3279 981 3551 1043; x_wconf 88' lang='lat' dir='ltr'><strong>omittere,</strong></span> <span class='ocrx_word' id='word_1_233' title='bbox 3609 999 3710 1038; x_wconf 90' lang='lat' dir='ltr'><strong>non</strong></span> 
     </span>
    </p>
   </div>
   <div class='ocr_carea' id='block_1_39' title="bbox 2141 1069 3713 1140">
    <p class='ocr_par' dir='ltr' id='par_1_39' title="bbox 2141 1069 3713 1140">
     <span class='ocr_line' id='line_1_39' title="bbox 2141 1069 3713 1140; baseline 0.003 -16"><span class='ocrx_word' id='word_1_234' title='bbox 2141 1071 2344 1138; x_wconf 86' lang='lat' dir='ltr'><strong>ingenti</strong></span> <span class='ocrx_word' id='word_1_235' title='bbox 2374 1071 2654 1126; x_wconf 88' lang='lat' dir='ltr'><strong>auditores</strong></span> <span class='ocrx_word' id='word_1_236' title='bbox 2693 1070 2897 1124; x_wconf 91' lang='lat' dir='ltr'><strong>damno</strong></span> <span class='ocrx_word' id='word_1_237' title='bbox 2927 1069 3239 1124; x_wconf 82' lang='lat' dir='ltr'><strong>aﬂ‘ecerim?</strong></span> <span class='ocrx_word' id='word_1_238' title='bbox 3268 1069 3418 1126; x_wconf 88' lang='lat' dir='ltr'><strong>Illius</strong></span> <span class='ocrx_word' id='word_1_239' title='bbox 3439 1071 3595 1140; x_wconf 82' lang='lat' dir='ltr'><strong>plane</strong></span> <span class='ocrx_word' id='word_1_240' title='bbox 3618 1090 3713 1128; x_wconf 89' lang='lat' dir='ltr'><strong>ne-</strong></span> 
     </span>
    </p>
   </div>
   <div class='ocr_carea' id='block_1_40' title="bbox 2140 1162 3716 1232">
    <p class='ocr_par' dir='ltr' id='par_1_40' title="bbox 2140 1162 3716 1232">
     <span class='ocr_line' id='line_1_40' title="bbox 2140 1162 3716 1232; baseline 0.004 -18"><span class='ocrx_word' id='word_1_241' title='bbox 2140 1163 2376 1215; x_wconf 81' lang='lat' dir='ltr'><strong>cessaria</strong></span> <span class='ocrx_word' id='word_1_242' title='bbox 2421 1176 2546 1222; x_wconf 84' lang='lat' dir='ltr'><strong>vox.</strong></span> <span class='ocrx_word' id='word_1_243' title='bbox 2577 1170 2743 1232; x_wconf 88' lang='lat' dir='ltr'><strong>atque</strong></span> <span class='ocrx_word' id='word_1_244' title='bbox 2771 1162 3064 1228; x_wconf 88' lang='lat' dir='ltr'><strong>sententia,</strong></span> <span class='ocrx_word' id='word_1_245' title='bbox 3099 1170 3160 1216; x_wconf 88' lang='lat' dir='ltr'><strong>ut</strong></span> <span class='ocrx_word' id='word_1_246' title='bbox 3205 1163 3376 1217; x_wconf 90' lang='lat' dir='ltr'><strong>multa</strong></span> <span class='ocrx_word' id='word_1_247' title='bbox 3411 1165 3603 1232; x_wconf 86' lang='lat' dir='ltr'><strong>paucis</strong></span> <span class='ocrx_word' id='word_1_248' title='bbox 3624 1183 3716 1221; x_wconf 82' lang='lat' dir='ltr'><strong>ex-</strong></span> 
     </span>
    </p>
   </div>
   <div class='ocr_carea' id='block_1_41' title="bbox 2141 1249 3717 1323">
    <p class='ocr_par' dir='ltr' id='par_1_41' title="bbox 2141 1249 3717 1323">
     <span class='ocr_line' id='line_1_41' title="bbox 2141 1249 3717 1323; baseline 0.006 -21"><span class='ocrx_word' id='word_1_249' title='bbox 2141 1249 2449 1305; x_wconf 89' lang='lat' dir='ltr'><strong>hibeautur.</strong></span> <span class='ocrx_word' id='word_1_250' title='bbox 2489 1251 2641 1308; x_wconf 85' lang='lat' dir='ltr'><strong>illius</strong></span> <span class='ocrx_word' id='word_1_251' title='bbox 2677 1266 2911 1322; x_wconf 90' lang='lat' dir='ltr'><strong>namque</strong></span> <span class='ocrx_word' id='word_1_252' title='bbox 2938 1253 3044 1307; x_wconf 90' lang='lat' dir='ltr'><strong>hoc</strong></span> <span class='ocrx_word' id='word_1_253' title='bbox 3071 1254 3331 1323; x_wconf 85' lang='lat' dir='ltr'><strong>partium,</strong></span> <span class='ocrx_word' id='word_1_254' title='bbox 3365 1264 3532 1322; x_wconf 91' lang='lat' dir='ltr'><strong>atque</strong></span> <span class='ocrx_word' id='word_1_255' title='bbox 3563 1258 3717 1311; x_wconf 85' lang='lat' dir='ltr'><strong>indo-</strong></span> 
     </span>
    </p>
   </div>
   <div class='ocr_carea' id='block_1_42' title="bbox 2144 1342 3716 1414">
    <p class='ocr_par' dir='ltr' id='par_1_42' title="bbox 2144 1342 3716 1414">
     <span class='ocr_line' id='line_1_42' title="bbox 2144 1342 3716 1414; baseline 0.007 -20"><span class='ocrx_word' id='word_1_256' title='bbox 2144 1342 2236 1404; x_wconf 88' lang='lat' dir='ltr'><strong>lis,</strong></span> <span class='ocrx_word' id='word_1_257' title='bbox 2288 1343 2362 1395; x_wconf 90' lang='lat' dir='ltr'><strong>uti</strong></span> <span class='ocrx_word' id='word_1_258' title='bbox 2395 1343 2476 1397; x_wconf 89' lang='lat' dir='ltr'><strong>sic</strong></span> <span class='ocrx_word' id='word_1_259' title='bbox 2513 1344 2800 1413; x_wconf 76' lang='lat' dir='ltr'><strong>magnifice</strong></span> <span class='ocrx_word' id='word_1_260' title='bbox 2873 1353 3037 1414; x_wconf 90' lang='lat' dir='ltr'><strong>atque</strong></span> <span class='ocrx_word' id='word_1_261' title='bbox 3069 1355 3289 1401; x_wconf 91' lang='lat' dir='ltr'><strong>strenue</strong></span> <span class='ocrx_word' id='word_1_262' title='bbox 3308 1347 3610 1410; x_wconf 84' lang='lat' dir='ltr'><strong>decertare.</strong></span> <span class='ocrx_word' id='word_1_263' title='bbox 3646 1351 3716 1405; x_wconf 91' lang='lat' dir='ltr'><strong>ita</strong></span> 
     </span>
    </p>
   </div>
   <div class='ocr_carea' id='block_1_43' title="bbox 2136 1433 3712 1510">
    <p class='ocr_par' dir='ltr' id='par_1_43' title="bbox 2136 1433 3712 1510">
     <span class='ocr_line' id='line_1_43' title="bbox 2136 1433 3712 1510; baseline 0.006 -24"><span class='ocrx_word' id='word_1_264' title='bbox 2136 1442 2193 1486; x_wconf 93' lang='lat' dir='ltr'><strong>et</strong></span> <span class='ocrx_word' id='word_1_265' title='bbox 2223 1433 2582 1487; x_wconf 81' lang='lat' dir='ltr'><strong>certaminum</strong></span> <span class='ocrx_word' id='word_1_266' title='bbox 2623 1435 3080 1505; x_wconf 89' lang='lat' dir='ltr'><strong>magnificentiam</strong></span> <span class='ocrx_word' id='word_1_267' title='bbox 3131 1440 3403 1494; x_wconf 87' lang='lat' dir='ltr'><strong>sermonis</strong></span> <span class='ocrx_word' id='word_1_268' title='bbox 3459 1442 3712 1510; x_wconf 87' lang='lat' dir='ltr'><strong>magnifi-</strong></span> 
     </span>
    </p>
   </div>
   <div class='ocr_carea' id='block_1_44' title="bbox 2137 1525 2634 1580">
    <p class='ocr_par' dir='ltr' id='par_1_44' title="bbox 2137 1525 2634 1580">
     <span class='ocr_line' id='line_1_44' title="bbox 2137 1525 2634 1580; baseline 0.006 -3"><span class='ocrx_word' id='word_1_269' title='bbox 2137 1525 2314 1578; x_wconf 90' lang='lat' dir='ltr'><strong>centia</strong></span> <span class='ocrx_word' id='word_1_270' title='bbox 2355 1526 2634 1580; x_wconf 83' lang='lat' dir='ltr'><strong>exhibere.</strong></span> 
     </span>
    </p>
   </div>
   <div class='ocr_carea' id='block_1_45' title="bbox 2207 1614 3717 1688">
    <p class='ocr_par' dir='ltr' id='par_1_45' title="bbox 2207 1614 3717 1688">
     <span class='ocr_line' id='line_1_45' title="bbox 2207 1614 3717 1688; baseline 0.006 -18"><span class='ocrx_word' id='word_1_271' title='bbox 2207 1614 2344 1670; x_wconf 84' lang='lat' dir='ltr'><strong>Cum</strong></span> <span class='ocrx_word' id='word_1_272' title='bbox 2370 1617 2483 1684; x_wconf 82' lang='lat' dir='ltr'><strong>jam</strong></span> <span class='ocrx_word' id='word_1_273' title='bbox 2513 1616 2676 1687; x_wconf 91' lang='lat' dir='ltr'><strong>igitur</strong></span> <span class='ocrx_word' id='word_1_274' title='bbox 2705 1618 2926 1688; x_wconf 87' lang='lat' dir='ltr'><strong>pessimi</strong></span> <span class='ocrx_word' id='word_1_275' title='bbox 2981 1619 3255 1677; x_wconf 62' lang='lat' dir='ltr'><strong>daemones</strong></span> <span class='ocrx_word' id='word_1_276' title='bbox 3287 1619 3604 1679; x_wconf 53' lang='lat' dir='ltr'><strong>Graecanica</strong></span> <span class='ocrx_word' id='word_1_277' title='bbox 3635 1626 3717 1679; x_wconf 90' lang='lat' dir='ltr'><strong>iu-</strong></span> 
     </span>
    </p>
   </div>
   <div class='ocr_carea' id='block_1_46' title="bbox 2136 1708 3720 1781">
    <p class='ocr_par' dir='ltr' id='par_1_46' title="bbox 2136 1708 3720 1781">
     <span class='ocr_line' id='line_1_46' title="bbox 2136 1708 3720 1781; baseline 0.006 -21"><span class='ocrx_word' id='word_1_278' title='bbox 2136 1708 2466 1770; x_wconf 87' lang='lat' dir='ltr'><strong>cantatione,</strong></span> <span class='ocrx_word' id='word_1_279' title='bbox 2515 1723 2580 1763; x_wconf 90' lang='lat' dir='ltr'><strong>ac</strong></span> <span class='ocrx_word' id='word_1_280' title='bbox 2614 1725 2819 1772; x_wconf 90' lang='lat' dir='ltr'><strong>errore,</strong></span> <span class='ocrx_word' id='word_1_281' title='bbox 2862 1710 3200 1781; x_wconf 90' lang='lat' dir='ltr'><strong>impurisque</strong></span> <span class='ocrx_word' id='word_1_282' title='bbox 3242 1714 3437 1778; x_wconf 89' lang='lat' dir='ltr'><strong>sacris,</strong></span> <span class='ocrx_word' id='word_1_283' title='bbox 3481 1729 3546 1769; x_wconf 92' lang='lat' dir='ltr'><strong>ac</strong></span> <span class='ocrx_word' id='word_1_284' title='bbox 3571 1717 3720 1770; x_wconf 89' lang='lat' dir='ltr'><strong>omni</strong></span> 
     </span>
    </p>
   </div>
   <div class='ocr_carea' id='block_1_47' title="bbox 2139 1795 3742 1871">
    <p class='ocr_par' dir='ltr' id='par_1_47' title="bbox 2139 1795 3742 1871">
     <span class='ocr_line' id='line_1_47' title="bbox 2139 1795 3742 1871; baseline 0.008 -22"><span class='ocrx_word' id='word_1_285' title='bbox 2139 1795 2452 1866; x_wconf 88' lang='lat' dir='ltr'><strong>impietate,</strong></span> <span class='ocrx_word' id='word_1_286' title='bbox 2510 1797 2822 1854; x_wconf 89' lang='lat' dir='ltr'><strong>divinorum</strong></span> <span class='ocrx_word' id='word_1_287' title='bbox 2877 1802 3252 1870; x_wconf 85' lang='lat' dir='ltr'><strong>apostolorum</strong></span> <span class='ocrx_word' id='word_1_288' title='bbox 3321 1819 3601 1871; x_wconf 90' lang='lat' dir='ltr'><strong>munere,</strong></span> <span class='ocrx_word' id='word_1_289' title='bbox 3657 1822 3742 1861; x_wconf 84' lang='lat' dir='ltr'><strong>ac</strong></span> 
     </span>
    </p>
   </div>
   <div class='ocr_carea' id='block_1_48' title="bbox 2138 1893 3722 1968">
    <p class='ocr_par' dir='ltr' id='par_1_48' title="bbox 2138 1893 3722 1968">
     <span class='ocr_line' id='line_1_48' title="bbox 2138 1893 3722 1968; baseline 0.005 -20"><span class='ocrx_word' id='word_1_290' title='bbox 2138 1893 2558 1962; x_wconf 85' lang='lat' dir='ltr'><strong>triumphalibus</strong></span> <span class='ocrx_word' id='word_1_291' title='bbox 2619 1896 2818 1964; x_wconf 63' lang='lat' dir='ltr'><strong>praaliis</strong></span> <span class='ocrx_word' id='word_1_292' title='bbox 2849 1907 3174 1968; x_wconf 85' lang='lat' dir='ltr'><strong>martyrum,</strong></span> <span class='ocrx_word' id='word_1_293' title='bbox 3209 1899 3552 1967; x_wconf 89' lang='lat' dir='ltr'><strong>cessissent;</strong></span> <span class='ocrx_word' id='word_1_294' title='bbox 3585 1902 3722 1958; x_wconf 89' lang='lat' dir='ltr'><strong>sub-</strong></span> 
     </span>
    </p>
   </div>
   <div class='ocr_carea' id='block_1_49' title="bbox 2141 1989 3722 2062">
    <p class='ocr_par' dir='ltr' id='par_1_49' title="bbox 2141 1989 3722 2062">
     <span class='ocr_line' id='line_1_49' title="bbox 2141 1989 3722 2062; baseline 0.005 -20"><span class='ocrx_word' id='word_1_295' title='bbox 2141 1989 2361 2058; x_wconf 87' lang='lat' dir='ltr'><strong>lataque</strong></span> <span class='ocrx_word' id='word_1_296' title='bbox 2408 1989 2677 2044; x_wconf 87' lang='lat' dir='ltr'><strong>idolorum</strong></span> <span class='ocrx_word' id='word_1_297' title='bbox 2741 1990 2934 2046; x_wconf 83' lang='lat' dir='ltr'><strong>nefarii</strong></span> <span class='ocrx_word' id='word_1_298' title='bbox 2966 1992 3147 2046; x_wconf 83' lang='lat' dir='ltr'><strong>cultus</strong></span> <span class='ocrx_word' id='word_1_299' title='bbox 3199 1992 3454 2062; x_wconf 87' lang='lat' dir='ltr'><strong>caligine,</strong></span> <span class='ocrx_word' id='word_1_300' title='bbox 3488 2009 3554 2049; x_wconf 89' lang='lat' dir='ltr'><strong>ac</strong></span> <span class='ocrx_word' id='word_1_301' title='bbox 3593 2009 3722 2051; x_wconf 74' lang='lat' dir='ltr'><strong>vera</strong></span> 
     </span>
    </p>
   </div>
   <div class='ocr_carea' id='block_1_50' title="bbox 2135 2082 3722 2143">
    <p class='ocr_par' dir='ltr' id='par_1_50' title="bbox 2135 2082 3722 2143">
     <span class='ocr_line' id='line_1_50' title="bbox 2135 2082 3722 2143; baseline 0.004 -7"><span class='ocrx_word' id='word_1_302' title='bbox 2135 2082 2259 2137; x_wconf 83' lang='lat' dir='ltr'><strong>fidei</strong></span> <span class='ocrx_word' id='word_1_303' title='bbox 2292 2083 2411 2138; x_wconf 91' lang='lat' dir='ltr'><strong>luce</strong></span> <span class='ocrx_word' id='word_1_304' title='bbox 2435 2091 2643 2138; x_wconf 91' lang='lat' dir='ltr'><strong>rectum</strong></span> <span class='ocrx_word' id='word_1_305' title='bbox 2667 2097 2883 2138; x_wconf 90' lang='lat' dir='ltr'><strong>omnem</strong></span> <span class='ocrx_word' id='word_1_306' title='bbox 2913 2084 3154 2138; x_wconf 89' lang='lat' dir='ltr'><strong>animum</strong></span> <span class='ocrx_word' id='word_1_307' title='bbox 3182 2085 3548 2141; x_wconf 88' lang='lat' dir='ltr'><strong>collustrante</strong></span> <span class='ocrx_word' id='word_1_308' title='bbox 3597 2103 3722 2143; x_wconf 91' lang='lat' dir='ltr'><strong>cum</strong></span> 
     </span>
    </p>
   </div>
   <div class='ocr_carea' id='block_1_51' title="bbox 2135 2174 3722 2245">
    <p class='ocr_par' dir='ltr' id='par_1_51' title="bbox 2135 2174 3722 2245">
     <span class='ocr_line' id='line_1_51' title="bbox 2135 2174 3722 2245; baseline 0.005 -17"><span class='ocrx_word' id='word_1_309' title='bbox 2135 2174 2392 2243; x_wconf 86' lang='lat' dir='ltr'><strong>deinceps</strong></span> <span class='ocrx_word' id='word_1_310' title='bbox 2423 2184 2810 2229; x_wconf 83' lang='lat' dir='ltr'><strong>extraneorum</strong></span> <span class='ocrx_word' id='word_1_311' title='bbox 2845 2190 3008 2244; x_wconf 87' lang='lat' dir='ltr'><strong>opera</strong></span> <span class='ocrx_word' id='word_1_312' title='bbox 3051 2176 3272 2245; x_wconf 86' lang='lat' dir='ltr'><strong>pietatis</strong></span> <span class='ocrx_word' id='word_1_313' title='bbox 3295 2177 3546 2234; x_wconf 89' lang='lat' dir='ltr'><strong>cultores</strong></span> <span class='ocrx_word' id='word_1_314' title='bbox 3579 2181 3722 2236; x_wconf 82' lang='lat' dir='ltr'><strong>bello</strong></span> 
     </span>
    </p>
   </div>
   <div class='ocr_carea' id='block_1_52' title="bbox 2137 2262 3725 2334">
    <p class='ocr_par' dir='ltr' id='par_1_52' title="bbox 2137 2262 3725 2334">
     <span class='ocr_line' id='line_1_52' title="bbox 2137 2262 3725 2334; baseline 0.007 -18"><span class='ocrx_word' id='word_1_315' title='bbox 2137 2262 2364 2333; x_wconf 85' lang='lat' dir='ltr'><strong>fatigare</strong></span> <span class='ocrx_word' id='word_1_316' title='bbox 2393 2280 2499 2318; x_wconf 91' lang='lat' dir='ltr'><strong>non</strong></span> <span class='ocrx_word' id='word_1_317' title='bbox 2538 2274 2780 2334; x_wconf 87' lang='lat' dir='ltr'><strong>possent,</strong></span> <span class='ocrx_word' id='word_1_318' title='bbox 2799 2266 2945 2334; x_wconf 92' lang='lat' dir='ltr'><strong>ipsos</strong></span> <span class='ocrx_word' id='word_1_319' title='bbox 2967 2281 3153 2320; x_wconf 85' lang='lat' dir='ltr'><strong>secum</strong></span> <span class='ocrx_word' id='word_1_320' title='bbox 3183 2267 3413 2322; x_wconf 87' lang='lat' dir='ltr'><strong>invicem</strong></span> <span class='ocrx_word' id='word_1_321' title='bbox 3449 2269 3725 2327; x_wconf 84' lang='lat' dir='ltr'><strong>Christia-</strong></span> 
     </span>
    </p>
   </div>
   <div class='ocr_carea' id='block_1_53' title="bbox 2135 2356 3726 2427">
    <p class='ocr_par' dir='ltr' id='par_1_53' title="bbox 2135 2356 3726 2427">
     <span class='ocr_line' id='line_1_53' title="bbox 2135 2356 3726 2427; baseline 0.007 -19"><span class='ocrx_word' id='word_1_322' title='bbox 2135 2370 2236 2408; x_wconf 85' lang='lat' dir='ltr'><strong>nos</strong></span> <span class='ocrx_word' id='word_1_323' title='bbox 2271 2356 2639 2420; x_wconf 89' lang='lat' dir='ltr'><strong>concitantes;</strong></span> <span class='ocrx_word' id='word_1_324' title='bbox 2681 2357 2932 2426; x_wconf 90' lang='lat' dir='ltr'><strong>quinimo</strong></span> <span class='ocrx_word' id='word_1_325' title='bbox 2963 2357 3228 2427; x_wconf 85' lang='lat' dir='ltr'><strong>quidquid</strong></span> <span class='ocrx_word' id='word_1_326' title='bbox 3270 2359 3324 2412; x_wconf 92' lang='lat' dir='ltr'><strong>in</strong></span> <span class='ocrx_word' id='word_1_327' title='bbox 3370 2360 3542 2418; x_wconf 88' lang='lat' dir='ltr'><strong>nobis</strong></span> <span class='ocrx_word' id='word_1_328' title='bbox 3577 2363 3726 2418; x_wconf 89' lang='lat' dir='ltr'><strong>debi-</strong></span> 
     </span>
    </p>
   </div>
   <div class='ocr_carea' id='block_1_54' title="bbox 2135 2444 3727 2520">
    <p class='ocr_par' dir='ltr' id='par_1_54' title="bbox 2135 2444 3727 2520">
     <span class='ocr_line' id='line_1_54' title="bbox 2135 2444 3727 2520; baseline 0.008 -23"><span class='ocrx_word' id='word_1_329' title='bbox 2135 2444 2240 2500; x_wconf 91' lang='lat' dir='ltr'><strong>lius</strong></span> <span class='ocrx_word' id='word_1_330' title='bbox 2299 2455 2417 2499; x_wconf 89' lang='lat' dir='ltr'><strong>erat</strong></span> <span class='ocrx_word' id='word_1_331' title='bbox 2460 2461 2645 2500; x_wconf 89' lang='lat' dir='ltr'><strong>errore</strong></span> <span class='ocrx_word' id='word_1_332' title='bbox 2680 2447 3034 2510; x_wconf 80' lang='lat' dir='ltr'><strong>abducentes,</strong></span> <span class='ocrx_word' id='word_1_333' title='bbox 3079 2449 3472 2520; x_wconf 90' lang='lat' dir='ltr'><strong>corruptisque</strong></span> <span class='ocrx_word' id='word_1_334' title='bbox 3507 2468 3727 2510; x_wconf 53' lang='lat' dir='ltr'><strong>sermo-</strong></span> 
     </span>
    </p>
   </div>
   <div class='ocr_carea' id='block_1_55' title="bbox 2136 2535 3727 2615">
    <p class='ocr_par' dir='ltr' id='par_1_55' title="bbox 2136 2535 3727 2615">
     <span class='ocr_line' id='line_1_55' title="bbox 2136 2535 3727 2615; baseline 0.008 -27"><span class='ocrx_word' id='word_1_335' title='bbox 2136 2535 2296 2590; x_wconf 91' lang='lat' dir='ltr'><strong>nibus</strong></span> <span class='ocrx_word' id='word_1_336' title='bbox 2332 2537 2598 2592; x_wconf 90' lang='lat' dir='ltr'><strong>adversus</strong></span> <span class='ocrx_word' id='word_1_337' title='bbox 2627 2552 2723 2593; x_wconf 88' lang='lat' dir='ltr'><strong>eos</strong></span> <span class='ocrx_word' id='word_1_338' title='bbox 2748 2538 2838 2607; x_wconf 90' lang='lat' dir='ltr'><strong>qui</strong></span> <span class='ocrx_word' id='word_1_339' title='bbox 2878 2540 3157 2608; x_wconf 62' lang='lat' dir='ltr'><strong>praecipua</strong></span> <span class='ocrx_word' id='word_1_340' title='bbox 3197 2541 3402 2611; x_wconf 88' lang='lat' dir='ltr'><strong>pietate</strong></span> <span class='ocrx_word' id='word_1_341' title='bbox 3435 2542 3727 2615; x_wconf 86' lang='lat' dir='ltr'><strong>fulgebant</strong></span> 
     </span>
    </p>
   </div>
   <div class='ocr_carea' id='block_1_56' title="bbox 2135 2621 3731 2699">
    <p class='ocr_par' dir='ltr' id='par_1_56' title="bbox 2135 2621 3731 2699">
     <span class='ocr_line' id='line_1_56' title="bbox 2135 2621 3731 2699; baseline 0.009 -24"><span class='ocrx_word' id='word_1_342' title='bbox 2135 2621 2486 2685; x_wconf 87' lang='lat' dir='ltr'><strong>instruentes.</strong></span> <span class='ocrx_word' id='word_1_343' title='bbox 2512 2627 2622 2680; x_wconf 90' lang='lat' dir='ltr'><strong>acri</strong></span> <span class='ocrx_word' id='word_1_344' title='bbox 2654 2627 2766 2690; x_wconf 88' lang='lat' dir='ltr'><strong>lite,</strong></span> <span class='ocrx_word' id='word_1_345' title='bbox 2807 2628 3328 2699; x_wconf 83' lang='lat' dir='ltr'><strong>pugnacissimaque</strong></span> <span class='ocrx_word' id='word_1_346' title='bbox 3380 2635 3571 2688; x_wconf 84' lang='lat' dir='ltr'><strong>excita</strong></span> <span class='ocrx_word' id='word_1_347' title='bbox 3595 2649 3731 2690; x_wconf 87' lang='lat' dir='ltr'><strong>con-</strong></span> 
     </span>
    </p>
   </div>
   <div class='ocr_carea' id='block_1_57' title="bbox 2136 2715 3728 2792">
    <p class='ocr_par' dir='ltr' id='par_1_57' title="bbox 2136 2715 3728 2792">
     <span class='ocr_line' id='line_1_57' title="bbox 2136 2715 3728 2792; baseline 0.009 -26"><span class='ocrx_word' id='word_1_348' title='bbox 2136 2715 2398 2779; x_wconf 90' lang='lat' dir='ltr'><strong>tentione,</strong></span> <span class='ocrx_word' id='word_1_349' title='bbox 2418 2717 2552 2772; x_wconf 88' lang='lat' dir='ltr'><strong>alios</strong></span> <span class='ocrx_word' id='word_1_350' title='bbox 2583 2718 2704 2773; x_wconf 92' lang='lat' dir='ltr'><strong>aliis</strong></span> <span class='ocrx_word' id='word_1_351' title='bbox 2740 2719 3121 2784; x_wconf 86' lang='lat' dir='ltr'><strong>committunt;</strong></span> <span class='ocrx_word' id='word_1_352' title='bbox 3149 2719 3458 2792; x_wconf 88' lang='lat' dir='ltr'><strong>fraudeque</strong></span> <span class='ocrx_word' id='word_1_353' title='bbox 3524 2727 3613 2780; x_wconf 91' lang='lat' dir='ltr'><strong>usi</strong></span> <span class='ocrx_word' id='word_1_354' title='bbox 3663 2743 3728 2780; x_wconf 90' lang='lat' dir='ltr'><strong>ac</strong></span> 
     </span>
    </p>
   </div>
   <div class='ocr_carea' id='block_1_58' title="bbox 2134 2806 3730 2878">
    <p class='ocr_par' dir='ltr' id='par_1_58' title="bbox 2134 2806 3730 2878">
     <span class='ocr_line' id='line_1_58' title="bbox 2134 2806 3730 2878; baseline 0.007 -18"><span class='ocrx_word' id='word_1_355' title='bbox 2134 2806 2381 2871; x_wconf 87' lang='lat' dir='ltr'><strong>audacia,</strong></span> <span class='ocrx_word' id='word_1_356' title='bbox 2418 2808 2610 2876; x_wconf 87' lang='lat' dir='ltr'><strong>partim</strong></span> <span class='ocrx_word' id='word_1_357' title='bbox 2637 2810 2856 2878; x_wconf 89' lang='lat' dir='ltr'><strong>quidem</strong></span> <span class='ocrx_word' id='word_1_358' title='bbox 2879 2814 3144 2866; x_wconf 64' lang='lat' dir='ltr'><strong>suasoriae</strong></span> <span class='ocrx_word' id='word_1_359' title='bbox 3167 2814 3440 2869; x_wconf 87' lang='lat' dir='ltr'><strong>orationis</strong></span> <span class='ocrx_word' id='word_1_360' title='bbox 3483 2816 3730 2872; x_wconf 88' lang='lat' dir='ltr'><strong>artificio</strong></span> 
     </span>
    </p>
   </div>
   <div class='ocr_carea' id='block_1_59' title="bbox 2132 2896 3726 2972">
    <p class='ocr_par' dir='ltr' id='par_1_59' title="bbox 2132 2896 3726 2972">
     <span class='ocr_line' id='line_1_59' title="bbox 2132 2896 3726 2972; baseline 0.006 -22"><span class='ocrx_word' id='word_1_361' title='bbox 2132 2896 2436 2951; x_wconf 84' lang='lat' dir='ltr'><strong>rationibus</strong></span> <span class='ocrx_word' id='word_1_362' title='bbox 2465 2898 2828 2967; x_wconf 84' lang='lat' dir='ltr'><strong>simpliciores</strong></span> <span class='ocrx_word' id='word_1_363' title='bbox 2848 2900 2993 2954; x_wconf 91' lang='lat' dir='ltr'><strong>dicto</strong></span> <span class='ocrx_word' id='word_1_364' title='bbox 3019 2901 3120 2955; x_wconf 87' lang='lat' dir='ltr'><strong>sibi</strong></span> <span class='ocrx_word' id='word_1_365' title='bbox 3146 2903 3434 2960; x_wconf 88' lang='lat' dir='ltr'><strong>audientes</strong></span> <span class='ocrx_word' id='word_1_366' title='bbox 3457 2907 3726 2972; x_wconf 87' lang='lat' dir='ltr'><strong>reddunt;</strong></span> 
     </span>
    </p>
   </div>
   <div class='ocr_carea' id='block_1_60' title="bbox 2133 2987 3732 3067">
    <p class='ocr_par' dir='ltr' id='par_1_60' title="bbox 2133 2987 3732 3067">
     <span class='ocr_line' id='line_1_60' title="bbox 2133 2987 3732 3067; baseline 0.008 -27"><span class='ocrx_word' id='word_1_367' title='bbox 2133 2987 2328 3058; x_wconf 90' lang='lat' dir='ltr'><strong>partim</strong></span> <span class='ocrx_word' id='word_1_368' title='bbox 2363 3004 2491 3043; x_wconf 90' lang='lat' dir='ltr'><strong>vero</strong></span> <span class='ocrx_word' id='word_1_369' title='bbox 2538 2989 2989 3046; x_wconf 89' lang='lat' dir='ltr'><strong>imbecillioribus</strong></span> <span class='ocrx_word' id='word_1_370' title='bbox 3052 2993 3393 3062; x_wconf 85' lang='lat' dir='ltr'><strong>iugrueutes,</strong></span> <span class='ocrx_word' id='word_1_371' title='bbox 3461 3008 3732 3067; x_wconf 89' lang='lat' dir='ltr'><strong>metuque</strong></span> 
     </span>
    </p>
   </div>
   <div class='ocr_carea' id='block_1_61' title="bbox 434 3075 3728 3156">
    <p class='ocr_par' dir='ltr' id='par_1_61' title="bbox 434 3075 3728 3156">
     <span class='ocr_line' id='line_1_61' title="bbox 434 3075 3728 3156; baseline 0.002 -20"><span class='ocrx_word' id='word_1_372' title='bbox 434 3089 494 3136; x_wconf 86' lang='lat' dir='ltr'><strong>et</strong></span> <span class='ocrx_word' id='word_1_373' title='bbox 525 3080 638 3148; x_wconf 85' lang='lat' dir='ltr'><strong>jam</strong></span> <span class='ocrx_word' id='word_1_374' title='bbox 682 3088 1018 3142; x_wconf 78' lang='lat' dir='ltr'><strong>exterarum,</strong></span> <span class='ocrx_word' id='word_1_375' title='bbox 1069 3076 1320 3131; x_wconf 91' lang='lat' dir='ltr'><strong>inaudiit.</strong></span> <span class='ocrx_word' id='word_1_376' title='bbox 1355 3075 1650 3145; x_wconf 84' lang='lat' dir='ltr'><strong>Gregorius</strong></span> <span class='ocrx_word' id='word_1_377' title='bbox 1676 3083 1881 3141; x_wconf 90' lang='lat' dir='ltr'><strong>autem,</strong></span> <span class='ocrx_word' id='word_1_378' title='bbox 1911 3089 2021 3127; x_wconf 92' lang='lat' dir='ltr'><strong>non</strong></span> <span class='ocrx_word' id='word_1_379' title='bbox 2057 3095 2102 3156; x_wconf 70' lang='grc' dir='ltr'>ο</span> <span class='ocrx_word' id='word_1_380' title='bbox 2134 3079 2488 3148; x_wconf 89' lang='lat' dir='ltr'><strong>procacitatis</strong></span> <span class='ocrx_word' id='word_1_381' title='bbox 2523 3089 2910 3149; x_wconf 86' lang='lat' dir='ltr'><strong>perterrentes,</strong></span> <span class='ocrx_word' id='word_1_382' title='bbox 2948 3081 3116 3151; x_wconf 92' lang='lat' dir='ltr'><strong>impio</strong></span> <span class='ocrx_word' id='word_1_383' title='bbox 3142 3083 3383 3153; x_wconf 88' lang='lat' dir='ltr'><strong>ipsorum</strong></span> <span class='ocrx_word' id='word_1_384' title='bbox 3407 3089 3728 3144; x_wconf 86' lang='lat' dir='ltr'><strong>sensuieos</strong></span> 
     </span>
    </p>
   </div>
   <div class='ocr_carea' id='block_1_62' title="bbox 434 3166 2028 3239">
    <p class='ocr_par' dir='ltr' id='par_1_62' title="bbox 434 3166 2028 3239">
     <span class='ocr_line' id='line_1_62' title="bbox 434 3166 2028 3239; baseline -0.005 -12"><span class='ocrx_word' id='word_1_385' title='bbox 434 3188 508 3228; x_wconf 81' lang='lat' dir='ltr'><strong>ex</strong></span> <span class='ocrx_word' id='word_1_386' title='bbox 536 3171 777 3226; x_wconf 88' lang='lat' dir='ltr'><strong>fraterna</strong></span> <span class='ocrx_word' id='word_1_387' title='bbox 803 3169 1032 3235; x_wconf 88' lang='lat' dir='ltr'><strong>invidia,</strong></span> <span class='ocrx_word' id='word_1_388' title='bbox 1059 3170 1151 3224; x_wconf 91' lang='lat' dir='ltr'><strong>sed</strong></span> <span class='ocrx_word' id='word_1_389' title='bbox 1181 3167 1359 3239; x_wconf 78' lang='lat' dir='ltr'><strong>Magni</strong></span> <span class='ocrx_word' id='word_1_390' title='bbox 1389 3167 1601 3230; x_wconf 87' lang='lat' dir='ltr'><strong>Basilii,</strong></span> <span class='ocrx_word' id='word_1_391' title='bbox 1639 3166 1879 3236; x_wconf 89' lang='lat' dir='ltr'><strong>fideique</strong></span> <span class='ocrx_word' id='word_1_392' title='bbox 1905 3181 2028 3236; x_wconf 90' lang='lat' dir='ltr'><strong>per—</strong></span> 
     </span>
    </p>
   </div>
   <div class='ocr_carea' id='block_1_63' title="bbox 436 3255 2027 3326">
    <p class='ocr_par' dir='ltr' id='par_1_63' title="bbox 436 3255 2027 3326">
     <span class='ocr_line' id='line_1_63' title="bbox 436 3255 2027 3326; baseline -0.005 -10"><span class='ocrx_word' id='word_1_393' title='bbox 436 3261 878 3317; x_wconf 86' lang='lat' dir='ltr'><strong>necessariorum</strong></span> <span class='ocrx_word' id='word_1_394' title='bbox 929 3257 1290 3314; x_wconf 84' lang='lat' dir='ltr'><strong>hortamentis</strong></span> <span class='ocrx_word' id='word_1_395' title='bbox 1349 3256 1585 3323; x_wconf 87' lang='lat' dir='ltr'><strong>cedens;</strong></span> <span class='ocrx_word' id='word_1_396' title='bbox 1646 3255 1894 3326; x_wconf 88' lang='lat' dir='ltr'><strong>quinimo</strong></span> <span class='ocrx_word' id='word_1_397' title='bbox 1924 3256 2027 3308; x_wconf 86' lang='lat' dir='ltr'><strong>im-</strong></span> 
     </span>
    </p>
   </div>
   <div class='ocr_carea' id='block_1_64' title="bbox 436 3346 2025 3422">
    <p class='ocr_par' dir='ltr' id='par_1_64' title="bbox 436 3346 2025 3422">
     <span class='ocr_line' id='line_1_64' title="bbox 436 3346 2025 3422; baseline -0.003 -16"><span class='ocrx_word' id='word_1_398' title='bbox 436 3352 706 3422; x_wconf 87' lang='lat' dir='ltr'><strong>pensioris</strong></span> <span class='ocrx_word' id='word_1_399' title='bbox 760 3349 1114 3421; x_wconf 74' lang='lat' dir='ltr'><strong>providentiae</strong></span> <span class='ocrx_word' id='word_1_400' title='bbox 1171 3347 1418 3404; x_wconf 88' lang='lat' dir='ltr'><strong>consiliis</strong></span> <span class='ocrx_word' id='word_1_401' title='bbox 1467 3349 1759 3414; x_wconf 88' lang='lat' dir='ltr'><strong>adductus,</strong></span> <span class='ocrx_word' id='word_1_402' title='bbox 1793 3361 1903 3401; x_wconf 91' lang='lat' dir='ltr'><strong>non</strong></span> <span class='ocrx_word' id='word_1_403' title='bbox 1928 3346 2025 3401; x_wconf 89' lang='lat' dir='ltr'><strong>abs</strong></span> 
     </span>
    </p>
   </div>
   <div class='ocr_carea' id='block_1_65' title="bbox 365 3437 2024 3509">
    <p class='ocr_par' dir='ltr' id='par_1_65' title="bbox 365 3437 2024 3509">
     <span class='ocr_line' id='line_1_65' title="bbox 365 3437 2024 3509; baseline -0.005 -11"><span class='ocrx_word' id='word_1_404' title='bbox 365 3466 368 3468; x_wconf 50' lang='grc' dir='ltr'><strong>ν</strong></span> <span class='ocrx_word' id='word_1_405' title='bbox 436 3443 706 3498; x_wconf 88' lang='lat' dir='ltr'><strong>scelerata</strong></span> <span class='ocrx_word' id='word_1_406' title='bbox 739 3443 869 3495; x_wconf 91' lang='lat' dir='ltr'><strong>hera</strong></span> <span class='ocrx_word' id='word_1_407' title='bbox 893 3449 1100 3495; x_wconf 88' lang='lat' dir='ltr'><strong>tentata</strong></span> <span class='ocrx_word' id='word_1_408' title='bbox 1146 3439 1443 3509; x_wconf 89' lang='lat' dir='ltr'><strong>pudicitia;</strong></span> <span class='ocrx_word' id='word_1_409' title='bbox 1476 3439 1655 3509; x_wconf 87' lang='lat' dir='ltr'><strong>palam</strong></span> <span class='ocrx_word' id='word_1_410' title='bbox 1685 3452 1816 3492; x_wconf 91' lang='lat' dir='ltr'><strong>vero</strong></span> <span class='ocrx_word' id='word_1_411' title='bbox 1849 3437 2024 3491; x_wconf 86' lang='lat' dir='ltr'><strong>haere-</strong></span> 
     </span>
    </p>
   </div>
   <div class='ocr_carea' id='block_1_66' title="bbox 433 3529 2024 3602">
    <p class='ocr_par' dir='ltr' id='par_1_66' title="bbox 433 3529 2024 3602">
     <span class='ocr_line' id='line_1_66' title="bbox 433 3529 2024 3602; baseline -0.002 -16"><span class='ocrx_word' id='word_1_412' title='bbox 433 3533 668 3588; x_wconf 78' lang='lat' dir='ltr'><strong>ticorum</strong></span> <span class='ocrx_word' id='word_1_413' title='bbox 720 3533 952 3602; x_wconf 90' lang='lat' dir='ltr'><strong>maligne</strong></span> <span class='ocrx_word' id='word_1_414' title='bbox 1004 3531 1284 3602; x_wconf 90' lang='lat' dir='ltr'><strong>agentium</strong></span> <span class='ocrx_word' id='word_1_415' title='bbox 1338 3531 1557 3587; x_wconf 90' lang='lat' dir='ltr'><strong>insidiis</strong></span> <span class='ocrx_word' id='word_1_416' title='bbox 1615 3530 1908 3600; x_wconf 86' lang='lat' dir='ltr'><strong>appetitus,</strong></span> <span class='ocrx_word' id='word_1_417' title='bbox 1938 3529 2024 3583; x_wconf 84' lang='lat' dir='ltr'><strong>in-</strong></span> 
     </span>
    </p>
   </div>
   <div class='ocr_carea' id='block_1_67' title="bbox 436 3619 2008 3693">
    <p class='ocr_par' dir='ltr' id='par_1_67' title="bbox 436 3619 2008 3693">
     <span class='ocr_line' id='line_1_67' title="bbox 436 3619 2008 3693; baseline -0.001 -17"><span class='ocrx_word' id='word_1_418' title='bbox 436 3634 659 3693; x_wconf 72' lang='lat' dir='ltr'><strong>starque</strong></span> <span class='ocrx_word' id='word_1_419' title='bbox 701 3638 981 3678; x_wconf 89' lang='lat' dir='ltr'><strong>carcerum</strong></span> <span class='ocrx_word' id='word_1_420' title='bbox 1028 3623 1326 3677; x_wconf 90' lang='lat' dir='ltr'><strong>instructos</strong></span> <span class='ocrx_word' id='word_1_421' title='bbox 1357 3636 1547 3676; x_wconf 90' lang='lat' dir='ltr'><strong>eorum</strong></span> <span class='ocrx_word' id='word_1_422' title='bbox 1588 3619 1746 3676; x_wconf 91' lang='lat' dir='ltr'><strong>dolos</strong></span> <span class='ocrx_word' id='word_1_423' title='bbox 1804 3619 2008 3685; x_wconf 90' lang='lat' dir='ltr'><strong>varios,</strong></span> 
     </span>
    </p>
   </div>
   <div class='ocr_carea' id='block_1_68' title="bbox 435 3710 2020 3782">
    <p class='ocr_par' dir='ltr' id='par_1_68' title="bbox 435 3710 2020 3782">
     <span class='ocr_line' id='line_1_68' title="bbox 435 3710 2020 3782; baseline -0.004 -12"><span class='ocrx_word' id='word_1_424' title='bbox 435 3729 502 3770; x_wconf 86' lang='lat' dir='ltr'><strong>ac</strong></span> <span class='ocrx_word' id='word_1_425' title='bbox 526 3714 963 3768; x_wconf 89' lang='lat' dir='ltr'><strong>machinamenta</strong></span> <span class='ocrx_word' id='word_1_426' title='bbox 1001 3713 1273 3778; x_wconf 88' lang='lat' dir='ltr'><strong>incidens,</strong></span> <span class='ocrx_word' id='word_1_427' title='bbox 1333 3711 1724 3782; x_wconf 67' lang='lat' dir='ltr'><strong>sapientiaeque</strong></span> <span class='ocrx_word' id='word_1_428' title='bbox 1770 3710 2020 3766; x_wconf 86' lang='lat' dir='ltr'><strong>doctrina</strong></span> 
     </span>
    </p>
   </div>
   <div class='ocr_carea' id='block_1_69' title="bbox 435 3803 2019 3876">
    <p class='ocr_par' dir='ltr' id='par_1_69' title="bbox 435 3803 2019 3876">
     <span class='ocr_line' id='line_1_69' title="bbox 435 3803 2019 3876; baseline -0.001 -19"><span class='ocrx_word' id='word_1_429' title='bbox 435 3805 666 3876; x_wconf 82' lang='lat' dir='ltr'><strong>potioris</strong></span> <span class='ocrx_word' id='word_1_430' title='bbox 691 3805 961 3860; x_wconf 91' lang='lat' dir='ltr'><strong>contritos</strong></span> <span class='ocrx_word' id='word_1_431' title='bbox 986 3805 1301 3860; x_wconf 83' lang='lat' dir='ltr'><strong>venantium</strong></span> <span class='ocrx_word' id='word_1_432' title='bbox 1335 3805 1561 3874; x_wconf 88' lang='lat' dir='ltr'><strong>laqueos</strong></span> <span class='ocrx_word' id='word_1_433' title='bbox 1593 3803 1877 3873; x_wconf 82' lang='lat' dir='ltr'><strong>effugiens,</strong></span> <span class='ocrx_word' id='word_1_434' title='bbox 1909 3818 2019 3857; x_wconf 94' lang='lat' dir='ltr'><strong>non</strong></span> 
     </span>
    </p>
   </div>
   <div class='ocr_carea' id='block_1_70' title="bbox 437 3895 2019 3965">
    <p class='ocr_par' dir='ltr' id='par_1_70' title="bbox 437 3895 2019 3965">
     <span class='ocr_line' id='line_1_70' title="bbox 437 3895 2019 3965; baseline 0 -17"><span class='ocrx_word' id='word_1_435' title='bbox 437 3912 600 3950; x_wconf 88' lang='lat' dir='ltr'><strong>unam</strong></span> <span class='ocrx_word' id='word_1_436' title='bbox 642 3896 998 3965; x_wconf 82' lang='lat' dir='ltr'><strong>provinciam,</strong></span> <span class='ocrx_word' id='word_1_437' title='bbox 1030 3905 1125 3950; x_wconf 88' lang='lat' dir='ltr'><strong>aut</strong></span> <span class='ocrx_word' id='word_1_438' title='bbox 1149 3895 1336 3950; x_wconf 87' lang='lat' dir='ltr'><strong>urbem</strong></span> <span class='ocrx_word' id='word_1_439' title='bbox 1362 3913 1376 3961; x_wconf 92' lang='lat'><strong>;</strong></span> <span class='ocrx_word' id='word_1_440' title='bbox 1425 3897 1517 3950; x_wconf 91' lang='lat' dir='ltr'><strong>sed</strong></span> <span class='ocrx_word' id='word_1_441' title='bbox 1542 3910 1636 3965; x_wconf 91' lang='lat' dir='ltr'><strong>per</strong></span> <span class='ocrx_word' id='word_1_442' title='bbox 1667 3910 1862 3956; x_wconf 91' lang='lat' dir='ltr'><strong>unam,</strong></span> <span class='ocrx_word' id='word_1_443' title='bbox 1895 3909 2019 3962; x_wconf 71' lang='lat' dir='ltr'><strong>qua:</strong></span> 
     </span>
    </p>
   </div>
   <div class='ocr_carea' id='block_1_71' title="bbox 433 3986 2020 4058">
    <p class='ocr_par' dir='ltr' id='par_1_71' title="bbox 433 3986 2020 4058">
     <span class='ocr_line' id='line_1_71' title="bbox 433 3986 2020 4058; baseline -0.002 -17"><span class='ocrx_word' id='word_1_444' title='bbox 433 3989 538 4042; x_wconf 90' lang='lat' dir='ltr'><strong>sub</strong></span> <span class='ocrx_word' id='word_1_445' title='bbox 569 3988 710 4042; x_wconf 80' lang='lat' dir='ltr'><strong>ctelo</strong></span> <span class='ocrx_word' id='word_1_446' title='bbox 745 3997 874 4043; x_wconf 91' lang='lat' dir='ltr'><strong>sunt</strong></span> <span class='ocrx_word' id='word_1_447' title='bbox 908 3989 1214 4050; x_wconf 90' lang='lat' dir='ltr'><strong>universas,</strong></span> <span class='ocrx_word' id='word_1_448' title='bbox 1250 3986 1515 4043; x_wconf 86' lang='lat' dir='ltr'><strong>beneficio</strong></span> <span class='ocrx_word' id='word_1_449' title='bbox 1545 3987 1831 4058; x_wconf 89' lang='lat' dir='ltr'><strong>impartire</strong></span> <span class='ocrx_word' id='word_1_450' title='bbox 1855 4000 2020 4040; x_wconf 89' lang='lat' dir='ltr'><strong>mon-</strong></span> 
     </span>
    </p>
   </div>
   <div class='ocr_carea' id='block_1_72' title="bbox 433 4087 658 4131">
    <p class='ocr_par' dir='ltr' id='par_1_72' title="bbox 433 4087 658 4131">
     <span class='ocr_line' id='line_1_72' title="bbox 433 4087 658 4131; baseline 0 -1"><span class='ocrx_word' id='word_1_451' title='bbox 433 4087 543 4130; x_wconf 79' lang='lat' dir='ltr'><strong>stra</strong></span> <span class='ocrx_word' id='word_1_452' title='bbox 553 4089 658 4131; x_wconf 89' lang='lat' dir='ltr'><strong>tur.</strong></span> 
     </span>
    </p>
   </div>
   <div class='ocr_carea' id='block_1_73' title="bbox 495 4165 2019 4252">
    <p class='ocr_par' dir='ltr' id='par_1_73' title="bbox 495 4165 2019 4252">
     <span class='ocr_line' id='line_1_73' title="bbox 495 4165 2019 4252; baseline 0 -30"><span class='ocrx_word' id='word_1_453' title='bbox 495 4168 601 4223; x_wconf 62' lang='lat' dir='ltr'><strong>:llle</strong></span> <span class='ocrx_word' id='word_1_454' title='bbox 633 4167 800 4238; x_wconf 91' lang='lat' dir='ltr'><strong>igitur</strong></span> <span class='ocrx_word' id='word_1_455' title='bbox 826 4167 945 4238; x_wconf 86' lang='lat' dir='ltr'><strong>ejus</strong></span> <span class='ocrx_word' id='word_1_456' title='bbox 969 4168 1078 4223; x_wconf 88' lang='lat' dir='ltr'><strong>cibi</strong></span> <span class='ocrx_word' id='word_1_457' title='bbox 1117 4167 1208 4238; x_wconf 91' lang='lat' dir='ltr'><strong>qui</strong></span> <span class='ocrx_word' id='word_1_458' title='bbox 1235 4167 1411 4238; x_wconf 89' lang='lat' dir='ltr'><strong>perit;</strong></span> <span class='ocrx_word' id='word_1_459' title='bbox 1445 4167 1535 4223; x_wconf 89' lang='lat' dir='ltr'><strong>hic</strong></span> <span class='ocrx_word' id='word_1_460' title='bbox 1565 4165 1684 4236; x_wconf 86' lang='lat' dir='ltr'><strong>ejus</strong></span> <span class='ocrx_word' id='word_1_461' title='bbox 1711 4168 1803 4237; x_wconf 90' lang='lat' dir='ltr'><strong>qui</strong></span> <span class='ocrx_word' id='word_1_462' title='bbox 1832 4175 2019 4252; x_wconf 73' lang='lat' dir='ltr'><strong>manet</strong></span> 
     </span>
    </p>
   </div>
   <div class='ocr_carea' id='block_1_74' title="bbox 420 4257 2017 4329">
    <p class='ocr_par' dir='ltr' id='par_1_74' title="bbox 420 4257 2017 4329">
     <span class='ocr_line' id='line_1_74' title="bbox 420 4257 2017 4329; baseline -0.002 -16"><span class='ocrx_word' id='word_1_463' title='bbox 420 4261 489 4314; x_wconf 67' lang='lat' dir='ltr'><strong>&#39;in</strong></span> <span class='ocrx_word' id='word_1_464' title='bbox 512 4259 677 4313; x_wconf 88' lang='lat' dir='ltr'><strong>vitam</strong></span> <span class='ocrx_word' id='word_1_465' title='bbox 712 4269 994 4324; x_wconf 85' lang='lat' dir='ltr'><strong>aeternam,</strong></span> <span class='ocrx_word' id='word_1_466' title='bbox 1025 4259 1377 4329; x_wconf 81' lang='lat' dir='ltr'><strong>dispensator</strong></span> <span class='ocrx_word' id='word_1_467' title='bbox 1415 4259 1746 4324; x_wconf 90' lang='lat' dir='ltr'><strong>ostenditur,</strong></span> <span class='ocrx_word' id='word_1_468' title='bbox 1781 4257 2017 4312; x_wconf 88' lang='lat' dir='ltr'><strong>arbiter-</strong></span> 
     </span>
    </p>
   </div>
   <div class='ocr_carea' id='block_1_75' title="bbox 431 4347 2015 4420">
    <p class='ocr_par' dir='ltr' id='par_1_75' title="bbox 431 4347 2015 4420">
     <span class='ocr_line' id='line_1_75' title="bbox 431 4347 2015 4420; baseline 0 -17"><span class='ocrx_word' id='word_1_469' title='bbox 431 4365 540 4420; x_wconf 91' lang='lat' dir='ltr'><strong>que</strong></span> <span class='ocrx_word' id='word_1_470' title='bbox 567 4350 912 4420; x_wconf 80' lang='lat' dir='ltr'><strong>magnificus.</strong></span> <span class='ocrx_word' id='word_1_471' title='bbox 946 4350 1125 4420; x_wconf 86' lang='lat' dir='ltr'><strong>Atque</strong></span> <span class='ocrx_word' id='word_1_472' title='bbox 1179 4350 1268 4404; x_wconf 89' lang='lat' dir='ltr'><strong>ille</strong></span> <span class='ocrx_word' id='word_1_473' title='bbox 1300 4349 1542 4416; x_wconf 87' lang='lat' dir='ltr'><strong>quidem,</strong></span> <span class='ocrx_word' id='word_1_474' title='bbox 1571 4364 1680 4404; x_wconf 91' lang='lat' dir='ltr'><strong>non</strong></span> <span class='ocrx_word' id='word_1_475' title='bbox 1713 4347 2015 4418; x_wconf 87' lang='lat' dir='ltr'><strong>corporalis</strong></span> 
     </span>
    </p>
   </div>
   <div class='ocr_carea' id='block_1_76' title="bbox 2132 3169 2778 3225">
    <p class='ocr_par' dir='ltr' id='par_1_76' title="bbox 2132 3169 2778 3225">
     <span class='ocr_line' id='line_1_76' title="bbox 2132 3169 2778 3225; baseline 0.002 -1"><span class='ocrx_word' id='word_1_476' title='bbox 2132 3169 2452 3224; x_wconf 87' lang='lat' dir='ltr'><strong>submittere</strong></span> <span class='ocrx_word' id='word_1_477' title='bbox 2490 3183 2778 3225; x_wconf 89' lang='lat' dir='ltr'><strong>conantur.</strong></span> 
     </span>
    </p>
   </div>
   <div class='ocr_carea' id='block_1_77' title="bbox 2203 3257 3720 3330">
    <p class='ocr_par' dir='ltr' id='par_1_77' title="bbox 2203 3257 3720 3330">
     <span class='ocr_line' id='line_1_77' title="bbox 2203 3257 3720 3330; baseline 0.006 -19"><span class='ocrx_word' id='word_1_478' title='bbox 2203 3257 2342 3325; x_wconf 86' lang='lat' dir='ltr'><strong>Quid</strong></span> <span class='ocrx_word' id='word_1_479' title='bbox 2383 3259 2544 3330; x_wconf 84' lang='lat' dir='ltr'><strong>igitur</strong></span> <span class='ocrx_word' id='word_1_480' title='bbox 2567 3261 2647 3314; x_wconf 92' lang='lat' dir='ltr'><strong>vir</strong></span> <span class='ocrx_word' id='word_1_481' title='bbox 2674 3261 2727 3314; x_wconf 92' lang='lat' dir='ltr'><strong>in</strong></span> <span class='ocrx_word' id='word_1_482' title='bbox 2754 3261 2959 3316; x_wconf 86' lang='lat' dir='ltr'><strong>divinis</strong></span> <span class='ocrx_word' id='word_1_483' title='bbox 2999 3263 3436 3327; x_wconf 89' lang='lat' dir='ltr'><strong>versatissimns,</strong></span> <span class='ocrx_word' id='word_1_484' title='bbox 3470 3281 3720 3321; x_wconf 87' lang='lat' dir='ltr'><strong>accura-</strong></span> 
     </span>
    </p>
   </div>
   <div class='ocr_carea' id='block_1_78' title="bbox 2130 3348 3729 3420">
    <p class='ocr_par' dir='ltr' id='par_1_78' title="bbox 2130 3348 3729 3420">
     <span class='ocr_line' id='line_1_78' title="bbox 2130 3348 3729 3420; baseline 0.003 -18"><span class='ocrx_word' id='word_1_485' title='bbox 2130 3348 2461 3418; x_wconf 73' lang='lat' dir='ltr'><strong>tissimaaque</strong></span> <span class='ocrx_word' id='word_1_486' title='bbox 2495 3348 2801 3420; x_wconf 83' lang='lat' dir='ltr'><strong>Theologiae</strong></span> <span class='ocrx_word' id='word_1_487' title='bbox 2849 3351 3076 3405; x_wconf 87' lang='lat' dir='ltr'><strong>infracta</strong></span> <span class='ocrx_word' id='word_1_488' title='bbox 3139 3353 3390 3406; x_wconf 86' lang='lat' dir='ltr'><strong>columna</strong></span> <span class='ocrx_word' id='word_1_489' title='bbox 3487 3367 3559 3408; x_wconf 90' lang='lat' dir='ltr'><strong>ac</strong></span> <span class='ocrx_word' id='word_1_490' title='bbox 3612 3353 3729 3407; x_wconf 56' lang='lat' dir='ltr'><strong>im-</strong></span> 
     </span>
    </p>
   </div>
   <div class='ocr_carea' id='block_1_79' title="bbox 2128 3441 3713 3512">
    <p class='ocr_par' dir='ltr' id='par_1_79' title="bbox 2128 3441 3713 3512">
     <span class='ocr_line' id='line_1_79' title="bbox 2128 3441 3713 3512; baseline 0.002 -18"><span class='ocrx_word' id='word_1_491' title='bbox 2128 3441 2385 3496; x_wconf 89' lang='lat' dir='ltr'><strong>mobilis?</strong></span> <span class='ocrx_word' id='word_1_492' title='bbox 2412 3441 2553 3496; x_wconf 89' lang='lat' dir='ltr'><strong>Num</strong></span> <span class='ocrx_word' id='word_1_493' title='bbox 2593 3443 3059 3512; x_wconf 89' lang='lat' dir='ltr'><strong>nequissimorum</strong></span> <span class='ocrx_word' id='word_1_494' title='bbox 3093 3445 3353 3512; x_wconf 87' lang='lat' dir='ltr'><strong>pravitate</strong></span> <span class='ocrx_word' id='word_1_495' title='bbox 3374 3445 3567 3498; x_wconf 91' lang='lat' dir='ltr'><strong>minor</strong></span> <span class='ocrx_word' id='word_1_496' title='bbox 3603 3459 3713 3512; x_wconf 87' lang='lat' dir='ltr'><strong>ap-</strong></span> 
     </span>
    </p>
   </div>
   <div class='ocr_carea' id='block_1_80' title="bbox 2127 3516 3721 3603">
    <p class='ocr_par' dir='ltr' id='par_1_80' title="bbox 2127 3516 3721 3603">
     <span class='ocr_line' id='line_1_80' title="bbox 2127 3516 3721 3603; baseline 0.004 -20"><span class='ocrx_word' id='word_1_497' title='bbox 2127 3529 2341 3598; x_wconf 74' lang='lat' dir='ltr'><strong>paruit?</strong></span> <span class='ocrx_word' id='word_1_498' title='bbox 2371 3541 2458 3585; x_wconf 83' lang='lat' dir='ltr'><strong>aut</strong></span> <span class='ocrx_word' id='word_1_499' title='bbox 2493 3545 2682 3585; x_wconf 89' lang='lat' dir='ltr'><strong>eorum</strong></span> <span class='ocrx_word' id='word_1_500' title='bbox 2749 3533 2975 3586; x_wconf 91' lang='lat' dir='ltr'><strong>omnino</strong></span> <span class='ocrx_word' id='word_1_501' title='bbox 3013 3532 3362 3603; x_wconf 86' lang='lat' dir='ltr'><strong>grassantium</strong></span> <span class='ocrx_word' id='word_1_502' title='bbox 3404 3516 3459 3586; x_wconf 79' lang='lat' dir='ltr'><strong>vi</strong></span> <span class='ocrx_word' id='word_1_503' title='bbox 3507 3535 3721 3589; x_wconf 82' lang='lat' dir='ltr'><strong>cessit?</strong></span> 
     </span>
    </p>
   </div>
   <div class='ocr_carea' id='block_1_81' title="bbox 2124 3622 3718 3694">
    <p class='ocr_par' dir='ltr' id='par_1_81' title="bbox 2124 3622 3718 3694">
     <span class='ocr_line' id='line_1_81' title="bbox 2124 3622 3718 3694; baseline 0.003 -17"><span class='ocrx_word' id='word_1_504' title='bbox 2124 3632 2217 3678; x_wconf 90' lang='lat' dir='ltr'><strong>aut</strong></span> <span class='ocrx_word' id='word_1_505' title='bbox 2243 3622 2368 3692; x_wconf 90' lang='lat' dir='ltr'><strong>quid</strong></span> <span class='ocrx_word' id='word_1_506' title='bbox 2402 3624 2718 3678; x_wconf 90' lang='lat' dir='ltr'><strong>modicume</strong></span> <span class='ocrx_word' id='word_1_507' title='bbox 2739 3625 2936 3694; x_wconf 90' lang='lat' dir='ltr'><strong>pietate</strong></span> <span class='ocrx_word' id='word_1_508' title='bbox 2974 3625 3207 3679; x_wconf 87' lang='lat' dir='ltr'><strong>remisit?</strong></span> <span class='ocrx_word' id='word_1_509' title='bbox 3236 3634 3326 3678; x_wconf 89' lang='lat' dir='ltr'><strong>aut</strong></span> <span class='ocrx_word' id='word_1_510' title='bbox 3349 3625 3506 3678; x_wconf 86' lang='lat' dir='ltr'><strong>illius</strong></span> <span class='ocrx_word' id='word_1_511' title='bbox 3533 3641 3718 3682; x_wconf 82' lang='lat' dir='ltr'><strong>causa</strong></span> 
     </span>
    </p>
   </div>
   <div class='ocr_carea' id='block_1_82' title="bbox 2124 3714 3734 3786">
    <p class='ocr_par' dir='ltr' id='par_1_82' title="bbox 2124 3714 3734 3786">
     <span class='ocr_line' id='line_1_82' title="bbox 2124 3714 3734 3786; baseline 0.003 -19"><span class='ocrx_word' id='word_1_512' title='bbox 2124 3714 2424 3769; x_wconf 86' lang='lat' dir='ltr'><strong>mediocria</strong></span> <span class='ocrx_word' id='word_1_513' title='bbox 2492 3714 2735 3783; x_wconf 89' lang='lat' dir='ltr'><strong>pericula</strong></span> <span class='ocrx_word' id='word_1_514' title='bbox 2803 3714 3012 3770; x_wconf 84' lang='lat' dir='ltr'><strong>adivit?</strong></span> <span class='ocrx_word' id='word_1_515' title='bbox 3085 3714 3578 3786; x_wconf 77' lang='lat' dir='ltr'><strong>Haudquaquam;</strong></span> <span class='ocrx_word' id='word_1_516' title='bbox 3624 3718 3734 3772; x_wconf 79' lang='lat' dir='ltr'><strong>sed</strong></span> 
     </span>
    </p>
   </div>
   <div class='ocr_carea' id='block_1_83' title="bbox 2122 3806 3744 3877">
    <p class='ocr_par' dir='ltr' id='par_1_83' title="bbox 2122 3806 3744 3877">
     <span class='ocr_line' id='line_1_83' title="bbox 2122 3806 3744 3877; baseline 0.002 -18"><span class='ocrx_word' id='word_1_517' title='bbox 2122 3820 2312 3860; x_wconf 87' lang='lat' dir='ltr'><strong>eorum</strong></span> <span class='ocrx_word' id='word_1_518' title='bbox 2339 3806 2598 3870; x_wconf 72' lang='lat' dir='ltr'><strong>audaciae,</strong></span> <span class='ocrx_word' id='word_1_519' title='bbox 2624 3807 2964 3874; x_wconf 87' lang='lat' dir='ltr'><strong>prudentiam</strong></span> <span class='ocrx_word' id='word_1_520' title='bbox 2997 3821 3276 3876; x_wconf 87' lang='lat' dir='ltr'><strong>opponens</strong></span> <span class='ocrx_word' id='word_1_521' title='bbox 3300 3823 3314 3871; x_wconf 88' lang='lat'><strong>;</strong></span> <span class='ocrx_word' id='word_1_522' title='bbox 3394 3807 3744 3877; x_wconf 86' lang='lat' dir='ltr'><strong>calliditati,</strong></span> 
     </span>
    </p>
   </div>
   <div class='ocr_carea' id='block_1_84' title="bbox 2121 3894 3746 3966">
    <p class='ocr_par' dir='ltr' id='par_1_84' title="bbox 2121 3894 3746 3966">
     <span class='ocr_line' id='line_1_84' title="bbox 2121 3894 3746 3966; baseline 0.003 -18"><span class='ocrx_word' id='word_1_523' title='bbox 2121 3894 2399 3966; x_wconf 86' lang='lat' dir='ltr'><strong>vafrisque</strong></span> <span class='ocrx_word' id='word_1_524' title='bbox 2422 3896 2691 3958; x_wconf 87' lang='lat' dir='ltr'><strong>consiliis,</strong></span> <span class='ocrx_word' id='word_1_525' title='bbox 2727 3897 2894 3950; x_wconf 88' lang='lat' dir='ltr'><strong>animi</strong></span> <span class='ocrx_word' id='word_1_526' title='bbox 2919 3897 3263 3966; x_wconf 68' lang='lat' dir='ltr'><strong>prmseutiam</strong></span> <span class='ocrx_word' id='word_1_527' title='bbox 3326 3911 3399 3951; x_wconf 91' lang='lat' dir='ltr'><strong>ac</strong></span> <span class='ocrx_word' id='word_1_528' title='bbox 3429 3897 3746 3965; x_wconf 85' lang='lat' dir='ltr'><strong>fiduciam;</strong></span> 
     </span>
    </p>
   </div>
   <div class='ocr_carea' id='block_1_85' title="bbox 2119 3985 3756 4057">
    <p class='ocr_par' dir='ltr' id='par_1_85' title="bbox 2119 3985 3756 4057">
     <span class='ocr_line' id='line_1_85' title="bbox 2119 3985 3756 4057; baseline 0.002 -16"><span class='ocrx_word' id='word_1_529' title='bbox 2119 3988 2251 4057; x_wconf 90' lang='lat' dir='ltr'><strong>quin</strong></span> <span class='ocrx_word' id='word_1_530' title='bbox 2288 3986 2491 4056; x_wconf 88' lang='lat' dir='ltr'><strong>potius,</strong></span> <span class='ocrx_word' id='word_1_531' title='bbox 2527 3986 2903 4041; x_wconf 88' lang='lat' dir='ltr'><strong>fortitudinem</strong></span> <span class='ocrx_word' id='word_1_532' title='bbox 2955 3986 3220 4041; x_wconf 90' lang='lat' dir='ltr'><strong>adversus</strong></span> <span class='ocrx_word' id='word_1_533' title='bbox 3273 3985 3592 4041; x_wconf 85' lang='lat' dir='ltr'><strong>audaciam</strong></span> <span class='ocrx_word' id='word_1_534' title='bbox 3685 4003 3756 4044; x_wconf 85' lang='lat' dir='ltr'><strong>ac</strong></span> 
     </span>
    </p>
   </div>
   <div class='ocr_carea' id='block_1_86' title="bbox 2121 4073 3756 4145">
    <p class='ocr_par' dir='ltr' id='par_1_86' title="bbox 2121 4073 3756 4145">
     <span class='ocr_line' id='line_1_86' title="bbox 2121 4073 3756 4145; baseline 0.001 -16"><span class='ocrx_word' id='word_1_535' title='bbox 2121 4076 2518 4142; x_wconf 86' lang='lat' dir='ltr'><strong>temeritatem;</strong></span> <span class='ocrx_word' id='word_1_536' title='bbox 2552 4075 3007 4145; x_wconf 88' lang='lat' dir='ltr'><strong>prudentiamque</strong></span> <span class='ocrx_word' id='word_1_537' title='bbox 3028 4073 3296 4130; x_wconf 88' lang='lat' dir='ltr'><strong>adversus</strong></span> <span class='ocrx_word' id='word_1_538' title='bbox 3349 4075 3756 4131; x_wconf 87' lang='lat' dir='ltr'><strong>calliditatem</strong></span> 
     </span>
    </p>
   </div>
   <div class='ocr_carea' id='block_1_87' title="bbox 2120 4165 3767 4235">
    <p class='ocr_par' dir='ltr' id='par_1_87' title="bbox 2120 4165 3767 4235">
     <span class='ocr_line' id='line_1_87' title="bbox 2120 4165 3767 4235; baseline 0.003 -16"><span class='ocrx_word' id='word_1_539' title='bbox 2120 4183 2184 4219; x_wconf 89' lang='lat' dir='ltr'><strong>ac</strong></span> <span class='ocrx_word' id='word_1_540' title='bbox 2214 4165 2487 4221; x_wconf 90' lang='lat' dir='ltr'><strong>vafritiem</strong></span> <span class='ocrx_word' id='word_1_541' title='bbox 2521 4167 2763 4222; x_wconf 88' lang='lat' dir='ltr'><strong>educcns</strong></span> <span class='ocrx_word' id='word_1_542' title='bbox 2786 4183 2800 4231; x_wconf 91' lang='lat'><strong>;</strong></span> <span class='ocrx_word' id='word_1_543' title='bbox 2827 4165 3236 4234; x_wconf 90' lang='lat' dir='ltr'><strong>universimque</strong></span> <span class='ocrx_word' id='word_1_544' title='bbox 3262 4165 3413 4220; x_wconf 91' lang='lat' dir='ltr'><strong>adeo</strong></span> <span class='ocrx_word' id='word_1_545' title='bbox 3443 4167 3767 4235; x_wconf 86' lang='lat' dir='ltr'><strong>virtutem,</strong></span> 
     </span>
    </p>
   </div>
   <div class='ocr_carea' id='block_1_88' title="bbox 2117 4256 3765 4328">
    <p class='ocr_par' dir='ltr' id='par_1_88' title="bbox 2117 4256 3765 4328">
     <span class='ocr_line' id='line_1_88' title="bbox 2117 4256 3765 4328; baseline 0.001 -16"><span class='ocrx_word' id='word_1_546' title='bbox 2117 4259 2381 4314; x_wconf 89' lang='lat' dir='ltr'><strong>adversus</strong></span> <span class='ocrx_word' id='word_1_547' title='bbox 2413 4274 2600 4314; x_wconf 91' lang='lat' dir='ltr'><strong>eorum</strong></span> <span class='ocrx_word' id='word_1_548' title='bbox 2631 4268 2799 4314; x_wconf 90' lang='lat' dir='ltr'><strong>totam</strong></span> <span class='ocrx_word' id='word_1_549' title='bbox 2851 4258 3171 4328; x_wconf 89' lang='lat' dir='ltr'><strong>pravitatem</strong></span> <span class='ocrx_word' id='word_1_550' title='bbox 3218 4256 3442 4312; x_wconf 85' lang='lat' dir='ltr'><strong>infesta</strong></span> <span class='ocrx_word' id='word_1_551' title='bbox 3485 4260 3621 4314; x_wconf 87' lang='lat' dir='ltr'><strong>acie</strong></span> <span class='ocrx_word' id='word_1_552' title='bbox 3672 4260 3765 4314; x_wconf 90' lang='lat' dir='ltr'><strong>in-</strong></span> 
     </span>
    </p>
   </div>
   <div class='ocr_carea' id='block_1_89' title="bbox 2117 4350 3770 4425">
    <p class='ocr_par' dir='ltr' id='par_1_89' title="bbox 2117 4350 3770 4425">
     <span class='ocr_line' id='line_1_89' title="bbox 2117 4350 3770 4425; baseline 0.001 -18"><span class='ocrx_word' id='word_1_553' title='bbox 2117 4361 2370 4419; x_wconf 90' lang='lat' dir='ltr'><strong>struens;</strong></span> <span class='ocrx_word' id='word_1_554' title='bbox 2401 4351 2480 4407; x_wconf 90' lang='lat' dir='ltr'><strong>sic</strong></span> <span class='ocrx_word' id='word_1_555' title='bbox 2504 4352 2730 4407; x_wconf 90' lang='lat' dir='ltr'><strong>omnino</strong></span> <span class='ocrx_word' id='word_1_556' title='bbox 2765 4350 2929 4417; x_wconf 86' lang='lat' dir='ltr'><strong>fudit,</strong></span> <span class='ocrx_word' id='word_1_557' title='bbox 2960 4350 3300 4421; x_wconf 85' lang='lat' dir='ltr'><strong>fugavitque,</strong></span> <span class='ocrx_word' id='word_1_558' title='bbox 3335 4365 3412 4406; x_wconf 87' lang='lat' dir='ltr'><strong>ac</strong></span> <span class='ocrx_word' id='word_1_559' title='bbox 3452 4367 3770 4425; x_wconf 80' lang='lat' dir='ltr'><strong>perexpu-</strong></span> 
     </span>
    </p>
   </div>
   <div class='ocr_carea' id='block_1_90' title="bbox 432 4427 3780 4514">
    <p class='ocr_par' dir='ltr' id='par_1_90' title="bbox 432 4427 3780 4514">
     <span class='ocr_line' id='line_1_90' title="bbox 432 4427 3780 4514; baseline 0.002 -19"><span class='ocrx_word' id='word_1_560' title='bbox 432 4442 637 4504; x_wconf 89' lang='lat' dir='ltr'><strong>solum,</strong></span> <span class='ocrx_word' id='word_1_561' title='bbox 690 4441 784 4496; x_wconf 89' lang='lat' dir='ltr'><strong>sed</strong></span> <span class='ocrx_word' id='word_1_562' title='bbox 847 4453 901 4496; x_wconf 86' lang='lat' dir='ltr'><strong>ct</strong></span> <span class='ocrx_word' id='word_1_563' title='bbox 951 4450 1316 4509; x_wconf 77' lang='lat' dir='ltr'><strong>temporaneae</strong></span> <span class='ocrx_word' id='word_1_564' title='bbox 1377 4456 1605 4495; x_wconf 76' lang='lat' dir='ltr'><strong>annona:</strong></span> <span class='ocrx_word' id='word_1_565' title='bbox 1631 4457 1645 4506; x_wconf 91' lang='lat'><strong>;</strong></span> <span class='ocrx_word' id='word_1_566' title='bbox 1687 4439 1849 4510; x_wconf 92' lang='lat' dir='ltr'><strong>idque</strong></span> <span class='ocrx_word' id='word_1_567' title='bbox 1880 4441 2017 4495; x_wconf 87' lang='lat' dir='ltr'><strong>adeo</strong></span> <span class='ocrx_word' id='word_1_568' title='bbox 2043 4427 2099 4488; x_wconf 83' lang='lat' dir='ltr'><strong>D</strong></span> <span class='ocrx_word' id='word_1_569' title='bbox 2123 4445 2328 4514; x_wconf 90' lang='lat' dir='ltr'><strong>guavit,</strong></span> <span class='ocrx_word' id='word_1_570' title='bbox 2366 4452 2426 4498; x_wconf 92' lang='lat' dir='ltr'><strong>ut</strong></span> <span class='ocrx_word' id='word_1_571' title='bbox 2457 4445 2637 4514; x_wconf 91' lang='lat' dir='ltr'><strong>potius</strong></span> <span class='ocrx_word' id='word_1_572' title='bbox 2669 4443 2923 4498; x_wconf 90' lang='lat' dir='ltr'><strong>semitam</strong></span> <span class='ocrx_word' id='word_1_573' title='bbox 2959 4444 3114 4498; x_wconf 89' lang='lat' dir='ltr'><strong>navis</strong></span> <span class='ocrx_word' id='word_1_574' title='bbox 3145 4457 3299 4497; x_wconf 90' lang='lat' dir='ltr'><strong>mare</strong></span> <span class='ocrx_word' id='word_1_575' title='bbox 3329 4447 3642 4511; x_wconf 82' lang='lat' dir='ltr'><strong>secantis,</strong></span> <span class='ocrx_word' id='word_1_576' title='bbox 3671 4458 3780 4503; x_wconf 87' lang='lat' dir='ltr'><strong>aut</strong></span> 
     </span>
    </p>
   </div>
   <div class='ocr_carea' id='block_1_91' title="bbox 431 4531 2016 4603">
    <p class='ocr_par' dir='ltr' id='par_1_91' title="bbox 431 4531 2016 4603">
     <span class='ocr_line' id='line_1_91' title="bbox 431 4531 2016 4603; baseline -0.001 -15"><span class='ocrx_word' id='word_1_577' title='bbox 431 4549 558 4588; x_wconf 84' lang='lat' dir='ltr'><strong>eum</strong></span> <span class='ocrx_word' id='word_1_578' title='bbox 586 4532 860 4588; x_wconf 88' lang='lat' dir='ltr'><strong>frumenta</strong></span> <span class='ocrx_word' id='word_1_579' title='bbox 887 4533 1058 4603; x_wconf 89' lang='lat' dir='ltr'><strong>pretio</strong></span> <span class='ocrx_word' id='word_1_580' title='bbox 1096 4534 1387 4599; x_wconf 88' lang='lat' dir='ltr'><strong>venderet;</strong></span> <span class='ocrx_word' id='word_1_581' title='bbox 1430 4531 1518 4588; x_wconf 90' lang='lat' dir='ltr'><strong>hic</strong></span> <span class='ocrx_word' id='word_1_582' title='bbox 1540 4540 1742 4594; x_wconf 90' lang='lat' dir='ltr'><strong>autem,</strong></span> <span class='ocrx_word' id='word_1_583' title='bbox 1786 4547 1894 4587; x_wconf 92' lang='lat' dir='ltr'><strong>non</strong></span> <span class='ocrx_word' id='word_1_584' title='bbox 1928 4546 2016 4586; x_wconf 91' lang='lat' dir='ltr'><strong>so-</strong></span> 
     </span>
    </p>
   </div>
   <div class='ocr_carea' id='block_1_92' title="bbox 431 4621 2012 4694">
    <p class='ocr_par' dir='ltr' id='par_1_92' title="bbox 431 4621 2012 4694">
     <span class='ocr_line' id='line_1_92' title="bbox 431 4621 2012 4694; baseline -0.001 -16"><span class='ocrx_word' id='word_1_585' title='bbox 431 4625 544 4678; x_wconf 92' lang='lat' dir='ltr'><strong>lum</strong></span> <span class='ocrx_word' id='word_1_586' title='bbox 577 4624 860 4694; x_wconf 88' lang='lat' dir='ltr'><strong>spiritalis,</strong></span> <span class='ocrx_word' id='word_1_587' title='bbox 903 4638 968 4678; x_wconf 91' lang='lat' dir='ltr'><strong>ac</strong></span> <span class='ocrx_word' id='word_1_588' title='bbox 999 4638 1122 4693; x_wconf 86' lang='lat' dir='ltr'><strong>quae</strong></span> <span class='ocrx_word' id='word_1_589' title='bbox 1155 4623 1434 4679; x_wconf 83' lang='lat' dir='ltr'><strong>contineat</strong></span> <span class='ocrx_word' id='word_1_590' title='bbox 1454 4622 1700 4686; x_wconf 83' lang='lat' dir='ltr'><strong>animos;</strong></span> <span class='ocrx_word' id='word_1_591' title='bbox 1735 4621 1829 4677; x_wconf 89' lang='lat' dir='ltr'><strong>sed</strong></span> <span class='ocrx_word' id='word_1_592' title='bbox 1855 4631 1909 4678; x_wconf 92' lang='lat' dir='ltr'><strong>et</strong></span> <span class='ocrx_word' id='word_1_593' title='bbox 1956 4621 2012 4676; x_wconf 91' lang='lat' dir='ltr'><strong>in</strong></span> 
     </span>
    </p>
   </div>
   <div class='ocr_carea' id='block_1_93' title="bbox 431 4715 2017 4785">
    <p class='ocr_par' dir='ltr' id='par_1_93' title="bbox 431 4715 2017 4785">
     <span class='ocr_line' id='line_1_93' title="bbox 431 4715 2017 4785; baseline 0.001 -17"><span class='ocrx_word' id='word_1_594' title='bbox 431 4716 694 4770; x_wconf 85' lang='lat' dir='ltr'><strong>saeculum</strong></span> <span class='ocrx_word' id='word_1_595' title='bbox 739 4715 926 4785; x_wconf 90' lang='lat' dir='ltr'><strong>largus</strong></span> <span class='ocrx_word' id='word_1_596' title='bbox 951 4715 1182 4770; x_wconf 88' lang='lat' dir='ltr'><strong>conviva</strong></span> <span class='ocrx_word' id='word_1_597' title='bbox 1213 4715 1423 4782; x_wconf 89' lang='lat' dir='ltr'><strong>enitet;</strong></span> <span class='ocrx_word' id='word_1_598' title='bbox 1450 4715 1921 4785; x_wconf 85' lang='lat' dir='ltr'><strong>uberrimumque,</strong></span> <span class='ocrx_word' id='word_1_599' title='bbox 1951 4725 2017 4770; x_wconf 85' lang='lat' dir='ltr'><strong>ac</strong></span> 
     </span>
    </p>
   </div>
   <div class='ocr_carea' id='block_1_94' title="bbox 431 4807 2012 4879">
    <p class='ocr_par' dir='ltr' id='par_1_94' title="bbox 431 4807 2012 4879">
     <span class='ocr_line' id='line_1_94' title="bbox 431 4807 2012 4879; baseline 0.002 -19"><span class='ocrx_word' id='word_1_600' title='bbox 431 4811 551 4862; x_wconf 76' lang='lat' dir='ltr'><strong>sine</strong></span> <span class='ocrx_word' id='word_1_601' title='bbox 578 4809 753 4876; x_wconf 88' lang='lat' dir='ltr'><strong>pretio</strong></span> <span class='ocrx_word' id='word_1_602' title='bbox 791 4808 1020 4878; x_wconf 89' lang='lat' dir='ltr'><strong>pulchre</strong></span> <span class='ocrx_word' id='word_1_603' title='bbox 1058 4808 1436 4863; x_wconf 89' lang='lat' dir='ltr'><strong>esurientibus</strong></span> <span class='ocrx_word' id='word_1_604' title='bbox 1465 4807 1778 4862; x_wconf 85' lang='lat' dir='ltr'><strong>convivium</strong></span> <span class='ocrx_word' id='word_1_605' title='bbox 1811 4821 2012 4879; x_wconf 89' lang='lat' dir='ltr'><strong>propo-</strong></span> 
     </span>
    </p>
   </div>
   <div class='ocr_carea' id='block_1_95' title="bbox 430 4898 2013 4970">
    <p class='ocr_par' dir='ltr' id='par_1_95' title="bbox 430 4898 2013 4970">
     <span class='ocr_line' id='line_1_95' title="bbox 430 4898 2013 4970; baseline 0.001 -18"><span class='ocrx_word' id='word_1_606' title='bbox 430 4901 570 4956; x_wconf 88' lang='lat' dir='ltr'><strong>situs</strong></span> <span class='ocrx_word' id='word_1_607' title='bbox 595 4909 696 4955; x_wconf 89' lang='lat' dir='ltr'><strong>est.</strong></span> <span class='ocrx_word' id='word_1_608' title='bbox 735 4899 951 4964; x_wconf 82' lang='lat' dir='ltr'><strong>Quanto</strong></span> <span class='ocrx_word' id='word_1_609' title='bbox 986 4899 1150 4970; x_wconf 90' lang='lat' dir='ltr'><strong>igitur</strong></span> <span class='ocrx_word' id='word_1_610' title='bbox 1179 4914 1335 4955; x_wconf 88' lang='lat' dir='ltr'><strong>mens</strong></span> <span class='ocrx_word' id='word_1_611' title='bbox 1371 4913 1536 4955; x_wconf 88' lang='lat' dir='ltr'><strong>sensu</strong></span> <span class='ocrx_word' id='word_1_612' title='bbox 1575 4898 1832 4963; x_wconf 90' lang='lat' dir='ltr'><strong>nobilior,</strong></span> <span class='ocrx_word' id='word_1_613' title='bbox 1857 4908 2013 4954; x_wconf 89' lang='lat' dir='ltr'><strong>tanto</strong></span> 
     </span>
    </p>
   </div>
   <div class='ocr_carea' id='block_1_96' title="bbox 434 4990 2010 5062">
    <p class='ocr_par' dir='ltr' id='par_1_96' title="bbox 434 4990 2010 5062">
     <span class='ocr_line' id='line_1_96' title="bbox 434 4990 2010 5062; baseline 0.001 -19"><span class='ocrx_word' id='word_1_614' title='bbox 434 4992 600 5062; x_wconf 86' lang='lat' dir='ltr'><strong>hujus</strong></span> <span class='ocrx_word' id='word_1_615' title='bbox 639 4992 730 5046; x_wconf 91' lang='lat' dir='ltr'><strong>illa</strong></span> <span class='ocrx_word' id='word_1_616' title='bbox 767 4991 1032 5047; x_wconf 85' lang='lat' dir='ltr'><strong>frumenti</strong></span> <span class='ocrx_word' id='word_1_617' title='bbox 1064 4991 1404 5057; x_wconf 86' lang='lat' dir='ltr'><strong>distributio,</strong></span> <span class='ocrx_word' id='word_1_618' title='bbox 1431 5005 1542 5061; x_wconf 70' lang='lat' dir='ltr'><strong>prae</strong></span> <span class='ocrx_word' id='word_1_619' title='bbox 1565 4990 1714 5046; x_wconf 88' lang='lat' dir='ltr'><strong>illius</strong></span> <span class='ocrx_word' id='word_1_620' title='bbox 1740 5001 2010 5060; x_wconf 69' lang='lat' dir='ltr'><strong>praestan-</strong></span> 
     </span>
    </p>
   </div>
   <div class='ocr_carea' id='block_1_97' title="bbox 433 5082 2010 5154">
    <p class='ocr_par' dir='ltr' id='par_1_97' title="bbox 433 5082 2010 5154">
     <span class='ocr_line' id='line_1_97' title="bbox 433 5082 2010 5154; baseline 0.001 -19"><span class='ocrx_word' id='word_1_621' title='bbox 433 5085 558 5147; x_wconf 84' lang='lat' dir='ltr'><strong>tior,</strong></span> <span class='ocrx_word' id='word_1_622' title='bbox 591 5095 648 5138; x_wconf 86' lang='lat' dir='ltr'><strong>ut</strong></span> <span class='ocrx_word' id='word_1_623' title='bbox 677 5099 796 5139; x_wconf 89' lang='lat' dir='ltr'><strong>mea</strong></span> <span class='ocrx_word' id='word_1_624' title='bbox 823 5083 930 5139; x_wconf 88' lang='lat' dir='ltr'><strong>fert</strong></span> <span class='ocrx_word' id='word_1_625' title='bbox 949 5085 1155 5154; x_wconf 91' lang='lat' dir='ltr'><strong>opinio,</strong></span> <span class='ocrx_word' id='word_1_626' title='bbox 1188 5083 1296 5152; x_wconf 90' lang='lat' dir='ltr'><strong>his,</strong></span> <span class='ocrx_word' id='word_1_627' title='bbox 1320 5084 1524 5154; x_wconf 89' lang='lat' dir='ltr'><strong>quibus</strong></span> <span class='ocrx_word' id='word_1_628' title='bbox 1551 5098 1700 5139; x_wconf 69' lang='lat' dir='ltr'><strong>sanae</strong></span> <span class='ocrx_word' id='word_1_629' title='bbox 1718 5082 2010 5139; x_wconf 84' lang='lat' dir='ltr'><strong>sintanitni</strong></span> 
     </span>
    </p>
   </div>
   <div class='ocr_carea' id='block_1_98' title="bbox 429 5175 1264 5247">
    <p class='ocr_par' dir='ltr' id='par_1_98' title="bbox 429 5175 1264 5247">
     <span class='ocr_line' id='line_1_98' title="bbox 429 5175 1264 5247; baseline 0.001 -19"><span class='ocrx_word' id='word_1_630' title='bbox 429 5177 692 5240; x_wconf 69' lang='lat' dir='ltr'><strong>rationes,</strong></span> <span class='ocrx_word' id='word_1_631' title='bbox 725 5175 885 5231; x_wconf 85' lang='lat' dir='ltr'><strong>facile</strong></span> <span class='ocrx_word' id='word_1_632' title='bbox 905 5177 1264 5247; x_wconf 90' lang='lat' dir='ltr'><strong>judicabitur.</strong></span> 
     </span>
    </p>
   </div>
   <div class='ocr_carea' id='block_1_99' title="bbox 501 5264 2008 5337">
    <p class='ocr_par' dir='ltr' id='par_1_99' title="bbox 501 5264 2008 5337">
     <span class='ocr_line' id='line_1_99' title="bbox 501 5264 2008 5337; baseline 0.002 -20"><span class='ocrx_word' id='word_1_633' title='bbox 501 5264 701 5320; x_wconf 84' lang='lat' dir='ltr'><strong>Verum</strong></span> <span class='ocrx_word' id='word_1_634' title='bbox 729 5281 857 5337; x_wconf 88' lang='lat' dir='ltr'><strong>erga</strong></span> <span class='ocrx_word' id='word_1_635' title='bbox 882 5267 1100 5336; x_wconf 89' lang='lat' dir='ltr'><strong>quidem</strong></span> <span class='ocrx_word' id='word_1_636' title='bbox 1131 5266 1464 5322; x_wconf 91' lang='lat' dir='ltr'><strong>domesticos</strong></span> <span class='ocrx_word' id='word_1_637' title='bbox 1506 5266 1630 5321; x_wconf 89' lang='lat' dir='ltr'><strong>fidei</strong></span> <span class='ocrx_word' id='word_1_638' title='bbox 1703 5282 1767 5322; x_wconf 93' lang='lat' dir='ltr'><strong>ac</strong></span> <span class='ocrx_word' id='word_1_639' title='bbox 1816 5281 2008 5321; x_wconf 88' lang='lat' dir='ltr'><strong>neces-</strong></span> 
     </span>
    </p>
   </div>
   <div class='ocr_carea' id='block_1_100' title="bbox 428 5356 2010 5426">
    <p class='ocr_par' dir='ltr' id='par_1_100' title="bbox 428 5356 2010 5426">
     <span class='ocr_line' id='line_1_100' title="bbox 428 5356 2010 5426; baseline -0.001 -14"><span class='ocrx_word' id='word_1_640' title='bbox 428 5359 606 5413; x_wconf 88' lang='lat' dir='ltr'><strong>sarios</strong></span> <span class='ocrx_word' id='word_1_641' title='bbox 637 5359 760 5414; x_wconf 92' lang='lat' dir='ltr'><strong>talis</strong></span> <span class='ocrx_word' id='word_1_642' title='bbox 793 5373 918 5413; x_wconf 90' lang='lat' dir='ltr'><strong>cum</strong></span> <span class='ocrx_word' id='word_1_643' title='bbox 958 5365 1104 5413; x_wconf 90' lang='lat' dir='ltr'><strong>esset</strong></span> <span class='ocrx_word' id='word_1_644' title='bbox 1126 5357 1342 5412; x_wconf 85' lang='lat' dir='ltr'><strong>divinus</strong></span> <span class='ocrx_word' id='word_1_645' title='bbox 1364 5356 1683 5426; x_wconf 88' lang='lat' dir='ltr'><strong>Gregorius,</strong></span> <span class='ocrx_word' id='word_1_646' title='bbox 1708 5358 1832 5413; x_wconf 83' lang='lat' dir='ltr'><strong>talis</strong></span> <span class='ocrx_word' id='word_1_647' title='bbox 1863 5371 2010 5412; x_wconf 83' lang='lat' dir='ltr'><strong>sem-</strong></span> 
     </span>
    </p>
   </div>
   <div class='ocr_carea' id='block_1_101' title="bbox 427 5446 2011 5517">
    <p class='ocr_par' dir='ltr' id='par_1_101' title="bbox 427 5446 2011 5517">
     <span class='ocr_line' id='line_1_101' title="bbox 427 5446 2011 5517; baseline 0 -19"><span class='ocrx_word' id='word_1_648' title='bbox 427 5465 523 5517; x_wconf 76' lang='lat' dir='ltr'><strong>pcl‘</strong></span> <span class='ocrx_word' id='word_1_649' title='bbox 547 5449 613 5502; x_wconf 91' lang='lat' dir='ltr'><strong>ad</strong></span> <span class='ocrx_word' id='word_1_650' title='bbox 636 5463 732 5502; x_wconf 88' lang='lat' dir='ltr'><strong>eos</strong></span> <span class='ocrx_word' id='word_1_651' title='bbox 762 5447 956 5501; x_wconf 90' lang='lat' dir='ltr'><strong>habuit</strong></span> <span class='ocrx_word' id='word_1_652' title='bbox 990 5463 1002 5498; x_wconf 91' lang='lat'>:</span> <span class='ocrx_word' id='word_1_653' title='bbox 1050 5446 1228 5516; x_wconf 91' lang='lat' dir='ltr'><strong>qualis</strong></span> <span class='ocrx_word' id='word_1_654' title='bbox 1269 5461 1398 5501; x_wconf 88' lang='lat' dir='ltr'><strong>vero</strong></span> <span class='ocrx_word' id='word_1_655' title='bbox 1437 5447 1600 5501; x_wconf 84' lang='lat' dir='ltr'><strong>etiam</strong></span> <span class='ocrx_word' id='word_1_656' title='bbox 1642 5461 1769 5517; x_wconf 88' lang='lat' dir='ltr'><strong>erga</strong></span> <span class='ocrx_word' id='word_1_657' title='bbox 1815 5447 2011 5500; x_wconf 89' lang='lat' dir='ltr'><strong>adver-</strong></span> 
     </span>
    </p>
   </div>
   <div class='ocr_carea' id='block_1_102' title="bbox 427 5537 2010 5608">
    <p class='ocr_par' dir='ltr' id='par_1_102' title="bbox 427 5537 2010 5608">
     <span class='ocr_line' id='line_1_102' title="bbox 427 5537 2010 5608; baseline -0.001 -16"><span class='ocrx_word' id='word_1_658' title='bbox 427 5539 602 5593; x_wconf 90' lang='lat' dir='ltr'><strong>sarios</strong></span> <span class='ocrx_word' id='word_1_659' title='bbox 656 5537 946 5604; x_wconf 87' lang='lat' dir='ltr'><strong>enituerit;</strong></span> <span class='ocrx_word' id='word_1_660' title='bbox 999 5539 1056 5592; x_wconf 89' lang='lat' dir='ltr'><strong>in</strong></span> <span class='ocrx_word' id='word_1_661' title='bbox 1101 5552 1265 5608; x_wconf 89' lang='lat' dir='ltr'><strong>quam</strong></span> <span class='ocrx_word' id='word_1_662' title='bbox 1307 5538 1507 5593; x_wconf 90' lang='lat' dir='ltr'><strong>multos</strong></span> <span class='ocrx_word' id='word_1_663' title='bbox 1557 5537 1806 5593; x_wconf 83' lang='lat' dir='ltr'><strong>veritatis</strong></span> <span class='ocrx_word' id='word_1_664' title='bbox 1842 5551 2010 5592; x_wconf 90' lang='lat' dir='ltr'><strong>causa</strong></span> 
     </span>
    </p>
   </div>
   <div class='ocr_carea' id='block_1_103' title="bbox 492 5732 1647 5802">
    <p class='ocr_par' dir='ltr' id='par_1_103' title="bbox 492 5732 1647 5802">
     <span class='ocr_line' id='line_1_103' title="bbox 492 5732 1647 5802; baseline 0 -16"><span class='ocrx_word' id='word_1_665' title='bbox 492 5733 538 5762; x_wconf 78' lang='grc'>⁸³</span> <span class='ocrx_word' id='word_1_666' title='bbox 565 5732 698 5786; x_wconf 82' lang='lat' dir='ltr'><strong>Gcn.</strong></span> <span class='ocrx_word' id='word_1_667' title='bbox 726 5749 928 5802; x_wconf 59' lang='grc' dir='ltr'><strong>Σκληνςι,</strong></span> <span class='ocrx_word' id='word_1_668' title='bbox 952 5736 1040 5787; x_wconf 76' lang='lat'><strong>‘28.</strong></span> <span class='ocrx_word' id='word_1_669' title='bbox 1120 5735 1163 5765; x_wconf 84' lang='grc'><strong>⁸³</strong></span> <span class='ocrx_word' id='word_1_670' title='bbox 1191 5733 1348 5787; x_wconf 81' lang='lat' dir='ltr'><strong>Prov.</strong></span> <span class='ocrx_word' id='word_1_671' title='bbox 1389 5749 1516 5795; x_wconf 78' lang='lat' dir='ltr'><strong>xxx,</strong></span> <span class='ocrx_word' id='word_1_672' title='bbox 1568 5732 1647 5786; x_wconf 83' lang='lat' dir='ltr'><strong>l9.</strong></span> 
     </span>
    </p>
   </div>
   <div class='ocr_carea' id='block_1_104' title="bbox 2113 4533 3786 4610">
    <p class='ocr_par' dir='ltr' id='par_1_104' title="bbox 2113 4533 3786 4610">
     <span class='ocr_line' id='line_1_104' title="bbox 2113 4533 3786 4610; baseline 0.002 -20"><span class='ocrx_word' id='word_1_673' title='bbox 2113 4536 2381 4605; x_wconf 90' lang='lat' dir='ltr'><strong>serpentis</strong></span> <span class='ocrx_word' id='word_1_674' title='bbox 2405 4537 2524 4590; x_wconf 91' lang='lat' dir='ltr'><strong>vias</strong></span> <span class='ocrx_word' id='word_1_675' title='bbox 2555 4550 2719 4605; x_wconf 90' lang='lat' dir='ltr'><strong>super</strong></span> <span class='ocrx_word' id='word_1_676' title='bbox 2751 4544 2981 4602; x_wconf 89' lang='lat' dir='ltr'><strong>petram,</strong></span> <span class='ocrx_word' id='word_1_677' title='bbox 3016 4545 3111 4589; x_wconf 90' lang='lat' dir='ltr'><strong>aut</strong></span> <span class='ocrx_word' id='word_1_678' title='bbox 3152 4533 3493 4592; x_wconf 89' lang='lat' dir='ltr'><strong>volantium</strong></span> <span class='ocrx_word' id='word_1_679' title='bbox 3537 4541 3786 4610; x_wconf 86' lang='lat' dir='ltr'><strong>aquila-</strong></span> 
     </span>
    </p>
   </div>
   <div class='ocr_carea' id='block_1_105' title="bbox 2114 4625 3776 4700">
    <p class='ocr_par' dir='ltr' id='par_1_105' title="bbox 2114 4625 3776 4700">
     <span class='ocr_line' id='line_1_105' title="bbox 2114 4625 3776 4700; baseline 0.004 -22"><span class='ocrx_word' id='word_1_680' title='bbox 2114 4640 2234 4678; x_wconf 90' lang='lat' dir='ltr'><strong>rum</strong></span> <span class='ocrx_word' id='word_1_681' title='bbox 2279 4625 2569 4696; x_wconf 91' lang='lat' dir='ltr'><strong>vestigium</strong></span> <span class='ocrx_word' id='word_1_682' title='bbox 2592 4625 2660 4690; x_wconf 80' lang='grc'><em>⁸³,</em></span> <span class='ocrx_word' id='word_1_683' title='bbox 2695 4632 2756 4680; x_wconf 91' lang='lat' dir='ltr'><strong>ut</strong></span> <span class='ocrx_word' id='word_1_684' title='bbox 2777 4625 2940 4680; x_wconf 88' lang='lat' dir='ltr'><strong>habet</strong></span> <span class='ocrx_word' id='word_1_685' title='bbox 2961 4625 3253 4696; x_wconf 70' lang='lat' dir='ltr'><strong>parmmia,</strong></span> <span class='ocrx_word' id='word_1_686' title='bbox 3284 4625 3544 4694; x_wconf 84' lang='lat' dir='ltr'><strong>videas,</strong></span> <span class='ocrx_word' id='word_1_687' title='bbox 3582 4647 3776 4700; x_wconf 82' lang='lat' dir='ltr'><strong>quam</strong></span> 
     </span>
    </p>
   </div>
   <div class='ocr_carea' id='block_1_106' title="bbox 2115 4716 3791 4793">
    <p class='ocr_par' dir='ltr' id='par_1_106' title="bbox 2115 4716 3791 4793">
     <span class='ocr_line' id='line_1_106' title="bbox 2115 4716 3791 4793; baseline -0.001 -22"><span class='ocrx_word' id='word_1_688' title='bbox 2115 4717 2333 4772; x_wconf 91' lang='lat' dir='ltr'><strong>illorum</strong></span> <span class='ocrx_word' id='word_1_689' title='bbox 2357 4717 2657 4789; x_wconf 88' lang='lat' dir='ltr'><strong>impietatis</strong></span> <span class='ocrx_word' id='word_1_690' title='bbox 2683 4718 2884 4774; x_wconf 70' lang='lat' dir='ltr'><strong>sazculo</strong></span> <span class='ocrx_word' id='word_1_691' title='bbox 2916 4717 3103 4773; x_wconf 86' lang='lat' dir='ltr'><strong>relicta</strong></span> <span class='ocrx_word' id='word_1_692' title='bbox 3129 4716 3378 4788; x_wconf 87' lang='lat' dir='ltr'><strong>vestigia</strong></span> <span class='ocrx_word' id='word_1_693' title='bbox 3416 4719 3791 4793; x_wconf 78' lang='lat' dir='ltr'><strong>deprehen-</strong></span> 
     </span>
    </p>
   </div>
   <div class='ocr_carea' id='block_1_107' title="bbox 2120 4808 2240 4864">
    <p class='ocr_par' dir='ltr' id='par_1_107' title="bbox 2120 4808 2240 4864">
     <span class='ocr_line' id='line_1_107' title="bbox 2120 4808 2240 4864; baseline -0.008 0"><span class='ocrx_word' id='word_1_694' title='bbox 2120 4808 2240 4864; x_wconf 90' lang='lat' dir='ltr'><strong>das.</strong></span> 
     </span>
    </p>
   </div>
   <div class='ocr_carea' id='block_1_108' title="bbox 2192 4900 3801 4976">
    <p class='ocr_par' dir='ltr' id='par_1_108' title="bbox 2192 4900 3801 4976">
     <span class='ocr_line' id='line_1_108' title="bbox 2192 4900 3801 4976; baseline 0.005 -20"><span class='ocrx_word' id='word_1_695' title='bbox 2192 4900 2330 4959; x_wconf 89' lang='lat' dir='ltr'><strong>Nam</strong></span> <span class='ocrx_word' id='word_1_696' title='bbox 2368 4902 2445 4958; x_wconf 91' lang='lat' dir='ltr'><strong>illi</strong></span> <span class='ocrx_word' id='word_1_697' title='bbox 2481 4902 2702 4972; x_wconf 89' lang='lat' dir='ltr'><strong>quidem</strong></span> <span class='ocrx_word' id='word_1_698' title='bbox 2745 4917 2914 4958; x_wconf 91' lang='lat' dir='ltr'><strong>unum</strong></span> <span class='ocrx_word' id='word_1_699' title='bbox 2944 4901 2997 4957; x_wconf 91' lang='lat' dir='ltr'><strong>id</strong></span> <span class='ocrx_word' id='word_1_700' title='bbox 3025 4914 3162 4970; x_wconf 89' lang='lat' dir='ltr'><strong>opus</strong></span> <span class='ocrx_word' id='word_1_701' title='bbox 3184 4907 3313 4954; x_wconf 88' lang='lat' dir='ltr'><strong>erat</strong></span> <span class='ocrx_word' id='word_1_702' title='bbox 3374 4917 3457 4958; x_wconf 84' lang='lat' dir='ltr'><strong>ac</strong></span> <span class='ocrx_word' id='word_1_703' title='bbox 3480 4907 3801 4976; x_wconf 89' lang='lat' dir='ltr'><strong>studium,</strong></span> 
     </span>
    </p>
   </div>
   <div class='ocr_carea' id='block_1_109' title="bbox 2122 4985 3882 5070">
    <p class='ocr_par' dir='ltr' id='par_1_109' title="bbox 2122 4985 3882 5070">
     <span class='ocr_line' id='line_1_109' title="bbox 2122 4985 3882 5070; baseline 0.004 -20"><span class='ocrx_word' id='word_1_704' title='bbox 2122 5003 2183 5050; x_wconf 91' lang='lat' dir='ltr'><strong>ut</strong></span> <span class='ocrx_word' id='word_1_705' title='bbox 2225 4985 2496 5049; x_wconf 86' lang='lat' dir='ltr'><strong>mendacii</strong></span> <span class='ocrx_word' id='word_1_706' title='bbox 2563 4994 2787 5064; x_wconf 88' lang='lat' dir='ltr'><strong>quidem</strong></span> <span class='ocrx_word' id='word_1_707' title='bbox 2849 4994 2958 5047; x_wconf 91' lang='lat' dir='ltr'><strong>vim</strong></span> <span class='ocrx_word' id='word_1_708' title='bbox 3021 4990 3413 5060; x_wconf 87' lang='lat' dir='ltr'><strong>infringeret;</strong></span> <span class='ocrx_word' id='word_1_709' title='bbox 3455 4999 3804 5056; x_wconf 88' lang='lat' dir='ltr'><strong>veritatem</strong></span> <span class='ocrx_word' id='word_1_710' title='bbox 3868 5061 3882 5070; x_wconf 29' lang='grc' dir='ltr'><strong><em>κ</em></strong></span> 
     </span>
    </p>
   </div>
   <div class='ocr_carea' id='block_1_110' title="bbox 2119 5081 3886 5159">
    <p class='ocr_par' dir='ltr' id='par_1_110' title="bbox 2119 5081 3886 5159">
     <span class='ocr_line' id='line_1_110' title="bbox 2119 5081 3886 5159; baseline 0.002 -15"><span class='ocrx_word' id='word_1_711' title='bbox 2119 5098 2299 5144; x_wconf 90' lang='lat' dir='ltr'><strong>autem</strong></span> <span class='ocrx_word' id='word_1_712' title='bbox 2357 5095 2761 5159; x_wconf 87' lang='lat' dir='ltr'><strong>propugnaret;</strong></span> <span class='ocrx_word' id='word_1_713' title='bbox 2813 5093 2981 5155; x_wconf 90' lang='lat' dir='ltr'><strong>atque</strong></span> <span class='ocrx_word' id='word_1_714' title='bbox 3010 5092 3123 5138; x_wconf 91' lang='lat' dir='ltr'><strong>uta</strong></span> <span class='ocrx_word' id='word_1_715' title='bbox 3175 5081 3808 5148; x_wconf 86' lang='lat' dir='ltr'><strong>scelestissimorum</strong></span> <span class='ocrx_word' id='word_1_716' title='bbox 3879 5088 3886 5119; x_wconf 41' lang='lat'>7</span> 
     </span>
    </p>
   </div>
   <div class='ocr_carea' id='block_1_111' title="bbox 2118 5167 3810 5245">
    <p class='ocr_par' dir='ltr' id='par_1_111' title="bbox 2118 5167 3810 5245">
     <span class='ocr_line' id='line_1_111' title="bbox 2118 5167 3810 5245; baseline -0.007 -13"><span class='ocrx_word' id='word_1_717' title='bbox 2118 5175 2566 5233; x_wconf 86' lang='lat' dir='ltr'><strong>dissimilitudine</strong></span> <span class='ocrx_word' id='word_1_718' title='bbox 2607 5188 2772 5245; x_wconf 88' lang='lat' dir='ltr'><strong>quam</strong></span> <span class='ocrx_word' id='word_1_719' title='bbox 2807 5171 3181 5226; x_wconf 81' lang='lat' dir='ltr'><strong>alienissimus</strong></span> <span class='ocrx_word' id='word_1_720' title='bbox 3237 5167 3449 5238; x_wconf 84' lang='lat' dir='ltr'><strong>foret,</strong></span> <span class='ocrx_word' id='word_1_721' title='bbox 3515 5181 3810 5235; x_wconf 74' lang='lat' dir='ltr'><strong>consub-</strong></span> 
     </span>
    </p>
   </div>
   <div class='ocr_carea' id='block_1_112' title="bbox 2119 5261 3817 5334">
    <p class='ocr_par' dir='ltr' id='par_1_112' title="bbox 2119 5261 3817 5334">
     <span class='ocr_line' id='line_1_112' title="bbox 2119 5261 3817 5334; baseline 0.005 -13"><span class='ocrx_word' id='word_1_722' title='bbox 2119 5267 2491 5322; x_wconf 83' lang='lat' dir='ltr'><strong>stantialitatis</strong></span> <span class='ocrx_word' id='word_1_723' title='bbox 2519 5276 2703 5320; x_wconf 91' lang='lat' dir='ltr'><strong>autem</strong></span> <span class='ocrx_word' id='word_1_724' title='bbox 2729 5263 2974 5334; x_wconf 81' lang='lat' dir='ltr'><strong>Opinioni</strong></span> <span class='ocrx_word' id='word_1_725' title='bbox 2997 5261 3228 5328; x_wconf 84' lang='lat' dir='ltr'><strong>omnino</strong></span> <span class='ocrx_word' id='word_1_726' title='bbox 3258 5262 3672 5328; x_wconf 77' lang='lat' dir='ltr'><strong>adhaereret.</strong></span> <span class='ocrx_word' id='word_1_727' title='bbox 3703 5271 3817 5330; x_wconf 80' lang='lat' dir='ltr'><strong>His</strong></span> 
     </span>
    </p>
   </div>
   <div class='ocr_carea' id='block_1_113' title="bbox 2118 5353 3819 5433">
    <p class='ocr_par' dir='ltr' id='par_1_113' title="bbox 2118 5353 3819 5433">
     <span class='ocr_line' id='line_1_113' title="bbox 2118 5353 3819 5433; baseline 0.002 -19"><span class='ocrx_word' id='word_1_728' title='bbox 2118 5367 2298 5414; x_wconf 91' lang='lat' dir='ltr'><strong>autem</strong></span> <span class='ocrx_word' id='word_1_729' title='bbox 2325 5367 2471 5413; x_wconf 80' lang='lat' dir='ltr'><strong>utex</strong></span> <span class='ocrx_word' id='word_1_730' title='bbox 2506 5357 2690 5411; x_wconf 91' lang='lat' dir='ltr'><strong>animo</strong></span> <span class='ocrx_word' id='word_1_731' title='bbox 2721 5370 2841 5411; x_wconf 91' lang='lat' dir='ltr'><strong>eam</strong></span> <span class='ocrx_word' id='word_1_732' title='bbox 2891 5353 3264 5419; x_wconf 82' lang='lat' dir='ltr'><strong>cxcutieules,</strong></span> <span class='ocrx_word' id='word_1_733' title='bbox 3323 5371 3452 5413; x_wconf 85' lang='lat' dir='ltr'><strong>suo</strong></span> <span class='ocrx_word' id='word_1_734' title='bbox 3523 5363 3819 5433; x_wconf 71' lang='lat' dir='ltr'><strong>ipsorum</strong></span> 
     </span>
    </p>
   </div>
   <div class='ocr_carea' id='block_1_114' title="bbox 2119 5443 3823 5524">
    <p class='ocr_par' dir='ltr' id='par_1_114' title="bbox 2119 5443 3823 5524">
     <span class='ocr_line' id='line_1_114' title="bbox 2119 5443 3823 5524; baseline 0.005 -20"><span class='ocrx_word' id='word_1_735' title='bbox 2119 5447 2288 5504; x_wconf 92' lang='lat' dir='ltr'><strong>errori</strong></span> <span class='ocrx_word' id='word_1_736' title='bbox 2332 5447 2677 5512; x_wconf 86' lang='lat' dir='ltr'><strong>insisterent;</strong></span> <span class='ocrx_word' id='word_1_737' title='bbox 2709 5461 2773 5501; x_wconf 92' lang='lat' dir='ltr'><strong>ac</strong></span> <span class='ocrx_word' id='word_1_738' title='bbox 2803 5444 3024 5516; x_wconf 91' lang='lat' dir='ltr'><strong>quidem</strong></span> <span class='ocrx_word' id='word_1_739' title='bbox 3061 5443 3334 5502; x_wconf 88' lang='lat' dir='ltr'><strong>veritatis</strong></span> <span class='ocrx_word' id='word_1_740' title='bbox 3369 5458 3704 5524; x_wconf 66' lang='lat' dir='ltr'><strong>praeconi,</strong></span> <span class='ocrx_word' id='word_1_741' title='bbox 3754 5469 3823 5515; x_wconf 89' lang='lat' dir='ltr'><strong>ut</strong></span> 
     </span>
    </p>
   </div>
   <div class='ocr_carea' id='block_1_115' title="bbox 2119 5533 3826 5606">
    <p class='ocr_par' dir='ltr' id='par_1_115' title="bbox 2119 5533 3826 5606">
     <span class='ocr_line' id='line_1_115' title="bbox 2119 5533 3826 5606; baseline 0.001 -12"><span class='ocrx_word' id='word_1_742' title='bbox 2119 5546 2346 5595; x_wconf 92' lang='lat' dir='ltr'><strong>cunctos</strong></span> <span class='ocrx_word' id='word_1_743' title='bbox 2405 5539 2534 5594; x_wconf 92' lang='lat' dir='ltr'><strong>boni</strong></span> <span class='ocrx_word' id='word_1_744' title='bbox 2587 5535 2766 5593; x_wconf 88' lang='lat' dir='ltr'><strong>socios</strong></span> <span class='ocrx_word' id='word_1_745' title='bbox 2818 5549 2918 5606; x_wconf 91' lang='lat' dir='ltr'><strong>pro</strong></span> <span class='ocrx_word' id='word_1_746' title='bbox 2975 5533 3242 5590; x_wconf 89' lang='lat' dir='ltr'><strong>bonitatis</strong></span> <span class='ocrx_word' id='word_1_747' title='bbox 3309 5536 3545 5602; x_wconf 87' lang='lat' dir='ltr'><strong>indole</strong></span> <span class='ocrx_word' id='word_1_748' title='bbox 3585 5549 3826 5606; x_wconf 62' lang='lat' dir='ltr'><strong>habere</strong></span> 
     </span>
    </p>
   </div>
  </div>
