4022 6402
279 436 380 499 465

982 434 1264 496 ORATIO
1301 436 1430 495 XX.
1462 460 1534 472 --
1566 435 1646 497 IN
1688 436 2002 496 LAUDEM
2032 435 2093 496 S.
2135 433 2515 495 GREGORII
2552 435 2827 496 THEOL.

3437 427 3560 490 466*

276 551 619 621 percuperct;
672 543 942 601 mcndacii
970 555 1151 601 autem
1183 549 1452 616 patronis,
1489 556 1548 602 ut
1594 555 1857 618 tanquam
1884 545 1935 606 A
1962 546 2332 616 interpretem,
2374 545 2532 600 Sicut
2556 543 2722 599 etiam
2749 541 2959 606 Iesum,
2994 540 3088 612 qni
3117 549 3246 596 ante
3279 539 3545 610 Stephani

275 637 566 710 perduelle,
623 635 888 706 hosteque
941 647 1257 706 uterentur;
1294 655 1358 695 ac
1406 638 1629 694 tum'illi
1662 655 1848 694 necem

276 729 494 792 inferre,
530 737 642 782 tum
684 744 852 797 quam
910 727 1142 785 docebat
1189 741 1394 786 rectam
1437 731 1854 795 ﬁdem,exstin-

275 836 432 892 gnere
460 829 756 874 tentarent.
782 820 955 886 Quem
1005 820 1151 874 enim
1183 823 1426 875 animum
1479 823 1730 877 absurdae
1764 839 1854 877 ra-

276 915 466 978 tiones,
507 921 603 967 aut
649 913 896 967 actiones
962 922 1229 983 occupato
1290 913 1623 980 addixerint,
1663 915 1854 984 sicque

275 1013 622 1074 comparatus
648 1012 734 1058 est
771 1010 831 1058 ut
862 1020 970 1073 qua
1008 1011 1226 1059 tenetur
1269 1007 1693 1076 praesumptione
1717 1006 1856 1061 Iibe-

278 1097 382 1152 rari
405 1096 838 1164 nolit,tanquam
869 1095 1107 1151 infensos
1137 1095 1478 1156 reformidat.
1495 1098 1540 1153 si
1562 1098 1654 1168 qui
1674 1113 1859 1152 cmen-

283 1189 408 1242 dare
430 1186 803 1251 tcntavrrint;
853 1187 1445 1259 reprehensionemque
1489 1190 1679 1245 vibicis
1710 1191 1855 1256 loco,

279 1294 337 1332 ac
363 1277 532 1347 plagae
554 1278 784 1342 ducens,
813 1293 1062 1333 amarum
1091 1279 1644 1350 crudelissimumque
1687 1280 1858 1335 animi

282 1369 506 1424 consilio
548 1368 813 1425 adversus
856 1377 1172 1440 arguentem
1207 1371 1509 1426 exsuscitat
1563 1381 1725 1442 atque
1773 1374 1860 1427 in-

280 1463 454 1518 struit.

348 1554 423 1608 Ae
461 1554 686 1622 quidem
722 1550 1023 1624 Theologo,
1063 1555 1261 1611 divinae
1311 1556 1716 1626 praedicationis
1752 1572 1864 1612 ser-

286 1659 460 1698 mones
491 1644 1006 1712 praetendebantur;
1034 1661 1230 1715 nempe
1262 1661 1546 1702 sermones
1565 1647 1858 1716 ejusmodi,

286 1733 373 1805 qui
404 1735 599 1788 nedum
630 1733 696 1788 ad
727 1750 913 1789 veram
973 1736 1360 1806 salubremque
1389 1737 1672 1792 Trinitatis
1701 1737 1860 1792 ﬁdem

291 1825 657 1895 proveherent,
707 1828 804 1882 sed
853 1827 946 1897 qui
991 1828 1156 1883 etiam
1191 1829 1395 1884 Christi
1449 1829 1703 1884 charitati
1766 1844 1862 1898 per

1961 638 2364 699 testimonium,
2424 637 2480 691 in
2529 636 2711 691 medio
2767 635 2888 704 ipso
2917 633 3158 688 concilio
3205 633 3543 688 clamasset:

1963 729 2094 801 Ego,
2133 739 2184 784 et
2229 729 2394 784 Pater
2415 745 2578 783 unum
2610 744 2792 782 sumus
2818 727 2886 791 ⁸⁷,
2950 733 3244 794 surgentes
3298 725 3546 794 lapidare

1957 823 2292 886 nitebantur,
2323 836 2634 891 quanquam
2661 819 2790 874 fecit
2816 819 2882 882 is,
2913 827 2973 872 ut
3002 819 3282 873 incassum
3335 816 3555 885 lapides

1959 913 2307 967 mitterentur
2337 930 2351 966 :
2409 912 2526 982 pari
2581 911 2796 965 ratione
2838 908 3104 980 Gregorio
3131 922 3350 977 quoque
3380 906 3550 962 Deum

1959 1003 2200 1070 Patrem,
2235 1003 2518 1074 Deumque
2560 1000 2786 1065 Filium,
2831 1015 2897 1055 ac
2928 1000 3096 1054 Deum
3128 998 3390 1068 Spiritum
3425 1013 3555 1051 san-

1961 1104 2133 1159 ctum,
2166 1110 2332 1150 unam
2355 1095 2643 1157 Deitatem,
2676 1107 2798 1163 quae
2828 1092 3000 1146 tribus
3027 1091 3278 1161 personis
3300 1088 3550 1158 ejusdem

1962 1187 2535 1243 substantiaediscrete
2581 1200 2644 1240 ac
2688 1185 2834 1240 velut
2862 1184 3084 1240 dividue
3120 1199 3228 1238 una
3263 1182 3551 1247 consistat,

1962 1278 2162 1334 eximie
2191 1293 2291 1347 pro
2317 1276 2581 1347 Theologi
2608 1276 2855 1346 partibus
2910 1275 3242 1334 disserente.
3280 1274 3552 1328 immensa

1963 1369 2118 1424 rabie
2147 1369 2277 1432 acti,
2313 1385 2378 1424 ac
2423 1368 2609 1424 furore
2645 1369 2831 1439 repleti
2867 1367 3121 1436 princeps
3165 1366 3551 1421 haereticorum

1963 1475 2159 1530 agmen
2215 1461 2382 1531 inque
2428 1460 2537 1516 illis
2587 1461 2838 1524 antistes,
2873 1469 3130 1528 tanquam
3164 1458 3281 1513 suis
3310 1457 3390 1510 eis
3443 1457 3552 1510 do-

1968 1554 2174 1623 gmatis
2257 1555 2504 1609 funditus
2565 1552 2946 1617 labefactatis,
3027 1549 3549 1620 prastautissimum

1965 1645 2254 1715 theologia:
2283 1646 2663 1714 interpretem,
2687 1645 2836 1699 velut
2875 1658 2974 1699 sua
3025 1656 3216 1711 opera,
3249 1641 3413 1709 vique
3444 1643 3544 1693 do-

1964 1737 2154 1792 cli-inae
2189 1747 2375 1807 parem
2408 1737 2691 1792 Trinitatis
2728 1737 2993 1791 honorem
3023 1742 3380 1798 asserentem,
3413 1732 3554 1803 lapi-

1967 1828 2128 1883 dibus
2153 1837 2366 1899 petunt.

293 1919 657 1972 mandatorum
690 1917 1130 1975 observationem
1158 1922 1382 1990 (quibus
1409 1923 1558 1976 salus
1616 1921 1859 1991 acjusti-
1890 1887 1941 1946 Β
2035 1887 2178 1987 Quia
2197 1937 2348 1986 vero,
2381 1937 2547 1991 quam
2577 1921 2656 1976 illi
2686 1922 2827 1977 male
2849 1921 3243 1991 impugnabant
3290 1919 3551 1974 deitatem

299 2009 368 2062 tia
395 2009 670 2077 provenire
707 2009 976 2079 creditur)
1009 2011 1387 2083 adjungerent.
1415 2013 1494 2068 Ad
1530 2013 1665 2078 haec,
1681 2013 1865 2070 carnis

305 2097 376 2151 illi
404 2100 534 2153 culta
582 2100 962 2165 mortiﬁcatio,
1008 2103 1268 2173 jugisque
1292 2104 1491 2168 oratio,
1546 2120 1656 2175 qua
1693 2105 1861 2160 animi

313 2204 506 2244 summa
553 2193 817 2264 plenaque
841 2194 1160 2249 'emundatio
1181 2213 1195 2262 ;
1220 2211 1285 2250 ex
1318 2211 1426 2266 qua
1456 2197 1657 2252 mentis
1683 2197 1736 2251 in
1760 2197 1864 2252 Do—

318 2282 506 2334 minum
533 2296 777 2340 excessus
808 2285 876 2351 9",
901 2285 1236 2343 diviniorum
1270 2287 1700 2343 illustrationum
1740 2304 1864 2358 pcr-

317 2373 498 2442 ceptio,
519 2375 813 2430 caelestium
863 2377 1216 2448 splendorum
1241 2379 1510 2444 societas;
1540 2393 1604 2434 ac
1637 2379 1860 2434 demum

311 2466 560 2533 potiorum
610 2476 861 2524 votorum
914 2469 1271 2540 adimpletio;
1311 2472 1510 2541 quibus
1558 2471 1652 2527 Dei
1697 2486 1863 2527 verus

306 2555 456 2612 homo
481 2559 776 2626 absolutus,
803 2576 867 2617 ac
890 2563 984 2632 qui
1039 2565 1240 2618 mentis
1272 2566 1628 2620 renovatione
1657 2564 1861 2620 Christi

302 2647 642 2704 similitudine
673 2660 846 2720 quoto
877 2667 1096 2723 quoque
1122 2653 1211 2708 die
1245 2655 1697 2721 trausformatur,
1752 2671 1860 2711 non

301 2741 411 2796 vitae
437 2742 614 2797 minus
642 2743 846 2798 deitate
903 2758 966 2798 ac
995 2744 1423 2814 magniﬁcentia,
1465 2761 1627 2816 quam
1658 2762 1868 2803 sermo-

297 2833 376 2887 nis
430 2843 587 2903 atque
620 2833 884 2890 doctrina:
918 2835 1118 2891 illustri
1155 2837 1422 2902 claritate,
1449 2838 1516 2893 iis
1550 2837 1645 2908 qui
1687 2839 1864 2894 salute

297 2923 435 2996 digni
458 2937 605 2991 sunt,
630 2927 826 2982 salutis
858 2929 1075 2984 exsistit
1103 2929 1358 2998 praesidio
1379 2945 1394 2995 ;
1415 2929 1633 2985 Arianis
1655 2938 1859 2996 autem,

292 3033 354 3073 ac
379 3021 467 3089 qui
508 3021 615 3076 illis
645 3020 927 3089 adjutores
970 3035 1134 3092 atque
1155 3021 1290 3077 socii
1315 3029 1474 3077 erant
1502 3022 1687 3091 (porro
1705 3029 1862 3077 erant

292 3110 558 3179 adjutores
611 3113 1004 3168 consciscenda
1058 3113 1260 3168 Sancto
1310 3128 1443 3169 nece
1475 3113 1855 3169 haereticorum

1967 2026 2032 2066 ac
2067 2011 2402 2077 dividebant,
2436 2012 2553 2068 haec
2583 2012 2688 2068 rite
2715 2028 2813 2082 pro
2845 2028 2908 2066 ea
2940 2012 3365 2081 depugnantem,
3397 2011 3552 2062 auxi-

1965 2102 2041 2158 lio
2069 2101 2320 2170 fovebat;
2370 2119 2435 2160 ac
2496 2102 2736 2174 Spiritus
2787 2105 2888 2168 illi,
2921 2102 3014 2172 qui
3049 2103 3102 2156 in
3137 2102 3258 2172 ejus
3312 2100 3558 2168 spirabat

1964 2197 2214 2267 gratiam,
2244 2197 2472 2251 aderat:
2505 2197 2575 2252 ab
2606 2197 2998 2252 homicidarum
3035 2211 3160 2251 eum
3220 2194 3424 2263 injuria
3487 2193 3558 2246 li-

1965 2287 2120 2343 berat
2147 2305 2165 2355 ;
2211 2287 2554 2358 illaesumque
2584 2304 2614 2343 a
2638 2289 2880 2359 lapidum
2904 2287 3166 2359 grandine
3192 2300 3440 2347 servans,
3471 2284 3544 2338 ad

1967 2379 2174 2449 majora
2218 2379 2542 2442 certamina,
2597 2396 2661 2436 ac
2694 2380 3050 2451 perfectiores
3083 2394 3315 2435 coronas
3345 2393 3557 2448 praepa-

1965 2479 2071 2526 rat.
2097 2469 2262 2526 lidem
2293 2487 2528 2541 namque
2555 2473 2662 2542 ipsi
2694 2487 2759 2527 ea
2786 2473 2997 2526 ratione
3027 2471 3288 2537 convicti,
3325 2470 3560 2538 probro-

1966 2578 2074 2634 que
2107 2562 2307 2629 aﬁ‘ectl,
2341 2563 2406 2617 ad
2433 2563 2581 2618 aliud
2622 2579 2818 2619 rursus
2839 2563 3299 2626 fortissimum,ut
3332 2570 3558 2632 putave-

1966 2663 2107 2721 rant,
2124 2669 2457 2724 prorsusque
2471 2653 2817 2709 ineluctabile
2839 2661 3123 2707 vertuntur
3158 2658 3555 2707 commentum.

1963 2743 2169 2815 Nempe
2213 2744 2378 2800 variis
2420 2755 2715 2800 onerantes
2770 2743 3113 2808 criminibus,
3173 2743 3349 2812 iisque
3406 2741 3566 2795 urbis

1967 2837 2310 2909 praefectum,
2344 2837 2466 2893 ﬁdei
2500 2839 2618 2909 ipsa
2653 2838 3044 2893 communione
3074 2837 3247 2908 magis
3271 2836 3557 2892 credulum

1965 2945 2028 2985 ac
2058 2929 2439 2998 procliviorem
2492 2929 2876 2993 accendentes,
2924 2943 3050 2982 cum
3107 2937 3160 2982 et
3211 2936 3560 2983 accusatores

1965 3019 2293 3076 statuissent
2321 3030 2550 3090 repente
2579 3021 3037 3090 comprehensum
3073 3020 3420 3090 Gregorium,
3455 3033 3574 3088 ιιι-οι

1967 3109 2219 3165 tribunali
2248 3111 2471 3166 sistunt.
2497 3111 2695 3181 Atque,
2723 3126 2758 3167 o
2783 3121 3060 3180 stuporem
3087 3112 3106 3164 ι’
3139 3126 3173 3164 o
3211 3111 3568 3176 insipientem-

291 3201 463 3255 omnis
481 3217 726 3266 cuneus;
758 3202 907 3256 novit
947 3203 1092 3256 enim
1125 3203 1269 3258 haud
1320 3219 1448 3258 raro
1491 3204 1680 3258 vitium
1731 3205 1864 3258 vitio
1893 3220 1939 3280 ο
1972 3202 2370 3257 sceleratorum
2396 3204 2806 3273 aggressionem
2835 3204 2848 3257 ι
2886 3202 3104 3259 Paciﬁci
3136 3203 3560 3272 probatissimus

295 3292 533 3346 auxiliari
575 3293 826 3362 belloque
863 3293 1138 3363 fatiganda
1162 3294 1388 3358 virtute,
1425 3295 1502 3348 uti
1530 3295 1732 3350 dictum
1755 3305 1863 3362 est,

290 3382 479 3436 sociari
503 3384 824 3450 concordia,
867 3400 1180 3453 quanquam
1240 3385 1340 3439 sibi
1380 3385 1555 3454 ipsum
1589 3386 1864 3442 dissenta-

289 3488 442 3527 neunt
481 3491 545 3530 ac
573 3475 790 3530 discors
817 3476 925 3546 est)
955 3492 970 3542 ;
1023 3476 1110 3532 his
1152 3477 1339 3547 itaque
1361 3479 1684 3543 inimicitiae,
1717 3479 1864 3545 lites,

285 3565 685 3631 aemulationes,
742 3569 856 3632 irae,
907 3583 970 3623 ac
1010 3583 1132 3638 quae
1171 3566 1430 3639 deinceps
1457 3585 1689 3639 magnus
1723 3572 1868 3626 Pau-

285 3655 368 3711 lus
389 3657 435 3689 ⁸⁵
487 3660 702 3725 pridem
755 3661 1070 3730 percensuit
1114 3663 1299 3718 carnis
1347 3677 1555 3732 opera;
1610 3678 1674 3718 ac
1721 3664 1864 3734 quod

282 3747 520 3801 amnium
555 3763 878 3818 supremum
915 3752 1188 3806 malorum
1217 3762 1322 3820 est,
1353 3753 1530 3810 catdes
1555 3753 1674 3825 ipsa
1706 3769 1870 3811 accu-

283 3840 500 3894 rabatur
522 3840 664 3895 nihil
699 3841 1062 3899 defunctorie.

345 3935 524 4003 Atque
575 3933 657 3999 hi,
701 3933 939 4002 primum
983 3937 1205 4005 quidem
1257 3937 1520 3994 maleﬁcae
1565 3941 1868 3998 dialecticze

279 4029 631 4084 sermonibus
673 4038 967 4098 tentantes,
1033 4033 1329 4104 litigantes,
1370 4036 1619 4091 veritatis
1669 4038 1866 4092 turrim

277 4121 509 4189 dejicere
533 4122 862 4192 molientes;
909 4126 1164 4197 velutque
1214 4129 1491 4196 praesidio,
1533 4145 1641 4200 qua
1696 4132 1869 4200 polle-

277 4212 368 4268 bat
387 4215 664 4284 sapientia
700 4217 964 4282 submoti,
1000 4233 1429 4290 sermonumque
1453 4237 1518 4277 ac
1552 4223 1768 4277 dicendi
1806 4223 1868 4277 ﬁ-

277 4303 468 4372 ducia;
505 4321 574 4361 ac
606 4316 870 4373 tanquam
900 4307 1038 4361 duro
1071 4323 1206 4362 saxo
1264 4308 1460 4379 ﬁrmoq
1485 4324 1571 4374 ue,
1609 4309 1711 4363 viri
1749 4326 1868 4363 ma-

279 4396 364 4464 gni
402 4397 542 4458 ﬁdei,
585 4398 808 4467 procaci
863 4397 1138 4465 irruentes
1172 4400 1400 4454 audacia
1423 4440 1437 4464 ,
1469 4416 1646 4471 exque
1692 4400 1868 4456 imbe-

282 4487 501 4543 cillitate
527 4489 738 4552 abacti,
767 4505 830 4544 ac
871 4489 1207 4559 impudentia
1259 4493 1480 4561 quidem
1523 4493 1626 4547 ado
1643 4493 1864 4557 rientes,

1973 3292 2296 3364 discipulus,
2323 3307 2388 3349 ac
2407 3294 2558 3364 pacis
2592 3294 2916 3350 mitissimus
2973 3295 3198 3359 arbiter,
3231 3293 3475 3349 seditiosi
3498 3309 3565 3348 ac

1975 3388 2218 3457 protervi
2255 3387 2463 3442 crimen
2498 3389 2845 3454 sustinebat;
2884 3405 2948 3444 ac
2971 3391 3071 3460 qui'
3107 3389 3375 3450 docendo,
3405 3389 3576 3457 juxta-

1975 3480 2222 3534 divinum
2274 3482 2593 3550 Apostolum
2629 3481 2697 3548 ⁸⁸,
2733 3481 2942 3537 ﬁdelem
3001 3497 3311 3537 sermonum
3358 3481 3568 3548 ample-

1978 3581 2239 3636 cteretur,
2278 3580 2540 3643 tanquam
2573 3573 2668 3643 qui
2713 3573 2890 3628 aliena
2919 3589 2950 3628 a
3005 3574 3129 3637 fide,
3181 3588 3245 3627 ac
3295 3571 3580 3626 haereticis.

1978 3665 2198 3734 propria
2223 3664 2468 3728 doceret,
2500 3665 2570 3720 ab
2596 3665 2780 3735 impiis
2809 3666 3083 3719 calumnia
3119 3665 3566 3720 insiumlahatur.

1979 3755 2364 3812 Stabatautem
2391 3758 2473 3810 vir
2489 3765 2777 3824 strenuus,
2818 3759 2966 3812 velut
2985 3757 3255 3812 sodalium
3326 3758 3572 3826 cuipiam-

1979 3863 2043 3902 ac
2078 3858 2367 3914 notorum;
2399 3863 2508 3902 non
2542 3848 2699 3918 quasi
2746 3858 2902 3902 tanto
2965 3848 3327 3919 magistratui,
3370 3847 3570 3916 judici-

1979 3955 2085 4010 que
2106 3941 2408 3996 assisteret.

2050 4033 2299 4100 Quonam
2323 4033 2485 4089 modo
2517 4035 2650 4089 scite
2706 4042 2959 4105 apteque,
2987 4035 3070 4088 vel
3095 4033 3333 4104 praefecti
3371 4049 3566 4104 supcr-

1980 4127 2148 4193 biam,
2213 4125 2527 4196 fastumque
2592 4127 2786 4192 animi,
2821 4143 2885 4181 ac
2937 4143 3255 4180 sermonum
3303 4142 3567 4191 arrogan-

1980 4218 2110 4270 tiam
2139 4233 2154 4283 ;
2185 4223 2280 4270 aut
2304 4216 2405 4270 viri
2425 4215 2766 4285 prudentiam
2811 4232 2875 4271 ac
2905 4217 3182 4271 lenitatem
3211 4235 3222 4270 :
3250 4227 3568 4285 certamque

1981 4307 2046 4360 ad
2075 4322 2200 4360 eum
2270 4323 2333 4362 ac
2358 4306 2687 4377 exquisitam
2718 4306 3155 4363 satisfactionem
3189 4308 3370 4363 verbis
3396 4326 3565 4378 expc-

1981 4400 2124 4454 diam
2154 4401 2178 4453 ?

2052 4487 2234 4544 Pium.
2278 4487 2420 4556 Quid
2474 4489 2578 4545 sibi
2623 4489 2761 4556 vult,
2790 4490 2927 4545 heus
2965 4500 3043 4556 tu,
3080 4491 3226 4560 quod
3291 4492 3372 4546 sic
3427 4507 3572 4561 pra:-

291 4595 397 4642 prae
425 4581 619 4637 virium
652 4591 834 4636 autem
872 4584 1118 4638 exilitate
1148 4585 1278 4639 ViCti
1333 4573 1697 4651 recedentes;
1738 4589 1872 4656 quin
1913 4581 1954 4634 D
1987 4582 2332 4652 magniﬁcam
2392 4583 2954 4654 augustissimamque
2981 4584 3256 4640 civitatem
3289 4585 3568 4641 seditiosis

283 4673 457 4740 potius
513 4675 774 4737 contriti,
812 4689 876 4730 ac
905 4677 1050 4729 velut
1098 4677 1272 4742 pulvis
1320 4688 1480 4732 vento
1535 4679 1869 4745 acturhiue,

280 4765 371 4818 alti
399 4767 520 4836 ejus
544 4768 824 4823 sermonis
867 4768 1090 4837 'spiritu,
1141 4770 1328 4824 aestiva
1359 4786 1484 4824 area
1513 4772 1735 4827 excussi
1810 4788 1875 4827 ac

275 4860 562 4928 ventilati;
593 4876 723 4915 cum
752 4860 1214 4916 absurdissimum
1245 4863 1525 4916 videretur
1561 4877 1732 4917 novos
1757 4862 1874 4934 jam

278 4965 394 5005 cum
410 4967 478 5007 eo
509 4967 836 5007 sermonum
865 4953 1004 5007 inire
1025 4967 1376 5023 congressus,
1404 4954 1499 5024 qui
1519 4954 1667 5009 omni
1697 4956 1873 5024 palam

277 5041 552 5097 sermonis
611 5056 678 5097 ac
717 5041 983 5096 doctrinae
1017 5043 1067 5098 vi
1088 5053 1392 5113 superaret,
1425 5044 1698 5116 lapidibus
1717 5044 1876 5100 dein-

277 5146 399 5200 ceps
430 5143 523 5186 ten
533 5132 727 5187 tabant
759 5132 1015 5188 obruere.

339 5224 420 5280 Ac
475 5225 636 5281 sicut
691 5223 969 5279 homicida
1001 5223 1316 5280 Iudaeorum
1373 5226 1550 5295 plebs,
1587 5226 1872 5296 Stephano

270 5317 336 5370 ad
370 5333 473 5373 eos
512 5332 696 5372 unum
721 5317 948 5373 verbum
1001 5318 1289 5387 prolocuto
1316 5318 1401 5384 ⁸⁶;
1453 5326 1670 5388 apertos
1707 5312 1874 5372 ni'mi-

269 5423 392 5463 rum
427 5409 541 5479 ipsi
584 5408 784 5472 caelos,
819 5423 885 5463 ac
917 5408 1118 5464 Filium
1156 5410 1400 5466 hominis
1429 5411 1494 5466 ad
1534 5408 1716 5465 Patris
1739 5411 1874 5464 dex-

269 5509 444 5553 teram
477 5515 545 5555 se
578 5499 787 5566 videre,
820 5516 946 5556 cum
974 5501 1240 5572 aqualem
1267 5517 1392 5557 eum
1423 5501 1682 5556 Genitore
1707 5501 1881 5556 hono-

267 5610 383 5650 rem
444 5596 631 5676 prolis
675 5594 816 5652 ferre
861 5612 971 5652 non
996 5609 1256 5668 possent;
1291 5599 1637 5653 continentes
1690 5613 1876 5661 aures,

267 5703 516 5759 moxque
536 5699 857 5758 surgentes,
889 5690 1272 5760 lapidaveruut
1325 5692 1615 5762 theologica
1656 5707 1874 5746 sacrum

340 5865 391 5898 “
428 5865 469 5920 ΙΙ
501 5864 648 5920 Cor.
677 5885 728 5933 v,
770 5867 853 5922 l5.
933 5868 978 5900 "
1004 5867 1177 5924 Galat.
1206 5886 1257 5938 v,
1288 5871 1378 5924 (ΞΟ.
1459 5871 1501 5901 ⁸’¹
1531 5869 1649 5925 Act.
1679 5886 1774 5937 vn,

1982 4675 2359 4730 molitionibus
2381 4676 2588 4738 turbas,
2629 4692 2754 4730 cum
2787 4676 3088 4747 priesertim
3117 4685 3417 4733 extraneus
3482 4687 3570 4734 at-

1983 4783 2091 4837 que
2118 4767 2320 4837 hospes
2345 4768 2583 4822 exsistas
2608 4768 2632 4820 ?

2052 4858 2222 4914 Gneo.
2254 4858 2353 4914 Cui
2388 4858 2477 4913 ille
2514 4879 2526 4914 :
2569 4859 2830 4926 Quaenam
2861 4858 3080 4928 injuria,
3130 4873 3322 4928 quave
3371 4859 3571 4914 adver-

1981 4969 2101 5010 sum
2138 4968 2258 5020 nos,
2296 4952 2495 5022 inquit,
2534 4951 2948 5007 accusatoribus
2970 4950 3277 5020 divulgata,
3316 4966 3570 5005 rumore-

1984 5058 2090 5115 que
2124 5056 2316 5111 sparsa
2347 5039 2606 5096 seditiosa
2647 5038 2856 5093 molitio
2929 5052 2995 5092 ac
3031 5035 3327 5106 petulantia
3356 5036 3379 5088 ἲ
3419 5035 3567 5090 Nihil

1981 5136 2128 5191 enim
2163 5134 2294 5188 mihi
2326 5131 2599 5203 ejusmodi
2619 5147 2802 5187 rerum
2833 5131 3090 5186 conscius
3126 5145 3277 5186 sum.

2054 5227 2232 5283 Pruar.
2264 5225 2444 5292 Quod,
2473 5224 2950 5294 inquit,inanibus
2983 5223 3164 5278 verbis
3236 5230 3402 5292 atque
3442 5237 3566 5291 pro-

1984 5321 2146 5387 fanis,
2174 5318 2590 5389 incompositam
2617 5318 2826 5389 plebem
2853 5318 2920 5372 ad
2952 5333 3040 5373 res
3065 5333 3235 5372 novas
3259 5314 3523 5372 sollicitas
3550 5333 3565 5368 :

1981 5413 2296 5481 viderisque
2343 5410 2480 5465 mihi
2535 5412 2727 5466 turbas
2765 5410 2934 5473 ciere,
2994 5409 3087 5479 qui
3183 5407 3564 5477 imperitorum

1981 5521 2044 5559 ae
2068 5503 2440 5574 insipientium
2471 5501 2569 5556 tibi
2615 5502 2832 5556 animos
2869 5500 3115 5563 addicas,
3175 5511 3336 5568 atquc
3366 5498 3432 5550 ad
3469 5511 3560 5548 se-

1983 5599 2241 5652 ditionem
2262 5595 2410 5666 (quae
2436 5595 2525 5650 his
2541 5595 2703 5651 facile
2725 5591 3112 5656 succendatur)
3134 5600 3305 5647 oestro
3321 5589 3567 5661 quodam

1983 5691 2250 5760 itupellas.

1984 5871 2042 5914 ,⁸⁷
2075 5867 2442 5941 ιοειιι.,χ⁴,50.
2558 5869 2601 5901 ⁸⁸
2631 5865 2741 5923 Τὶιο
2781 5882 2816 5934 Ι,
2851 5866 2904 5920 9ο
