4022 6392
478 411 585 477 467

1641 408 1933 469 NICET/E
1971 406 2495 467 PAPIILAGONIS

3608 401 3702 463 468

547 518 719 574 Gneo.
753 514 1064 580 Enimvero,
1084 516 1161 570 ait
1183 530 1399 579 rursus,
1431 515 1703 571 seditiosa:
1723 516 2043 578 molitionis,
2072 514 2124 573 Δ
2149 534 2319 573 unum
2369 530 2589 584 corpus.
2627 527 2876 583 unusque
2911 510 3136 581 spiritus
3181 508 3480 564 Christiani
3524 525 3704 566 otttues

478 610 755 680 turbaeque
783 596 1060 677 popularis
1091 616 1299 662 tantum
1338 607 1494 663 abest
1549 616 1605 661 ut
1639 607 1732 661 ulli
1775 608 1890 676 ipse
1934 607 2037 662 sim

480 711 695 765 auctor,
721 709 985 769 quantum
1025 698 1119 768 qui
1141 699 1270 752 olim
1306 699 1526 764 mortui,
1556 713 1586 752 a
1612 708 1790 754 vestra
1825 699 2045 755 civitate

476 806 542 846 ne
571 790 850 860 republica
878 790 1123 855 extranei
1161 798 1351 859 agunt.
1385 788 1529 844 Olim
1558 791 1704 845 enim
1729 789 1932 860 (neque
1957 804 2044 845 me

471 883 763 952 quicquam
777 882 1101 952 arrogantiae
1148 883 1429 950 fastosque
1446 881 1742 951 insimulet)
1768 883 1916 936 omni
1941 898 2046 938 sae-

473 971 606 1038 culi,
646 971 911 1041 numque
937 971 1123 1039 gloriae
1146 971 1394 1025 claritate
1411 979 1593 1038 spreta
1622 984 1687 1024 ac
1709 970 1893 1025 carnis
1919 971 2044 1025 uni-

475 1061 655 1118 versis
675 1061 1060 1131 cupiditatibus
1076 1063 1350 1124 excussis.
1372 1060 1589 1131 solique
1602 1061 1822 1117 Christo
1842 1060 2047 1117 ledere

478 1152 793 1221 adjunctus,
824 1167 889 1207 ac
927 1152 1020 1221 qui
1049 1152 1171 1221 ejus
1208 1151 1324 1221 lege
1346 1151 1585 1221 Spiritus
1614 1152 1701 1222 agi
1731 1152 2042 1216 maluerim,

478 1242 548 1296 ab
581 1243 728 1297 omni
750 1242 1022 1298 discordia
1070 1256 1136 1297 ac
1161 1242 1279 1297 rixa
1310 1242 1576 1297 mundum
1618 1243 1886 1311 meipsum
1930 1257 2046 1297 ser-

478 1349 606 1390 vare
642 1334 955 1397 contendo;
1005 1350 1110 1389 nec
1161 1335 1337 1389 solam
1384 1335 1806 1405 pulcherrimam
1854 1350 2044 1404 pacem

477 1423 623 1478 solus
661 1438 761 1492 ego
812 1423 1112 1492 amplector
1141 1464 1158 1489 ,
1214 1425 1310 1480 sed
1368 1433 1422 1479 et
1471 1434 1703 1480 cunctos
1762 1425 1889 1480 totis
1915 1425 2047 1479 viri-

475 1513 579 1569 bus
643 1528 765 1567 eam
823 1514 1107 1583 amplecti,
1181 1530 1306 1571 cum
1369 1515 1538 1569 Paulo
1587 1516 1633 1549 ⁸³
1710 1516 1900 1572 hortor
1963 1524 2048 1571 at-

474 1618 582 1671 que
630 1604 863 1660 suadeo.
920 1604 1059 1662 Fore
1105 1606 1253 1662 enim
1294 1617 1356 1662 ut
1412 1608 1533 1663 sine
1560 1607 1651 1662 illa
1680 1622 1842 1664 nemo
1865 1607 2049 1662 videat

478 1694 669 1750 Deum.

550 1784 732 1841 anr.
766 1785 906 1852 Quid
938 1800 1089 1852 vero,
1121 1786 1321 1857 inquit,
1355 1788 1500 1856 quod
1539 1796 1592 1841 et
1631 1788 1828 1852 aliena,
1858 1802 1922 1841 ac
1946 1801 2048 1857 pro

480 1874 748 1931 hmrctieis
769 1846 1021 1945 partibus
1047 1846 1215 1933 doces
1226 1875 1250 1929 ?
1287 1846 1479 1931 Pinnae
1494 1876 1648 1931 vobis
1671 1846 1868 1931 suliieit
1889 1846 2043 1940 fides,
2079 1846 2126 1906 Β

474 1967 563 2021 cui
586 1977 640 2022 et
672 1982 902 2039 magnus
926 1968 1223 2039 imperator
1248 1968 1575 2038 astipulatur
1605 1985 1618 2021 :
1650 1967 1937 2036 omnisque
1964 1965 2047 2021 di-

478 2056 553 2112 tio
599 2072 665 2113 ac
694 2058 889 2115 civitas
940 2059 1278 2115 assentitur?
1315 2056 1550 2115 Solusne
1582 2058 1705 2114 ﬁdei
1752 2058 2047 2112 novitatem

477 2148 729 2205 illaturus
769 2165 849 2216 es,
895 2152 1189 2223 orbemque
1238 2152 1393 2208 solus
1423 2152 1479 2206 in
1520 2150 1842 2208 sententiam
1899 2159 2047 2204 tuam

475 2240 760 2308 pertrahes
784 2242 807 2295 ?

545 2332 721 2388 Gneu.
746 2331 890 2388 Nihil
912 2334 1163 2405 equidem
1200 2348 1425 2398 novum,
1469 2334 1670 2404 inquit,
1699 2342 1795 2389 aut
1820 2335 1888 2389 ab
1917 2347 2049 2402 apo-

477 2423 669 2478 stolica
705 2422 810 2479 fide
834 2424 1097 2490 alienum,
1125 2426 1210 2480 vel
1256 2426 1372 2497 ipse
1405 2426 1637 2498 cogitavi
1670 2441 1935 2496 unquam,
1964 2426 2050 2480 vel

474 2514 614 2571 alios
640 2514 837 2581 docui;
865 2515 960 2572 sed
994 2530 1358 2586 quaecunque,
1375 2516 1531 2588 juxta
1556 2532 1769 2572 sacram
1804 2514 2052 2586 Scriptu-

477 2619 618 2667 ram,
651 2604 973 2668 audivimus,
1000 2615 1050 2660 et
1089 2608 1427 2677 cognouimus
1471 2624 1555 2671 ea,
1588 2616 1637 2662 et
1667 2618 1844 2677 patres
1876 2607 2050 2661 nostri

476 2705 829 2754 navaverunt
852 2695 1004 2751 nobis
1037 2697 1106 2761 ’°,
1132 2697 1248 2753 haec
1271 2699 1560 2763 sentimus,
1581 2698 1698 2753 lucc
1728 2698 2003 2767 loquimur
2035 2716 2049 2753 :

476 2787 531 2839 in
574 2786 658 2841 his
685 2801 1090 2856 pet-manemus,
1120 2803 1242 2859 quae
1269 2789 1619 2854 credidimus,
1649 2804 1714 2845 ac
1752 2789 1910 2844 nobis
1932 2804 2053 2843 cre-

474 2875 585 2929 dita
607 2884 758 2944 sunt,
782 2878 1018 2935 scientes
1044 2894 1074 2933 a
1091 2893 1199 2949 quo
1224 2880 1575 2935 didicerimus
1599 2880 1668 2935 ".
1700 2878 1819 2934 Non
1862 2880 2056 2933 buma-

478 2966 565 3021 nis
624 2967 1036 3037 .c0gitationum
1099 2970 1404 3026 rationibus
1454 2971 1773 3027 inconcessa
1807 3013 1823 3038 ,
1878 2972 2058 3041 iisque

477 3058 757 3113 inaccessa
784 3059 1041 3113 metimur
1076 3078 1090 3115 :
1140 3076 1316 3130 neque
1351 3068 1603 3116 naturam
1659 3063 1805 3116 nulla
1863 3063 2056 3117 verbo~

477 3163 596 3201 rum
624 3148 676 3202 vi
706 3148 1108 3219 explicabilem,
1136 3164 1202 3205 ac
1235 3165 1397 3220 quam
1432 3164 1591 3203 nemo
1623 3150 1907 3220 intelligat,
1930 3150 2054 3205 dia-

476 3240 687 3295 lecticis
721 3242 989 3297 methodis
1016 3242 1378 3311 pensitatnus.
1434 3240 1621 3311 Neque
1658 3242 1805 3297 enim
1839 3252 1897 3296 ut
1934 3243 2058 3311 qui-

480 3332 710 3387 busdam
767 3334 937 3387 moris
977 3342 1083 3395 est,
1140 3342 1337 3405 praeter
1386 3348 1450 3388 ea
1494 3349 1617 3403 quae
1675 3334 1850 3389 sacris
1900 3335 2058 3389 nobis

478 3423 716 3478 oraculis
741 3423 989 3493 exposita
1016 3433 1165 3489 sunt,
1187 3425 1568 3478 contumacius
1592 3424 1887 3493 quidquam
1922 3439 2058 3493 prae-

481 3513 776 3568 sumimus.
802 3514 994 3569 Omnis
1022 3512 1189 3584 igitur
1210 3514 1300 3583 qui
1333 3529 1401 3567 ex
1431 3514 1542 3579 Deo
1571 3528 1675 3579 est,
1708 3522 2061 3582 nostramque

480 3603 634 3658 audit
662 3618 870 3667 vocem,
897 3617 961 3658 ac
994 3619 1159 3674 quam
1201 3603 1479 3673 loquimur
1532 3604 1816 3658 veritatem
1894 3618 2059 3673 agno-

481 3710 643 3751 scens
683 3713 695 3749 :
736 3709 843 3750 non
866 3694 1023 3750 nobis
1040 3693 1378 3763 simpliciter,
1411 3694 1504 3749 sed
1540 3692 1639 3764 ipsi
1669 3695 1847 3763 plane,
1874 3703 2057 3751 nostra

480 3801 666 3856 opera,
698 3786 913 3840 veritati
944 3785 1175 3851 accedit,
1202 3787 1362 3856 eique
1382 3785 1730 3842 conciliatur.

551 3878 732 3934 Pnsr.
777 3879 917 3945 Quid
965 3894 1129 3948 ergo,
1173 3879 1369 3948 inquit,
1411 3879 1660 3933 videmur
1704 3880 1799 3933 tibi
1840 3895 1943 3933 non
1992 3896 2062 3934 ex

484 3970 594 4025 Deo
645 3985 708 4024 ac
747 3971 968 4024 veritate
1006 3984 1105 4024 nos
1125 3984 1268 4035 esse,
1308 3970 1451 4041 quod
1484 3980 1669 4025 vestro
1701 3972 2064 4027 consubstan-

484 4060 601 4114 tiali
643 4076 751 4114 non
793 4060 1084 4114 admodum
1141 4059 1476 4115 assentimur
1519 4076 1531 4112 :
1578 4075 1756 4130 neque
1797 4060 1944 4115 enim
1995 4078 2059 4115 ex

484 4153 783 4224 Scripturis
810 4152 1094 4217 habemus,
1131 4162 1189 4207 ut
1237 4153 1284 4207 ei
1318 4164 1469 4207 certo
1506 4168 1792 4207 assensum
1822 4154 2064 4222 praebea-

485 4261 629 4300 mus.
665 4244 809 4311 Quid
848 4259 976 4299 vero
1014 4244 1152 4310 tibi,
1186 4243 1279 4313 qui
1320 4260 1419 4298 nec
1452 4244 1797 4313 imperatoris
1829 4244 2063 4299 decretis

486 4338 825 4402 consentias,
851 4337 1018 4407 inque
1059 4346 1272 4390 tantum
1316 4337 1592 4406 Opinionis
1637 4336 1838 4393 fastum
1873 4355 2064 4396 vecors

487 4429 730 4485 evaseris
753 4470 768 4494 ,
806 4443 906 4482 nec
945 4442 1071 4482 cum
1124 4438 1276 4482 tanto
1309 4429 1692 4497 episcoporum
1745 4440 1887 4483 cmtu
1937 4446 2066 4485 con-

2145 626 2431 681 agcremus
2458 609 2534 674 ⁹³;
2566 607 2788 677 jamque
2813 605 2948 659 adeo
2972 618 3078 658 non
3103 616 3168 656 ex
3199 601 3307 656 alio
3331 601 3446 664 alii,
3477 601 3699 670 alioque,

2145 701 2238 755 sed
2292 718 2357 756 ex
2411 700 2629 754 Christo
2672 712 2864 751 omnes
2912 705 3027 750 tum
3078 708 3543 763 nuncuparemur,
3599 701 3701 748 tutu

2144 807 2414 855 essemus,
2445 791 2538 860 qui
2580 790 2647 844 ad
2672 804 2835 842 unam
2897 787 3251 858 eamdemque
3279 802 3433 857 spem
3473 786 3706 842 vocatio-

2147 885 2234 939 nis
2265 884 2467 954 pariter
2494 896 2842 937 curreremus
2872 881 2940 934 ".

2218 975 2357 1042 Quia
2412 989 2541 1028 vero
2597 972 2884 1036 nonnulli,
2942 970 3109 1026 animi
3169 970 3350 1040 potius
3409 969 3704 1040 pravitate,

2145 1081 2311 1135 quam
2342 1064 2577 1128 inscitia,
2612 1064 2659 1120 si
2695 1072 2858 1118 certa
2885 1062 3121 1126 veritati,
3161 1062 3436 1131 clarisque
3469 1061 3707 1116 testimoo

2147 1158 2277 1222 niis,
2324 1171 2392 1212 ac
2441 1154 2863 1210 auctoritatibus
2910 1153 3235 1208 obnituntur
3265 1169 3280 1205 :
3313 1160 3441 1222 puta
3480 1151 3573 1215 iis,
3599 1167 3709 1221 qua:

2150 1250 2216 1305 ad
2243 1248 2442 1303 Filium
2474 1254 2746 1317 spectant,
2785 1245 2936 1314 quod
2966 1243 3060 1298 Dei
3093 1258 3276 1299 sermo
3321 1258 3445 1298 cum
3474 1250 3622 1297 esset
3659 1242 3706 1295 in

2148 1338 2438 1410 principio,
2458 1345 2576 1390 erat
2598 1337 2741 1406 apud
2768 1334 2986 1391 Patrem
3006 1336 3079 1399 ”,
3112 1342 3168 1390 et
3196 1335 3334 1389 Deus
3356 1340 3475 1388 erat
3498 1349 3513 1395 ;
3548 1334 3711 1400 quod-

2148 1448 2255 1501 que
2313 1429 2674 1498 Unigenitus,
2713 1437 2767 1483 et
2791 1426 2939 1497 quod
2996 1427 3050 1481 in
3086 1426 3207 1482 sinu
3237 1424 3431 1480 Patris.
3463 1423 3602 1493 Ego,
3637 1424 3712 1477 in-

2148 1524 2288 1593 quit,
2321 1524 2377 1577 in
2409 1522 2593 1588 Patre,
2620 1532 2669 1575 et
2716 1518 2881 1573 Pater
2922 1519 2977 1572 in
3025 1534 3107 1572 nte
3151 1526 3229 1571 est
3258 1516 3330 1569 ’⁸.
3384 1514 3491 1581 Et,
3522 1517 3633 1584 Ego
3668 1526 3711 1569 et

2150 1612 2315 1668 Pater
2361 1630 2526 1667 uirum
2552 1628 2733 1669 sumus
2749 1612 2817 1665 ⁸⁷.
2843 1609 2999 1678 Quod
3024 1609 3152 1664 item
3182 1608 3438 1678 splendor
3451 1607 3713 1678 gloriaa“,

2151 1720 2216 1760 ac
2262 1704 2434 1772 tigura
2469 1710 2711 1770 paterna
2738 1699 3079 1759 substantiae,
3127 1698 3181 1751 id
3214 1706 3321 1760 est,
3350 1699 3539 1767 imago
3576 1696 3716 1750 inva-

2150 1793 2392 1858 riabilis,
2451 1792 2637 1848 divino
2703 1791 2874 1845 Paulo
2935 1789 3264 1860 praedicatus
3325 1796 3455 1854 est;
3511 1801 3715 1842 necnon

2152 1886 2296 1950 aliis,
2334 1884 2536 1954 quibus
2564 1884 2753 1939 eadem
2795 1882 3013 1938 deitatis
3035 1890 3232 1936 natura
3268 1880 3556 1934 astruitur.
3597 1877 3718 1943 Qua:

2152 1993 2281 2034 vero
2328 1985 2576 2047 spectant
2630 1975 2698 2031 ad
2758 1974 3043 2045 Spiritum,
3086 1972 3233 2043 quod
3290 1970 3561 2026 Dominus
3609 1977 3716 2035 est,

2152 2070 2299 2140 quod
2343 2070 2527 2134 mittit,
2580 2067 2727 2139 quod
2768 2067 2872 2122 sibi
2912 2066 3174 2135 templum
3204 2062 3366 2119 efﬁcit
3415 2064 3484 2125 θ’,
3519 2076 3584 2116 ae
3608 2061 3718 2115 dei-

2152 2162 2313 2227 ﬁcat;
2350 2160 2499 2231 quod
2532 2158 2747 2229 operari
2797 2173 2923 2213 eum
2956 2157 3120 2213 sicuti
3150 2154 3266 2209 vult
3304 2156 3344 2219 ¹,
3370 2169 3435 2209 ac
3467 2153 3614 2208 dona
3643 2142 3718 2207 di-

2151 2254 2336 2308 videre
2380 2260 2610 2308 testante
2635 2251 2921 2321 Scriptura
2973 2251 2993 2282 ²
3030 2247 3303 2318 proditum
3351 2254 3473 2312 est;
3509 2244 3717 2314 quibus.

2151 2346 2385 2416 aliisque
2434 2344 2706 2414 plurimis,
2746 2330 2867 2412 ejus
2897 2354 3119 2411 quoque
3171 2353 3297 2394 cum
3360 2337 3529 2393 Patre
3557 2336 3715 2401 socia,

2153 2454 2372 2507 unaque
2397 2436 2699 2492 dominatio
2726 2433 3058 2491 Ostenditur.

2223 2528 2363 2595 Quia
2396 2527 2559 2598 igitur
2590 2526 2739 2581 nulla
2783 2533 3056 2580 tantorum
3103 2521 3343 2592 Spiritus
3368 2519 3714 2576 'testimonio-

2154 2635 2274 2675 rum
2322 2618 2623 2673 reverentia
2671 2616 2844 2681 ducti,
2896 2631 3006 2671 non
3039 2614 3266 2669 horrent
3291 2611 3606 2668 creatricem
3658 2622 3720 2664 ac

2155 2710 2483 2766 effectricem
2536 2710 2782 2764 omnium
2845 2721 3071 2762 causam
3129 2704 3332 2760 creatis
3395 2716 3717 2767 accensere;

2157 2805 2401 2872 fiuntque
2436 2809 2688 2857 creatura
2743 2814 3012 2869 nequam,
3071 2799 3164 2867 qui
3210 2795 3360 2850 omni
3405 2794 3608 2864 pudore
3636 2806 3715 2845 se-

2158 2902 2325 2955 moto,
2366 2899 2620 2946 naturam
2657 2890 2806 2946 omni
2833 2889 3169 2959 superiorem
3195 2887 3503 2949 dominatu,
3527 2885 3581 2940 in
3607 2898 3715 2938 ser-

2155 2985 2381 3039 vitutem
2412 2983 2726 3053 arrogantia
2794 2998 2861 3038 ac
2887 2980 3144 3051 superbia
3187 2979 3495 3043 detrahant,
3530 2991 3627 3031 nec
3652 2989 3715 3028 cx

2157 3073 2354 3141 scipsis
2393 3072 2658 3125 hactenus
2689 3070 2991 3141 intelligere
3029 3067 3335 3132 voluerint,
3383 3082 3502 3121 cum
3559 3063 3715 3119 animi

2083 3191 2127 3250 ο
2160 3163 2390 3215 interior
2412 3161 2577 3224 ratio,
2621 3168 2786 3229 atque
2813 3159 2964 3214 notio
2992 3173 3059 3213 ex
3093 3165 3274 3212 mente
3313 3156 3459 3210 nulla
3479 3153 3719 3224 passione

2165 3270 2227 3308 ac
2256 3253 2516 3317 lluxione,
2554 3252 2702 3305 nulla
2733 3249 2997 3320 temporis
3027 3249 3170 3303 inter
3194 3247 3450 3317 capedine
3475 3255 3715 3303 nascens,

2164 3355 2327 3413 atque
2367 3359 2396 3396 a
2436 3345 2690 3414 gignente
2722 3339 3137 3409 inseparabilis,
3188 3353 3413 3408 qumque
3442 3336 3564 3388 item
3598 3346 3709 3385 ser-

2167 3436 2345 3491 monis
2383 3434 2690 3503 prolatione
2719 3433 2788 3488 ad
2827 3446 3047 3488 sensum
3080 3432 3300 3494 transit,
3329 3427 3548 3497 ejusdem
3583 3434 3697 3476 cum

2167 3535 2346 3580 mente
2374 3526 2568 3579 horum
2606 3531 2829 3591 parente
2852 3531 3060 3576 natura:
3080 3520 3226 3586 sint;
3252 3532 3368 3571 vero
3396 3514 3549 3569 etiam
3584 3523 3703 3578 pro-

2169 3617 2291 3685 pius
2314 3626 2464 3670 certa
2493 3617 2727 3685 quadam
2772 3614 2983 3669 ratione
3037 3612 3131 3680 qui
3170 3626 3237 3666 ex
3278 3608 3423 3663 Patre
3445 3602 3710 3659 luminum

2169 3710 2315 3764 velut
2335 3719 2605 3764 comterna
2627 3707 2877 3777 quaedam
2896 3705 3140 3777 germina
3163 3703 3449 3762 exsistunt,
3477 3693 3724 3765 eiusdem

2170 3803 2364 3857 riterito
2408 3811 2617 3856 naturae
2654 3814 2779 3854 cum
2819 3799 3064 3869 genitore
3091 3796 3291 3851 debere
3322 3786 3638 3848 existimari.

2234 3888 2294 3944 Id
2327 3904 2456 3943 vero
2492 3889 2545 3942 in
2584 3902 2753 3942 causa
2787 3894 2893 3950 est,
2928 3894 2988 3940 ut
3016 3885 3116 3955 ipsi
3144 3883 3215 3938 ab
3236 3895 3425 3937 eorum
3456 3892 3558 3933 nos
3586 3887 3736 3930 com-

2169 3981 2450 4046 munione,
2488 3979 2639 4033 velut
2671 3977 2763 4047 qui
2797 3976 3027 4031 adversa
3052 3973 3270 4028 veritati
3304 3972 3560 4042 dogmata
3585 3966 3744 4019 indu-

2168 4081 2315 4136 cant,
2344 4085 2453 4124 non
2474 4068 2673 4138 injuria
2694 4064 3079 4121 abscindamus
3102 4081 3116 4131 ;
3142 4078 3245 4117 nec
3264 4060 3502 4117 decretis
3528 4054 3747 4126 acquie-

2170 4179 2410 4228 scamus,
2444 4178 2508 4217 ac
2534 4159 2900 4230 impietatihus
2930 4171 3217 4212 assensum
3270 4153 3646 4224 praebeamus,
3678 4148 3744 4199 n‘e

2170 4258 2380 4314 scilicet
2420 4269 2605 4324 parem
2667 4252 2775 4307 illis
2830 4248 3181 4319 blasphemia:
3228 4242 3755 4301 condemnationem

2171 4349 2560 4406 sustineamus,
2614 4342 2879 4414 quidquid
2929 4340 3047 4396 orbi
3098 4354 3246 4394 nunc
3283 4338 3553 4392 universo
3585 4334 3761 4402 impe-

2172 4456 2294 4495 rare
2325 4439 2646 4500 vidcantur;
2690 4434 2792 4489 etsi
2827 4434 2989 4501 vulgo
3022 4431 3310 4485 vidcantur
3346 4427 3631 4499 episcopi,
3662 4421 3767 4481 etsi

489 4520 730 4576 cordiam
751 4518 934 4573 colas?
954 4517 1093 4572 Num
1113 4518 1272 4572 times
1294 4534 1361 4573 ne
1389 4518 1443 4571 in
1469 4530 1519 4572 te
1547 4519 1659 4588 ipse
1681 4535 1843 4590 grave
1864 4522 2067 4591 aliquid
2100 4545 2144 4601 ι)
2171 4530 2433 4584 sublimes
2477 4527 2631 4582 sedes
2693 4522 3132 4581 conscenderint.
3167 4520 3341 4575 Nobis
3386 4518 3704 4588 siquidem,
3735 4530 3768 4568 ο

490 4625 555 4666 ex
589 4609 939 4665 contentione
970 4608 1278 4663 inconsulte
1325 4610 1618 4664 arcessas?

560 4701 731 4757 Gneo.
767 4700 1002 4755 Deccbat
1032 4699 1275 4770 quidem,
1306 4716 1340 4753 o
1380 4700 1628 4769 prmfccte
1655 4692 1791 4771 (qua
1815 4717 2067 4757 mansue-

492 4793 702 4858 tudine,
745 4792 1053 4861 blandaque
1116 4792 1344 4848 lenitate
1400 4793 1684 4860 respondit
1732 4791 2064 4865 Theologus)

494 4884 759 4954 unigeniti
796 4883 983 4956 gloria:
1018 4900 1121 4937 non
1156 4883 1490 4954 impingere;
1540 4900 1638 4939 nec
1694 4886 1957 4954 adversus
1987 4886 2071 4939 di-

490 4975 601 5029 vini
636 4974 877 5045 Spiritus
908 4974 1135 5029 bonoris
1175 4976 1535 5044 mqualitatem
1557 4976 1753 5042 elatos,
1784 4977 1927 5030 illius
1953 4992 2070 5031 mae

490 5068 747 5137 jestatem
780 5081 1035 5136 spernere
1068 5084 1081 5121 :
1115 5082 1217 5121 nec
1249 5067 1485 5137 denique
1535 5077 1682 5123 tanta
1724 5069 2071 5124 testimonio-

493 5175 615 5215 rum
646 5159 892 5231 neglecta
926 5158 1103 5228 copia,
1128 5160 1331 5229 quibus
1359 5157 1505 5213 Patri
1537 5160 1743 5218 honore
1782 5176 2072 5231 coaequan-
2117 5145 2133 5155 ’

494 5260 607 5313 tur,
638 5249 1005 5305 deterioribus
1041 5251 1284 5304 animum
1321 5250 1669 5321 opinionibus
1700 5251 1941 5308 inlicere.
1980 5252 2072 5307 Sic

493 5341 641 5397 enim
688 5356 798 5397 una
830 5341 952 5397 fidei
1007 5341 1375 5406 confessione,
1419 5343 1724 5414 mentisque
1755 5345 2070 5410 concordia,

497 5435 673 5491 tribus
700 5434 1227 5491 sanctificationibus
1253 5434 1399 5489 velut
1450 5435 1711 5490 sublimes
1761 5435 2070 5507 Seraphim,

502 5543 666 5583 unam
731 5527 1183 5592 dominationem,
1242 5543 1306 5581 ac
1368 5526 1628 5582 Deitatem
1686 5528 1971 5584 laudantes
2001 5531 2071 5593 θ’,

571 5664 619 5730 ’ξ
648 5661 815 5718 ilcbr.
850 5680 949 5728 ιιι,
994 5664 1079 5718 14.
1139 5664 1186 5699 ’θ
1216 5663 1360 5720 Psal.
1388 5682 1562 5730 LXXII,
1594 5667 1647 5720 5.

1738 5668 1779 5698 ⁹¹
1818 5666 1861 5721 li
1887 5665 2029 5720 Tim.
2076 5681 2159 5731 In,
2190 5668 2276 5720 ii.

2171 4618 2486 4690 spectande,
2538 4619 2900 4687 imperatores
2950 4628 3059 4668 non
3113 4626 3383 4681 purpura,
3421 4610 3530 4666 sed
3564 4609 3776 4664 virtute

2171 4710 2383 4766 nobiles
2434 4719 2597 4779 atque
2634 4707 2826 4777 inclyti
2876 4725 2889 4760 :
2924 4721 3030 4759 non
3060 4719 3224 4767 auro,
3256 4711 3527 4772 argento,
3560 4701 3778 4773 pretio-

2170 4801 2514 4871 sissimisque
2545 4799 2779 4869 capillis,
2813 4796 2895 4851 vel
2926 4810 3062 4850 auro
3113 4794 3428 4863 compactis
3468 4794 3741 4848 curribus
3762 4831 3779 4855 ,

2171 4908 2266 4948 seu
2299 4890 2511 4961 magnis
2558 4889 2892 4944 exercitibus
2942 4885 3161 4957 augusti
3231 4901 3296 4940 ac
3350 4884 3785 4948 formidabiles,

2176 4983 2269 5040 sed
2321 4982 2443 5036 fidei
2487 4982 2824 5044 sinceritate,
2861 4995 3099 5049 veraque
3142 4993 3207 5032 ac
3240 4979 3499 5048 genuina
3535 4994 3674 5046 erga
3711 4977 3794 5030 di-

2175 5074 2360 5128 vinum
2389 5068 2598 5127 Numen
2631 5070 2938 5125 affectione.
2975 5068 3269 5137 Episc0pos
3291 5076 3499 5122 autem
3544 5086 3662 5122 non
3700 5084 3795 5121 eos

2177 5164 2403 5219 omnino
2460 5161 2744 5223 habemus,
2799 5159 2892 5230 qui
2943 5157 3385 5214 sacerdotalibus
3449 5159 3800 5229 praefulgent

2177 5255 2355 5319 stolis,
2387 5264 2549 5323 atque
2580 5250 2807 5318 infulis;
2854 5250 2947 5306 sed
2987 5250 3081 5320 qui
3129 5248 3277 5302 velut
3309 5250 3568 5318 pudere,
3617 5251 3675 5305 id
3721 5259 3805 5303 est
3870 5241 3874 5245 ’

2180 5348 2358 5414 talari,
2397 5345 2563 5400 etiam
2600 5344 2799 5397 virtute
2841 5341 3022 5396 amicti
3055 5350 3215 5407 sunt;
3248 5350 3405 5394 recta
3420 5358 3610 5412 mque
3644 5343 3804 5396 fidem

2182 5440 2333 5495 velut
2357 5437 2619 5492 rationale
2645 5434 2834 5506 judicii
2865 5434 2908 5497 ³,
2934 5441 2989 5488 et
3013 5434 3321 5497 veritatem,
3357 5442 3426 5486 et
3461 5433 3808 5488 manifesta-

2182 5532 2384 5586 tionetn
2414 5530 2465 5584 in
2502 5539 2741 5599 pectore,
2781 5527 3059 5597 animique
3088 5524 3410 5596 precordiis
3448 5537 3717 5597 gcstaut.

2368 5667 2413 5697 °'
2450 5665 2551 5720 Isa.
2590 5683 2663 5727 vt,
2693 5666 2744 5719 5.
2824 5664 2867 5694 ’³
2911 5663 2929 5715 l
2961 5662 3091 5716 Cor.
3132 5674 3187 5722 ι,
3223 5658 3319 5722 i7;
3361 5657 3387 5712 1
3431 5660 3581 5717 Cor.
3616 5677 3696 5722 vt,
3730 5660 3812 5711 l7.

505 5731 550 5801 ἠδ
577 5725 787 5801 Ephes.
813 5749 884 5795 tv,
916 5725 1033 5787 134.
1089 5736 1134 5766 ⁸⁸
1169 5735 1327 5788 Joan.
1370 5753 1406 5796 ι.
1447 5738 1468 5790 1
1502 5725 1560 5788 et
1592 5737 1670 5789 18.
1743 5737 1790 5768 ’⁸⁵
1820 5736 1978 5791 Joan.
2007 5753 2058 5790 χι

2159 5737 2237 5791 ll.
2296 5738 2317 5767 θ
2346 5736 2505 5789 Joan.
2542 5753 2594 5801 χ,
2635 5725 2721 5789 fit).
2786 5736 2830 5766 θ*
2861 5732 3020 5786 llcbr.
3057 5748 3092 5796 ι,
3121 5730 3172 5783 5.
3237 5730 3282 5758 ’δ’
3323 5729 3373 5781 ιι
3413 5731 3559 5787 Cor.
3601 5748 3692 5800 ιιι,
3729 5730 3813 5784 f7.

507 5798 525 5825 ‘
560 5799 680 5848 Act.
717 5815 795 5861 ιιι,
827 5801 896 5865 ‘2;
954 5804 1126 5857 lCor.
1159 5805 1322 5869 \t,l9.
1380 5810 1397 5837 ⁵
1426 5807 1444 5860 l
1471 5806 1597 5860 Cor.
1633 5822 1728 5871 xtl,
1768 5808 1842 5860 il.

1937 5807 2163 5863 ’Exod.
2236 5821 2423 5871 uvnt,
2484 5808 2531 5859 i.
