4022 6388
301 410 396 474 469

986 402 1269 463 ORATIO
1305 404 1432 463 XX.
1469 426 1538 437 —
1578 401 1661 462 IN
1701 399 2011 461 LAUDEM
2049 399 2111 460 S.
2149 392 2525 459 GREGORII
2562 399 2833 461 THEOL.

3414 405 3537 472 470’

365 522 452 577 Sic
480 480 663 574 autem,
694 517 999 583 animatus,
1030 531 1095 572 ac
1125 532 1251 572 cum
1275 517 1346 571 ita
1373 517 1440 572 de
1470 516 1555 572 his
1595 515 1849 580 sentiam,
1885 521 1928 574 Α
1957 513 2286 568 militudine.
2328 513 2396 568 At
2425 514 2726 584 Gregorius
2774 514 2998 585 (quippe
3018 520 3115 588 qui
3147 535 3252 574 non
3285 524 3526 578 nesciret

298 611 552 685 siquidem
604 611 914 680 ingruentia
975 607 1260 666 Trinitatis
1304 625 1435 678 ergo
1476 608 1738 678 pericula,
1794 622 1857 662 ac

301 705 502 770 exsilia,
529 704 829 770 cruciatus,
857 711 1084 759 mortem
1120 702 1261 773 (vitm
1296 704 1503 760 scilicet
1532 702 1857 759 immortalis

258 836 265 840 ι
297 792 624 867 argmenta)
675 793 1133 858 detrectaverim;
1168 802 1283 847 tum
1312 809 1440 848 vero
1480 795 1660 864 reipsa
1699 794 1861 847 innu-

256 947 261 951 ,
298 884 452 941 meris
484 897 575 939 me
601 882 829 952 dignum
857 881 1125 938 mortibus
1185 897 1250 937 ac
1297 883 1553 952 periculis
1582 882 1860 938 existima-

295 975 483 1032 νει-ΞΜ.

355 1066 521 1122 Aiunt
543 1061 880 1133 praelectum,
898 1064 984 1119 bis
1004 1080 1069 1119 ex
1087 1079 1155 1120 eo
1169 1064 1389 1128 auditis,
1414 1065 1517 1121 viri
1538 1065 1859 1133 sapientiam

295 1158 423 1212 mira
436 1154 674 1226 quadam
697 1156 908 1212 ratione
935 1156 1117 1212 virtuti
1136 1166 1595 1226 contemperatam
1622 1158 1861 1213 admira-

296 1259 565 1307 tamuse:
590 1249 779 1318 sicque
802 1249 936 1303 adeo
962 1249 1173 1317 plebem
1198 1250 1395 1319 pietate
1421 1261 1771 1316 commotam,
1798 1267 1862 1308 ac

294 1340 461 1394 divina
498 1340 702 1393 victam
746 1340 1151 1408 praedicatione,
1181 1349 1239 1394 ut
1259 1341 1533 1409 ingentem
1563 1342 1860 1396 clamorem

292 1431 562 1497 extulerit,
594 1445 659 1483 ac
690 1431 889 1484 nedum
919 1431 1204 1500 theologia:
1231 1433 1449 1485 nomine
1478 1432 1695 1487 beatum
1728 1449 1864 1503 pra:-

295 1521 579 1585 dietiverit,
624 1536 812 1576 verum
842 1521 1009 1576 etiam
1046 1522 1154 1577 illic
1188 1520 1365 1591 primo
1399 1521 1732 1594 Thcologum
1762 1540 1860 1594 ap-

293 1613 581 1681 pellaverit.
617 1611 711 1668 Sic
746 1612 1004 1667 nimirum
1035 1629 1262 1683 prorsus
1301 1615 1575 1673 theatrum
1602 1629 1861 1685 ceperat;

294 1701 494 1771 sibique
529 1701 803 1769 judicium
835 1704 1134 1772 (auditores
1179 1706 1409 1775 scilicet)
1459 1708 1760 1763 addixerat.
1787 1708 1865 1762 Ac

294 1788 603 1861 Gregorium
665 1790 887 1861 quidem
947 1807 1074 1848 cum
1108 1796 1410 1850 reverentia
1442 1796 1661 1850 domum
1694 1798 1861 1853 remi-

299 1880 456 1942 sisse;
501 1893 850 1938 accusatores
900 1897 1029 1938 vero
1089 1886 1356 1954 tantisper
1402 1886 1763 1960 objurgasse,
1805 1899 1864 1944 ut

302 1973 388 2039 qui
416 1971 479 2025 ad
506 1987 686 2026 causae
712 1986 1049 2027 momentum
1081 1977 1358 2045 arguendo
1398 1977 1517 2032 viro
1553 1979 1690 2033 nihil
1716 1988 1863 2034 attu-

303 2060 490 2118 lerant.
515 2061 648 2116 Hinc
686 2063 877 2129 etiam.
899 2063 1007 2128 ille,
1040 2066 1305 2121 utdivino
1339 2069 1611 2138 proditum
1641 2070 1863 2141 eloquio

315 2160 413 2216 est,
430 2152 671 2222 majorem
703 2153 725 2183 ⁸
758 2154 811 2209 in
850 2154 1047 2224 plateis
1074 2156 1270 2229 agebat
1310 2157 1608 2215 libertatem
1630 2201 1647 2227 ,
1689 2159 1858 2217 ﬁden-

321 2239 524 2311 tinsqtte
574 2245 737 2313 palam
782 2245 1127 2315 loquebatur.
1173 2245 1365 2304 Omnis
1415 2250 1561 2303 enim
1622 2252 1859 2319 animus,

322 2344 436 2384 cum
473 2336 751 2389 certamina
774 2336 1005 2391 necdum
1042 2337 1269 2404 adierit,
1318 2340 1640 2410 plerumque
1668 2341 1861 2398 formi-

316 2418 451 2485 dare,
472 2435 627 2490 seque
666 2438 861 2492 pugnae
913 2425 1252 2493 subducere;
1284 2428 1430 2483 lucta
1455 2440 1637 2485 autem
1664 2432 1860 2489 defun-

311 2513 436 2568 ctus,
466 2518 764 2580 auctusque
804 2512 1054 2577 victoria,
1104 2514 1316 2575 iortiler
1354 2534 1417 2573 ac
1456 2530 1678 2575 strenue
1715 2533 1863 2579 amat

303 2610 471 2668 agere.

364 2686 534 2750 Homo
583 2708 717 2752 sane
764 2696 913 2755 illius
957 2698 1178 2758 Ausites
1206 2715 1270 2757 ac
1304 2703 1494 2759 beatus
1520 2705 1714 2768 Jobus,
1751 2724 1863 2777 prae

298 2776 503 2839 virtutis
564 2786 881 2852 praestantia
940 2788 1244 2846 invidiosus
1303 2792 1523 2849 diabolo
1575 2776 1858 2864 redditus,

296 2868 475 2940 illique
504 2876 803 2945 postulanti
830 2878 1083 2946 traditus,
1115 2880 1301 2938 liberis
1325 2885 1569 2954 quidem,
1600 2889 1859 2959 omnique

290 2962 435 3029 prius
464 2966 773 3023 substantia
830 2971 1101 3043 nudatur;
1133 2980 1358 3047 tumque
1398 2977 1562 3031 etiam
1604 2981 1858 3048 pessimis

291 3065 517 3122 corpore
543 3056 825 3113 ulceribus
855 3061 1080 3116 caeditur
1103 3064 1125 3095 ⁸
1146 3081 1161 3133 ί
1186 3065 1251 3119 ad
1287 3065 1402 3120 haac
1419 3070 1685 3123 vermium
1710 3072 1856 3134 tabo.

286 3144 567 3219 acutisque
589 3157 806 3205 amotus
835 3150 1144 3219 doloribus;
1175 3168 1260 3214 ac.
1292 3171 1415 3211 cum
1444 3174 1612 3212 uxore
1636 3160 1857 3217 demen-
1886 3157 1959 3216 C‘

291 3232 362 3287 tia
395 3234 677 3305 loquente,
713 3248 878 3310 atque.
918 3242 1111 3298 amicis
1148 3243 1572 3315 imprudentius,
1612 3265 1711 3304 nec
1765 3267 1864 3321 pro

285 3323 362 3376 rei
399 3325 583 3382 indole
610 3330 1025 3388 consolantibus
1051 3349 1206 3397 usus,
1236 3352 1338 3392 nec
1371 3339 1656 3394 minimum
1688 3344 1861 3398 emol-

280 3412 408 3468 litus
432 3427 605 3483 esset,
642 3420 723 3474 vel
758 3422 921 3476 ullam
954 3438 1182 3494 prorsus
1211 3426 1323 3481 Deo
1358 3429 1643 3484 stultitiam
1687 3432 1866 3488 dedis-

275 3514 377 3572 set,
406 3508 701 3579 magnifice
719 3510 976 3581 claroque
999 3516 1272 3582 praeconio
1301 3516 1353 3569 in
1380 3517 1485 3571 ﬁne
1506 3520 1863 3576 certaminum

275 3597 597 3654 celebratus
620 3610 745 3667 est;
773 3617 856 3668 ac,
880 3604 1023 3672 quod
1049 3606 1298 3660 omnium
1324 3611 1863 3679 praestantissimum,

272 3685 420 3744 illius
461 3704 605 3746 roce
632 3692 960 3760 praedicatur
989 3694 1194 3765 justus,
1237 3699 1329 3767 qui
1370 3714 1400 3753 e
1433 3701 1648 3757 turbine
1700 3712 1867 3773 atque

270 3782 515 3841 nubibus
553 3784 633 3838 illi
664 3788 1046 3856 respondebat.
1107 3788 1207 3844 Hic
1247 3800 1453 3855 autent,
1509 3796 1658 3849 nulla
1719 3797 1862 3851 mala

270 3874 660 3940 aemulatione,
718 3887 881 3947 atque
928 3879 1101 3934 livore
1142 3882 1324 3936 ablata
1375 3884 1716 3950 substantia.
1771 3891 1870 3945 sed

253 3960 478 4019 Christi
543 3966 666 4036 lege
708 3979 928 4041 erogata
973 3970 1026 4023 in
1069 3986 1338 4041 pauperes
1378 3976 1528 4030 omni
1579 3976 1863 4047 lacultate;

264 4066 369 4109 nec
406 4056 612 4111 decem
646 4057 915 4113 duntaxat
954 4059 1239 4114 cool’ertitn
1262 4102 1278 4127 ,
1333 4078 1552 4133 unoque
1587 4080 1864 4124 momento

271 4146 632 4214 corporalem
669 4146 963 4201 liberorum
996 4163 1286 4217 perpessus
1319 4150 1621 4219 interitum,
1651 4156 1746 4211 sed
1779 4156 1863 4210 in-

266 4236 708 4290 numerabilium
764 4237 935 4292 animi
1002 4240 1176 4293 labem
1215 4240 1623 4300 tabescentibus
1674 4247 1863 4302 dolore

266 4321 592 4380 visceribus
622 4327 902 4382 sustinens
932 4329 1071 4399 ejus,
1097 4331 1188 4398 qui
1217 4342 1550 4400 expetierat,
1590 4335 1667 4388 ira
1700 4336 1865 4390 ραδάὶ-

266 4417 394 4479 tur;
423 4429 531 4469 nec
593 4430 723 4469 vero
772 4416 948 4471 solum
999 4434 1250 4489 corpore,
1284 4421 1417 4489 quin
1462 4423 1646 4490 potius
1676 4426 1856 4479 medio

1958 603 2078 673 ejus
2102 606 2484 675 cogitationes)
2526 607 2906 665 admirandam
2937 609 3198 668 adversus
3225 614 3406 668 omnia
3432 629 3528 684 pa-

1961 698 2204 752 tientiam
2239 712 2518 771 opponens
2577 714 2642 753 ac
2697 698 3346 767 longanimitatemJnud
3372 720 3533 762 secus

1960 800 2026 841 ac
2100 787 2436 856 inturgentes
2483 803 2729 858 spumas,
2811 790 3146 847 decumanos
3205 793 3531 862 injuriarum

1964 877 2165 935 ﬁuctus
2209 878 2363 934 elidit
2403 893 2415 929 :
2454 879 2547 935 sed
2578 879 2631 934 ei
2675 880 3129 939 administrorum
3158 884 3374 939 invidia:
3412 900 3533 940 om-

1961 984 2084 1024 nem
2117 970 2506 1041 malignitatem
2565 970 2897 1043 sinistraque
2944 972 3225 1029 molimina
3251 975 3530 1033 convellit.

1963 1058 2021 1115 ln
2052 1060 2160 1115 ﬁnc
2186 1070 2369 1116 autem
2394 1076 2480 1125 ea,
2529 1077 2651 1133 qua-
2694 1062 2757 1125 in
2796 1078 2967 1118 censu
2995 1072 3177 1130 erant,
3210 1079 3319 1121 non
3347 1066 3533 1137 dupli-

1962 1151 2048 1206 cia
2078 1152 2284 1221 recipit,
2315 1153 2409 1208 sed
2439 1155 2624 1208 multis
2655 1154 2904 1223 partibus
2937 1155 3209 1219 auctiora,
3250 1157 3399 1211 velut
3423 1159 3535 1221 sci-

1964 1242 2090 1298 licet
2119 1244 2293 1298 bonus
2323 1244 2413 1299 ille
2445 1259 2658 1309 servus,
2691 1254 2916 1315 accepta
2951 1254 3220 1316 potestate
3247 1263 3412 1317 super
3441 1249 3535 1303 de-

1964 1349 2081 1389 cem
2121 1334 2390 1397 civitates,
2454 1334 2700 1404 quinimo
2729 1337 2900 1391 instar
2931 1336 3106 1392 ﬁdelis
3162 1352 3227 1391 ac
3251 1338 3548 1407 prudentis

1964 1421 2235 1474 teconomi
2267 1423 2309 1486 ⁸,
2349 1421 2464 1490 ipse
2496 1438 2715 1492 quoque
2748 1424 2872 1494 (nec
2900 1440 3154 1499 magnum
3186 1426 3382 1497 dictu.)
3414 1443 3541 1481 om-

1964 1513 2126 1567 nibus
2157 1527 2279 1587 qute
2327 1523 2454 1567 sunt
2486 1512 2699 1569 Domini
2758 1515 2850 1573 sui.
2909 1517 3253 1587 praepositus.
3314 1518 3549 1576 Minime

1965 1613 2147 1658 autem
2201 1604 2525 1673 praedicatur
2554 1605 2759 1674 justus,
2794 1606 2892 1664 sed
2917 1607 3149 1669 elIicitur
3178 1627 3192 1664 :
3224 1608 3538 1677 Tbeologus

1966 1706 2149 1750 autem
2214 1704 2326 1750 tum
2385 1694 2638 1760 efﬁcitur,
2711 1706 2829 1751 tum
2898 1700 3184 1768 magniﬁce
3267 1703 3536 1769 praedica-

1970 1795 2079 1841 tur.

2037 1919 2176 1977 illinc
2204 1919 2466 1986 Trinitas,
2490 1920 2637 1977 haud
2656 1936 2816 1978 secus
2840 1936 2906 1977 ac
2922 1922 3131 1993 lampas
3158 1924 3303 1979 trino
3323 1925 3552 1997 fulgens-

1964 2010 2192 2075 lumine,
2230 2012 2429 2066 eximie
2454 2012 2508 2066 in
2530 2027 2596 2067 eo
2625 2027 2876 2076 accensa,
2905 2027 3012 2067 non
3041 2013 3152 2079 jam
3182 2014 3379 2069 silentii
3422 2032 3538 2070 mo-

1963 2101 2056 2156 dio
2089 2102 2261 2170 premi
2300 2103 2605 2159 sustinebat
2640 2121 2653 2158 :
2686 2118 2793 2159 non
2811 2102 2926 2173 jam
2952 2104 3023 2157 ad
3047 2118 3144 2159 eos
3204 2084 3547 2176 indulgentia

1963 2194 2223 2249 utendum
2253 2195 2639 2257 arbitrabatur,
2672 2210 2907 2264 quorum
2936 2192 3258 2250 imbecillior
3283 2208 3400 2252 erat
3416 2198 3539 2252 ani-

1964 2300 2120 2350 mus;
2146 2284 2243 2339 sed
2264 2284 2407 2339 sicut
2438 2285 2815 2340 lucidissimus
2836 2285 2942 2340 iste
2971 2287 3076 2350 sol,
3105 2287 3221 2357 jam
3253 2299 3417 2343 terrae
3442 2303 3537 2343 so-

1961 2373 2110 2428 lutus
2140 2374 2288 2438 sinu,
2325 2375 2488 2442 inque
2515 2376 2852 2432 horizontem
2897 2386 3040 2432 terra
3065 2379 3405 2448 superiorem
3434 2381 3538 2434 mi-

1961 2465 2215 2521 cantibus
2249 2465 2417 2523 radiis
2439 2466 2703 2534 tantisper
2727 2467 3082 2535 prominens;
3114 2469 3377 2523 hactenus
3406 2470 3537 2539 qui-

1958 2556 2081 2611 dem
2116 2572 2361 2613 summos
2389 2558 2654 2612 montium
2687 2559 2914 2614 vertices
2962 2575 3179 2614 sensum
3239 2561 3360 2615 luce
3408 2577 3538 2632 per-

1960 2648 2218 2713 fundens,
2260 2650 2428 2704 densa
2462 2651 2808 2705 tenebrarum
2840 2650 2907 2706 ad
2955 2659 3113 2705 terra;
3141 2667 3275 2706 cava
3312 2661 3537 2709 contru-

1957 2739 2076 2799 dit:
2136 2741 2511 2811 paulatimque
2560 2756 2914 2811 promovens,
2973 2743 3200 2799 omnino
3243 2744 3537 2813 caliginem

1957 2829 2188 2899 dissipat
2207 2839 2372 2900 atque
2396 2830 2637 2899 dispellit
2710 2829 3139 2900 universumque
3155 2832 3345 2887 orbem
3379 2841 3545 2887 teme

1959 2921 2148 2974 mundi
2179 2922 2457 2976 communi
2490 2923 2613 2978 luce
2662 2921 2900 2977 ubertim
2950 2922 3226 2991 impertit;
3258 2923 3366 2978 nisi
3405 2923 3537 2991 quid

1954 3027 2021 3066 ex
2051 3027 2240 3067 eorum
2293 3027 2492 3081 genere
2522 3024 2627 3080 est,
2684 3028 2809 3082 quas
2866 3023 3024 3067 noctu
3082 3024 3405 3083 pascuntur,
3435 3028 3539 3069 nec

1961 3104 2094 3159 solis
2120 3105 2303 3159 radius
2327 3103 2467 3160 l'erre
2504 3114 2773 3175 possunt;
2802 3103 2884 3159 sic
2905 3104 3165 3159 nimirum
3195 3114 3539 3175 comparata,

1966 3204 2024 3249 ut
2052 3195 2191 3250 lucis
2213 3196 2533 3256 excellentia
2557 3211 2743 3250 eorum
2764 3211 2871 3253 non
2895 3207 3003 3251 tam
3035 3197 3338 3251 illustretur
3360 3197 3536 3264 visus,

1966 3300 2130 3354 quam
2163 3286 2477 3353 deteratur;
2513 3296 2607 3340 aut
2629 3295 2853 3355 propter
2870 3295 3085 3341 meatus
3106 3285 3405 3341 inferendae
3426 3287 3538 3343 luci

1967 3392 2077 3432 non
2121 3377 2376 3443 idoneos,
2428 3393 2530 3432 nec
2580 3377 2713 3433 satis
2747 3378 3048 3447 explicatos
3092 3387 3148 3432 ut
3191 3378 3539 3448 splendorem

1966 3468 2261 3537 recipiant;
2328 3469 2641 3537 cuiusmodi
2690 3469 2860 3525 lustra
2922 3469 3088 3536 subit,
3146 3485 3210 3524 ac
3261 3480 3537 3540 petrarum

1968 3574 2183 3627 specus.
2215 3559 2307 3613 Sic
2335 3574 2555 3628 quoque
2578 3558 2908 3630 Gregorius;
2951 3561 3083 3629 quin
3113 3561 3293 3629 potius
3323 3577 3445 3631 quae
3482 3563 3539 3615 in

1967 3650 2061 3705 illo
2087 3650 2234 3705 velut
2255 3650 2389 3703 orbe
2418 3649 2553 3704 solis
2592 3650 2761 3704 rutilo
2775 3650 3091 3719 quiescebat
3120 3648 3384 3714 Trinitas,
3419 3652 3537 3719 pri-

1969 3756 2117 3794 mum
2145 3749 2327 3795 mente
2358 3740 2708 3796 sublimiores
2734 3740 3036 3804 illustraus,
3070 3749 3296 3810 tumque
3318 3756 3540 3796 omnem

1969 3831 2215 3884 animum
2246 3830 2367 3886 luce
2391 3829 2617 3899 dignum
2659 3831 2882 3885 amabili
2910 3830 3139 3886 scientia
3186 3830 3422 3900 replens,
3456 3830 3542 3887 fe-

1971 3921 2150 3977 rinum
2175 3935 2334 3975 cunne
2363 3931 2572 3989 pectus,
2604 3935 2937 3990 sensumque
2963 3921 3188 3977 allectus
3241 3936 3272 3976 a
3327 3924 3543 3977 ratione

1968 4011 2133 4067 alieni
2191 4012 2483 4069 alumnum
2539 4020 2698 4069 teme
2748 4012 2948 4071 abditis
3000 4013 3295 4067 obscurum
3341 4013 3538 4067 tradit:

1964 4117 2163 4171 nempe
2195 4117 2303 4157 non
2326 4101 2586 4158 ferentem
2618 4102 2787 4158 divini
2849 4103 2983 4158 radii
3033 4103 3331 4173 spiritalem
3413 4104 3541 4161 illir~

1968 4195 2324 4260 stratiouem;
2359 4202 2522 4263 atque
2542 4194 2663 4251 ideo
2686 4194 2926 4250 divinam
2956 4194 3302 4263 repellentem
3341 4194 3539 4260 lucem,

1968 4285 2116 4356 quod
2149 4286 2232 4340 vel
2259 4285 2404 4343 malo
2431 4295 2644 4343 uatum
2680 4285 2862 4354 genio,
2913 4285 2998 4341 vel
3030 4285 3201 4340 animi
3249 4286 3539 4354 pravitate,

1968 4376 2347 4437 excellentiam
2376 4377 2636 4434 bonitatis
2664 4379 2940 4445 suscipere
2967 4391 3074 4432 non
3098 4378 3290 4446 possit.

270 4500 394 4570 ipso
433 4517 686 4574 pet-tore,
740 4516 904 4577 atque
956 4511 1139 4565 animo
1172 4511 1390 4565 duriore
1416 4513 1569 4585 plaga
1604 4514 1855 4572 anigitur,
1892 4490 1935 4543 ί)
2033 4510 2176 4578 Ergo
2207 4509 2412 4563 civitati
2463 4509 2703 4579 quidem,
2737 4508 2902 4577 inque
2939 4524 3002 4563 ea
3037 4510 3346 4579 agentibus,
3376 4509 3543 4578 atque

276 4587 549 4649 Tentator
576 4597 730 4651 enim
779 4598 931 4652 velut
963 4601 1149 4665 armis,
1188 4611 1351 4672 atque
1386 4603 1603 4672 jaculis,
1632 4592 1861 4677 nequis-

1959 4602 2193 4664 civibus,
2242 4618 2364 4672 quae
2397 4602 2450 4656 in
2484 4600 2748 4671 Gregorio
2780 4611 2901 4656 erat
2948 4601 3073 4655 trini
3130 4602 3266 4657 solis
3293 4602 3542 4655 exoritur

261 4683 538 4741 simorum
602 4689 898 4756 dentibus,
935 4691 1265 4763 linguisque,
1301 4696 1447 4751 velut
1496 4699 1672 4755 acutis
1727 4716 1860 4756 usus

1966 4693 2081 4760 lux;
2142 4694 2437 4763 provincia:
2490 4694 2693 4758 autem,
2758 4708 2823 4748 ac
2855 4708 2977 4763 qua:
3005 4703 3157 4747 extra
3193 4702 3344 4757 sunt,
3386 4694 3536 4750 illius

256 4775 486 4843 gladiis,
524 4781 918 4835 haereticorum
955 4784 1209 4854 loquendi
1243 4786 1484 4855 licentia,
1521 4799 1683 4860 atque
1724 4808 1858 4862 pm-
1956 4785 2331 4838 destituuntur
2358 4783 2582 4837 luminis
2620 4784 2910 4837 claritate?
2938 4794 3031 4837 aut
3063 4784 3258 4838 vicinis
3290 4783 3539 4853 quidem.

255 4869 365 4921 ritu
395 4871 679 4925 continue
704 4881 962 4941 tanquam
991 4877 1370 4940 mucronibus,
1404 4877 1569 4945 ferit;
1595 4886 1857 4952 percutit-

255 4973 366 5025 que
389 4962 771 5031 hlasphemiis
788 4964 1033 5019 animum
1055 4984 1069 5031 ;
1091 4974 1255 5037 atque
1274 4984 1462 5024 eorum
1483 4975 1766 5042 opera.qui
1790 4975 1865 5030 si-

253 5055 467 5109 mulata
486 5055 626 5116 ﬁde,
642 5056 943 5109 amicitiam
964 5057 1359 5127 proﬁtebantur
1382 5062 1458 5129 (in
1482 5062 1681 5127 quibus
1698 5064 1861 5118 etiam

248 5143 357 5199 fuit
382 5145 685 5201 Maximus
710 5147 981 5218 Cynicus;
1017 5150 1177 5218 cujus
1206 5167 1307 5221 pro
1337 5151 1540 5224 Cynica
1564 5154 1744 5211 indole
1772 5171 1866 5210 su-

1960 4890 2060 4929 nec
2107 4875 2324 4945 longius
2371 4876 2581 4929 dissitis
2639 4875 2925 4945 theologia:
2952 4875 3216 4945 splendor
3237 4875 3445 4941 illucet,
3476 4875 3545 4929 ad

1968 4982 2065 5023 eos
2113 4978 2292 5022 autem
2340 4968 2435 5035 qui
2489 4968 2678 5037 procul
2732 4967 2927 5021 remoti
2959 4975 3109 5030 sunt,
3167 4982 3234 5022 ac
3299 4977 3547 5022 extrema

1971 5066 2131 5113 teme
2189 5064 2484 5126 occupant,
2538 5070 2855 5112 sermonum
2909 5055 3083 5125 gratia
3135 5070 3247 5110 non
3288 5054 3549 5124 attingit?

1974 5162 2065 5204 aut
2092 5150 2340 5220 pervenit
2376 5148 2593 5217 quidem
2618 5150 2783 5202 etiam
2807 5148 2874 5202 ad
2900 5148 3043 5213 illos,
3069 5148 3303 5203 obscure
3327 5147 3547 5201 tamen?

1974 5252 2063 5295 aut
2091 5241 2235 5294 clare
2256 5242 2497 5310 quidem,
2539 5247 2594 5294 at
2623 5255 2729 5295 non
2763 5238 3011 5307 ﬁrmiter,
3047 5248 3103 5295 et
3146 5248 3200 5294 ut
3233 5236 3545 5308 perennet?

1974 5329 2446 5401 Haudquaquam;
2475 5333 2571 5387 sed
2592 5340 2788 5387 cuncta
2819 5332 2983 5385 simul
3014 5329 3549 5400 purgat,illumiuat.

1974 5425 2207 5494 perlicit.
2268 5422 2472 5492 Purgat
2507 5422 2729 5493 quidem
2780 5422 3002 5477 haeresis
3047 5421 3282 5490 piaculo.
3312 5433 3407 5472 eos
3451 5417 3546 5486 qui

1971 5517 2279 5589 ignorantia
2331 5517 2463 5571 olim
2519 5515 2876 5579 tenebantur;
2930 5513 3143 5567 eximite
3203 5525 3267 5564 ac
3308 5510 3552 5566 coelestia

1973 5608 2385 5680 praedicationis
2406 5607 2604 5664 divinis
2631 5605 2999 5670 sermonibus,
3031 5602 3341 5669 illuminat;
3376 5616 3548 5673 augu-

244 5240 598 5306 percilium,
629 5256 953 5311 morumque
980 5241 1389 5312 impudentiam,
1409 5261 1473 5300 ac
1497 5244 1743 5310 insidias,
1778 5264 1869 5303 ve-

242 5329 330 5384 lut
350 5333 598 5386 cunctis
630 5344 811 5400 notas,
843 5334 1135 5403 dimittam)
1165 5337 1345 5402 omni,
1376 5348 1433 5391 ut
1477 5338 1641 5393 verbo
1665 5340 1862 5407 dicam,

242 5424 554 5487 machina,
590 5438 656 5478 ac
686 5435 805 5481 arte
858 5428 1164 5490 commode,
1204 5428 1549 5485 incommode
1610 5432 1851 5494 admota,

240 5527 359 5581 qua
390 5513 497 5566 ille
530 5511 805 5582 fulgebat,
828 5516 1111 5570 veritatem
1131 5518 1475 5589 redarguere,
1498 5519 1710 5589 sibique
1738 5535 1857 5574 eam

238 5604 567 5657 vindicare
620 5611 791 5658 tcutat
815 5605 1049 5661 actionis
1091 5609 1516 5675 necessitudine,
1553 5626 1617 5665 ac
1658 5627 1760 5681 pro
1789 5611 1863 5665 si-

300 5788 322 5817 ⁸
348 5786 539 5840 Prov.
578 5800 619 5846 I,
645 5782 732 5838 20.

825 5788 845 5818 ⁸
876 5784 978 5839 Job
1012 5804 1107 5852 xu,
1141 5797 1271 5854 ριςη
1295 5790 1385 5845 42.
1500 5791 1519 5821 ⁸
1553 5789 1683 5843 Luc.
1722 5804 1832 5855 xxv,
1864 5789 1950 5842 l7.
