4022 6410
372 408 477 470 471

1565 421 1856 483 ΝΙΕΕΤέΕ
1896 426 2422 490 ΡΑΡΗΙΛΟΟΝῙΞ

3531 433 3643 498 472

371 523 633 578 stissimis
662 525 1025 584 divinissima:
1044 540 1255 588 natura:
1278 534 1522 604 ejusdem
1543 538 1948 606 conjunctionis
1979 545 2021 600 Α
2052 541 2298 605 eductus,
2359 542 2468 596 veri
2503 557 2722 613 quoque
2767 543 3104 598 tabernaculi
3153 544 3378 614 figuram
3411 563 3476 600 ex
3513 565 3639 603 um-

373 615 542 668 radiis
572 618 898 682 concilians,
935 625 1173 690 perlicit.

440 705 558 762 Non
591 725 677 764 me
707 712 837 767 latet
877 730 944 769 eo
973 719 1197 784 provehi
1226 721 1530 776 orationem
1557 764 1571 788 ,
1607 732 1685 788 ut,
1718 739 1822 793 qna
1851 741 1950 777 ex-

368 801 545 854 currit
600 803 933 873 prolixitate,
973 808 1085 877 jam
1143 827 1361 867 nauseae
1410 815 1532 880 ﬂat;
1591 817 1950 885 quamobrem

368 894 575 962 duplici
617 897 900 954 distrahor
922 901 1142 968 aﬂ‘ectu,
1182 905 1421 975 hincque
1463 906 1590 962 inde
1638 908 1833 964 studiis
1865 925 1953 964 se-

369 1000 486 1040 (τοῖ’.
522 987 659 1042 Nam
687 1002 863 1046 metus
889 994 1108 1061 quidem
1144 1013 1210 1049 ne
1235 997 1512 1067 plerisque
1544 999 1849 1065 molestior,
1885 1017 1950 1054 ac

367 1078 554 1134 decori
595 1081 801 1138 inscius
831 1083 1035 1148 videar,
1077 1089 1348 1142 sermonis
1377 1089 1509 1143 mihi
1569 1091 1830 1161 impetum
1867 1093 1949 1145 in-

370 1171 542 1226 hibet.
576 1172 642 1228 At
675 1176 806 1244 quid
831 1177 1047 1245 patior?
1074 1180 1278 1248 quippe
1321 1181 1487 1235 etiam
1539 1183 1675 1238 alias
1702 1199 1823 1237 eum
1865 1193 1992 1237 re--"

368 1265 586 1321 mittere
621 1283 731 1322 non
766 1269 920 1332 sinit,
975 1273 1069 1338 qui
1108 1273 1251 1341 cogit
1291 1288 1467 1338 amor,
1519 1275 1739 1344 vimque
1773 1275 1901 1331 facit
1935 1297 1948 1330 :

370 1366 653 1430 totumque
681 1360 900 1429 peritus
930 1374 1269 1431 expugnans,
1303 1365 1404 1418 sibi
1448 1365 1626 1434 palam
1665 1368 1946 1422 addicens.

368 1451 419 1504 ls
446 1466 682 1518 namque
705 1451 963 1521 Theologi
987 1462 1099 1508 tum
1121 1470 1436 1510 sermonum
1467 1459 1948 1528 magnificentiam,

366 1550 482 1594 tum
518 1540 758 1596 divinam
794 1557 1011 1597 morum
1055 1548 1427 1614 praestantiam
1476 1547 1722 1618 longiore
1755 1551 1950 1604 verbo-

365 1650 488 1688 rum
523 1635 731 1689 ambitu
769 1637 1210 1706 exspatiantibus
1267 1643 1773 1711 comparationibus
1833 1645 1948 1698 cla-

364 1727 482 1782 rius
515 1727 700 1781 animo
729 1743 1051 1798 suggerens,
1081 1740 1139 1784 ut
1171 1731 1226 1785 in
1259 1731 1338 1786 eis
1367 1741 1549 1788 mente
1581 1734 1861 1801 immorer,
1888 1752 1951 1790 ac

368 1819 525 1887 plura
561 1819 778 1890 loquar,
817 1821 1040 1876 evincit.

439 1910 568 1968 Esto
617 1911 805 1982 igitur,
837 1914 1000 1968 etiam
1034 1930 1158 1969 eum
1216 1915 1366 1972 Mose
1417 1933 1518 1986 pro
1570 1919 1713 1974 virili
1761 1930 1948 1974 nostra
1985 1895 2023 1948 Β

369 2019 627 2074 magnum
692 2005 1016 2074 Gregorium
1053 2007 1344 2078 diligenter
1379 2019 1784 2079 comparantes,
1819 2012 1950 2066 hinc

368 2111 591 2166 quoque
614 2098 879 2154 antistitis
910 2100 1173 2168 praeclare
1215 2111 1491 2168 gestorum
1532 2104 1950 2172 amplitudinem

368 2191 800 2246 consideremus.
839 2191 1009 2257 Mose,
1045 2193 1292 2264 inquam,
1326 2195 1441 2260 illo,
1483 2195 1576 2264 qui
1605 2206 1794 2252 sancta
1829 2197 1951 2266 qui-

369 2280 492 2333 dem
526 2280 825 2336 Abrahami
855 2285 1040 2338 radice
1064 2300 1284 2355 germen
1311 2289 1631 2356 progenitus
1653 2289 1746 2354 sit,
1768 2300 1950 2345 metu-

368 2386 476 2439 que
512 2370 820 2428 Pharaonis
863 2375 1044 2431 infans
1075 2378 1128 2430 in
1160 2376 1326 2433 ﬂuvio
1355 2379 1675 2449 expositus;
1719 2397 1784 2436 ac
1809 2381 1952 2437 Pha-

370 2463 554 2519 raonis
587 2463 711 2519 ﬂlite
758 2467 910 2521 visus
939 2467 1184 2538 elegans,
1219 2469 1272 2523 in
1307 2471 1477 2525 lilium
1511 2473 1691 2542 palam
1725 2477 1952 2545 adopta-

369 2564 459 2610 tus
512 2554 728 2610 fuerit:
775 2558 980 2628 quique
1029 2561 1165 2615 adeo
1233 2563 1334 2616 hac
1382 2580 1449 2618 ex
1501 2580 1669 2620 causa
1731 2581 1949 2622 omnem

371 2645 755 2718 {Egyptiorum
816 2650 1100 2706 scientiam
1152 2654 1433 2720 doceatur,
1488 2672 1590 2711 nec
1631 2665 1812 2713 tamen
1858 2674 1952 2714 co-

369 2749 662 2807 gnatorum
693 2742 1026 2798 dedoceatur
1051 2745 1256 2800 amoris
1285 2761 1314 2800 a
1352 2757 1548 2801 natura
1572 2749 1700 2804 vim.
1722 2747 1948 2816 Idcirco,

367 2836 514 2899 quod
547 2833 913 2890 educantibus
967 2836 1113 2891 haud
1147 2838 1281 2893 satis
1309 2854 1522 2908 aequus,
1559 2855 1736 2909 exque
1766 2841 1950 2895 animo

366 2922 619 2986 allectus,
647 2923 1024 2994 deprehensus
1058 2938 1226 2993 esset,
1255 2945 1313 2985 se
1337 2931 1463 3002 fuga
1499 2933 1826 3002 proripiens,
1867 2944 1948 2990 at-

366 3029 475 3082 que
519 3013 587 3069 ad
637 3013 852 3070 Madian
904 3028 1145 3072 montem
1187 3021 1482 3087 transiens,
1536 3023 1756 3094 illicque
1791 3027 1950 3080 uxori

366 3106 627 3176 legitimis
655 3109 944 3177 copulatus
971 3111 1202 3181 nuptiis,
1221 3114 1490 3182 pecudum
1512 3125 1699 3185 pastor
1722 3117 1950 3172 effectus

366 3192 471 3259 sit;
502 3208 672 3264 seque
702 3209 888 3251 rerum
922 3200 1373 3270 contemplationi
1409 3204 1752 3273 impendens,
1773 3222 1950 3274 quan-

367 3296 485 3340 tum
533 3287 746 3342 homini
780 3289 964 3345 videre
994 3306 1322 3348 concessum
1375 3304 1482 3360 est,
1525 3297 1578 3349 in
1614 3297 1752 3352 rubo
1778 3299 1948 3352 Deum

367 3375 586 3431 viderit.

440 3461 490 3520 Is
514 3480 709 3520 rursus
751 3467 804 3519 in
841 3466 1138 3537 [Egyptum
1180 3484 1304 3524 eum
1340 3471 1620 3540 signorum
1656 3473 1952 3529 virtutibus

368 3554 593 3620 missus,
629 3555 1053 3628 {Egyptiacique
1093 3561 1261 3615 animi
1319 3562 1575 3618 duritiem
1606 3580 1946 3635 expugnans,

370 3646 662 3718 multiplici
689 3664 917 3718 prorsus
950 3666 1045 3706 eos
1083 3654 1304 3708 verbere
1359 3669 1424 3708 ac
1456 3657 1607 3725 plaga
1633 3657 1840 3728 aﬂligit,
1864 3659 1948 3713 in-

368 3755 478 3808 que
537 3740 765 3796 braehio
819 3744 1038 3799 excelso
1097 3746 1354 3815 populum
1402 3765 1562 3802 suutn
1617 3750 1853 3805 liberat:
1887 3766 1953 3806 ac

368 3833 586 3902 quidem
624 3835 694 3888 ab
721 3833 1042 3906 Egyptiaca
1075 3840 1393 3895 morositate
1427 3842 1734 3909 redimens;
1781 3843 1952 3914 ignis-

367 3941 477 3995 que
511 3927 790 3992 columna,
824 3944 889 3984 ac
949 3930 1111 3984 nubis
1137 3931 1364 3997 ducens,
1393 3949 1584 3988 eorum
1647 3936 1698 3988 in
1751 3945 1950 3992 terram

371 4019 698 4086 promissam
731 4021 1010 4077 ductorem
1043 4023 1176 4093 agit.
1209 4024 1370 4088 Tum,
1414 4041 1564 4081 mare
1599 4026 1844 4082 Rubrum
1867 4029 1953 4084 di-

371 4113 571 4175 visum,
606 4113 770 4168 siccis
810 4114 891 4169 eis
921 4115 1165 4186 vestigiis
1197 4117 1301 4172 iter
1331 4117 1665 4188 explicavit:
1699 4121 1953 4191 idemque

369 4221 564 4260 rursus
611 4205 666 4259 in
718 4206 960 4275 seipsum
995 4206 1310 4274 confusum,
1342 4210 1789 4277 persecutoribus
1821 4211 1955 4266 inte-

371 4298 509 4351 ritus
540 4298 728 4362 simul,
759 4313 823 4352 ac
847 4299 1156 4368 sepulcrum
1194 4298 1318 4354 fuit.
1351 4300 1492 4356 Hinc
1523 4316 1689 4370 rupes
1714 4304 1950 4373 dirupta,

369 4391 594 4445 ﬂumina
657 4391 971 4460 profundit;
1037 4393 1357 4462 lignumque
1437 4409 1702 4464 aquarum
1794 4405 1954 4451 sanat

369 4483 791 4538 amaritudinem
833 4503 847 4538 :
891 4501 956 4539 ac
986 4486 1207 4555 quidem
1249 4485 1659 4542 firmamentum
1710 4489 1954 4544 aviculas

2056 632 2268 690 bratilis
2303 634 2475 689 forma
2509 635 2580 690 ibi
2627 637 3012 692 contuebatur.
3076 635 3187 692 Illic
3242 639 3638 696 candelabrum

2053 736 2107 781 et
2155 743 2434 794 mensam;
2491 728 2603 783 illic
2645 743 2772 783 aras
2850 737 2905 783 et
2942 743 3154 794 arcam,
3195 730 3413 799 aliaque
3471 731 3640 786 etule-

2053 820 2218 874 stium
2257 820 2614 876 similitudine
2639 833 2942 892 assumpta,
2978 823 3166 891 figurae
3197 825 3408 879 ratione
3433 826 3517 880 vir
3537 824 3634 880 Del

2054 922 2348 978 conspectu
2397 929 2530 968 usus
2586 915 2732 969 serio
2784 915 3278 983 contemplabatur.
3323 915 3451 970 Haec
3505 931 3636 972 vero

2055 1003 2350 1059 tribulibus
2382 1005 2623 1072 tradens,
2650 1020 2715 1060 ac
2754 1008 3121 1061 sacerdotium
3153 1007 3374 1075 quidem
3404 1007 3632 1075 Aaroui,

2053 1112 2313 1165 germano
2340 1112 2592 1166 corpore,
2617 1111 2876 1166 germano
2907 1098 3104 1168 spiritu
3142 1098 3430 1167 praebens;
3475 1099 3634 1154 ducis

2053 1198 2232 1242 autem
2270 1188 2647 1258 przefecturam
2682 1187 2816 1243 .lesu
2846 1188 3051 1244 famulo
3085 1189 3636 1256 concredens,omni-

2056 1295 2163 1348 que
2192 1295 2418 1348 operum
2461 1280 2633 1349 ipsius
2664 1280 2970 1334 ministerio
2997 1297 3062 1335 ex
3096 1281 3308 1334 consilii
3343 1281 3512 1335 divini
3544 1295 3634 1334 ra-

2052 1371 2292 1426 tionibus
2317 1371 2552 1440 expleto,
2582 1371 2661 1426 sic
2691 1371 2857 1426 vitam
2885 1371 3180 1439 caducam,
3213 1373 3490 1442 mortique
3533 1373 3638 1427 ob-

2053 1465 2273 1519 noxiam
2303 1465 2546 1532 deponit.

2123 1557 2214 1612 Sic
2239 1557 2458 1626 quidem
2495 1555 2701 1622 Moses;
2731 1558 2889 1628 isque
2943 1559 3026 1629 (ut
3056 1557 3249 1627 paucis
3278 1555 3634 1626 complectar)

2051 1649 2170 1719 ejus
2224 1650 2455 1704 instituti
2538 1651 2770 1720 vitaeque
2811 1651 3040 1705 rationis
3079 1650 3274 1704 modus
3310 1648 3434 1702 fuit.
3487 1646 3632 1712 Quid

2053 1757 2180 1796 vero
2208 1741 2536 1812 Gregorius?
2571 1741 2762 1797 Nonne
2790 1757 3068 1798 sacrorum
3099 1750 3409 1811 parentum,
3445 1753 3636 1796 sacra-

2053 1832 2264 1886 tissima
2326 1833 2504 1901 proles
2546 1833 2754 1887 eluxit?
2802 1831 2994 1887 Nonne
3043 1832 3091 1887 is
3148 1847 3371 1901 quoque
3431 1831 3635 1886 saeculo

2055 1933 2312 1993 tanquam
2348 1923 2514 1978 ﬂuvio
2542 1925 2847 1994 expositus,
2882 1925 3122 1994 Spiritus
3167 1926 3384 1993 quidem
3438 1923 3626 1994 signa-

2056 2017 2182 2070 culo
2222 2017 2424 2071 ﬁscella
2447 2017 2818 2072 communitus
2851 2018 3010 2072 esl':
3048 2017 3294 2073 saeculari
3333 2025 3516 2070 autem
3547 2031 3634 2071 sa-

2055 2109 2270 2178 pientiae
2317 2109 2563 2177 elegans,
2596 2109 2896 2179 dexterque
2931 2109 3114 2164 indole
3152 2108 3326 2169 visus,
3365 2117 3530 2177 atque
3577 2107 3632 2160 in

2053 2199 2223 2254 ﬁlium
2251 2199 2299 2254 ei
2333 2199 2646 2268 adoptatus,
2688 2201 2742 2254 in
2777 2216 2840 2255 ea
2869 2200 3137 2265 eruditur,
3165 2209 3333 2269 atque
3363 2213 3634 2269 praepara-

2055 2292 2181 2345 tur?
2207 2290 2347 2345 Num
2397 2292 2544 2348 illius
2579 2308 2800 2348 sensum
2850 2291 3111 2346 humilem
3198 2307 3262 2344 ac
3293 2290 3634 2360 superstitio-

2053 2401 2179 2440 nem
2240 2385 2618 2442 lubentissime
2651 2385 2887 2454 fugiens,
2943 2384 3254 2440 sublitniori
3296 2384 3636 2453 contempla-

2055 2477 2222 2540 tione,
2280 2490 2344 2530 ae
2392 2478 2565 2545 magis
2590 2492 2620 2530 e
2658 2477 2857 2546 pietate
2910 2489 3045 2531 usus
3095 2483 3179 2529 est
3207 2474 3272 2527 ad
3306 2473 3634 2543 sapientiam

2054 2567 2260 2623 mundo
2289 2569 2676 2638 superiorem?

2123 2659 2239 2715 Non
2273 2660 2638 2731 comtnigrans
2691 2646 2838 2714 velut
2892 2657 3070 2713 Moses
3125 2656 3193 2712 ad
3245 2664 3484 2710 montem
3518 2652 3632 2708 Ma-

2053 2749 2236 2815 dian",
2289 2751 2381 2804 sed
2435 2765 2606 2805 sacrae
2643 2749 2810 2803 animi
2859 2746 3292 2818 tranquillitatis,
3334 2761 3400 2800 ac
3431 2746 3635 2814 imper-

2053 2843 2385 2899 turbationis
2415 2844 2670 2896 verticem
2707 2841 3119 2905 conscendens;
3178 2853 3279 2893 nec
3328 2837 3474 2892 sicut
3524 2837 3635 2901 ille,

2053 2933 2338 2989 mortalem
2363 2932 2467 2988 sibi
2496 2931 2783 3000 conjugem
2811 2944 3120 2995 assumens,
3144 2927 3240 2983 sed
3271 2925 3527 2998 perfectae
3548 2942 3635 2981 sa-

2053 3026 2270 3097 pientiae
2299 3039 2486 3079 amore
2535 3023 2812 3083 incensus,
2842 3020 3070 3090 ejusque
3094 3021 3396 3091 gratiarum
3429 3034 3635 3074 corona

2052 3117 2251 3173 eximie
2278 3126 2542 3179 ornatus;
2576 3130 2676 3169 nec
2713 3113 2982 3185 pecudum
3029 3115 3260 3169 rationis
3306 3113 3635 3183 expertium,

1975 3235 2019 3296 ρ
2054 3210 2149 3268 sed
2184 3209 2395 3264 ratione
2430 3223 2556 3262 vere
2589 3207 2856 3262 utentium
2889 3206 3315 3276 probatissimos
3342 3213 3528 3276 pastor
3555 3204 3637 3258 ef-

2055 3303 2252 3366 fectus,
2287 3300 2332 3356 si
2362 3301 2487 3370 quis
2526 3299 2664 3354 alius
2691 3298 3004 3353 mortalium
3045 3297 3375 3353 lnvisibilem
3403 3297 3631 3361 videt’;

2053 3409 2118 3448 ac
2147 3393 2385 3448 revelata
2439 3390 2578 3446 faeie
2612 3391 3012 3459 contemplatus
3062 3389 3269 3443 Domini
3298 3387 3622 3448 claritatem,

2057 3495 2170 3540 tum
2211 3483 2667 3551 contemplatione
2689 3482 2754 3548 ιθ,
2774 3489 2890 3536 tum
2922 3481 3160 3551 potentia
3187 3478 3623 3547 repletur,atque

2055 3579 2110 3632 in
2138 3577 2297 3630 istam
2327 3574 2560 3628 mittitur
2588 3573 2903 3644 Egyptum.
2953 3573 3177 3627 Mittitur
3203 3585 3328 3624 vero
3355 3577 3417 3622 ut
3448 3582 3620 3636 popu-

2055 3672 2167 3725 lum
2211 3667 2443 3722 Domino
2498 3667 2823 3738 peculiarem
2854 3667 3196 3735 acquireret;
3254 3672 3415 3731 atque
3449 3677 3479 3714 a
3505 3659 3629 3714 cali-

2054 3764 2247 3833 ginosa
2294 3759 2674 3813 haereticorum
2718 3758 3026 3830 ignorantia
3065 3756 3349 3818 liberatos,
3396 3751 3462 3806 ad
3489 3751 3629 3805 luci-

2054 3855 2178 3908 dam
2221 3853 2274 3906 in
2312 3851 2416 3905 fide
2444 3849 2739 3904 viventium
2783 3848 3026 3903 veritatis
3058 3846 3426 3901 hatreditatem
3461 3851 3634 3897 trans-

2055 3947 2239 4001 ferret.

2131 4040 2294 4111 Virga
2327 4039 2550 4110 quidem
2580 4053 2609 4092 a
2645 4037 2754 4091 Deo
2777 4035 2998 4090 minime
3028 4035 3082 4088 in
3117 4047 3314 4088 manus
3339 4031 3533 4086 tradita
3560 4027 3631 4096 ";

2055 4134 2186 4204 quin
2248 4135 2364 4202 ipse
2414 4132 2593 4201 potius
2632 4130 2782 4200 virga
2831 4129 3050 4182 virtutis
3087 4125 3317 4180 eﬂicitur
3371 4121 3632 4177 divinitus

2055 4226 2246 4280 missa.
2283 4221 2447 4292 Virga
2490 4221 2708 4291 utique,
2751 4235 2859 4274 non
2890 4234 3013 4288 quae
3052 4217 3105 4270 in
3143 4216 3487 4271 seductorem
3524 4223 3633 4264 ser-

2056 4329 2270 4389 pentem
2306 4315 2726 4370 transformetur
2752 4313 2817 4378 ¹²,
2855 4313 2946 4366 sed
2977 4327 3097 4380 qtne
3127 4311 3178 4363 in
3220 4308 3452 4363 formam
3487 4302 3634 4358 Chri-

2057 4418 2202 4464 stum
2229 4405 2578 4469 referentem,
2620 4419 2684 4457 ac
2710 4413 2945 4457 mentem
2987 4400 3304 4453 immutetur
3331 4413 3344 4449 :
3383 4411 3488 4450 non
3516 4405 3635 4461 qua:

2057 4513 2254 4570 aquam
2293 4495 2586 4566 potabilem
2614 4493 2669 4546 in
2699 4493 3020 4562 sanguinem
3048 4489 3196 4560 potui
3237 4487 3481 4541 inutilem
3513 4499 3636 4538 ver-

371 4576 508 4645 Ρίιιῖι
552 4576 698 4631 Sim"
749 4577 1240 4646 Pulveremicmlo
1272 4593 1460 4633 verum
1498 4594 1716 4648 Panem»
1773 4583 1952 4651 ενίεεο
1985 4575 2028 4628 Ῐ)
2057 4591 2221 4654 tat”,
2267 4589 2359 4644 sed
2423 4603 2548 4657 qua;
2585 4585 2807 4656 potabili
2854 4583 3126 4641 doctrina,
3182 4580 3384 4635 salsam
3443 4591 3635 4632 eorum

369 4669 565 4734 imbre,
589 4669 830 4725 demittit
861 4687 875 4723 :
909 4679 1076 4740 atque
1123 4680 1362 4725 extensae
1403 4687 1639 4736 manus,
1665 4673 1954 4728 innumera

372 4757 561 4820 fugant
595 4759 834 4814 hostium
876 4761 1079 4828 millia;
1113 4760 1482 4832 Deiquejusta
1531 4765 1822 4830 sententia,
1855 4781 1952 4835 po-

371 4853 556 4922 pulum
586 4861 1021 4907 murmurantem
1057 4854 1302 4910 vicissim
1342 4855 1462 4910 neci
1492 4856 1678 4911 tradit.

439 4943 596 5009 Quod
647 4945 892 4999 omnium
939 4946 1265 5013 maximum,
1321 4949 1734 5018 maximamque
1788 4948 1954 5004 habet

369 5037 826 5104 admirationem,
881 5039 1130 5095 ascendit
1175 5041 1228 5100 in
1277 5049 1520 5096 montem
1552 5042 1832 5097 excelsum
1863 5058 1954 5098 so-

369 5133 475 5194 lus,
506 5131 832 5201 dierumque
859 5133 1220 5204 quadraginta
1253 5133 1464 5204 jejunio
1507 5151 1744 5205 corpore
1791 5151 1954 5190 mun-

366 5225 552 5288 datus,
614 5226 800 5280 animo
827 5227 1100 5296 expiatus,
1134 5228 1416 5282 tremenda
1464 5227 1559 5284 Dei
1613 5243 1800 5284 coram
1830 5228 1952 5282 ani-

368 5319 772 5385 madversione,
807 5321 1286 5390 prasstantiorique
1312 5321 1364 5375 in
1405 5323 1590 5390 specie
1618 5323 1761 5392 ignis
1786 5337 1956 5391 appa-

366 5412 590 5478 ritione,
624 5422 789 5484 atque
819 5415 1070 5479 vocibus,
1119 5429 1184 5468 ac
1219 5413 1387 5479 tubis,
1421 5423 1680 5484 tanquam
1720 5415 1772 5467 in
1803 5429 1955 5484 sym-

369 5507 534 5568 bolis.
555 5509 815 5579 dignatur
841 5526 857 5566 :
894 5508 1235 5578 lapideisque
1263 5509 1464 5564 tabulis
1487 5510 1786 5578 inscriptas
1809 5509 1956 5578 leges

369 5601 668 5670 accipiens,
733 5611 898 5674 atque
948 5603 1131 5659 varios
1184 5603 1296 5658 illic
1357 5603 1754 5659 sacrificiorum
1821 5604 1958 5657 ritus

444 5808 463 5837 "
490 5807 662 5860 Exod.
703 5825 758 5870 II,
787 5811 840 5865 3.
918 5813 939 5843 ⁸
973 5813 1104 5877 ibid.
1161 5815 1248 5870 15.
1327 5815 1392 5868 ⁹Ι
1433 5812 1577 5869 Tim.
1607 5831 1646 5878 ι,
1688 5815 1774 5870 17.
1856 5815 1897 5846 ³⁸
1925 5813 1953 5867 ll

461 5877 600 5930 Psal.
629 5895 736 5941 etv,
771 5881 863 5937 9.9.
946 5886 986 5914 ”
1015 5883 1183 5939 Exod.
1221 5901 1338 5941 vm.
1368 5886 1422 5941 ἓξ
1447 5901 1576 5941 xm.
1619 5885 1710 5941 21.
1794 5886 1833 5916 ¹⁸
1871 5885 1953 5940 Exn

2055 5830 2121 5868 )r.
2151 5831 2231 5879 tn,
2260 5813 2345 5868 18.
2463 5812 2502 5843 ¹¹
2539 5811 2711 5865 Exod.
2750 5827 2825 5874 tv,
2861 5811 2914 5863 9..

2079 5901 2130 5941 χ,
2160 5885 2212 5940 5.
2301 5886 2342 5916 ¹⁶
2378 5882 2546 5938 Exod.
2588 5899 2662 5941 Ix,
2687 5881 2777 5934 23.

1916 5925 2040 5941 ,ινυι
2080 5925 2130 5953 οἱ)
2160 5925 2212 5940 νο

379 5877 422 5908 ¹³
461 5877 600 5930 ΡιιιΙ.
629 5895 736 5945 etv,
771 5881 863 5937 9.9.
946 5886 986 5914 ”
1015 5883 1183 5939 Exod.
1221 5901 1338 5951 vm,
1368 5886 1422 5952 2;
1447 5901 1576 5951 xm,
1619 5885 1710 5941 21.

2054 4684 2352 4752 abstergat.
2382 4677 2500 4733 Non
2536 4693 2658 4746 qua:
2693 4677 2984 4745 ingruente
3010 4672 3287 4742 reptilium
3317 4669 3496 4738 copia,
3539 4681 3633 4722 ea-

2054 4790 2160 4843 que
2191 4772 2518 4828 edacissima
2548 4768 2892 4824 adversarios
2920 4763 3325 4832 eonfringat”;
3373 4761 3466 4816 sed
3517 4773 3636 4828 quae

2055 4866 2366 4923 eﬂicacibus
2416 4865 2663 4934 vivisque
2699 4861 3048 4916 sermonibus
3099 4857 3452 4912 durissimam
3485 4869 3634 4908 men-

2059 4971 2166 5016 tem
2225 4969 2390 5029 atque
2441 4958 2735 5028 superbam
2788 4955 2934 5009 velut
2990 4952 3205 5022 ﬂagello
3259 4949 3469 5013 caedat;
3517 4947 3636 5001 aliis

2057 5051 2275 5122 quidem
2311 5050 2511 5104 vulnus
2578 5062 2643 5102 ac
2679 5048 2831 5117 plaga
2891 5055 3132 5106 tumens,
3186 5057 3293 5095 non
3323 5049 3518 5108 suapte
3554 5038 3639 5090 in-

2057 5143 2198 5205 dole,
2238 5139 2331 5195 sed
2358 5139 2576 5194 illorum
2624 5137 2962 5199 morositate,
2990 5135 3083 5204 qui
3121 5133 3271 5186 omni
3309 5131 3491 5185 uicere
3553 5129 3636 5182 iu-

2057 5233 2361 5290 sanabilius
2411 5231 2615 5286 invidia
2681 5229 2948 5283 vulnerati
3005 5244 3069 5282 ac
3121 5225 3305 5280 fuadati
3356 5223 3637 5283 essrnt";

2056 5326 2180 5380 aliis
2218 5323 2521 5380 consolatio
2561 5321 2725 5384 bona,
2781 5318 3162 5373 fulcimentum
3221 5329 3286 5368 ac
3334 5314 3528 5382 gratia.
3565 5311 3641 5362 Ac

2056 5416 2276 5488 quidem
2316 5416 2460 5478 aliis,
2503 5415 2674 5467 instar
2706 5413 3018 5483 grandinis,
3073 5409 3326 5476 ignisque
3358 5406 3638 5473 ingruens,

2058 5520 2172 5564 tum
2209 5509 2476 5564 densitate
2507 5520 2847 5570 sermonum,
2879 5516 2994 5558 tum
3019 5503 3329 5556 divinorum
3363 5498 3489 5566 igne
3515 5511 3640 5550 sen-

2056 5617 2266 5665 sorum,
2318 5602 2727 5654 contumacium
2786 5598 3002 5651 animos
3031 5593 3392 5650 consumebat
3421 5590 3491 5653 ¹⁶;
3521 5587 3642 5642 aliis

3032 5807 3072 5838 ³³
3101 5803 3274 5858 Exod.
3318 5817 3413 5864 vn,
3454 5801 3514 5853 l‘)
3546 5798 3637 5852 ‘20.

2301 5886 2342 5916 ¹⁶
2378 5882 2546 5938 Exod.
2588 5899 2662 5948 Ix,
2687 5881 2777 5934 23.
