4022 6400
231 470 336 533 47:}

234 583 377 635 velut
411 596 503 633 ros
537 595 566 632 e
596 579 735 633 cmlo
770 580 965 635 leniter
991 583 1226 648 stillans,
1262 584 1516 638 sensibus
1554 593 1613 638 ut
1647 584 1805 638 flore-
1835 590 1880 644 Α
1910 583 2346 652 praestantiorem
2383 601 2546 654 quam
2581 601 2678 652 pro
2711 601 2904 640 sensus
2935 588 3148 642 ratione
3185 589 3276 644 Dei
3318 591 3488 644 visio-
3578 653 3590 663 ,

234 680 372 736 rent,
412 665 706 740 priestabat
733 687 747 723 :
773 673 1087 741 atque‘aliis
1109 675 1328 742 quidem
1363 675 1596 729 tenebrae
1626 676 1810 746 palpa-

234 764 364 820 biles
393 762 679 831 prostabat
699 762 739 794 "
763 780 778 829 ;
807 763 932 817 aliis
976 765 1068 818 lux
1095 764 1293 819 mentis
1327 774 1539 829 sancta,
1571 781 1635 819 ex
1663 766 1804 830 luce,

237 872 348 926 qua:
373 853 527 909 omni
557 853 732 920 major
757 855 1044 909 sanctitate
1100 865 1202 919 est,
1230 856 1444 910 abunde
1475 856 1762 926 eﬂ‘ulgebat
1791 875 1806 910 :

236 949 354 1017 quin
388 945 592 1014 potius,
624 945 715 1014 qui
769 945 862 999 lux
910 945 1122 1000 cunctis
1150 961 1277 1001 vera
1313 955 1423 1000 tum
1474 947 1648 1008 fieret,
1693 959 1807 1001 tum

232 1047 406 1101 esset;
438 1035 564 1090 aliis
598 1036 819 1104 quidem
850 1035 1161 1090 illustrandi
1194 1037 1245 1090 vi
1276 1037 1512 1106 pollebat
1537 1039 1628 1108 (iis
1659 1039 1808 1093 scili-

233 1137 306 1181 cet
331 1127 424 1194 qui
453 1139 569 1180 suae
599 1124 800 1178 mentis
826 1126 986 1180 oculo
1017 1128 1084 1179 ab
1109 1127 1229 1193 ejus
1259 1126 1561 1195 fulgoribus
1585 1129 1808 1182 minime

234 1219 635 1287 athrrerent),
668 1218 790 1271 aliis
817 1217 1169 1280 obscurandi,
1224 1219 1318 1287 qui
1353 1220 1571 1288 pmpria
1607 1221 1807 1276 mentis

234 1307 510 1365 debilitate
541 1325 724 1364 veram
779 1310 1080 1364 claritatem
1126 1311 1339 1365 obtueri
1393 1326 1499 1363 non
1551 1321 1804 1379 possent;

235 1403 322 1472 qui
364 1403 542 1455 lucem
575 1399 816 1469 quidem,
867 1408 926 1454 ut
965 1401 1240 1453 inimicam
1283 1399 1625 1471 refugerent;
1661 1410 1808 1454 tene-

237 1495 356 1546 bras
375 1502 567 1545 autem
603 1500 863 1558 tanquam
903 1490 1263 1545 suavissimas
1321 1489 1452 1543 sibi-
1477 1490 1803 1558 deligerent.

237 1585 308 1637 Ac
334 1583 572 1636 alierum
602 1580 824 1650 quidem
857 1580 1052 1634 mentis
1092 1582 1366 1633 rationum
1429 1595 1494 1634 ac
1526 1581 1805 1634 actionum

241 1674 529 1744 primitiva,
570 1673 914 1742 argumentis
959 1671 1250 1726 confutans
1302 1672 1804 1738 exterminabat“;

244 1766 462 1818 aliorum
495 1772 677 1818 autem
713 1763 1172 1818 incontaminalas
1204 1763 1259 1818 in
1297 1763 1502 1819 Christi
1545 1763 1809 1834 sanguine

245 1857 442 1910 animas
469 1855 849 1910 conservabat.

928 472 1212 533 ORATIO
1248 473 1376 533 XX.
1408 496 1475 509 -
1512 474 1597 533 IN
1637 473 1952 535 LAUDEM
1991 475 2051 534 S.
2088 473 2466 534 GREGOBII
2504 478 2775 538 THEOL.

3378 480 3486 542 474

1912 689 2038 729 nem
2099 684 2331 741 nactus;
2388 689 2498 728 non
2552 674 2766 746 fragore
2826 678 3198 746 mugientibus
3234 682 3484 745 vocibus,

1909 766 2168 836 tubisque
2218 781 2397 820 aerem
2426 767 2476 819 vi
2506 769 2960 835 percutientibus,
2997 769 3484 839 vehementiusque

1908 857 2136 911 auribus
2168 857 2589 923 insonantihus;
2631 858 2724 913 sed
2756 859 2876 912 sine
2923 860 3178 927 strepitu,
3208 868 3369 928 atque
3406 861 3486 914 le-

1911 948 2073 1013 niter,
2129 957 2186 1002 et
2243 948 2351 1002 leni
2411 964 2476 1004 ac
2525 948 2708 1018 quieto
2757 948 2849 1004 Dei
2889 949 3114 1019 Spiritui
3148 950 3486 1018 colloquens,

1909 1027 2095 1108 illique
2124 1040 2501 1109 congrediens,
2544 1056 2610 1095 ac
2655 1041 2873 1096 silentio
2909 1056 3135 1108 magnas
3167 1042 3485 1096 sublimium

1909 1131 2250 1184 decretorqu
2285 1145 2445 1185 voces
2486 1131 2793 1200 percipiens
2827 1150 2840 1186 :
2873 1148 2979 1187 non
3016 1133 3250 1188 tenebris
3295 1149 3360 1186 ac
3397 1148 3488 1187 ca-

1909 1220 2074 1290 ligine
2109 1221 2346 1276 obducto
2371 1235 2622 1291 corpore,
2652 1223 2744 1277 sed
2772 1239 2935 1292 supra
2973 1239 3138 1292 quam
3192 1224 3361 1293 ignoti
3405 1226 3486 1276 in-

1908 1313 2412 1381 comprehensionis
2463 1314 2652 1369 notitia
2684 1315 2896 1369 obtecto
2932 1333 2944 1368 :
2974 1330 3082 1368 non
3134 1315 3389 1384 procellis
3421 1330 3486 1368 ac

1910 1405 2125 1458 turbine
2185 1406 2471 1474 ventisque
2526 1403 2804 1471 flantibus,
2863 1406 2956 1461 sed
3019 1407 3188 1460 divini
3249 1405 3485 1475 Spiritus

1909 1495 2250 1549 mollioribus
2277 1497 2428 1550 auris
2455 1495 2847 1565 perflantibus;
2884 1511 2990 1549 non
3025 1496 3328 1551 cmlestium
3354 1496 3485 1548 ima.

1908 1586 2082 1653 gines,
2112 1601 2174 1640 ac
2203 1587 2428 1655 figuras,
2479 1601 2579 1640 nec
2636 1587 2883 1640 veritatis
2928 1586 3182 1640 obtuetur
3233 1584 3480 1648 umbras,

1908 1674 2001 1728 sed
2029 1675 2140 1742 ipsa
2177 1675 2448 1728 sacratius
2474 1675 2700 1729 docetur
2722 1675 2990 1739 caelestia,
3024 1675 3309 1742 ipsamque
3338 1673 3485 1726 clare

1908 1767 2188 1819 veritatem
2219 1767 2409 1819 cernit.
2451 1764 2723 1834 Symbolis
2755 1765 2924 1827 enim,
2986 1780 3049 1818 ac
3093 1765 3304 1818 umbris
3346 1763 3482 1818 Mosi

1909 1856 2219 1926 consliectis
2252 1857 2320 1911 ad
2351 1871 2413 1911 ea
2445 1871 2567 1923 qua:
2605 1871 2733 1908 vera
2787 1865 2915 1909 sunt
2945 1855 3288 1924 intelligenda
3331 1871 3481 1920 usus,

313 1948 450 2000 Idem
499 1948 618 2016 ipse
663 1946 803 2017 ignis
832 1947 1089 2001 columna
1166 1961 1230 2001 ac
1281 1947 1448 2002 nubis
1476 1947 1803 2012 eflicitur";
1839 1931 1884 1990 Β
1913 1963 1975 2002 ac
2007 1961 2102 2016 per
2131 1961 2194 2000 ea
2245 1947 2312 2000 ad
2345 1947 2523 2016 ipsum
2585 1943 2732 2001 clare
2766 1945 3140 2016 legislatorem
3201 1945 3481 2008 devecms,

247 2039 444 2105 peccati
474 2038 760 2108 caliginem
805 2037 1156 2106 dispescens,
1194 2038 1523 2107 virtutisque
1563 2039 1806 2092 laborem

254 2127 520 2196 refrigerio
547 2137 858 2197 temperans
898 2138 1060 2196 atque
1091 2129 1333 2195 leniens;
1363 2130 1620 2199 velutque
1645 2130 1807 2185 nubis

261 2232 404 2280 rore,
444 2218 688 2274 Paraelcti
743 2220 1137 2284 consolatione,
1197 2220 1495 2290 spiritalem
1554 2221 1806 2276 lsraelem

264 2310 460 2375 levans,
489 2319 640 2378 atque
667 2312 730 2364 ad
761 2325 1028 2379 supernas
1052 2312 1367 2366 mansiones
1395 2312 1719 2378 traducens;
1743 2329 1807 2368 ac

261 2417 418 2455 manu
454 2403 658 2469 quidem
688 2402 901 2456 excelsa
930 2404 1116 2458 saeculi
1146 2419 1294 2458 mare
1320 2405 1394 2459 illi
1435 2408 1686 2471 scissum,
1721 2407 1808 2460 in-

256 2494 408 2545 noxia
440 2491 847 2558 transmittens;
909 2508 1006 2550 eos
1044 2509 1174 2548 vero
1200 2496 1294 2564 qui
1335 2497 1572 2551 dementi
1624 2513 1688 2551 ac
1718 2497 1808 2551 fu-

253 2586 384 2636 renti
423 2585 474 2636 in
501 2599 626 2639 eum
659 2583 902 2652 impetu,
939 2587 1086 2638 omni
1133 2595 1394 2655 apparatu
1444 2588 1811 2658 insequeban-

251 2682 351 2738 tur,
399 2675 451 2726 in
503 2691 569 2729 eo
620 2674 915 2730 suffocatos
975 2676 1313 2746 relinquens,
1345 2680 1662 2748 ,purissimo
1695 2680 1812 2750 ipse

248 2766 623 2820 salvandorum
685 2767 872 2831 coetui,
920 2781 1044 2821 eum
1091 2769 1382 2838 magnifico
1412 2770 1628 2825 virtutis
1659 2787 1812 2827 com-

247 2868 438 2920 meatu,
481 2857 548 2910 ad
573 2857 763 2913 beatas
791 2859 989 2914 salutis
1029 2859 1186 2914 sedes
1225 2861 1418 2915 ductor
1442 2863 1688 2930 praeibat.

309 2946 392 3001 Fit
423 2956 579 3017 petra
605 2949 688 3014 '°;
737 2965 925 3004 revera
983 2952 1129 3005 enim
1161 2952 1458 3021 spiritalem
1514 2965 1720 3024 petram
1737 2956 1807 3021 “,

238 3052 342 3092 non
373 3049 715 3109 sequentem,
747 3042 960 3112 ipsique
987 3046 1264 3111 comitem,
1334 3047 1429 3101 sed
1477 3048 1532 3101 in
1580 3064 1644 3103 eo
1694 3065 1811 3104 ma-

238 3139 473 3196 nentem,
500 3133 785 3188 Christum
820 3135 944 3188 vitae
971 3136 1162 3191 latices
1188 3147 1522 3205 manantem,
1553 3141 1806 3196 habebat.

239 3223 461 3292 Lignum
499 3239 726 3294 quoque
775 3226 1030 3292 efﬁcitur,
1067 3229 1218 3296 potui
1255 3230 1500 3284 inutilem
1520 3233 1588 3298 “,
1647 3243 1811 3303 atque

239 3331 471 3369 amaram
509 3319 792 3370 haereseon
826 3317 1155 3384 doctrinam,
1185 3321 1242 3373 in
1275 3330 1434 3375 rectae
1469 3322 1592 3377 fidei
1623 3323 1808 3378 dulce-

236 3409 409 3462 dinem
443 3420 693 3464 mutans.
719 3409 969 3465 Manibus
999 3421 1183 3465 autem
1214 3428 1320 3468 non
1350 3412 1586 3470 interdiu
1615 3423 1807 3470 exten-

234 3501 330 3568 sis,
400 3518 466 3557 ac
526 3519 650 3572 qua:
700 3519 895 3573 graves
949 3507 1406 3575 deprimerentur,
1467 3509 1810 3580 aliorumque

233 3610 392 3664 Opera
423 3597 728 3651 sustentari
762 3597 1051 3664 deberent;
1089 3599 1182 3655 sed
1215 3609 1395 3655 mente
1430 3601 1481 3654 in
1517 3600 1809 3674 Dominum

226 3689 423 3758 jugiter
447 3688 671 3745 sublata
741 3704 805 3742 ac
829 3691 1146 3757 excedente,
1172 3699 1285 3745 tum
1313 3708 1498 3747 verum
1530 3694 1808 3749 suffulcie-

230 3783 319 3837 bat
377 3781 672 3847 lsraelem,
737 3790 852 3836 tum
911 3798 1098 3838 verum
1166 3783 1426 3841 fundebat
1482 3786 1811 3857 fugabatque

230 3873 448 3931 Amalec
463 3876 538 3929 ".

295 3970 405 4024 Alit
449 3978 665 4034 autem,
719 3985 827 4024 non
879 3985 1018 4040 pane
1062 3970 1156 4039 qui
1213 3971 1389 4039 prima
1424 3970 1545 4026 luce
1583 3986 1614 4027 e
1673 3971 1812 4026 coelo

230 4060 440 4131 pluens,
505 4062 820 4131 plusculum
861 4063 1190 4116 ascendente
1243 4062 1357 4116 sole
1390 4073 1514 4116 mox
1547 4063 1812 4133 collique-

233 4158 443 4225 scat“;
480 4173 591 4212 nec
619 4157 797 4210 avium
834 4156 1092 4211 carnibus
1123 4156 1393 4212 immensa
1432 4158 1587 4227 copia
1621 4158 1814 4214 imbris

233 4248 400 4303 instar
450 4247 869 4317 depluentium,
929 4245 1023 4301 sed
1084 4261 1402 4302 sermonum
1483 4247 1813 4302 abundantia

232 4353 390 4410 atque
424 4342 512 4406 vi;
554 4349 662 4394 tum
689 4355 882 4409 nempe
921 4338 1093 4408 magis
1123 4338 1447 4408 spiritalium
1504 4354 1570 4393 ac
1597 4339 1815 4394 divino-

236 4448 379 4499 rum,
404 4448 548 4502 eque
586 4447 830 4494 sursum,
861 4440 1024 4499 atque
1068 4430 1330 4499 sapientia
1355 4444 1476 4498 quae
1498 4430 1563 4484 de
1593 4445 1812 4484 sursum

237 4534 343 4583 est.
395 4525 848 4579 subministrante
902 4522 1344 4592 suppetentium;
1401 4532 1513 4576 tum
1552 4538 1811 4592 corpora~

1910 2052 2038 2092 vere
2059 2037 2289 2106 gloriam
2322 2036 2600 2091 contuitus
2630 2045 2733 2100 est,
2768 2037 2964 2090 nedum
3004 2036 3366 2105 posteriorum
3390 2034 3483 2087 Dei

1911 2128 2133 2197 (quibus
2156 2143 2186 2180 a
2215 2127 2322 2181 Deo
2362 2128 2620 2193 secunda,
2655 2127 2858 2196 illoque
2888 2134 3113 2181 auctore
3141 2125 3361 2180 condita
3389 2124 3486 2177 ob-

1908 2238 2068 2278 scure
2096 2221 2521 2292 signiﬁcantur),
2543 2236 2731 2275 verum
2762 2221 2926 2275 etiam
2960 2219 3039 2288 (ni
3083 2217 3374 2272 audentius
3402 2217 3486 2268 lo-

1911 2313 2074 2384 quor)
2130 2311 2568 2376 anteriorum";
2601 2311 2805 2380 ipsius,
2860 2310 3104 2376 inquam,
3165 2305 3486 2360 exsistentia

1910 2405 2206 2475 praeeuntis
2237 2419 2407 2472 supra
2425 2418 2588 2472 quam
2628 2402 2864 2472 ignotam
2898 2399 3184 2453 infinitatis
3213 2397 3482 2451 notitiam.

1913 2497 2058 2551 Vidit
2088 2504 2268 2550 autem
2328 2494 2422 2549 Dei
2467 2494 2794 2556 claritatem,
2858 2507 2965 2546 non
3019 2491 3168 2544 brevi
3226 2487 3486 2556 temporis

1911 2591 2122 2645 morula
2157 2590 2352 2642 factam
2400 2587 2776 2656 conspicuam,
2826 2585 3046 2653 citoque
3082 2581 3484 2642 abscedentem,

1911 2681 2006 2738 sed
2046 2695 2168 2750 quze
2217 2694 2436 2749 semper
2494 2680 2572 2732 ita‘
2599 2676 2868 2732 consistat
2896 2692 2909 2728 :
2942 2689 3043 2729 nec
3069 2674 3220 2726 velut
3275 2671 3387 2736 ille,
3431 2670 3486 2723 in

1912 2781 2082 2843 petra:
2126 2777 2411 2840 protectus
2439 2767 2729 2831 foramine,
2761 2767 2853 2821 sed
2900 2767 2954 2818 in
3005 2763 3286 2833 unigenito
3309 2759 3489 2813 Verbo

1910 2872 2198 2934 paternam
2226 2872 2493 2915 contuens
2517 2859 2770 2929 gloriam,
2802 2856 2855 2911 in
2893 2855 3019 2910 Filii
3053 2853 3258 2923 Spiritu
3289 2851 3492 2904 eximie

1911 2954 2053 3009 Filio
2083 2951 2560 3020 circumfulgetur.
2599 2950 2743 3004 Vidit
2769 2964 2891 3018 qua:
2915 2963 3013 3017 per
3049 2943 3487 3006 tabernaculum,

1913 3051 2079 3118 inque
2122 3047 2218 3101 illo
2270 3045 2508 3115 reposita
2551 3057 2680 3097 vasa
2714 3041 2944 3111 mystice
2992 3037 3485 3107 significabantur;

1911 3141 2044 3211 quin
2078 3140 2195 3209 ipse
2222 3138 2404 3206 potius
2456 3136 2608 3189 vario
2632 3135 2896 3188 virtutum
2925 3131 3073 3186 cultu
3111 3126 3400 3183 insolubile
3428 3139 3489 3179 se

1835 3265 1880 3329 ε
1916 3231 2331 3287 tabernaculum
2367 3227 2478 3283 Deo
2504 3227 2792 3288 exhibens,
2820 3224 2984 3280 etiam
3014 3237 3194 3276 aream
3243 3218 3486 3329 a‘nipium

1915 3339 2076 3380 suum
2120 3321 2399 3376 reddidit:
2431 3335 2617 3375 arcam
2670 3317 2900 3382 scilicet,
2949 3329 3059 3369 non
3094 3326 3216 3379 quae,
3265 3308 3492 3363 haberet

1919 3433 2112 3472 urnam
2141 3429 2363 3470 auream
2388 3413 2456 3480 ⁸³,
2483 3413 2577 3468 sed
2605 3428 2726 3482 qua:
2747 3425 2845 3466 cor
2869 3424 3007 3464 auro
3023 3406 3267 3470 rutilum,
3294 3415 3487 3471 panem

1917 3511 2068 3565 illum
2107 3508 2382 3564 ccelestem
2407 3505 2612 3576 gremio
2643 3503 2952 3559 continens.
2983 3498 3100 3552 Non
3135 3511 3257 3566 qua:
3282 3495 3491 3563 virgam

1918 3603 2338 3672 amygdalinam,
2364 3613 2486 3667 quae
2517 3596 2799 3660 floruerat,
2832 3591 3214 3662 lapideamqne
3285 3602 3350 3641 ac
3382 3585 3493 3637 fra-

1918 3694 2081 3763 gilem
2129 3690 2407 3756 tabulam;
2453 3687 2548 3742 sed
2593 3702 2714 3756 quae
2761 3683 3053 3753 expolitam
3104 3688 3338 3733 mentem
3430 3690 3495 3727 ac

1919 3781 2318 3846 inviolabilem,
2372 3793 2611 3847 vereque
2657 3775 2754 3830 Dei
2811 3773 2986 3844 digito
3032 3770 3316 3838 scriptam,
3359 3780 3493 3819 con-

1919 3883 2146 3946 tegeret.
2459 3865 2461 3868 ⁴

1991 3969 2134 4023 idem
2171 3965 2374 4036 pariter
2399 3962 2788 4019 candelabrum
2833 3965 3040 4026 septem
3073 3952 3277 4007 habens
3321 3949 3492 4001 lucer-

1921 4074 2021 4116 nas
2057 4056 2407 4114 constituitur
2423 4057 2493 4120 ",
2527 4054 2620 4124 qui
2652 4051 2866 4108 scilicet
2893 4058 3102 4117 septem
3137 4043 3373 4113 Spiritus
3396 4038 3493 4092 do-

1922 4156 2007 4211 nis
2037 4153 2339 4207 Ecclesiam
2373 4151 2629 4206 illustret.
2692 4143 3057 4201 Constituitur
3079 4149 3132 4194 et
3156 4151 3366 4196 mensa,
3399 4149 3493 4203 pa-

1923 4262 2043 4300 nem
2076 4245 2228 4299 illum
2254 4256 2467 4297 summe
2487 4239 2771 4310 mysticum
2801 4235 2973 4305 probe
2994 4227 3366 4288 esurientibus
3394 4239 3493 4293 ap-

1922 4338 2157 4408 positum
2188 4329 2853 4388 habens".Constituitur
2880 4327 3044 4381 etiam
3074 4324 3268 4386 altare,
3293 4318 3492 4372 nedum

1926 4427 2366 4498 thymiamatum,
2422 4425 2564 4478 velut
2611 4420 2972 4476 suavissimas
3001 4415 3234 4477 sufiitus,
3268 4424 3491 4481 precum

1918 4522 2119 4590 jugiler
2155 4518 2362 4572 hostias
2410 4513 2835 4579 submittens“;
2870 4524 3063 4564 verum
3112 4507 3277 4562 etiam
3339 4502 3494 4556 holo-

242 4616 372 4669 lium
411 4617 584 4687 magis
633 4632 698 4671 ac
732 4615 1084 4680 naturalium,
1119 4629 1180 4669 ex
1208 4625 1444 4681 terrena,
1481 4631 1544 4670 ac
1573 4632 1693 4685 quae
1715 4631 1816 4670 saa-
1849 4621 1891 4675 D
1921 4619 2260 4671 caustorum,
2293 4610 2490 4677 pietate
2523 4608 2752 4677 pingues
2773 4604 2984 4658 animas
3015 4596 3273 4655 sacrificii
3304 4595 3410 4648 ritu
3438 4594 3492 4645 iu

238 4708 346 4762 culi
376 4725 474 4763 usu
527 4717 903 4775 comparatur,
954 4706 1331 4776 intelligentia,
1394 4706 1700 4776 mentisque
1733 4721 1818 4760 so-

237 4801 387 4854 lertia
422 4801 498 4854 illi
545 4798 994 4853 collectorum”.
1054 4797 1150 4852 His
1195 4798 1380 4866 igitur,
1428 4799 1521 4868 qui
1573 4799 1704 4852 recti
1754 4813 1819 4853 ac

237 4890 270 4942 fi
293 4891 419 4944 leles
448 4900 663 4953 essent,
691 4897 804 4942 tum
846 4886 1046 4944 alebat.
1082 4896 1194 4939 tum
1227 4885 1544 4949 recreabat;
1592 4884 1683 4954 qui
1715 4901 1814 4938 au-

237 4989 338 5032 tem
364 4987 829 5039 niurmuratores,
864 4991 930 5030 ac
961 4975 1070 5030 Deo
1114 4975 1496 5038 detrahebant,
1524 4989 1619 5030 eos
1649 4977 1815 5028 mise-

235 5070 385 5124 rabili
417 5085 484 5122 ac
516 5068 873 5137 deplorandae
901 5067 1063 5121 morti
1097 5066 1366 5120 tradebat.

298 5162 419 5216 Non
471 5163 529 5216 in
591 5173 831 5216 montem
868 5161 1049 5232 (terra:
1084 5159 1314 5225 scilicet,
1369 5159 1463 5228 qui
1502 5159 1556 5212 in
1589 5173 1815 5212 sensum

227 5261 407 5324 cadat,
441 5255 748 5324 tumulum)
773 5270 865 5323 per
889 5253 1050 5308 breve
1069 5262 1286 5322 tempus
1313 5251 1595 5315 svcedens,
1617 5249 1821 5318 Deique

228 5353 339 5407 illic
375 5368 522 5407 usus
555 5347 917 5416 colloquio)“,
975 5345 1150 5400 turbis
1184 5361 1243 5399 se
1295 5359 1488 5398 rursus
1541 5341 1821 5411 legislator

227 5445 624 5514 permittebat;
654 5439 746 5494 sed
780 5453 1034 5506 suprema
1064 5435 1350 5506 theologia:
1378 5447 1675 5489 conscensa
1701 5445 1824 5500 spc-

227 5539 373 5598 cula,
414 5552 534 5589 non
586 5533 798 5586 dierum
845 5527 1227 5598 quadraginta,
1288 5526 1382 5580 sed
1415 5525 1530 5595 jngi
1562 5524 1820 5593 jejunio;

1511 5664 1555 5694 "
1592 5662 1763 5716 Exod.
1792 5677 1909 5716 xm.
1935 5662 1995 5714 2|
2021 5679 2034 5720 ;
2062 5677 2168 5725 xlv,
2207 5660 2290 5713 19.

1446 5739 1488 5767 ⁸³
1514 5733 1679 5785 Exod.
1746 5749 1854 5790 xvi,
1890 5732 1971 5792 lvi,
2012 5735 2094 5786 15.

1491 5807 1534 5836 ²⁹
1569 5803 1735 5858 Exod.
1778 5819 1903 5865 xxv,
1936 5807 2022 5858 3|.

854 5669 896 5700 ¹⁸
937 5667 1108 5721 Exod.
1175 5681 1273 5727 xu,
1303 5664 1392 5718 2f).

230 5750 271 5780 "
299 5746 482 5800 Exod.
521 5757 614 5804 xv,
640 5740 731 5796 25.
808 5743 853 5774 ”
888 5740 1057 5792 Exod.
1095 5753 1226 5800 xvn,
1256 5737 1338 5788 ll.

229 5816 273 5848 "
305 5815 489 5871 Exod.
528 5827 728 5869 xxxut.
771 5813 862 5867 25.
966 5809 1010 5840 ’⁸
1039 5807 1198 5864 llcbr.
1239 5824 1314 5870 Ix,
1347 5807 1397 5860 εί.

231 5902 359 5955 xxx,
405 5889 454 5940 Ι.
542 5883 588 5916 ³³
619 5883 786 5940 Exod.
817 5900 888 5946 tv,
917 5882 1006 5936 27.

295 5677 338 5709 "'
364 5673 555 5729 Exod.
595 5687 648 5731 x,
682 5670 774 5722 9.2.

1923 4707 2040 4772 ipso
2069 4701 2278 4755 faciens
2304 4700 2371 4753 ³².

1991 4794 2133 4848 fdem
2162 4807 2376 4861 quoque
2403 4804 2634 4859 magnus
2666 4785 2908 4854 pontifex
2958 4783 3204 4845 effectus,
3236 4795 3345 4834 non
3387 4792 3492 4830 nn-

1918 4883 2116 4938 ctionis
2146 4881 2266 4936 oleo
2307 4889 2471 4949 caput
2516 4880 2852 4946 barbamque
2873 4875 3121 4936 diluitur,
3164 4870 3259 4926 sed
3287 4867 3493 4938 Spiritu

1922 4975 2305 5032 exsultationis
2361 4983 2540 5027 mente
2579 4987 2642 5025 ac
2701 4971 2884 5023 animo
2936 4965 3330 5022 sanctificatur.
3381 4959 3495 5015 Nec

1925 5070 2088 5123 variis
2120 5068 2342 5128 tunicis,
2371 5076 2582 5119 terrena
2611 5079 2640 5117 e
2663 5063 2891 5116 materia
2929 5057 3198 5113 contextis
3227 5069 3495 5125 perorna-

1929 5169 2038 5224 tur,
2064 5160 2157 5212 sed
2188 5158 2452 5210 virtutum
2487 5154 2777 5216 varietate,
2811 5149 2978 5204 animi
3013 5149 3195 5202 tunica
3221 5144 3370 5198 varia
3408 5144 3495 5197 in-

1929 5251 2144 5316 duitur;
2183 5263 2248 5303 ac
2288 5247 2434 5301 velut
2485 5246 2667 5298 Aaron
2720 5242 2809 5298 ille
2867 5235 3318 5298 tintinnabula",
3359 5249 3501 5289 con-4

1922 5345 2142 5398 cinnutn
2181 5339 2514 5410 apostolica:
2564 5337 2845 5406 sapientiae
2898 5335 3138 5389 sonitum
3181 5342 3494 5389 assumens,

1923 5438 1995 5492 ita
2021 5432 2473 5490 sanctificationis
2503 5430 2786 5495 sacerdos,
2815 5437 2979 5496 atque
3013 5426 3205 5481 hostiae
3233 5435 3390 5475 nova:
3417 5434 3497 5472 sa-

1923 5525 2142 5581 crificus
2174 5541 2278 5578 non
2309 5538 2402 5592 per
2435 5521 2774 5590 sanguinem,
2825 5519 2919 5573 sed
2968 5532 3063 5587 per
3117 5513 3370 5583 spiritum
3411 5509 3495 5564 fa-

3047 5653 3088 5682 "
3120 5651 3135 5703 Ι
3170 5648 3296 5702 Cor.
3345 5663 3398 5706 x.
3435 5644 3490 5699 4.

2969 5724 3014 5753 ⁸⁸
3043 5720 3208 5774 Exod.
3266 5734 3375 5779 xIx,
3436 5717 3490 5768 5.

2969 5810 3007 5842 ι’.
3035 5794 3126 5842 ‘23.
3242 5790 3283 5820 ³³
3318 5787 3492 5842 Exod.

2401 5659 2445 5689 ²⁰
2488 5656 2657 5710 Exod.
2714 5671 2842 5715 xvii,
2890 5653 2942 5706 6.

2635 5726 2724 5787 15,
2778 5725 2862 5779 Π.

2599 5799 2639 5829 ³¹
2676 5797 2844 5851 Exod.
2882 5810 3008 5859 xxv,
3035 5794 3126 5846 ‘23.

2208 5730 2252 5761 “
2299 5727 2415 5782 Jac.
2472 5744 2552 5792 ιιι,

2103 5804 2144 5834 ³ο
2184 5801 2284 5856 Isa.
2320 5817 2394 5864 χι,
2433 5800 2484 5852 '2.
