4022 6408
502 431 608 494 475

1696 425 1984 486 ἪΟΕΤίΕ
2020 424 2544 503 PAPHLAGONIS

3642 411 3752 474 476

506 550 629 595 ctus
657 547 761 596 est.
799 537 920 593 Non
954 539 1101 595 enim
1128 553 1195 595 ex
1225 539 1429 595 umbra:
1480 553 1686 603 rerum,
1715 536 1810 592 sed
1842 552 1907 592 ex
1936 535 2078 593 veri-
2102 537 2156 598 Α
2179 534 2379 603 injuste
2439 542 2621 587 autem
2675 530 2931 589 Ecclesiis
2988 529 3292 592 submotos,
3338 525 3473 580 locis
3507 524 3751 595 propriis

511 633 641 687 tatis
672 631 918 698 ratione;
971 646 1072 686 nec
1115 631 1271 701 juxta
1305 630 1551 685 ordinem
1579 630 1785 696 Aaron,
1834 626 1929 683 sed
1969 642 2076 696 qua

512 726 725 778 ratione
756 724 974 779 divinus
1003 722 1232 788 Paulus,
1254 723 1407 792 regni
1436 720 1725 790 Evangelio
1751 720 2076 789 defungens;

509 831 596 880 ac,
623 816 768 871 sicut
815 832 1046 885 magnus
1098 816 1190 870 ille
1238 813 1481 881 pontifex
1509 811 1672 866 Jesus
1696 813 1952 866 Christus
1978 826 2077 881 pro

506 924 609 965 suo
639 909 839 979 populo
866 911 1083 965 victima
1107 907 1306 971 factus,
1345 920 1644 976 precesque
1670 904 1931 968 offerens,
1965 918 2075 958 non

506 1005 676 1058 semel
734 1006 789 1058 in
839 1020 984 1059 anno
1042 1005 1093 1056 in
1138 1002 1342 1057 sanctis
1368 1008 1686 1056 sanctorum
1714 997 2077 1063 versabatur;

508 1095 602 1149 sed
643 1094 977 1150 incessanter
1008 1092 1237 1162 spiritali
1283 1101 1447 1161 atque
1502 1090 1715 1145 ctelesti
1757 1089 1921 1144 altari
1947 1103 2077 1158 pro-

507 1186 802 1255 piuquaus,
840 1185 967 1238 inde
989 1184 1149 1238 nobis
1183 1182 1416 1239 salutem
1444 1190 1726 1251 operatur.

579 1277 641 1331 lu
678 1292 803 1331 eum
868 1277 1108 1338 modum,
1140 1274 1338 1328 nedum
1384 1272 1565 1328 Moses
1591 1272 1869 1342 Theologo
1897 1286 2082 1326 exem--

508 1367 659 1438 plum
682 1367 931 1432 eﬂicitur,
958 1381 1147 1421 verum
1199 1368 1363 1422 etiam
1401 1368 1627 1420 Aaron:
1661 1365 1715 1419 in
1751 1363 1897 1434 quod
1933 1365 2082 1433 aspi-

509 1460 679 1516 ciens.
709 1469 970 1527 Quantum
1005 1458 1204 1513 veritas
1248 1458 1496 1513 umbram
1530 1459 1702 1527 ipsam
1735 1457 1908 1527 ﬁgura
1935 1455 2082 1511 desi-

509 1558 760 1617 gnantem
803 1548 1079 1616 praecellit,
1117 1557 1349 1612 tantum,
1374 1548 1638 1611 arbitror,
1681 1547 1788 1601 illis
1820 1546 2082 1602 illustrior

508 1636 812 1690 ostenditur
863 1651 926 1690 ac
951 1635 1267 1706 perfectior.
1289 1636 1431 1703 Quid
1454 1637 1613 1691 vero?
1646 1636 1750 1702 Qui
1775 1636 1856 1691 sic
1887 1638 2081 1691 horum

507 1727 754 1783 imitatus
778 1728 968 1794 vitam,
996 1729 1131 1783 adeo
1164 1728 1232 1784 iis
1257 1730 1508 1798 superior
1544 1728 1852 1797 clariorque
1875 1727 2078 1791 eluxit;

508 1835 687 1887 numa
704 1819 1043 1889 sequentium
1063 1820 1449 1889 prephetarum
1491 1828 1653 1888 atque
1667 1819 1940 1887 justorunt
1959 1817 2083 1872 imi-

509 1910 717 1964 tatione
730 1909 962 1964 defecit?
991 1903 1085 1964 aut
1119 1910 1256 1964 alios
1284 1909 1502 1980 quidem
1527 1909 1647 1964 aliis
1674 1909 1871 1963 virtute
1903 1907 2083 1962 claros

510 1998 752 2055 imitatus
781 2011 887 2065 est,
909 2015 1016 2053 non
1036 1999 1163 2054 item
1193 2000 1478 2055 alios?aut
1492 2016 1682 2055 omnes
1711 1999 1948 2069 quidem,
1981 1998 2085 2053 ali-

510 2106 620 2161 quo
641 2102 820 2145 tamen
835 2093 1175 2162 pra-ripiente
1187 2094 1441 2161 palmam,
1462 2094 1749 2161 ipsumque
1764 2090 2085 2159 superante!

511 2188 606 2234 aut
639 2181 861 2248 paribus
893 2180 1070 2234 modis
1099 2180 1354 2234 virtutem
1383 2180 1584 2250 gessit?
1616 2189 1709 2233 aut
1739 2179 1934 2249 exiguo
1967 2193 1999 2232 a
2025 2194 2084 2235 se

511 2271 820 2337 intervallo,
862 2271 1213 2340 proximeque
1243 2273 1511 2325 secundas
1546 2270 1761 2324 virtutis
1791 2270 2085 2325 referentes

511 2363 637 2417 illos
685 2362 938 2432 reliquit?
973 2362 1191 2416 Minime
1226 2363 1488 2431 gentium.
1518 2360 1621 2428 Qui
1665 2361 1812 2416 enim
1863 2359 2084 2431 Moysen

513 2453 792 2522 prophetis
821 2452 1096 2517 omnibus,
1124 2468 1187 2507 ac
1220 2454 1287 2509 iis
1323 2453 1417 2524 qui
1455 2453 1599 2524 leges
1633 2454 1893 2519 tulerunt,
1926 2452 2088 2523 longe

516 2551 889 2614 praestantem,
950 2542 1088 2598 adeo
1145 2544 1456 2610 antecellit;
1501 2552 1708 2613 quanto
1752 2544 1926 2612 magis
1955 2542 2086 2597 reli-

514 2649 654 2702 quos
701 2633 1036 2690 abundantia
1094 2634 1509 2705 magnificentia
1554 2635 1740 2705 gratia:
1777 2632 2087 2703 superabit?

517 2723 717 2777 Verum
747 2724 815 2777 ad
847 2739 912 2781 ea
941 2739 1064 2793 quae
1091 2725 1353 2780 continua
1400 2725 1543 2780 serie
1593 2726 1661 2779 ad
1694 2724 1812 2792 ejus
1842 2726 1961 2779 vitae
1998 2742 2088 2779 ra-

515 2813 681 2868 tionis
713 2823 1123 2870 monumentum
1146 2825 1417 2885 spectant,
1432 2830 1610 2886 operae
1628 2816 1860 2886 pretium
1892 2816 2087 2871 iterum

515 2904 821 2959 orationem
849 2905 1199 2961 reducamus.

584 2994 805 3050 interim
833 2992 1096 3067 Gregorio
1126 2998 1277 3052 hisce
1297 2995 1570 3068 impenso,
1603 3013 1668 3053 ac
1688 2998 1816 3053 dum
1843 3009 2092 3056 errantes

513 3086 735 3156 quidem
779 3102 911 3143 oves
967 3088 1181 3144 reducit
1219 3089 1302 3157 “;
1332 3091 1526 3160 quaerit
1564 3100 1744 3146 autem
1769 3106 1889 3159 quae
1915 3092 2092 3160 perie-

515 3188 661 3246 rant,
690 3195 753 3235 ac
785 3180 1050 3237 contritas
1078 3180 1288 3252 alligat,
1326 3182 1401 3239 uti
1453 3196 1625 3237 sacrae
1651 3183 1948 3252 prophetiae
1974 3198 2090 3237 ver-

516 3270 601 3325 bis
639 3270 914 3339 proditum
945 3281 1028 3326 est
1059 3290 1072 3325 :
1103 3272 1519 3343 virentibusque
1579 3274 1812 3327 collocat
1849 3275 2090 3343 pascuis,

517 3373 582 3415 ac
615 3376 756 3415 vera:
784 3360 1103 3418 refectionis
1140 3378 1282 3433 aqua
1333 3363 1531 3418 eduCat
1553 3363 1630 3430 ";
1656 3365 1912 3432 omnique
1954 3364 2092 3434 (tum

517 3468 641 3522 quae
689 3453 757 3506 ad
806 3454 1079 3509 actionem
1128 3468 1439 3522 moresque,
1484 3462 1596 3509 tum
1644 3471 1767 3524 quae
1804 3456 1872 3510 ad
1931 3454 2093 3511 ﬁdem

517 3540 774 3610 pertinet)
834 3549 1094 3611 tauquam
1154 3542 1323 3597 herba
1371 3543 1623 3599 letbifera
1682 3553 1846 3615 atque
1906 3547 2091 3613 noxia,

518 3631 665 3700 ipsas
702 3630 992 3701 iniquitate
1038 3647 1252 3700 arcens,
1280 3648 1445 3703 super
1492 3635 1717 3690 semitas
1755 3636 1904 3691 ducit
1934 3636 2095 3705 justi-

520 3721 650 3787 tiae;
713 3737 781 3777 ac
829 3723 947 3794 lege
1004 3724 1205 3789 sancit,
1242 3740 1349 3778 non
1406 3734 1812 3796 temporaneatn
1845 3729 2094 3798 corporis

518 3813 986 3882 emundationeut,
1023 3815 1117 3870 sed
1149 3830 1343 3871 sensus
1378 3818 1559 3871 carnis
1590 3819 2090 3885 mortificationem;

520 3917 696 3971 neque
719 3902 882 3956 ritum
915 3919 1025 3973 quo
1081 3904 1428 3959 immolanda:
1471 3906 1793 3961 animalium
1834 3908 2091 3974 vietimae,

518 3995 785 4061 ostendit;
824 3995 917 4049 sed
948 3996 1182 4065 Spiritus
1203 3996 1645 4066 vivificationem,
1672 4015 1792 4069 quae
1819 4016 1913 4069 per
1935 4001 2093 4056 fidem

518 4088 772 4153 exsistit;
806 4103 869 4141 ac
900 4088 1045 4142 velut
1078 4089 1290 4159 sagittis
1322 4089 1677 4145 solertissime
1702 4092 2092 4145 Ationtteorum

519 4176 683 4231 corda
731 4176 876 4241 ferit,
935 4178 1192 4245 velutque
1243 4178 1596 4233 lucidissimis
1649 4178 1853 4243 radiis,
1904 4194 2095 4234 sacro-

521 4270 724 4324 sanctis
760 4269 1025 4325 doctrinis
1051 4269 1191 4335 suis,
1227 4271 1413 4325 electis
1447 4272 1621 4325 lucem
1673 4272 1989 4341 praetendit;
2028 4273 2095 4328 de

523 4371 741 4430 repente
769 4362 997 4415 solvitur
1051 4362 1270 4431 ruitque
1311 4364 1675 4433 tyrannis,.ac
1722 4364 1957 4434 legitima
1994 4365 2096 4418 itit-

522 4452 683 4519 perii.
702 4459 944 4519 potestas
996 4451 1350 4520 designatur;
1411 4468 1475 4507 ac
1526 4452 1820 4523 impiorum
1877 4456 2093 4527 quidem

2179 636 2510 681 τθδιιιυρτρι.

2249 715 2420 770 Porro
2449 725 2505 769 ut
2534 711 2976 783 auspicatissimo
3020 708 3245 765 exordio
3290 706 3527 761 delatum
3567 706 3750 776 impe-

2179 807 2321 861 rium
2349 806 2533 869 iniret,
2557 806 2665 859 duo
2704 804 2817 857 haec
2856 811 2915 856 ut
2947 812 3280 871 exsequatur
3313 800 3599 870 diligenter
3628 801 3752 854 eni-

2179 898 2334 952 titur.
2358 897 2616 963 Quaeuam
2671 894 2805 950 illa?
2835 892 2907 947 Ut
2945 907 3140 962 nempe
3164 891 3501 947 mcumenica
3537 892 3752 961 synodo

2176 987 2373 1043 Nicaea:
2407 988 2660 1042 Patribus
2697 988 2914 1042 decreta
2957 984 3310 1049 conﬁrmans,
3355 998 3477 1052 quas
3528 997 3753 1037 succre-

2179 1088 2369 1133 veraut
2394 1079 2656 1133 ltmresum
2687 1078 2956 1132 novitates
2977 1075 3361 1145 exstingueret,
3400 1074 3631 1143 litesque
3662 1088 3757 1127 ec-

2180 1171 2518 1226 clesiasticas
2544 1170 2875 1240 dispelleret.
2906 1168 3031 1225 lianc
3051 1168 3228 1239 Magni
3252 1166 3540 1222 Theodosii
3575 1166 3754 1235 prima

2180 1262 2394 1317 consilii
2423 1263 2606 1328 ratio;
2641 1272 2699 1316 ut
2752 1271 2933 1317 autem
2982 1262 3305 1332 Gregorium
3354 1261 3409 1314 in
3438 1258 3756 1314 Constanti-

2180 1354 2497 1424 nopolitaua
2533 1354 2661 1410 sede
2690 1353 3004 1420 collocaret,
3028 1353 3080 1406 id
3112 1353 3190 1406 illi
3241 1350 3545 1405 secundum
3591 1363 3752 1417 opus,

2181 1446 2323 1500 nihil
2348 1448 2531 1516 priore
2549 1448 2750 1515 impar,
2768 1456 2864 1501 aut
2892 1445 3186 1515 quidquam
3224 1444 3444 1513 segnius
3480 1450 3751 1495 curatum.

2255 1538 2550 1607 Gregorius
2580 1536 2788 1604 autem,
2828 1536 2918 1607 qui
2942 1536 3182 1590 animum
3230 1531 3381 1587 omni
3415 1530 3754 1600 superiorem

2182 1631 2478 1687 ambitione
2523 1629 2788 1689 haberet.
2849 1626 3197 1697 paternisque
3264 1623 3566 1678 visceribus
3622 1638 3753 1690 erga

2183 1737 2401 1794 gregem
2427 1720 2653 1776 allectus
2682 1728 2847 1785 esset,
2861 1731 3177 1774 concessam
3201 1715 3419 1785 quidem
3450 1711 3757 1777 Ecclesiatu

2185 1814 2581 1869 libentissimus
2608 1812 2838 1881 recepit;
2871 1812 3007 1864 inire
3026 1819 3207 1863 autem
3252 1807 3460 1873 sedem,
3491 1807 3753 1861 hactenus

2112 1888 2155 1944 Β
2184 1906 2484 1961 differebat.
2502 1904 2694 1960 Postea
2711 1904 2980 1967 tamen,vi
3003 1902 3219 1971 quidem
3238 1940 3254 1967 ,
3279 1910 3334 1954 at
3354 1900 3519 1955 cessit
3551 1898 3754 1952 nihilo-

2184 1998 2367 2053 minus
2406 1998 2789 2066 episcoporum
2833 1995 3007 2060 votis,
3052 2008 3175 2048 cum
3220 1992 3453 2047 aliorum
3479 1989 3750 2058 plurium,

2186 2100 2298 2145 tum
2320 2089 2623 2144 Antiochia:
2644 2088 2925 2159 praasulis;
2962 2085 3146 2156 magni
3174 2084 3384 2141 scilicet
3406 2083 3553 2137 illius
3597 2081 3756 2135 Mele-

2187 2181 2271 2247 tii,
2298 2181 2391 2251 qui
2423 2181 2592 2235 multa
2625 2178 2834 2249 pridem
2887 2193 2954 2235 ac
2999 2188 3218 2232 strenua
3240 2183 3443 2238 sanctae
3470 2172 3755 2229 Trinitatis

2185 2288 2351 2328 causa
2410 2271 2581 2327 fertur
2622 2271 2919 2327 desudasse
2967 2269 3289 2325 certamina.
3334 2265 3507 2337 Hujus
3539 2266 3742 2321 divinis

2183 2364 2429 2435 judiciis,
2460 2363 2725 2433 prohique
2778 2361 3123 2431 imperatoris
3171 2360 3227 2415 id
3275 2360 3532 2414 enitentis
3583 2358 3657 2424 vi,
3692 2373 3756 2414 ac

2188 2455 2429 2510 lideliunt
2496 2454 2695 2509 civium
2755 2454 2981 2508 adactus
3036 2451 3541 2515 obsecrationibus;
3619 2452 3759 2520 quin

2187 2544 2385 2601 divinis
2440 2545 2622 2614 potius
2669 2544 2979 2613 obsequens
3012 2542 3255 2606 nutibus,
3299 2542 3365 2596 ad
3406 2542 3625 2605 celsam,
3652 2555 3759 2609 pro

2188 2638 2449 2692 antistitis
2487 2651 2716 2691 munere
2736 2635 3071 2704 praelationis
3101 2634 3304 2700 sedem,
3336 2632 3603 2688 evehitur.
3640 2631 3749 2685 Lu-

2190 2743 2353 2784 cerna
2385 2743 2549 2797 super
2593 2728 2980 2783 candelabrum
3023 2725 3273 2782 sublimis
3310 2724 3639 2789 collocatur;
3686 2738 3754 2778 ac

2189 2818 2551 2887 praedicator,
2625 2818 2905 2888 speculam
2976 2817 3348 2872 sublimiorem
3419 2813 3754 2884 aggreditur.

2190 2908 2331 2975 Quid
2361 2909 2526 2964 vero?
2545 2924 2614 2963 an
2640 2923 2763 2977 quae
2782 2915 3003 2979 praestat
3027 2907 3247 2976 regibus
3262 2912 3321 2961 ut
3346 2913 3567 2975 regnent
3592 2919 3755 2973 super

2190 3009 2417 3068 terram,
2443 3015 2509 3057 ac
2554 3001 2802 3071 tyrannis
2842 3010 2903 3054 ut
2930 2999 3279 3055 dominentur
3318 3006 3476 3052 terrae
3500 2995 3568 3061 ³³,
3602 2996 3758 3049 beata

2193 3095 2432 3163 Trinitas
2451 3135 2467 3159 ,
2505 3094 2844 3162 suscitatque
2872 3091 2941 3147 de
2986 3099 3132 3147 terra
3175 3089 3415 3159 inopem,
3441 3103 3506 3142 ac
3534 3088 3601 3142 de
3624 3097 3760 3142 ster-

2193 3202 2321 3242 core
2357 3186 2533 3241 elevat
2556 3199 2849 3256 pauperem
2879 3183 2946 3247 ‘°,
2983 3197 3093 3237 non
3124 3181 3288 3237 etiam
3318 3179 3759 3250 probatissimum

2196 3278 2484 3343 famulum,
2520 3277 2762 3346 ipsisque
2790 3276 2950 3331 rebus
2969 3272 3429 3344 perfectissimum
3455 3271 3764 3340 praesulem,

2194 3367 2251 3422 in
2283 3366 2559 3436 pontificia
2597 3366 2723 3420 sede
2751 3362 3078 3420 collocaret?

2264 3460 2335 3511 At
2351 3470 2511 3512 nemo
2541 3454 2839 3527 illegitime,
2874 3464 3171 3524 contraque
3198 3467 3279 3507 ac.
3303 3466 3458 3507 sacra
3505 3449 3764 3505 Ecclesiae

2195 3549 2380 3618 regula
2402 3557 2662 3604 statutum
2682 3557 2783 3613 est,
2811 3548 2878 3604 ad
2897 3547 3109 3603 tertiam
3126 3560 3251 3601 eum
3275 3545 3569 3600 arbitretur
3596 3552 3769 3598 trans-

2196 3638 2322 3695 ferri
2349 3642 2555 3698 sedem.
2588 3637 2726 3694 Nam
2776 3653 2953 3710 neque
2995 3652 3058 3694 ea
3094 3652 3184 3693 res
3229 3637 3517 3691 translatio
3543 3646 3647 3700 est,
3670 3636 3764 3690 sed

2193 3731 2406 3796 electio,
2463 3731 2748 3801 primaque
2798 3744 2863 3785 ac
2918 3729 3077 3784 unica
3125 3728 3180 3783 in
3216 3728 3351 3783 urbe
3384 3739 3612 3798 augusta
3666 3744 3766 3796 pio

2194 3822 2433 3893 episcopi
2464 3822 2751 3892 dignitate,
2785 3830 2951 3891 atque
3003 3836 3230 3875 munere
3265 3820 3411 3875 sedis
3451 3820 3763 3875 collocatio.

2194 3907 2330 3962 Nam
2365 3909 2511 3979 quod
2543 3909 2720 3980 primo
2745 3908 3000 3975 Sasimis,
3052 3909 3129 3964 uti
3168 3909 3438 3975 dicebam,
3480 3908 3767 3978 praefectus

2194 4006 2296 4061 est,
2350 3995 2402 4051 id
2442 3996 2622 4051 solum
2673 3998 3032 4068 protnotiouis
3074 4012 3240 4053 causa
3274 3997 3396 4058 fuit.
3427 4013 3551 4052 cum
3594 4013 3769 4068 neque

2196 4084 2378 4139 sedem
2408 4085 2691 4154 receperit,
2730 4100 2832 4139 nec
2888 4086 3113 4140 omnino
3144 4084 3256 4137 illic
3293 4083 3650 4147 ordinaverit,
3685 4084 3768 4135 ul-

2195 4174 2373 4231 iatnve
2406 4177 2689 4248 mysticam
2718 4176 3075 4231 initiationem
3107 4192 3208 4247 pro
3239 4176 3501 4231 antistitis
3522 4177 3770 4247 partibus

2196 4268 2581 4336 celebraverit;
2606 4268 2752 4338 quod
2786 4283 2979 4337 nempe
3008 4267 3223 4322 viculus
3256 4268 3321 4322 ad
3355 4266 3775 4323 sustentandam

2196 4363 2560 4434 episcopalem
2592 4363 2774 4419 sedem
2802 4371 2948 4418 esset
3001 4361 3224 4417 ontnino
3257 4362 3493 4431 ineptus.
3530 4358 3771 4413 Nazian-

2198 4469 2386 4508 zenatu
2420 4464 2599 4508 autent
2634 4452 2948 4508 cathedram
2980 4453 3258 4521 quondam
3294 4450 3596 4514 curavisse,
3640 4464 3768 4502 cum

456 4613 465 4619 ⁴
522 4551 763 4611 potestas
790 4541 1006 4611 penitus
1037 4542 1366 4606 eliminatur,
1396 4545 1605 4614 piorutu
1643 4556 1822 4600 autem
1853 4548 2097 4617 reliquiae
2127 4559 2172 4613 υ
2197 4556 2351 4615 pater
2391 4544 2537 4600 illius
2591 4544 2883 4615 episc0pus
2910 4552 3058 4598 esset
3088 4559 3103 4596 :
3133 4551 3190 4597 at
3232 4557 3340 4596 non
3369 4541 3490 4610 ejus
3523 4550 3769 4595 creatum

502 4634 1066 4701 Aliduciam‘sumuut;
1102 4635 1480 4690 haereticorum
1517 4638 1708 4693 merito
1736 4640 2088 4707 supercilium

523 4725 851 4790 detrahitur,
913 4708 1117 4795 Deique
1170 4728 1369 4796 populo
1425 4742 1592 4782 cornu
1640 4728 1833 4784 salutis
1861 4731 2096 4785 suscita-

524 4828 611 4873 tur
640 4817 684 4849 ³⁸
736 4827 899 4887 atque
951 4812 1219 4889 exsurgit,
1270 4819 1563 4888 imperator
1606 4819 2093 4888 clementissimus,

525 4909 900 4978 malorumque
929 4908 1055 4962 odio
1116 4910 1594 4978 propensissitnus.
1636 4910 1709 4973 is,
1751 4911 1861 4965 duo
1893 4913 2095 4981 optima

524 5018 707 5055 secum
739 5001 1055 5065 constituit;
1085 5012 1143 5053 ttt
1163 5017 1373 5070 nempe,
1393 5002 1483 5072 qui
1502 5003 1693 5056 trinam
1718 5006 2089 5060 monarchiam

522 5087 764 5149 evertere
800 5095 1127 5161 viderentur,
1162 5098 1418 5164 probrum
1453 5101 1656 5149 honore
1692 5107 2091 5153 commutautes

523 5196 817 5251 everteret;
846 5185 936 5255 qui
968 5197 1148 5241 autem
1185 5186 1301 5255 pari
1339 5185 1565 5253 honore,
1597 5196 1847 5241 naturam
1884 5188 2091 5245 honore

524 5294 707 5347 parent
737 5315 754 5342 ,
798 5287 962 5348 atque
1013 5281 1273 5348 a-qualcm
1310 5293 1475 5347 supra
1504 5294 1666 5347 quam
1712 5279 2048 5335 honorarent
2073 5322 2089 5347 ,

522 5382 687 5441 atque
736 5372 1018 5433 colerent,
1068 5370 1277 5425 honore
1319 5380 1576 5440 exceptos
1627 5373 1878 5441 erigeret,
1930 5381 2095 5443 atque

522 5479 619 5520 eos
643 5465 735 5535 qui
767 5464 925 5531 sedes
958 5463 1008 5516 vi
1030 5462 1431 5527 inscenderant,
1460 5464 1683 5532 spretitu
1706 5464 2088 5533 submoveret;

2192 4652 2314 4691 esse
2346 4636 2685 4707 episcopum,
2740 4646 2834 4691 aut
2876 4635 3061 4690 sedem
3108 4628 3257 4688 illam
3302 4647 3543 4703 unquam
3577 4646 3771 4686 susce-

2194 4728 2359 4798 pisse.
2408 4725 2597 4781 Solum
2651 4736 2829 4779 autem
2875 4723 3054 4779 Patris
3111 4725 3329 4777 hortatu
3372 4738 3437 4776 ac
3470 4722 3654 4791 jussu,
3714 4728 3774 4773 ut

2194 4817 2338 4874 sacri
2396 4817 2678 4871 ministerii
2737 4816 3008 4869 defectum
3054 4816 3336 4884 impleret,
3388 4816 3467 4868 sic
3514 4811 3774 4867 Ecclesiae

2195 4925 2382 4981 curaui
2422 4910 2749 4979 suscepisse,
2799 4918 2857 4963 tit
2882 4918 3112 4963 senectae
3154 4907 3409 4968 fulcrum,
3441 4921 3505 4960 ac
3535 4915 3773 4975 paternae

2198 5001 2587 5056 imbecillitatis
2644 5000 3078 5057 sustentaculum
3140 4999 3377 5054 audiret.
3424 4996 3503 5051 Ita
3549 5011 3679 5050 vero
3712 5011 3772 5048 se

2200 5112 2310 5150 rem
2336 5096 2557 5161 habere,
2580 5097 2743 5155 etiam
2779 5114 2843 5152 ex
2875 5098 2942 5153 iis
2981 5094 3333 5168 perspicuum
3370 5103 3474 5158 est,
3499 5105 3621 5162 quae
3652 5089 3770 5158 ipse

2199 5190 2265 5243 ad
2294 5188 2615 5259 Gregorium
2653 5190 2755 5243 sibi
2799 5189 3177 5259 cognominem
3212 5186 3403 5241 scribit
3441 5185 3577 5255 (Li).
3623 5182 3773 5235 Inter

2198 5299 2374 5336 ontnes
2420 5285 2606 5339 etenim
2638 5294 2841 5338 constat
2900 5300 2979 5338 me
3030 5299 3135 5336 non
3176 5279 3469 5341 Naziansi,
3504 5279 3592 5332 sed
3623 5277 3766 5331 Susi-

2199 5390 2404 5427 morum
2444 5376 2736 5429 antistitem
2766 5385 3001 5428 creatum
3032 5372 3199 5440 fuisse
3220 5388 3245 5436 ἶ
3289 5370 3496 5424 tametsi
3524 5370 3576 5422 in
3602 5367 3771 5432 putris

2201 5466 2567 5530 reverentiam,
2597 5478 2645 5518 et
2675 5480 2880 5530 eorum,
2930 5464 3019 5533 qui
3057 5462 3314 5532 supplices
3351 5462 3446 5513 hoc
3477 5476 3507 5512 a
3539 5475 3617 5511 tne
3646 5473 3775 5508 cou-

634 5598 679 5628 ιι
712 5596 855 5668 Psal.
886 5611 1031 5659 κων,
1063 5594 1122 5659 8;
1149 5576 1383 5668 ιιφιηκίι,
1412 5594 1464 5668 9.
1518 5592 1589 5668 f5
1621 5593 1782 5668 Eccli.
1820 5582 1942 5658 ulv.
1976 5596 2056 5651 ιο.

2206 5597 2401 5653 Ειιιειι.
2442 5614 2623 5663 xxxtv,
2648 5598 2701 5664 4,
2727 5599 2759 5653 5
2785 5614 2938 5668 seqq.
3016 5596 3057 5630 ³⁷
3085 5596 3229 5654 L’satl.
3269 5609 3406 5660 χχιι,
3429 5592 3483 5647 2.
3562 5591 3605 5622 ³³³
3635 5590 3768 5644 Luc.

522 5682 563 5736 ι,
587 5667 677 5722 69.
754 5666 798 5698 ³³
822 5664 981 5728 Prov,
1018 5682 1138 5728 vttt,
1176 5666 1259 5717 15.
1335 5666 1381 5697 ⁸ο
1412 5664 1552 5719 i’sai.
1586 5680 1714 5727 αλιι,
1750 5664 1799 5716 7.

597 5799 706 5865 (l4)
743 5798 906 5867 Epist.
944 5791 1184 5855 Billiana‘.
1213 5801 1341 5854 edit.
1373 5800 1473 5854 4'2:
