4022 6400
245 457 340 520 477

944 452 1226 516 ORATIO
1261 454 1388 514 xx.
1438 481 1491 491 —
1530 453 1614 515 IN
1672 454 1990 517 LAUDEM
2025 457 2086 553 si.
2121 456 2503 520 ouucouu
2526 443 2802 521 THEOL.

3398 462 3508 531 478

245 564 538 625 mutarum,
562 560 633 614 ad
668 560 819 615 breve
841 568 1066 629 teutpus,
1101 563 1256 631 quasi
1286 563 1517 632 hospites
1548 562 1827 633 prwfectu-
1859 566 1903 621 Δ
1930 565 2244 622 celebrante
2265 566 2332 629 “,
2364 565 2623 636 frequens
2650 565 2940 632 confluxit;
2976 582 3076 624 nec
3098 570 3177 626 sic
3202 570 3359 641 plena
3382 580 3511 633 ante

242 670 350 708 ram
375 652 724 718 suscepimus.
753 649 911 716 Quod
953 651 1118 720 igitur
1154 660 1306 720 pater
1341 653 1625 708 mortalem
1649 654 1819 708 vitam

240 747 417 802 divina
449 751 908 806 commutaverat,
935 751 1219 797 vacantem
1270 743 1385 812 jam
1421 744 1704 799 inventum
1738 746 1822 799 di-

239 839 353 890 vina
408 834 649 904 Spiritus
707 834 903 903 gratia,
935 833 1170 903 vitaque
1201 848 1265 888 ac
1288 836 1552 891 doctrinae
1578 837 1819 893 humana

135 966 148 979 .
236 928 441 996 majore
493 927 806 996 prtestantia
874 936 1057 995 postea
1128 925 1498 980 clarissimum
1543 926 1819 993 eﬂ‘ectum,

239 1022 289 1074 in
315 1019 475 1073 urbis
500 1028 749 1085 augusta:
792 1018 933 1072 solio
956 1027 1223 1087 quantum
1259 1018 1434 1073 oculis
1459 1020 1819 1090 conspicuum

237 1121 365 1176 erat,
390 1110 717 1175 constituit;
750 1119 1016 1179 quantum
1042 1118 1228 1164 autem
1257 1109 1441 1164 animo
1469 1113 1819 1181 aspectabile,

239 1205 380 1258 orbis
418 1214 689 1258 terrarum
715 1204 921 1258 bonum
964 1202 1274 1267 Pastorem,
1311 1219 1680 1273 magnumque
1722 1221 1824 1259 an-

242 1297 461 1351 tistitem
493 1296 742 1365 prmiicit.

305 1389 501 1457 Operae
562 1390 799 1459 pretium
867 1397 1050 1442 autem
1110 1398 1173 1444 ut
1223 1404 1326 1445 nec
1356 1389 1536 1458 ipsum
1570 1388 1823 1443 immndus

239 1482 374 1537 sedis
399 1489 685 1535 tat-eamus
723 1478 970 1534 modum.
1022 1478 1323 1550 Postquam
1374 1480 1521 1534 enim
1574 1479 1821 1533 divinum

241 1574 359 1628 illud
392 1588 460 1626 ac
507 1571 761 1637 salutare,
790 1582 1117 1640 praeceptum
1173 1582 1338 1640 atque
1385 1572 1663 1626 decretum
1696 1586 1820 1638 per-

240 1666 518 1733 vulgatum
548 1669 635 1717 est
674 1659 795 1715 fore
821 1658 1156 1731 Theologum
1183 1662 1237 1714 in
1263 1668 1390 1716 sedc
1418 1662 1818 1727 collocandum;

244 1756 460 1826 perinde
490 1768 620 1809 vero
664 1768 732 1807 ac
754 1753 923 1818 dicas,
961 1768 1127 1823 quam
1186 1755 1236 1808 is
1278 1753 1603 1807 Trinitatem
1652 1753 1819 1805 Deum

1924 672 2049 712 eum
2089 672 2203 713 uno
2224 658 2395 713 totius
2418 657 2606 727 populi
2654 666 2930 712 conventu
2962 658 3152 715 Davidi
3189 674 3377 717 coacta
3418 676 3511 715 ce~

1922 747 2144 803 lebritas
2174 757 2276 812 est,
2298 757 2579 812 tutu,cum
2615 761 2742 801 arca
2763 756 2823 802 ut
2852 748 3163 817 quiesceret
3206 752 3380 806 locata
3406 750 3511 807 fuit

1923 848 2086 909 atque
2123 839 2395 908 deposita,
2437 854 2501 893 ac
2564 838 2617 893 in
2675 839 2767 892 illo
2805 840 3051 911 ingressu
3099 841 3389 897 conﬂatam
3426 842 3508 897 fe-

1924 940 2055 985 runt
2085 930 2162 995 “;
2209 945 2404 999 nempe
2461 929 2730 1000 Gregorio
2764 933 2949 987 sedem
2984 931 3241 987 adeunte.
3279 934 3346 988 lis
3388 935 3511 1002 qui-

1924 1024 2045 1078 dem
2073 1024 2167 1093 qui
2202 1032 2349 1077 recta
2390 1022 2669 1092 fulgebant
2724 1024 2847 1088 title,
2879 1023 3003 1079 talis
3050 1024 3273 1093 quidam
3313 1039 3512 1080 cursus

1926 1131 1991 1170 ac
2017 1115 2274 1169 alacritas
2330 1123 2477 1179 erat;
2524 1124 2581 1168 at
2612 1130 2790 1184 neque
2837 1117 3217 1170 haereticorum
3257 1130 3452 1185 agmen
3480 1133 3512 1171 a

1925 1205 2204 1260 communi
2231 1205 2321 1259 illa
2350 1206 2533 1274 populi
2572 1206 2968 1274 glomeratione
3023 1207 3234 1262 aberat.
3267 1208 3512 1261 Aderant

1925 1306 2132 1359 autem,
2157 1308 2323 1366 atque
2370 1296 2462 1350 alii
2495 1297 2719 1365 quidem
2757 1298 2905 1353 intus
2948 1297 3134 1352 animo
3164 1298 3370 1352 invidia
3396 1298 3512 1353 dis-

1925 1391 2284 1455 secabantur;
2329 1406 2429 1445 nec
2468 1400 2648 1445 tamen
2681 1392 3005 1460 pravitatem
3055 1391 3109 1445 in
3151 1391 3325 1445 lucem
3381 1407 3513 1460 pro-

1927 1481 2215 1545 ferebant;
2258 1482 2350 1535 alii
2398 1496 2555 1537 more
2605 1497 2804 1537 canum
2871 1482 2927 1537 in
2982 1482 3193 1537 rabiem
3236 1482 3365 1548 acti,
3397 1483 3511 1553 jam

1926 1575 2089 1629 ctedis
2118 1572 2263 1627 avidi
2299 1573 2529 1638 irruere,
2566 1583 2732 1642 atque
2762 1587 2959 1628 necare
2984 1574 3390 1641 incitabantur;
3416 1574 3511 1629 sed

1928 1665 2019 1719 Dei
2065 1666 2280 1720 occulta
2327 1678 2516 1728 manu,
2551 1672 2861 1733 cunctaque
2904 1677 3285 1730 conservante,
3323 1665 3514 1721 furens

1928 1757 2017 1809 ille
2042 1770 2231 1809 eorum
2266 1757 2503 1824 impetus
2539 1756 2913 1809 inhiliebatnr.
2956 1756 3133 1825 Atque
3174 1757 3251 1810 illi
3283 1757 3505 1826 quidem

240 1849 596 1921 praedicabat;
649 1845 834 1899 videre
880 1855 999 1899 erat
1057 1847 1367 1901 universam
1427 1844 1819 1915 propemodum
1849 1886 1898 1945 Β
1930 1848 2180 1913 insidias,
2237 1858 2440 1912 strues,
2495 1847 2685 1901 turbas
2729 1861 2795 1901 ac
2838 1847 3158 1911 seditiones,
3193 1847 3513 1916 inuoxiiquc

244 1942 399 1997 simul
432 1946 768 1999 creaturam,
793 1937 939 1992 iltius
970 1937 1378 1993 sublimationis
1400 1952 1532 2007 ergo
1578 1951 1663 1990 .ac
1695 1951 1821 2005 pro-

245 2030 704 2100 vectionis‘secum
728 2028 902 2097 ipsam
937 2028 1164 2082 moveri.
1189 2026 1231 2081 Τ
1242 2042 1347 2080 unc
1369 2026 1537 2091 enim,
1567 2026 1820 2090 arbitror,

255 2123 507 2179 caelorum
564 2121 803 2175 virtutes
869 2135 1093 2184 omnes,
1149 2127 1367 2184 mente,
1435 2119 1821 2182 immateriate,

259 2212 542 2283 inaspecte,
590 2220 930 2281 praeeuntes,
981 2219 1297 2279 sequentes,
1366 2210 1673 2279 stipantes,
1728 2223 1825 2277 pro

259 2319 412 2359 sacro
443 2303 607 2360 divini
654 2302 906 2372 praesulis
959 2301 1211 2370 ingressu
1243 2302 1488 2370 jucunde
1522 2298 1821 2368 applaude-

253 2397 382 2451 bant
438 2413 455 2451 :
516 2411 706 2451 omnes
779 2395 1133 2465 profanorum
1202 2394 1510 2449 daemonum
1591 2400 1821 2456 turmae,

247 2495 507 2557 quotquot
539 2486 741 2543 aeriam
766 2486 1040 2556 regionem
1073 2484 1440 2551 circumeunt,
1475 2498 1539 2537 ac
1556 2489 1826 2552 quotquot

241 2576 415 2632 locum
446 2586 609 2632 terra:
662 2577 987 2630 viciniorem
1023 2576 1255 2645 adeptaa,
1306 2576 1408 2628 ho."
1446 2574 1547 2627 sibi
1580 2573 1823 2626 studium

241 2679 445 2743 ponunt
466 2679 526 2726 ut
558 2669 845 2724 hominum
865 2682 1040 2740 genus
1064 2667 1354 2732 seducaut,
1387 2664 1595 2720 inferna
1628 2664 1826 2719 festiue

238 2764 462 2829 latibula
519 2763 799 2827 subibant,
862 2774 984 2816 eum
1043 2759 1305 2814 micantia
1361 2758 1532 2812 divini
1587 2756 1825 2826 Spiritus

236 2852 469 2925 fulgetra
513 2866 622 2908 non
691 2851 915 2907 ferrent.
951 2849 1145 2906 Oumis
1187 2864 1320 2903 vero
1373 2849 1586 2917 piorum
1622 2849 1822 2903 civium

235 2952 437 3006 castus.
457 2943 604 2999 fideli
637 2942 952 3013 imperatori
982 2958 1049 2998 ex
1090 2941 1212 2996 ﬁdei
1242 2942 1443 3011 pietate
1470 2955 1675 3000 comes,
1708 2953 1825 2993 mo-

232 3039 599 3108 numentique
653 3037 879 3091 maximi
915 3035 1269 3091 festivitatem
1318 3034 1581 3088 antistitis
1611 3033 1824 3104 ingres-

231 3143 354 3185 sum
390 3130 624 3191 ducens,
659 3127 944 3199 splendide
988 3142 1269 3197 ovansque
1295 3126 1350 3181 in
1386 3140 1596 3181 sacram
1623 3128 1826 3195 pariter

228 3222 404 3278 adem
442 3222 805 3291 irrumpebat.

308 3312 559 3368 Vidisses
613 3313 778 3382 igitur
836 3311 952 3367 illic
1004 3311 1186 3380 populi
1253 3309 1493 3364 universi
1554 3308 1823 3379 plausus,

226 3404 484 3459 victoriae
520 3404 766 3469 cantica;
791 3418 857 3458 ac
886 3402 1087 3473 quibus
1127 3400 1262 3464 Deo,
1286 3401 1485 3470 quibus
1509 3401 1826 3470 imperatori

225 3504 421 3565 grates
452 3496 887 3551 exsolverentur.
920 3492 1165 3549 Vidisses
1188 3493 1618 3559 viros,ferninas,
1645 3507 1825 3558 senes,

223 3601 461 3656 pueros,
494 3600 707 3651 servos,
745 3586 934 3650 heros,
995 3586 1277 3639 hominum
1323 3592 1540 3638 mtatem
1581 3599 1827 3650 omnem,

226 3692 403 3734 omne
434 3676 668 3733 instituti
706 3691 880 3747 genus
903 3675 996 3744 qui
1024 3675 1349 3738 solitariam,
1409 3675 1614 3744 quique
1669 3674 1831 3745 vulgo

223 3772 428 3824 tritam
455 3771 621 3824 vitam
648 3777 890 3838 agerent,
909 3766 1225 3823 sacerdotes
1262 3780 1325 3821 ac
1353 3767 1541 3831 laicus,
1584 3781 1646 3820 ex
1679 3766 1830 3821 omni

221 3859 417 3915 ferme
453 3859 762 3925 hominum,
792 3858 937 3927 quod
976 3858 1081 3912 sub
1109 3858 1251 3912 cmlo
1277 3865 1384 3917 est,
1420 3872 1647 3926 genere,
1685 3857 1830 3911 haud

219 3969 403 4012 secus
438 3966 505 4009 ac
534 3952 798 4007 ﬂuctuum
827 3952 1196 4022 eruptionem,
1217 3948 1578 4014 confluentes,
1600 3948 1833 4003 inﬂuen-

218 4054 335 4115 tes,
377 4055 716 4119 pmeuutes,
751 4052 1127 4110 occursantes,
1161 4043 1529 4112 lmpelleutes,
1560 4041 1613 4095 in
1638 4043 1833 4096 adver-

217 4152 357 4195 sum
387 4138 661 4210 pollentes
691 4150 757 4190 ac
788 4134 881 4204 qui
915 4134 1266 4204 pellerentur,
1288 4130 1586 4202 gaudentes
1615 4145 1832 4196 omnes,

221 4245 440 4286 omnes
465 4228 782 4299 gestientes,
797 4227 1045 4297 jucuudo
1070 4240 1262 4279 omnes
1282 4225 1489 4288 animo,
1521 4224 1836 4292 bonumque

220 4330 524 4378 certamen
565 4327 861 4374 certantes.
897 4316 978 4372 Ne
1019 4317 1241 4387 quidem
1297 4314 1715 4384 virginibus‘fas
1753 4312 1836 4366 vi.-

225 4414 481 4469 debatur
512 4422 569 4467 ut
602 4426 760 4466 sacro
791 4411 867 4464 illi
919 4409 1243 4478 spectaculo
1284 4408 1562 4462 deessent.
1596 4408 1676 4462 Ac
1706 4419 1837 4461 vero

229 4507 351 4570 har,
383 4506 611 4561 honesta
649 4505 917 4575 gravitate
967 4511 1190 4572 uperla',
1245 4515 1403 4556 sacra
1449 4498 1643 4555 festive
1676 4506 1829 4569 septa

1927 1938 2215 2008 sanguinis
2255 1937 2578 1993 effusionem
2631 1938 2833 1993 animis
2873 1939 3231 2007 cogitabant;
3272 1937 3515 1993 Trinitas

1924 2043 2109 2083 autem
2184 2029 2411 2099 (quippe
2479 2029 2610 2084 boni
2678 2029 2896 2099 amans)
2951 2028 3295 2084 defensorem
3350 2044 3512 2083 suum

1925 2137 1989 2177 ac
2025 2130 2510 2191 propugnatorem,
2570 2122 2638 2176 ab
2678 2120 2829 2176 omni
2887 2129 3063 2175 tutum
3104 2120 3348 2190 nequitia
3395 2134 3515 2175 ser-

1927 2213 2107 2267 vabat.

1998 2302 2242 2358 Vidisses
2273 2302 2425 2356 illinc
2463 2301 2722 2370 utrinque
2770 2300 3193 2369 congressiones
3232 2299 3371 2364 fieri,
3411 2312 3511 2368 pu-

1924 2409 2174 2467 gnasque
2206 2394 2495 2456 committi,
2530 2392 2816 2447 Anommis
2865 2393 3095 2455 scilicet,
3148 2400 3410 2459 tanquam
3448 2387 3520 2444 ad

1926 2489 2075 2557 ipsos
2107 2495 2440 2556 spectantes,
2486 2484 2760 2541 Ecclesias
2791 2482 3195 2537 vindicantibus
3245 2481 3336 2552 (iis
3369 2482 3516 2535 enim

1926 2581 2020 2649 qui
2059 2580 2290 2648 longiori
2314 2588 2557 2648 tempore
2584 2576 2951 2646 pOSsederint,
2971 2575 3055 2628 vel
3073 2576 3118 2631 si
3156 2573 3520 2643 injustissima

1927 2672 2208 2741 possessio
2254 2670 2352 2735 sit,
2408 2669 2552 2723 haud
2623 2683 2748 2722 raro
2785 2683 2851 2721 cx
2883 2666 3143 2721 continua
3174 2663 3522 2719 solummodo

1925 2763 2255 2829 detentione,
2293 2762 2576 2816 hominum
2609 2759 2816 2830 judicio
2846 2769 2963 2814 rata
3015 2758 3149 2814 fides
3183 2754 3518 2825 succurrit);

1927 2854 2212 2910 llomousii
2272 2863 2459 2908 autem
2520 2852 2902 2907 defensoribus
2961 2851 3187 2906 easdem
3243 2849 3524 2903 mordicus

1930 2946 2310 3012 retinentibus,
2345 2946 2492 2999 velut
2517 2945 2610 3013 qui
2654 2959 2850 2999 recens
2885 2943 2977 2998 Dei
3029 2950 3190 3006 nutu,
3224 2942 3410 3010 piique
3440 2939 3525 2993 fa-

1937 3054 2069 3094 vore
2093 3038 2465 3108 imperatoris,
2496 3036 2777 3108 Tlieologo
2819 3035 3027 3104 optimo
3062 3045 3425 3104 praeceptore,
3457 3046 3524 3088 ac

1926 3141 2214 3195 testatore,
2232 3146 2331 3185 ceu
2364 3130 2602 3199 legitima
2628 3126 3083 3183 haereditateillas
3109 3124 3289 3193 adepti
3315 3130 3521 3179 essent.

1851 3228 1893 3284 C
1998 3224 2246 3279 Vidisses
2280 3223 2388 3277 illic
2432 3237 2653 3277 sacrum
2707 3221 2839 3275 illud
2891 3220 3063 3273 melos
3098 3218 3276 3287 reipsa
3315 3215 3520 3286 praesti-

1930 3325 2084 3381 tum,
2138 3329 2362 3383 nempe,
2420 3311 2555 3378 justi
2606 3311 2827 3380 quidem
2880 3325 3050 3363 cornu
3104 3309 3404 3363 exaltatum
3466 3308 3523 3362 in

1928 3408 2135 3478 gloria;
2190 3413 2501 3475 peccatores
2558 3413 2739 3457 autem
2794 3402 3058 3464 videntes,
3108 3411 3161 3454 et
3205 3400 3524 3465 irascentes,

1928 3504 1985 3552 et
2014 3496 2311 3552 stridentes
2351 3497 2627 3561 dentibus,
2663 3513 2728 3551 ac
2788 3495 3175 3559 tabescentes;
3222 3508 3526 3561 eorumque

1928 3588 2163 3653 periisse
2192 3587 2463 3643 desideria
2494 3586 2561 3640 ".
2594 3587 2708 3640 Non
2742 3587 2889 3640 enim
2941 3584 3187 3638 futurum
3218 3591 3340 3639 erat
3370 3591 3429 3636 ut
3466 3584 3521 3636 in

1932 3683 2158 3751 longum
2190 3690 2409 3748 tempus
2439 3677 2653 3732 falsitas
2685 3677 3047 3730 reluctarctur
3108 3689 3172 3728 ac
3207 3673 3524 3737 obsisteret,

1932 3788 2110 3842 neque
2140 3781 2199 3825 ut
2228 3771 2475 3825 veritatis
2505 3768 2799 3824 adversum
2829 3784 2888 3822 se
2924 3767 3098 3821 aciem
3122 3766 3190 3820 ad
3216 3775 3523 3819 extremum

1932 3864 2274 3919 sustineret:
2308 3861 2402 3915 scd
2442 3861 2587 3913 sicut
2639 3860 2864 3913 hiberna
2903 3865 3218 3926 tempestas,
3255 3856 3371 3909 sive
3393 3855 3527 3908 bru-

1935 3955 2076 4010 male
2119 3954 2311 4023 frigus,
2365 3952 2556 4021 procul
2615 3951 2798 4004 adlinc
2852 3956 3107 4002 morante
3164 3948 3303 4013 sole,
3357 3956 3527 4014 atque

1932 4047 2228 4102 ausu'alem
2286 4050 2538 4099 versante
2588 4043 2752 4104 viam,
2812 4042 2920 4096 late
2978 4024 3157 4110 viget;
3193 4054 3526 4108 omnemque

1934 4136 2266 4206 constringit
2296 4148 2572 4199 naturam,
2599 4149 2664 4189 ac
2701 4133 2900 4204 pt'mnit
2933 4148 2949 4184 :
2978 4133 3070 4186 illo
3103 4139 3288 4184 autem
3330 4144 3526 4182 rursus

1934 4229 2083 4301 ipsas
2105 4228 2216 4298 jam
2248 4227 2316 4281 ad
2350 4227 2664 4296 aquilonem
2713 4226 3039 4280 decliviores
3072 4224 3355 4293 delc-gente
3394 4236 3526 4289 par-

1936 4331 2037 4384 tes,
2062 4330 2226 4391 atque
2249 4319 2497 4373 mstivutn
2516 4326 2744 4390 gyrante
2773 4316 3092 4379 solstitium,
3157 4313 3531 4381 clarioresque

1937 4426 2003 4466 ac
2062 4426 2216 4464 mora
2274 4408 2545 4462 ﬁrmiores
2598 4406 2780 4461 radios
2819 4405 3168 4467 immittentc,
3222 4402 3526 4464 incalescit,

1939 4503 2277 4574 spiritusque
2343 4516 2409 4556 ac
2449 4501 2614 4554 vitam
2673 4499 2924 4564 resumit,
2954 4496 3223 4567 quidquid
3259 4496 3311 4548 in
3357 4496 3529 4549 rebus

229 4598 594 4654 invadebant.
632 4598 857 4652 Cunctis
882 4567 1161 4651 εοτιξιιιιειι
1192 4603 1329 4657 erat,
1368 4592 1567 4663 piaque
1605 4567 1830 4658 οοιιιξξυ-
1858 4567 1906 4628 D
1931 4567 2035 4659 θέι,
2071 4567 2307 4664 vere—que
2360 4594 2536 4649 lmlius
2588 4593 2887 4653 dilucenle,
2947 4590 3143 4643 bruma
3192 4588 3373 4648 facile,
3431 4586 3530 4639 [τί-

221 4690 336 4752 tio,
402 4691 495 4745 alii
537 4700 601 4745 ut
625 4689 923 4744 antistitem
957 4703 1126 4758 prope
1171 4687 1491 4751 accederet;
1529 4686 1641 4751 alii,
1677 4694 1736 4740 ut
1764 4686 1831 4741 iis

216 4783 325 4853 qni
369 4797 546 4852 prope
595 4782 927 4836 accedebant
955 4795 985 4835 e
1016 4780 1198 4835 vicino
1224 4779 1579 4845 succederet;
1615 4778 1729 4843 alii,
1771 4786 1832 4832 ut

215 4876 310 4930 vel
341 4876 595 4938 eminus,
624 4873 910 4942 ingressus
956 4872 1185 4936 videret,
1245 4873 1393 4927 velut
1446 4872 1576 4925 hinc
1612 4886 1831 4940 quoque

215 4968 597 5022 commodum
631 4965 835 5035 aliquid
866 4972 1221 5033 percepturus
1237 4975 1402 5018 esset.
1425 4962 1658 5016 Animus
1684 4962 1831 5015 enim

208 5058 356 5114 ﬁdei
397 5072 599 5120 sensu,
630 5057 679 5110 ei
705 5055 797 5125 qui
827 5055 1068 5110 creditur
1106 5063 1286 5109 mente
1318 5054 1667 5124 conjunctus,
1700 5053 1831 5107 dum

206 5152 307 5208 vel
338 5151 477 5221 ejus
509 5150 760 5203 umbram
788 5148 979 5218 procul
1018 5147 1351 5214 Speculando
1381 5147 1698 5210 adverterit,
1731 5162 1831 5202 cu-

201 5245 469 5316 piditate
525 5241 729 5311 agitur,
764 5242 959 5310 gestit,
1007 5241 1270 5309 omnique
1312 5239 1497 5294 studio
1528 5240 1594 5295 ad
1649 5240 1829 5310 ipsum

194 5335 522 5394 contendit
557 5351 572 5387 :
611 5349 674 5387 ac
707 5334 856 5385 Velut
883 5333 1119 5400 quodam
1183 5330 1407 5401 majoris
1446 5332 1702 5385 amicitiae
1734 5331 1832 5386 sti-

190 5431 408 5492 mulo,
446 5434 744 5495 conspectu
801 5439 958 5486 usus,
1017 5437 1251 5492 corpore
1317 5424 1504 5489 etiam,
1540 5433 1597 5478 ut
1636 5423 1708 5477 itu
1743 5438 1832 5479 res

192 5527 395 5583 ferat,
423 5519 655 5573 enititur
684 5528 867 5571 amato
893 5515 1175 5585 conjungi.

282 5615 438 5671 Non
506 5611 587 5665 sic
624 5607 885 5664 Judaicus
931 5608 1060 5662 olim
1108 5607 1342 5677 populus
1374 5607 1519 5661 circa
1569 5607 1829 5676 templum

187 5707 823 5778 Hierosolymitanum,
886 5708 1183 5764 Salomone
1221 5708 1618 5764 dedicationem
1671 5707 1818 5762 illius

272 5889 326 5921 δ’
357 5884 413 5942 ιι
440 5885 566 5940 Par.
586 5901 683 5954 vn,
708 5884 759 5940 8.
838 5885 880 5917 δ’
915 5882 959 5940 ll
987 5884 1115 5955 Reg.
1144 5900 1214 5953 vt,
1260 5884 1302 5940 l.

1938 4708 2153 4765 gusque
2216 4690 2482 4745 exolescit
2534 4702 2597 4743 ac
2655 4684 3011 4751 dissolvitur,
3063 4683 3229 4751 inque
3285 4681 3536 4734 internus

1932 4800 2186 4842 secessus
2235 4794 2410 4855 atque
2467 4783 2701 4837 latebras
2746 4778 2991 4833 vicissim
3044 4775 3281 4844 cogitur.
3326 4772 3533 4826 Eodem

1935 4875 2049 4932 fere
2088 4876 2272 4940 modo,
2311 4889 2531 4947 gravem
2589 4873 2737 4927 illam
2782 4870 3076 4931 haeresum,
3112 4881 3175 4919 ac
3214 4880 3376 4933 qnam
3413 4879 3534 4915 mn-

1939 4969 2138 5024 leslam
2206 4967 2515 5039 caliginem,
2589 4973 2878 5031 atramque
2931 4965 3334 5027 tempestatem,
3386 4954 3530 5008 haud

1948 5074 2108 5114 secus
2127 5075 2190 5114 ac
2209 5058 2616 5114 crassissimum
2648 5053 2907 5115 hiemem,
2936 5051 3248 5118 nubemque
3271 5045 3532 5100 Ecclesiis

1942 5154 2200 5215 aliusam,
2259 5166 2324 5205 ac
2383 5150 2595 5218 piorum
2651 5153 2991 5217 prementem
3052 5141 3241 5206 corda,
3279 5136 3528 5207 Gregorii

1942 5259 2259 5303 sermonum
2315 5243 2519 5305 radios,
2559 5241 2709 5295 velut
2739 5252 2770 5292 e
2801 5238 2939 5303 sole,
2980 5234 3276 5291 Christoin
3308 5247 3373 5285 eo
3412 5243 3529 5282 ma-

1940 5348 2104 5392 nente
2159 5333 2567 5406 promicantes;
2620 5329 2933 5399 clariusque
2990 5344 3055 5383 ac
3105 5325 3338 5380 lucidius
3370 5319 3529 5376 effut-

1940 5439 2129 5501 gentes
2169 5425 2484 5481 dissolvissc
2533 5440 2599 5479 ac
2642 5420 3092 5490 consumpsisse;
3142 5428 3304 5486 atque
3343 5411 3524 5468 Eccico

1938 5525 2034 5578 size
2069 5524 2469 5575 lirmamentum
2498 5517 2551 5571 in
2573 5525 2775 5572 statum
2799 5514 2906 5568 diei
2927 5512 3231 5584 fulgoribus
3255 5506 3519 5565 lucidum,

1937 5631 2001 5669 ac
2031 5612 2181 5684 pacis
2208 5612 2513 5667 claritatem
2557 5597 2982 5663 transmutasse.

2008 5704 2180 5774 llnjns
2208 5717 2338 5758 vero
2376 5708 2588 5756 certum
2622 5706 3013 5767 argumentum
3037 5734 3053 5764 ,
3086 5707 3151 5749 ac
3189 5689 3524 5762 conjectura,

1388 5884 1430 5916 ³³
1471 5883 1613 5939 l‘sal.
1647 5898 1755 5949 cxi,
1792 5883 1845 5945 9,
1885 5881 1965 5935 l0.
