4022 6424
477 464 582 530 479

1642 466 1937 528 ΝΙΕΕΤιΕ
1981 467 2509 529 PAPHLAGONIS

3621 467 3721 533 480

477 589 603 643 quae
630 579 758 627 ante
791 585 1006 626 sacrum
1059 571 1210 626 illum
1243 572 1546 644 ingressum
1591 575 1641 628 in
1679 591 1857 630 aerem
1899 576 2068 631 effusa
2099 582 2143 637 Α
2177 577 2312 631 tatis
2370 576 2605 630 decretis
2665 576 2782 642 pari
2828 576 3148 631 credulitate
3189 576 3328 632 sulm
3353 577 3510 631 itlere
3560 581 3752 646 animo,

478 664 812 720 densissima
856 665 1032 733 caligo
1075 680 1140 718 ac
1166 667 1475 720 obscuritas
1505 675 1612 722 est.
1643 665 1715 719 At
1751 668 1841 721 ubi
1872 666 2061 722 Eccle-

478 758 616 811 siam
651 756 934 826 ingressus
953 766 1057 822 est,
1092 758 1347 812 universa
1377 758 1595 813 civitate
1625 773 1691 812 ac
1735 759 2064 828 imperatore

480 860 589 899 una
643 845 881 910 comite,
918 845 1178 915 omnique
1235 845 1493 901 Ecclesiae
1549 857 1694 901 cuna
1740 847 2066 903 decantaute

481 937 704 990 laudum
762 937 999 1003 cantica,
1051 952 1116 992 ac
1151 936 1337 992 divino
1361 937 1606 992 antistite
1651 938 1706 992 in
1740 938 1869 993 sede
1891 939 2064 994 collo-

482 1035 638 1093 cato,
669 1037 1106 1098 cunctorumque
1147 1029 1383 1083 vultibus
1421 1029 1745 1099 praefervido
1799 1031 2066 1101 lacryma-

487 1137 611 1174 rttm
674 1121 850 1176 imbre
912 1120 1173 1191 perfusis,
1210 1122 1558 1190 compunctis
1591 1123 1797 1177 scilicet
1819 1124 2066 1178 omnium

485 1211 710 1278 animis,
749 1227 850 1267 nec
869 1221 1075 1267 tantam
1108 1213 1358 1267 beneficii
1399 1214 1505 1267 vim
1537 1215 1699 1270 siccis
1731 1217 1909 1270 oculis
1937 1232 2072 1271 sus-

487 1304 669 1372 cipere
729 1303 1084 1370 valentibus;
1117 1304 1204 1358 ubi
1237 1305 1474 1374 denique
1512 1307 1741 1370 clamor,
1788 1308 2068 1377 gaudium,

495 1393 896 1463 commistaque
931 1394 1154 1448 tristitia
1187 1409 1253 1448 ac
1325 1396 1670 1464 supplicatio,
1709 1397 1946 1453 universi
1980 1414 2074 1465 po-

488 1485 601 1550 puli
642 1494 822 1553 gestu,
891 1483 1082 1538 habitu
1132 1501 1338 1556 oreque
1381 1487 1588 1556 erupit;
1627 1488 1858 1542 solvitur
1889 1491 2074 1544 statim

485 1573 814 1628 densissima
847 1573 937 1628 illa
969 1591 1074 1629 nox
1155 1591 1221 1630 ac
1266 1577 1538 1644 tenebrae;
1597 1578 1799 1648 luxque
1832 1579 2077 1648 Splendi-

488 1662 714 1718 dissima
745 1663 1034 1718 confertim
1088 1665 1372 1734 effulgens,
1405 1667 1787 1722 haereticorum
1851 1669 2074 1738 quidem

493 1769 620 1823 spes
666 1754 719 1807 in
789 1755 1084 1810 obscurum
1120 1758 1310 1822 trudit,
1347 1757 1561 1827 piorum
1612 1769 1792 1813 autem
1837 1763 2080 1831 exceptis

486 1847 810 1915 corporibus
837 1848 999 1902 etiam
1032 1850 1276 1904 animum
1331 1851 1581 1904 claritate
1613 1851 1872 1919 perfudit,
1915 1869 2079 1907 exsu-

2167 685 2348 740 operee
2383 671 2616 739 pretium
2648 670 2939 724 ducebant.

2209 760 2300 815 Sol
2324 773 2379 816 et
2404 763 2553 826 luna,
2569 762 2743 816 oculis
2759 761 2978 831 quidem
2999 762 3317 830 conspicua.
3340 763 3752 832 haudquaquam

2166 868 2331 908 cursu
2365 853 2591 908 inhibita
2621 861 2768 908 sunt.
2818 851 3092 919 Quorsum
3119 853 3264 907 enim
3299 853 3323 906 ?
3351 863 3408 907 at
3444 855 3538 922 qui
3569 867 3742 911 mente

2169 945 2250 999 sol
2285 945 2627 1014 intelligitur,
2662 961 2770 999 non
2796 943 2983 1010 semel,
3036 944 3130 998 sed
3157 944 3212 998 in
3257 955 3580 1014 perpetuum
3608 986 3624 1010 ,
3669 964 3756 1002 su-

2170 1035 2320 1090 blimi
2349 1035 2469 1104 ejus
2501 1035 2692 1096 menti,
2733 1049 2798 1088 ac
2839 1034 3039 1089 caelum
3094 1034 3409 1104 pervadeuti
3444 1037 3707 1092 assistens
3736 1040 3750 1087 ;

2171 1128 2304 1196 quin
2338 1136 2391 1181 et
2428 1128 2548 1198 ejus
2596 1127 2875 1196 sapientia:
2922 1142 3045 1196 qua:
3087 1127 3274 1182 saeculi
3320 1142 3424 1182 usu
3477 1138 3755 1198 praestatur

2174 1215 2511 1270 lucidissima
2552 1217 2733 1285 specie
2763 1215 2908 1269 velut
2946 1215 3086 1269 lunae
3138 1216 3302 1285 jubar
3344 1215 3630 1287 effulgens,
3677 1219 3752 1271 vi.

2179 1314 2385 1360 ctorem
2446 1306 2708 1360 adversus
2764 1305 2858 1359 Dci
2907 1306 3112 1371 ltostes,
3169 1321 3235 1360 ac
3291 1307 3738 1375 triumphatorem

2178 1394 2307 1449 facit
2333 1413 2345 1448 :
2381 1396 2582 1464 quibus
2615 1397 2734 1450 neci
2764 1394 2928 1458 datis,
2951 1411 3114 1464 quam
3141 1396 3497 1465 possederant
3520 1406 3741 1461 terram,

2181 1498 2377 1553 nempe
2413 1484 2736 1549 Ecclesiatn,
2769 1485 3122 1553 possessione
3150 1485 3285 1539 adit.

2253 1574 2520 1639 Possidet,
2594 1576 2842 1644 inquam,
2909 1576 3131 1645 aditque
3189 1576 3596 1642 haereditatem,
3655 1595 3756 1635 non

2181 1681 2303 1736 qua:
2346 1665 2576 1730 dillluat,
2623 1675 2782 1735 atque
2818 1665 2980 1720 facile
3010 1667 3324 1734 dilabatur;
3359 1670 3452 1724 sed
3486 1670 3758 1738 stabilem,

2184 1764 2349 1822 atque
2407 1755 2473 1806 ad
2531 1754 2776 1808 futurum
2824 1757 3086 1810 saaculum
3141 1759 3623 1828 commigrantem,
3665 1778 3759 1817 nec

2186 1859 2303 1896 eam
2342 1845 2608 1896 duntaxat
2657 1860 2780 1913 quae
2810 1845 2864 1897 iu
2905 1846 3084 1909 terris,
3125 1855 3288 1915 atque
3325 1848 3500 1904 oculis
3538 1853 3759 1920 conspi-

494 1946 718 2004 pcrante
746 1939 1006 1992 maestitia
1043 1939 1510 2009 injucuuditatem
1558 1941 2071 2008 nimiumquantam

2194 1948 2278 1986 :ua
2328 1945 2455 2000 est;
2489 1934 2584 1990 sed
2641 1950 2736 2003 per
2782 1949 2928 1996 eam,
2979 1935 3047 1990 ad
3097 1939 3376 1992 caelestem
3419 1937 3755 2005 Jerusalem,

495 2026 742 2090 cedente,
803 2036 968 2096 atque
1028 2043 1316 2082 conversa.
1366 2027 1458 2083 Sic
1497 2028 1753 2082 nimirum
1787 2028 2076 2096 Dominus,

497 2119 958 2185 quemadmodum
996 2134 1108 2179 eos,
1145 2120 1237 2188 qui
1271 2120 1446 2188 ipsum
1471 2121 1797 2186 clarificant,
1830 2123 2080 2177 claritate

495 2221 718 2276 augere,
740 2209 820 2263 sic
849 2209 943 2279 qui
969 2219 1254 2278 spernunt,
1278 2226 1538 2281 spernere
1559 2212 1864 2266 consuevit.

559 2325 926 2397 Admiraudus
954 2343 1174 2412 quidem
1199 2343 1383 2406 Jesus,
1410 2345 1627 2401 lsraelis
1650 2346 1776 2400 belli
1817 2347 1927 2401 dux
1963 2346 2084 2402 Mo-

491 2433 568 2487 sis
595 2434 715 2489 loco
762 2443 1000 2499 creatus,
1064 2434 1323 2504 siccoque
1375 2437 1604 2507 vestigio
1662 2453 1785 2491 cum
1824 2439 2083 2494 omnibus

491 2525 666 2592 copiis
693 2522 933 2579 Jordane
970 2526 1301 2581 transmisso
1329 2525 1412 2591 “;
1454 2538 1617 2596 atque
1651 2529 1918 2585 adversus
1952 2547 2084 2600 gen-

493 2623 577 2667 tes
628 2629 891 2683 regesque
926 2613 1259 2670 fortissimos
1312 2617 1582 2672 instructa
1634 2620 1774 2686 acie,
1831 2621 2086 2690 belloque

497 2713 868 2772 comparatus,
897 2706 978 2760 sic
1013 2707 1299 2761 incruenta
1352 2709 1584 2764 victoria
1618 2711 1894 2766 evertebat
1922 2713 2085 2782 quid-

498 2797 631 2865 quid
662 2798 1005 2862 iucurrisset,
1039 2815 1103 2854 ac
1143 2815 1240 2868 par
1263 2810 1382 2855 erat
1413 2811 1703 2864 everteret,
1742 2818 1808 2858 ac
1834 2819 2087 2872 pessum-

494 2888 670 2950 daret,
705 2903 868 2956 quem
908 2889 1217 2945 Altitissimi
1271 2893 1490 2947 dextera
1511 2909 1635 2948 cum
1680 2894 1872 2963 primis
1901 2904 2087 2964 prote-

494 2978 674 3046 gebat.
713 2975 887 3034 Unico
921 2980 1176 3034 tu‘barum
1211 2981 1494 3051 clangore,
1534 2983 1920 3038 robustissima
1952 2998 2087 3038 con-

493 3085 659 3126 cussa
709 3073 913 3126 muenia
952 3074 1292 3127 corruebant
1333 3085 1600 3144 :ttnnqne
1632 3075 1796 3130 urbes
1839 3075 2084 3146 integras,

496 3162 815 3232 civiumque
845 3164 1028 3218 omnis
1079 3163 1325 3218 conferta
1371 3166 1663 3221 multitudo
1692 3164 2089 3224 exscindeban-

498 3262 587 3308 tur
617 3270 633 3308 :
658 3254 1060 3309 bellicosissimi
1092 3270 1248 3324 reges
1296 3257 1661 3326 impressione
1692 3257 1854 3326 facta,

499 3343 688 3408 armis,
719 3345 813 3398 sed
835 3354 890 3400 et
936 3346 1077 3400 caelo
1111 3345 1390 3416 lapsorum
1434 3347 1674 3417 lapidum
1725 3349 1898 3404 instar
1926 3365 2091 3421 gran-

499 3434 644 3488 dinis
672 3435 846 3490 imbre
867 3436 1214 3491 caedebantur
1243 3438 1328 3503 ";
1359 3439 1580 3508 quin-et
1621 3440 1681 3504 ii,
1731 3444 2090 3511 praeeuntium

500 3539 792 3591 vesparum
846 3527 1054 3581 aculeis
1108 3527 1176 3592 ⁸⁸,
1232 3529 1349 3583 dire
1393 3530 1793 3599 pungebantur.
1828 3531 2094 3603 Quodque

505 3614 684 3683 majus
739 3631 804 3670 ac
847 3617 1199 3683 insolentius,
1245 3619 1327 3673 sol
1367 3621 1566 3684 stabat,
1613 3621 1744 3676 luna
1805 3623 2092 3678 inhibeba-

505 3717 596 3760 tur
623 3707 696 3774 ",
733 3709 1024 3778 ipsumque
1075 3710 1274 3765 caelum
1341 3711 1527 3766 lsraeli
1578 3712 1768 3768 aderat
1812 3714 1938 3769 belli
1965 3716 2095 3771 sub-

505 3798 648 3854 sidio
704 3801 971 3856 adversus
1036 3803 1356 3874 insipientes
1419 3806 1764 3877 depugnans.
1832 3806 1929 3862 His
1995 3807 2090 3863 Dei

505 3892 841 3960 providentia
899 3909 1142 3963 curaque
1215 3897 1435 3961 excisis,
1509 3884 1701 3972 eorum
1757 3901 2093 3957 substantias

504 3997 570 4037 ac
593 3981 887 4039 facultates
926 3986 978 4039 in
1011 3985 1257 4041 funiculo
1280 3988 1708 4055 distributionis,
1740 4007 1835 4060 per
1868 4007 2092 4046 manum

503 4072 656 4138 Jesu,
710 4091 903 4131 eorum
963 4087 1186 4142 terram,
1217 4095 1282 4134 ac
1340 4081 1606 4151 quidquid
1656 4081 1879 4139 ditionis
1913 4083 2096 4138 fuerat

504 4166 820 4236 dividentis,
860 4171 1115 4240 partibus
1146 4171 1392 4230 adibant.

579 4303 877 4376 Gregorius
925 4317 1106 4361 autem
1148 4309 1261 4362 veri
1295 4308 1508 4364 Israelis
1546 4325 1704 4365 sacra
1758 4310 2091 4381 praefectura

507 4398 845 4461 concredita,
875 4400 1023 4452 velut
1055 4416 1215 4454 amne
1249 4401 1436 4470 rapido
1479 4402 1847 4471 glomerantes
1895 4420 2088 4474 aquas,

511 4490 754 4560 prolixas
784 4491 960 4545 stulte
1006 4491 1300 4561 impiorum
1351 4508 1522 4562 nugas
1554 4493 1773 4548 innoxie
1808 4495 2092 4550 transmit-

514 4591 638 4637 tens
668 4597 684 4648 ;
719 4583 863 4652 quod
897 4591 953 4636 et
982 4583 1097 4652 ipse
1125 4585 1397 4639 excelsam
1429 4600 1651 4638 manum
1683 4585 1861 4639 valide
1903 4597 2090 4655 prote-

514 4685 728 4746 gentem
793 4676 1049 4742 haberet,
1114 4685 1374 4745 tanquam
1438 4677 1687 4732 civitates
1746 4693 1810 4731 ac
1865 4679 2084 4748 oppida.

513 4767 824 4837 illegitimas
855 4767 1238 4822 hmreticorum
1274 4768 1590 4822 sodalitates
1638 4778 1945 4838 canusque,
1976 4769 2086 4823 cla-

514 4861 732 4916 rissime
766 4859 1087 4915 sonantibus
1136 4875 1250 4915 sua:
1303 4860 1591 4930 theologize
1647 4860 1814 4920 tubis,
1868 4873 2090 4931 repente

513 4954 631 5008 solo
662 4953 919 5008 allidcbat
947 4991 962 5015 ,
993 4951 1272 5022 fortesque
1299 4953 1761 5022 blasphemiarum
1797 4960 2084 5021 patronos,

515 5061 580 5102 ac
618 5047 914 5112 antistites,
943 5056 1206 5116 tanquam
1255 5061 1516 5101 saxorum
1552 5045 1774 5111 ictibus,
1808 5044 2095 5116 densaque

517 5142 805 5212 grandine,
863 5143 1181 5197 caelestibus
1237 5141 1416 5196 sensis
1471 5138 1895 5211 confringebat;
1950 5140 2098 5195 velut

521 5235 762 5304 denique
795 5236 968 5289 multo
997 5249 1283 5304 vesparum
1333 5232 1611 5296 examine,
1645 5219 1856 5288 crebris
1879 5247 2098 5288 sermo.

521 5343 652 5382 num
679 5342 906 5382 suorum
930 5326 1135 5382 aculeis
1157 5325 1436 5392 saucians,
1461 5325 1600 5393 alios
1624 5325 1845 5398 quidem
1872 5327 2098 5379 omnino

519 5419 844 5490 perimebat,
880 5428 1149 5496 quotquot
1179 5419 1388 5474 scilicet
1425 5420 1587 5488 longe
1632 5420 1870 5473 maxima
1931 5427 2100 5471 teme-

523 5510 684 5564 ritate
719 5509 854 5576 acti,
890 5507 1173 5578 praefracte
1201 5524 1325 5564 cum
1368 5509 1478 5564 Deo
1505 5524 1747 5580 pugnare
1776 5507 2051 5562 audebant
2084 5523 2099 5573 ;

521 5602 657 5657 alios
689 5601 798 5656 vita
823 5600 1060 5656 donabat
1087 5601 1308 5673 potiori,
1337 5611 1604 5672 quotquot
1639 5601 1894 5654 nimirum
1944 5598 2091 5654 veri-

597 5803 640 5831 “
663 5801 828 5852 Jostte
859 5818 892 5858 t.
926 5804 976 5855 ‘2.

1092 5803 1132 5836 ⁸⁵
1155 5802 1337 5858 Justte.
1393 5821 1449 5869 x,
1500 5803 1577 5856 ll.

635 5871 806 5922 rixutl.
846 5887 922 5932 εει,
957 5875 1008 5924 8.

527 5863 571 5897 ιο

1688 5800 1730 5831 δθ
1765 5802 1892 5871 Sap.
1951 5815 2046 5864 xu,
2081 5797 2133 5853 8.

2182 2023 2411 2077 liberam
2481 2024 2627 2076 illam
2683 2023 2728 2056 ⁸⁸
2785 2025 2804 2094 (
2855 2025 3257 2094 primitivorum
3320 2028 3529 2082 scilicet
3589 2031 3762 2086 Eccle-

2183 2116 2322 2168 siam
2357 2114 2402 2146 "
2434 2122 2450 2181 )
2477 2115 2752 2170 transiens
2779 2133 2795 2181 ;
2821 2131 2925 2170 non
2959 2116 3111 2170 solus
3142 2117 3276 2186 ipse,
3311 2117 3404 2172 sed
3435 2135 3563 2174 cum
3603 2134 3763 2186 coetu,

2184 2204 2454 2271 turbaque
2487 2205 2588 2272 ipsi
2633 2204 2856 2270 comite,
2910 2221 3008 2273 pro
3063 2217 3180 2259 rata
3212 2207 3486 2277 cujusque
3516 2209 3764 2267 laborum

2183 2294 2417 2359 ratione,
2459 2294 2710 2363 patribus
2733 2294 3002 2364 ascriptas
3040 2295 3388 2366 incorruptas
3423 2309 3604 2356 sortes
3639 2318 3759 2371 pos-

2183 2384 2445 2441 sidendas
2471 2385 2852 2454 consequitur.

2255 2477 2410 2532 Melle
2470 2494 2535 2533 ac
2572 2477 2711 2532 lacte
2765 2476 2936 2532 ﬂuere
2974 2487 3174 2530 terram
3215 2477 3574 2547 promissam,
3623 2480 3766 2536 Scri-

2185 2578 2358 2640 ptura:
2385 2584 2554 2624 sacra!
2577 2567 2889 2622 testimonio
2939 2561 3210 2635 proditum
3247 2578 3331 2623 est
3361 2569 3433 2608 ⁸³·
3461 2587 3476 2635 ;
3505 2570 3757 2641 Gregorii

2185 2672 2392 2729 autem,
2424 2661 2528 2715 mel
2549 2660 2794 2731 quidem,
2827 2659 3112 2729 theologia;
3140 2660 3411 2726 dulcedo;
3440 2662 3523 2718 lac
3563 2674 3762 2726 autem,

2186 2755 2434 2810 doctrina
2490 2753 2606 2824 jugi
2661 2753 2820 2807 latice
2891 2767 3141 2807 manans.
3201 2752 3292 2806 Vel
3355 2755 3460 2808 mel
3520 2756 3762 2824 quidem,

2185 2844 2406 2899 virtutis
2446 2858 2711 2913 operosus
2768 2841 2943 2908 labor,
2995 2857 3152 2911 quem
3203 2844 3514 2898 animorum
3568 2846 3759 2899 cultori

2188 2937 2361 2991 instar
2398 2937 2519 3006 apis
2565 2943 2984 3001 argumentosaz,
3035 2935 3348 3005 laborisque
3404 2938 3766 2992 tenacissimae

2190 3026 2407 3083 abunde
2455 3027 2840 3097 suppeditabat
2885 3027 3022 3091 ;Iac
3072 3041 3225 3094 vero,
3286 3027 3649 3096 largissimus,
3701 3045 3765 3084 ac

2189 3119 2284 3190 qui
2316 3119 2555 3173 maxime
2582 3118 2877 3172 nutriendo
2901 3126 3071 3183 esset,
3104 3132 3423 3173 sermonum
3459 3121 3621 3174 latex.
3668 3118 3764 3174 llis

2190 3209 2362 3270 enim,
2411 3208 2632 3276 optimis
2677 3207 3155 3278 divinissimisque
3181 3211 3492 3266 rationibus
3523 3226 3764 3266 commo-

1887 3259 2088 3325 ηθάαηι
2117 3281 2160 3338 C
2190 3259 2654 3352 autiaceas
2685 3259 2930 3366 legend.

2265 3389 2394 3443 Haec
2425 3389 2514 3442 ille
2562 3398 2689 3442 ante
2718 3389 2970 3458 adeptam
3011 3388 3220 3453 sedem,
3278 3388 3390 3444 haec
3435 3397 3552 3458 post
3587 3389 3755 3442 etiam

2193 3481 2466 3552 adeptam,
2500 3481 2683 3535 studio
2714 3480 2929 3550 agebat.
2963 3477 3082 3534 Non
3125 3481 3270 3536 enim
3315 3481 3550 3549 requiem
3603 3480 3756 3534 labo-

2193 3587 2338 3638 rum,
2368 3571 2464 3627 sed
2510 3570 2880 3626 accessionem
2917 3586 3193 3636 curarum,
3229 3587 3501 3643 angorem,
3553 3571 3762 3625 sollici-

2194 3663 2467 3728 tudinem,
2503 3678 2569 3717 ac
2600 3661 2847 3715 laborum
2883 3662 3352 3731 exsuperantiam,
3386 3659 3766 3731 pra-.l'ecturam

2193 3759 2451 3821 ducebat,
2485 3771 2650 3810 unum
2696 3771 2828 3810 vero
2871 3755 3041 3810 animi
3072 3754 3474 3825 iucunditatem
3521 3763 3773 3816 noverat,

2194 3849 2594 3919 discipulorum
2623 3848 2842 3917 pietatis
2872 3847 3176 3902 rationibus
3207 3847 3510 3917 profectum
3553 3864 3569 3911 ;
3608 3860 3776 3899 unam

2195 3942 2442 4010 corporis
2497 3941 2849 3997 refectionem
2927 3955 2992 3995 ac
3035 3941 3429 4002 laxamentum,
3496 3954 3787 3994 secessum

2196 4037 2261 4090 ad
2281 4037 2396 4090 loca
2414 4037 2482 4090 ab
2502 4035 2786 4089 hominum
2806 4051 2908 4090 usu
2963 4049 3027 4089 ac
3039 4033 3430 4090 consuetudine
3449 4033 3750 4088 remotiora
3772 4049 3788 4098 ;

2196 4126 2250 4181 in
2276 4115 2518 4196 seipsum
2544 4125 2921 4189 conversione,
2948 4124 3116 4179 animi
3140 4125 3417 4179 rationum
3439 4125 3793 4195 diligentiam

2197 4232 2262 4272 ac
2313 4232 2501 4271 curam
2538 4233 2551 4268 :
2586 4231 2694 4285 qua
2727 4215 2989 4270 nimirum
3042 4231 3196 4270 mens
3242 4215 3318 4270 illi
3364 4216 3431 4270 ad
3477 4215 3794 4270 altissimas

2196 4325 2488 4379 assurgens
2511 4308 3026 4379 contemplationes,
3053 4325 3218 4364 unam
3261 4307 3537 4364 Paracleti
3592 4310 3797 4364 lubens

2198 4401 2432 4455 habebat
2452 4399 3142 4469 consolationem;reliqua
3168 4409 3351 4455 autem
3420 4401 3605 4456 animi
3649 4402 3802 4456 oble-

2196 4501 2556 4555 ctamenta,ac
2569 4491 2814 4559 corporis
2837 4491 3218 4557 relaxationes,
3237 4491 3621 4548 crassioribus
3639 4501 3808 4562 atque

2214 4585 2280 4640 ad
2307 4585 2548 4654 corporis
2575 4586 2816 4639 rationes
2855 4585 3027 4653 magis
3052 4584 3404 4653 comparatis,
3440 4586 3805 4656 projiciebat.

2229 4656 2414 4728 .Nam'
2439 4691 2560 4728 cum
2595 4673 2680 4727 his
2711 4674 2906 4740 tribus,
2952 4675 3190 4730 hominis
3218 4677 3437 4729 anintus
3469 4677 3672 4732 omnis
3721 4691 3813 4732 ca—

2200 4769 2377 4836 piatur
2402 4782 2466 4820 ac
2516 4767 2828 4829 insolescat,
2863 4768 3072 4835 'uempe
3101 4767 3296 4836 gloria,
3324 4767 3570 4834 divitiis,
3642 4770 3811 4824 volu-

2201 4871 2347 4931 ptate
2377 4878 2390 4924 ;
2429 4876 2526 4914 nec
2576 4859 2756 4914 inanis
2788 4859 2974 4927 gloriae
3009 4859 3150 4913 fastu
3197 4874 3261 4913 ac
3307 4861 3582 4928 superbia
3608 4861 3816 4922 elatus,

2202 4952 2402 5006 mentis
2471 4950 2774 5004 rationibus
2842 4950 3164 5004 movebatur
3205 4966 3221 5014 ;
3257 4964 3357 5003 nec
3427 4952 3818 5018 pecuniarum

2206 5059 2391 5098 amore
2434 5043 2734 5107 emollitus,
2786 5042 2972 5095 animo
3024 5041 3380 5111 capiebatur;
3413 5044 3645 5114 quippe
3693 5059 3822 5098 cum

2207 5147 2236 5190 a
2274 5137 2474 5190 teneris
2508 5136 2640 5203 ipsis
2673 5135 2946 5205 unguibus
2979 5133 3253 5202 ejusmodi
3283 5149 3478 5188 rerum
3516 5137 3820 5206 cupiditas

2207 5229 2386 5285 omnis
2415 5229 2488 5282 illi
2524 5227 2793 5282 exstincta
2815 5235 2979 5281 esset.
3015 5227 3093 5281 Ac
3117 5242 3292 5294 neque
3319 5228 3499 5297 (quod
3533 5231 3829 5300 plerisque

2213 5337 2313 5376 usu
2351 5322 2517 5391 venit)
2553 5320 2719 5375 variis
2759 5320 2966 5375 ventris
3001 5319 3378 5390 voluptatibus
3431 5323 3638 5376 victus
3690 5338 3830 5377 con-

2211 5413 2482 5470 cedebat:
2520 5415 2612 5470 sed
2646 5416 2824 5470 omnis
2877 5415 2990 5484 jam
3047 5416 3173 5470 vitae
3196 5415 3472 5471 mollioris
3551 5433 3626 5474 ac
3672 5419 3832 5470 volu-

2212 5506 2378 5575 ptatis
2408 5507 2583 5578 fragili
2630 5507 2883 5578 iluxaque
2911 5508 3256 5577 iucunditate
3305 5523 3560 5564 excussa
3628 5515 3710 5572 ita
3756 5514 3835 5573 la-

2204 5598 2430 5653 boribus
2469 5615 2532 5654 ac
2556 5599 2851 5655 sudoribus
2877 5599 3092 5654 virtutis
3111 5614 3276 5653 causa
3304 5614 3428 5653 sese
3455 5604 3834 5665 excerce‘uat,

2211 5799 2250 5828 "
2279 5797 2461 5854 Josue.
2503 5817 2554 5864 κ,
2587 5800 2670 5853 1:2.
2749 5797 2792 5831 ⁸⁸
2824 5796 2998 5852 Galat.
3029 5813 3100 5860 tv,
3134 5796 3224 5853 ‘26.
3285 5795 3327 5827 ’δ’
3361 5793 3546 5851 llebr.
3606 5815 3710 5866 xit,
3745 5796 3839 5852 ‘23.
