4022 6404
278 285 385 349 481

274 502 406 542 cum
433 486 567 540 illud
610 484 878 554 proferre,
911 495 1137 556 propter
1175 489 1438 543 nimirum
1478 489 1571 545 Dei
1599 490 1868 545 labiorum

276 591 589 639 sermones,
617 579 736 632 vias
756 591 820 632 se
851 577 1020 632 duras
1055 582 1368 636 custodisse
1395 582 1467 636 '°.

354 668 457 720 Alii
489 665 709 734 quidem
733 667 839 720 alia
874 669 1047 723 functi
1079 671 1301 735 virtute,
1349 679 1444 725 aut
1483 672 1681 727 divina:
1698 673 1873 742 parti-

275 760 432 828 cipes
504 757 632 812 facti
697 759 908 825 gratia},
962 761 1135 814 solam
1203 759 1345 814 forte
1414 762 1649 830 quisque
1713 779 1868 817 suam

275 860 494 903 aetatem
527 848 792 903 beneﬁcio
823 849 1037 904 afﬁcere
1069 851 1235 904 velit:
1261 851 1558 920 Gregorius
1591 859 1774 905 autem
1817 854 1870 906 in

275 958 347 996 eo
403 943 696 1002 laboravit,
756 951 921 1011 atque
967 958 1187 1011 operam
1241 944 1444 1012 posuit.
1494 951 1554 997 ut
1602 958 1709 996 non
1761 958 1874 997 sua:

279 1033 553 1085 duntaxat
589 1032 758 1097 aetati,
794 1033 887 1086 sed
918 1042 973 1087 ct
1001 1034 1215 1088 cunctis
1257 1034 1422 1088 simul
1473 1034 1735 1102 deinceps
1783 1033 1872 1086 fu-

280 1123 430 1175 turis
495 1121 748 1175 divinam
817 1122 1046 1191 gratiam
1106 1124 1196 1177 Dei
1248 1121 1498 1190 exemplo
1551 1123 1869 1192 explicaret.

280 1215 473 1268 Sacris
540 1214 774 1282 eloquiis
850 1214 1094 1268 ﬂuminis
1151 1213 1324 1268 instar
1385 1231 1450 1268 ex
1506 1214 1627 1282 ejus
1687 1214 1870 1282 lingua

277 1306 603 1367 fluentibus,
680 1303 1044 1371 doctrinaque
1110 1319 1206 1358 ore
1278 1303 1498 1366 tradita,
1569 1304 1636 1358 ad
1694 1305 1873 1372 ipsum

278 1397 553 1450 adeuntes
609 1410 893 1465 nunquam
946 1394 1219 1452 demereri
1266 1399 1541 1463 cessabat,
1604 1412 1868 1467 arguens,

280 1490 600 1557 increpans,
628 1488 927 1543 obsecrans
956 1489 1026 1553 υ,
1053 1489 1272 1558 pietatis
1301 1491 1536 1546 decretis
1557 1489 1625 1544 ad
1651 1489 1872 1559 sapien-

280 1584 416 1636 tiam
486 1596 851 1650 componens,
951 1584 1302 1640 sermonibus
1369 1583 1618 1638 veritatis
1682 1591 1876 1650 aptans

1010 288 1294 348 ORATIO
1328 290 1456 350 XX.
1482 318 1549 329 -
1589 292 1671 352 IN
1701 292 2014 352 LAUDEM
2066 292 2126 352 S.
2169 292 2551 374 GREGORII
2594 293 2870 355 THEOL.

278 403 343 448 ut
376 392 453 446 illi
502 405 667 462 quam
719 392 958 449 maxime
1016 405 1388 466 opportunum
1450 408 1599 454 esset
1647 398 1946 462 Davidi-A

3451 293 3564 358 482

2062 401 2199 454 Cum
2227 400 2564 453 laudatorias
2587 415 2651 454 ac
2676 412 2798 469 qua:
2819 401 2884 456 de
2911 399 3005 454 Dei
3036 400 3276 458 hominis
3309 401 3362 457 in
3397 419 3567 459 carne

1974 493 2192 562 negotio
2224 502 2352 546 sunt
2389 491 2668 546 orationes
2693 492 2834 561 lego,
2868 493 3067 561 quibus
3093 509 3278 549 sacras
3309 495 3566 550 solemni-

1978 592 2116 638 tates
2144 592 2392 646 exornat,
2445 582 2534 636 Dei
2573 597 2757 637 revera
2793 584 3021 638 vocibus
3059 585 3330 642 Ecelesias
3366 587 3568 641 illumi-

1973 690 2130 739 nans,
2171 683 2332 743 atque
2367 675 2669 738 oblectans,
2701 691 2827 728 cum
2876 675 2987 729 Elia
3013 679 3065 730 in
3096 679 3295 732 cretum
3323 680 3473 734 levor
3494 680 3563 743 υ,

1980 769 2251 838 igueaque
2280 766 2498 835 eloquia
2546 767 2688 821 haud
2742 783 2901 822 secus
2934 785 2999 823 ac
3033 769 3314 824 ﬂammeos
3369 787 3561 826 currus

1975 857 2325 920 inscendens,
2379 858 2633 912 sublimis
2663 858 2728 911 ad
2763 857 3053 912 Dominum
3101 861 3262 914 tollor
3294 879 3306 913 :
3333 861 3564 930 ejusque

1974 947 2138 1001 etiam
2208 947 2485 1011 melotem,
2553 964 2717 1017 quam
2784 949 2980 1005 Eliszeo
3039 953 3251 1017 tribuit,
3319 954 3562 1022 cogito;

1979 1038 2257 1108 quinimo,
2307 1053 2430 1107 quae
2489 1038 2564 1091 illi
2606 1055 2791 1095 comes
2839 1053 2941 1103 est,
2998 1042 3268 1110 duplicem
3327 1044 3562 1112 Spiritus

1977 1129 2234 1200 gratiam,
2254 1143 2362 1198 qua
2393 1129 2598 1182 nedum
2624 1130 2920 1198 impietatis
2940 1132 3142 1186 ﬂuento
3167 1133 3480 1188 inhibentur
3497 1134 3563 1198 ⁸³,

1980 1237 2171 1275 verum
2206 1220 2369 1275 etiam
2409 1221 2626 1274 steriles
2655 1224 2851 1276 anima:
2890 1222 3296 1281 fecundissinue
3321 1225 3560 1280 reddun—

1979 1321 2068 1366 tur
2099 1329 2114 1376 ;
2143 1327 2207 1367 ac
2239 1327 2360 1382 quae
2390 1328 2484 1382 per
2508 1313 2628 1368 fidei
2658 1316 2978 1383 pravitatem
3024 1317 3370 1384 interierunt,
3429 1333 3554 1373 crc-

1978 1404 2183 1459 duntur
2238 1404 2405 1456 vitam
2451 1405 2694 1473 recipere
2723 1406 2789 1461 “.
3460 1389 3466 1394 ~

2049 1498 2184 1550 Cum
2231 1497 2544 1550 antistitum
2602 1495 2811 1560 laudes,
2868 1511 2932 1551 ac
2977 1506 3276 1569 martyrum
3305 1516 3320 1566 ;
3348 1498 3413 1553 ad
3447 1499 3565 1553 haec
3651 1541 3657 1545 .

1979 1588 2167 1648 etiam,
2205 1602 2329 1656 qua:
2385 1586 2556 1650 illius,
2611 1587 2857 1642 moribus
2899 1588 3248 1644 instituendis
3272 1591 3558 1644 'adhorta-

279 1687 450 1745 atque
503 1677 784 1730 iIISll‘ucnS
813 1715 828 1739 9
859 1688 1198 1746 cunctosque
1245 1676 1312 1731 ad
1358 1674 1871 1745 contemplationem
1907 1661 1954 1714 Β
1981 1680 2156 1734 tiones
2191 1686 2412 1733 exstant
2443 1695 2458 1744 ;
2487 1678 2684 1734 divinae
2715 1681 2836 1749 ejus
2865 1681 3151 1750 sapientia:
3195 1683 3515 1737 varietatem
3545 1723 3561 1748 ,

279 1769 492 1838 pariter
551 1783 616 1822 ac
649 1768 920 1822 actionem
970 1767 1252 1837 expeditos
1317 1766 1597 1838 agilesque
1647 1763 1875 1820 reddere

283 1857 529 1910 maxime
573 1857 824 1923 cupiens.
856 1852 1203 1923 Conscriptis
1232 1863 1415 1908 autem
1451 1853 1628 1909 sacris
1676 1867 1874 1906 monu-

282 1949 490 2002 mentis
525 1946 740 2015 futuros
793 1944 1048 2012 deinceps
1097 1961 1191 2014 per
1232 1953 1420 2001 aatates
1466 1944 1783 2006 aediﬁcans;
1816 1943 1872 1998 in

283 2039 379 2104 iis,
412 2053 636 2093 eversos
657 2037 992 2102 constabilit,
1028 2037 1215 2092 ﬁdeles
1235 2036 1524 2091 conﬁrmat
1553 2053 1567 2103 ;
1600 2035 1694 2090 sed
1721 2044 1775 2089 et
1813 2049 1877 2088 os

291 2147 463 2186 omne
508 2132 764 2196 fremens,
812 2140 907 2186 aut
950 2132 1094 2201 quod
1139 2131 1378 2185 futurum
1421 2141 1526 2197 est,
1571 2139 1632 2184 ut
1675 2129 1872 2185 fremat

294 2220 454 2292 loqui
494 2223 748 2277 adversus
780 2222 950 2278 Deum
994 2223 1336 2293 iniquitatem
1364 2223 1432 2290 δ’,
1469 2222 1726 2277 obstruit.

375 2313 552 2368 Tanta
575 2329 691 2369 vero
713 2313 980 2384 Gregorio
1007 2316 1185 2369 exacti
1206 2314 1502 2380 sermonis,
1538 2329 1603 2369 ac
1628 2312 1879 2368 veritatis

298 2416 460 2466 cura,
489 2417 608 2456 cum
643 2412 951 2467 venustate,
985 2405 1328 2469 incitatione,
1361 2404 1774 2475 perspicuitate,
1807 2418 1871 2457 ac

289 2493 578 2565 gravitate,
636 2503 695 2549 ut
740 2511 1055 2565 quanquam
1116 2497 1271 2551 multi
1341 2497 1540 2566 sazpius
1596 2511 1627 2550 a
1679 2494 1882 2550 sarculo

287 2585 576 2640 orationes
610 2588 1062 2664 conscripserint,
1109 2596 1206 2643 aut
1244 2589 1460 2643 divinas
1503 2587 1880 2644 enarrationes

285 2677 567 2730 ediderint
601 2692 617 2741 ;
647 2687 915 2746 quantum
945 2678 1115 2733 stella».
1139 2694 1170 2733 a
1204 2680 1335 2734 solis
1363 2679 1634 2744 claritate,
1669 2687 1880 2734 tantum

289 2766 542 2821 universi
575 2766 644 2821 ab
682 2768 830 2823 illius
871 2769 1054 2823 divina
1101 2771 1486 2840 praedicatione
1534 2787 1598 2826 ac
1641 2771 1879 2840 eloquio,

287 2859 462 2928 vique
517 2874 860 2924 sermonum,
919 2861 1203 2918 deﬁciant.
1256 2862 1394 2934 Ego,
1442 2873 1712 2934 quantum
1756 2864 1884 2918 licet

287 2965 392 3019 pro
425 2951 594 3016 virili,
623 2952 825 3006 dicam.

367 3042 511 3095 Cum
549 3042 602 3095 in
655 3045 934 3099 orationes
990 3044 1288 3100 invectivas
1343 3045 1548 3112 incido,
1589 3046 1792 3116 quibus
1837 3046 1884 3100 is

289 3129 498 3186 Joliam
537 3134 977 3202 praevaricatoris
1003 3136 1251 3189 confutat
1298 3136 1654 3200 dementiam,
1704 3133 1885 3191 numi-

293 3240 545 3292 numque
572 3227 858 3295 gentilium
906 3227 1283 3282 infelicitatem
1317 3242 1381 3282 ac
1435 3229 1727 3282 vanitatem
1755 3243 1885 3283 exa-

296 3318 437 3385 gitat
467 3335 482 3382 ;
517 3333 581 3372 ac
607 3320 809 3388 quibus
844 3335 1034 3373 eorum
1065 3319 1225 3383 Deos,
1257 3336 1322 3374 ac
1342 3321 1603 3376 demoncs
1632 3321 1884 3387 traducit,

295 3410 576 3466 Gedeonis
610 3413 850 3481 gladium
889 3412 1066 3477 video,
1103 3422 1198 3466 aut
1222 3413 1370 3466 illius
1407 3421 1678 3468 trecentas
1703 3413 1884 3477 tubas,

295 3511 469 3569 atque
499 3502 801 3571 lampades,
831 3504 1030 3572 quibus
1062 3503 1398 3572 alienigenas
1429 3510 1688 3564 exterret,
1732 3518 1795 3557 ac
1830 3503 1884 3557 in

296 3603 585 3664 stuporem
612 3596 838 3650 vertit”
865 3613 880 3662 ;
909 3597 1256 3666 prOpriisque
1305 3597 1545 3663 ipsorum
1570 3611 1884 3650 sermonum

297 3685 761 3753 atqueactionum
788 3687 1018 3757 laqueis,
1046 3687 1248 3742 innecti
1296 3686 1446 3742 facit.
1473 3687 1581 3740 Aut
1611 3686 1819 3740 Barach
1839 3687 1887 3717 ⁸⁵

293 3777 611 3848 ,Ιιιριιιείιιιθ
637 3793 822 3832 ensem
873 3779 920 3812 ⁸⁸
953 3795 968 3843 ;
1006 3787 1103 3832 aut
1153 3777 1441 3832 Samsonis
1496 3776 1888 3841 mandibulam,

297 3883 408 3935 qua
465 3867 650 3921 hostes
705 3867 915 3922 milleni
986 3867 1231 3939 percussi
1283 3866 1682 3922 collidebantur
1728 3876 1892 3936 atque

294 3959 574 4013 cadebant
598 3958 664 4010 ⁵⁸.

369 4049 511 4104 Cum
562 4049 618 4102 in
652 4063 769 4114 eas,
820 4049 1024 4118 quibus
1057 4049 1180 4103 Filii
1239 4064 1303 4104 ac
1340 4047 1579 4118 Spiritus
1622 4047 1884 4105 Deitatem

299 4151 531 4204 tuetur,
608 4141 810 4210 quibus
885 4141 1317 4212 alienigenarum
1379 4141 1659 4196 decretum
1731 4156 1894 4195 omne

297 4246 471 4304 atque
502 4234 810 4288 doctrinam
837 4234 1140 4298 exscindit,
1170 4249 1234 4288 ac
1258 4233 1558 4302 prmsertim
1586 4233 1892 4288 Macedonii

1977 1772 2412 1842 multipliciaque
2457 1787 2522 1828 ac
2561 1772 2760 1828 diversi
2815 1774 3032 1842 generis
3060 1776 3346 1844 opuscula,
3381 1790 3445 1830 ac
3481 1778 3574 1829 lu-.

1976 1866 2329 1920 cubrationes
2359 1876 2555 1929 metro,
2593 1867 2883 1936 solutaque
2901 1869 3152 1922 oratione
3193 1883 3404 1922 mecum
3437 1885 3565 1938 per-

1978 1967 2178 2023 tracto,
2247 1957 2563 2012 Salomonis
2625 1957 2795 2011 animi
2850 1956 3181 2025 profundum
3243 1969 3562 2025 contueor;

1977 2050 2110 2118 quin
2134 2058 2189 2102 et
2217 2063 2328 2117 prae
2356 2047 2470 2112 illo,
2509 2062 2573 2102 ac
2602 2047 2782 2117 majus
2809 2049 3014 2117 aliquid
3042 2065 3336 2117 possumus
3358 2050 3564 2104 dicere.

1978 2136 2113 2191 Nam
2179 2135 2437 2191 Salomon
2486 2138 2730 2207 quidem,
2787 2153 2915 2194 cum
2964 2140 3314 2209 sapientiam,
3383 2156 3564 2195 rerum

1980 2230 2192 2285 scilicet
2259 2229 2547 2286 scientiam
2613 2232 2880 2300 petiissct,
2943 2247 3009 2288 ac
3038 2234 3336 2303 accepisset
3358 2234 3451 2299 “';
3484 2237 3564 2288 sic

1979 2323 2376 2376 elementorum
2403 2323 2636 2388 indoles,
2667 2326 2987 2379 animalium
3021 2332 3201 2389 ortus,
3245 2325 3556 2394 plantarum

1981 2415 2194 2470 diversa
2237 2430 2458 2486 genera,
2492 2432 2557 2473 ac
2580 2432 2772 2473 eorum
2815 2431 2940 2488 quae
2969 2417 3073 2473 sub
3106 2418 3221 2473 sole
3271 2427 3421 2482 sunt,
3470 2425 3567 2471 aut

1985 2505 2143 2570 ﬁunt,
2194 2508 2542 2576 operationes
2607 2511 2861 2578 viresque
2890 2509 3227 2564 intellexisse
3258 2509 3564 2578 perbibitus

1988 2606 2094 2662 est,
2127 2605 2188 2651 ut
2214 2600 2564 2667 superiorum
2593 2602 2860 2656 exstiterit
2885 2615 3045 2656 nemo
3080 2601 3184 2655 hac
3229 2601 3306 2656 illi
3338 2600 3565 2655 scientia
3623 2587 3626 2591 ’

1985 2704 2105 2759 par,
2138 2697 2232 2745 aut
2262 2700 2388 2761 post
2419 2707 2544 2746 eum
2581 2703 2934 2748 surrecturus
2969 2694 3040 2748 sit
3066 2693 3443 2762 “.Gregorius
3471 2708 3568 2745 au-

1989 2789 2096 2834 tem
2150 2796 2277 2836 cum
2329 2782 2574 2837 humana
2615 2781 2708 2837 illa
2757 2783 3027 2852 sapientia
3083 2781 3243 2846 nihil,
3297 2797 3362 2836 ac
3420 2791 3570 2835 certe
3627 2847 3644 2854 -

1987 2887 2183 2942 parum
2227 2873 2360 2943 quid
2390 2889 2421 2928 a
2468 2873 2763 2929 Salomone
2818 2875 3205 2940 deﬁceret;ca
3263 2889 3363 2928 ceu
3413 2875 3568 2927 rudi-

1912 2974 2175 3048 cmento
2210 2966 2277 3021 ad
2302 2967 2545 3022 divinam
2600 2967 2927 3036 sapientiam
2984 2982 3143 3032 usus,
3204 2975 3421 3021 tantum
3475 2964 3566 3018 illa

1989 3055 2268 3109 Salomoni
2331 3055 2652 3124 prazcelluit,
2701 3066 2969 3127 quantum
3025 3055 3286 3111 Salomon
3339 3055 3568 3124 reliquis

1989 3149 2278 3219 prtei'ulsit.
2327 3149 2406 3204 Ac
2439 3151 2658 3221 quidem
2709 3151 2825 3216 ille,
2864 3159 3172 3206 creatorum
3220 3164 3279 3204 se
3325 3159 3571 3202 contem-

1988 3241 2216 3311 plationi
2268 3241 2494 3305 dedens,
2556 3241 2932 3312 perspicacem
2993 3240 3050 3294 in
3107 3253 3172 3293 ea
3233 3237 3404 3292 animi
3461 3237 3570 3290 vim

1991 3332 2220 3386 insumit
2255 3348 2270 3396 ;
2301 3331 2391 3386 hic
2437 3339 2621 3386 autem
2674 3348 2738 3388 ex
2781 3332 3087 3388 creatistad
3127 3328 3571 3399 incomprehensi

1989 3441 2158 3494 supra
2208 3440 2370 3494 quam
2409 3425 2650 3494 ignotam
2704 3423 2957 3477 notitiam
3005 3432 3368 3487 transvectos,
3423 3437 3576 3476 sum-

1991 3532 2196 3585 meque
2230 3517 2522 3586 mysticam
2551 3531 2615 3570 ac
2652 3513 3124 3569 abstrusissimam
3150 3522 3346 3567 nactus
3375 3512 3580 3566 incom-

1991 3605 2435 3675 prehensionem,
2495 3619 2674 3674 eaque
2737 3603 3098 3674 apprehensa,
3156 3601 3330 3671 ipsam
3391 3603 3443 3654 in
3507 3615 3574 3654 ea

1991 3697 2512 3767 contemplationem
2543 3697 2710 3752 sistit.

2065 3791 2144 3846 Ac
2177 3790 2398 3859 quidem
2435 3788 2700 3842 Salomon
2725 3785 3119 3840 multiformem
3195 3799 3258 3837 ac
3299 3780 3577 3836 dividuam

1993 3888 2204 3934 naturae
2223 3877 2417 3932 doctus
2448 3878 2733 3938 rationem,
2763 3874 3133 3944 intelligentiae
3179 3871 3573 3926 abundantiam

1995 3969 2184 4024 multis
2216 3968 2371 4023 libris
2396 3967 2561 4024 editis
2587 3965 2921 4036 produxisse
2968 3964 3221 4034 proditus
3267 3973 3354 4018 est
3391 3979 3406 4016 :
3443 3962 3580 4016 Gre-

2005 4061 2194 4131 gorius
2226 4070 2410 4114 autem
2448 4069 2662 4113 natura:
2695 4072 2860 4126 supra
2887 4072 3054 4127 quam
3106 4056 3306 4110 divina:
3362 4055 3582 4110 Unitate

1995 4169 2060 4208 ac
2091 4153 2360 4208 Trinitate
2386 4151 2585 4206 eximie
2633 4158 2916 4219 perspecta
2950 4164 3014 4205 ac
3057 4148 3348 4204 intellecta.
3374 4161 3582 4203 sermo-

1999 4245 2086 4299 nis
2124 4243 2480 4318 pulcherrimi
2512 4242 2585 4302 vi,
2625 4257 2688 4295 ac
2737 4240 3052 4293 illustrante
3101 4239 3329 4293 Deitatis
3385 4237 3581 4303 gratia,

297 4330 537 4397 Ατὶἱιιυθ
601 4342 667 4381 ac
697 4327 1014 4396 sequacium
1055 4326 1424 4396 impudentem
1461 4336 1710 4394 εῐηΡυίθι
1772 4324 1888 4378 bla'
1927 4340 1969 4394 D
1999 4340 2214 4392 cunctis
2245 4335 2410 4390 simul
2436 4334 2686 4389 aetatibus
2717 4333 2900 4387 divina
2927 4331 3032 4386 alte
3075 4329 3351 4384 edisserit.
3403 4329 3583 4390 Atque

307 4419 838 4490 sphemiam,statim
869 4419 1176 4479 admirandi
1202 4418 1348 4473 illius
1381 4417 1602 4472 Davidis
1634 4416 1893 4471 facinoris

307 4515 560 4576 memini,
606 4513 805 4584 triplici
856 4513 1032 4584 lapide
1078 4512 1250 4568 funda
1311 4521 1489 4568 rotato
1531 4513 1892 4582 alienigenam

308 4607 689 4676 percutientis,
715 4617 883 4675 atque
925 4620 1131 4674 procax
1162 4604 1298 4659 illud
1327 4612 1492 4674 caput
1531 4603 1892 4673 amputantis,

304 4716 375 4754 ac
417 4700 610 4755 salutis
639 4716 814 4755 cornu
860 4699 1043 4754 lsraeli
1079 4697 1347 4770 erigentis
1371 4698 1416 4729 ³⁷
1445 4714 1458 4750 :
1488 4706 1582 4752 aut
1623 4695 1896 4751 Samuelis

301 4795 402 4849 illo
443 4795 797 4863 superiorum
829 4794 1161 4855 tonitruum,
1198 4801 1363 4860 atque
1391 4789 1694 4860 fulgurum,
1722 4790 1891 4845 vehe-

302 4887 690 4956 mentiumque
711 4902 741 4940 e
766 4886 906 4941 ccelo
932 4886 1214 4950 imbrium,
1240 4884 1440 4958 quibus
1469 4883 1517 4939 is
1543 4883 1892 4952 insipientem

307 4979 571 5034 lsraclem
627 4979 915 5033 erudiebat
943 4978 989 5011 "
1019 4995 1032 5031 :
1067 4987 1163 5031 aut
1193 4977 1336 5046 ignis
1385 4975 1536 5042 Eliaa,
1579 4991 1690 5044 quo
1744 4974 1900 5029 holo-

304 5081 505 5125 causta
556 5084 621 5124 ac
670 5070 815 5140 ligna
863 5069 1204 5138 consumpsit
1235 5069 1324 5132 5’;
1377 5068 1453 5122 uti
1506 5067 1668 5122 etiam
1713 5077 1899 5136 postea

303 5163 404 5216 illo
433 5161 670 5216 duorum
686 5160 1278 5231 quinquagenariorum
1294 5159 1598 5229 principum
1615 5157 1900 5212 audaciam

305 5252 572 5308 contrivit
602 5253 670 5316 '°,
704 5264 798 5309 aut
846 5254 964 5322 ejus
1004 5252 1180 5323 ipsius
1227 5250 1393 5318 gladii
1443 5266 1550 5319 quo
1595 5249 1894 5320 prophetas

304 5343 655 5402 confusionis
691 5345 789 5416 (id
829 5353 931 5411 est,
961 5345 1091 5399 Baal
1117 5346 1136 5415 )
1162 5344 1470 5416 justissime
1509 5345 1785 5399 interemit
1827 5341 1888 5395 “.

378 5518 429 5551 '°
456 5517 602 5576 Psal.
635 5537 745 5580 xvr.
777 5521 830 5574 4.
907 5521 950 5553 ⁸⁸
977 5520 1021 5574 11
1065 5521 1208 5575 Tim.
1239 5537 1315 5580 tv,
1355 5521 1439 5575 15.

301 5607 383 5653 ιι,
415 5591 510 5643 52.
605 5592 652 5624 ⁸⁸
686 5591 866 5646 Judic.
925 5609 1013 5655 xv,
1067 5592 1148 5644 l5.
1246 5591 1339 5643 ⁸⁷ι1
1377 5595 1504 5659 Reg.
1550 5607 1680 5650 xvtt,
1709 5590 1797 5642 40.

305 5679 345 5725 ι,
377 5665 430 5713 9.
513 5661 554 5691 ⁶¹
594 5659 656 5714 Ill
693 5660 820 5730 Reg.
855 5679 1006 5724 xvut,
1033 5661 1122 5715 ΑΟ.

305 5748 347 5796 ι,
390 5734 476 5785 10.
582 5733 626 5779 ε³
664 5732 730 5785 lll
771 5733 898 5803 Reg.
927 5750 1008 5799 ιιι,
1038 5734 1101 5786 lt).
1133 5751 1146 5799 ;
1186 5748 1258 5797 tv,
1293 5733 1380 5787 50.

1546 5521 1591 5551 δ’
1624 5518 1768 5574 Psal.
1807 5534 1866 5583 ιι,
1898 5517 1954 5572 9.

1904 5587 1996 5640 ⁸ιιι
2042 5590 2174 5654 Reg.
2213 5598 2306 5645 xii.
2349 5587 2435 5640 l7.

1203 5663 1247 5694 ⁶¹
1303 5661 1367 5715 ιν
1407 5656 1536 5726 Rég.
1565 5676 1624 5714 ιι.
1652 5661 1687 5714 9
1741 5675 1900 5728 seqq.
1966 5659 2012 5689 "
2045 5657 2107 5711 IV
2143 5656 2275 5724 Reg.
2330 5675 2428 5721 xu,
2466 5658 2551 5712 Μ.

1462 5733 1505 5762 ⁸⁸
1537 5731 1598 5784 lll
1629 5730 1759 5800 Reg.
1797 5746 1854 5793 ιι,
1893 5731 1916 5782 1
1954 5744 2106 5798 seqq.

2003 4429 2093 4484 ille
2122 4429 2366 4498 quidem,
2397 4442 2483 4494 ea,
2529 4442 2651 4497 quae
2674 4427 2857 4481 saeculi
2890 4441 2993 4480 usu
3034 4424 3305 4487 consistit,
3363 4423 3586 4478 solertia

2003 4536 2069 4576 ac
2100 4519 2475 4576 sollicitudine
2531 4519 2730 4581 elatus,
2762 4532 2826 4572 ac
2863 4517 3047 4572 carnis
3070 4517 3354 4585 prudentia
3384 4513 3586 4575 victus,

2007 4628 2173 4684 quam
2229 4613 2443 4681 procul,
2492 4611 2639 4666 heul
2693 4611 2763 4665 ab
2820 4609 3016 4678 spiritu
3071 4607 3332 4669 recessit,
3395 4619 3586 4659 eorum

2004 4706 2226 4760 nomine
2248 4719 2370 4775 quae
2410 4703 2514 4758 sibi
2545 4701 2827 4773 deligenda
2861 4700 3073 4771 putavit
3097 4701 3199 4770 (ne
3221 4699 3351 4768 quid
3396 4696 3589 4750 nefan-

2004 4797 2134 4852 dum
2186 4796 2415 4865 dicam)
2455 4796 2724 4864 vituperio
2771 4794 2972 4864 dignus
3015 4793 3082 4846 ⁸⁸.
3140 4793 3210 4845 At
3262 4788 3586 4859 Gregorius,

2005 4888 2098 4957 qui
2143 4886 2348 4956 Spiritu
2377 4885 2468 4940 Dei
2498 4893 2752 4956 ageretur
2780 4885 2847 4946 ",
2883 4896 3199 4954 quanquam
3226 4881 3293 4935 ad
3322 4878 3590 4947 ejusmodi

2009 4978 2292 5047 sapientia:
2326 4978 2551 5045 pelagus
2591 4983 2862 5037 evaserat,
2901 4971 3061 5026 facile
3107 4983 3316 5036 tamen,
3367 4984 3431 5024 ac
3481 4967 3592 5022 leni

2011 5083 2144 5121 aura
2197 5066 2438 5134 navigat,
2493 5065 2686 5119 divino
2734 5064 2948 5119 scilicet
2993 5060 3200 5131 Spiritu
3239 5077 3334 5131 per
3361 5060 3592 5128 spirita-

2011 5160 2114 5213 lem
2142 5158 2516 5226 disc'plinam,
2541 5157 2771 5227 vitaeque
2798 5156 3193 5211 institutionem
3221 5153 3286 5207 ad
3311 5152 3589 5206 caelestem

2004 5247 2412 5318 superccelestis
2452 5246 2732 5315 sapientia:
2777 5256 2997 5315 portum
3043 5246 3221 5316 ipsum
3272 5242 3589 5309 dirigente;

2003 5340 2291 5409 carnisque
2347 5338 2644 5393 affectuum
2708 5353 2772 5392 ac
2829 5337 3138 5404 libidinum,
3192 5346 3448 5405 tanquam
3490 5330 3591 5385 ﬁu-

2057 5515 2310 5571 “Judic.
2370 5515 2583 5580 vtr,20.
2692 5515 2738 5546 ”
2771 5513 2948 5570 Judic.
3013 5531 3088 5580 tv,
3139 5511 3226 5568 16.
3333 5512 3378 5544 ³⁸
3409 5509 3590 5564 Judic.

2057 5591 2154 5619 in...
2213 5598 2283 5619 .m
2349 5587 2413 5619 ιτ
2534 5590 2577 5619 ss
2609 5585 2668 5619 111
2705 5585 2816 5619 Ωοη
2890 5600 3022 5619 τις...
3080 5585 3173 5619 ΧΩ.
3281 5583 3326 5613 σο
3357 5582 3422 5619 IV
3459 5580 3568 5619 Ihm

2558 5591 2577 5620 ⁹
2609 5585 2669 5638 Ill
2705 5585 2835 5653 Reg.
2890 5600 3042 5649 xvnr,
3080 5585 3173 5639 38:
3281 5583 3326 5613 ⁶⁰
3357 5582 3422 5635 IV
3458 5580 3590 5646 Reg.

2629 5658 2674 5689 ⁸⁵
2705 5654 2768 5707 ιν
2799 5655 2928 5725 Reg.
2972 5671 3046 5721 tv,
3082 5655 3166 5709 16.
3246 5652 3314 5683 ⁸⁸·
3341 5653 3380 5706 ll
3414 5652 3588 5706 Paral.

2187 5729 2228 5758 ⁸⁷
2269 5729 2427 5782 Rom.
2462 5743 2577 5788 vnt.
2611 5727 2700 5780 H.
