4022 6408
502 299 608 363 483

1662 299 1957 363 ΝΙΟΕΤίΕ
2017 298 2544 362 PAPHLAGONIS

3677 293 3787 357 484

501 423 688 466 ctuum
720 410 1039 481 insurgente
1068 410 1119 465 vi
1166 420 1357 467 natatu
1394 411 1670 482 superior,
1702 420 1869 480 atque
1913 424 2087 463 emer-
2118 415 2162 468 A
2189 423 2383 463 eorum
2417 409 2517 477 ipsi
2551 407 2781 463 consilia
2825 415 3126 478 sequantur
3152 423 3169 472 ;
3202 390 3524 476 maluntque
3554 404 3657 458 sibi
3689 421 3785 460 eos

499 512 656 567 gens,
688 497 966 553 tutissimo
1001 501 1151 556 exitu
1181 502 1352 556 animi
1379 502 1659 573 propriam
1683 500 2088 570 navigationem

498 590 832 660 obsignavit,
874 605 939 645 ac
973 591 1192 647 clausit.
1854 608 1859 613 '

446 752 447 755 η
573 682 867 754 Postquam
892 693 1103 749 autem,
1161 700 1325 755 quam
1361 685 1464 739 sibi
1494 684 1838 755 propositam
1878 684 2089 741 habue-

512 783 601 827 rat
658 772 1010 843 impensioris
1037 775 1187 830 illius
1225 776 1441 830 consilii
1497 776 1792 842 actionem,
1847 773 2087 831 faustum

506 863 692 927 finem,
719 881 785 920 ac
818 881 918 936 pro
948 866 1068 935 ejus
1095 867 1415 937 diligentia,
1456 883 1521 922 ac
1552 869 1667 938 spei
1701 869 1915 924 ratione
1954 884 2089 925 con-

501 964 836 1028 venientem,
892 964 1033 1019 vidit
1061 965 1375 1035 accepisse;
1414 964 1564 1019 omni
1602 965 1812 1020 scilicet
1837 966 2087 1036 populari

500 1055 739 1109 tumultu
796 1070 861 1110 ac
907 1056 1278 1121 contentione,
1316 1056 1822 1127 Anomaaorumque
1889 1058 2089 1128 linguae

500 1145 853 1215 improbitate
908 1160 973 1201 ac
999 1147 1432 1202 contradictione
1459 1148 1632 1203 divisa
1653 1163 1900 1218 prorsus,
1923 1158 2088 1219 atque

497 1237 832 1301 conscissa;
871 1237 1133 1307 omnique
1193 1252 1353 1293 sacro
1416 1238 1862 1294 Orthodoxorum
1936 1248 2083 1296 coetu

500 1327 677 1382 sacris
728 1327 992 1383 Ecclesiis
1032 1329 1311 1397 restituto,
1359 1330 1553 1400 sicque
1601 1331 1806 1387 virtute
1860 1346 1929 1387 ac
1978 1333 2086 1388 ﬁde

496 1417 706 1483 adulto,
749 1425 809 1472 ut
835 1432 1003 1487 super
1039 1433 1137 1474 eos
1163 1418 1349 1474 divina
1397 1420 1626 1475 omnino
1662 1420 1912 1478 eillorere
1955 1436 2085 1478 san-

496 1507 756 1563 ctificatio
791 1509 1203 1579 conspiceretur
1232 1511 1299 1565 ⁸⁸.
1330 1509 1573 1566 Aderant
1596 1512 1815 1582 quidem
1843 1527 2080 1582 quorum

495 1597 763 1652 adventus
833 1600 1259 1669 exspectabatur
1354 1603 1766 1672 prmatantiores
1838 1604 2083 1674 episcopi

493 1695 661 1754 atque
698 1700 1001 1756 proceres;
1039 1689 1290 1756 aderant,
1326 1705 1437 1746 non
1486 1700 1547 1745 ut
1576 1691 1855 1749 Ecclesias
1908 1693 2080 1749 colla-

496 1790 623 1845 psas
638 1777 925 1848 erigerent
958 1779 1106 1850 (jam
1136 1782 1283 1836 enim
1310 1781 1456 1838 sacri
1488 1784 1752 1839 antistitis
1779 1785 2080 1841 sudoribus

496 1865 549 1920 id
586 1875 715 1922 ante
742 1870 1006 1938 praclarc
1033 1872 1340 1940 praestitum
1360 1873 1532 1945 erat),
1561 1874 1656 1929 sed
1688 1884 1747 1930 ut
1774 1876 1923 1931 illius
1956 1886 2080 1933 acta

493 1955 906 2012 confirmarent.
946 1958 1067 2015 Non
1095 1970 1156 2015 ut
1212 1971 1496 2018 nutantem
1554 1962 1715 2019 fidem
1797 1964 2082 2021 ﬁrmarent

496 2061 563 2101 ac
611 2048 975 2117 stabilirent(
1018 2065 1184 2121 quam
1241 2053 1332 2108 ille
1379 2052 1541 2110 factis
1615 2069 1680 2111 ac
1729 2057 2078 2111 sermonibus

492 2140 864 2196 adamantinis
884 2144 1365 2215 communiverat),
1391 2150 1485 2201 sed
1527 2155 1586 2201 ut
1618 2152 1740 2217 ejus
1768 2147 1836 2201 de
1864 2147 2078 2204 Deitate

491 2229 799 2283 doctrinam
831 2230 1046 2287 calculo
1070 2234 1458 2302 approbarent.
1482 2232 1594 2289 Nec
1621 2244 1680 2289 ut
1708 2236 2078 2291 Consubstau-

490 2318 738 2375 tialitatis
799 2321 1033 2389 gloriam
1086 2332 1219 2378 tunc
1272 2323 1496 2394 Spiritui
1532 2324 1832 2391 deferrent,
1864 2326 2075 2382 Deum-

485 2424 593 2478 que
621 2411 828 2480 pariter
855 2428 922 2469 ac
970 2412 1189 2469 Patrem
1236 2414 1547 2486 Fil-iumqae
1598 2428 1928 2484 assererem,
1974 2419 2075 2475 sed

486 2510 550 2554 ut
580 2516 775 2559 omnes
808 2506 1092 2560 communi
1125 2506 1410 2579 δραι-θείη),
1447 2508 1598 2564 ἰΙΗιισ
1627 2510 1830 2569 divinis
1874 2512 2077 2582 pradi-

483 2593 799 2651 cationlbus
826 2599 1226 2655 consentirent.

554 2686 717 2752 Quod
746 2689 893 2744 enim
929 2705 1131 2762 magno
1176 2693 1331 2762 prius
1363 2694 1587 2750 tonitmi
1621 2695 1734 2750 lilio
1772 2697 1817 2730 “
1843 2712 2075 2753 conces-

486 2792 610 2831 sum
637 2785 742 2844 est,
772 2780 841 2833 ad
886 2779 1168 2851 Unigeniti
1195 2783 1431 2854 gloriam
1463 2785 1796 2851 declararet,
1838 2803 1910 2843 ac
1958 2803 2073 2858 prae

485 2867 714 2937 reliquis
759 2868 1186 2940 Evangeliorum
1245 2875 1628 2944 scriptoribus,
1676 2877 1860 2946 ipsum
1896 2877 2069 2932 Deum

482 2962 631 3019 clare
656 2965 984 3034 praedicaret
1015 2984 1030 3034 ;
1056 2970 1419 3038 quamobrem
1465 2969 1630 3025 etiam
1655 2972 1797 3026 scite
1828 2970 2069 3027 Theolo-

2194 502 2469 566 addiccre,
2504 516 2669 571 qram
2701 509 2762 554 ut
2784 501 2821 554 ii
2862 501 3081 570 pictatis
3115 499 3233 569 lege
3277 498 3412 568 ipsis
3434 497 3782 553 addicantur.

2194 576 2321 662 Ipse.
2345 608 2494 657 vero,
2515 609 2639 648 cum
2666 593 2938 647 hactenus
2959 591 3218 646 omnibus
3240 591 3457 660 placere
3486 590 3785 645 suStinuis-

2191 692 2295 745 set,
2332 691 2391 735 ut
2423 681 2568 751 quod
2602 682 2657 735 in
2713 682 2831 750 ipso
2865 692 3003 745 erat,
3037 681 3195 749 juxta
3224 696 3486 749 magnum
3545 681 3784 750 Aposto-

2192 773 2304 826 lunt
2335 774 2380 805 "°
2419 788 2610 827 omnes
2641 771 2988 828 lucrifaceret
3020 789 3035 838 ;
3074 773 3221 842 quod
3265 773 3501 841 amplius
3544 782 3651 837 est,
3694 789 3784 827 vc-

2196 862 2278 917 lut
2300 864 2464 917 studii
2502 862 2724 918 libidine
2761 863 3120 931 placendi,ac
3143 862 3534 917 assentationis
3568 865 3779 916 crimen

2190 956 2542 1021 submovcns,
2578 955 2901 1025 dilllansque
2932 973 2947 1021 ;
3009 970 3221 1008 necnon
3254 955 3375 1023 ejus
3426 970 3592 1023 quam
3626 969 3782 1008 ama-

2189 1054 2342 1101 verat
2374 1062 2403 1100 a
2435 1047 2727 1117 principio,
2771 1047 3231 1116 coalumnamque
3266 1047 3552 1110 habuerat,
3602 1046 3782 1115 philo-

2188 1138 2396 1207 sophiae
2416 1153 2580 1207 supra
2606 1141 2830 1193 modum
2869 1138 3142 1194 desiderio
3169 1154 3434 1194 accensus
3468 1154 3784 1208 ;unamqne

2187 1229 2394 1293 sedem.
2426 1244 2718 1298 supernam
2744 1230 2972 1293 scilicet,
3004 1229 3144 1282 nulli
3186 1229 3405 1283 invidia:
3444 1229 3779 1298 espositam,

2187 1335 2252 1374 ac
2309 1319 2843 1389 intransferihilem;
2890 1321 3016 1375 vitm
3077 1328 3259 1374 autem
3312 1319 3480 1388 hujus
3528 1320 3779 1375 laborum

2187 1415 2515 1477 mercedem,
2543 1413 2666 1482 ejus
2720 1429 3031 1480 ascensum,
3072 1429 3285 1484 proque
3313 1414 3405 1469 illa
3444 1415 3780 1482 sessionem,

2185 1504 2416 1569 sciens;
2455 1520 2619 1575 quem
2677 1505 2929 1562 homines
2976 1506 3239 1560 honorem
3270 1505 3570 1571 deferrent,
3623 1522 3779 1575 sper-

2182 1598 2299 1663 nit;
2331 1596 2629 1666 litibusque
2658 1600 2957 1667 expositam
2992 1599 3201 1654 sedium
3243 1598 3545 1654 celsitatem
3575 1601 3778 1656 volenti

2186 1688 2433 1757 cedens;
2484 1703 2550 1744 ac
2603 1687 2735 1745 Vale
2786 1691 3064 1756 Ecclesite,
3122 1690 3496 1760 Augustisque
3563 1691 3778 1758 dicens,

2113 1753 2157 1812 Β
2187 1779 2412 1835 urbanis
2462 1796 2522 1835 se
2550 1781 2752 1847 turbis,
2794 1797 2857 1837 ac
2900 1782 3133 1853 negotiis
3164 1783 3434 1849 eximcns,
3486 1783 3553 1838 ad
3607 1793 3780 1841 terre-

2184 1885 2312 1924 nam
2342 1870 2608 1926 hactenus
2630 1873 2864 1942 patriam
2897 1874 3247 1943 commigrat.

2250 1960 2388 2015 illuc
2451 1962 2650 2017 iterum
2710 1978 2965 2019 reversus
2998 2003 3014 2029 ,
3096 1973 3434 2035 paternaque
3505 1966 3773 2032 Ecclesia,

2181 2052 2482 2107 amentium
2531 2052 2653 2109 labe
2712 2066 2941 2124 purgata
2999 2055 3543 2127 Apollinaristarum,
3612 2069 3778 2131 atque

2181 2144 2504 2200 domesticis
2534 2146 2659 2200 fidei
2693 2147 2889 2202 tradita
2924 2166 2940 2215 ;
2977 2163 3041 2203 ac
3076 2158 3190 2203 tum
3245 2150 3467 2215 exinde,
3497 2153 3553 2206 in
3616 2161 3777 2208 terra:

2181 2236 2438 2305 angulum
2471 2235 2753 2292 solitarius
2771 2238 3053 2304 secedens,
3079 2239 3148 2293 ab
3165 2240 3506 2295 exteriorum
3536 2256 3596 2295 se
3617 2241 3768 2295 curis

2179 2327 2403 2381 omnino
2436 2327 2749 2398 collegisset
2783 2346 2797 2395 ;
2832 2326 3201 2385 Ecclesiarum
3229 2331 3451 2400 quidem
3506 2332 3775 2401 prtesides

2179 2432 2277 2487 per
2336 2421 2601 2489 epistolas
2652 2422 3088 2477 constabilicndo
3132 2424 3603 2494 coagmentabat;
3658 2425 3774 2494 ipse

2178 2524 2310 2563 vero
2344 2512 2572 2579 potioris
2606 2512 2658 2566 vi
2716 2513 3212 2584 contemplationis,
3256 2515 3773 2586 absolutissimaque

2177 2599 2524 2671 philosophia
2557 2618 2821 2673 supremo
2853 2604 3198 2660 desiilerahili
3230 2621 3597 2662 consuesrens
3628 2648 3645 2674 ,
3708 2621 3775 2661 ac

2175 2696 2267 2765 ipo
2296 2712 2624 2754 arcanorum
2652 2708 2982 2769 praeceptore
3012 2709 3193 2767 utens,
3225 2716 3442 2755 omnem
3483 2710 3598 2755 tum
3635 2701 3774 2770 ﬁgu-

2175 2786 2372 2840 ralium
2440 2802 2725 2843 sacrorum
2783 2789 3161 2860 symbolarum
3225 2791 3541 2860 expressius
3593 2789 3774 2861 perfe-

2175 2878 2428 2949 ctiusque
2466 2894 2652 2935 veram
2715 2881 2966 2936 notitiam
3017 2882 3430 2963 docetuptum
3491 2892 3546 2938 et
3594 2884 3771 2954 ipsam

2174 2971 2472 3042 symbolice
2522 2973 2673 3027 omni
2715 2976 3197 3044 repraesentatione
3244 2977 3583 3047 superiorem
3617 3016 3634 3043 ,
3665 2976 3777 3031 illi-

481 3070 584 3124 gus
612 3067 966 3127 nuncupatus
992 3069 1082 3115 est
1110 3077 1126 3127 ;
1162 3060 1267 3117 hoc
1299 3062 1478 3132 ipsum
1504 3065 1685 3133 plane,
1732 3065 1860 3122 huic
1901 3083 2066 3137 quem
2096 3083 2139 3141 (ι
2175 3078 2281 3134 que
2318 3064 2675 3130 eminentem,
2702 3067 2949 3122 veritatis
2981 3068 3290 3123 scientiam.

482 3147 798 3217 laudamus,
859 3151 1007 3221 quod
1066 3152 1146 3207 .ad
1200 3151 1543 3210 Paracletum
1609 3155 1825 3221 attinet,
1880 3167 2072 3227 postea

482 3236 751 3292 donatum
778 3246 887 3294 est.
912 3238 1057 3294 Cum
1087 3240 1236 3295 enim
1268 3242 1361 3299 alii
1396 3257 1437 3297 a
1477 3242 1693 3299 Deitate
1736 3254 2070 3301 extraneum

481 3326 775 3382 traderent
802 3344 820 3393 ;
854 3329 946 3384 alii
1006 3341 1402 3401 cmponcrent
1450 3334 1671 3404 quidem
1731 3336 1954 3401 Deitati,
2012 3347 2071 3391 ut

478 3428 661 3473 tamen
696 3420 876 3488 palam
918 3420 1092 3476 Deum
1120 3436 1526 3493 nuncuparent,
1575 3427 1759 3482 induci
1789 3443 1897 3483 non
1942 3445 2069 3499 pos-

478 3518 604 3564 sent
636 3527 654 3577 ;
690 3511 786 3566 sed
817 3513 901 3568 vel
930 3528 1044 3569 sua
1091 3514 1194 3584 ipsi
1235 3516 1487 3586 ignavias,
1526 3519 1611 3572 vel
1643 3518 2065 3576 imbecilliorum

470 3598 678 3652 animis
736 3614 801 3654 ea
862 3605 1261 3671 temperatione
1320 3606 1674 3662 consulerent
1707 3624 1723 3674 ;
1756 3611 1909 3665 solus
1954 3609 2065 3674 hic,

476 3689 802 3760 primusque
827 3690 940 3748 fere
968 3708 1078 3763 prae
1112 3697 1371 3752 omnibus
1398 3696 1677 3768 Spiritum,
1697 3700 1868 3755 Deum
1920 3701 2065 3758 Patri

476 3796 543 3837 ac
606 3779 789 3839 Verbo
834 3787 1363 3844 consubstantialem
1416 3791 1715 3862 perspicue
1793 3808 1858 3849 ac
1907 3795 2066 3851 valde

468 3874 620 3929 clare
664 3870 977 3946 ﬁduciaque
1039 3879 1359 3947 prtetﬁcavit
1394 3882 1603 3952 ;cujus
1661 3885 1830 3939 etiam
1874 3885 2064 3942 liberae

464 3964 890 4035 pradicationis
934 3968 1541 4040 magniﬁcentissimum
1589 3975 1878 4044 praemium
1926 3991 2061 4032 con-

470 4066 696 4113 secutus
766 4067 873 4125 est,
942 4068 1004 4115 ut
1065 4077 1174 4131 qua
1237 4062 1360 4118 aliis
1428 4074 1655 4134 praestat
1715 4067 2057 4134 excellentia,

470 4146 739 4220 Theologi
789 4167 988 4207 nomen
1032 4155 1472 4221 nancisceretur,
1519 4157 1638 4213 auri
1691 4159 1900 4215 scilicet
1938 4161 2058 4216 the-

460 4239 653 4294 sauris
711 4240 1235 4308 innumerabilibus,
1288 4246 1621 4318 cunctisque
1680 4252 1939 4320 pretiosis
1981 4252 2061 4307 la-

458 4327 689 4396 rpidibus
718 4328 877 4398 longe
910 4331 1136 4388 clarius.

539 4415 711 4471 Sacro
768 4418 937 4487 igitur
997 4421 1383 4493 episcoporum
1458 4437 1640 4495 cmtu;
1696 4431 2060 4504 universaque

467 4508 711 4573 civitate,
751 4512 900 4580 quod
939 4511 1188 4569 Ecclesia
1241 4517 1467 4573 victoria
1496 4522 1788 4591 potiretur,
1823 4525 1874 4579 id
1928 4540 2061 4581 vero

460 4598 588 4667 ejus
617 4602 998 4669 certaminum,
1037 4604 1306 4674 laborum,
1331 4626 1648 4668 sermonum
1691 4614 1925 4678 facinus,
1959 4633 2059 4671 ceu

470 4706 587 4744 rem
614 4694 763 4746 omni
802 4696 1067 4764 majorem
1088 4699 1195 4753 fide
1216 4703 1565 4769 testantibus,
1604 4706 1765 4775 eique
1794 4710 2058 4763 mutatio-

464 4782 551 4836 nis
571 4783 623 4836 in
644 4785 840 4841 melius
860 4802 1083 4844 causam
1103 4793 1528 4859 ascribentibus,
1552 4812 1617 4851 ac
1650 4798 1797 4853 velut
1831 4800 2057 4871 dignum

454 4877 744 4944 .prtemium
804 4881 1026 4937 sublimi
1071 4898 1201 4947 eum
1258 4886 1386 4941 sede
1429 4888 1807 4944 collocandum
1859 4908 2061 4963 operat-

454 4968 699 5037 :pretium
737 4972 1102 5042 ducentibus;
1145 4976 1262 5046 ipse
1315 4982 1663 5049 negotiorum
1716 4984 2056 5042 ecclesiasti-

452 5073 676 5127 curum,
731 5064 1128 5136 turbarumque
1172 5081 1489 5137 pertaesus;
1520 5071 1586 5125 ad
1636 5073 1751 5128 haec
1780 5076 1943 5130 etiam
1994 5087 2053 5133 ut

456 5150 529 5207 de
561 5154 682 5225 ejus
743 5157 1090 5215 institutione
1141 5176 1206 5215 ac
1263 5163 1390 5217 sede
1429 5150 1577 5219 ortas
1626 5166 2051 5238 disceptationes

456 5242 679 5307 vitaret,
715 5259 892 5317 eaque
921 5249 1132 5305 ratione
1163 5250 1532 5308 Ecclesiarum
1568 5270 1757 5325 pacem
1782 5273 2047 5326 procura-

452 5340 587 5401 ret;
621 5335 753 5403 quin
776 5336 1146 5408 jamquoque
1193 5356 1382 5395 curam
1428 5342 1673 5412 placendi
1702 5348 1862 5413 aulae,
1911 5350 2049 5403 civi-

458 5424 673 5494 busque
726 5426 1032 5484 declinans.
1105 5431 1363 5501 Plerique
1407 5434 1554 5489 enim
1616 5441 1931 5495 sacerdotes
1983 5442 2050 5497 ad

2256 3154 2360 3209 Alii
2403 3156 2622 3225 quidem
2667 3158 3081 3227 prophetarum,
3106 3159 3226 3215 aliis
3261 3159 3314 3213 in
3357 3158 3568 3228 Spiritu
3599 3159 3772 3216 visio-

2176 3246 2339 3302 nibus
2375 3247 2426 3301 vi
2461 3249 2633 3303 animi
2670 3252 2899 3306 rectrice
2948 3267 3013 3307 ac
3037 3261 3219 3307 mente
3254 3251 3565 3319 informati;
3600 3265 3773 3323 atque

2172 3337 2263 3391 alii
2290 3356 2309 3389 ι
2328 3338 2548 3408 quidem
2577 3356 2742 3410 super
2771 3342 2970 3396 solium
3012 3342 3287 3399 excelsum
3314 3357 3365 3399 et
3404 3344 3675 3399 elevatum
3693 3347 3765 3410 ";

2171 3428 2262 3481 alii
2314 3431 2645 3486 animalibus
2690 3432 3161 3501 quadriformibus
3216 3445 3441 3499 vectum,
3503 3435 3759 3489 invisibi-

2172 3524 2273 3578 lem
2310 3526 2609 3595 conspicati
2644 3528 2724 3593 ἠς
2762 3543 2826 3582 ac
2876 3533 3040 3584 modo
3089 3530 3303 3600 quidem
3338 3528 3540 3595 electri,
3589 3530 3761 3584 modo

2168 3614 2310 3684 ignis
2335 3620 2517 3687 specie
2541 3618 2587 3650 ⁷³
2618 3636 2633 3684 ;
2672 3619 2919 3689 aliasque
2947 3637 3143 3678 rursus
3174 3623 3404 3677 humana
3427 3636 3551 3675 eum
3578 3620 3768 3677 forma

2168 3708 2578 3763 considerantes
2596 3708 2682 3771 ",
2736 3711 2903 3767 variis
2946 3713 3250 3783 ﬁgurarum
3298 3712 3647 3777 simulacris,
3698 3728 3771 3770 ac

2166 3795 2369 3851 diversi
2399 3799 2616 3867 generis
2650 3798 2850 3856 formis
2883 3809 3144 3873 tanquam
3169 3802 3262 3873 qui
3293 3817 3389 3872 per
3416 3812 3671 3858 naturam
3693 3804 3770 3870 ⁷⁵,

2165 3889 2312 3943 nulla
2340 3898 2490 3946 certo
2520 3892 2701 3959 specie
2732 3891 3019 3964 formaque
3050 3896 3384 3965 designetur,
3414 3896 3595 3966 sitque
3640 3898 3773 3951 uni-

2164 3995 2447 4036 versorum
2498 3992 2712 4049 auctor,
2748 3993 2912 4054 alque
2941 3974 3004 4041 ea
3029 3987 3243 4044 ratione
3268 4003 3367 4058 pro
3389 4005 3452 4044 eo
3481 4005 3546 4043 ac
3580 3990 3780 4046 viden-

2161 4083 2245 4127 tes
2273 4074 2515 4143 capiunt,
2537 4075 2875 4147 indulgentia
2901 4087 3098 4133 cuncta
3133 4081 3330 4136 subeat
3354 4092 3515 4151 atque
3546 4082 3767 4149 induat;

2162 4171 2432 4235 tanquam
2485 4166 2555 4238 in.
2584 4169 2888 4239 mrzigmatis
2919 4169 3281 4241 obscurisque
3324 4176 3770 4242 repraesentatio-

2161 4255 2349 4319 nibus,
2397 4259 2547 4312 omni
2601 4270 2887 4317 vacantem
2932 4264 3240 4331 quantitate
3290 4279 3356 4320 ac
3394 4266 3677 4334 qualitate,
3708 4266 3767 4322 in

2164 4342 2507 4407 antecessum
2562 4352 2843 4409 videbant.
2896 4354 2996 4411 Hic
3044 4367 3249 4421 autem,
3300 4359 3545 4414 omnium
3594 4361 3767 4416 simul

2089 4417 2136 4473 Ῑ)
2169 4439 2466 4509 visionum,
2492 4458 2632 4512 quas
2674 4445 2905 4501 seorsim
2951 4448 3151 4518 singuli
3206 4461 3585 4519 aspectarunt,
3633 4454 3766 4508 illu-

2169 4531 2482 4598 strationes,
2529 4534 2748 4604 vimque
2794 4537 3169 4595 sincerissime
3206 4542 3455 4609 edoctus,
3494 4548 3766 4617 omnique

2168 4618 2464 4692 Evangelia
2507 4626 2764 4683 exhibita:
2797 4631 3044 4685 veritatis
3086 4632 3241 4697 luce,
3288 4635 3573 4693 altissimae
3626 4656 3763 4695 con-

2167 4713 2540 4792 templationis
2615 4720 2939 4790 compendio
3007 4722 3300 4780 imbutus:
3353 4737 3517 4797 atque
3557 4733 3765 4788 vet-ris

2166 4801 2542 4873 fundamento,
2575 4825 2714 4865 nova
2744 4811 2832 4866 illa
2861 4816 3290 4883 superadiﬁcata
3311 4833 3463 4873 sacra
3504 4822 3763 4891 scientia,

2166 4896 2347 4952 omnis
2386 4896 2743 4966 plenitudinis
2791 4905 3072 4974 sapientiae
3099 4907 3192 4963 Dei
3221 4911 3529 4979 vasculum,
3566 4918 3767 4975 sedes-

2162 5003 2270 5056 que
2305 4989 2557 5047 eﬂicitur.
2594 4992 2651 5047 In
2697 4994 2917 5053 Christo
2947 5000 3167 5069 quidem
3201 5017 3422 5057 omnem
3460 5007 3768 5075 plenitudi-

2161 5094 2283 5132 nem
2317 5081 2619 5140 divinitatis
2649 5088 3003 5157 corporaliter
3033 5091 3342 5148 inhabitare
3383 5099 3663 5154 credimus
3688 5104 3762 5169 '°;

2159 5170 2211 5222 in
2248 5172 2392 5227 hunc
2419 5185 2623 5242 autem,
2649 5188 2823 5234 totum
2860 5195 2958 5251 per
2981 5181 3246 5253 Spiritum
3283 5187 3552 5244 sentimus
3587 5191 3765 5250 Chri-

2155 5273 2241 5317 stu
2251 5281 2299 5317 m
2341 5284 2703 5326 commeasse.

2236 5357 2408 5415 Jonas
2459 5362 2679 5431 quidem
2716 5364 2808 5422 ille
2841 5367 3057 5422 Amathi
3103 5370 3267 5441 filius,
3296 5375 3768 5449 Danielquoque,

2151 5464 2217 5503 ac
2248 5460 2357 5506 tres
2412 5455 2597 5521 pueri;
2631 5457 2783 5527 prior
2826 5460 3068 5528 quidem,
3115 5462 3583 5525 bellum'tnarinze
3620 5488 3767 5541 pro-

455 5529 555 5571 ana
587 5519 831 5587 ipsorum
858 5519 1129 5577 desideria
1173 5524 1450 5582 lubentius
1502 5529 1748 5593 trahunt,
1784 5546 1945 5601 quam
1997 5544 2054 5589 ut
2148 5542 2326 5609 jcctus
2352 5519 2422 5598 ’τί
2454 5519 2787 5615 διαθῇ-ρεαδ
2825 5519 3081 5611 leonibus
3120 5556 3174 5610 in
3207 5519 3325 5614 lacu
3358 5561 3521 5619 datus
3547 5519 3767 5635 cfp;

528 5626 571 5699 ς
596 5626 743 5699 pan.
778 5608 965 5699 cxx’m,
1000 5634 1089 5690 ιδ.

1190 5638 1233 5669 ⁵⁸
1266 5637 1430 5695 Marc.
1491 5658 1571 5707 Ill,

457 5692 504 5723 ⁷³
525 5692 721 5750 Ezech.
755 5714 791 5761 ι,
825 5700 913 5755 27.

992 5704 1036 5738 ⁸⁸
1063 5706 1260 5763 Ezech.
1291 5725 1409 5777 vm,
1437 5714 1493 5766 2.

1569 5685 1571 5698 ι
1617 5644 1702 5696 17.
1782 5645 1827 5675 ⁷⁸
1893 5646 1911 5699 Ι
1961 5648 2089 5703 (lor.
2157 5670 2227 5717 rx,
2270 5656 2356 5709 il).
2435 5660 2479 5691 ⁷¹
2521 5661 2625 5715 lsa.
2678 5665 2805 5727 vui
2850 5682 3004 5739 seqq.

1569 5714 1615 5745 1b
1652 5717 1887 5745 non..."
1946 5718 1978 5745 0
2077 5723 2119 5745 In
2145 5726 2237 5745 l‘.,l
2293 5742 2324 5745 ._
2374 5728 2404 5745 η
2505 5732 2595 5745 ...ι
2822 5737 2850 5745 η
2952 5740 2993 5745 __

1650 5717 1793 5769 Dan;
1814 5731 1912 5780 vn,
1946 5718 1997 5772 9.

2178 5727 2259 5779 ςυι.
2290 5742 2348 5779 ιι.
2374 5728 2421 5783 9.
2505 5733 2550 5762 ⁷⁷
2572 5732 2694 5789 Jun.
2721 5717 2789 5805 ll,
2819 5737 2874 5790 ἓ.
2915 5717 2995 5772 17"
3022 5717 3572 5820 Dattixtt‘l’rgfsqc‘i‘l-

3083 5672 3132 5703 ⁷²
3157 5671 3442 5755 Ezech_._x,
3493 5678 3556 5731 18
3591 5695 3763 5755 seqq.
