4022 6392
266 312 366 377 435
962 290 1245 355 ORATIO
1269 289 1400 350 xx.
1440 286 1613 347 -ΙΝ
1637 282 1954 344 ΙΑΗΒΕΜ
1993 282 2054 342 s.
2092 278 2471 342 oaeneon
2498 279 2774 342 THEOL.
3392 280 3504 343 486

254 426 463 489 stremi,
501 419 554 473 in
610 416 884 470 fornacem
931 409 1073 479 ignis
1121 406 1324 476 injecti,
1376 404 1571 456 horum
1626 399 1824 469 singuli
1857 411 1901 465 Α
1932 396 2190 465 la‘nquam
2228 396 2387 462 plane
2431 394 2840 460 exercitatione,
2868 408 2991 464 quae
3015 393 3080 449 ad
3107 394 3357 464 pietatem
3406 397 3507 448 du-

255 514 541 573 oratoriam
574 509 796 561 domum
821 504 888 568 '9;
914 501 1101 565 Jonas,
1138 507 1341 562 cetum;
1376 492 1586 555 Daniel.
1619 492 1818 556 laeum;
1928 487 2033 546 cit.
2064 485 2330 555 aequalis;
2371 500 2435 540 ac
2486 487 2709 541 demum
2761 488 3018 540 societate
3059 502 3183 541 cum
3226 488 3504 553 omm‘lms,

253 620 359 667 tres
382 603 554 675 pueri,
594 600 871 653 fornacem
898 592 1213 648 ell‘ecerant.
1246 587 1628 675 Precabantur
1647 582 1820 647 enim,
1931 577 2200 631 milversis
2225 575 2590 643 coniunctus;
2628 582 2791 643 atque
2818 589 2937 628 eam
2969 573 3107 629 forte
3128 575 3201 628 ob
3227 591 3339 629 rem
3371 592 3507 632 cun-

253 711 310 754 ut
345 662 585 767 ipsorum
624 691 734 744 vita
772 688 839 741 ab
880 683 1193 740 i‘nteritione
1219 679 1447 748 labe-que
1472 662 1821 746 emergeret;
1932 666 2035 719 ftis
2076 665 2239 721 altius
2275 665 2607 730 ϐθηοοθευε,
2655 662 2723 717 ad
2765 665 2942 732 ipsum
2987 678 3121 731 Ρυτθ
3154 663 3505 731 Ῥυτίεείπιθῐη

256 789 625 845 liberationem
678 780 929 852 precibus
955 774 1355 845 exposcebant;
1392 779 1445 825 et
1472 784 1604 822 vero
1640 767 1827 822 divino

253 893 382 935 nutu
435 878 826 937 obtinuerunt;
869 869 1057 929 Jonas,
1098 881 1129 920 e
1173 873 1327 929 ceto;
1359 861 1571 921 Daniel,
1605 876 1636 912 e
1666 860 1824 920 lacu;

255 971 402 1043 pueri
454 980 583 1033 tres,
611 982 641 1019 c
686 964 904 1016 fornace
947 959 1086 1029 ignis
1118 954 1350 1010 liberati.
1389 951 1686 1021 Gregorius
1730 963 1829 1001 an-

258 1040 381 1123 tem,
412 1068 527 1112 tum
557 1056 811 1116 bestiam,
842 1062 955 1105 tum
986 1049 1190 1110 lacum,
1232 1056 1456 1113 tumque
1479 1043 1619 1113 ignis
1646 1040 1829 1095 forna-

256 1168 390 1216 cem,
421 1162 621 1217 corpus
654 1145 994 1206 existimans,
1060 1138 1415 1208 corporisque
1444 1136 1649 1189 malum
1680 1134 1833 1188 habi-

258 1253 389 1305 tum.
435 1255 532 1294 seu
581 1238 701 1305 ejus
735 1242 992 1304 wgt-otain
1028 1229 1394 1283 valetudinem
1416 1267 1432 1291 ,
1469 1238 1637 1296 atque
1673 1226 1826 1292 vitia,

255 1347 370 1402 qua:
403 1331 587 1383 animo
610 1327 777 1381 etiam
826 1337 1039 1401 summe
1074 1320 1417 1388 philosopho,
1459 1334 1525 1373 ac
1565 1326 1833 1371 comtcm.

257 1422 491 1491 platione
537 1413 954 1487 provectissimo
1003 1410 1337 1481 quandoque
1390 1409 1697 1463 molestiam
1751 1406 1833 1461 fa-

255 1515 413 1575 ciant,
451 1510 872 1575 divinorumque
918 1522 937 1556 ι
980 1512 1038 1557 ιιι
1090 1503 1265 1572 ipsius
1307 1501 1489 1556 verbis
1549 1509 1671 1554 utar
1720 1498 1832 1569 (l5)

254 1606 299 1658 ei
325 1602 596 1657 radiorum
622 1600 793 1653 lucem
811 1608 1065 1665 tanquam
1085 1592 1363 1663 interjecta
1384 1594 1552 1646 nubes
1571 1591 1834 1654 adimant,

257 1695 337 1747 his
397 1702 655 1761 tanquam
716 1687 944 1742 vinculis
986 1684 1190 1739 exsolvi
1242 1683 1496 1753 precibus
1537 1683 1603 1735 ad
1666 1680 1835 1735 Deum

1942 756 2263 810 Trinitatem
2301 756 2519 826 propior
2560 754 2811 818 accedit,
2845 765 3006 823 atque
3037 754 3107 807 ab
3144 770 3230 817 ea,
3280 756 3510 824 ejusque

1935 847 2325 917 benignissima
2372 845 2686 916 largitione,
2717 847 2943 916 justitia:
2977 859 3233 901 coronam
3271 847 3507 915 accipit;

1936 940 2067 1005 quin
2110 939 2257 993 illam
2321 939 2493 1008 ipsam
2555 946 2752 992 ornatu
2828 952 3043 991 omnem
3111 938 3373 989 mundum
3418 950 3510 990 su-

1938 1037 2184 1099 perante,
2231 1029 2740 1084 immarcescibilem
2784 1042 3044 1082 coronam
3071 1026 3255 1094 gloria:
3314 1026 3510 1081 induit.

2013 1141 2244 1197 Decebat
2272 1143 2443 1202 enim,
2480 1151 2539 1195 ut
2580 1141 2672 1211 qui
2709 1150 2886 1195 tantos
2932 1140 3077 1195 illius
3109 1139 3282 1210 gratia
3312 1154 3515 1208 agones

1940 1231 1995 1286 in
2025 1242 2171 1286 terra
2200 1234 2542 1295 desudasset.
2591 1233 2762 1301 ipsam
2809 1231 2863 1284 in
2900 1232 3053 1286 caelis
3080 1233 3227 1285 velut
3256 1245 3518 1286 coronam

1939 1325 2162 1395 glorias,
2213 1341 2276 1378 ac
2319 1325 2544 1395 dignum
2588 1324 2833 1378 victoriae
2874 1324 3158 1393 praemium
3208 1308 3516 1392 acciperet;

1942 1425 2104 1484 atque
2148 1417 2192 1470 is
2222 1417 2311 1486 qui
2349 1432 2446 1485 pro
2481 1430 2544 1470 ea
2575 1416 2854 1469 laboribus
2884 1416 3195 1478 defunctus,
3219 1424 3379 1483 atque
3421 1413 3522 1466 hu-

1943 1506 2088 1560 milis
2135 1507 2487 1575 ahjectusque
2522 1505 2753 1559 effectus
2783 1513 2951 1565 esset.
2989 1505 3231 1557 laborum
3276 1518 3397 1557 eam
3433 1518 3522 1556 re-

1943 1597 2258 1651 missionem
2302 1612 2366 1650 ac
2401 1597 2784 1651 exaltationem
2846 1596 3129 1648 inveniret.
3178 1592 3434 1656 Decebat,
3465 1598 3524 1647 tt

1943 1689 2037 1760 qui
2078 1704 2181 1758 pro
2230 1688 2500 1757 Unigeniti
2554 1687 2759 1757 gloria,
2800 1701 2864 1740 ac
2918 1684 3154 1754 Spiritus
3214 1684 3524 1753 :rqualitatc

258 1784 531 1853 flagitabat
558 1800 572 1848 ;
610 1796 673 1834 ac
701 1795 824 1833 cum
863 1778 1073 1831 solvere
1096 1776 1450 1839 desideraret,
1486 1781 1536 1827 et
1567 1788 1689 1826 esse
1715 1786 1839 1825 cum

1964 1795 2160 1833 unnem
2210 1779 2452 1831 laborem
2483 1790 2897 1844 aerumnamque
2935 1775 3213 1844 proclivis,
3246 1773 3525 1842 suscepis-

256 1877 473 1931 Christo
499 1917 515 1937 ,
567 1869 1050 1939 ingumiscehat”,
1086 1866 1547 1937 quemadmodum
1608 1876 1840 1930 magnus

256 1962 576 2028 Apostolus,
625 1969 901 2027 gravatus,
951 1972 1035 2022 ac,
1086 1956 1229 2009 sicut
1269 1953 1380 2018 ille,
1464 1951 1837 2007 habitaculum

257 2049 402 2120 quod
432 2048 500 2102 de
530 2045 677 2101 coelo
700 2052 804 2111 est,
838 2044 992 2098 indui
1032 2042 1259 2112 cupiens
1284 2041 1348 2095 θί.

336 2181 621 2233 Enimvero
653 2178 816 2232 etiam
842 2176 989 2247 quod
1023 2175 1273 2245 precibus
1303 2172 1629 2237 enitebatur,
1655 2186 1719 2226 ac
1742 2186 1840 2225 cu-

266 2271 442 2342 pienti
476 2270 683 2323 invotis
722 2277 858 2333 erat,
886 2269 991 2321 hoc
1033 2265 1417 2334 consequitur;
1464 2267 1628 2332 inque
1699 2263 1840 2315 bona

264 2375 331 2414 ac
382 2358 569 2428 pingui
613 2364 891 2411 senectute
916 2356 985 2420 ⁸²,
1025 2356 1194 2408 vitam
1230 2353 1424 2419 solvit;
1460 2366 1525 2405 ac
1555 2365 1680 2404 cum
1728 2350 1842 2418 pri-

261 2449 387 2501 dem
429 2459 557 2499 snas
576 2458 764 2499 omnes
789 2444 914 2497 vitae
940 2442 1181 2496 rationes
1220 2441 1274 2495 in
1296 2440 1496 2495 cwlum
1525 2438 1841 2492 transtulis-

261 2545 345 2591 set
381 2536 449 2600 ⁸⁸,
481 2534 670 2603 otique
702 2532 867 2588 etiam
898 2546 963 2586 eo
994 2530 1340 2599 commigrat.
1369 2531 1447 2583 Ac
1477 2527 1693 2596 quidem
1724 2540 1846 2579 cor-

262 2644 384 2695 pus,
415 2623 647 2694 utquod
680 2632 824 2677 terra
856 2630 1021 2687 esset,
1052 2629 1193 2675 terra
1231 2619 1590 2690 obtegendum
1619 2625 1844 2685 paterno

261 2722 314 2774 iu
345 2717 561 2773 tumulo
603 2714 853 2781 dimittit;
893 2728 957 2768 ae
983 2728 1107 2767 eum
1139 2727 1203 2766 ex
1238 2711 1437 2766 tabulis
1478 2709 1713 2764 cavisset
1743 2707 1845 2761 sub

261 2827 370 2865 uno
418 2807 808 2863 occultandum
864 2806 1081 2875 lapide,
1116 2805 1369 2873 spiritum
1424 2803 1478 2856 in
1524 2802 1641 2871 ejus
1674 2800 1847 2869 depo-

260 2917 395 2957 nens
421 2915 622 2955 manus
651 2899 746 2969 qui
782 2896 1080 2952 tradiderat
1116 2896 1187 2952 “.
1211 2896 1277 2950 ad
1304 2895 1483 2963 ipsum
1512 2892 1845 2947 incontami-

263 3003 390 3048 nato
434 2992 622 3045 animo
653 2990 875 3044 transit.
908 2990 985 3042 Ac
1015 2988 1158 3043 sicut
1188 3001 1405 3042 sacrum
1443 3000 1536 3038 vas
1563 2981 1846 3037 electionis

262 3086 485 3141 divinus
514 3082 716 3137 Paulus
749 3081 818 3144 ⁸⁵,
852 3080 1200 3135 divinissimo
1242 3074 1446 3132 Christi
1475 3090 1638 3131 sensu
1673 3072 1848 3142 reple-

271 3185 376 3232 tus.
400 3188 499 3242 per
520 3186 645 3224 eum
680 3183 787 3222 non
820 3183 851 3222 e
879 3177 1045 3231 terra,
1066 3166 1159 3222 sed
1185 3181 1216 3220 e
1243 3165 1381 3219 coelo
1407 3171 1654 3225 vocatus,
1689 3161 1855 3229 inque

263 3263 442 3316 lucem
489 3259 735 3329 gentium
765 3253 834 3321 ⁸⁸,
878 3270 944 3309 ac
988 3264 1144 3308 terrae
1182 3254 1414 3307 salutem
1451 3250 1687 3315 missus;
1729 3261 1854 3301 cum

265 3354 461 3409 multis
511 3350 804 3406 defunctus
842 3348 1100 3418 periculis
1132 3356 1297 3416 atque
1325 3344 1609 3408 aerumnis,
1639 3341 1735 3395 Dl‘i
1767 3355 1858 3396 sa-

265 3445 452 3500 lutare
482 3440 837 3511 Evangelium
879 3439 1200 3493 mortalibus
1231 3436 1602 3505 przedicasset,
1623 3432 1859 3487 bonum-

264 3554 375 3610 que
425 3544 708 3591 certamen
746 3532 983 3602 legitime
1019 3538 1315 3592 certasset,
1345 3541 1605 3582 coronam
1636 3524 1860 3593 justitia:

265 3635 608 3685 consecutus
632 3632 718 3678 est
736 3622 783 3654 ⁸⁷
801 3640 816 3689 ;
836 3623 1036 3690 pariter
1054 3622 1216 3674 etiam
1260 3619 1405 3673 illius
1432 3617 1702 3687 perfectus
1737 3613 1862 3668 imi-

267 3734 416 3778 tator
444 3716 660 3774 altioris
681 3716 820 3771 emlo
845 3713 1128 3767 Trinitatis
1153 3723 1283 3766 nutu
1309 3712 1375 3765 ad
1408 3709 1648 3763 divinam
1686 3705 1866 3760 Theo-

267 3814 478 3882 logiam
526 3817 777 3875 vocatus,
824 3821 889 3860 ac
950 3819 1075 3860 cum
1116 3803 1230 3872 ipse
1281 3815 1499 3871 quoque
1553 3815 1650 3869 per
1696 3797 1863 3852 multa

266 3902 522 3975 pericula
554 3900 793 3954 divinam
836 3897 984 3951 outui
1022 3895 1285 3964 majorem
1326 3891 1564 3946 essentia
1618 3887 1867 3943 Consob-

268 3993 694 4050 stantialitatem
759 3987 1170 4050 auntmtiasset,
1223 3983 1537 4051 bonumque
1608 3980 1869 4049 prteclare

271 4095 561 4141 certamen
598 4088 880 4142 certasset,
916 4092 982 4132 ac
1027 4074 1350 4129 inoll‘ensum
1393 4074 1612 4142 pietatis
1641 4084 1869 4124 cursum

273 4182 744 4239 consummasset,
794 4181 1111 4238 rectamque
1164 4177 1432 4222 accuratae
1479 4164 1600 4219 fidei
1626 4163 1867 4233 regulam

275 4275 585 4333 servasset,
616 4282 647 4320 a
676 4266 863 4329 rebus,
890 4280 1010 4333 qua:
1054 4266 1107 4315 in
1158 4269 1437 4330 aspectum
1462 4258 1668 4313 cadunt
1718 4256 1871 4310 solu-

279 4374 402 4426 tus,
441 4360 529 4413 his
560 4373 684 4426 qua:
714 4367 893 4410 mente
926 4354 1320 4421 intelliguntur,
1349 4348 1672 4419 copulatur;
1710 4356 1874 4414 atque

283 4464 521 4522 peregre
552 4464 582 4500 a
616 4446 823 4501 mundo
859 4444 1233 4514 proficiscens,
1274 4440 1386 4494 Deo
1422 4452 1660 4505 praesens
1709 4435 1877 4490 cilici-

288 4553 413 4605 tnr,
439 4556 506 4594 ac
528 4550 778 4609 tanquam
812 4552 968 4591 mens
1002 4536 1343 4603 incorrupta,
1383 4530 1712 4600 incorruptis
1738 4543 1884 4583 men-

290 4633 452 4687 tibus
485 4640 782 4700 eoaptatur.

376 4748 538 4802 Velut
582 4746 803 4814 sapiens
843 4740 1174 4812 patriarcha,
1201 4735 1555 4806 patriarchis;
1587 4735 1736 4788 velut
1761 4747 1885 4803 pro-

284 4843 520 4915 pltetica
560 4837 772 4908 pollens
813 4835 1005 4905 gratia,
1040 4829 1349 4900 prophetis;
1381 4842 1447 4881 ac
1490 4827 1708 4896 quidem
1752 4838 1888 4893 apo-

289 4936 456 4991 stolis
493 4932 701 4992 unitur,
726 4939 985 4997 tanquam
1019 4922 1313 4990 apostolica
1354 4920 1587 4974 maxime
1617 4918 1723 4971 vita
1752 4932 1890 4986 prm-

289 5029 554 5097 fulgens;
590 5023 761 5081 sacris
792 5016 1118 5088 przesulibus
1148 5029 1213 5069 ac
1254 5010 1591 5071 doctoribus,
1625 5016 1885 5076 tanquam

287 5116 664 5176 sacerrimus,
681 5111 1042 5177 doctrinaque
1061 5105 1367 5175 praecipuus
1397 5111 1559 5169 atque
1583 5100 1888 5162 maximus;

288 5225 364 5264 ac
424 5206 650 5275 qni-lem
701 5198 1054 5269 martyribus,
1111 5204 1369 5263 tanquam
1419 5189 1700 5243 Trinitatis
1746 5187 1894 5240 testi-

289 5300 495 5356 monio
525 5297 637 5350 illis
660 5307 918 5362 compar;
944 5289 1109 5359 justis
1136 5296 1337 5351 autem,
1378 5300 1444 5339 ac
1464 5279 1892 5345 confessoribus,

384 5477 427 5507 ’³
461 5472 600 5527 Dan.
635 5486 715 5532 ut.
740 5468 832 5524 23.
936 5467 980 5498 ⁸⁰
1016 5465 1247 5532 Philipp.
1284 5478 1325 5525 ι,
1379 5459 1470 5514 23.

378 5702 474 5762 15.
519 5699 653 5755 Orat
701 5696 791 5762 39,
834 5709 950 5764 qua:
991 5690 1156 5746 estin
1198 5688 1400 5743 Sancta
1428 5682 1675 5736 Lumina.

1576 5456 1618 5489 81

384 5477 427 5507 ’³
461 5472 600 5527 Dan.
635 5486 715 5530 In.
740 5468 832 5524 23.
936 5467 980 5498 ⁸⁰
1016 5465 1247 5532 Philipp.
1284 5478 1325 5525 ι,
1379 5459 1470 5514 23.
1576 5456 1618 5489 ⁸¹
1648 5455 1688 5510 ll
1716 5454 1841 5508 Cor.
1916 5466 1971 5517 v,
2010 5451 2068 5505 2.
2176 5451 2221 5479 “
2255 5451 2392 5501 Gen.
2416 5459 2507 5508 xv,
2538 5451 2620 5498 l5.

296 5563 471 5611 xxtzt,
505 5546 594 5599 46.
666 5531 712 5573 ⁸⁵
748 5544 867 5594 Act.
900 5555 975 5601 Ix,
1006 5537 1089 5591 l5.
1166 5536 1212 5566 ⁸⁵
1243 5533 1349 5586 lsa.
1386 5544 1533 5593 xmx,
1558 5528 1611 5581 6.
1690 5527 1731 5558 ⁸⁷
1762 5524 1781 5578 ι
1807 5522 1948 5576 Tim.
1978 5538 2050 5587 vn,
2090 5522 2171 5574 ll.
2251 5518 2296 5550 ⁸⁸
2326 5517 2461 5572 Gen.
2505 5530 2556 5577 v,
2583 5512 2672 5567 ⁸24.

1946 1880 2048 1935 set,
2075 1885 2262 1924 eorum
2312 1883 2533 1938 quoque
2577 1866 2826 1920 claritate
2865 1866 2917 1918 in
2955 1866 3347 1934 sempiternum
3386 1876 3525 1931 pra:-

1946 1960 2206 2030 fulgeret.

2018 2070 2210 2123 Divino
2243 2069 2370 2121 olim
2404 2066 2675 2136 proditum
2704 2065 2931 2118 oraculo
2958 2074 3063 2128 est,
3096 2062 3379 2116 Ettochum
3417 2061 3529 2116 Deo

1944 2163 2237 2241 placuisse,
2260 2175 2323 2214 ac
2362 2175 2528 2213 carne
2552 2158 2883 2211 translatum
2919 2172 3041 2210 esse
3065 2156 3111 2194 ⁸⁸
3131 2198 3146 2221 ,
3180 2170 3371 2221 nempe
3409 2154 3529 2207 exi-

1946 2264 2064 2326 guae
2109 2253 2253 2315 illius
2321 2250 2413 2305 Dei
2473 2250 2677 2304 nolitiaa
2706 2249 2931 2319 praemio
2971 2248 3023 2301 id
3063 2258 3437 2311 consecutum,
3471 2254 3533 2301 ut

1949 2348 2020 2400 ita
2070 2342 2482 2398 transferretur.
2528 2340 2733 2395 Deinde
2778 2339 2941 2392 etiam
2995 2338 3167 2391 Eliam
3217 2337 3532 2391 Thesbiten:

1947 2434 2234 2505 magnifice
2259 2440 2599 2501 assumptum
2642 2444 2764 2483 eum
2798 2442 3027 2496 corpore
3060 2428 3127 2479 ιθ.
3162 2425 3354 2497 lgneus
3383 2427 3533 2480 enim

1948 2542 2165 2587 currus,
2194 2541 2257 2579 ac
2282 2525 2408 2593 equi
2441 2522 2582 2591 ignei
2622 2522 2892 2582 tollentes,
2930 2534 3036 2573 non
3072 2518 3125 2571 in
3158 2519 3383 2581 coelum,
3413 2517 3534 2583 sed,

1947 2621 2093 2674 velut
2125 2620 2176 2671 in
2222 2616 2442 2677 emittm,
2477 2614 2680 2680 auriga:
2730 2613 2904 2665 instar
2939 2625 3063 2663 eum
3099 2616 3537 2677 assumpserunt.

1950 2712 2017 2767 Ut
2068 2710 2389 2779 Gregorius,
2421 2706 2513 2775 qui
2551 2715 2701 2758 tanto
2742 2702 3129 2772 praaslantiori,
3171 2715 3234 2754 ac
3276 2699 3540 2766 majorem

1951 2803 2185 2856 habente
2212 2796 2632 2853 admirationem
2671 2792 2934 2862 obsequio
2982 2790 3282 2860 placuisset
3341 2788 3544 2841 Deum-

1938 2887 2458 2961 «quedomeruisset,
2495 2892 2703 2953 quanto
2737 2882 2868 2936 tides
2901 2895 3023 2949 quas
3061 2886 3142 2932 est
3173 2877 3420 2937 veritate,
3450 2875 3543 2929 illa

1952 2982 2243 3052 porrectior
2274 2992 2498 3047 cstqnze
2544 2977 2598 3028 in
2641 2975 2851 3028 umbris
2895 2974 3071 3042 posita
3118 2979 3223 3031 est,
3254 2969 3371 3037 ipse
3400 2979 3543 3035 quo-

1954 3090 2058 3142 que
2101 3073 2165 3125 ad
2216 3070 2504 3124 Dominum
2556 3065 2910 3132 commigrat,
2955 3071 3118 3130 atque
3169 3058 3542 3112 transfertur:

1961 3178 2136 3232 neque
2167 3163 2216 3216 id
2246 3176 2407 3215 curru
2445 3160 2603 3228 igneo
2633 3171 2755 3209 cum
2792 3168 3021 3223 corpore
3048 3160 3233 3206 vectus
3253 3149 3385 3215 ,sed
3416 3161 3547 3202 cum

1960 3256 2142 3311 adhuc
2191 3254 2243 3306 in
2282 3266 2517 3319 corpore
2554 3257 2900 3310 versaretur,
2942 3242 3238 3297 virtutibus
3288 3250 3548 3308 tanquam

1962 3364 2125 3403 curru
2165 3346 2218 3398 in
2245 3345 2442 3398 crelnm
2475 3341 2788 3398 tollebatur,
2840 3337 3075 3404 altisque
3130 3333 3297 3387 animi
3347 3330 3550 3400 sensis,

1963 3455 2027 3495 ac
2065 3434 2645 3504 contemplationibus,
2680 3432 2746 3483 ad
2797 3427 3136 3481 Altissimum
3179 3423 3432 3479 sublimis
3461 3436 3558 3476 asa

1965 3537 2237 3596 sumptus,
2287 3533 2455 3592 atque
2500 3519 2760 3582 evadens,
2803 3516 3195 3570 revelationum
3234 3508 3556 3565 excellentia

1966 3619 2078 3673 Deo
2109 3615 2437 3679 excedebat;
2463 3617 2649 3681 postea
2682 3617 2862 3661 autem
2896 3618 3122 3674 peregre
3173 3600 3351 3655 factus
3375 3613 3407 3651 a
3430 3611 3557 3652 cor-

1967 3725 2119 3782 pore,
2153 3707 2490 3771 omninoque
2521 3702 2587 3755 ad
2626 3697 2919 3754 Dominum
3004 3708 3166 3749 suum
3228 3689 3557 3761 migratione

1973 3777 2130 3855 evita
2149 3794 2448 3866 profectus,
2473 3790 2728 3845 omnibus
2744 3801 2869 3840 cum
2901 3781 3360 3853 supermundanis
3385 3777 3555 3831 virtu—

1972 3886 2117 3942 tibus
2150 3884 2344 3939 altiore
2366 3896 2531 3950 quam
2567 3892 2664 3948 pro
2702 3873 2892 3928 mundi
2923 3874 3133 3926 ratione
3157 3868 3312 3923 cultu
3345 3866 3558 3934 stipan—

1970 3981 2140 4040 tibus,
2173 3991 2238 4030 ac
2267 3973 2460 4027 festive
2491 3965 2892 4036 excipientibus
2925 3959 3330 4031 augustissima
3369 3969 3558 4012 coram

1975 4065 2228 4122 Trinitati
2264 4061 2463 4117 eximia
2512 4056 2841 4128 praefulgens
2870 4051 3119 4106 claritate
3156 4056 3403 4117 apparet.

2044 4175 2272 4239 Verum,
2303 4188 2336 4227 ο
2360 4168 2557 4224 mentis
2610 4166 2758 4220 illius
2796 4175 3007 4229 magna:
3036 4158 3335 4229 primaeque
3375 4171 3441 4211 ac
3472 4154 3563 4211 di-

1958 4269 2275 4325 ‘vinissimre
2307 4261 2573 4331 discipule
2613 4272 2677 4312 ac
2726 4256 2920 4319 cultor,
2983 4252 3184 4306 mentis
3226 4247 3565 4319 perspicaci-

1976 4373 2088 4419 tate
2123 4361 2357 4414 maxima
2385 4354 2627 4425 praedite.
2657 4350 2701 4404 0
2744 4347 2906 4402 Verbi
2934 4347 3082 4399 illius
3109 4343 3238 4406 vivi,
3268 4341 3415 4411 quod
3447 4340 3564 4409 pri-

1989 4471 2089 4510 ma:
2135 4453 2302 4507 menti
2337 4465 2401 4504 ac
2434 4446 2578 4501 Patri
2607 4443 2837 4511 unigena
2866 4448 2968 4503 est,
2997 4452 3060 4492 ac
3085 4434 3439 4504 coniunctum
3473 4446 3571 4483 na-

1990 4560 2146 4612 tura,
2189 4557 2370 4615 praeco
2432 4555 2496 4593 ac
2539 4538 2729 4592 doctor
2782 4526 3262 4598 eloquentissime!
3304 4522 3349 4577 Ο
3397 4521 3569 4574 divini

1990 4612 2247 4709 Spiritus,
2276 4632 2369 4703 qui
2397 4645 2521 4685 cum
2548 4627 2708 4682 Patre
2733 4633 2786 4679 ct
2806 4623 2961 4686 Filio,
2990 4618 3347 4688 ejusdemque
3377 4612 3573 4665 classis

1989 4704 2153 4801 atque
2176 4726 2383 4782 ordinis
2412 4730 2751 4781 numeratur,
2776 4711 3176 4784 spiritalissime
3202 4722 3266 4760 ac
3319 4704 3577 4758 illustris-

1991 4825 2127 4877 sime
2156 4818 2437 4877 adorator,
2468 4810 2885 4875 clarissimeque
2923 4817 2989 4857 ac
3032 4813 3246 4857 summe
3278 4794 3576 4862 conspicua

1992 4913 2300 4981 Tltcologe!
2335 4909 2378 4963 Ο
2409 4907 2500 4976 qui
2534 4905 2734 4959 diserte
2760 4898 2936 4960 nobis,
2962 4911 3026 4949 ac
3064 4892 3297 4949 dilucide
3331 4886 3576 4941 Trinita-

1997 5015 2103 5059 tem
2134 5003 2184 5054 in
2208 4976 2442 5059 unitate,
2476 5010 2539 5049 ac
2566 4994 2831 5048 unitatem
2869 4989 2921 5041 in
2946 4985 3216 5039 Trinitate
3242 4976 3575 5034 adorandum

2000 5095 2171 5149 Deum
2205 5089 2463 5145 edisseris
2488 5102 2503 5152 ;
2545 5087 2661 5137 hmc
2683 5096 2805 5151 qua:
2830 5095 2859 5133 a
2888 5074 3046 5131 nobis
3088 5073 3183 5128 tibi
3215 5070 3453 5124 laudatio
3477 5068 3543 5120 de
3564 5095 3576 5105 -

2003 5188 2182 5240 betur.
2233 5183 2309 5235 Ae
2353 5177 2620 5247 siquidem
2660 5171 2932 5240 condigna
2967 5168 3056 5221 illa
3113 5163 3381 5222 videatur,
3422 5167 3576 5210 tuum

2005 5277 2169 5331 dubio
2198 5270 2390 5344 procul
2435 5283 2662 5332 munus,
2687 5264 2876 5335 tuique
2908 5258 3133 5324 laboris,
3166 5271 3228 5311 ac
3252 5263 3357 5308 tua:
3391 5251 3445 5304 in
3474 5247 3581 5301 line

2729 5440 2777 5481 ⁸³
2802 5437 3033 5505 Philipp.
3069 5448 3151 5492 nt,
3367 5424 3413 5458 “
3442 5420 3579 5475 Luc.

2176 5447 2221 5479 ⁸¹
2255 5448 2392 5501 Gen.
2416 5459 2507 5508 xv,
2538 5443 2620 5498 l5.
2729 5443 2777 5481 ⁸³
2802 5443 3033 5505 Philipp.
3069 5448 3151 5492 Ill,
3178 5443 3267 5483 ιω.

2251 5518 2296 5550 ⁸⁸
2326 5517 2461 5571 Gen.
2505 5530 2556 5571 ν,
2583 5512 2672 5567 ⁸24.
2753 5510 2799 5541 ⁸⁸
2837 5506 2901 5560 ιγ
2934 5508 3062 5571 lleg.
3098 5518 3156 5563 ll,
3190 5503 3272 5553 ll.
