4022 6420
539 281 645 342 48Ἱ

542 495 723 539 autem
752 483 908 550 longe
939 478 1092 533 abest
1118 493 1147 531 a
1174 486 1265 532 tua
1282 477 1503 536 virtute.
1528 476 1640 545 ipse
1655 489 1780 529 cum
1805 472 2120 541 Seraphim.

1732 265 2026 330 ΝΙΟΕΤίΕ
2067 267 2155 325 P.\
2165 260 2516 323 ΡΙΙΙΛΟΟΝ
2530 260 2596 317 lS

413 411 427 418 -
543 398 849 459 temporum
875 380 1249 456 praedictionis
1275 381 1459 436 exitus
1482 379 1596 450 (l6)
1624 392 1687 432 ac
1735 379 1860 432 linis
1891 387 1994 430 est.
2020 375 2113 428 Sin
2144 378 2189 435 Α
2218 371 2448 427 scientia
2499 367 2681 423 divina
2699 404 2722 459 Α,
2789 371 3032 416 nostram
3092 359 3331 459 divinius
3353 455 3365 459 Δ
3391 357 3810 459 sublimiusque

2227 472 2466 518 mentem
2513 456 2783 527 adimple;
2818 465 2934 509 tum
2966 467 3096 507 vero
3137 451 3543 506 admirabilium
3583 459 3810 506 tuarum

3695 251 3806 315 438

543 589 627 628 vir
680 545 871 636 beate:
883 568 976 639 qui
1036 568 1330 623 inaccessa:
1378 564 1628 619 Trinitati
1658 564 1908 624 assistas,
1944 577 2009 617 ac
2041 570 2126 616 ter
2224 558 2493 612 virtutum
2524 552 2722 624 dignos
2750 548 3061 605 laudatores
3087 545 3333 613 eil‘ectos,
3360 545 3416 600 in
3452 554 3547 600 tua
3588 559 3693 599 nos
3725 545 3815 599 in-

544 670 795 718 sanctum
826 658 1105 714 modulum
1152 657 1229 711 illi
1267 666 1349 712 ter
1368 666 1558 712 sancto
1591 664 1673 710 ter
1708 662 1897 709 sancte
1938 653 2122 723 prolo-

547 749 755 819 quaris,
800 748 986 803 divino
1027 759 1121 801 tuo
1153 746 1219 800 ad
1259 761 1358 800 nos
1404 744 1595 812 spiritu
1642 743 1864 813 propior
1903 743 2121 805 accede,

2223 647 2597 705 contaminata
2648 658 2712 698 ac
2762 639 3092 697 immortalia
3138 647 3510 694 commeantes
3548 639 3817 691 taberna-

2225 741 2349 796 cula
2380 714 2630 808 schipe;
2665 736 2735 801 ull
2770 743 2862 789 tua
2897 747 2999 802 ope
3031 730 3263 787 clariore
3296 745 3362 786 ac
3402 729 3675 785 diviniore
3699 728 3820 782 cla-

548 855 614 894 ac
653 839 943 909 serapltico
990 840 1268 908 igneorum
1325 835 1665 904 eloquiorum
1696 833 1928 898 calculo,
1961 842 2126 903 atque
2231 836 2411 897 ritate,
2436 838 2600 899 atque
2628 826 2802 898 gratia
2833 840 3000 896 supra
3035 839 3199 896 quam
3230 823 3615 885 exuberantes,
3649 819 3822 888 digne

551 931 790 987 carbone
836 929 1056 999 indigna
1099 928 1355 997 continge
1402 927 1565 989 labia,
1603 925 2016 994 emundansque
2056 926 2127 979 ab
2234 933 2411 978 tecum
2448 920 2567 974 Deo
2587 919 2888 972 claritatem
2929 918 3060 971 dare
3106 930 3432 978 mereamur,
3457 928 3585 967 cum
3628 912 3818 974 l’atre,

557 1018 865 1087 iniquitate,
893 1032 958 1072 ac
991 1016 1298 1086 perfectiori
1337 1015 1639 1084 adimplens
1676 1029 1836 1070 sacra
1876 1014 2126 1077 scientia,

2233 1022 2287 1068 et
2324 1010 2484 1073 Filio,
2532 1020 2586 1063 et
2630 1007 2834 1077 Spiritu
2877 1015 3089 1071 sancto,
3119 1018 3229 1059 una
3268 1002 3496 1064 Deitate,
3531 1010 3586 1055 et
3620 1015 3821 1069 regno,

554 1083 932 1174 divinioreque
991 1083 1224 1173 dignaris
1310 1083 1819 1166 consummatione;
1888 1100 2126 1169 primum
2230 1112 2287 1157 et
2328 1101 2591 1171 potentia,
2624 1113 2774 1154 nunc
2817 1106 2873 1153 et
2906 1083 3141 1169 semp'er,
3171 1104 3227 1150 et
3257 1094 3315 1148 in
3354 1090 3554 1148 secula
3584 1090 3795 1145 sarculo

556 1198 772 1262 qni-lem
833 1208 1035 1251 sancta!
1085 1194 1367 1249 Trinitatis
1421 1194 1717 1249 secretiore
1770 1190 2020 1247 doctrina
2066 1204 2131 1245 ac
2234 1206 2378 1246 rum.
2412 1191 2604 1244 Amen.

627 1373 740 1445 (16)
768 1371 847 1426 Ad
882 1372 1086 1427 calcem
1117 1371 1330 1427 scilicet
1353 1380 1495 1428 orat.
1518 1369 1611 1425 20.

624 1563 2313 1599 ψ

1654 1710 1793 1766 ΤΟΥ
1820 1709 1913 1763 ΕΝ
1946 1708 2172 1762 ΑΙἾΟΙΣ
2216 1705 2490 1760 ΠΑΤΡΟΣ
2528 1704 2727 1758 ΠΜοΝ

1827 1897 2555 2017 ΙΓΝΑΤΙΟΥ

1479 2141 2050 2199 ΛΡΧΙΕΠΙΣΚΟΠΟΥ
2089 2133 2907 2194 ΚΩΝΣΓΑΝΤΙΝΟΥΠΟΛΕΩΣ

1561 2305 1809 2390 ΒΙΟΣ
1925 2304 2199 2388 ΙΙΤΟΙ
2306 2297 2829 2409 ΑΘΛΗΣΙΣ,

815 2489 1168 2561 Συνεγράφη
1196 2486 1264 2541 δὲ
1301 2486 1461 2554 παρὰ
1485 2481 1716 2550 Νικήτιι
1739 2480 1965 2535 δούλου
1993 2475 2192 2546 Ἰησοῦ
2221 2476 2502 2545 Χριστοῦ,
2538 2475 2642 2529 τοῦ
2666 2475 2760 2528 καὶ
2793 2474 2995 2539 Δαυῒδ,
3026 2473 3134 2529 τοῦ
3166 2474 3584 2545 Παφλαγόνος.

1652 2816 1775 2933 S.
1828 2820 1958 2932 P.
2008 2822 2150 2931 N.
2198 2814 2754 2933 IGNATll

1432 3046 2016 3112 ARCHIEPISCOPI
2101 3043 2984 3108 CONS’I‘ANTINOPOLITANI

1530 3230 1814 3322 VITA
1887 3228 2158 3321 SIVE
2232 3225 2907 3347 CERTAMEN,

938 3423 1206 3484 Auctore
1238 3420 1454 3481 Niceta
1485 3433 1667 3480 servo
1704 3417 1855 3479 Iesu
1895 3413 2144 3489 Christi,
2183 3416 2611 3493 cognomento
2650 3412 2880 3475 Davide
2909 3410 3319 3493 Paphlagone
3361 3411 3441 3490 (1)

1716 3579 1914 3643 (Mmsn,
1937 3576 2124 3638 Concil,
2147 3583 2249 3628 tom
2294 3576 2421 3638 XVI,
2447 3578 2543 3626 col.
2568 3577 2706 3640 209.)

646 3876 972 3933 Praeclarum
1003 3876 1158 3946 juxta
1182 3884 1237 3931 et
1266 3875 1507 3931 salutare
1536 3883 1641 3942 est,
1674 3890 1798 3930 cum
1831 3884 2155 3931 caeterorutn
2189 3883 2200 3938 1

2336 3874 2559 3929 Πάντων
2594 3873 2694 3940 μὲν
2729 3872 2840 3926 τῶν
2877 3872 3051 3942 ἁγίων
3078 3873 3204 3938 τοὺς
3250 3872 3399 3944 βίους
3445 3871 3858 3933 ἀντιτάττεσθαι

575 3966 796 4036 quidem
832 3974 1148 4022 sanctorum
1177 3965 1421 4019 omnium
1453 3980 1541 4021 res
1570 3966 1625 4019 in
1653 3967 1760 4020 vita
1784 3973 1967 4035 gestas
1993 3979 2166 4034 expo-

574 4072 707 4111 nere
760 4066 816 4112 et
858 4071 1138 4122 enarrare,
1168 4057 1511 4126 posterisque
1555 4056 1771 4112 smculis
1828 4057 1954 4112 vita:
1991 4057 2168 4113 docu-

576 4156 779 4213 menta,
812 4147 1121 4218 pariterque
1150 4147 1216 4202 ad
1262 4146 1519 4202 virtutem
1582 4147 1936 4203 incitamenta
1986 4149 2169 4203 trade-

577 4255 669 4294 re:
701 4242 815 4293 tino
848 4253 979 4293 vero
1014 4239 1253 4293 maxime
1289 4253 1483 4292 eorum
1523 4238 1616 4308 qui
1653 4237 1808 4293 fuere
1837 4240 2052 4309 praediti
2077 4255 2170 4294 ve-

575 4331 822 4385 nerando
883 4330 1227 4401 pontiﬁcatu,
1278 4330 1482 4399 quique
1547 4344 1649 4384 suo
1707 4330 1831 4385 vita;
1882 4332 2170 4401 splendore

578 4422 837 4475 acerbum
869 4421 1245 4479 adversarium
1282 4421 1347 4475 ad
1383 4422 1766 4490 gravissimam
1804 4432 2171 4493 provocarunt

579 4512 864 4576 invidiam,
894 4519 948 4566 et
988 4526 1114 4566 cum
1160 4512 1360 4566 invicta
1390 4512 1637 4567 laborum
1668 4514 1914 4568 omnium
1956 4515 2169 4584 patien-

580 4603 676 4665 tia,
732 4601 1014 4672 animique
1070 4602 1472 4673 magnitudine,
1537 4602 1915 4658 fortitudinem
1978 4613 2168 4660 contra

580 4691 962 4749 insectatorem
1011 4692 1269 4748 eximiam
1308 4693 1681 4749 declararunt.
1716 4692 1871 4760 Quod
1908 4692 1953 4751 si
1985 4705 2169 4751 autem

578 4783 799 4839 eosdem
837 4786 905 4840 ad
955 4793 1256 4841 extremam
1304 4795 1359 4841 et
1391 4794 1634 4841 nostram
1682 4794 1897 4841 aetatem
1948 4789 2172 4859 propius

584 4877 843 4933 accedere
875 4879 1177 4948 contingat,
1210 4886 1328 4933 tum
1368 4893 1499 4933 vero
1555 4877 1727 4932 multo
1785 4879 2021 4934 maxime
2064 4893 2174 4949 prae

583 4969 800 5025 cunctis
823 4972 1165 5026 memorandi
1194 4972 1458 5040 omnique
1488 4970 1647 5025 laude
1672 4969 2002 5039 praedicandi
2027 4972 2170 5038 sint;

586 5068 646 5113 ut
674 5062 767 5129 qui
809 5070 1029 5131 propter
1062 5070 1368 5131 temporum
1415 5059 1749 5115 vicinitatem
1786 5060 1960 5115 multo
1995 5061 2173 5131 magis

584 5150 843 5207 Ecclesiae
867 5154 1128 5225 prodesse
1158 5153 1392 5223 possint.
1426 5151 1581 5218 Quod
1615 5151 1759 5206 enim
1793 5161 2166 5222 pervetustum

583 5254 688 5307 est,
718 5243 1002 5314 longisque
1042 5254 1351 5314 temporum
1394 5242 1696 5297 intervallis
1731 5251 2033 5307 remotum,
2064 5243 2172 5298 etsi
2208 5250 2225 5271 ¹

586 5332 745 5387 iidem
798 5345 1021 5403 propter
1067 5336 1360 5390 scribentis
1418 5334 1795 5388 auctoritatem
1874 5343 2167 5399 mereatur,

587 5423 912 5492 desperatur
945 5435 1126 5481 tamen
1157 5441 1186 5480 a
1218 5426 1490 5497 plerisque
1526 5425 1770 5481 studium
1800 5425 2083 5493 imitandi;
2113 5434 2175 5481 ut

2271 3966 2366 4019 καὶ
2394 3963 2719 4036 διηγεῖσθαι,
2753 3963 3030 4033 παίδευμά
3063 3981 3121 4017 τε
3154 3963 3291 4036 πρὸς
3320 3962 3520 4035 ἀρετὴν
3551 3965 3642 4017 καὶ
3666 3964 3863 4036 παρά-

2270 4057 2466 4125 κλησιν
2493 4058 2615 4119 ταῖς
2642 4055 2926 4119 ἐπιούσαις
2946 4054 3025 4125 τῷ
3053 4054 3404 4125 παραδιδόναι
3445 4056 3681 4123 γενεαῖς,
3716 4056 3866 4109 κάλ-

2269 4149 2449 4203 λιστον
2473 4149 2612 4219 ὁμοῦ
2644 4150 2737 4202 καὶ
2758 4149 3025 4219 σωτήριον
3049 4164 3063 4179 ο
3110 4148 3348 4218 μάλιστα
3376 4147 3434 4200 δὲ
3458 4147 3566 4200 τῶν
3599 4148 3869 4220 ἱεραρχὶᾳ.

2272 4242 2446 4311 σεπτῇ
2478 4240 2933 4311 κεκοσμημένων,
2967 4241 3060 4292 καὶ
3090 4238 3180 4292 διὰ
3211 4238 3310 4307 τῆς
3356 4240 3565 4302 οἰκείας
3595 4239 3867 4309 λαμπρόο

2269 4348 2434 4401 τητος
2477 4332 2575 4385 τοῦ
2631 4332 2748 4401 βίου
2804 4332 2884 4393 εἰς
2944 4330 3105 4399 ζῆλον
3157 4331 3461 4385 ἀκάθεκτον
3509 4331 3602 4383 τὸν
3657 4333 3871 4402 πικρὸν

2270 4423 2508 4495 διώκτην
2555 4424 2992 4493 ἀνερεθισάντων
3055 4424 3151 4478 καὶ
3198 4423 3464 4495 δυσμενῆ,
3499 4426 3595 4477 καὶ
3632 4423 3730 4477 διὰ
3766 4426 3873 4496 τῆς

2273 4514 2557 4569 ὰνενδότου
2603 4513 2713 4567 τῶν
2758 4514 2937 4568 πόνων
2997 4514 3279 4585 ὑπομονῆς
3322 4516 3419 4569 καὶ
3469 4515 3874 4586 γενναιότητος

2271 4605 2534 4677 λαμπρὰν
2564 4605 3021 4677 ὲπιδεδειγμένων
3070 4606 3170 4675 τὴν
3201 4597 3485 4677 ἀριστείαν
3514 4607 3639 4660 κατ’
3665 4608 3869 4663 αὐτοῦ.

2274 4697 2339 4751 El
2382 4697 2440 4751 δὲ
2500 4698 2597 4751 καὶ
2646 4697 2784 4769 πρὸς
2823 4699 2932 4761 τοῖς
2964 4697 3239 4767 ἐσχάτοις,
3276 4698 3369 4751 καὶ
3401 4700 3525 4765 ,τοῖς
3553 4697 3681 4751 καθ’
3714 4701 3879 4770 ἡμᾶς

2274 4788 2484 4852 τούτοις
2521 4788 2833 4858 ἐγγίζοντες
2883 4770 3099 4860 τύέοιεν
3139 4792 3386 4861 καιροῖς,
3430 4789 3612 4861 πολλῷ
3653 4793 3877 4860 μᾶλλον

2275 4880 2898 4950 ἀξιομνημονευτότατοι
2929 4878 2994 4932 ἂν
3034 4874 3146 4933 εἷεν
3191 4880 3451 4934 ἁπάντων
3474 4880 3567 4933 καὶ
3603 4880 3880 4944 ἀξιεπαί-

2274 4987 2438 5032 νετοι,
2474 4969 2551 5033 ὡς
2586 4968 2721 5023 πολὺ
2756 4968 2922 5023 πλέον
2968 4968 3272 5042 οἰκοδομεῖν
3302 4971 3368 5041 τῇ
3401 4968 3667 5040 ὲγγὺτητι
3703 4970 3884 5024 δυνά-

2279 5079 2429 5133 μενοι
2445 5061 2544 5133 τὴν
2582 5061 2933 5133 Ἐκκλησίαν.
2964 5061 3039 5115 Τὸ
3071 5063 3178 5133 γὰρ
3211 5063 3436 5133 ἀρχαῖον
3471 5062 3567 5116 καὶ
3593 5063 3883 5132 πάμπολυ

2277 5153 2419 5209 κατά
2459 5154 2652 5226 χρόνον
2689 5153 2919 5220 διεστὸς,
2972 5155 3021 5207 εἰ
3059 5154 3155 5207 καὶ
3196 5153 3513 5208 πιστεύεται
3541 5157 3608 5224 τῇ
3643 5155 3887 5219 ἀξιοπι-

2278 5245 2404 5317 στίᾳ
2433 5246 2532 5316 τῆς
2588 5246 2832 5317 γραφῆς,
2872 5245 3007 5299 ἀλλὰ
3034 5248 3129 5300 καὶ
3160 5246 3354 5300 θᾶττον
3381 5246 3447 5299 ἂν
3490 5249 3605 5309 τοῖς
3642 5247 3887 5311 πολλοῖς

2277 5338 2415 5408 πρὸς
2443 5338 2542 5411 τὴν
2576 5338 2811 5410 μίμησιν
2842 5338 3299 5407 ἀπογινώσκοιτο,
3349 5339 3758 5409 λογιζομένοις,
3798 5341 3889 5405 ὡς

2278 5432 2587 5502 κρεῖττονῆ
2629 5432 2772 5486 κατὰ
2822 5435 2923 5503 τὴν
2967 5431 3270 5504 παροῦσαν,
3318 5432 3429 5486 τῶν
3474 5434 3891 5505 πρεσϐυτέρων

663 5598 931 5686 (ρ-Ηιιίιιε
961 5605 1230 5662 vcrsionis
1256 5614 1448 5661 auctor
1489 5605 1772 5662 Mattheus
1818 5604 2066 5662 Raderus
2096 5605 2154 5661 S.
2187 5604 2261 5673 1.,
2283 5608 2429 5677 quod
2460 5618 2584 5680 post
2616 5609 2897 5667 Romanos
2927 5612 3167 5669 editores
3212 5612 3401 5669 Binius
3437 5624 3489 5670 ct
3519 5613 3731 5686 Regius
3763 5616 3897 5671 col-

592 5661 766 5719 lector
805 5661 1107 5728 ta'cueruut.
