4022 6396
279 272 372 340 489

1344 267 1512 327 ΉΤΑ
1554 267 1614 326 S.
1658 265 1952 324 IGNATII
2011 265 2114 325 (ΞΡ.
2156 265 2509 325 ARCIIIEP.

3434 269 3538 335 490

277 384 491 444 ἐκείνων
537 380 847 449 δυναμένων
890 378 1188 449 κατορθοῦν
1236 379 1449 447 γενεάν.
1480 378 1622 432 Ὅσα
1679 378 1726 430 δῗ
1770 377 1836 431 ἂν

1959 377 2034 447 ιιιί
2090 385 2300 446 putent,
2329 377 2438 432 illis
2470 375 2740 446 majorum
2765 386 3078 432 nostrorum
3108 378 3324 435 saeculis
3363 382 3537 438 multo

275 479 380 538 τοῖς
409 471 533 526 καθ’
594 473 742 540 ἡμᾶς
788 470 1188 540 κατορθοῦσθαι
1241 470 1553 524 πιστεύοιτο
1603 471 1840 540 καιροῖς,

277 568 466 641 μᾶλλον
493 565 557 618 ἂν
589 559 741 633 οἶμαι
773 562 945 616 ταῦτα
974 565 1332 634 παρακνίζειν
1364 565 1490 627 τοὺς
1523 563 1842 616 εὐσεϐεστέ-

277 675 411 730 ρους,
449 661 542 709 καὶ
571 655 707 724 πρὸς
736 654 827 706 τὸν
877 654 990 706 ἴσον
1038 656 1134 724 τῆς
1169 655 1368 724 ἀρετῆς
1398 655 1716 722 διερεθίζειν
1747 653 1843 719 ζῆ-

275 753 374 803 λον.
404 748 500 800 Διά
522 746 698 800 ταῦτά
751 741 842 816 ﬁt
865 747 1054 800 τοῦτον
1087 747 1454 815 ἐνστήσασθαι
1482 746 1574 799 νῦν
1601 745 1711 817 ίῖσ.
1748 744 1844 798 νῦν

277 839 485 911 σκοπὸς]
523 839 600 908 τῷ
629 840 775 906 λόγῳ
805 839 894 891 τὸν
924 839 1128 906 ἀγῶνα,
1171 837 1262 890 καί
1297 855 1385 906 μοι
1427 837 1657 907 σφοδρὸς
1681 836 1844 899 πόθος

280 931 634 1001 κατακάρδιος
667 929 942 1000 ἀληθινοῖς
986 929 1313 999 διηγήμασι,
1366 930 1461 980 καλ⁸
1490 928 1671 997 πάσης
1708 943 1845 996 προ-

278 1025 477 1095 λήψεως
507 1021 920 1092 άπηλαγμένοις
945 1019 1196 1089 ψευδοῦς,
1237 1017 1328 1071 τὸν
1365 1017 1539 1088 μέγαν
1585 1017 1846 1087 ἱεράρχην

277 1116 362 1170 καί
418 1112 657 1182 ποιμένα
713 1110 812 1180 τῆς
855 1109 1127 1179 βασιλίδος
1167 1109 1450 1177 Ἰγνάτιον,
1495 1108 1599 1160 ὐπὸ
1637 1125 1700 1176 γε
1725 1109 1846 1177 Θεῴ

279 1206 545 1276 Πνεύματι
593 1208 692 1273 τῆς
741 1202 1001 1272 ἀληθείας
1047 1202 1300 1272 ὑφηγητῇ
1347 1204 1441 1253 καὶ
1489 1200 1844 1271 συλλήπτορι,

277 1297 377 1355 τοῖς
408 1290 698 1360 ἀγνοοῦσιν
726 1291 908 1350 ὁποῖός
934 1307 1015 1352 τις
1055 1285 1144 1361 ἦν,
1181 1290 1246 1342 ὲκ
1273 1290 1372 1358 τῆς
1405 1291 1524 1342 κατ’
1553 1290 1715 1341 αὐτὸν
1747 1307 1847 1342 πο-

277 1386 469 1446 λιτείας
494 1383 776 1448 ἀποδεῖξαι
803 1399 816 1411 ο
867 1381 1128 1450 Ἰγνάτιὸν
1165 1381 1538 1451 φημιτοῦτον,
1568 1381 1657 1434 τὸν
1689 1379 1846 1433 ῦστε-

284 1497 366 1550 ρον
392 1479 489 1547 μὲν
521 1475 598 1546 τῷ
619 1476 818 1545 χρόνῳ,
871 1474 967 1528 καὶ
1020 1472 1126 1544 πρὸ
1171 1477 1269 1544 τῆς
1299 1472 1423 1525 καθ’
1466 1474 1614 1542 ἡμᾶς
1643 1473 1848 1544 ταύτης

282 1566 658 1637 ἀναδειχθέντα
690 1567 906 1632 γενεᾶς,
961 1563 1176 1626 οὐδενὸς
1204 1563 1260 1616 δὲ
1305 1562 1413 1616 τῶν
1444 1563 1548 1635 πρὸ
1577 1565 1740 1618 αὐτοῦ
1769 1582 1849 1617 τιο

285 1661 408 1731 μίων
443 1657 717 1728 ῖεραρχῶν
739 1657 836 1726 τὴν
866 1655 1069 1720 πίστιν,
1108 1655 1207 1725 τὴν
1230 1654 1542 1724 ὁμολογίαν,
1581 1653 1680 1724 τὴν
1711 1653 1848 1722 ὑπὲρ

282 1754 372 1821 τῆς
402 1749 750 1817 δικαιοσύνης
776 1747 1024 1816 ἄθλησιν,
1054 1745 1148 1799 καὶ
1181 1745 1319 1815 πρὸς
1349 1744 1441 1796 τον
1475 1744 1608 1797 Θεὸν
1639 1744 1846 1798 εὐδοκί-
1885 1735 1925 1790 Β

288 1862 438 1915 μησιν
460 1840 914 1910 ἀπολειπόμενον.
944 1836 1130 1906 Τούτῳ
1155 1835 1253 1906 τὴν
1275 1835 1849 1904 παρακαλουθήσασαν

286 1938 340 2002 ἐξ
367 1935 531 2006 ἀρχῆς
564 1935 692 2002 ἄχρι
719 1931 906 1994 τέλους
933 1929 1118 2000 βίωσιν
1151 1929 1290 1999 μετά
1320 1927 1566 1991 πλείονος
1602 1927 1848 1998 ὑφηγού..

295 2045 439 2099 μενος
466 2030 560 2097 τῆς
587 2024 896 2096 ἀκριϐείας,
930 2023 1025 2076 καὶ
1043 2025 1219 2074 πᾶσαν
1251 2022 1352 2092 τὴν
1375 2024 1502 2090 περὶ
1533 2021 1693 2074 αὐτὸν
1718 2021 1852 2090 ἀλή-

294 2118 428 2171 θειαν
460 2120 520 2170 ὲκ
547 2116 655 2170 τῶν
681 2115 982 2184 ἐγγράφως
1034 2130 1094 2166 τε
1148 2114 1243 2166 καὶ
1277 2112 1542 2181 ἀγράφως
1573 2111 1852 2183 πεπληροο

298 2209 598 2280 φορημένων
645 2209 701 2259 ὲν
749 2208 881 2276 ἡμῖν
941 2204 1284 2275 πραγμάτων
1336 2203 1709 2274 ἀπροσπαθῶς
1755 2203 1852 2257 καὶ

303 2301 656 2362 ἀνυποστόλως
723 2295 1102 2368 διηγούμενος,
1170 2295 1407 2349 πέποιθα
1477 2295 1697 2366 πρῶτον
1750 2294 1851 2364 μὲν

292 2392 511 2446 ἐνώπιον
544 2393 635 2462 τῆς
665 2390 1036 2443 ὲνυποστάτου
1065 2389 1159 2441 καὶ
1195 2386 1378 2458 ζώσης
1407 2386 1593 2440 δίκαια
1621 2385 1855 2458 γράψειν

296 2481 564 2552 Ἀληθείας
585 2501 598 2514 ·
618 2481 867 2552 δεύτερον
890 2481 967 2546 δὲ,
987 2480 1046 2534 τὸ
1071 2480 1284 2552 χρόνοις
1315 2480 1521 2543 ἱκανοῖς
1549 2479 1650 2550 ἤδη
1685 2496 1855 2532 κατα-

281 2573 557 2627 πυκνωθὲν
593 2573 692 2642 τῆς
736 2573 1015 2640 ἀγνωσίας
1066 2571 1248 2639 νέφος,
1295 2570 1390 2624 καὶ
1430 2569 1529 2633 τὰς
1583 2569 1692 2623 τῶν
1722 2569 1853 2622 πολ-

276 2665 381 2719 λῶν
429 2665 767 2736 άμαυρῶσαν
811 2663 1070 2730 διανοίας,
1119 2661 1384 2716 λεπτῦναί
1418 2679 1479 2715 τε
1530 2661 1624 2716 καὶ
1665 2660 1856 2714 σκεδά-

273 2773 360 2810 σαι
381 2775 395 2788 ο
436 2757 579 2811 ὥστε
609 2758 738 2819 τοὺς
771 2755 1055 2818 ἐθέλοντας
1081 2754 1220 2826 πρὸς
1249 2754 1350 2824 τὴν
1382 2753 1491 2806 τῶν
1511 2752 1859 2824 πραγμάτων

268 2847 525 2918 ἀλήθειαν
557 2847 868 2919 εἰλικρινῶς
900 2847 1054 2918 ὁρᾷν,
1097 2847 1190 2900 τὸν
1222 2845 1461 2914 ἐργάτην
1498 2845 1596 2915 μὲν
1640 2843 1858 2914 ἀληθῶς

265 2941 360 3009 τῆς
387 2939 742 3009 δικαιοσύνης
775 2941 870 2992 κα)⁵
897 2938 996 3008 τῆς
1023 2937 1225 3009 ἀρετῆς
1264 2936 1488 3000 ειδέναι,
1513 2936 1609 2988 καὶ
1640 2936 1852 3006 ὑμνεῖν,

1948 469 2256 538 promptius
2289 467 2463 522 fuisse
2491 482 2656 537 quam
2690 468 2896 522 nostris
2927 484 3055 523 cum
3101 470 3302 525 virtute
3327 471 3534 527 vivere-

1947 560 2078 627 Qua'
2120 577 2248 615 vero
2295 572 2479 616 nostra
2518 559 2781 614 memoria
2819 570 2961 614 recte
3007 560 3154 615 facta
3211 562 3534 627 creduntur.

1947 653 2034 706 illa
2071 651 2242 706 multo
2271 653 2472 714 acrius,
2512 649 2727 720 opinor,
2770 648 2981 719 piorum
3009 660 3217 706 mentes
3245 653 3312 706 ad
3353 653 3534 706 virtu-

1949 747 2022 800 tis
2087 746 2253 800 decus
2302 744 2674 799 aemulandum
2743 743 3102 798 inﬂammant.
3187 745 3538 818 Quapropter

1946 835 2140 904 ingens
2194 850 2280 889 me
2337 835 2670 889 desiderium
2727 834 2898 888 animi
2943 834 3162 904 impulit
3202 837 3270 889 ad
3311 851 3534 891 causam

1949 928 2090 981 hanc
2120 927 2232 981 sive
2266 936 2543 981 certamen
2575 926 2826 980 oratione
2859 929 3324 996 prosequendum,
3368 931 3538 984 duce-

1947 1031 2055 1086 que
2082 1025 2135 1070 et
2161 1017 2413 1086 adjutore
2450 1015 2582 1082 Deo,
2613 1016 2806 1085 spiritu
2840 1017 3108 1084 veritatis,
3139 1017 3538 1072 ostendendum

1949 1108 2342 1170 nescientibus,
2372 1109 2464 1177 qui
2496 1108 2580 1161 vir
2609 1107 2870 1177 lgnatitts,
2901 1107 3192 1178 qualisque
3217 1115 3270 1161 et
3294 1117 3538 1177 quantus

1949 1198 2035 1252 hic
2066 1199 2296 1252 antistes
2330 1206 2386 1250 et
2429 1199 2591 1266 regite
2625 1206 2814 1264 pastor
2863 1197 3013 1250 urbis
3049 1197 3101 1250 in
3145 1197 3268 1251 vitae
3313 1214 3426 1252 suae
3458 1214 3544 1251 ra-

1957 1286 2106 1339 tione
2143 1285 2342 1340 fuerit:
2391 1285 2659 1356 lgnatitts,
2700 1287 2945 1356 inquam,
2978 1286 3102 1349 iste,
3133 1287 3226 1354 qui
3260 1303 3374 1341 aevo
3417 1290 3544 1356 qui-

1947 1376 2071 1430 dem
2104 1377 2391 1446 posterior,
2418 1363 2602 1432 nostra
2650 1386 2809 1432 aetate
2858 1377 3061 1440 ﬂoruit,
3123 1377 3402 1447 prioribus
3461 1389 3540 1432 ta-

1949 1484 2071 1523 men
2113 1470 2220 1524 illis
2255 1470 2578 1525 venerandis
2627 1470 2975 1540 pontiﬁcibus
3012 1471 3168 1536 nihil,
3207 1471 3288 1524 vel
3314 1471 3382 1526 de
3415 1470 3540 1537 ﬁtle,

1949 1560 2033 1614 vel
2053 1559 2414 1626 confessione,
2435 1561 2518 1614 vel
2542 1561 2912 1615 decertatione
2937 1561 3280 1630 projustitia,
3316 1561 3546 1616 laudeve

1951 1652 2167 1721 pietatis
2201 1666 2331 1722 erga
2365 1653 2532 1706 Deum
2559 1654 2854 1708 concessit.
2902 1653 3077 1724 llujus
3109 1671 3209 1725 ego
3259 1665 3431 1710 totum
3466 1655 3546 1708 vi-

1955 1751 2021 1797 ta:
2052 1759 2276 1799 cursum
2326 1744 2457 1798 dunt
2507 1744 2577 1799 ab
2622 1745 2740 1813 ipso
2765 1746 2991 1800 exordio
3027 1746 3091 1800 ad
3125 1749 3329 1802 exitum
3370 1762 3546 1816 usque

1955 1834 2219 1904 singulari
2282 1851 2412 1889 cura
2454 1836 2632 1904 exigo,
2673 1852 2962 1906 rerumque
2995 1840 3062 1893 de
3117 1839 3209 1893 illo
3253 1840 3395 1909 apud
3447 1857 3545 1895 nos

1957 1925 2445 1980 testatissintarum
2478 1927 2762 1980 veritatem
2799 1927 2915 1982 sive
2950 1925 3119 1990 fama,
3175 1929 3290 1983 sive
3338 1929 3544 1997 scripto

1957 2029 2329 2090 acceptarum,
2360 2021 2482 2075 sine
2510 2020 2619 2076 ulla
2648 2020 2874 2076 allectus
2905 2020 3241 2092 indulgentia
3270 2032 3324 2075 et
3355 2021 3548 2077 fraude

1958 2127 2194 2178 expono,
2225 2122 2374 2167 certo
2404 2113 2536 2168 mihi
2564 2114 2867 2182 persuadeo
2896 2112 3169 2178 futurum,
3203 2123 3263 2168 ut
3310 2115 3546 2184 primum

1959 2213 2095 2259 teste
2153 2205 2268 2274 ipsa
2322 2205 2535 2258 vivente
2573 2221 2636 2259 ac
2676 2219 2770 2273 per
2827 2220 2886 2260 se
2922 2206 3254 2261 subsistente
3298 2205 3545 2271 veritate,

1957 2310 2110 2364 a‘qtta
2149 2294 2499 2364 pra'scribam
2527 2312 2541 2362 ;
2568 2294 2761 2350 deinde
2807 2296 3006 2352 nubem
3048 2312 3319 2352 annorum
3349 2306 3548 2352 utcun-

1961 2401 2069 2456 que
2114 2387 2412 2440 multorum
2460 2386 2868 2456 intercapedine
2927 2398 3259 2453 concretam,
3303 2388 3547 2443 animos-

1961 2494 2068 2549 que
2113 2479 2352 2535 tenebris
2414 2479 2736 2550 ignorantiae
2792 2479 3178 2546 involventcm,
3250 2481 3545 2536 discutiam

1963 2571 2376 2641 dissipemque:
2413 2580 2473 2625 ut
2524 2572 2617 2642 qui
2647 2573 2930 2626 veritatem
2969 2574 3187 2642 penitus
3236 2574 3547 2643 perspicere

1960 2663 2166 2726 volent,
2205 2661 2481 2732 aequitatis
2520 2673 2575 2717 et
2617 2662 2839 2717 virtutis
2891 2663 3156 2717 cultorem
3190 2679 3316 2718 vere
3358 2678 3546 2728 nosse,

1959 2754 2238 2808 celebrare
2285 2753 2564 2819 laudibus,
2614 2753 2972 2822 aemularique
3021 2753 3276 2823 possint,
3327 2753 3549 2807 malitia:

1956 2859 2089 2900 vero
2119 2854 2173 2899 et
2200 2845 2562 2914 improbitatis
2588 2845 2951 2898 architectum
2979 2843 3102 2913 jure
3129 2844 3410 2900 detestari.
3440 2843 3548 2898 Sed

1958 2936 2088 2991 hinc
2115 2937 2227 3006 jam
2274 2935 2432 2991 nobis
2473 2943 2561 2990 est
2603 2936 3020 2991 exordiendum.

261 3033 352 3088 καὶ
380 3031 616 3104 ζηλοῦν·
648 3035 739 3085 τὸν
777 3033 1080 3104 αὐτουργὸν
1108 3032 1164 3085 δὲ
1213 3032 1310 3102 τῆς
1351 3031 1546 3095 κακίας
1591 3030 1686 3084 καὶ
1751 3034 1851 3103 τῆς
1901 3031 2115 3095 ἀδικίας
2169 3032 2395 3095 ἐνδίκως
2458 3031 2820 3085 ἀπωθεῖσθαι.
2883 3031 3142 3103 Ἀρκτέον
3172 3032 3230 3085 δὲ
3273 3031 3549 3089 ἐντεῦθεν.

339 3129 607 3197 Ἰγνάτιος
631 3123 786 3190 οὗτος
820 3129 846 3180 ὁ
894 3125 1313 3197 μακαριώτατος
1362 3127 1456 3180 καὶ
1489 3126 1628 3190 θεῖος
1659 3127 1846 3198 ἱεράρ-
1878 3132 1922 3192 c

256 3237 354 3290 χης
381 3220 629 3292 πατρίδα
659 3219 762 3290 μὲν
797 3219 954 3288 ἔσχεν
993 3219 1085 3270 ἐπὶ
1109 3217 1211 3288 τῆς
1252 3217 1356 3286 γῆς
1407 3217 1853 3272 Κωνσταντινού-

258 3310 431 3377 πολιν,
495 3309 712 3380 ταύτην
751 3309 816 3380 δὴ
871 3309 1014 3376 λέγω
1050 3309 1149 3379 τὴν
1182 3309 1364 3378 πάσης
1405 3307 1590 3379 χώρας
1628 3311 1724 3362 καὶ
1754 3310 1856 3363 πό-

253 3403 389 3458 λεων
421 3401 916 3474 περιφανεστάτην
948 3401 1194 3472 βασιλίδα
1217 3415 1231 3430 ·
1258 3400 1503 3470 πατέρας
1546 3401 1603 3454 δὲ
1637 3400 1859 3471 Μιχαὴλ

255 3499 347 3550 καὶ
374 3494 732 3568 Προκοπίαν,
765 3495 891 3556 τοὺς
923 3493 1348 3561 εὐγενεστάτους
1372 3493 1466 3545 καὶ
1500 3493 1859 3556 πιστοτάτους

250 3583 639 3658 βασιλεῖς.⁷Ων
671 3587 698 3638 ὁ
728 3585 953 3656 Μιχαὴλ
1001 3585 1099 3656 μὲν
1142 3584 1526 3654 Θεοφυλάκτου
1567 3585 1856 3655 πατρικίου

249 3677 733 3750 μεγαλοπρεποῦς
792 3676 906 3740 υίὸς
955 3672 1062 3748 ἦν,
1109 3676 1396 3747 Προκοπία
1435 3675 1495 3729 δὲ
1535 3675 1857 3746 Νικηφόρου

246 3767 500 3840 θυγάτηρ
571 3765 677 3818 τοῦ
735 3765 994 3829 εὐσεϐοῦς
1048 3765 1264 3836 ὑπῆρχε
1313 3765 1600 3835 βασιλέως.
1651 3765 1858 3818 Τούτου

243 3858 300 3911 δὲ
359 3859 506 3929 πρὸς
553 3857 868 3912 τάἇνωθεν
919 3858 1270 3928 χωρήσαντος
1319 3857 1587 3927 βασίλεια.
1638 3857 1736 3912 καὶ
1763 3857 1858 3910 τοῦ

239 3949 358 4001 υἱοῦ
384 3949 444 4002 δὲ
482 3945 850 4017 Σταυρακίου
907 3946 1178 4014 ὀλίγιστον
1217 3945 1407 4016 χρόνον
1469 3944 1858 4008 ἐπιδιώσαντος

238 4041 305 4108 τῇ
342 4039 646 4109 βασιλείᾳ,
706 4037 802 4090 καὶ
840 4037 1008 4090 αὐτοῦ
1063 4036 1522 4106 μεταναστάντος,
1573 4036 1793 4106 Μιχαὴλ
1831 4037 1860 4088 6

237 4130 594 4202 προρρηθεὶς
634 4121 810 4192 οὗτος,
844 4129 938 4181 ἆτε
967 4127 1218 4198 γαμϐρὸς
1263 4128 1338 4180 ὢν
1371 4127 1464 4180 ἐπὶ
1498 4128 1727 4199 θυγατρὶ
1764 4127 1857 4181 τοῦ

243 4219 723 4292 τετελευτηκότος
743 4219 1080 4290 Νικηφόρου,
1118 4219 1214 4273 καὶ
1239 4219 1308 4272 τὰ
1329 4219 1520 4290 πρῶτα
1556 4220 1662 4271 τῶν
1697 4221 1753 4271 ὲν
1781 4218 1860 4289 τῷ

243 4313 504 4384 παλατίῳ
540 4310 891 4382 τιμωμένων
935 4311 1350 4382 ἀποφερόμενος
1403 4311 1860 4381 (κουροπαλάτης

243 4403 351 4474 γὰρ
374 4399 492 4473 ἦν),
532 4403 722 4474 ψήφῳ
784 4401 883 4471 μὲν
934 4399 1094 4466 Θεοῦ,
1123 4400 1292 4472 ψήφῳ
1327 4400 1381 4454 δὲ
1423 4403 1521 4472 τῆς
1555 4401 1858 4471 συγκλήτου

247 4495 450 4565 πάσης,
501 4495 581 4550 τὰ
653 4481 914 4564 σκῆπτρα
967 4492 1066 4563 τῆς
1125 4491 1402 4562 βασιλείας
1464 4493 1852 4563 ἐγχειρίζεται.

246 4585 453 4640 Τούτου
483 4587 595 4660 τὴν
658 4586 792 4656 περὶ
839 4585 902 4638 τὸ
956 4585 1110 4638 Θεῖον
1136 4585 1333 4655 εὐσεϐῆ
1365 4584 1611 4656 γνώμην,
1643 4585 1735 4638 καὶ
1758 4585 1857 4656 τὴν

240 4677 409 4751 ἄλλην
434 4683 642 4735 πᾶσαν
692 4677 900 4748 ἀρετὴν
935 4677 1030 4730 καὶ
1069 4675 1442 4747 δικαιοσύνην,
1475 4679 1586 4740 τοῖς
1626 4679 1856 4747 ἱστορεῖν

237 4771 382 4824 κατά
415 4772 606 4843 μέρος
665 4769 918 4822 ἐθέλουσι
968 4769 1325 4840 παρήσομεν·
1370 4769 1500 4838 ἡμῖν
1533 4768 1591 4820 δὲ
1631 4767 1856 4838 ἀρκέσει

231 4864 370 4935 πρὸς
400 4865 658 4920 ἔπαινον
685 4863 718 4932 ἡ
749 4863 843 4916 τοῦ
875 4861 1040 4932 ἤθους
1080 4861 1330 4930 πραΰτης
1366 4878 1423 4914 τε
1465 4862 1562 4914 καὶ
1582 4862 1857 4913 ἐπιείκεια

230 4952 297 5022 ἣν
327 4953 531 5025 ἔργοις
575 4954 824 5016 ἐκεῖνος,
871 4951 965 5004 καὶ
1010 4951 1072 5003 οὐ
1118 4951 1398 5020 πλάσματι
1437 4950 1596 5019 μόνον
1649 4949 1858 5002 ἐπεδεί-

225 5043 357 5112 ξατο
387 5063 401 5078 ⁸
428 5045 602 5114 διετῆ
635 5042 753 5111 γὰρ
783 5042 966 5108 ὀλίγου
1002 5043 1112 5095 δεῖν
1144 5042 1331 5112 χρόνον
1367 5041 1732 5096 εὐσεϐέστατα
1763 5039 1860 5108 τὴν

225 5133 530 5203 βασιλείαν
556 5130 842 5195 διιθύνας,
892 5130 1158 5194 ἑκουσίως
1188 5130 1362 5200 ¹αὐτῆς
1399 5131 1611 5201 ἐξέστη,
1655 5131 1750 5185 καὶ
1782 5129 1863 5200 τῷ

222 5223 605 5295 τυραννικῶς
683 5220 1016 5291 ὲπιθεμένῳ,
1075 5221 1266 5275 Λέοντι
1329 5221 1393 5292 δὴ
1436 5221 1514 5290 τῷ
1570 5221 1860 5291 ’Δρμενίῳ,

220 5317 395 5386 φημὶ,
439 5311 777 5385 στρατηγῷ
809 5311 909 5380 μὲν
942 5312 1160 5382 πρῶτον
1183 5311 1275 5365 ὐπ’
1303 5312 1470 5366 αὐτοῦ
1503 5312 1614 5365 τῶν
1645 5314 1863 5366 Ἀνατο-

219 5404 397 5460 λικῶν
433 5403 934 5478 προχειρισθέντι,
970 5405 1109 5455 κατά
1144 5403 1469 5475 Βουλγάρων
1497 5403 1552 5457 δὲ
1594 5420 1857 5474 στρατευ-

219 5499 484 5570 σαμένῳ,
521 5493 811 5550 κάκεῖθεν
857 5495 954 5565 τὴν
1001 5497 1372 5550 ἐπανάστασιν
1418 5497 1858 5571 βουλευσαμένῳ,

215 5591 524 5663 ὑποχωρεῖ
576 5588 699 5657 τῆς
761 5588 934 5659 ἀρχῆς
967 5589 994 5640 6
1033 5591 1305 5661 μακάριος
1331 5590 1494 5659 ἑκὼν,
1525 5592 1742 5663 καὶτῆς
1767 5610 1863 5646 κο·

215 5685 436 5754 σμικῆς
467 5676 854 5743 ἀλαζονείας,
884 5680 980 5731 καὶ
1007 5679 1118 5734 τῶν
1164 5680 1442 5752 ἐμφυλίων
1484 5681 1736 5753 πολέμων
1762 5684 1856 5739 καὶ

431 5780 758 5842 Ριτιιοι.
803 5773 918 5838 Gtt.
970 5773 1094 5836 CV.

1891 4465 1936 4523 Ι)

2027 3127 2387 3183 Beatissimus
2419 3126 2509 3182 hic
2533 3137 2589 3182 et
2612 3127 2834 3183 divinus
2871 3128 3099 3183 antistes
3130 3127 3371 3196 lgnatius
3397 3127 3548 3184 Con-

1957 3216 2371 3288 stantinopolim
2426 3217 2480 3272 in
2514 3217 2678 3272 terris
2713 3218 2946 3287 patriam
2999 3219 3211 3285 habuit,
3252 3220 3414 3285 hanc,
3460 3221 3551 3274 itt-

1957 3322 2146 3378 quam,
2197 3307 2365 3362 totius
2413 3306 2642 3362 ditionis
2689 3316 2744 3362 et
2796 3307 3009 3377 imperii
3068 3308 3547 3378 prmelarissimam

1963 3398 2208 3468 regiam:
2259 3408 2515 3468 parentes
2583 3413 2737 3464 vero,
2790 3397 3113 3454 Mieltaelem
3160 3400 3549 3468 imperatorem

1959 3500 2013 3546 et
2045 3489 2364 3559 Procopiam
2422 3490 2852 3560 imperatrieem,
2899 3491 3276 3547 nobilissimos
3325 3503 3379 3547 et
3423 3493 3552 3547 reli-

1959 3581 2308 3651 giosissimos
2391 3581 2694 3651 principes.
2763 3582 2940 3652 Atque
3019 3582 3248 3637 Michael
3327 3583 3550 3652 quidem

1960 3673 2369 3744 Theophylacto
2421 3673 2654 3742 patricio
2700 3673 3146 3743 splendidissimo
3187 3675 3306 3730 viro
3345 3685 3506 3731 natus
3530 3716 3548 3741 ,

1959 3762 2223 3834 Procopia
2272 3778 2400 3819 vero
2445 3779 2476 3817 a
2529 3763 2838 3834 Nicephoro
2895 3766 2986 3834 pio
3035 3766 3366 3836 imperatore
3418 3782 3548 3837 pro-

1959 3864 2142 3911 creata
2173 3866 2273 3911 est.
2310 3853 2620 3925 Nicephoro
2661 3871 2828 3926 porro
2879 3855 2949 3910 ad
2998 3856 3220 3912 caeleste
3259 3858 3548 3927 imperium

1960 3955 2217 4011 evocato,
2277 3955 2332 4000 et
2383 3945 2670 4002 Stauraeio
2720 3946 2852 4011 ﬁlio,
2902 3963 3028 4002 cum
3080 3962 3307 4019 regnum
3348 3949 3548 4017 exiguo

1963 4046 2204 4106 tempore
2262 4036 2723 4102 administrasset,
2776 4038 3088 4102 exstincto,
3147 4036 3377 4093 Michael
3453 4039 3546 4094 hic

1960 4129 2251 4199 Niecphori
2297 4144 2482 4200 gener,
2520 4140 2580 4184 ut
2608 4129 2818 4184 dictum
2853 4140 2961 4193 est,
3013 4139 3230 4184 mortuo
3271 4129 3547 4201 Nicepho-

1963 4235 2046 4284 ro,
2103 4235 2229 4275 cum
2283 4221 2426 4274 inter
2477 4220 2746 4289 palatinos
2801 4223 2951 4291 (nam
3005 4223 3346 4291 curopalates
3402 4225 3544 4291 erat)

1963 4311 2266 4380 principem
2299 4311 2479 4365 locum
2514 4318 2744 4374 teneret,
2783 4312 3004 4380 auspice
3051 4311 3161 4366 Deo
3212 4323 3548 4384 senatusque

1963 4403 2184 4458 decreto
2245 4401 2454 4471 imperii
2504 4413 2718 4470 sceptra
2775 4403 3039 4473 suscepit.
3085 4402 3258 4472 Cujus
3291 4419 3392 4475 ego
3419 4407 3550 4461 reli-

1961 4493 2176 4564 gionem
2234 4493 2290 4548 in
2356 4493 2545 4557 Deum,
2603 4495 2895 4564 omniaque
2947 4495 3164 4550 virtutis
3221 4507 3549 4552 ornamenta

1960 4585 2030 4640 iis
2067 4583 2338 4638 narranda
2392 4585 2641 4655 relinquo
2689 4586 2781 4654 qui
2813 4601 2903 4640 res
2937 4587 3006 4641 ab
3052 4586 3143 4642 illo
3177 4596 3358 4657 gestas
3398 4589 3551 4660 sigil-

1961 4674 2110 4731 latim
2142 4676 2399 4746 prosequi
2431 4677 2630 4732 volent.
2657 4675 2824 4732 Nobis
2865 4676 2934 4731 ad
2965 4677 3134 4734 decus
3165 4679 3311 4734 illius
3337 4694 3550 4734 mento-

1962 4769 2193 4824 randum
2221 4769 2460 4825 sulﬁeiat
2489 4785 2702 4824 tuorum
2731 4771 2925 4825 lenitas
2950 4780 3007 4825 et
3033 4771 3343 4838 clementia,
3378 4786 3546 4842 quam

1963 4861 2191 4916 minime
2253 4860 2489 4916 fucatam
2548 4860 2708 4918 factis
2760 4862 2894 4932 ipsis
2949 4863 3268 4918 declaravit.
3330 4864 3548 4919 Etenim

1963 4967 2087 5006 cum
2123 4966 2231 5006 non
2277 4959 2391 5006 toto
2417 4951 2638 5005 biennio
2669 4951 2959 5022 imperium
2997 4953 3343 5008 sanctissime
3371 4953 3548 5008 admi—

1966 5043 2278 5106 nistrasset,
2314 5041 2485 5096 Leoni
2530 5025 2770 5096 Armeno
2806 5057 2901 5111 per
2931 5043 3272 5113 tyrannidem
3315 5058 3545 5114 regnum

1968 5132 2243 5188 invadenti
2290 5131 2465 5188 libens
2515 5131 2814 5201 volensque
2865 5133 3067 5197 cessit,
3119 5135 3371 5204 quamvis
3429 5134 3548 5204 ipse

1969 5227 2344 5300 praefecturam
2374 5227 2646 5283 exercitus
2681 5227 2733 5281 in
2774 5225 2996 5282 Oriente
3028 5227 3105 5284 illi
3134 5229 3286 5298 prius
3318 5230 3548 5283 commi-

1967 5321 2149 5376 sisset.
2183 5318 2594 5388 Expeditionem
2645 5328 2824 5374 tamen
2851 5335 2975 5375 cutn
3027 5321 3082 5375 in
3117 5321 3378 5390 Bulgaros
3417 5336 3545 5375 sus.

1969 5411 2223 5481 cepisset,
2284 5409 2355 5464 ibi
2425 5425 2520 5479 per
2591 5409 2818 5465 insidias
2865 5409 3222 5465 defectionem
3273 5409 3544 5476 molienti,

1969 5511 2162 5572 sponte
2209 5501 2401 5557 beatus
2430 5501 2518 5556 ille
2565 5501 2854 5570 imperium
2888 5502 3179 5566 concessit,
3211 5515 3437 5570 seseque
3476 5502 3546 5556 ab

1970 5594 2120 5649 omni
2155 5593 2319 5658 fastu,
2345 5589 2609 5663 bellisque
2641 5593 2894 5648 civilibus
2925 5602 3090 5662 atque
3139 5592 3343 5647 invidia
3395 5594 3548 5664 regni

1963 5683 2225 5742 subduxit
2252 5701 2266 5752 ;
2299 5693 2450 5742 ratus
2479 5684 2648 5740 multo
2679 5683 2783 5741 sibi
2815 5685 3004 5754 reique
3035 5684 3267 5754 publica:
3301 5698 3547 5742 conttuo-

3161 5771 3231 5842 16
