  <div class='ocr_page' id='page_1' title='image "/cluster/home/n/w/nwhite01/storage/ocr_20150623/105/coo.31924054870096/265.png"; bbox 0 0 4022 6392; ppageno 0'>
   <div class='ocr_carea' id='block_1_1' title="bbox 555 283 2143 369">
    <p class='ocr_par' dir='ltr' id='par_1_1' title="bbox 555 283 2143 350">
     <span class='ocr_line' id='line_1_1' title="bbox 555 283 2143 350; baseline -0.005 0"><span class='ocrx_word' id='word_1_1' title='bbox 555 287 654 350; x_wconf 67' lang='grc'><strong>491</strong></span> <span class='ocrx_word' id='word_1_2' title='bbox 1746 285 1792 343; x_wconf 84' lang='grc' dir='ltr'>Ν</span> <span class='ocrx_word' id='word_1_3' title='bbox 1802 283 2040 342; x_wconf 75' lang='lat' dir='ltr'><strong>ICET.E</strong></span> <span class='ocrx_word' id='word_1_4' title='bbox 2077 284 2143 344; x_wconf 63' lang='grc' dir='ltr'><strong>ΡΑ</strong></span> 
     </span>
    </p>
   </div>
   <div class='ocr_carea' id='block_1_2' title="bbox 2150 283 3738 369">
    <p class='ocr_par' dir='ltr' id='par_1_2' title="bbox 2150 284 3738 369">
     <span class='ocr_line' id='line_1_2' title="bbox 2150 284 3738 369; baseline 0.016 -26"><span class='ocrx_word' id='word_1_5' title='bbox 2150 284 2600 344; x_wconf 71' lang='lat' dir='ltr'><strong>lPIILAGONIS</strong></span> <span class='ocrx_word' id='word_1_6' title='bbox 3652 303 3738 369; x_wconf 56' lang='lat'><strong>49?.</strong></span> 
     </span>
    </p>
   </div>
   <div class='ocr_carea' id='block_1_3' title="bbox 554 392 2142 490">
    <p class='ocr_par' dir='ltr' id='par_1_3' title="bbox 554 392 2136 466">
     <span class='ocr_line' id='line_1_3' title="bbox 554 392 2136 466; baseline -0.006 -9"><span class='ocrx_word' id='word_1_7' title='bbox 554 405 762 458; x_wconf 77' lang='lat' dir='ltr'><strong>diorem</strong></span> <span class='ocrx_word' id='word_1_8' title='bbox 809 397 1188 466; x_wconf 83' lang='lat' dir='ltr'><strong>utilioremque</strong></span> <span class='ocrx_word' id='word_1_9' title='bbox 1219 392 1582 447; x_wconf 79' lang='lat' dir='ltr'><strong>voluntariam</strong></span> <span class='ocrx_word' id='word_1_10' title='bbox 1627 395 1778 464; x_wconf 79' lang='lat' dir='ltr'><strong>regni</strong></span> <span class='ocrx_word' id='word_1_11' title='bbox 1834 395 2136 448; x_wconf 88' lang='lat' dir='ltr'><strong>abdicatio-</strong></span> 
     </span>
    </p>
   </div>
   <div class='ocr_carea' id='block_1_4' title="bbox 2160 392 3748 490">
    <p class='ocr_par' dir='ltr' id='par_1_4' title="bbox 2166 395 3748 490">
     <span class='ocr_line' id='line_1_4' title="bbox 2166 395 3748 490; baseline 0.016 -44"><span class='ocrx_word' id='word_1_12' title='bbox 2166 403 2210 457; x_wconf 83' lang='grc' dir='ltr'><strong>Α</strong></span> <span class='ocrx_word' id='word_1_13' title='bbox 2241 396 2457 464; x_wconf 85' lang='grc' dir='ltr'>φθόνων</span> <span class='ocrx_word' id='word_1_14' title='bbox 2485 413 2498 427; x_wconf 85' lang='grc'><strong><em>⁸</em></strong></span> <span class='ocrx_word' id='word_1_15' title='bbox 2532 395 2716 468; x_wconf 82' lang='grc' dir='ltr'>πολλῷ</span> <span class='ocrx_word' id='word_1_16' title='bbox 2754 397 2986 467; x_wconf 76' lang='grc' dir='ltr'><strong>κρείττω</strong></span> <span class='ocrx_word' id='word_1_17' title='bbox 3014 398 3108 452; x_wconf 70' lang='grc' dir='ltr'><strong>καὶ</strong></span> <span class='ocrx_word' id='word_1_18' title='bbox 3140 398 3564 477; x_wconf 78' lang='grc' dir='ltr'><strong>λυσιτελεστέραν</strong></span> <span class='ocrx_word' id='word_1_19' title='bbox 3602 413 3748 490; x_wconf 83' lang='grc' dir='ltr'>ἐαυτῷ</span> 
     </span>
    </p>
   </div>
   <div class='ocr_carea' id='block_1_5' title="bbox 555 487 2143 586">
    <p class='ocr_par' dir='ltr' id='par_1_5' title="bbox 555 487 2136 560">
     <span class='ocr_line' id='line_1_5' title="bbox 555 487 2136 560; baseline -0.006 -10"><span class='ocrx_word' id='word_1_20' title='bbox 555 513 677 550; x_wconf 85' lang='lat' dir='ltr'><strong>nem</strong></span> <span class='ocrx_word' id='word_1_21' title='bbox 725 503 778 548; x_wconf 90' lang='lat' dir='ltr'><strong>ct</strong></span> <span class='ocrx_word' id='word_1_22' title='bbox 822 506 1030 560; x_wconf 77' lang='lat' dir='ltr'><strong>parem,</strong></span> <span class='ocrx_word' id='word_1_23' title='bbox 1058 498 1118 543; x_wconf 91' lang='lat' dir='ltr'><strong>ut</strong></span> <span class='ocrx_word' id='word_1_24' title='bbox 1143 487 1236 558; x_wconf 87' lang='lat' dir='ltr'><strong>qui</strong></span> <span class='ocrx_word' id='word_1_25' title='bbox 1267 488 1384 557; x_wconf 83' lang='lat' dir='ltr'><strong>paci</strong></span> <span class='ocrx_word' id='word_1_26' title='bbox 1429 501 1570 540; x_wconf 73' lang='lat' dir='ltr'><strong>vera:</strong></span> <span class='ocrx_word' id='word_1_27' title='bbox 1611 495 1771 541; x_wconf 85' lang='lat' dir='ltr'><strong>natus</strong></span> <span class='ocrx_word' id='word_1_28' title='bbox 1807 496 1970 551; x_wconf 86' lang='lat' dir='ltr'><strong>esset,</strong></span> <span class='ocrx_word' id='word_1_29' title='bbox 2003 488 2136 541; x_wconf 81' lang='lat' dir='ltr'><strong>fore.</strong></span> 
     </span>
    </p>
   </div>
   <div class='ocr_carea' id='block_1_6' title="bbox 2161 487 3749 586">
    <p class='ocr_par' dir='ltr' id='par_1_6' title="bbox 2241 487 3749 586">
     <span class='ocr_line' id='line_1_6' title="bbox 2241 487 3749 586; baseline 0.003 -44"><span class='ocrx_word' id='word_1_30' title='bbox 2241 507 2300 542; x_wconf 92' lang='grc' dir='ltr'><strong>τε</strong></span> <span class='ocrx_word' id='word_1_31' title='bbox 2331 493 2425 544; x_wconf 74' lang='grc' dir='ltr'>καὶ</span> <span class='ocrx_word' id='word_1_32' title='bbox 2466 491 2544 562; x_wconf 80' lang='grc' dir='ltr'><strong>τῷ</strong></span> <span class='ocrx_word' id='word_1_33' title='bbox 2592 492 2758 562; x_wconf 84' lang='grc' dir='ltr'>κοινῷ</span> <span class='ocrx_word' id='word_1_34' title='bbox 2790 493 2888 563; x_wconf 84' lang='grc' dir='ltr'>τὴν</span> <span class='ocrx_word' id='word_1_35' title='bbox 2924 493 3169 547; x_wconf 75' lang='grc' dir='ltr'>ἑκούσιον</span> <span class='ocrx_word' id='word_1_36' title='bbox 3211 497 3538 571; x_wconf 83' lang='grc' dir='ltr'><strong>ὑποχώρησιν</strong></span> <span class='ocrx_word' id='word_1_37' title='bbox 3571 507 3654 562; x_wconf 67' lang='grc' dir='ltr'><strong>χαι</strong></span> <span class='ocrx_word' id='word_1_38' title='bbox 3674 487 3749 586; x_wconf 53' lang='grc' dir='ltr'><strong>τῆξ,</strong></span> 
     </span>
    </p>
   </div>
   <div class='ocr_carea' id='block_1_7' title="bbox 555 577 2143 668">
    <p class='ocr_par' dir='ltr' id='par_1_7' title="bbox 555 577 2139 653">
     <span class='ocr_line' id='line_1_7' title="bbox 555 577 2139 653; baseline -0.006 -11"><span class='ocrx_word' id='word_1_39' title='bbox 555 587 771 642; x_wconf 76' lang='lat' dir='ltr'><strong>Decedit</strong></span> <span class='ocrx_word' id='word_1_40' title='bbox 808 599 938 653; x_wconf 71' lang='lat' dir='ltr'><strong>ergo</strong></span> <span class='ocrx_word' id='word_1_41' title='bbox 985 598 1052 637; x_wconf 77' lang='lat' dir='ltr'><strong>ex</strong></span> <span class='ocrx_word' id='word_1_42' title='bbox 1094 583 1228 636; x_wconf 94' lang='lat' dir='ltr'><strong>urbe</strong></span> <span class='ocrx_word' id='word_1_43' title='bbox 1265 594 1390 634; x_wconf 89' lang='lat' dir='ltr'><strong>cum</strong></span> <span class='ocrx_word' id='word_1_44' title='bbox 1445 588 1555 632; x_wconf 93' lang='lat' dir='ltr'><strong>tota</strong></span> <span class='ocrx_word' id='word_1_45' title='bbox 1603 577 1832 644; x_wconf 82' lang='lat' dir='ltr'><strong>familia,</strong></span> <span class='ocrx_word' id='word_1_46' title='bbox 1863 587 2026 649; x_wconf 90' lang='lat' dir='ltr'><strong>atque</strong></span> <span class='ocrx_word' id='word_1_47' title='bbox 2085 578 2139 632; x_wconf 88' lang='lat' dir='ltr'><strong>in</strong></span> 
     </span>
    </p>
   </div>
   <div class='ocr_carea' id='block_1_8' title="bbox 2159 577 3747 668">
    <p class='ocr_par' dir='ltr' id='par_1_8' title="bbox 2243 577 3747 668">
     <span class='ocr_line' id='line_1_8' title="bbox 2243 577 3747 668; baseline 0.006 -35"><span class='ocrx_word' id='word_1_48' title='bbox 2243 583 2487 652; x_wconf 78' lang='grc' dir='ltr'><strong>εἰρήνην,</strong></span> <span class='ocrx_word' id='word_1_49' title='bbox 2525 584 2600 643; x_wconf 83' lang='grc' dir='ltr'>ὡς</span> <span class='ocrx_word' id='word_1_50' title='bbox 2628 584 2740 646; x_wconf 78' lang='grc' dir='ltr'>υἱὸς</span> <span class='ocrx_word' id='word_1_51' title='bbox 2771 585 2870 653; x_wconf 82' lang='grc' dir='ltr'><strong>τῆς</strong></span> <span class='ocrx_word' id='word_1_52' title='bbox 2898 584 3132 653; x_wconf 78' lang='grc' dir='ltr'>ἀληθοῦς</span> <span class='ocrx_word' id='word_1_53' title='bbox 3167 587 3402 658; x_wconf 79' lang='grc' dir='ltr'>είρὴνης,</span> <span class='ocrx_word' id='word_1_54' title='bbox 3436 577 3747 668; x_wconf 58' lang='grc' dir='ltr'>ἡγησάμενθξ,</span> 
     </span>
    </p>
   </div>
   <div class='ocr_carea' id='block_1_9' title="bbox 553 672 2141 763">
    <p class='ocr_par' dir='ltr' id='par_1_9' title="bbox 553 672 2138 749">
     <span class='ocr_line' id='line_1_9' title="bbox 553 672 2138 749; baseline -0.006 -14"><span class='ocrx_word' id='word_1_55' title='bbox 553 681 839 749; x_wconf 87' lang='lat' dir='ltr'><strong>Principes</strong></span> <span class='ocrx_word' id='word_1_56' title='bbox 871 677 1080 731; x_wconf 83' lang='lat' dir='ltr'><strong>insulas</strong></span> <span class='ocrx_word' id='word_1_57' title='bbox 1115 674 1354 739; x_wconf 85' lang='lat' dir='ltr'><strong>secedit;</strong></span> <span class='ocrx_word' id='word_1_58' title='bbox 1384 672 1567 741; x_wconf 86' lang='lat' dir='ltr'><strong>ibique</strong></span> <span class='ocrx_word' id='word_1_59' title='bbox 1585 673 1746 724; x_wconf 78' lang='lat' dir='ltr'><strong>vitam</strong></span> <span class='ocrx_word' id='word_1_60' title='bbox 1779 672 2138 725; x_wconf 72' lang='lat' dir='ltr'><strong>monasticam</strong></span> 
     </span>
    </p>
   </div>
   <div class='ocr_carea' id='block_1_10' title="bbox 2165 672 3753 763">
    <p class='ocr_par' dir='ltr' id='par_1_10' title="bbox 2255 673 3753 763">
     <span class='ocr_line' id='line_1_10' title="bbox 2255 673 3753 763; baseline 0.007 -37"><span class='ocrx_word' id='word_1_61' title='bbox 2255 673 2505 744; x_wconf 84' lang='grc' dir='ltr'>Ἀπαίρει</span> <span class='ocrx_word' id='word_1_62' title='bbox 2539 675 2637 744; x_wconf 84' lang='grc' dir='ltr'>μὲν</span> <span class='ocrx_word' id='word_1_63' title='bbox 2667 674 2767 744; x_wconf 83' lang='grc' dir='ltr'><strong>τῆς</strong></span> <span class='ocrx_word' id='word_1_64' title='bbox 2800 675 3010 738; x_wconf 84' lang='grc' dir='ltr'>πόλεως</span> <span class='ocrx_word' id='word_1_65' title='bbox 3051 679 3269 756; x_wconf 56' lang='grc' dir='ltr'>πανοικέ</span> <span class='ocrx_word' id='word_1_66' title='bbox 3293 697 3306 711; x_wconf 87' lang='grc'><strong>·</strong></span> <span class='ocrx_word' id='word_1_67' title='bbox 3336 682 3463 751; x_wconf 80' lang='grc' dir='ltr'>πρὸς</span> <span class='ocrx_word' id='word_1_68' title='bbox 3502 687 3590 750; x_wconf 81' lang='grc' dir='ltr'>τὰς</span> <span class='ocrx_word' id='word_1_69' title='bbox 3619 691 3753 763; x_wconf 75' lang='grc' dir='ltr'>Πριγ.</span> 
     </span>
    </p>
   </div>
   <div class='ocr_carea' id='block_1_11' title="bbox 551 761 2139 858">
    <p class='ocr_par' dir='ltr' id='par_1_11' title="bbox 551 761 2128 839">
     <span class='ocr_line' id='line_1_11' title="bbox 551 761 2128 839; baseline -0.007 -14"><span class='ocrx_word' id='word_1_70' title='bbox 551 786 675 825; x_wconf 88' lang='lat' dir='ltr'><strong>cum</strong></span> <span class='ocrx_word' id='word_1_71' title='bbox 724 769 960 839; x_wconf 79' lang='lat' dir='ltr'><strong>conjuge</strong></span> <span class='ocrx_word' id='word_1_72' title='bbox 981 776 1035 822; x_wconf 89' lang='lat' dir='ltr'><strong>et</strong></span> <span class='ocrx_word' id='word_1_73' title='bbox 1059 767 1268 828; x_wconf 87' lang='lat' dir='ltr'><strong>liberis,</strong></span> <span class='ocrx_word' id='word_1_74' title='bbox 1304 779 1409 818; x_wconf 89' lang='lat' dir='ltr'><strong>non</strong></span> <span class='ocrx_word' id='word_1_75' title='bbox 1442 763 1591 819; x_wconf 91' lang='lat' dir='ltr'><strong>cultu</strong></span> <span class='ocrx_word' id='word_1_76' title='bbox 1619 770 1827 818; x_wconf 86' lang='lat' dir='ltr'><strong>tantum</strong></span> <span class='ocrx_word' id='word_1_77' title='bbox 1857 761 2128 830; x_wconf 87' lang='lat' dir='ltr'><strong>corporis,</strong></span> 
     </span>
    </p>
   </div>
   <div class='ocr_carea' id='block_1_12' title="bbox 2164 761 3752 858">
    <p class='ocr_par' dir='ltr' id='par_1_12' title="bbox 2243 761 3752 858">
     <span class='ocr_line' id='line_1_12' title="bbox 2243 761 3752 858; baseline 0.017 -36"><span class='ocrx_word' id='word_1_78' title='bbox 2243 769 2487 832; x_wconf 83' lang='grc' dir='ltr'>κιπείους</span> <span class='ocrx_word' id='word_1_79' title='bbox 2509 769 2564 821; x_wconf 80' lang='grc' dir='ltr'>δὲ</span> <span class='ocrx_word' id='word_1_80' title='bbox 2594 770 2790 840; x_wconf 82' lang='grc' dir='ltr'>νήσους</span> <span class='ocrx_word' id='word_1_81' title='bbox 2819 773 3312 841; x_wconf 72' lang='grc' dir='ltr'>μετακεχωρηκὼς,</span> <span class='ocrx_word' id='word_1_82' title='bbox 3353 777 3442 828; x_wconf 81' lang='grc' dir='ltr'>καί</span> <span class='ocrx_word' id='word_1_83' title='bbox 3469 778 3552 832; x_wconf 69' lang='grc' dir='ltr'>τὸν</span> <span class='ocrx_word' id='word_1_84' title='bbox 3585 761 3752 858; x_wconf 71' lang='grc' dir='ltr'>μονήρη</span> 
     </span>
    </p>
   </div>
   <div class='ocr_carea' id='block_1_13' title="bbox 550 851 2138 944">
    <p class='ocr_par' dir='ltr' id='par_1_13' title="bbox 550 851 2138 930">
     <span class='ocr_line' id='line_1_13' title="bbox 550 851 2138 930; baseline -0.006 -15"><span class='ocrx_word' id='word_1_85' title='bbox 550 862 644 916; x_wconf 82' lang='lat' dir='ltr'><strong>sed</strong></span> <span class='ocrx_word' id='word_1_86' title='bbox 691 876 751 916; x_wconf 89' lang='lat' dir='ltr'><strong>re</strong></span> <span class='ocrx_word' id='word_1_87' title='bbox 777 861 895 930; x_wconf 89' lang='lat' dir='ltr'><strong>ipsa</strong></span> <span class='ocrx_word' id='word_1_88' title='bbox 929 859 1100 930; x_wconf 82' lang='lat' dir='ltr'><strong>degit,</strong></span> <span class='ocrx_word' id='word_1_89' title='bbox 1133 871 1298 913; x_wconf 86' lang='lat' dir='ltr'><strong>causa</strong></span> <span class='ocrx_word' id='word_1_90' title='bbox 1333 871 1430 911; x_wconf 88' lang='lat' dir='ltr'><strong>sua</strong></span> <span class='ocrx_word' id='word_1_91' title='bbox 1463 868 1720 924; x_wconf 88' lang='lat' dir='ltr'><strong>supremo</strong></span> <span class='ocrx_word' id='word_1_92' title='bbox 1753 851 1974 907; x_wconf 88' lang='lat' dir='ltr'><strong>Numini</strong></span> <span class='ocrx_word' id='word_1_93' title='bbox 2015 865 2138 922; x_wconf 90' lang='lat' dir='ltr'><strong>per-</strong></span> 
     </span>
    </p>
   </div>
   <div class='ocr_carea' id='block_1_14' title="bbox 2163 851 3751 944">
    <p class='ocr_par' dir='ltr' id='par_1_14' title="bbox 2244 851 3751 944">
     <span class='ocr_line' id='line_1_14' title="bbox 2244 851 3751 944; baseline 0.018 -43"><span class='ocrx_word' id='word_1_94' title='bbox 2244 859 2360 929; x_wconf 81' lang='grc' dir='ltr'>βίον</span> <span class='ocrx_word' id='word_1_95' title='bbox 2392 860 2509 930; x_wconf 76' lang='grc' dir='ltr'><strong>ἅμα</strong></span> <span class='ocrx_word' id='word_1_96' title='bbox 2530 860 2749 929; x_wconf 73' lang='grc' dir='ltr'>γυναικὶ</span> <span class='ocrx_word' id='word_1_97' title='bbox 2765 861 2862 914; x_wconf 75' lang='grc' dir='ltr'><strong>καὶ</strong></span> <span class='ocrx_word' id='word_1_98' title='bbox 2884 863 3121 924; x_wconf 85' lang='grc' dir='ltr'>τέκνοις,</span> <span class='ocrx_word' id='word_1_99' title='bbox 3162 863 3222 914; x_wconf 92' lang='grc' dir='ltr'><strong>οὐ</strong></span> <span class='ocrx_word' id='word_1_100' title='bbox 3251 863 3328 934; x_wconf 81' lang='grc' dir='ltr'>τῷ</span> <span class='ocrx_word' id='word_1_101' title='bbox 3361 868 3584 938; x_wconf 87' lang='grc' dir='ltr'>σχήματι</span> <span class='ocrx_word' id='word_1_102' title='bbox 3607 851 3751 944; x_wconf 67' lang='grc' dir='ltr'>μόνον,</span> 
     </span>
    </p>
   </div>
   <div class='ocr_carea' id='block_1_15' title="bbox 553 950 3752 1032">
    <p class='ocr_par' dir='ltr' id='par_1_15' title="bbox 553 950 3752 1032">
     <span class='ocr_line' id='line_1_15' title="bbox 553 950 3752 1032; baseline 0.013 -55"><span class='ocrx_word' id='word_1_103' title='bbox 553 955 742 1011; x_wconf 54' lang='lat' dir='ltr'><strong>missa.</strong></span> <span class='ocrx_word' id='word_1_104' title='bbox 2246 950 2386 1004; x_wconf 85' lang='grc' dir='ltr'><strong>ἀλλά</strong></span> <span class='ocrx_word' id='word_1_105' title='bbox 2406 953 2501 1004; x_wconf 71' lang='grc' dir='ltr'><strong>καὶ</strong></span> <span class='ocrx_word' id='word_1_106' title='bbox 2533 951 2611 1020; x_wconf 82' lang='grc' dir='ltr'><strong>τῷ</strong></span> <span class='ocrx_word' id='word_1_107' title='bbox 2637 951 2928 1020; x_wconf 81' lang='grc' dir='ltr'><strong>πράγματι</strong></span> <span class='ocrx_word' id='word_1_108' title='bbox 2962 952 3429 1023; x_wconf 84' lang='grc' dir='ltr'>καταδεξάμενος,</span> <span class='ocrx_word' id='word_1_109' title='bbox 3469 957 3542 1030; x_wconf 80' lang='grc' dir='ltr'>τῷ</span> <span class='ocrx_word' id='word_1_110' title='bbox 3572 963 3752 1032; x_wconf 80' lang='grc' dir='ltr'>παμϐα-</span> 
     </span>
    </p>
   </div>
   <div class='ocr_carea' id='block_1_16' title="bbox 2244 1043 3607 1114">
    <p class='ocr_par' dir='ltr' id='par_1_16' title="bbox 2244 1043 3607 1114">
     <span class='ocr_line' id='line_1_16' title="bbox 2244 1043 3607 1114; baseline 0.006 -17"><span class='ocrx_word' id='word_1_111' title='bbox 2244 1043 2384 1097; x_wconf 87' lang='grc' dir='ltr'>σιλεῖ</span> <span class='ocrx_word' id='word_1_112' title='bbox 2413 1043 2531 1113; x_wconf 83' lang='grc' dir='ltr'>Θεῷ</span> <span class='ocrx_word' id='word_1_113' title='bbox 2554 1044 2652 1113; x_wconf 82' lang='grc' dir='ltr'><strong>τὴν</strong></span> <span class='ocrx_word' id='word_1_114' title='bbox 2682 1043 2846 1096; x_wconf 87' lang='grc' dir='ltr'>αὐτοῦ</span> <span class='ocrx_word' id='word_1_115' title='bbox 2875 1043 3056 1114; x_wconf 79' lang='grc' dir='ltr'>κρίσιν</span> <span class='ocrx_word' id='word_1_116' title='bbox 3083 1045 3177 1098; x_wconf 77' lang='grc' dir='ltr'><strong>καὶ</strong></span> <span class='ocrx_word' id='word_1_117' title='bbox 3201 1045 3354 1114; x_wconf 88' lang='grc' dir='ltr'>δίκην</span> <span class='ocrx_word' id='word_1_118' title='bbox 3384 1048 3607 1105; x_wconf 86' lang='grc' dir='ltr'>ἀνέθετο.</span> 
     </span>
    </p>
   </div>
   <div class='ocr_carea' id='block_1_17' title="bbox 621 1131 2209 1216">
    <p class='ocr_par' dir='ltr' id='par_1_17' title="bbox 621 1131 2139 1204">
     <span class='ocr_line' id='line_1_17' title="bbox 621 1131 2139 1204; baseline -0.007 -9"><span class='ocrx_word' id='word_1_119' title='bbox 621 1141 788 1196; x_wconf 85' lang='lat' dir='ltr'><strong>Beato</strong></span> <span class='ocrx_word' id='word_1_120' title='bbox 832 1139 960 1194; x_wconf 84' lang='lat' dir='ltr'><strong>huic</strong></span> <span class='ocrx_word' id='word_1_121' title='bbox 1004 1136 1282 1199; x_wconf 83' lang='lat' dir='ltr'><strong>Michaeli,</strong></span> <span class='ocrx_word' id='word_1_122' title='bbox 1315 1134 1574 1204; x_wconf 87' lang='lat' dir='ltr'><strong>omnique</strong></span> <span class='ocrx_word' id='word_1_123' title='bbox 1611 1131 1974 1188; x_wconf 82' lang='lat' dir='ltr'><strong>admiratione</strong></span> <span class='ocrx_word' id='word_1_124' title='bbox 2011 1145 2139 1200; x_wconf 87' lang='lat' dir='ltr'><strong>pro-</strong></span> 
     </span>
    </p>
   </div>
   <div class='ocr_carea' id='block_1_18' title="bbox 2165 1131 3753 1216">
    <p class='ocr_par' dir='ltr' id='par_1_18' title="bbox 2311 1134 3753 1216">
     <span class='ocr_line' id='line_1_18' title="bbox 2311 1134 3753 1216; baseline 0.008 -29"><span class='ocrx_word' id='word_1_125' title='bbox 2311 1134 2501 1205; x_wconf 80' lang='grc' dir='ltr'>Τούτῳ</span> <span class='ocrx_word' id='word_1_126' title='bbox 2525 1135 2588 1206; x_wconf 82' lang='grc' dir='ltr'>δὴ</span> <span class='ocrx_word' id='word_1_127' title='bbox 2612 1135 2691 1204; x_wconf 84' lang='grc' dir='ltr'>τῷ</span> <span class='ocrx_word' id='word_1_128' title='bbox 2720 1137 2976 1206; x_wconf 78' lang='grc' dir='ltr'><strong>μακαρίῳ</strong></span> <span class='ocrx_word' id='word_1_129' title='bbox 2997 1136 3237 1206; x_wconf 81' lang='grc' dir='ltr'><strong>Μιχαὴλ,</strong></span> <span class='ocrx_word' id='word_1_130' title='bbox 3271 1137 3345 1207; x_wconf 81' lang='grc' dir='ltr'><strong>τῷ</strong></span> <span class='ocrx_word' id='word_1_131' title='bbox 3370 1138 3667 1209; x_wconf 74' lang='grc' dir='ltr'><strong>θαυμαστῶς</strong></span> <span class='ocrx_word' id='word_1_132' title='bbox 3682 1146 3753 1216; x_wconf 80' lang='grc' dir='ltr'><strong>τήν</strong></span> 
     </span>
    </p>
   </div>
   <div class='ocr_carea' id='block_1_19' title="bbox 561 1222 2149 1302">
    <p class='ocr_par' dir='ltr' id='par_1_19' title="bbox 561 1222 2140 1302">
     <span class='ocr_line' id='line_1_19' title="bbox 561 1222 2140 1302; baseline -0.01 -14"><span class='ocrx_word' id='word_1_133' title='bbox 561 1231 876 1302; x_wconf 84' lang='lat' dir='ltr'><strong>sequendo,</strong></span> <span class='ocrx_word' id='word_1_134' title='bbox 913 1231 1004 1299; x_wconf 89' lang='lat' dir='ltr'><strong>qui</strong></span> <span class='ocrx_word' id='word_1_135' title='bbox 1044 1237 1310 1282; x_wconf 90' lang='lat' dir='ltr'><strong>terrarum</strong></span> <span class='ocrx_word' id='word_1_136' title='bbox 1346 1238 1510 1295; x_wconf 86' lang='lat' dir='ltr'><strong>regna</strong></span> <span class='ocrx_word' id='word_1_137' title='bbox 1553 1222 1872 1278; x_wconf 60' lang='lat' dir='ltr'><strong>coelestibus</strong></span> <span class='ocrx_word' id='word_1_138' title='bbox 1920 1236 2140 1292; x_wconf 87' lang='lat' dir='ltr'><strong>permu-</strong></span> 
     </span>
    </p>
   </div>
   <div class='ocr_carea' id='block_1_20' title="bbox 2164 1222 3752 1302">
    <p class='ocr_par' dir='ltr' id='par_1_20' title="bbox 2242 1226 3752 1302">
     <span class='ocr_line' id='line_1_20' title="bbox 2242 1226 3752 1302; baseline 0.005 -22"><span class='ocrx_word' id='word_1_139' title='bbox 2242 1227 2482 1293; x_wconf 81' lang='grc' dir='ltr'>ὲπίγειον</span> <span class='ocrx_word' id='word_1_140' title='bbox 2509 1229 2606 1297; x_wconf 71' lang='grc' dir='ltr'><strong>τῆς</strong></span> <span class='ocrx_word' id='word_1_141' title='bbox 2631 1226 2887 1298; x_wconf 79' lang='grc' dir='ltr'>οὐρανίας</span> <span class='ocrx_word' id='word_1_142' title='bbox 2914 1227 3491 1300; x_wconf 79' lang='grc' dir='ltr'>ἀντικαταλλαξαμένῳ</span> <span class='ocrx_word' id='word_1_143' title='bbox 3514 1232 3752 1302; x_wconf 80' lang='grc' dir='ltr'>βασιλείας,</span> 
     </span>
    </p>
   </div>
   <div class='ocr_carea' id='block_1_21' title="bbox 555 1315 2143 1396">
    <p class='ocr_par' dir='ltr' id='par_1_21' title="bbox 555 1315 2143 1392">
     <span class='ocr_line' id='line_1_21' title="bbox 555 1315 2143 1392; baseline -0.008 -14"><span class='ocrx_word' id='word_1_144' title='bbox 555 1325 704 1384; x_wconf 75' lang='lat' dir='ltr'><strong>tavit,</strong></span> <span class='ocrx_word' id='word_1_145' title='bbox 737 1323 888 1392; x_wconf 88' lang='lat' dir='ltr'><strong>quini</strong></span> <span class='ocrx_word' id='word_1_146' title='bbox 933 1320 1157 1374; x_wconf 90' lang='lat' dir='ltr'><strong>omnino</strong></span> <span class='ocrx_word' id='word_1_147' title='bbox 1203 1317 1373 1372; x_wconf 79' lang='lat' dir='ltr'><strong>fuisse</strong></span> <span class='ocrx_word' id='word_1_148' title='bbox 1403 1317 1558 1371; x_wconf 83' lang='lat' dir='ltr'><strong>liberi</strong></span> <span class='ocrx_word' id='word_1_149' title='bbox 1596 1315 1983 1385; x_wconf 90' lang='lat' dir='ltr'><strong>perhibentur;</strong></span> <span class='ocrx_word' id='word_1_150' title='bbox 2019 1327 2143 1366; x_wconf 85' lang='lat' dir='ltr'><strong>mu-</strong></span> 
     </span>
    </p>
   </div>
   <div class='ocr_carea' id='block_1_22' title="bbox 2167 1315 3755 1396">
    <p class='ocr_par' dir='ltr' id='par_1_22' title="bbox 2242 1317 3755 1396">
     <span class='ocr_line' id='line_1_22' title="bbox 2242 1317 3755 1396; baseline 0.007 -24"><span class='ocrx_word' id='word_1_151' title='bbox 2242 1320 2428 1382; x_wconf 83' lang='grc' dir='ltr'>παῖδες</span> <span class='ocrx_word' id='word_1_152' title='bbox 2453 1319 2502 1372; x_wconf 81' lang='grc' dir='ltr'><strong>οἱ</strong></span> <span class='ocrx_word' id='word_1_153' title='bbox 2533 1319 2752 1382; x_wconf 85' lang='grc' dir='ltr'>πάντες,</span> <span class='ocrx_word' id='word_1_154' title='bbox 2781 1319 2943 1372; x_wconf 83' lang='grc' dir='ltr'>πέντε</span> <span class='ocrx_word' id='word_1_155' title='bbox 2966 1320 3185 1387; x_wconf 83' lang='grc' dir='ltr'>λέγουσι</span> <span class='ocrx_word' id='word_1_156' title='bbox 3210 1320 3475 1388; x_wconf 86' lang='grc' dir='ltr'>γενέσθαι·</span> <span class='ocrx_word' id='word_1_157' title='bbox 3507 1317 3574 1377; x_wconf 83' lang='grc' dir='ltr'>ὧν</span> <span class='ocrx_word' id='word_1_158' title='bbox 3595 1325 3755 1396; x_wconf 73' lang='grc' dir='ltr'>θήλειαι</span> 
     </span>
    </p>
   </div>
   <div class='ocr_carea' id='block_1_23' title="bbox 547 1407 2135 1490">
    <p class='ocr_par' dir='ltr' id='par_1_23' title="bbox 547 1407 2135 1480">
     <span class='ocr_line' id='line_1_23' title="bbox 547 1407 2135 1480; baseline -0.006 -13"><span class='ocrx_word' id='word_1_159' title='bbox 547 1415 735 1468; x_wconf 64' lang='lat' dir='ltr'><strong>lie-bris</strong></span> <span class='ocrx_word' id='word_1_160' title='bbox 787 1412 973 1480; x_wconf 88' lang='lat' dir='ltr'><strong>stirpis</strong></span> <span class='ocrx_word' id='word_1_161' title='bbox 1008 1410 1241 1479; x_wconf 89' lang='lat' dir='ltr'><strong>gemini,</strong></span> <span class='ocrx_word' id='word_1_162' title='bbox 1269 1408 1484 1479; x_wconf 80' lang='lat' dir='ltr'><strong>Georgo</strong></span> <span class='ocrx_word' id='word_1_163' title='bbox 1527 1407 1702 1478; x_wconf 90' lang='lat' dir='ltr'><strong>prima</strong></span> <span class='ocrx_word' id='word_1_164' title='bbox 1734 1415 1974 1475; x_wconf 90' lang='lat' dir='ltr'><strong>natuque</strong></span> <span class='ocrx_word' id='word_1_165' title='bbox 2027 1420 2135 1458; x_wconf 89' lang='lat' dir='ltr'><strong>ma-</strong></span> 
     </span>
    </p>
   </div>
   <div class='ocr_carea' id='block_1_24' title="bbox 2165 1407 3753 1490">
    <p class='ocr_par' dir='ltr' id='par_1_24' title="bbox 2241 1411 3753 1490">
     <span class='ocr_line' id='line_1_24' title="bbox 2241 1411 3753 1490; baseline 0.004 -26"><span class='ocrx_word' id='word_1_166' title='bbox 2241 1412 2352 1477; x_wconf 87' lang='grc' dir='ltr'>δύο,</span> <span class='ocrx_word' id='word_1_167' title='bbox 2369 1411 2560 1483; x_wconf 83' lang='grc' dir='ltr'>πρώτη</span> <span class='ocrx_word' id='word_1_168' title='bbox 2579 1412 2718 1480; x_wconf 81' lang='grc' dir='ltr'>μὲνὴ</span> <span class='ocrx_word' id='word_1_169' title='bbox 2737 1411 3041 1482; x_wconf 82' lang='grc' dir='ltr'>καλουμένη</span> <span class='ocrx_word' id='word_1_170' title='bbox 3058 1411 3308 1482; x_wconf 86' lang='grc' dir='ltr'>Γεωργὼ.</span> <span class='ocrx_word' id='word_1_171' title='bbox 3325 1414 3531 1467; x_wconf 88' lang='grc' dir='ltr'>πάντων</span> <span class='ocrx_word' id='word_1_172' title='bbox 3540 1415 3588 1468; x_wconf 78' lang='grc' dir='ltr'>δὲ</span> <span class='ocrx_word' id='word_1_173' title='bbox 3600 1417 3753 1490; x_wconf 80' lang='grc' dir='ltr'>ὑστάτη</span> 
     </span>
    </p>
   </div>
   <div class='ocr_carea' id='block_1_25' title="bbox 552 1498 2140 1578">
    <p class='ocr_par' dir='ltr' id='par_1_25' title="bbox 552 1498 2140 1576">
     <span class='ocr_line' id='line_1_25' title="bbox 552 1498 2140 1576; baseline -0.005 -18"><span class='ocrx_word' id='word_1_174' title='bbox 552 1522 580 1558; x_wconf 71' lang='lat' dir='ltr'><strong>x</strong></span> <span class='ocrx_word' id='word_1_175' title='bbox 595 1505 726 1568; x_wconf 86' lang='lat' dir='ltr'><strong>ima,</strong></span> <span class='ocrx_word' id='word_1_176' title='bbox 746 1504 967 1556; x_wconf 86' lang='lat' dir='ltr'><strong>minima</strong></span> <span class='ocrx_word' id='word_1_177' title='bbox 991 1500 1362 1570; x_wconf 76' lang='lat' dir='ltr'><strong>Theophano;</strong></span> <span class='ocrx_word' id='word_1_178' title='bbox 1389 1515 1512 1570; x_wconf 68' lang='lat' dir='ltr'><strong>quae</strong></span> <span class='ocrx_word' id='word_1_179' title='bbox 1525 1498 1855 1576; x_wconf 76' lang='lat' dir='ltr'><strong>virginitatis</strong></span> <span class='ocrx_word' id='word_1_180' title='bbox 1873 1498 2030 1552; x_wconf 88' lang='lat' dir='ltr'><strong>laude</strong></span> <span class='ocrx_word' id='word_1_181' title='bbox 2048 1512 2140 1566; x_wconf 91' lang='lat' dir='ltr'><strong>per</strong></span> 
     </span>
    </p>
   </div>
   <div class='ocr_carea' id='block_1_26' title="bbox 2166 1498 3754 1578">
    <p class='ocr_par' dir='ltr' id='par_1_26' title="bbox 2241 1501 3754 1578">
     <span class='ocr_line' id='line_1_26' title="bbox 2241 1501 3754 1578; baseline 0.004 -24"><span class='ocrx_word' id='word_1_182' title='bbox 2241 1502 2517 1571; x_wconf 56' lang='grc' dir='ltr'>Θεοςανώ·</span> <span class='ocrx_word' id='word_1_183' title='bbox 2551 1503 2607 1554; x_wconf 85' lang='grc' dir='ltr'>αἳ</span> <span class='ocrx_word' id='word_1_184' title='bbox 2639 1502 2733 1554; x_wconf 75' lang='grc' dir='ltr'>καὶ</span> <span class='ocrx_word' id='word_1_185' title='bbox 2755 1501 3098 1571; x_wconf 86' lang='grc' dir='ltr'>παρθενικῶς</span> <span class='ocrx_word' id='word_1_186' title='bbox 3125 1504 3218 1554; x_wconf 81' lang='grc' dir='ltr'><strong>τὸν</strong></span> <span class='ocrx_word' id='word_1_187' title='bbox 3229 1503 3346 1556; x_wconf 84' lang='grc' dir='ltr'>ὅλον</span> <span class='ocrx_word' id='word_1_188' title='bbox 3369 1504 3476 1572; x_wconf 87' lang='grc' dir='ltr'>βίον</span> <span class='ocrx_word' id='word_1_189' title='bbox 3496 1506 3578 1558; x_wconf 70' lang='grc' dir='ltr'><strong>καὶ</strong></span> <span class='ocrx_word' id='word_1_190' title='bbox 3591 1525 3754 1578; x_wconf 81' lang='grc' dir='ltr'>μοναχι-</span> 
     </span>
    </p>
   </div>
   <div class='ocr_carea' id='block_1_27' title="bbox 556 1586 2144 1669">
    <p class='ocr_par' dir='ltr' id='par_1_27' title="bbox 556 1586 2144 1660">
     <span class='ocr_line' id='line_1_27' title="bbox 556 1586 2144 1660; baseline -0.005 -13"><span class='ocrx_word' id='word_1_191' title='bbox 556 1608 774 1647; x_wconf 80' lang='lat' dir='ltr'><strong>omnem</strong></span> <span class='ocrx_word' id='word_1_192' title='bbox 795 1594 958 1646; x_wconf 76' lang='lat' dir='ltr'><strong>vitam</strong></span> <span class='ocrx_word' id='word_1_193' title='bbox 986 1593 1038 1646; x_wconf 90' lang='lat' dir='ltr'><strong>in</strong></span> <span class='ocrx_word' id='word_1_194' title='bbox 1058 1591 1319 1660; x_wconf 87' lang='lat' dir='ltr'><strong>religione</strong></span> <span class='ocrx_word' id='word_1_195' title='bbox 1339 1589 1688 1645; x_wconf 86' lang='lat' dir='ltr'><strong>sanctissime</strong></span> <span class='ocrx_word' id='word_1_196' title='bbox 1705 1588 1998 1651; x_wconf 87' lang='lat' dir='ltr'><strong>custodita,</strong></span> <span class='ocrx_word' id='word_1_197' title='bbox 2024 1586 2144 1640; x_wconf 79' lang='lat' dir='ltr'><strong>teli-</strong></span> 
     </span>
    </p>
   </div>
   <div class='ocr_carea' id='block_1_28' title="bbox 2167 1586 3755 1669">
    <p class='ocr_par' dir='ltr' id='par_1_28' title="bbox 2244 1592 3755 1669">
     <span class='ocr_line' id='line_1_28' title="bbox 2244 1592 3755 1669; baseline 0.004 -22"><span class='ocrx_word' id='word_1_198' title='bbox 2244 1592 2744 1656; x_wconf 86' lang='grc' dir='ltr'>κῶςδιαϐιώσασαι,</span> <span class='ocrx_word' id='word_1_199' title='bbox 2762 1593 3047 1664; x_wconf 86' lang='grc' dir='ltr'>μακαρίως</span> <span class='ocrx_word' id='word_1_200' title='bbox 3068 1594 3461 1664; x_wconf 77' lang='grc' dir='ltr'>ἐκοιμήθησαν.</span> <span class='ocrx_word' id='word_1_201' title='bbox 3484 1597 3755 1669; x_wconf 79' lang='grc' dir='ltr'>Ἀρῤενεςδὲ</span> 
     </span>
    </p>
   </div>
   <div class='ocr_carea' id='block_1_29' title="bbox 555 1677 2143 1759">
    <p class='ocr_par' dir='ltr' id='par_1_29' title="bbox 555 1677 2143 1750">
     <span class='ocr_line' id='line_1_29' title="bbox 555 1677 2143 1750; baseline -0.006 -11"><span class='ocrx_word' id='word_1_202' title='bbox 555 1687 692 1740; x_wconf 88' lang='lat' dir='ltr'><strong>citer</strong></span> <span class='ocrx_word' id='word_1_203' title='bbox 721 1684 976 1738; x_wconf 87' lang='lat' dir='ltr'><strong>obierunt</strong></span> <span class='ocrx_word' id='word_1_204' title='bbox 1005 1701 1020 1738; x_wconf 87' lang='lat'><strong>:</strong></span> <span class='ocrx_word' id='word_1_205' title='bbox 1044 1693 1154 1737; x_wconf 90' lang='lat' dir='ltr'><strong>tres</strong></span> <span class='ocrx_word' id='word_1_206' title='bbox 1171 1696 1300 1737; x_wconf 87' lang='lat' dir='ltr'><strong>vero</strong></span> <span class='ocrx_word' id='word_1_207' title='bbox 1331 1681 1520 1750; x_wconf 88' lang='lat' dir='ltr'><strong>stirpis</strong></span> <span class='ocrx_word' id='word_1_208' title='bbox 1546 1679 1743 1744; x_wconf 81' lang='lat' dir='ltr'><strong>virilis,</strong></span> <span class='ocrx_word' id='word_1_209' title='bbox 1766 1677 2143 1748; x_wconf 79' lang='lat' dir='ltr'><strong>Theopbylac-</strong></span> 
     </span>
    </p>
   </div>
   <div class='ocr_carea' id='block_1_30' title="bbox 2167 1677 3755 1759">
    <p class='ocr_par' dir='ltr' id='par_1_30' title="bbox 2173 1685 3755 1759">
     <span class='ocr_line' id='line_1_30' title="bbox 2173 1685 3755 1759; baseline 0.002 -21"><span class='ocrx_word' id='word_1_210' title='bbox 2173 1741 2214 1759; x_wconf 51' lang='grc' dir='ltr'>ἢ</span> <span class='ocrx_word' id='word_1_211' title='bbox 2243 1689 2412 1756; x_wconf 77' lang='grc' dir='ltr'>τρεῖς,</span> <span class='ocrx_word' id='word_1_212' title='bbox 2426 1685 2824 1754; x_wconf 85' lang='grc' dir='ltr'>Θεοφύλακτος,</span> <span class='ocrx_word' id='word_1_213' title='bbox 2840 1686 2980 1739; x_wconf 88' lang='grc' dir='ltr'>Σταυ</span> <span class='ocrx_word' id='word_1_214' title='bbox 2990 1686 3196 1755; x_wconf 87' lang='grc' dir='ltr'>ράκιος,</span> <span class='ocrx_word' id='word_1_215' title='bbox 3212 1687 3258 1739; x_wconf 86' lang='grc' dir='ltr'><strong>Ν</strong></span> <span class='ocrx_word' id='word_1_216' title='bbox 3266 1688 3475 1759; x_wconf 80' lang='grc' dir='ltr'>ικήτας⁸</span> <span class='ocrx_word' id='word_1_217' title='bbox 3488 1687 3661 1741; x_wconf 85' lang='grc' dir='ltr'>τούτων</span> <span class='ocrx_word' id='word_1_218' title='bbox 3670 1690 3755 1742; x_wconf 81' lang='grc' dir='ltr'>Θεο-</span> 
     </span>
    </p>
   </div>
   <div class='ocr_carea' id='block_1_31' title="bbox 545 1741 2133 1851">
    <p class='ocr_par' dir='ltr' id='par_1_31' title="bbox 545 1767 2133 1842">
     <span class='ocr_line' id='line_1_31' title="bbox 545 1767 2133 1842; baseline -0.004 -13"><span class='ocrx_word' id='word_1_219' title='bbox 545 1774 1005 1840; x_wconf 81' lang='lat' dir='ltr'><strong>tus,Stauracius,</strong></span> <span class='ocrx_word' id='word_1_220' title='bbox 1018 1771 1234 1828; x_wconf 82' lang='lat' dir='ltr'><strong>Nicetas</strong></span> <span class='ocrx_word' id='word_1_221' title='bbox 1251 1787 1265 1824; x_wconf 92' lang='lat'><strong>:</strong></span> <span class='ocrx_word' id='word_1_222' title='bbox 1281 1786 1517 1842; x_wconf 89' lang='lat' dir='ltr'><strong>quorum</strong></span> <span class='ocrx_word' id='word_1_223' title='bbox 1536 1781 1666 1825; x_wconf 90' lang='lat' dir='ltr'><strong>natu</strong></span> <span class='ocrx_word' id='word_1_224' title='bbox 1683 1767 2133 1824; x_wconf 80' lang='lat' dir='ltr'><strong>maximusTheo-</strong></span> 
     </span>
    </p>
   </div>
   <div class='ocr_carea' id='block_1_32' title="bbox 2165 1741 3753 1851">
    <p class='ocr_par' dir='ltr' id='par_1_32' title="bbox 2173 1741 3753 1851">
     <span class='ocr_line' id='line_1_32' title="bbox 2173 1741 3753 1851; baseline 0.003 -21"><span class='ocrx_word' id='word_1_225' title='bbox 2173 1741 2215 1796; x_wconf 73' lang='grc' dir='ltr'><strong>Β</strong></span> <span class='ocrx_word' id='word_1_226' title='bbox 2245 1741 2518 1847; x_wconf 61' lang='grc' dir='ltr'>φύλακτος</span> <span class='ocrx_word' id='word_1_227' title='bbox 2544 1741 2648 1848; x_wconf 71' lang='grc' dir='ltr'><strong>μὲν</strong></span> <span class='ocrx_word' id='word_1_228' title='bbox 2700 1778 2729 1830; x_wconf 81' lang='grc' dir='ltr'>ὁ</span> <span class='ocrx_word' id='word_1_229' title='bbox 2754 1741 2969 1832; x_wconf 64' lang='grc' dir='ltr'><strong>⁸πάντων</strong></span> <span class='ocrx_word' id='word_1_230' title='bbox 2990 1741 3362 1848; x_wconf 43' lang='grc' dir='ltr'>’πρωτότοκοςξ</span> <span class='ocrx_word' id='word_1_231' title='bbox 3398 1741 3487 1832; x_wconf 75' lang='grc' dir='ltr'>καὶ</span> <span class='ocrx_word' id='word_1_232' title='bbox 3513 1779 3539 1831; x_wconf 85' lang='grc' dir='ltr'><strong>ό</strong></span> <span class='ocrx_word' id='word_1_233' title='bbox 3566 1781 3753 1851; x_wconf 55' lang='lat' dir='ltr'><strong>2mm-</strong></span> 
     </span>
    </p>
   </div>
   <div class='ocr_carea' id='block_1_33' title="bbox 546 1858 2134 1940">
    <p class='ocr_par' dir='ltr' id='par_1_33' title="bbox 546 1858 2134 1937">
     <span class='ocr_line' id='line_1_33' title="bbox 546 1858 2134 1937; baseline -0.006 -17"><span class='ocrx_word' id='word_1_234' title='bbox 546 1867 856 1937; x_wconf 81' lang='lat' dir='ltr'><strong>pbylactus,</strong></span> <span class='ocrx_word' id='word_1_235' title='bbox 881 1873 936 1918; x_wconf 91' lang='lat' dir='ltr'><strong>et</strong></span> <span class='ocrx_word' id='word_1_236' title='bbox 961 1862 1299 1928; x_wconf 84' lang='lat' dir='ltr'><strong>Stauracius,</strong></span> <span class='ocrx_word' id='word_1_237' title='bbox 1321 1861 1625 1916; x_wconf 86' lang='lat' dir='ltr'><strong>diademate</strong></span> <span class='ocrx_word' id='word_1_238' title='bbox 1651 1859 1872 1929; x_wconf 89' lang='lat' dir='ltr'><strong>imperii</strong></span> <span class='ocrx_word' id='word_1_239' title='bbox 1900 1858 2134 1928; x_wconf 74' lang='lat' dir='ltr'><strong>iusignit’i</strong></span> 
     </span>
    </p>
   </div>
   <div class='ocr_carea' id='block_1_34' title="bbox 2163 1858 3751 1940">
    <p class='ocr_par' dir='ltr' id='par_1_34' title="bbox 2244 1869 3751 1940">
     <span class='ocr_line' id='line_1_34' title="bbox 2244 1869 3751 1940; baseline 0.001 -17"><span class='ocrx_word' id='word_1_240' title='bbox 2244 1887 2380 1934; x_wconf 90' lang='grc' dir='ltr'>κιος,</span> <span class='ocrx_word' id='word_1_241' title='bbox 2414 1869 2712 1940; x_wconf 86' lang='grc' dir='ltr'>ἀμφότεροι</span> <span class='ocrx_word' id='word_1_242' title='bbox 2746 1869 2823 1939; x_wconf 83' lang='grc' dir='ltr'>τῷ</span> <span class='ocrx_word' id='word_1_243' title='bbox 2842 1869 3132 1940; x_wconf 83' lang='grc' dir='ltr'>διαδήματι</span> <span class='ocrx_word' id='word_1_244' title='bbox 3163 1869 3382 1940; x_wconf 81' lang='grc' dir='ltr'>πρῶτον</span> <span class='ocrx_word' id='word_1_245' title='bbox 3416 1871 3508 1939; x_wconf 82' lang='grc' dir='ltr'><strong>τῆς</strong></span> <span class='ocrx_word' id='word_1_246' title='bbox 3543 1871 3751 1940; x_wconf 72' lang='grc' dir='ltr'>βασιλείας</span> 
     </span>
    </p>
   </div>
   <div class='ocr_carea' id='block_1_35' title="bbox 548 1948 2136 2033">
    <p class='ocr_par' dir='ltr' id='par_1_35' title="bbox 548 1948 2136 2018">
     <span class='ocr_line' id='line_1_35' title="bbox 548 1948 2136 2018; baseline -0.004 -8"><span class='ocrx_word' id='word_1_247' title='bbox 548 1967 678 2011; x_wconf 79' lang='lat' dir='ltr'><strong>sunt</strong></span> <span class='ocrx_word' id='word_1_248' title='bbox 704 1975 718 2010; x_wconf 89' lang='lat'><strong>:</strong></span> <span class='ocrx_word' id='word_1_249' title='bbox 748 1957 842 2012; x_wconf 89' lang='lat' dir='ltr'><strong>sed</strong></span> <span class='ocrx_word' id='word_1_250' title='bbox 872 1954 1194 2009; x_wconf 88' lang='lat' dir='ltr'><strong>Stauracius</strong></span> <span class='ocrx_word' id='word_1_251' title='bbox 1227 1948 1522 2008; x_wconf 83' lang='lat' dir='ltr'><strong>admodum</strong></span> <span class='ocrx_word' id='word_1_252' title='bbox 1551 1951 1876 2006; x_wconf 85' lang='lat' dir='ltr'><strong>adolescens</strong></span> <span class='ocrx_word' id='word_1_253' title='bbox 1899 1958 2024 2004; x_wconf 87' lang='lat' dir='ltr'><strong>ante</strong></span> <span class='ocrx_word' id='word_1_254' title='bbox 2050 1964 2136 2018; x_wconf 89' lang='lat' dir='ltr'><strong>pa-</strong></span> 
     </span>
    </p>
   </div>
   <div class='ocr_carea' id='block_1_36' title="bbox 2157 1948 3745 2033">
    <p class='ocr_par' dir='ltr' id='par_1_36' title="bbox 2243 1957 3745 2033">
     <span class='ocr_line' id='line_1_36' title="bbox 2243 1957 3745 2033; baseline 0.002 -19"><span class='ocrx_word' id='word_1_255' title='bbox 2243 1963 2666 2030; x_wconf 82' lang='grc' dir='ltr'>ἐστεφάνωνται·</span> <span class='ocrx_word' id='word_1_256' title='bbox 2681 1957 2799 2014; x_wconf 73' lang='grc' dir='ltr'>εἶτα</span> <span class='ocrx_word' id='word_1_257' title='bbox 2821 1965 2847 2015; x_wconf 85' lang='grc' dir='ltr'>ὁ</span> <span class='ocrx_word' id='word_1_258' title='bbox 2867 1962 2964 2032; x_wconf 79' lang='grc' dir='ltr'>μὲν</span> <span class='ocrx_word' id='word_1_259' title='bbox 2986 1962 3179 2032; x_wconf 81' lang='grc' dir='ltr'>κομιδῇ</span> <span class='ocrx_word' id='word_1_260' title='bbox 3200 1962 3319 2025; x_wconf 92' lang='grc' dir='ltr'>νέος</span> <span class='ocrx_word' id='word_1_261' title='bbox 3337 1962 3410 2015; x_wconf 81' lang='grc' dir='ltr'><strong>ὢν</strong></span> <span class='ocrx_word' id='word_1_262' title='bbox 3427 1963 3520 2026; x_wconf 76' lang='grc' dir='ltr'>ἔτι,</span> <span class='ocrx_word' id='word_1_263' title='bbox 3537 1965 3562 2016; x_wconf 80' lang='grc' dir='ltr'>ὁ</span> <span class='ocrx_word' id='word_1_264' title='bbox 3581 1964 3745 2033; x_wconf 71' lang='grc' dir='ltr'>Στανρᾶ·</span> 
     </span>
    </p>
   </div>
   <div class='ocr_carea' id='block_1_37' title="bbox 552 2031 2140 2124">
    <p class='ocr_par' dir='ltr' id='par_1_37' title="bbox 552 2031 2140 2114">
     <span class='ocr_line' id='line_1_37' title="bbox 552 2031 2140 2114; baseline -0.005 -14"><span class='ocrx_word' id='word_1_265' title='bbox 552 2050 653 2102; x_wconf 89' lang='lat' dir='ltr'><strong>tris</strong></span> <span class='ocrx_word' id='word_1_266' title='bbox 691 2046 1093 2103; x_wconf 84' lang='lat' dir='ltr'><strong>abdicationem</strong></span> <span class='ocrx_word' id='word_1_267' title='bbox 1149 2044 1380 2114; x_wconf 87' lang='lat' dir='ltr'><strong>oppetiit</strong></span> <span class='ocrx_word' id='word_1_268' title='bbox 1411 2060 1426 2110; x_wconf 89' lang='lat'><strong>;</strong></span> <span class='ocrx_word' id='word_1_269' title='bbox 1464 2041 1908 2112; x_wconf 82' lang='lat' dir='ltr'><strong>TheOphylactus</strong></span> <span class='ocrx_word' id='word_1_270' title='bbox 1960 2031 2140 2094; x_wconf 73' lang='lat' dir='ltr'><strong>aut‘em</strong></span> 
     </span>
    </p>
   </div>
   <div class='ocr_carea' id='block_1_38' title="bbox 2160 2031 3748 2124">
    <p class='ocr_par' dir='ltr' id='par_1_38' title="bbox 2245 2031 3748 2124">
     <span class='ocr_line' id='line_1_38' title="bbox 2245 2031 3748 2124; baseline 0 -18"><span class='ocrx_word' id='word_1_271' title='bbox 2245 2053 2492 2124; x_wconf 82' lang='grc' dir='ltr'>κιος,πρὸ</span> <span class='ocrx_word' id='word_1_272' title='bbox 2506 2054 2603 2122; x_wconf 80' lang='grc' dir='ltr'>τῆς</span> <span class='ocrx_word' id='word_1_273' title='bbox 2621 2071 2722 2106; x_wconf 90' lang='grc' dir='ltr'><strong>κατ</strong></span> <span class='ocrx_word' id='word_1_274' title='bbox 2732 2031 2978 2116; x_wconf 82' lang='grc' dir='ltr'>αϐάσεως</span> <span class='ocrx_word' id='word_1_275' title='bbox 2990 2031 3234 2123; x_wconf 83' lang='grc' dir='ltr'>τελευτᾷ·</span> <span class='ocrx_word' id='word_1_276' title='bbox 3247 2053 3608 2120; x_wconf 76' lang='grc' dir='ltr'>Θεοφύλακτος</span> <span class='ocrx_word' id='word_1_277' title='bbox 3622 2053 3664 2106; x_wconf 72' lang='grc' dir='ltr'>δὲ</span> <span class='ocrx_word' id='word_1_278' title='bbox 3676 2031 3748 2122; x_wconf 64' lang='grc' dir='ltr'>ἅμα</span> 
     </span>
    </p>
   </div>
   <div class='ocr_carea' id='block_1_39' title="bbox 553 2133 2141 2215">
    <p class='ocr_par' dir='ltr' id='par_1_39' title="bbox 553 2133 2141 2208">
     <span class='ocr_line' id='line_1_39' title="bbox 553 2133 2141 2208; baseline -0.006 -14"><span class='ocrx_word' id='word_1_279' title='bbox 553 2155 664 2194; x_wconf 92' lang='lat' dir='ltr'><strong>uua</strong></span> <span class='ocrx_word' id='word_1_280' title='bbox 710 2154 836 2194; x_wconf 91' lang='lat' dir='ltr'><strong>cum</strong></span> <span class='ocrx_word' id='word_1_281' title='bbox 869 2137 1188 2208; x_wconf 88' lang='lat' dir='ltr'><strong>parentibus</strong></span> <span class='ocrx_word' id='word_1_282' title='bbox 1240 2147 1369 2190; x_wconf 88' lang='lat' dir='ltr'><strong>tunc</strong></span> <span class='ocrx_word' id='word_1_283' title='bbox 1411 2135 1465 2188; x_wconf 90' lang='lat' dir='ltr'><strong>in</strong></span> <span class='ocrx_word' id='word_1_284' title='bbox 1503 2133 1834 2189; x_wconf 86' lang='lat' dir='ltr'><strong>monachum</strong></span> <span class='ocrx_word' id='word_1_285' title='bbox 1869 2139 2141 2196; x_wconf 90' lang='lat' dir='ltr'><strong>attonsus,</strong></span> 
     </span>
    </p>
   </div>
   <div class='ocr_carea' id='block_1_40' title="bbox 2165 2133 3753 2215">
    <p class='ocr_par' dir='ltr' id='par_1_40' title="bbox 2247 2143 3753 2215">
     <span class='ocr_line' id='line_1_40' title="bbox 2247 2143 3753 2215; baseline -0.001 -17"><span class='ocrx_word' id='word_1_286' title='bbox 2247 2148 2377 2209; x_wconf 82' lang='grc' dir='ltr'>τοῖς,</span> <span class='ocrx_word' id='word_1_287' title='bbox 2399 2146 2670 2215; x_wconf 82' lang='grc' dir='ltr'>πατράσιν</span> <span class='ocrx_word' id='word_1_288' title='bbox 2701 2143 2866 2196; x_wconf 77' lang='grc' dir='ltr'>αὐτοῦ</span> <span class='ocrx_word' id='word_1_289' title='bbox 2898 2145 2990 2197; x_wconf 73' lang='grc' dir='ltr'>καὶ</span> <span class='ocrx_word' id='word_1_290' title='bbox 3017 2143 3302 2214; x_wconf 84' lang='grc' dir='ltr'>βασιλεῦσι</span> <span class='ocrx_word' id='word_1_291' title='bbox 3322 2144 3440 2197; x_wconf 82' lang='grc' dir='ltr'>τότε</span> <span class='ocrx_word' id='word_1_292' title='bbox 3478 2144 3753 2214; x_wconf 74' lang='grc' dir='ltr'>κειράμενος,</span> 
     </span>
    </p>
   </div>
   <div class='ocr_carea' id='block_1_41' title="bbox 553 2225 2141 2307">
    <p class='ocr_par' dir='ltr' id='par_1_41' title="bbox 553 2225 2141 2299">
     <span class='ocr_line' id='line_1_41' title="bbox 553 2225 2141 2299; baseline -0.004 -15"><span class='ocrx_word' id='word_1_293' title='bbox 553 2230 871 2286; x_wconf 84' lang='lat' dir='ltr'><strong>Eustratius</strong></span> <span class='ocrx_word' id='word_1_294' title='bbox 902 2239 986 2284; x_wconf 90' lang='lat' dir='ltr'><strong>est</strong></span> <span class='ocrx_word' id='word_1_295' title='bbox 1021 2227 1344 2299; x_wconf 87' lang='lat' dir='ltr'><strong>appellatus.</strong></span> <span class='ocrx_word' id='word_1_296' title='bbox 1382 2225 1629 2282; x_wconf 85' lang='lat' dir='ltr'><strong>Nicetam</strong></span> <span class='ocrx_word' id='word_1_297' title='bbox 1664 2226 1904 2296; x_wconf 90' lang='lat' dir='ltr'><strong>primum</strong></span> <span class='ocrx_word' id='word_1_298' title='bbox 1945 2225 2141 2279; x_wconf 69' lang='lat' dir='ltr'><strong>decem</strong></span> 
     </span>
    </p>
   </div>
   <div class='ocr_carea' id='block_1_42' title="bbox 2165 2225 3753 2307">
    <p class='ocr_par' dir='ltr' id='par_1_42' title="bbox 2246 2233 3753 2307">
     <span class='ocr_line' id='line_1_42' title="bbox 2246 2233 3753 2307; baseline -0.001 -20"><span class='ocrx_word' id='word_1_299' title='bbox 2246 2238 2327 2298; x_wconf 87' lang='grc' dir='ltr'><strong>είς</strong></span> <span class='ocrx_word' id='word_1_300' title='bbox 2353 2235 2686 2307; x_wconf 88' lang='grc' dir='ltr'>Εὐστράτιον</span> <span class='ocrx_word' id='word_1_301' title='bbox 2715 2233 3130 2305; x_wconf 84' lang='grc' dir='ltr'>μετωνομάσθη.</span> <span class='ocrx_word' id='word_1_302' title='bbox 3154 2234 3406 2306; x_wconf 86' lang='grc' dir='ltr'>Νικήταν</span> <span class='ocrx_word' id='word_1_303' title='bbox 3427 2233 3480 2286; x_wconf 86' lang='grc' dir='ltr'>δὲ</span> <span class='ocrx_word' id='word_1_304' title='bbox 3497 2233 3675 2306; x_wconf 83' lang='grc' dir='ltr'>πρῶτον</span> <span class='ocrx_word' id='word_1_305' title='bbox 3687 2235 3753 2303; x_wconf 82' lang='grc' dir='ltr'><strong>μὲν</strong></span> 
     </span>
    </p>
   </div>
   <div class='ocr_carea' id='block_1_43' title="bbox 559 2315 2147 2397">
    <p class='ocr_par' dir='ltr' id='par_1_43' title="bbox 559 2315 2143 2390">
     <span class='ocr_line' id='line_1_43' title="bbox 559 2315 2143 2390; baseline -0.005 -14"><span class='ocrx_word' id='word_1_306' title='bbox 559 2340 682 2377; x_wconf 88' lang='lat' dir='ltr'><strong>nem</strong></span> <span class='ocrx_word' id='word_1_307' title='bbox 707 2324 776 2377; x_wconf 90' lang='lat' dir='ltr'><strong>ab</strong></span> <span class='ocrx_word' id='word_1_308' title='bbox 827 2337 930 2376; x_wconf 82' lang='lat' dir='ltr'><strong>avo</strong></span> <span class='ocrx_word' id='word_1_309' title='bbox 981 2321 1292 2390; x_wconf 77' lang='lat' dir='ltr'><strong>Nicephoro</strong></span> <span class='ocrx_word' id='word_1_310' title='bbox 1339 2320 1717 2374; x_wconf 89' lang='lat' dir='ltr'><strong>hicanatorum</strong></span> <span class='ocrx_word' id='word_1_311' title='bbox 1779 2315 2143 2372; x_wconf 89' lang='lat' dir='ltr'><strong>domesticum</strong></span> 
     </span>
    </p>
   </div>
   <div class='ocr_carea' id='block_1_44' title="bbox 2166 2315 3754 2397">
    <p class='ocr_par' dir='ltr' id='par_1_44' title="bbox 2246 2324 3754 2397">
     <span class='ocr_line' id='line_1_44' title="bbox 2246 2324 3754 2397; baseline -0.001 -17"><span class='ocrx_word' id='word_1_312' title='bbox 2246 2328 2486 2396; x_wconf 87' lang='grc' dir='ltr'>δεκαέτη</span> <span class='ocrx_word' id='word_1_313' title='bbox 2514 2327 2875 2397; x_wconf 81' lang='grc' dir='ltr'>τυγχάνοντα,</span> <span class='ocrx_word' id='word_1_314' title='bbox 2894 2326 3002 2379; x_wconf 85' lang='grc' dir='ltr'>τῶν</span> <span class='ocrx_word' id='word_1_315' title='bbox 3031 2324 3346 2394; x_wconf 83' lang='grc' dir='ltr'>λεγομένων</span> <span class='ocrx_word' id='word_1_316' title='bbox 3381 2327 3623 2380; x_wconf 84' lang='grc' dir='ltr'>ίκανάτων</span> <span class='ocrx_word' id='word_1_317' title='bbox 3645 2326 3754 2395; x_wconf 80' lang='grc' dir='ltr'><strong>παρὰ</strong></span> 
     </span>
    </p>
   </div>
   <div class='ocr_carea' id='block_1_45' title="bbox 551 2409 2139 2487">
    <p class='ocr_par' dir='ltr' id='par_1_45' title="bbox 551 2409 2139 2482">
     <span class='ocr_line' id='line_1_45' title="bbox 551 2409 2139 2482; baseline -0.004 -14"><span class='ocrx_word' id='word_1_318' title='bbox 551 2416 707 2470; x_wconf 88' lang='lat' dir='ltr'><strong>aiunt</strong></span> <span class='ocrx_word' id='word_1_319' title='bbox 735 2422 1002 2476; x_wconf 86' lang='lat' dir='ltr'><strong>creatum,</strong></span> <span class='ocrx_word' id='word_1_320' title='bbox 1034 2413 1190 2480; x_wconf 88' lang='lat' dir='ltr'><strong>cujus</strong></span> <span class='ocrx_word' id='word_1_321' title='bbox 1227 2411 1399 2482; x_wconf 85' lang='lat' dir='ltr'><strong>gratia</strong></span> <span class='ocrx_word' id='word_1_322' title='bbox 1442 2425 1644 2466; x_wconf 91' lang='lat' dir='ltr'><strong>munus</strong></span> <span class='ocrx_word' id='word_1_323' title='bbox 1694 2409 1831 2464; x_wconf 79' lang='lat' dir='ltr'><strong>illud</strong></span> <span class='ocrx_word' id='word_1_324' title='bbox 1861 2409 2037 2480; x_wconf 90' lang='lat' dir='ltr'><strong>primo</strong></span> <span class='ocrx_word' id='word_1_325' title='bbox 2065 2409 2139 2462; x_wconf 89' lang='lat' dir='ltr'><strong>in-</strong></span> 
     </span>
    </p>
   </div>
   <div class='ocr_carea' id='block_1_46' title="bbox 2161 2409 3749 2487">
    <p class='ocr_par' dir='ltr' id='par_1_46' title="bbox 2247 2413 3749 2487">
     <span class='ocr_line' id='line_1_46' title="bbox 2247 2413 3749 2487; baseline -0.003 -18"><span class='ocrx_word' id='word_1_326' title='bbox 2247 2416 2566 2487; x_wconf 83' lang='grc' dir='ltr'>Νικηφόρου</span> <span class='ocrx_word' id='word_1_327' title='bbox 2618 2415 2754 2484; x_wconf 76' lang='grc' dir='ltr'>φασὶ</span> <span class='ocrx_word' id='word_1_328' title='bbox 2795 2415 2888 2468; x_wconf 80' lang='grc' dir='ltr'>τοῦ</span> <span class='ocrx_word' id='word_1_329' title='bbox 2922 2416 3146 2470; x_wconf 77' lang='grc' dir='ltr'>πάππου</span> <span class='ocrx_word' id='word_1_330' title='bbox 3193 2415 3604 2486; x_wconf 76' lang='grc' dir='ltr'>προϐεϐλῆσθαι,</span> <span class='ocrx_word' id='word_1_331' title='bbox 3635 2413 3686 2466; x_wconf 83' lang='grc' dir='ltr'>δι’</span> <span class='ocrx_word' id='word_1_332' title='bbox 3706 2414 3749 2466; x_wconf 79' lang='grc' dir='ltr'>ὃν</span> 
     </span>
    </p>
   </div>
   <div class='ocr_carea' id='block_1_47' title="bbox 555 2502 2143 2577">
    <p class='ocr_par' dir='ltr' id='par_1_47' title="bbox 555 2502 2143 2575">
     <span class='ocr_line' id='line_1_47' title="bbox 555 2502 2143 2575; baseline -0.004 -14"><span class='ocrx_word' id='word_1_333' title='bbox 555 2507 808 2561; x_wconf 88' lang='lat' dir='ltr'><strong>stitutum</strong></span> <span class='ocrx_word' id='word_1_334' title='bbox 841 2511 1138 2575; x_wconf 87' lang='lat' dir='ltr'><strong>:quartum</strong></span> <span class='ocrx_word' id='word_1_335' title='bbox 1175 2518 1306 2559; x_wconf 87' lang='lat' dir='ltr'><strong>vero</strong></span> <span class='ocrx_word' id='word_1_336' title='bbox 1331 2503 1605 2558; x_wconf 89' lang='lat' dir='ltr'><strong>decimum</strong></span> <span class='ocrx_word' id='word_1_337' title='bbox 1623 2502 1802 2557; x_wconf 68' lang='lat' dir='ltr'><strong>aetatis</strong></span> <span class='ocrx_word' id='word_1_338' title='bbox 1839 2515 2042 2556; x_wconf 87' lang='lat' dir='ltr'><strong>annum</strong></span> <span class='ocrx_word' id='word_1_339' title='bbox 2081 2514 2143 2555; x_wconf 89' lang='lat' dir='ltr'><strong>a-</strong></span> 
     </span>
    </p>
   </div>
   <div class='ocr_carea' id='block_1_48' title="bbox 2156 2502 3744 2577">
    <p class='ocr_par' dir='ltr' id='par_1_48' title="bbox 2249 2505 3744 2577">
     <span class='ocr_line' id='line_1_48' title="bbox 2249 2505 3744 2577; baseline -0.004 -15"><span class='ocrx_word' id='word_1_340' title='bbox 2249 2509 2426 2562; x_wconf 77' lang='grc' dir='ltr'>ἐκεῖνο</span> <span class='ocrx_word' id='word_1_341' title='bbox 2477 2507 2537 2559; x_wconf 80' lang='grc' dir='ltr'><strong>τὸ</strong></span> <span class='ocrx_word' id='word_1_342' title='bbox 2588 2507 2824 2577; x_wconf 80' lang='grc' dir='ltr'>πρᾶγμα</span> <span class='ocrx_word' id='word_1_343' title='bbox 2869 2505 3086 2577; x_wconf 85' lang='grc' dir='ltr'>πρῶτον</span> <span class='ocrx_word' id='word_1_344' title='bbox 3114 2507 3502 2575; x_wconf 80' lang='grc' dir='ltr'>καταστῆναι·</span> <span class='ocrx_word' id='word_1_345' title='bbox 3529 2519 3744 2573; x_wconf 82' lang='grc' dir='ltr'>τεσσαρεσ-</span> 
     </span>
    </p>
   </div>
   <div class='ocr_carea' id='block_1_49' title="bbox 561 2587 2149 2670">
    <p class='ocr_par' dir='ltr' id='par_1_49' title="bbox 561 2587 2146 2668">
     <span class='ocr_line' id='line_1_49' title="bbox 561 2587 2146 2668; baseline -0.004 -18"><span class='ocrx_word' id='word_1_346' title='bbox 561 2612 696 2668; x_wconf 84' lang='lat' dir='ltr'><strong>gens</strong></span> <span class='ocrx_word' id='word_1_347' title='bbox 722 2636 737 2660; x_wconf 86' lang='lat'><strong><em>.</em></strong></span> <span class='ocrx_word' id='word_1_348' title='bbox 768 2595 1013 2652; x_wconf 87' lang='lat' dir='ltr'><strong>terrestri</strong></span> <span class='ocrx_word' id='word_1_349' title='bbox 1062 2595 1228 2650; x_wconf 89' lang='lat' dir='ltr'><strong>simul</strong></span> <span class='ocrx_word' id='word_1_350' title='bbox 1283 2609 1409 2650; x_wconf 92' lang='lat' dir='ltr'><strong>cum</strong></span> <span class='ocrx_word' id='word_1_351' title='bbox 1455 2593 1615 2648; x_wconf 92' lang='lat' dir='ltr'><strong>bonis</strong></span> <span class='ocrx_word' id='word_1_352' title='bbox 1648 2591 1968 2663; x_wconf 86' lang='lat' dir='ltr'><strong>parentibus</strong></span> <span class='ocrx_word' id='word_1_353' title='bbox 1995 2587 2146 2660; x_wconf 87' lang='lat' dir='ltr'><strong>regia</strong></span> 
     </span>
    </p>
   </div>
   <div class='ocr_carea' id='block_1_50' title="bbox 2155 2587 3743 2670">
    <p class='ocr_par' dir='ltr' id='par_1_50' title="bbox 2250 2595 3743 2670">
     <span class='ocr_line' id='line_1_50' title="bbox 2250 2595 3743 2670; baseline -0.006 -16"><span class='ocrx_word' id='word_1_354' title='bbox 2250 2598 2612 2670; x_wconf 85' lang='grc' dir='ltr'>καιδεκαέτης</span> <span class='ocrx_word' id='word_1_355' title='bbox 2664 2599 2719 2652; x_wconf 85' lang='grc' dir='ltr'>δὲ</span> <span class='ocrx_word' id='word_1_356' title='bbox 2771 2597 3032 2668; x_wconf 85' lang='grc' dir='ltr'>γεγονὼς,</span> <span class='ocrx_word' id='word_1_357' title='bbox 3079 2597 3174 2650; x_wconf 72' lang='grc' dir='ltr'><strong>καὶ</strong></span> <span class='ocrx_word' id='word_1_358' title='bbox 3213 2600 3287 2650; x_wconf 78' lang='grc' dir='ltr'><strong>τά</strong></span> <span class='ocrx_word' id='word_1_359' title='bbox 3319 2597 3413 2650; x_wconf 74' lang='grc' dir='ltr'><strong>ἐπὶ</strong></span> <span class='ocrx_word' id='word_1_360' title='bbox 3438 2597 3536 2667; x_wconf 80' lang='grc' dir='ltr'>γῆς</span> <span class='ocrx_word' id='word_1_361' title='bbox 3555 2596 3639 2664; x_wconf 70' lang='grc' dir='ltr'>ἅμα</span> <span class='ocrx_word' id='word_1_362' title='bbox 3662 2595 3743 2654; x_wconf 83' lang='grc' dir='ltr'>τοῖς</span> 
     </span>
    </p>
   </div>
   <div class='ocr_carea' id='block_1_51' title="bbox 495 2683 2083 2765">
    <p class='ocr_par' dir='ltr' id='par_1_51' title="bbox 495 2683 2083 2765">
     <span class='ocr_line' id='line_1_51' title="bbox 495 2683 2083 2765; baseline -0.004 -23"><span class='ocrx_word' id='word_1_363' title='bbox 495 2756 502 2765; x_wconf 38' lang='grc'>.</span> <span class='ocrx_word' id='word_1_364' title='bbox 558 2689 768 2756; x_wconf 85' lang='lat' dir='ltr'><strong>relicta,</strong></span> <span class='ocrx_word' id='word_1_365' title='bbox 801 2697 856 2742; x_wconf 91' lang='lat' dir='ltr'><strong>et</strong></span> <span class='ocrx_word' id='word_1_366' title='bbox 905 2689 1022 2757; x_wconf 88' lang='lat' dir='ltr'><strong>ipse</strong></span> <span class='ocrx_word' id='word_1_367' title='bbox 1059 2687 1387 2742; x_wconf 85' lang='lat' dir='ltr'><strong>monachum</strong></span> <span class='ocrx_word' id='word_1_368' title='bbox 1447 2683 2013 2754; x_wconf 85' lang='lat' dir='ltr'><strong>induit,etlgnatius</strong></span> <span class='ocrx_word' id='word_1_369' title='bbox 2061 2697 2083 2736; x_wconf 77' lang='grc' dir='ltr'><strong>ε</strong></span> 
     </span>
    </p>
   </div>
   <div class='ocr_carea' id='block_1_52' title="bbox 2164 2683 3752 2765">
    <p class='ocr_par' dir='ltr' id='par_1_52' title="bbox 2251 2686 3752 2762">
     <span class='ocr_line' id='line_1_52' title="bbox 2251 2686 3752 2762; baseline -0.006 -16"><span class='ocrx_word' id='word_1_370' title='bbox 2251 2692 2478 2760; x_wconf 77' lang='grc' dir='ltr'>ἀγαθοῖς</span> <span class='ocrx_word' id='word_1_371' title='bbox 2511 2694 2730 2744; x_wconf 80' lang='grc' dir='ltr'>τοκεῦσι</span> <span class='ocrx_word' id='word_1_372' title='bbox 2754 2689 2999 2762; x_wconf 81' lang='grc' dir='ltr'>βασίλεια</span> <span class='ocrx_word' id='word_1_373' title='bbox 3039 2689 3494 2760; x_wconf 83' lang='grc' dir='ltr'>καταλιμπάνων,</span> <span class='ocrx_word' id='word_1_374' title='bbox 3536 2686 3752 2756; x_wconf 73' lang='grc' dir='ltr'>ἀποκείρε-</span> 
     </span>
    </p>
   </div>
   <div class='ocr_carea' id='block_1_53' title="bbox 561 2778 3656 2853">
    <p class='ocr_par' dir='ltr' id='par_1_53' title="bbox 561 2778 3656 2853">
     <span class='ocr_line' id='line_1_53' title="bbox 561 2778 3656 2853; baseline -0.002 -17"><span class='ocrx_word' id='word_1_375' title='bbox 561 2778 1006 2848; x_wconf 68' lang='lat' dir='ltr'><strong>cognominatus.</strong></span> <span class='ocrx_word' id='word_1_376' title='bbox 2251 2800 2342 2836; x_wconf 87' lang='grc' dir='ltr'><strong>ται</strong></span> <span class='ocrx_word' id='word_1_377' title='bbox 2382 2783 2480 2853; x_wconf 82' lang='grc' dir='ltr'>μὲν</span> <span class='ocrx_word' id='word_1_378' title='bbox 2507 2781 2602 2834; x_wconf 76' lang='grc' dir='ltr'>καὶ</span> <span class='ocrx_word' id='word_1_379' title='bbox 2624 2782 2810 2848; x_wconf 82' lang='grc' dir='ltr'>αὐτὸς,</span> <span class='ocrx_word' id='word_1_380' title='bbox 2855 2780 3112 2849; x_wconf 85' lang='grc' dir='ltr'>Ἰγνάτιος</span> <span class='ocrx_word' id='word_1_381' title='bbox 3145 2781 3200 2832; x_wconf 90' lang='grc' dir='ltr'><strong>δέ</strong></span> <span class='ocrx_word' id='word_1_382' title='bbox 3233 2779 3656 2850; x_wconf 78' lang='grc' dir='ltr'>μετονομάζεται.</span> 
     </span>
    </p>
   </div>
   <div class='ocr_carea' id='block_1_54' title="bbox 631 2862 2219 2942">
    <p class='ocr_par' dir='ltr' id='par_1_54' title="bbox 631 2862 2144 2939">
     <span class='ocr_line' id='line_1_54' title="bbox 631 2862 2144 2939; baseline -0.005 -17"><span class='ocrx_word' id='word_1_383' title='bbox 631 2870 744 2925; x_wconf 84' lang='lat' dir='ltr'><strong>Leo</strong></span> <span class='ocrx_word' id='word_1_384' title='bbox 768 2870 954 2939; x_wconf 80' lang='lat' dir='ltr'><strong>igitur,</strong></span> <span class='ocrx_word' id='word_1_385' title='bbox 993 2868 1083 2922; x_wconf 90' lang='lat' dir='ltr'><strong>illa</strong></span> <span class='ocrx_word' id='word_1_386' title='bbox 1113 2866 1339 2922; x_wconf 79' lang='lat' dir='ltr'><strong>infausti</strong></span> <span class='ocrx_word' id='word_1_387' title='bbox 1363 2864 1603 2920; x_wconf 89' lang='lat' dir='ltr'><strong>nominis</strong></span> <span class='ocrx_word' id='word_1_388' title='bbox 1634 2862 1770 2929; x_wconf 79' lang='lat' dir='ltr'><strong>fera,</strong></span> <span class='ocrx_word' id='word_1_389' title='bbox 1801 2878 1950 2929; x_wconf 90' lang='lat' dir='ltr'><strong>cum,</strong></span> <span class='ocrx_word' id='word_1_390' title='bbox 1979 2877 2144 2933; x_wconf 88' lang='lat' dir='ltr'><strong>quam</strong></span> 
     </span>
    </p>
   </div>
   <div class='ocr_carea' id='block_1_55' title="bbox 2175 2862 3763 2942">
    <p class='ocr_par' dir='ltr' id='par_1_55' title="bbox 2338 2863 3763 2942">
     <span class='ocr_line' id='line_1_55' title="bbox 2338 2863 3763 2942; baseline -0.008 -14"><span class='ocrx_word' id='word_1_391' title='bbox 2338 2874 2398 2928; x_wconf 90' lang='lat'><strong>&#39;0</strong></span> <span class='ocrx_word' id='word_1_392' title='bbox 2427 2873 2605 2927; x_wconf 86' lang='grc' dir='ltr'>τοίνυν</span> <span class='ocrx_word' id='word_1_393' title='bbox 2637 2873 2790 2926; x_wconf 88' lang='grc' dir='ltr'>Λέων</span> <span class='ocrx_word' id='word_1_394' title='bbox 2818 2874 3048 2936; x_wconf 72' lang='grc' dir='ltr'>ἐκεῖνος,</span> <span class='ocrx_word' id='word_1_395' title='bbox 3068 2869 3435 2942; x_wconf 82' lang='grc' dir='ltr'>ὁδυσώνυμος</span> <span class='ocrx_word' id='word_1_396' title='bbox 3464 2869 3576 2939; x_wconf 80' lang='grc' dir='ltr'>θὴρ,</span> <span class='ocrx_word' id='word_1_397' title='bbox 3597 2868 3650 2937; x_wconf 81' lang='grc' dir='ltr'><strong>ήν</strong></span> <span class='ocrx_word' id='word_1_398' title='bbox 3671 2863 3763 2918; x_wconf 83' lang='grc' dir='ltr'>ὠδί-</span> 
     </span>
    </p>
   </div>
   <div class='ocr_carea' id='block_1_56' title="bbox 567 2959 2155 3033">
    <p class='ocr_par' dir='ltr' id='par_1_56' title="bbox 567 2959 2150 3031">
     <span class='ocr_line' id='line_1_56' title="bbox 567 2959 2150 3031; baseline -0.004 -14"><span class='ocrx_word' id='word_1_399' title='bbox 567 2972 926 3031; x_wconf 84' lang='lat' dir='ltr'><strong>conceperat,</strong></span> <span class='ocrx_word' id='word_1_400' title='bbox 976 2962 1275 3030; x_wconf 87' lang='lat' dir='ltr'><strong>peperisset</strong></span> <span class='ocrx_word' id='word_1_401' title='bbox 1330 2959 1710 3029; x_wconf 80' lang='lat' dir='ltr'><strong>iniquitatem,</strong></span> <span class='ocrx_word' id='word_1_402' title='bbox 1743 2966 2010 3027; x_wconf 89' lang='lat' dir='ltr'><strong>occupato</strong></span> <span class='ocrx_word' id='word_1_403' title='bbox 2051 2972 2150 3027; x_wconf 88' lang='lat' dir='ltr'><strong>per</strong></span> 
     </span>
    </p>
   </div>
   <div class='ocr_carea' id='block_1_57' title="bbox 2179 2959 3767 3033">
    <p class='ocr_par' dir='ltr' id='par_1_57' title="bbox 2253 2960 3767 3033">
     <span class='ocr_line' id='line_1_57' title="bbox 2253 2960 3767 3033; baseline -0.005 -19"><span class='ocrx_word' id='word_1_404' title='bbox 2253 2979 2418 3033; x_wconf 86' lang='grc' dir='ltr'>νησεν</span> <span class='ocrx_word' id='word_1_405' title='bbox 2455 2963 2671 3016; x_wconf 83' lang='grc' dir='ltr'>ἀδικίαν</span> <span class='ocrx_word' id='word_1_406' title='bbox 2703 2961 3026 3024; x_wconf 81' lang='grc' dir='ltr'>ἐκτετοκὼς,</span> <span class='ocrx_word' id='word_1_407' title='bbox 3063 2960 3158 3014; x_wconf 83' lang='grc' dir='ltr'>καὶ</span> <span class='ocrx_word' id='word_1_408' title='bbox 3185 2961 3289 3031; x_wconf 85' lang='grc' dir='ltr'>τῆς</span> <span class='ocrx_word' id='word_1_409' title='bbox 3324 2961 3587 3031; x_wconf 86' lang='grc' dir='ltr'>βασιλείας</span> <span class='ocrx_word' id='word_1_410' title='bbox 3617 2973 3767 3028; x_wconf 84' lang='grc' dir='ltr'>τυραν-</span> 
     </span>
    </p>
   </div>
   <div class='ocr_carea' id='block_1_58' title="bbox 557 3048 2145 3128">
    <p class='ocr_par' dir='ltr' id='par_1_58' title="bbox 557 3049 2145 3125">
     <span class='ocr_line' id='line_1_58' title="bbox 557 3049 2145 3125; baseline -0.004 -15"><span class='ocrx_word' id='word_1_411' title='bbox 557 3056 667 3110; x_wconf 79' lang='lat' dir='ltr'><strong>vim</strong></span> <span class='ocrx_word' id='word_1_412' title='bbox 703 3071 768 3109; x_wconf 92' lang='lat' dir='ltr'><strong>ac</strong></span> <span class='ocrx_word' id='word_1_413' title='bbox 801 3053 1185 3125; x_wconf 88' lang='lat' dir='ltr'><strong>tyrrannidem</strong></span> <span class='ocrx_word' id='word_1_414' title='bbox 1231 3052 1482 3120; x_wconf 86' lang='lat' dir='ltr'><strong>imperio,</strong></span> <span class='ocrx_word' id='word_1_415' title='bbox 1532 3049 1739 3104; x_wconf 91' lang='lat' dir='ltr'><strong>nullam</strong></span> <span class='ocrx_word' id='word_1_416' title='bbox 1777 3049 1962 3104; x_wconf 90' lang='lat' dir='ltr'><strong>omnia</strong></span> <span class='ocrx_word' id='word_1_417' title='bbox 2021 3063 2145 3119; x_wconf 86' lang='lat' dir='ltr'><strong>spe-</strong></span> 
     </span>
    </p>
   </div>
   <div class='ocr_carea' id='block_1_59' title="bbox 2181 3048 3769 3128">
    <p class='ocr_par' dir='ltr' id='par_1_59' title="bbox 2181 3048 3769 3128">
     <span class='ocr_line' id='line_1_59' title="bbox 2181 3048 3769 3128; baseline -0.007 -21"><span class='ocrx_word' id='word_1_418' title='bbox 2181 3069 2224 3128; x_wconf 80' lang='lat' dir='ltr'>c</span> <span class='ocrx_word' id='word_1_419' title='bbox 2254 3057 2378 3125; x_wconf 81' lang='grc' dir='ltr'>νικῇ</span> <span class='ocrx_word' id='word_1_420' title='bbox 2411 3052 2909 3124; x_wconf 88' lang='grc' dir='ltr'>περιδεδραγμένος</span> <span class='ocrx_word' id='word_1_421' title='bbox 2935 3051 3099 3122; x_wconf 77' lang='grc' dir='ltr'>χειρὶ,</span> <span class='ocrx_word' id='word_1_422' title='bbox 3117 3050 3179 3103; x_wconf 82' lang='grc' dir='ltr'><strong>οὐ</strong></span> <span class='ocrx_word' id='word_1_423' title='bbox 3206 3051 3351 3122; x_wconf 86' lang='grc' dir='ltr'>πρὸς</span> <span class='ocrx_word' id='word_1_424' title='bbox 3379 3051 3470 3105; x_wconf 81' lang='grc' dir='ltr'>τὸν</span> <span class='ocrx_word' id='word_1_425' title='bbox 3492 3048 3769 3116; x_wconf 77' lang='grc' dir='ltr'>παντέφορον</span> 
     </span>
    </p>
   </div>
   <div class='ocr_carea' id='block_1_60' title="bbox 557 3140 2145 3213">
    <p class='ocr_par' dir='ltr' id='par_1_60' title="bbox 557 3141 2145 3212">
     <span class='ocr_line' id='line_1_60' title="bbox 557 3141 2145 3212; baseline -0.005 -8"><span class='ocrx_word' id='word_1_426' title='bbox 557 3147 758 3204; x_wconf 86' lang='lat' dir='ltr'><strong>ctantis</strong></span> <span class='ocrx_word' id='word_1_427' title='bbox 782 3147 927 3201; x_wconf 90' lang='lat' dir='ltr'><strong>oculi</strong></span> <span class='ocrx_word' id='word_1_428' title='bbox 956 3145 1223 3201; x_wconf 89' lang='lat' dir='ltr'><strong>rationem</strong></span> <span class='ocrx_word' id='word_1_429' title='bbox 1253 3143 1468 3210; x_wconf 83' lang='lat' dir='ltr'><strong>habuit,</strong></span> <span class='ocrx_word' id='word_1_430' title='bbox 1492 3157 1668 3212; x_wconf 85' lang='lat' dir='ltr'><strong>neque</strong></span> <span class='ocrx_word' id='word_1_431' title='bbox 1689 3141 1971 3196; x_wconf 84' lang='lat' dir='ltr'><strong>beatorum</strong></span> <span class='ocrx_word' id='word_1_432' title='bbox 1993 3156 2145 3197; x_wconf 79' lang='lat' dir='ltr'><strong>exsu-</strong></span> 
     </span>
    </p>
   </div>
   <div class='ocr_carea' id='block_1_61' title="bbox 2185 3140 3773 3213">
    <p class='ocr_par' dir='ltr' id='par_1_61' title="bbox 2257 3140 3773 3213">
     <span class='ocr_line' id='line_1_61' title="bbox 2257 3140 3773 3213; baseline -0.008 -13"><span class='ocrx_word' id='word_1_433' title='bbox 2257 3145 2566 3200; x_wconf 87' lang='grc' dir='ltr'>ἀπέϐλεπεν</span> <span class='ocrx_word' id='word_1_434' title='bbox 2609 3142 2912 3213; x_wconf 78' lang='grc' dir='ltr'>ὀφθαλμὸν,</span> <span class='ocrx_word' id='word_1_435' title='bbox 2949 3143 3010 3195; x_wconf 87' lang='grc' dir='ltr'><strong>οὐ</strong></span> <span class='ocrx_word' id='word_1_436' title='bbox 3041 3141 3141 3210; x_wconf 86' lang='grc' dir='ltr'><strong>τὴν</strong></span> <span class='ocrx_word' id='word_1_437' title='bbox 3179 3143 3488 3196; x_wconf 85' lang='grc' dir='ltr'>ἐπιείκειαν</span> <span class='ocrx_word' id='word_1_438' title='bbox 3519 3140 3616 3195; x_wconf 85' lang='grc' dir='ltr'>τῶν</span> <span class='ocrx_word' id='word_1_439' title='bbox 3639 3154 3773 3209; x_wconf 83' lang='grc' dir='ltr'>μακα·</span> 
     </span>
    </p>
   </div>
   <div class='ocr_carea' id='block_1_62' title="bbox 565 3228 2153 3309">
    <p class='ocr_par' dir='ltr' id='par_1_62' title="bbox 565 3233 2153 3302">
     <span class='ocr_line' id='line_1_62' title="bbox 565 3233 2153 3302; baseline -0.006 -7"><span class='ocrx_word' id='word_1_440' title='bbox 565 3241 682 3295; x_wconf 88' lang='lat' dir='ltr'><strong>lum</strong></span> <span class='ocrx_word' id='word_1_441' title='bbox 715 3239 986 3292; x_wconf 83' lang='lat' dir='ltr'><strong>reveritus</strong></span> <span class='ocrx_word' id='word_1_442' title='bbox 1014 3244 1100 3292; x_wconf 90' lang='lat' dir='ltr'><strong>est</strong></span> <span class='ocrx_word' id='word_1_443' title='bbox 1136 3234 1461 3291; x_wconf 88' lang='lat' dir='ltr'><strong>modestiam</strong></span> <span class='ocrx_word' id='word_1_444' title='bbox 1491 3243 1547 3288; x_wconf 91' lang='lat' dir='ltr'><strong>et</strong></span> <span class='ocrx_word' id='word_1_445' title='bbox 1572 3234 1923 3302; x_wconf 69' lang='lat' dir='ltr'><strong>aequitatem;</strong></span> <span class='ocrx_word' id='word_1_446' title='bbox 1959 3233 2153 3287; x_wconf 89' lang='lat' dir='ltr'><strong>imme-</strong></span> 
     </span>
    </p>
   </div>
   <div class='ocr_carea' id='block_1_63' title="bbox 2187 3228 3775 3309">
    <p class='ocr_par' dir='ltr' id='par_1_63' title="bbox 2259 3228 3775 3309">
     <span class='ocr_line' id='line_1_63' title="bbox 2259 3228 3775 3309; baseline -0.006 -21"><span class='ocrx_word' id='word_1_447' title='bbox 2259 3237 2390 3309; x_wconf 81' lang='grc' dir='ltr'>ρίων</span> <span class='ocrx_word' id='word_1_448' title='bbox 2423 3236 2707 3307; x_wconf 87' lang='grc' dir='ltr'>ηὐλαϐήθη</span> <span class='ocrx_word' id='word_1_449' title='bbox 2730 3233 3009 3303; x_wconf 80' lang='grc' dir='ltr'>φυγάδων,</span> <span class='ocrx_word' id='word_1_450' title='bbox 3047 3233 3170 3287; x_wconf 81' lang='grc' dir='ltr'>οὐδὲ</span> <span class='ocrx_word' id='word_1_451' title='bbox 3194 3233 3257 3287; x_wconf 74' lang='grc' dir='ltr'><strong>τὸ</strong></span> <span class='ocrx_word' id='word_1_452' title='bbox 3287 3234 3521 3305; x_wconf 84' lang='grc' dir='ltr'>μέγεθος</span> <span class='ocrx_word' id='word_1_453' title='bbox 3541 3230 3630 3301; x_wconf 82' lang='grc' dir='ltr'>τῆς</span> <span class='ocrx_word' id='word_1_454' title='bbox 3658 3228 3775 3297; x_wconf 84' lang='grc' dir='ltr'>εὐερ-</span> 
     </span>
    </p>
   </div>
   <div class='ocr_carea' id='block_1_64' title="bbox 569 3318 2157 3400">
    <p class='ocr_par' dir='ltr' id='par_1_64' title="bbox 569 3319 2156 3400">
     <span class='ocr_line' id='line_1_64' title="bbox 569 3319 2156 3400; baseline -0.005 -14"><span class='ocrx_word' id='word_1_455' title='bbox 569 3346 803 3400; x_wconf 77' lang='lat' dir='ltr'><strong>niorque</strong></span> <span class='ocrx_word' id='word_1_456' title='bbox 853 3337 975 3383; x_wconf 87' lang='lat' dir='ltr'><strong>erat</strong></span> <span class='ocrx_word' id='word_1_457' title='bbox 1012 3327 1267 3385; x_wconf 80' lang='lat' dir='ltr'><strong>omnium</strong></span> <span class='ocrx_word' id='word_1_458' title='bbox 1299 3326 1688 3382; x_wconf 84' lang='lat' dir='ltr'><strong>beneﬁciorum</strong></span> <span class='ocrx_word' id='word_1_459' title='bbox 1711 3366 1727 3393; x_wconf 92' lang='lat'><strong>,</strong></span> <span class='ocrx_word' id='word_1_460' title='bbox 1755 3325 1959 3394; x_wconf 89' lang='lat' dir='ltr'><strong>quibus</strong></span> <span class='ocrx_word' id='word_1_461' title='bbox 2010 3319 2156 3379; x_wconf 84' lang='lat' dir='ltr'><strong>beati</strong></span> 
     </span>
    </p>
   </div>
   <div class='ocr_carea' id='block_1_65' title="bbox 2191 3318 3779 3400">
    <p class='ocr_par' dir='ltr' id='par_1_65' title="bbox 2255 3318 3779 3400">
     <span class='ocr_line' id='line_1_65' title="bbox 2255 3318 3779 3400; baseline -0.008 -18"><span class='ocrx_word' id='word_1_462' title='bbox 2255 3329 2468 3398; x_wconf 84' lang='grc' dir='ltr'>γεσίας,</span> <span class='ocrx_word' id='word_1_463' title='bbox 2517 3324 2588 3400; x_wconf 83' lang='grc' dir='ltr'>ἦς</span> <span class='ocrx_word' id='word_1_464' title='bbox 2617 3327 2780 3382; x_wconf 84' lang='grc' dir='ltr'>αὐτὸν</span> <span class='ocrx_word' id='word_1_465' title='bbox 2832 3328 2880 3379; x_wconf 83' lang='grc' dir='ltr'><strong>οί</strong></span> <span class='ocrx_word' id='word_1_466' title='bbox 2912 3326 3172 3398; x_wconf 87' lang='grc' dir='ltr'>μακάριοι</span> <span class='ocrx_word' id='word_1_467' title='bbox 3209 3326 3347 3398; x_wconf 82' lang='grc' dir='ltr'>παρ’</span> <span class='ocrx_word' id='word_1_468' title='bbox 3380 3324 3535 3390; x_wconf 80' lang='grc' dir='ltr'>ἀξίαν</span> <span class='ocrx_word' id='word_1_469' title='bbox 3564 3318 3779 3392; x_wconf 78' lang='grc' dir='ltr'>κατηξίω-</span> 
     </span>
    </p>
   </div>
   <div class='ocr_carea' id='block_1_66' title="bbox 563 3408 2151 3489">
    <p class='ocr_par' dir='ltr' id='par_1_66' title="bbox 563 3416 2151 3489">
     <span class='ocr_line' id='line_1_66' title="bbox 563 3416 2151 3489; baseline -0.004 -13"><span class='ocrx_word' id='word_1_470' title='bbox 563 3423 644 3476; x_wconf 88' lang='lat' dir='ltr'><strong>illi</strong></span> <span class='ocrx_word' id='word_1_471' title='bbox 685 3420 972 3489; x_wconf 89' lang='lat' dir='ltr'><strong>indignum</strong></span> <span class='ocrx_word' id='word_1_472' title='bbox 1016 3427 1355 3476; x_wconf 84' lang='lat' dir='ltr'><strong>exornaraut</strong></span> <span class='ocrx_word' id='word_1_473' title='bbox 1382 3434 1396 3472; x_wconf 90' lang='lat'><strong>:</strong></span> <span class='ocrx_word' id='word_1_474' title='bbox 1425 3431 1456 3470; x_wconf 88' lang='lat' dir='ltr'><strong>a</strong></span> <span class='ocrx_word' id='word_1_475' title='bbox 1482 3431 1594 3486; x_wconf 91' lang='lat' dir='ltr'><strong>quo</strong></span> <span class='ocrx_word' id='word_1_476' title='bbox 1638 3416 1902 3486; x_wconf 62' lang='lat' dir='ltr'><strong>improbae</strong></span> <span class='ocrx_word' id='word_1_477' title='bbox 1951 3417 2151 3470; x_wconf 87' lang='lat' dir='ltr'><strong>mentis</strong></span> 
     </span>
    </p>
   </div>
   <div class='ocr_carea' id='block_1_67' title="bbox 2192 3408 3780 3489">
    <p class='ocr_par' dir='ltr' id='par_1_67' title="bbox 2257 3408 3780 3486">
     <span class='ocr_line' id='line_1_67' title="bbox 2257 3408 3780 3486; baseline -0.009 -14"><span class='ocrx_word' id='word_1_478' title='bbox 2257 3435 2379 3484; x_wconf 86' lang='grc' dir='ltr'>σαν,</span> <span class='ocrx_word' id='word_1_479' title='bbox 2447 3417 2542 3469; x_wconf 82' lang='grc' dir='ltr'>ἐπὶ</span> <span class='ocrx_word' id='word_1_480' title='bbox 2597 3415 2856 3470; x_wconf 83' lang='grc' dir='ltr'>τοσοῦτον</span> <span class='ocrx_word' id='word_1_481' title='bbox 2885 3414 2966 3485; x_wconf 82' lang='grc' dir='ltr'>τῷ</span> <span class='ocrx_word' id='word_1_482' title='bbox 2997 3415 3200 3485; x_wconf 88' lang='grc' dir='ltr'>δολερῷ</span> <span class='ocrx_word' id='word_1_483' title='bbox 3240 3417 3346 3486; x_wconf 83' lang='grc' dir='ltr'>τῆς</span> <span class='ocrx_word' id='word_1_484' title='bbox 3367 3413 3692 3484; x_wconf 84' lang='grc' dir='ltr'>κακοτρόπου</span> <span class='ocrx_word' id='word_1_485' title='bbox 3715 3408 3780 3461; x_wconf 83' lang='grc' dir='ltr'>δε·</span> 
     </span>
    </p>
   </div>
   <div class='ocr_carea' id='block_1_68' title="bbox 564 3498 2152 3578">
    <p class='ocr_par' dir='ltr' id='par_1_68' title="bbox 564 3503 2152 3572">
     <span class='ocr_line' id='line_1_68' title="bbox 564 3503 2152 3572; baseline -0.006 -7"><span class='ocrx_word' id='word_1_486' title='bbox 564 3510 779 3566; x_wconf 85' lang='lat' dir='ltr'><strong>artibus</strong></span> <span class='ocrx_word' id='word_1_487' title='bbox 828 3508 992 3563; x_wconf 86' lang='lat' dir='ltr'><strong>illecti</strong></span> <span class='ocrx_word' id='word_1_488' title='bbox 1031 3515 1190 3562; x_wconf 89' lang='lat' dir='ltr'><strong>erant</strong></span> <span class='ocrx_word' id='word_1_489' title='bbox 1223 3505 1394 3570; x_wconf 88' lang='lat' dir='ltr'><strong>adeo,</strong></span> <span class='ocrx_word' id='word_1_490' title='bbox 1442 3513 1504 3558; x_wconf 90' lang='lat' dir='ltr'><strong>ut</strong></span> <span class='ocrx_word' id='word_1_491' title='bbox 1544 3503 1844 3572; x_wconf 85' lang='lat' dir='ltr'><strong>imperator</strong></span> <span class='ocrx_word' id='word_1_492' title='bbox 1881 3503 2152 3572; x_wconf 87' lang='lat' dir='ltr'><strong>regiorum</strong></span> 
     </span>
    </p>
   </div>
   <div class='ocr_carea' id='block_1_69' title="bbox 2195 3498 3783 3578">
    <p class='ocr_par' dir='ltr' id='par_1_69' title="bbox 2256 3498 3783 3578">
     <span class='ocr_line' id='line_1_69' title="bbox 2256 3498 3783 3578; baseline -0.006 -16"><span class='ocrx_word' id='word_1_493' title='bbox 2256 3508 2580 3571; x_wconf 88' lang='grc' dir='ltr'>λεασθέντες</span> <span class='ocrx_word' id='word_1_494' title='bbox 2633 3507 2882 3578; x_wconf 85' lang='grc' dir='ltr'>γνώμης,</span> <span class='ocrx_word' id='word_1_495' title='bbox 2915 3506 3058 3559; x_wconf 83' lang='grc' dir='ltr'>ὥστε</span> <span class='ocrx_word' id='word_1_496' title='bbox 3089 3507 3186 3560; x_wconf 81' lang='grc' dir='ltr'>καὶ</span> <span class='ocrx_word' id='word_1_497' title='bbox 3234 3507 3499 3578; x_wconf 85' lang='grc' dir='ltr'>ἀνάδοχον</span> <span class='ocrx_word' id='word_1_498' title='bbox 3526 3504 3674 3560; x_wconf 81' lang='grc' dir='ltr'>αὐτὸν</span> <span class='ocrx_word' id='word_1_499' title='bbox 3705 3498 3783 3554; x_wconf 66' lang='lat' dir='ltr'><strong>dab</strong></span> 
     </span>
    </p>
   </div>
   <div class='ocr_carea' id='block_1_70' title="bbox 576 3592 2164 3670">
    <p class='ocr_par' dir='ltr' id='par_1_70' title="bbox 576 3594 2158 3664">
     <span class='ocr_line' id='line_1_70' title="bbox 576 3594 2158 3664; baseline -0.006 -9"><span class='ocrx_word' id='word_1_500' title='bbox 576 3603 732 3656; x_wconf 88' lang='lat' dir='ltr'><strong>illum</strong></span> <span class='ocrx_word' id='word_1_501' title='bbox 757 3601 1057 3655; x_wconf 84' lang='lat' dir='ltr'><strong>liberorum</strong></span> <span class='ocrx_word' id='word_1_502' title='bbox 1089 3599 1143 3651; x_wconf 92' lang='lat' dir='ltr'><strong>in</strong></span> <span class='ocrx_word' id='word_1_503' title='bbox 1174 3611 1333 3652; x_wconf 87' lang='lat' dir='ltr'><strong>sacra</strong></span> <span class='ocrx_word' id='word_1_504' title='bbox 1355 3595 1698 3664; x_wconf 83' lang='lat' dir='ltr'><strong>baptismatis</strong></span> <span class='ocrx_word' id='word_1_505' title='bbox 1715 3594 1980 3648; x_wconf 78' lang='lat' dir='ltr'><strong>tinctione</strong></span> <span class='ocrx_word' id='word_1_506' title='bbox 2001 3606 2158 3662; x_wconf 89' lang='lat' dir='ltr'><strong>spon-</strong></span> 
     </span>
    </p>
   </div>
   <div class='ocr_carea' id='block_1_71' title="bbox 2195 3592 3783 3670">
    <p class='ocr_par' dir='ltr' id='par_1_71' title="bbox 2254 3592 3783 3670">
     <span class='ocr_line' id='line_1_71' title="bbox 2254 3592 3783 3670; baseline -0.007 -17"><span class='ocrx_word' id='word_1_507' title='bbox 2254 3601 2356 3669; x_wconf 79' lang='grc' dir='ltr'>τῆς</span> <span class='ocrx_word' id='word_1_508' title='bbox 2411 3598 2792 3668; x_wconf 80' lang='grc' dir='ltr'>πνευματικῆς</span> <span class='ocrx_word' id='word_1_509' title='bbox 2838 3597 3222 3670; x_wconf 86' lang='grc' dir='ltr'>κολυμϐήθρας</span> <span class='ocrx_word' id='word_1_510' title='bbox 3271 3598 3385 3651; x_wconf 84' lang='grc' dir='ltr'><strong>τῶν</strong></span> <span class='ocrx_word' id='word_1_511' title='bbox 3424 3597 3524 3668; x_wconf 83' lang='grc' dir='ltr'>τῆς</span> <span class='ocrx_word' id='word_1_512' title='bbox 3561 3592 3783 3666; x_wconf 79' lang='grc' dir='ltr'>βασιλείας</span> 
     </span>
    </p>
   </div>
   <div class='ocr_carea' id='block_1_72' title="bbox 566 3683 2154 3762">
    <p class='ocr_par' dir='ltr' id='par_1_72' title="bbox 566 3684 2154 3761">
     <span class='ocr_line' id='line_1_72' title="bbox 566 3684 2154 3761; baseline -0.008 -11"><span class='ocrx_word' id='word_1_513' title='bbox 566 3711 745 3751; x_wconf 88' lang='lat' dir='ltr'><strong>sorem</strong></span> <span class='ocrx_word' id='word_1_514' title='bbox 780 3703 835 3748; x_wconf 86' lang='lat' dir='ltr'><strong>et</strong></span> <span class='ocrx_word' id='word_1_515' title='bbox 866 3693 1140 3761; x_wconf 91' lang='lat' dir='ltr'><strong>patrinum</strong></span> <span class='ocrx_word' id='word_1_516' title='bbox 1171 3687 1505 3757; x_wconf 75' lang='lat' dir='ltr'><strong>designaret.</strong></span> <span class='ocrx_word' id='word_1_517' title='bbox 1536 3685 1641 3740; x_wconf 88' lang='lat' dir='ltr'><strong>Sed</strong></span> <span class='ocrx_word' id='word_1_518' title='bbox 1671 3685 1811 3740; x_wconf 88' lang='lat' dir='ltr'><strong>nihil</strong></span> <span class='ocrx_word' id='word_1_519' title='bbox 1829 3685 2023 3739; x_wconf 89' lang='lat' dir='ltr'><strong>horum</strong></span> <span class='ocrx_word' id='word_1_520' title='bbox 2054 3684 2154 3738; x_wconf 88' lang='lat' dir='ltr'><strong>im-</strong></span> 
     </span>
    </p>
   </div>
   <div class='ocr_carea' id='block_1_73' title="bbox 2199 3683 3787 3762">
    <p class='ocr_par' dir='ltr' id='par_1_73' title="bbox 2256 3683 3787 3762">
     <span class='ocr_line' id='line_1_73' title="bbox 2256 3683 3787 3762; baseline -0.005 -18"><span class='ocrx_word' id='word_1_521' title='bbox 2256 3689 2530 3755; x_wconf 80' lang='grc' dir='ltr'>ἀναδεῖξαι</span> <span class='ocrx_word' id='word_1_522' title='bbox 2596 3689 2825 3743; x_wconf 89' lang='grc' dir='ltr'>τέκνων.</span> <span class='ocrx_word' id='word_1_523' title='bbox 2886 3689 3056 3744; x_wconf 86' lang='grc' dir='ltr'>Οὐδὲν</span> <span class='ocrx_word' id='word_1_524' title='bbox 3105 3689 3314 3745; x_wconf 88' lang='grc' dir='ltr'>τούτων</span> <span class='ocrx_word' id='word_1_525' title='bbox 3363 3689 3465 3762; x_wconf 84' lang='grc' dir='ltr'><strong>τήν</strong></span> <span class='ocrx_word' id='word_1_526' title='bbox 3515 3685 3682 3759; x_wconf 87' lang='grc' dir='ltr'>ἀπηνῆ</span> <span class='ocrx_word' id='word_1_527' title='bbox 3717 3683 3787 3736; x_wconf 71' lang='grc' dir='ltr'>καὶ</span> 
     </span>
    </p>
   </div>
   <div class='ocr_carea' id='block_1_74' title="bbox 567 3772 2155 3852">
    <p class='ocr_par' dir='ltr' id='par_1_74' title="bbox 567 3774 2152 3850">
     <span class='ocr_line' id='line_1_74' title="bbox 567 3774 2152 3850; baseline -0.008 -9"><span class='ocrx_word' id='word_1_528' title='bbox 567 3788 754 3841; x_wconf 87' lang='lat' dir='ltr'><strong>mitem</strong></span> <span class='ocrx_word' id='word_1_529' title='bbox 811 3785 958 3840; x_wconf 91' lang='lat' dir='ltr'><strong>illius</strong></span> <span class='ocrx_word' id='word_1_530' title='bbox 1005 3783 1355 3850; x_wconf 79' lang='lat' dir='ltr'><strong>ferocemque</strong></span> <span class='ocrx_word' id='word_1_531' title='bbox 1401 3778 1646 3833; x_wconf 88' lang='lat' dir='ltr'><strong>animum</strong></span> <span class='ocrx_word' id='word_1_532' title='bbox 1704 3776 1880 3846; x_wconf 89' lang='lat' dir='ltr'><strong>potuit</strong></span> <span class='ocrx_word' id='word_1_533' title='bbox 1916 3774 2152 3830; x_wconf 81' lang='lat' dir='ltr'><strong>ﬂectere.</strong></span> 
     </span>
    </p>
   </div>
   <div class='ocr_carea' id='block_1_75' title="bbox 2197 3772 3785 3852">
    <p class='ocr_par' dir='ltr' id='par_1_75' title="bbox 2257 3772 3785 3852">
     <span class='ocr_line' id='line_1_75' title="bbox 2257 3772 3785 3852; baseline 0 -18"><span class='ocrx_word' id='word_1_534' title='bbox 2257 3780 2502 3852; x_wconf 83' lang='grc' dir='ltr'>θηριώδη</span> <span class='ocrx_word' id='word_1_535' title='bbox 2581 3779 3008 3851; x_wconf 86' lang='grc' dir='ltr'>κατεδυσώπησε</span> <span class='ocrx_word' id='word_1_536' title='bbox 3077 3781 3299 3852; x_wconf 78' lang='grc' dir='ltr'>ψυχήν·</span> <span class='ocrx_word' id='word_1_537' title='bbox 3373 3778 3686 3839; x_wconf 86' lang='grc' dir='ltr'>ἀποστείλας</span> <span class='ocrx_word' id='word_1_538' title='bbox 3728 3772 3785 3834; x_wconf 79' lang='grc' dir='ltr'><strong>δὲ.</strong></span> 
     </span>
    </p>
   </div>
   <div class='ocr_carea' id='block_1_76' title="bbox 567 3866 2155 3947">
    <p class='ocr_par' dir='ltr' id='par_1_76' title="bbox 567 3866 2154 3936">
     <span class='ocr_line' id='line_1_76' title="bbox 567 3866 2154 3936; baseline -0.01 0"><span class='ocrx_word' id='word_1_539' title='bbox 567 3878 776 3936; x_wconf 85' lang='lat' dir='ltr'><strong>Etenim</strong></span> <span class='ocrx_word' id='word_1_540' title='bbox 811 3878 863 3931; x_wconf 93' lang='lat' dir='ltr'><strong>in</strong></span> <span class='ocrx_word' id='word_1_541' title='bbox 893 3875 1143 3931; x_wconf 74' lang='lat' dir='ltr'><strong>exsilium</strong></span> <span class='ocrx_word' id='word_1_542' title='bbox 1170 3871 1517 3932; x_wconf 86' lang='lat' dir='ltr'><strong>amandatos,</strong></span> <span class='ocrx_word' id='word_1_543' title='bbox 1541 3869 1772 3922; x_wconf 90' lang='lat' dir='ltr'><strong>alterum</strong></span> <span class='ocrx_word' id='word_1_544' title='bbox 1791 3867 1860 3921; x_wconf 90' lang='lat' dir='ltr'><strong>ab</strong></span> <span class='ocrx_word' id='word_1_545' title='bbox 1879 3866 2046 3921; x_wconf 89' lang='lat' dir='ltr'><strong>altero</strong></span> <span class='ocrx_word' id='word_1_546' title='bbox 2065 3879 2154 3921; x_wconf 84' lang='lat' dir='ltr'><strong>se-</strong></span> 
     </span>
    </p>
   </div>
   <div class='ocr_carea' id='block_1_77' title="bbox 2203 3866 3791 3947">
    <p class='ocr_par' dir='ltr' id='par_1_77' title="bbox 2254 3866 3791 3947">
     <span class='ocr_line' id='line_1_77' title="bbox 2254 3866 3791 3947; baseline -0.007 -19"><span class='ocrx_word' id='word_1_547' title='bbox 2254 3875 2484 3947; x_wconf 84' lang='grc' dir='ltr'>διείργει</span> <span class='ocrx_word' id='word_1_548' title='bbox 2539 3873 2638 3944; x_wconf 83' lang='grc' dir='ltr'>μὲν</span> <span class='ocrx_word' id='word_1_549' title='bbox 2697 3873 2900 3936; x_wconf 77' lang='grc' dir='ltr'>αὐτοὺς</span> <span class='ocrx_word' id='word_1_550' title='bbox 2955 3873 3053 3928; x_wconf 87' lang='grc' dir='ltr'>ἀπ’</span> <span class='ocrx_word' id='word_1_551' title='bbox 3102 3873 3376 3943; x_wconf 82' lang='grc' dir='ltr'>ἀλλήλων,</span> <span class='ocrx_word' id='word_1_552' title='bbox 3428 3871 3535 3944; x_wconf 81' lang='grc' dir='ltr'>ίδίᾳ</span> <span class='ocrx_word' id='word_1_553' title='bbox 3573 3867 3699 3924; x_wconf 81' lang='grc' dir='ltr'>κατὰ</span> <span class='ocrx_word' id='word_1_554' title='bbox 3719 3866 3791 3925; x_wconf 71' lang='grc' dir='ltr'>τὰς</span> 
     </span>
    </p>
   </div>
   <div class='ocr_carea' id='block_1_78' title="bbox 566 3958 2154 4040">
    <p class='ocr_par' dir='ltr' id='par_1_78' title="bbox 566 3958 2153 4040">
     <span class='ocr_line' id='line_1_78' title="bbox 566 3958 2153 4040; baseline -0.007 -18"><span class='ocrx_word' id='word_1_555' title='bbox 566 3969 800 4040; x_wconf 78' lang='lat' dir='ltr'><strong>paravit,</strong></span> <span class='ocrx_word' id='word_1_556' title='bbox 832 3966 1176 4037; x_wconf 77' lang='lat' dir='ltr'><strong>singulisque</strong></span> <span class='ocrx_word' id='word_1_557' title='bbox 1229 3978 1387 4020; x_wconf 89' lang='lat' dir='ltr'><strong>suam</strong></span> <span class='ocrx_word' id='word_1_558' title='bbox 1422 3961 1660 4017; x_wconf 89' lang='lat' dir='ltr'><strong>insulam</strong></span> <span class='ocrx_word' id='word_1_559' title='bbox 1706 3959 2027 4028; x_wconf 77' lang='lat' dir='ltr'><strong>assignavit,</strong></span> <span class='ocrx_word' id='word_1_560' title='bbox 2056 3958 2153 4012; x_wconf 78' lang='lat' dir='ltr'><strong>tir-</strong></span> 
     </span>
    </p>
   </div>
   <div class='ocr_carea' id='block_1_79' title="bbox 2203 3958 3791 4040">
    <p class='ocr_par' dir='ltr' id='par_1_79' title="bbox 2255 3964 3791 4037">
     <span class='ocr_line' id='line_1_79' title="bbox 2255 3964 3791 4037; baseline -0.007 -17"><span class='ocrx_word' id='word_1_561' title='bbox 2255 3969 2453 4037; x_wconf 89' lang='grc' dir='ltr'>νήσους</span> <span class='ocrx_word' id='word_1_562' title='bbox 2481 3967 2714 4019; x_wconf 76' lang='grc' dir='ltr'>ἕκαστον</span> <span class='ocrx_word' id='word_1_563' title='bbox 2766 3965 3110 4036; x_wconf 78' lang='grc' dir='ltr'>περιορίζων,</span> <span class='ocrx_word' id='word_1_564' title='bbox 3148 3966 3243 4019; x_wconf 70' lang='grc' dir='ltr'>καὶ</span> <span class='ocrx_word' id='word_1_565' title='bbox 3274 3966 3387 4020; x_wconf 78' lang='grc' dir='ltr'>ὑπὸ</span> <span class='ocrx_word' id='word_1_566' title='bbox 3414 3964 3640 4033; x_wconf 71' lang='grc' dir='ltr'>ἀσφαλεῖ</span> <span class='ocrx_word' id='word_1_567' title='bbox 3664 3973 3791 4013; x_wconf 85' lang='grc' dir='ltr'>κατα-</span> 
     </span>
    </p>
   </div>
   <div class='ocr_carea' id='block_1_80' title="bbox 568 4048 2156 4133">
    <p class='ocr_par' dir='ltr' id='par_1_80' title="bbox 568 4050 2153 4133">
     <span class='ocr_line' id='line_1_80' title="bbox 568 4050 2153 4133; baseline -0.009 -15"><span class='ocrx_word' id='word_1_568' title='bbox 568 4078 766 4133; x_wconf 88' lang='lat' dir='ltr'><strong>maque</strong></span> <span class='ocrx_word' id='word_1_569' title='bbox 803 4060 1055 4117; x_wconf 88' lang='lat' dir='ltr'><strong>custodia</strong></span> <span class='ocrx_word' id='word_1_570' title='bbox 1093 4055 1504 4126; x_wconf 87' lang='lat' dir='ltr'><strong>circumsepsit.</strong></span> <span class='ocrx_word' id='word_1_571' title='bbox 1538 4052 1693 4107; x_wconf 85' lang='lat' dir='ltr'><strong>Filiis</strong></span> <span class='ocrx_word' id='word_1_572' title='bbox 1724 4066 1890 4121; x_wconf 88' lang='lat' dir='ltr'><strong>porro</strong></span> <span class='ocrx_word' id='word_1_573' title='bbox 1919 4050 2153 4104; x_wconf 85' lang='lat' dir='ltr'><strong>virilita-</strong></span> 
     </span>
    </p>
   </div>
   <div class='ocr_carea' id='block_1_81' title="bbox 2203 4048 3791 4133">
    <p class='ocr_par' dir='ltr' id='par_1_81' title="bbox 2255 4048 3791 4126">
     <span class='ocr_line' id='line_1_81' title="bbox 2255 4048 3791 4126; baseline -0.006 -18"><span class='ocrx_word' id='word_1_574' title='bbox 2255 4057 2458 4120; x_wconf 74' lang='grc' dir='ltr'>πιέζων</span> <span class='ocrx_word' id='word_1_575' title='bbox 2492 4056 2739 4126; x_wconf 71' lang='grc' dir='ltr'>φρουρᾷ*</span> <span class='ocrx_word' id='word_1_576' title='bbox 2769 4055 3090 4126; x_wconf 85' lang='grc' dir='ltr'>ἀφαιρεῖται</span> <span class='ocrx_word' id='word_1_577' title='bbox 3119 4055 3178 4108; x_wconf 84' lang='grc' dir='ltr'>δὲ</span> <span class='ocrx_word' id='word_1_578' title='bbox 3220 4058 3350 4120; x_wconf 84' lang='grc' dir='ltr'>τοὺς</span> <span class='ocrx_word' id='word_1_579' title='bbox 3379 4057 3577 4118; x_wconf 88' lang='grc' dir='ltr'>παῖδας</span> <span class='ocrx_word' id='word_1_580' title='bbox 3606 4048 3791 4107; x_wconf 73' lang='grc' dir='ltr'>καὶτῶν</span> 
     </span>
    </p>
   </div>
   <div class='ocr_carea' id='block_1_82' title="bbox 570 4140 2158 4218">
    <p class='ocr_par' dir='ltr' id='par_1_82' title="bbox 570 4140 2154 4218">
     <span class='ocr_line' id='line_1_82' title="bbox 570 4140 2154 4218; baseline -0.009 -10"><span class='ocrx_word' id='word_1_581' title='bbox 570 4165 677 4210; x_wconf 86' lang='lat' dir='ltr'><strong>tem</strong></span> <span class='ocrx_word' id='word_1_582' title='bbox 709 4152 954 4218; x_wconf 88' lang='lat' dir='ltr'><strong>ademit,</strong></span> <span class='ocrx_word' id='word_1_583' title='bbox 1017 4149 1394 4205; x_wconf 87' lang='lat' dir='ltr'><strong>membrorum</strong></span> <span class='ocrx_word' id='word_1_584' title='bbox 1455 4143 1794 4200; x_wconf 87' lang='lat' dir='ltr'><strong>castratione</strong></span> <span class='ocrx_word' id='word_1_585' title='bbox 1861 4140 2104 4211; x_wconf 88' lang='lat' dir='ltr'><strong>plectens</strong></span> <span class='ocrx_word' id='word_1_586' title='bbox 2136 4177 2154 4206; x_wconf 89' lang='lat'><strong>,</strong></span> 
     </span>
    </p>
   </div>
   <div class='ocr_carea' id='block_1_83' title="bbox 2202 4140 3790 4218">
    <p class='ocr_par' dir='ltr' id='par_1_83' title="bbox 2255 4143 3790 4218">
     <span class='ocr_line' id='line_1_83' title="bbox 2255 4143 3790 4218; baseline -0.008 -15"><span class='ocrx_word' id='word_1_587' title='bbox 2255 4148 2610 4218; x_wconf 84' lang='grc' dir='ltr'>γεννητικῶν,</span> <span class='ocrx_word' id='word_1_588' title='bbox 2641 4147 3014 4212; x_wconf 84' lang='grc' dir='ltr'>καταδικάσας</span> <span class='ocrx_word' id='word_1_589' title='bbox 3042 4149 3070 4200; x_wconf 85' lang='grc' dir='ltr'><strong>ό</strong></span> <span class='ocrx_word' id='word_1_590' title='bbox 3093 4147 3414 4217; x_wconf 84' lang='grc' dir='ltr'>ἀμείλικτος</span> <span class='ocrx_word' id='word_1_591' title='bbox 3443 4147 3618 4218; x_wconf 83' lang='grc' dir='ltr'>μελῶν</span> <span class='ocrx_word' id='word_1_592' title='bbox 3643 4143 3790 4196; x_wconf 83' lang='grc' dir='ltr'>εὐνου-</span> 
     </span>
    </p>
   </div>
   <div class='ocr_carea' id='block_1_84' title="bbox 568 4231 2156 4316">
    <p class='ocr_par' dir='ltr' id='par_1_84' title="bbox 568 4235 2150 4316">
     <span class='ocr_line' id='line_1_84' title="bbox 568 4235 2150 4316; baseline -0.011 -15"><span class='ocrx_word' id='word_1_593' title='bbox 568 4247 857 4316; x_wconf 87' lang='lat' dir='ltr'><strong>plusquam</strong></span> <span class='ocrx_word' id='word_1_594' title='bbox 897 4243 1236 4297; x_wconf 88' lang='lat' dir='ltr'><strong>inhumanus</strong></span> <span class='ocrx_word' id='word_1_595' title='bbox 1271 4248 1326 4295; x_wconf 90' lang='lat' dir='ltr'><strong>et</strong></span> <span class='ocrx_word' id='word_1_596' title='bbox 1371 4237 1635 4294; x_wconf 88' lang='lat' dir='ltr'><strong>crudelis.</strong></span> <span class='ocrx_word' id='word_1_597' title='bbox 1669 4235 1810 4289; x_wconf 85' lang='lat' dir='ltr'><strong>Hinc</strong></span> <span class='ocrx_word' id='word_1_598' title='bbox 1842 4248 1994 4298; x_wconf 90' lang='lat' dir='ltr'><strong>sane,</strong></span> <span class='ocrx_word' id='word_1_599' title='bbox 2025 4245 2150 4287; x_wconf 89' lang='lat' dir='ltr'><strong>cum</strong></span> 
     </span>
    </p>
   </div>
   <div class='ocr_carea' id='block_1_85' title="bbox 2204 4231 3792 4316">
    <p class='ocr_par' dir='ltr' id='par_1_85' title="bbox 2254 4231 3792 4312">
     <span class='ocr_line' id='line_1_85' title="bbox 2254 4231 3792 4312; baseline -0.02 -13"><span class='ocrx_word' id='word_1_600' title='bbox 2254 4241 2374 4312; x_wconf 81' lang='grc' dir='ltr'>χίᾳ.</span> <span class='ocrx_word' id='word_1_601' title='bbox 2420 4239 2704 4294; x_wconf 84' lang='grc' dir='ltr'>Ἐντεῦθεν</span> <span class='ocrx_word' id='word_1_602' title='bbox 2761 4238 2924 4301; x_wconf 79' lang='grc' dir='ltr'>αὐτὸς</span> <span class='ocrx_word' id='word_1_603' title='bbox 2969 4239 3068 4309; x_wconf 78' lang='grc' dir='ltr'><strong>μὲν</strong></span> <span class='ocrx_word' id='word_1_604' title='bbox 3095 4237 3347 4308; x_wconf 85' lang='grc' dir='ltr'>πονηρὰν</span> <span class='ocrx_word' id='word_1_605' title='bbox 3381 4241 3448 4309; x_wconf 73' lang='grc' dir='ltr'><strong>τῇ</strong></span> <span class='ocrx_word' id='word_1_606' title='bbox 3480 4233 3640 4291; x_wconf 65' lang='grc' dir='ltr'>αὑτοῦ</span> <span class='ocrx_word' id='word_1_607' title='bbox 3675 4231 3792 4303; x_wconf 72' lang='grc' dir='ltr'>βασι.</span> 
     </span>
    </p>
   </div>
   <div class='ocr_carea' id='block_1_86' title="bbox 569 4321 2157 4404">
    <p class='ocr_par' dir='ltr' id='par_1_86' title="bbox 569 4321 2153 4404">
     <span class='ocr_line' id='line_1_86' title="bbox 569 4321 2153 4404; baseline -0.009 -14"><span class='ocrx_word' id='word_1_608' title='bbox 569 4347 680 4390; x_wconf 83' lang='lat' dir='ltr'><strong>tam</strong></span> <span class='ocrx_word' id='word_1_609' title='bbox 706 4335 871 4404; x_wconf 84' lang='lat' dir='ltr'><strong>impia</strong></span> <span class='ocrx_word' id='word_1_610' title='bbox 897 4333 1111 4402; x_wconf 85' lang='lat' dir='ltr'><strong>imperii</strong></span> <span class='ocrx_word' id='word_1_611' title='bbox 1132 4330 1352 4400; x_wconf 87' lang='lat' dir='ltr'><strong>jecisset</strong></span> <span class='ocrx_word' id='word_1_612' title='bbox 1385 4327 1762 4388; x_wconf 80' lang='lat' dir='ltr'><strong>fundamenta,</strong></span> <span class='ocrx_word' id='word_1_613' title='bbox 1782 4323 1974 4388; x_wconf 86' lang='lat' dir='ltr'><strong>vitam,</strong></span> <span class='ocrx_word' id='word_1_614' title='bbox 2003 4321 2153 4376; x_wconf 80' lang='lat' dir='ltr'><strong>exitu</strong></span> 
     </span>
    </p>
   </div>
   <div class='ocr_carea' id='block_1_87' title="bbox 2207 4321 3795 4404">
    <p class='ocr_par' dir='ltr' id='par_1_87' title="bbox 2207 4321 3795 4404">
     <span class='ocr_line' id='line_1_87' title="bbox 2207 4321 3795 4404; baseline -0.008 -19"><span class='ocrx_word' id='word_1_615' title='bbox 2207 4397 2220 4404; x_wconf 81' lang='lat'><strong><em>_</em></strong></span> <span class='ocrx_word' id='word_1_616' title='bbox 2257 4334 2376 4403; x_wconf 75' lang='grc' dir='ltr'>λείᾳ</span> <span class='ocrx_word' id='word_1_617' title='bbox 2409 4329 2851 4400; x_wconf 84' lang='grc' dir='ltr'>καταϐαλόμενος</span> <span class='ocrx_word' id='word_1_618' title='bbox 2883 4328 3079 4400; x_wconf 78' lang='grc' dir='ltr'>ἀρχὴν,</span> <span class='ocrx_word' id='word_1_619' title='bbox 3115 4329 3210 4382; x_wconf 77' lang='grc' dir='ltr'><strong>καὶ</strong></span> <span class='ocrx_word' id='word_1_620' title='bbox 3231 4327 3389 4391; x_wconf 78' lang='grc' dir='ltr'>τέλος</span> <span class='ocrx_word' id='word_1_621' title='bbox 3421 4328 3570 4392; x_wconf 78' lang='grc' dir='ltr'>ἀξιον</span> <span class='ocrx_word' id='word_1_622' title='bbox 3600 4321 3795 4394; x_wconf 76' lang='grc' dir='ltr'>ἀπηνέγ-</span> 
     </span>
    </p>
   </div>
   <div class='ocr_carea' id='block_1_88' title="bbox 574 4395 2162 4495">
    <p class='ocr_par' dir='ltr' id='par_1_88' title="bbox 574 4395 2154 4495">
     <span class='ocr_line' id='line_1_88' title="bbox 574 4395 2154 4495; baseline -0.009 -16"><span class='ocrx_word' id='word_1_623' title='bbox 574 4395 858 4495; x_wconf 77' lang='lat' dir='ltr'><strong>principiis</strong></span> <span class='ocrx_word' id='word_1_624' title='bbox 880 4395 1269 4492; x_wconf 74' lang='lat' dir='ltr'><strong>respondente,</strong></span> <span class='ocrx_word' id='word_1_625' title='bbox 1289 4417 1444 4472; x_wconf 88' lang='lat' dir='ltr'><strong>liniit.</strong></span> <span class='ocrx_word' id='word_1_626' title='bbox 1466 4417 1692 4484; x_wconf 85' lang='lat' dir='ltr'><strong>impiam</strong></span> <span class='ocrx_word' id='word_1_627' title='bbox 1722 4413 1868 4468; x_wconf 89' lang='lat' dir='ltr'><strong>enim</strong></span> <span class='ocrx_word' id='word_1_628' title='bbox 1893 4412 2154 4468; x_wconf 83' lang='lat' dir='ltr'><strong>invisam-</strong></span> 
     </span>
    </p>
   </div>
   <div class='ocr_carea' id='block_1_89' title="bbox 2208 4395 3796 4495">
    <p class='ocr_par' dir='ltr' id='par_1_89' title="bbox 2208 4395 3796 4492">
     <span class='ocr_line' id='line_1_89' title="bbox 2208 4395 3796 4492; baseline -0.01 -15"><span class='ocrx_word' id='word_1_629' title='bbox 2208 4395 2393 4477; x_wconf 76' lang='grc' dir='ltr'>)κατο</span> <span class='ocrx_word' id='word_1_630' title='bbox 2438 4422 2542 4492; x_wconf 81' lang='grc' dir='ltr'>τῆς</span> <span class='ocrx_word' id='word_1_631' title='bbox 2597 4395 2793 4492; x_wconf 47' lang='grc' dir='ltr'>ἀργῆς.</span> <span class='ocrx_word' id='word_1_632' title='bbox 2850 4395 3114 4490; x_wconf 50' lang='grc' dir='ltr'>Τὴῖγάρ</span> <span class='ocrx_word' id='word_1_633' title='bbox 3173 4420 3343 4473; x_wconf 78' lang='grc' dir='ltr'>πάλαι</span> <span class='ocrx_word' id='word_1_634' title='bbox 3384 4419 3571 4482; x_wconf 85' lang='grc' dir='ltr'>κακῶς</span> <span class='ocrx_word' id='word_1_635' title='bbox 3619 4415 3706 4487; x_wconf 86' lang='grc' dir='ltr'><strong>μέν</strong></span> <span class='ocrx_word' id='word_1_636' title='bbox 3726 4411 3796 4464; x_wconf 72' lang='grc' dir='ltr'>καὶ</span> 
     </span>
    </p>
   </div>
   <div class='ocr_carea' id='block_1_90' title="bbox 571 4503 2159 4586">
    <p class='ocr_par' dir='ltr' id='par_1_90' title="bbox 571 4503 2156 4586">
     <span class='ocr_line' id='line_1_90' title="bbox 571 4503 2156 4586; baseline -0.008 -16"><span class='ocrx_word' id='word_1_637' title='bbox 571 4531 679 4586; x_wconf 90' lang='lat' dir='ltr'><strong>que</strong></span> <span class='ocrx_word' id='word_1_638' title='bbox 727 4513 837 4568; x_wconf 88' lang='lat' dir='ltr'><strong>Deo</strong></span> <span class='ocrx_word' id='word_1_639' title='bbox 897 4512 1385 4568; x_wconf 86' lang='lat' dir='ltr'><strong>lconomachorum</strong></span> <span class='ocrx_word' id='word_1_640' title='bbox 1437 4516 1682 4572; x_wconf 88' lang='lat' dir='ltr'><strong>sectam,</strong></span> <span class='ocrx_word' id='word_1_641' title='bbox 1717 4505 1786 4558; x_wconf 91' lang='lat' dir='ltr'><strong>ab</strong></span> <span class='ocrx_word' id='word_1_642' title='bbox 1835 4504 2006 4572; x_wconf 88' lang='lat' dir='ltr'><strong>impio</strong></span> <span class='ocrx_word' id='word_1_643' title='bbox 2061 4503 2156 4558; x_wconf 94' lang='lat' dir='ltr'><strong>illo</strong></span> 
     </span>
    </p>
   </div>
   <div class='ocr_carea' id='block_1_91' title="bbox 2211 4503 3799 4586">
    <p class='ocr_par' dir='ltr' id='par_1_91' title="bbox 2262 4507 3799 4584">
     <span class='ocr_line' id='line_1_91' title="bbox 2262 4507 3799 4584; baseline -0.01 -16"><span class='ocrx_word' id='word_1_644' title='bbox 2262 4515 2571 4582; x_wconf 84' lang='grc' dir='ltr'>θεοστυγῶς</span> <span class='ocrx_word' id='word_1_645' title='bbox 2619 4510 3004 4584; x_wconf 84' lang='grc' dir='ltr'>μελετηθεῖσαν</span> <span class='ocrx_word' id='word_1_646' title='bbox 3052 4510 3160 4563; x_wconf 85' lang='grc' dir='ltr'><strong>τῶν</strong></span> <span class='ocrx_word' id='word_1_647' title='bbox 3201 4511 3594 4581; x_wconf 84' lang='grc' dir='ltr'>Είκονομάχων</span> <span class='ocrx_word' id='word_1_648' title='bbox 3630 4507 3799 4577; x_wconf 78' lang='grc' dir='ltr'>αἵρεσιν</span> 
     </span>
    </p>
   </div>
   <div class='ocr_carea' id='block_1_92' title="bbox 571 4591 3801 4670">
    <p class='ocr_par' dir='ltr' id='par_1_92' title="bbox 571 4591 3801 4670">
     <span class='ocr_line' id='line_1_92' title="bbox 571 4591 3801 4670; baseline -0.008 1"><span class='ocrx_word' id='word_1_649' title='bbox 571 4607 755 4662; x_wconf 60' lang='lat' dir='ltr'><strong>[Amne</strong></span> <span class='ocrx_word' id='word_1_650' title='bbox 776 4603 1052 4670; x_wconf 70' lang='grc' dir='ltr'>ιιυοηάιιτη</span> <span class='ocrx_word' id='word_1_651' title='bbox 1078 4600 1418 4665; x_wconf 51' lang='lat' dir='ltr'><strong>mediumin,</strong></span> <span class='ocrx_word' id='word_1_652' title='bbox 1444 4606 1543 4652; x_wconf 63' lang='grc' dir='ltr'><strong>(διδ</strong></span> <span class='ocrx_word' id='word_1_653' title='bbox 1567 4597 1929 4652; x_wconf 66' lang='grc' dir='ltr'><strong>Ουηδιδηῑίηο</strong></span> <span class='ocrx_word' id='word_1_654' title='bbox 1960 4594 2159 4650; x_wconf 65' lang='grc' dir='ltr'>ιθοηίε</span> <span class='ocrx_word' id='word_1_655' title='bbox 2263 4606 2366 4659; x_wconf 82' lang='grc' dir='ltr'>ὑπὸ</span> <span class='ocrx_word' id='word_1_656' title='bbox 2388 4606 2618 4667; x_wconf 81' lang='grc' dir='ltr'>Λέοντος</span> <span class='ocrx_word' id='word_1_657' title='bbox 2647 4602 2858 4656; x_wconf 82' lang='grc' dir='ltr'>ἐκείνου</span> <span class='ocrx_word' id='word_1_658' title='bbox 2886 4601 2981 4654; x_wconf 83' lang='grc' dir='ltr'>τοῦ</span> <span class='ocrx_word' id='word_1_659' title='bbox 3011 4600 3326 4668; x_wconf 81' lang='grc' dir='ltr'>δυσσεϐοῦς,</span> <span class='ocrx_word' id='word_1_660' title='bbox 3358 4602 3459 4654; x_wconf 67' lang='grc' dir='ltr'><strong>καὶ¹</strong></span> <span class='ocrx_word' id='word_1_661' title='bbox 3500 4591 3801 4652; x_wconf 80' lang='grc' dir='ltr'>Κωνσταντὶ·</span> 
     </span>
    </p>
   </div>
   <div class='ocr_carea' id='block_1_93' title="bbox 574 4681 2162 4766">
    <p class='ocr_par' dir='ltr' id='par_1_93' title="bbox 574 4687 2157 4766">
     <span class='ocr_line' id='line_1_93' title="bbox 574 4687 2157 4766; baseline -0.008 -14"><span class='ocrx_word' id='word_1_662' title='bbox 574 4698 706 4764; x_wconf 86' lang='lat' dir='ltr'><strong>lilio,</strong></span> <span class='ocrx_word' id='word_1_663' title='bbox 727 4705 882 4766; x_wconf 88' lang='lat' dir='ltr'><strong>patre</strong></span> <span class='ocrx_word' id='word_1_664' title='bbox 902 4695 1066 4750; x_wconf 85' lang='lat' dir='ltr'><strong>etiam</strong></span> <span class='ocrx_word' id='word_1_665' title='bbox 1087 4691 1382 4758; x_wconf 85' lang='lat' dir='ltr'><strong>deteriore,</strong></span> <span class='ocrx_word' id='word_1_666' title='bbox 1401 4690 1838 4752; x_wconf 84' lang='lat' dir='ltr'><strong>corroboratam,</strong></span> <span class='ocrx_word' id='word_1_667' title='bbox 1860 4687 1952 4743; x_wconf 87' lang='lat' dir='ltr'><strong>sed</strong></span> <span class='ocrx_word' id='word_1_668' title='bbox 1973 4687 2157 4741; x_wconf 85' lang='lat' dir='ltr'><strong>divina</strong></span> 
     </span>
    </p>
   </div>
   <div class='ocr_carea' id='block_1_94' title="bbox 2212 4681 3800 4766">
    <p class='ocr_par' dir='ltr' id='par_1_94' title="bbox 2263 4681 3800 4763">
     <span class='ocr_line' id='line_1_94' title="bbox 2263 4681 3800 4763; baseline -0.011 -13"><span class='ocrx_word' id='word_1_669' title='bbox 2263 4715 2354 4750; x_wconf 92' lang='grc' dir='ltr'><strong>νου</strong></span> <span class='ocrx_word' id='word_1_670' title='bbox 2383 4695 2478 4749; x_wconf 72' lang='grc' dir='ltr'>τοῦ</span> <span class='ocrx_word' id='word_1_671' title='bbox 2535 4692 2962 4763; x_wconf 85' lang='grc' dir='ltr'>δυσσεϐεστέρου</span> <span class='ocrx_word' id='word_1_672' title='bbox 3013 4690 3461 4761; x_wconf 82' lang='grc' dir='ltr'>κραταιωθεῖσαν</span> <span class='ocrx_word' id='word_1_673' title='bbox 3491 4688 3627 4752; x_wconf 83' lang='grc' dir='ltr'>υἱοῦ,</span> <span class='ocrx_word' id='word_1_674' title='bbox 3656 4681 3800 4742; x_wconf 84' lang='grc' dir='ltr'>καλῶς</span> 
     </span>
    </p>
   </div>
   <div class='ocr_carea' id='block_1_95' title="bbox 571 4772 2159 4855">
    <p class='ocr_par' dir='ltr' id='par_1_95' title="bbox 571 4779 2159 4855">
     <span class='ocr_line' id='line_1_95' title="bbox 571 4779 2159 4855; baseline -0.006 -12"><span class='ocrx_word' id='word_1_675' title='bbox 571 4785 919 4843; x_wconf 82' lang='lat' dir='ltr'><strong>Providentia</strong></span> <span class='ocrx_word' id='word_1_676' title='bbox 979 4801 1076 4855; x_wconf 88' lang='lat' dir='ltr'><strong>per</strong></span> <span class='ocrx_word' id='word_1_677' title='bbox 1107 4793 1355 4840; x_wconf 85' lang='lat' dir='ltr'><strong>sanctam</strong></span> <span class='ocrx_word' id='word_1_678' title='bbox 1411 4783 1700 4852; x_wconf 89' lang='lat' dir='ltr'><strong>septimam</strong></span> <span class='ocrx_word' id='word_1_679' title='bbox 1759 4780 2028 4851; x_wconf 73' lang='lat' dir='ltr'><strong>synodum</strong></span> <span class='ocrx_word' id='word_1_680' title='bbox 2071 4779 2159 4849; x_wconf 89' lang='lat' dir='ltr'><strong>pie</strong></span> 
     </span>
    </p>
   </div>
   <div class='ocr_carea' id='block_1_96' title="bbox 2213 4772 3801 4855">
    <p class='ocr_par' dir='ltr' id='par_1_96' title="bbox 2261 4772 3801 4852">
     <span class='ocr_line' id='line_1_96' title="bbox 2261 4772 3801 4852; baseline -0.008 -9"><span class='ocrx_word' id='word_1_681' title='bbox 2261 4790 2318 4843; x_wconf 82' lang='grc' dir='ltr'><strong>δέ</strong></span> <span class='ocrx_word' id='word_1_682' title='bbox 2344 4789 2438 4842; x_wconf 77' lang='grc' dir='ltr'>καὶ</span> <span class='ocrx_word' id='word_1_683' title='bbox 2465 4785 2706 4850; x_wconf 85' lang='grc' dir='ltr'>εὐσεϐῶς</span> <span class='ocrx_word' id='word_1_684' title='bbox 2734 4785 2825 4838; x_wconf 90' lang='grc' dir='ltr'><strong>διά</strong></span> <span class='ocrx_word' id='word_1_685' title='bbox 2890 4783 3144 4852; x_wconf 86' lang='grc' dir='ltr'>προνοίας</span> <span class='ocrx_word' id='word_1_686' title='bbox 3193 4779 3329 4834; x_wconf 84' lang='grc' dir='ltr'>Θεοῦ</span> <span class='ocrx_word' id='word_1_687' title='bbox 3383 4782 3483 4834; x_wconf 78' lang='grc' dir='ltr'>καὶ</span> <span class='ocrx_word' id='word_1_688' title='bbox 3535 4781 3631 4849; x_wconf 78' lang='grc' dir='ltr'>τῆς</span> <span class='ocrx_word' id='word_1_689' title='bbox 3674 4772 3801 4841; x_wconf 75' lang='grc' dir='ltr'>ἁγίας</span> 
     </span>
    </p>
   </div>
   <div class='ocr_carea' id='block_1_97' title="bbox 575 4866 2163 4950">
    <p class='ocr_par' dir='ltr' id='par_1_97' title="bbox 575 4873 2159 4950">
     <span class='ocr_line' id='line_1_97' title="bbox 575 4873 2159 4950; baseline -0.005 -15"><span class='ocrx_word' id='word_1_690' title='bbox 575 4891 832 4950; x_wconf 85' lang='lat' dir='ltr'><strong>recteque</strong></span> <span class='ocrx_word' id='word_1_691' title='bbox 860 4880 1093 4950; x_wconf 87' lang='lat' dir='ltr'><strong>sopitam</strong></span> <span class='ocrx_word' id='word_1_692' title='bbox 1125 4893 1190 4934; x_wconf 88' lang='lat' dir='ltr'><strong>ac</strong></span> <span class='ocrx_word' id='word_1_693' title='bbox 1225 4877 1518 4941; x_wconf 85' lang='lat' dir='ltr'><strong>sublatam,</strong></span> <span class='ocrx_word' id='word_1_694' title='bbox 1561 4874 1772 4929; x_wconf 84' lang='lat' dir='ltr'><strong>invisus</strong></span> <span class='ocrx_word' id='word_1_695' title='bbox 1823 4874 2012 4941; x_wconf 89' lang='lat' dir='ltr'><strong>draco,</strong></span> <span class='ocrx_word' id='word_1_696' title='bbox 2043 4873 2159 4928; x_wconf 76' lang='lat' dir='ltr'><strong>dis-</strong></span> 
     </span>
    </p>
   </div>
   <div class='ocr_carea' id='block_1_98' title="bbox 2213 4866 3801 4950">
    <p class='ocr_par' dir='ltr' id='par_1_98' title="bbox 2263 4866 3801 4950">
     <span class='ocr_line' id='line_1_98' title="bbox 2263 4866 3801 4950; baseline -0.014 -16"><span class='ocrx_word' id='word_1_697' title='bbox 2263 4881 2498 4950; x_wconf 84' lang='grc' dir='ltr'>ἐϐδόμης</span> <span class='ocrx_word' id='word_1_698' title='bbox 2536 4877 2754 4930; x_wconf 83' lang='grc' dir='ltr'>συνόδου</span> <span class='ocrx_word' id='word_1_699' title='bbox 2783 4871 3204 4944; x_wconf 83' lang='grc' dir='ltr'>καθαιρεθεῖσαν</span> <span class='ocrx_word' id='word_1_700' title='bbox 3241 4871 3338 4924; x_wconf 74' lang='grc' dir='ltr'>καὶ</span> <span class='ocrx_word' id='word_1_701' title='bbox 3367 4866 3801 4924; x_wconf 83' lang='grc' dir='ltr'>καταπαυθεῖσαν,</span> 
     </span>
    </p>
   </div>
   <div class='ocr_carea' id='block_1_99' title="bbox 575 4955 2163 5044">
    <p class='ocr_par' dir='ltr' id='par_1_99' title="bbox 575 4973 2162 5044">
     <span class='ocr_line' id='line_1_99' title="bbox 575 4973 2162 5044; baseline -0.006 -13"><span class='ocrx_word' id='word_1_702' title='bbox 575 4987 862 5044; x_wconf 81' lang='lat' dir='ltr'><strong>tortusque</strong></span> <span class='ocrx_word' id='word_1_703' title='bbox 887 4973 1133 5030; x_wconf 84' lang='lat' dir='ltr'><strong>veritatis</strong></span> <span class='ocrx_word' id='word_1_704' title='bbox 1165 4973 1432 5041; x_wconf 85' lang='lat' dir='ltr'><strong>interpres</strong></span> <span class='ocrx_word' id='word_1_705' title='bbox 1457 4977 1690 5024; x_wconf 88' lang='lat' dir='ltr'><strong>conatus</strong></span> <span class='ocrx_word' id='word_1_706' title='bbox 1725 4981 2001 5032; x_wconf 86' lang='lat' dir='ltr'><strong>revocare,</strong></span> <span class='ocrx_word' id='word_1_707' title='bbox 2032 4981 2162 5022; x_wconf 84' lang='lat' dir='ltr'><strong>con.</strong></span> 
     </span>
    </p>
   </div>
   <div class='ocr_carea' id='block_1_100' title="bbox 2214 4955 3802 5044">
    <p class='ocr_par' dir='ltr' id='par_1_100' title="bbox 2261 4955 3802 5044">
     <span class='ocr_line' id='line_1_100' title="bbox 2261 4955 3802 5044; baseline -0.013 -18"><span class='ocrx_word' id='word_1_708' title='bbox 2261 4977 2290 5027; x_wconf 85' lang='grc' dir='ltr'>ὁ</span> <span class='ocrx_word' id='word_1_709' title='bbox 2318 4970 2562 5043; x_wconf 83' lang='grc' dir='ltr'>μυσαρὸς</span> <span class='ocrx_word' id='word_1_710' title='bbox 2592 4962 2748 5032; x_wconf 70' lang='grc' dir='ltr'>οὗτος</span> <span class='ocrx_word' id='word_1_711' title='bbox 2806 4965 2929 5034; x_wconf 78' lang='grc' dir='ltr'>δφις</span> <span class='ocrx_word' id='word_1_712' title='bbox 2963 4965 3058 5018; x_wconf 77' lang='grc' dir='ltr'>καὶ</span> <span class='ocrx_word' id='word_1_713' title='bbox 3109 4963 3208 5034; x_wconf 87' lang='grc' dir='ltr'>τῆς</span> <span class='ocrx_word' id='word_1_714' title='bbox 3238 4961 3508 5032; x_wconf 88' lang='grc' dir='ltr'>ἀληθείας</span> <span class='ocrx_word' id='word_1_715' title='bbox 3540 4955 3802 5044; x_wconf 61' lang='grc' dir='ltr'>παραλογι-</span> 
     </span>
    </p>
   </div>
   <div class='ocr_carea' id='block_1_101' title="bbox 573 5042 2161 5136">
    <p class='ocr_par' dir='ltr' id='par_1_101' title="bbox 573 5042 2156 5136">
     <span class='ocr_line' id='line_1_101' title="bbox 573 5042 2156 5136; baseline -0.006 -13"><span class='ocrx_word' id='word_1_716' title='bbox 573 5080 653 5124; x_wconf 84' lang='lat' dir='ltr'><strong>tra</strong></span> <span class='ocrx_word' id='word_1_717' title='bbox 676 5042 996 5123; x_wconf 77' lang='lat' dir='ltr'><strong>orthodoxa:</strong></span> <span class='ocrx_word' id='word_1_718' title='bbox 1012 5066 1228 5136; x_wconf 87' lang='lat' dir='ltr'><strong>pietatis</strong></span> <span class='ocrx_word' id='word_1_719' title='bbox 1247 5061 1739 5135; x_wconf 78' lang='lat' dir='ltr'><strong>propugnaculum,</strong></span> <span class='ocrx_word' id='word_1_720' title='bbox 1764 5061 2156 5131; x_wconf 82' lang='lat' dir='ltr'><strong>Nicephorum,</strong></span> 
     </span>
    </p>
   </div>
   <div class='ocr_carea' id='block_1_102' title="bbox 2219 5042 3807 5136">
    <p class='ocr_par' dir='ltr' id='par_1_102' title="bbox 2264 5042 3807 5136">
     <span class='ocr_line' id='line_1_102' title="bbox 2264 5042 3807 5136; baseline -0.011 -20"><span class='ocrx_word' id='word_1_721' title='bbox 2264 5042 2395 5133; x_wconf 85' lang='grc' dir='ltr'>στὴς</span> <span class='ocrx_word' id='word_1_722' title='bbox 2422 5057 2688 5114; x_wconf 79' lang='grc' dir='ltr'>ἀνανεοῦν</span> <span class='ocrx_word' id='word_1_723' title='bbox 2719 5055 2875 5119; x_wconf 77' lang='grc' dir='ltr'>αὖθις</span> <span class='ocrx_word' id='word_1_724' title='bbox 2935 5056 3237 5124; x_wconf 84' lang='grc' dir='ltr'>ἐπιχειρεῖ·</span> <span class='ocrx_word' id='word_1_725' title='bbox 3269 5049 3369 5104; x_wconf 75' lang='grc' dir='ltr'>καὶ</span> <span class='ocrx_word' id='word_1_726' title='bbox 3408 5049 3490 5120; x_wconf 83' lang='grc' dir='ltr'>τῷ</span> <span class='ocrx_word' id='word_1_727' title='bbox 3524 5047 3706 5117; x_wconf 78' lang='grc' dir='ltr'>πύργῳ</span> <span class='ocrx_word' id='word_1_728' title='bbox 3732 5042 3807 5136; x_wconf 54' lang='grc' dir='ltr'><strong>τῇς</strong></span> 
     </span>
    </p>
   </div>
   <div class='ocr_carea' id='block_1_103' title="bbox 573 5132 2161 5236">
    <p class='ocr_par' dir='ltr' id='par_1_103' title="bbox 573 5132 2156 5236">
     <span class='ocr_line' id='line_1_103' title="bbox 573 5132 2156 5236; baseline -0.008 -17"><span class='ocrx_word' id='word_1_729' title='bbox 573 5164 823 5232; x_wconf 84' lang='lat' dir='ltr'><strong>inquam,</strong></span> <span class='ocrx_word' id='word_1_730' title='bbox 855 5132 1138 5236; x_wconf 76' lang='lat' dir='ltr'><strong>religionis</strong></span> <span class='ocrx_word' id='word_1_731' title='bbox 1175 5132 1308 5213; x_wconf 79' lang='lat' dir='ltr'><strong>tunc</strong></span> <span class='ocrx_word' id='word_1_732' title='bbox 1343 5132 1667 5220; x_wconf 76' lang='lat' dir='ltr'><strong>antistitem,</strong></span> <span class='ocrx_word' id='word_1_733' title='bbox 1693 5169 1760 5210; x_wconf 86' lang='lat' dir='ltr'><strong>ac</strong></span> <span class='ocrx_word' id='word_1_734' title='bbox 1788 5154 1941 5209; x_wconf 85' lang='lat' dir='ltr'><strong>urbis</strong></span> <span class='ocrx_word' id='word_1_735' title='bbox 1980 5153 2156 5222; x_wconf 85' lang='lat' dir='ltr'><strong>impe-</strong></span> 
     </span>
    </p>
   </div>
   <div class='ocr_carea' id='block_1_104' title="bbox 2219 5132 3807 5236">
    <p class='ocr_par' dir='ltr' id='par_1_104' title="bbox 2262 5132 3807 5236">
     <span class='ocr_line' id='line_1_104' title="bbox 2262 5132 3807 5236; baseline -0.012 -27"><span class='ocrx_word' id='word_1_736' title='bbox 2262 5132 2574 5227; x_wconf 79' lang='grc' dir='ltr'>ὁρθοδοξίας</span> <span class='ocrx_word' id='word_1_737' title='bbox 2612 5149 2874 5218; x_wconf 68' lang='grc' dir='ltr'>ἐκραγεὶς</span> <span class='ocrx_word' id='word_1_738' title='bbox 2917 5145 3255 5218; x_wconf 83' lang='grc' dir='ltr'>(Νικηφόρος</span> <span class='ocrx_word' id='word_1_739' title='bbox 3279 5143 3338 5196; x_wconf 79' lang='grc' dir='ltr'>δὲ</span> <span class='ocrx_word' id='word_1_740' title='bbox 3371 5138 3535 5204; x_wconf 75' lang='grc' dir='ltr'>οὗτος</span> <span class='ocrx_word' id='word_1_741' title='bbox 3562 5136 3648 5210; x_wconf 80' lang='grc' dir='ltr'>ἦν,</span> <span class='ocrx_word' id='word_1_742' title='bbox 3678 5138 3702 5188; x_wconf 87' lang='grc' dir='ltr'><strong>ό</strong></span> <span class='ocrx_word' id='word_1_743' title='bbox 3730 5132 3807 5236; x_wconf 55' lang='grc' dir='ltr'><strong>τῆς</strong></span> 
     </span>
    </p>
   </div>
   <div class='ocr_carea' id='block_1_105' title="bbox 575 5222 2163 5326">
    <p class='ocr_par' dir='ltr' id='par_1_105' title="bbox 575 5222 2158 5326">
     <span class='ocr_line' id='line_1_105' title="bbox 575 5222 2158 5326; baseline -0.008 -14"><span class='ocrx_word' id='word_1_744' title='bbox 575 5222 749 5312; x_wconf 73' lang='lat' dir='ltr'><strong>rantis</strong></span> <span class='ocrx_word' id='word_1_745' title='bbox 788 5222 1188 5326; x_wconf 30' lang='lat' dir='ltr'><strong>patriarcb’am,</strong></span> <span class='ocrx_word' id='word_1_746' title='bbox 1221 5258 1438 5306; x_wconf 81' lang='lat' dir='ltr'><strong>erectus</strong></span> <span class='ocrx_word' id='word_1_747' title='bbox 1465 5289 1479 5314; x_wconf 92' lang='lat'><strong>,</strong></span> <span class='ocrx_word' id='word_1_748' title='bbox 1511 5249 1664 5304; x_wconf 89' lang='lat' dir='ltr'><strong>illum</strong></span> <span class='ocrx_word' id='word_1_749' title='bbox 1702 5247 1869 5302; x_wconf 80' lang='lat' dir='ltr'><strong>minis</strong></span> <span class='ocrx_word' id='word_1_750' title='bbox 1894 5245 2052 5315; x_wconf 78' lang='lat' dir='ltr'><strong>juxta</strong></span> <span class='ocrx_word' id='word_1_751' title='bbox 2095 5258 2158 5300; x_wconf 88' lang='lat' dir='ltr'><strong>ac</strong></span> 
     </span>
    </p>
   </div>
   <div class='ocr_carea' id='block_1_106' title="bbox 2218 5222 3806 5326">
    <p class='ocr_par' dir='ltr' id='par_1_106' title="bbox 2262 5222 3806 5326">
     <span class='ocr_line' id='line_1_106' title="bbox 2262 5222 3806 5326; baseline -0.012 -28"><span class='ocrx_word' id='word_1_752' title='bbox 2262 5222 2541 5306; x_wconf 81' lang='grc' dir='ltr'>εὐσεϐείας</span> <span class='ocrx_word' id='word_1_753' title='bbox 2563 5240 2896 5312; x_wconf 83' lang='grc' dir='ltr'>προστάτης,</span> <span class='ocrx_word' id='word_1_754' title='bbox 2921 5237 3016 5291; x_wconf 70' lang='grc' dir='ltr'>καὶ</span> <span class='ocrx_word' id='word_1_755' title='bbox 3062 5236 3163 5305; x_wconf 80' lang='grc' dir='ltr'><strong>τῆς</strong></span> <span class='ocrx_word' id='word_1_756' title='bbox 3207 5233 3489 5304; x_wconf 87' lang='grc' dir='ltr'>βασιλίδος</span> <span class='ocrx_word' id='word_1_757' title='bbox 3538 5222 3806 5326; x_wconf 45' lang='grc' dir='ltr'>ἱεράρχηρί</span> 
     </span>
    </p>
   </div>
   <div class='ocr_carea' id='block_1_107' title="bbox 573 5309 2161 5418">
    <p class='ocr_par' dir='ltr' id='par_1_107' title="bbox 573 5309 2157 5418">
     <span class='ocr_line' id='line_1_107' title="bbox 573 5309 2157 5418; baseline -0.01 -13"><span class='ocrx_word' id='word_1_758' title='bbox 573 5309 855 5406; x_wconf 53' lang='lat' dir='ltr'><strong>blanditi-is</strong></span> <span class='ocrx_word' id='word_1_759' title='bbox 879 5309 1186 5418; x_wconf 48' lang='lat' dir='ltr'><strong>oppugnat:</strong></span> <span class='ocrx_word' id='word_1_760' title='bbox 1204 5342 1308 5399; x_wconf 90' lang='lat' dir='ltr'><strong>Sed</strong></span> <span class='ocrx_word' id='word_1_761' title='bbox 1333 5309 1651 5398; x_wconf 34' lang='lat' dir='ltr'><strong>cum&#39;multo</strong></span> <span class='ocrx_word' id='word_1_762' title='bbox 1673 5309 1968 5394; x_wconf 76' lang='lat' dir='ltr'><strong>ﬁrmiorem</strong></span> <span class='ocrx_word' id='word_1_763' title='bbox 1991 5350 2157 5405; x_wconf 89' lang='lat' dir='ltr'><strong>quam</strong></span> 
     </span>
    </p>
   </div>
   <div class='ocr_carea' id='block_1_108' title="bbox 2221 5309 3809 5418">
    <p class='ocr_par' dir='ltr' id='par_1_108' title="bbox 2260 5309 3809 5406">
     <span class='ocr_line' id='line_1_108' title="bbox 2260 5309 3809 5406; baseline -0.015 -16"><span class='ocrx_word' id='word_1_764' title='bbox 2260 5335 2438 5406; x_wconf 82' lang='grc' dir='ltr'>τούτῳ</span> <span class='ocrx_word' id='word_1_765' title='bbox 2469 5309 2795 5403; x_wconf 77' lang='grc' dir='ltr'>προσϐαλὼν</span> <span class='ocrx_word' id='word_1_766' title='bbox 2859 5329 3122 5392; x_wconf 91' lang='grc' dir='ltr'>θωπείαις</span> <span class='ocrx_word' id='word_1_767' title='bbox 3181 5326 3274 5380; x_wconf 78' lang='grc' dir='ltr'><strong>καὶ</strong></span> <span class='ocrx_word' id='word_1_768' title='bbox 3319 5323 3604 5385; x_wconf 86' lang='grc' dir='ltr'>ἀπειλαῖς,</span> <span class='ocrx_word' id='word_1_769' title='bbox 3657 5309 3809 5379; x_wconf 79' lang='grc' dir='ltr'>ἐπειδὴ</span> 
     </span>
    </p>
   </div>
   <div class='ocr_carea' id='block_1_109' title="bbox 573 5408 2161 5514">
    <p class='ocr_par' dir='ltr' id='par_1_109' title="bbox 573 5408 2160 5514">
     <span class='ocr_line' id='line_1_109' title="bbox 573 5408 2160 5514; baseline -0.011 -14"><span class='ocrx_word' id='word_1_770' title='bbox 573 5451 842 5514; x_wconf 83' lang='lat' dir='ltr'><strong>sperarat,</strong></span> <span class='ocrx_word' id='word_1_771' title='bbox 874 5408 1234 5510; x_wconf 51' lang='lat' dir='ltr'><strong>caperiretur,</strong></span> <span class='ocrx_word' id='word_1_772' title='bbox 1262 5433 1315 5489; x_wconf 85' lang='lat' dir='ltr'><strong>vi</strong></span> <span class='ocrx_word' id='word_1_773' title='bbox 1350 5435 1634 5506; x_wconf 86' lang='lat' dir='ltr'><strong>tyrannica</strong></span> <span class='ocrx_word' id='word_1_774' title='bbox 1658 5433 1726 5488; x_wconf 88' lang='lat' dir='ltr'><strong>de</strong></span> <span class='ocrx_word' id='word_1_775' title='bbox 1756 5433 1956 5486; x_wconf 85' lang='lat' dir='ltr'><strong>throno</strong></span> <span class='ocrx_word' id='word_1_776' title='bbox 1976 5429 2160 5484; x_wconf 87' lang='lat' dir='ltr'><strong>detur-</strong></span> 
     </span>
    </p>
   </div>
   <div class='ocr_carea' id='block_1_110' title="bbox 2221 5408 3809 5514">
    <p class='ocr_par' dir='ltr' id='par_1_110' title="bbox 2264 5408 3809 5514">
     <span class='ocr_line' id='line_1_110' title="bbox 2264 5408 3809 5514; baseline -0.022 -29"><span class='ocrx_word' id='word_1_777' title='bbox 2264 5420 2606 5493; x_wconf 78' lang='grc' dir='ltr'>περροτέρῳ</span> <span class='ocrx_word' id='word_1_778' title='bbox 2652 5417 2854 5490; x_wconf 80' lang='grc' dir='ltr'>μᾶλλον</span> <span class='ocrx_word' id='word_1_779' title='bbox 2895 5417 2928 5488; x_wconf 81' lang='grc' dir='ltr'>ἢ</span> <span class='ocrx_word' id='word_1_780' title='bbox 2971 5415 3118 5469; x_wconf 85' lang='grc' dir='ltr'>κατὰ</span> <span class='ocrx_word' id='word_1_781' title='bbox 3154 5414 3254 5485; x_wconf 80' lang='grc' dir='ltr'>τὴν</span> <span class='ocrx_word' id='word_1_782' title='bbox 3291 5409 3471 5464; x_wconf 79' lang='grc' dir='ltr'>αὐτοῦ</span> <span class='ocrx_word' id='word_1_783' title='bbox 3517 5408 3809 5514; x_wconf 62' lang='grc' dir='ltr'>περιέπιπτε</span> 
     </span>
    </p>
   </div>
   <div class='ocr_carea' id='block_1_111' title="bbox 572 5491 2160 5599">
    <p class='ocr_par' dir='ltr' id='par_1_111' title="bbox 572 5491 2158 5599">
     <span class='ocr_line' id='line_1_111' title="bbox 572 5491 2158 5599; baseline -0.01 -8"><span class='ocrx_word' id='word_1_784' title='bbox 572 5491 787 5599; x_wconf 58' lang='lat' dir='ltr'><strong>bratum,</strong></span> <span class='ocrx_word' id='word_1_785' title='bbox 827 5537 893 5588; x_wconf 88' lang='lat' dir='ltr'><strong>ad</strong></span> <span class='ocrx_word' id='word_1_786' title='bbox 926 5491 1291 5588; x_wconf 62' lang='lat' dir='ltr'><strong>dexteriorem</strong></span> <span class='ocrx_word' id='word_1_787' title='bbox 1332 5491 1509 5591; x_wconf 63' lang='lat' dir='ltr'><strong>Steni,</strong></span> <span class='ocrx_word' id='word_1_788' title='bbox 1546 5525 1601 5580; x_wconf 88' lang='lat' dir='ltr'><strong>id</strong></span> <span class='ocrx_word' id='word_1_789' title='bbox 1639 5533 1723 5581; x_wconf 89' lang='lat' dir='ltr'><strong>est</strong></span> <span class='ocrx_word' id='word_1_790' title='bbox 1759 5523 1974 5594; x_wconf 84' lang='lat' dir='ltr'><strong>augusti</strong></span> <span class='ocrx_word' id='word_1_791' title='bbox 2034 5521 2158 5576; x_wconf 76' lang='lat' dir='ltr'><strong>freti</strong></span> 
     </span>
    </p>
   </div>
   <div class='ocr_carea' id='block_1_112' title="bbox 2221 5491 3809 5599">
    <p class='ocr_par' dir='ltr' id='par_1_112' title="bbox 2262 5491 3809 5599">
     <span class='ocr_line' id='line_1_112' title="bbox 2262 5491 3809 5599; baseline -0.011 -29"><span class='ocrx_word' id='word_1_792' title='bbox 2262 5491 2479 5587; x_wconf 82' lang='grc' dir='ltr'>βουλὴν,</span> <span class='ocrx_word' id='word_1_793' title='bbox 2511 5513 2790 5580; x_wconf 71' lang='grc' dir='ltr'>ἐξελαύνει</span> <span class='ocrx_word' id='word_1_794' title='bbox 2838 5511 2938 5583; x_wconf 82' lang='grc' dir='ltr'>μὲν</span> <span class='ocrx_word' id='word_1_795' title='bbox 2967 5510 3267 5581; x_wconf 84' lang='grc' dir='ltr'>τυραννικῇ</span> <span class='ocrx_word' id='word_1_796' title='bbox 3319 5505 3419 5559; x_wconf 81' lang='grc' dir='ltr'><strong>τοῦ</strong></span> <span class='ocrx_word' id='word_1_797' title='bbox 3459 5506 3649 5576; x_wconf 88' lang='grc' dir='ltr'>θρόνου</span> <span class='ocrx_word' id='word_1_798' title='bbox 3675 5491 3809 5599; x_wconf 54' lang='grc' dir='ltr'>χειρὶ.</span> 
     </span>
    </p>
   </div>
   <div class='ocr_carea' id='block_1_113' title="bbox 576 5587 2164 5692">
    <p class='ocr_par' dir='ltr' id='par_1_113' title="bbox 576 5587 2162 5692">
     <span class='ocr_line' id='line_1_113' title="bbox 576 5587 2162 5692; baseline -0.006 -14"><span class='ocrx_word' id='word_1_799' title='bbox 576 5587 892 5692; x_wconf 66' lang='lat' dir='ltr'><strong>regionem,</strong></span> <span class='ocrx_word' id='word_1_800' title='bbox 925 5587 984 5677; x_wconf 4' lang='lat' dir='ltr'><strong>ini</strong></span> <span class='ocrx_word' id='word_1_801' title='bbox 1036 5621 1428 5677; x_wconf 87' lang='lat' dir='ltr'><strong>monasterium</strong></span> <span class='ocrx_word' id='word_1_802' title='bbox 1479 5587 1753 5688; x_wconf 76' lang='lat' dir='ltr'><strong>quoddam</strong></span> <span class='ocrx_word' id='word_1_803' title='bbox 1810 5587 2162 5685; x_wconf 71' lang='lat' dir='ltr'><strong>importunus</strong></span> 
     </span>
    </p>
   </div>
   <div class='ocr_carea' id='block_1_114' title="bbox 2225 5587 3813 5692">
    <p class='ocr_par' dir='ltr' id='par_1_114' title="bbox 2262 5587 3813 5676">
     <span class='ocr_line' id='line_1_114' title="bbox 2262 5587 3813 5676; baseline -0.006 -14"><span class='ocrx_word' id='word_1_804' title='bbox 2262 5611 2418 5664; x_wconf 76' lang='grc' dir='ltr'>ἐννέα</span> <span class='ocrx_word' id='word_1_805' title='bbox 2449 5607 2626 5661; x_wconf 80' lang='grc' dir='ltr'>ἐτεσιν</span> <span class='ocrx_word' id='word_1_806' title='bbox 2663 5607 2765 5676; x_wconf 78' lang='grc' dir='ltr'><strong>ήδη</strong></span> <span class='ocrx_word' id='word_1_807' title='bbox 2795 5603 3170 5666; x_wconf 71' lang='grc' dir='ltr'>ἀποστολικιῖς</span> <span class='ocrx_word' id='word_1_808' title='bbox 3204 5600 3452 5655; x_wconf 78' lang='grc' dir='ltr'>ἰθύναντι</span> <span class='ocrx_word' id='word_1_809' title='bbox 3483 5598 3580 5669; x_wconf 80' lang='grc' dir='ltr'><strong>τὴν</strong></span> <span class='ocrx_word' id='word_1_810' title='bbox 3622 5587 3813 5652; x_wconf 77' lang='grc' dir='ltr'><strong>Ἐκκλη·</strong></span> 
     </span>
    </p>
   </div>
   <div class='ocr_carea' id='block_1_115' title="bbox 577 5685 2165 5781">
    <p class='ocr_par' dir='ltr' id='par_1_115' title="bbox 577 5685 2154 5781">
     <span class='ocr_line' id='line_1_115' title="bbox 577 5685 2154 5781; baseline -0.003 -17"><span class='ocrx_word' id='word_1_811' title='bbox 577 5685 735 5780; x_wconf 66' lang='lat' dir='ltr'><strong>eiecit</strong></span> <span class='ocrx_word' id='word_1_812' title='bbox 786 5715 946 5779; x_wconf 90' lang='lat' dir='ltr'><strong>(cum</strong></span> <span class='ocrx_word' id='word_1_813' title='bbox 1005 5713 1303 5768; x_wconf 79' lang='lat' dir='ltr'><strong>Ecclesiam</strong></span> <span class='ocrx_word' id='word_1_814' title='bbox 1359 5685 1659 5781; x_wconf 74' lang='lat' dir='ltr'><strong>apostolico</strong></span> <span class='ocrx_word' id='word_1_815' title='bbox 1687 5723 1782 5780; x_wconf 84' lang='lat' dir='ltr'><strong>per</strong></span> <span class='ocrx_word' id='word_1_816' title='bbox 1818 5705 2154 5764; x_wconf 84' lang='lat' dir='ltr'><strong>novenuium</strong></span> 
     </span>
    </p>
   </div>
   <div class='ocr_carea' id='block_1_116' title="bbox 2227 5685 3815 5781">
    <p class='ocr_par' dir='ltr' id='par_1_116' title="bbox 2269 5685 3815 5772">
     <span class='ocr_line' id='line_1_116' title="bbox 2269 5685 3815 5772; baseline -0.013 -18"><span class='ocrx_word' id='word_1_817' title='bbox 2269 5702 2410 5770; x_wconf 81' lang='grc' dir='ltr'>σίαν,</span> <span class='ocrx_word' id='word_1_818' title='bbox 2444 5700 2582 5772; x_wconf 81' lang='grc' dir='ltr'>πρὸς</span> <span class='ocrx_word' id='word_1_819' title='bbox 2607 5699 2666 5752; x_wconf 80' lang='grc' dir='ltr'>δὲ</span> <span class='ocrx_word' id='word_1_820' title='bbox 2689 5701 2799 5763; x_wconf 87' lang='grc' dir='ltr'>τοῖς</span> <span class='ocrx_word' id='word_1_821' title='bbox 2829 5697 3022 5764; x_wconf 77' lang='grc' dir='ltr'>δεξιοῖς,</span> <span class='ocrx_word' id='word_1_822' title='bbox 3061 5693 3156 5750; x_wconf 83' lang='grc' dir='ltr'>τοῦ</span> <span class='ocrx_word' id='word_1_823' title='bbox 3179 5691 3377 5748; x_wconf 79' lang='grc' dir='ltr'>Στενοῦ</span> <span class='ocrx_word' id='word_1_824' title='bbox 3411 5691 3608 5762; x_wconf 81' lang='grc' dir='ltr'>μέρεσι</span> <span class='ocrx_word' id='word_1_825' title='bbox 3633 5685 3755 5740; x_wconf 85' lang='grc' dir='ltr'>κατά</span> <span class='ocrx_word' id='word_1_826' title='bbox 3777 5691 3815 5726; x_wconf 79' lang='grc' dir='ltr'>τι</span> 
     </span>
    </p>
   </div>
  </div>
