4022 6388
271 315 367 380 493

1310 311 1485 374 νΙΤΑ
1521 310 1581 369 S.
1626 308 1926 369 IGNATII
1958 310 2066 371 CP.
2109 310 2464 372 ARCHIEP.

3414 320 3526 384 49L

270 425 508 496 σεμνεῖον
549 423 712 478 αὐτὸν
738 424 766 478 ό
789 421 1001 493 ἀπηνὴς
1021 420 1337 494 ὐπερορίξει
1357 437 1372 453 υ
1399 422 1532 474 ὅπου
1554 419 1618 491 δὴ
1642 420 1832 490 χρόνον

1938 424 2241 495 curasset),
2274 424 2362 480 ubi
2411 425 2607 482 beatus
2657 425 2746 482 ille
2781 428 3020 498 septenis
3071 429 3228 488 denis
3261 434 3422 490 annis
3463 436 3524 490 in

269 516 726 571 ἑπτακαιδέκατον
756 517 786 568 ό
846 515 1116 585 μακάριος
1147 516 1352 576 ἐκεῖνος
1373 515 1431 566 ἐν
1462 516 1528 583 τῇ
1556 513 1692 582 καλῇ
1714 512 1834 564 δια-

267 605 540 670 σεσιωκὼς
571 605 854 676 ὁμολογίᾳ,
892 605 1028 675 πρὸς
1076 605 1167 659 τὸν
1200 605 1332 658 Θεὸν
1363 605 1618 675 μετέστη.
1649 602 1837 655 Θεόδο-

267 717 349 753 τον
367 698 425 750 δέ
451 715 573 750 τινα
595 697 704 750 τῶν
748 699 806 752 ἐν
845 696 1147 760 πολιτικοῖς
1183 694 1628 765 φενακιζομένων
1661 691 1832 758 ἀξιώ-

269 807 447 861 μασιν,
499 788 669 858 ἄνδρα
722 787 1208 870 κοσμικοῖςσῆθεσί
1269 804 1325 841 τε
1376 789 1470 841 καὶ
1513 788 1836 859 πράγμασιν

265 878 711 949 ἐντεθραμμένον,
769 878 1028 946 οὐδεμιᾶς
1083 878 1140 930 δὲ
1184 877 1451 942 παιδείας,
1487 878 1546 930 οὐ
1581 878 1837 947 γνώσεως

267 965 468 1035 ἀγαθῆς
527 966 926 1036 μετεσχηκότα,
955 965 1120 1035 μόνον
1154 966 1210 1019 δὲ
1241 967 1339 1035 τῆς
1362 967 1834 1041 Χριστιανοκατη-

264 1054 482 1124 γορικῆς
503 1054 612 1108 τῶν
635 1055 1150 1125 Εἱκονομαχούντων
1176 1054 1443 1126 αἱρέσεως
1474 1054 1721 1128 ζηλωτὴν
1749 1074 1836 1111 νο-

266 1144 574 1215 μιζόμενον,
634 1144 896 1214 κληρικὸν
937 1143 1237 1215 ἀποκείρας
1270 1145 1299 1196 ό
1345 1143 1721 1215 παμὸέὸηλος,
1757 1146 1836 1220 τῷ

263 1235 355 1306 τῆς
400 1235 670 1304 βασιλίδος
723 1235 955 1305 ὲνιδρύει
1012 1235 1206 1307 θρόνῳ.
1266 1235 1548 1290 Ἐντεῦθεν
1593 1238 1834 1309 διωγμὸν

267 1326 455 1397 πικρὸν
490 1325 588 1379 καὶ
641 1325 1012 1397 ἀπάνθρωπον
1054 1327 1196 1378 κατὰ
1225 1326 1335 1378 τῶν
1372 1327 1617 1380 εὐσεϐεῖν
1652 1328 1836 1399 βουλο-

267 1417 436 1488 μένων
458 1417 896 1487 ἐπανῃρημένος,
925 1409 1053 1488 εῦρε
1068 1415 1134 1486 δὴ
1157 1417 1296 1470 κατά
1319 1415 1487 1480 πόδας
1521 1418 1616 1471 καὶ
1637 1418 1706 1472 τά
1737 1420 1836 1488 τῆς

265 1507 532 1579 ἁμαρτίας
557 1507 764 1576 ὀψώνια
788 1507 878 1561 τὸν
898 1507 1147 1572 θάνατον,
1183 1509 1239 1561 ἐν
1275 1508 1416 1562 ἐπτά
1441 1508 1540 1578 μὲν
1561 1509 1706 1565 ἔτεσι
1741 1511 1838 1564 καὶ

269 1599 453 1670 μικρόν
473 1617 526 1651 τι
549 1599 686 1670 πρὸς
711 1599 810 1668 τῆς
827 1598 1064 1669 ἀρχικῆς
1096 1598 1350 1665 ἐξουσίας
1384 1617 1653 1672 συντετμη
1664 1601 1834 1672 μένης

265 1691 425 1761 αὐτῷ,
461 1693 520 1745 ἐν
550 1694 738 1760 μέσοις
769 1691 826 1745 δὲ
863 1693 978 1756 τοῖς
1031 1691 1247 1755 ἀδύτοις
1280 1690 1376 1744 τοῦ
1405 1692 1536 1746 ναοῦ
1567 1693 1665 1762 τῆς
1705 1692 1836 1746 Θεο-

267 1783 511 1851 μήτορος,
537 1781 598 1834 ὃν
643 1781 708 1851 δὴ
758 1781 934 1851 Φάρον
987 1783 1044 1834 ἐν
1075 1781 1152 1852 τῷ
1194 1783 1440 1854 παλατίῳ
1485 1783 1641 1852 φασὶ,
1675 1784 1834 1848 κυνὸς
1865 1776 1911 1836 Β

265 1873 448 1943 τρόπον
477 1875 590 1936 τοῖς
613 1871 846 1940 ξίφεσιν.
899 1874 955 1926 '0
989 1874 1088 1944 μὲν
1123 1869 1216 1927 οὖν
1245 1872 1391 1929 οὕτω
1431 1875 1734 1946 φιλοτίμως
1767 1876 1838 1929 τὰ

268 1960 359 2031 τῆς
401 1961 658 2022 ἀσεδείας
716 1961 1005 2032 σπέρματα
1048 1962 1513 2034 καταϐαλόμενος,
1555 1965 1838 2033 ἀναλόγως

270 2051 369 2104 τῶν
413 2051 574 2106 αὐτοῦ
632 2052 812 2105 πόνων
864 2051 1134 2122 ἐτρύγησε
1181 2053 1276 2106 καὶ
1323 2054 1422 2117 τὰς
1475 2053 1832 2124 ἐπικαρπίας.

275 2141 475 2210 Μιχαὴλ
507 2142 633 2212 γὰρ,
675 2141 740 2193 δν
783 2141 878 2195 καὶ
934 2125 1141 2196 Ψελλόν
1188 2161 1342 2214 φασι,
1378 2143 1700 2214 δομέστικος
1723 2145 1833 2198 τῶν

282 2229 580 2295 ἐξκουὸίτων
637 2230 712 2284 ὢν
771 2232 914 2298 τότε,
979 2235 1076 2288 καὶ
1127 2234 1202 2298 ὡς
1249 2236 1540 2306 τυραννίδα
1592 2236 1833 2306 μελετῶν

275 2321 584 2393 διαϐληθεὶς,
626 2323 717 2376 καὶ
770 2324 1206 2392 κατακλεισθεὶς,
1253 2327 1342 2381 διὰ
1397 2328 1504 2381 τῶν
1563 2316 1729 2382 αὐτοῦ
1775 2328 1832 2383 δὲ

275 2415 588 2485 συνωμοτῶν
635 2418 732 2470 καὶ
778 2419 1162 2472 συνασπιστῶν
1192 2418 1498 2489 λεληθότως
1526 2423 1640 2484 τοῖς
1676 2420 1832 2492 βασι-

263 2504 416 2568 λείοις
458 2507 513 2558 ἐν
561 2509 801 2580 σχήματι
849 2508 1127 2579 κληρικῶν
1159 2511 1580 2566 ἐπεισελθόντων
1609 2513 1832 2584 ὄρθρου,

259 2595 462 2650 καὶτὸν
487 2597 750 2668 τύραννον
799 2599 1176 2670 ἀνῃρηκότων,
1221 2599 1388 2663 αὐτὸς
1437 2599 1600 2664 εὐθὺς
1626 2601 1826 2670 ἀναγο-

257 2685 478 2753 ρευθεὶς,
531 2688 622 2742 τὸν
665 2689 765 2758 μὲν
809 2689 868 2744 ἐν
911 2689 1099 2761 σάκκῳ
1147 2691 1597 2762 συγκεκομμένον
1623 2691 1822 2762 βαλὼν,

1938 515 2198 584 praeclara
2249 516 2598 573 confessiOne
2631 519 2872 582 exactis,
2911 522 2976 576 ad
3028 521 3196 578 Deum
3247 527 3522 597 migravit.

1936 604 1996 658 In
2064 605 2261 660 throno
2312 621 2442 660 vero
2505 605 3108 678 Constantinopolitano
3175 613 3521 680 Theodotum

1939 698 2228 767 quemdam
2266 698 2510 767 profanis
2549 699 2792 756 moribus
2816 717 2880 756 ac
2906 705 3136 773 negotiis
3163 707 3518 776 innutritum,

1940 799 2107 858 atque
2137 789 2316 844 omnis
2339 789 2601 845 doctrinae
2624 801 2678 846 et
2708 791 2949 848 liberalis
2969 793 3272 864 disciplinae
3293 805 3521 867 prorsus

1939 890 2218 948 expertem
2243 881 2380 950 (hoc
2407 891 2588 937 tamen
2617 898 2749 948 uno,
2775 886 2922 953 quod
2949 883 3291 944 Christianos
3318 891 3526 946 ealiim-

1941 972 2148 1027 niantis
2172 971 2659 1028 lconomaehorum
2683 975 2954 1032 haereseos
2980 979 3268 1034 aemulator
3291 983 3525 1038 habere-

1941 1063 2066 1130 tur)
2093 1071 2372 1118 attonsum
2409 1065 2830 1134 pt'ofaniSsimus
2873 1069 3182 1124 collocavit.
3215 1069 3356 1127 Hinc
3384 1089 3527 1128 saeva

1940 1151 2259 1222 crudeliQtte
2298 1154 2512 1224 piorum
2548 1158 2835 1212 vexatione
2885 1157 3130 1214 instituta
3153 1200 3168 1226 ,
3218 1161 3376 1230 juxta
3410 1164 3527 1217 rias

1941 1257 2093 1308 suas,
2130 1245 2403 1313 stipendia
2443 1247 2650 1314 peccati
2685 1257 2916 1302 mortem
2947 1250 3172 1319 accepit.
3210 1249 3346 1306 Nam
3379 1253 3522 1307 intra

1939 1337 2280 1404 septemtium
2324 1347 2378 1392 rt
2406 1340 2570 1407 paulo
2601 1339 2721 1408 plus
2770 1340 2915 1409 regia
2945 1351 3208 1410 potestate
3259 1343 3338 1398 illi
3387 1354 3527 1414 prae-

1938 1429 2084 1491 risa,
2123 1431 2176 1484 in
2219 1431 2414 1485 mediis
2445 1431 2540 1486 Dei
2578 1431 2768 1486 Matris
2795 1434 2981 1503 templi
3011 1434 3194 1504 (quod
3225 1436 3278 1490 in
3314 1437 3524 1506 palatio

1938 1517 2175 1573 Pharum
2197 1523 2533 1591 nuneupant)
2548 1522 2745 1592 adytis,
2772 1523 2982 1590 infelix,
3004 1525 3112 1579 ritu
3133 1527 3307 1593 canis,
3328 1527 3527 1598 gladiis

1942 1609 2226 1665 confertus
2245 1619 2350 1665 est.
2373 1609 2474 1674 lta,
2494 1627 2658 1680 quam
2686 1619 2834 1666 tanta
2860 1616 3210 1670 contentione
3231 1616 3527 1684 impietatis

1940 1709 2240 1758 sementem
2300 1701 2459 1767 fecit,
2517 1704 2661 1758 hanc
2712 1720 2929 1773 quoque
2983 1706 3228 1761 laborum
3297 1723 3524 1762 suorum

1942 1809 2174 1848 messem
2211 1795 2448 1864 collegit.
2484 1795 2694 1850 Etenim
2724 1797 2950 1852 Michael
2982 1798 3204 1866 Balbus,
3233 1802 3520 1856 excubito-

1941 1895 2063 1934 rum
2114 1888 2225 1934 tum
2274 1881 2561 1950 praefectus
2588 1923 2603 1947 ,
2637 1899 2732 1938 seu
2764 1884 3124 1952 domesticus,
3163 1888 3231 1942 de
3265 1889 3520 1944 affectata

1941 1982 2108 2038 regno
2130 1967 2361 2036 delatus,
2391 1979 2445 2024 et
2467 1971 2520 2025 in
2549 1972 2857 2027 custodiam
2881 1974 3064 2041 datus,
3091 1991 3121 2030 λ
3143 1979 3529 2032 commilitoni-

1940 2054 2044 2110 bus
2071 2057 2185 2112 suis
2205 2067 2259 2112 et
2275 2059 2441 2114 sociis
2467 2061 2992 2132 conjurationis,qui
3024 2064 3348 2120 clericorum
3373 2068 3530 2121 babio

1938 2155 2052 2199 tum
2083 2147 2350 2213 ementiti,
2381 2149 2520 2202 clam
2554 2165 2771 2206 summo
2795 2166 2954 2206 mane
2982 2155 3243 2222 palatium
3289 2155 3527 2224 ingressi

1939 2245 2231 2306 tyrannum
2264 2239 2616 2304 occiderunt,
2650 2243 2922 2312 extemplo
2955 2245 3249 2314 imperator
3280 2256 3528 2303 estcon-

1938 2329 2239 2386 salutatus:
2263 2333 2354 2402 qui
2379 2341 2670 2406 tyrannum
2697 2336 3004 2400 concisum,
3030 2346 3191 2407 atque
3222 2340 3273 2392 in
3306 2355 3527 2395 saccum

1936 2419 2270 2488 conjectum,
2296 2423 2350 2479 in
2383 2423 2556 2478 insula
2582 2424 2766 2490 Prota,
2793 2427 2910 2480 sine
2938 2427 3048 2481 ttllo
3079 2441 3365 2498 apparatu,
3403 2447 3529 2486 con-

1936 2511 2180 2580 temptim
2195 2513 2412 2582 sepeliri
2441 2515 2715 2584 prmcepit,
2737 2516 3050 2587 liberosque
3073 2521 3300 2574 castrari
3325 2531 3378 2574 ct
3410 2530 3533 2576 ton-

1935 2601 2050 2659 deri
2072 2605 2177 2659 :uti
2198 2602 2482 2675 Scriptura
2504 2617 2656 2672 teste,
2678 2606 2971 2663 Com-orsus
2991 2611 3037 2663 si
3071 2611 3222 2664 labor
3234 2615 3349 2682 ejus
3368 2614 3423 2666 iu
3445 2631 3532 2670 ca.

1934 2707 2028 2764 put
2050 2695 2187 2765 ejus,
2203 2713 2264 2751 ac
2279 2698 2336 2750 in
2351 2697 2466 2766 ejus
2497 2701 2740 2753 verticem
2767 2701 3026 2770 iniquitas
3043 2704 3155 2772 ejus
3177 2705 3529 2760 descenderit.

252 2775 328 2837 είς
349 2776 445 2847 τὴν
467 2778 698 2849 Πρώτην
733 2780 1074 2852 καλουμένην
1103 2782 1266 2853 νῆσον
1286 2783 1498 2855 ἀτίμως
1522 2786 1822 2857 προσέταξε
1877 2788 2142 2857 ταφῆναι,
2199 2790 2325 2854 τούς
2384 2808 2444 2844 τε
2509 2793 2674 2847 αὐτοῦ
2744 2794 2894 2857 υίοῦς
2966 2796 3380 2867 εὐνουχισθῆναι
3440 2800 3535 2852 καὶ

250 2870 480 2940 καρῆναι
502 2888 517 2901 °
541 2871 622 2940 ὡς
643 2872 1004 2942 ἐπιστρέψαι
1043 2872 1152 2930 τὸν
1179 2874 1375 2931 πόνον
1405 2877 1591 2933 αὑτοῦ
1613 2876 1716 2932 ἐπὶ
1745 2877 1861 2948 τὴν
1886 2879 2164 2949 κεφαλὴν
2182 2879 2393 2949 αὐτοῦ,
2421 2884 2564 2938 κατᾶ
2608 2883 2708 2954 τὴν
2739 2885 2984 2955 Γραφὴν,
3011 2886 3230 2940 καὶέπὶ
3255 2889 3534 2959 κορυφὴν

244 2964 427 3019 αὐτοῦ
456 2965 574 3034 τὴν
595 2967 787 3022 αὑτοῦ
820 2967 1063 3028 ἀδικίαν
1090 2969 1445 3039 καταϐῆναι.

310 3059 482 3123 Αὐτὸς
535 3059 592 3113 δέ
647 3060 871 3132 Μιχαὴλ
936 3063 1282 3135 Ἀμοριανὺς,
1329 3064 1425 3118 καὶ
1483 3064 1582 3136 τὴν
1619 3066 1830 3138 αἵρεσιν

2004 3065 2233 3122 Michael
2260 3079 2423 3134 porro
2445 3064 2774 3120 Amor-ianus
2799 3066 2996 3134 patria,
3033 3074 3292 3136 sectaque
3323 3064 3533 3122 Subba-

244 3149 618 3215 Σαϐϐατιανὸς
669 3152 768 3220 ὢν,
822 3153 916 3207 ἐπὶ
963 3155 1121 3209 ἐννέα
1149 3155 1250 3227 μὲν
1287 3157 1516 3227 χρόνους
1546 3159 1640 3210 καὶ
1666 3158 1837 3228 ἥμισυ

1945 3161 2125 3215 tianus
2151 3201 2166 3224 ,
2192 3157 2424 3230 sceptris
2454 3161 2668 3229 imperii
2701 3175 2799 3229 per
2825 3161 3158 3214 novennium
3186 3170 3242 3216 et
3265 3171 3531 3219 semestre

240 3241 306 3292 τὰ
335 3241 598 3312 σκῆπτρα
623 3242 798 3296 διεῖπε
828 3245 926 3315 τῆς
949 3243 1151 3317 ἀρχῆς,
1175 3246 1436 3316 οὐδεμίαν
1475 3245 1533 3299 δὲ
1555 3249 1652 3318 τῆς
1683 3247 1837 3318 ὀρθο-

1944 3251 2217 3317 tractatis,
2262 3261 2424 3306 recta).
2472 3252 2755 3322 religionis
2815 3268 3004 3306 curam
3056 3253 3224 3321 gessit
3272 3253 3527 3309 nullam:

239 3333 420 3398 δοξίας
445 3335 713 3407 φροντίδα
761 3338 1024 3403 ἐποιεῖτο,
1059 3337 1198 3392 ἀλλά
1235 3338 1332 3392 καὶ
1381 3337 1502 3408 βίαν
1537 3341 1651 3401 τοῖς
1681 3340 1837 3392 εὐσε-

1942 3344 2176 3398 subinde
2229 3353 2411 3398 tamen
2443 3360 2586 3399 vera:
2619 3343 2840 3412 pietatis
2866 3345 3126 3398 studiosis
3176 3345 3286 3398 vim
3327 3346 3528 3400 attulit.

237 3423 350 3476 δεῖν
361 3426 647 3480 ἐθέλουσιν
669 3428 893 3499 ἐπῆγεν.
907 3428 1161 3482 Θεοδότου
1174 3429 1230 3483 δὲ
1245 3428 1337 3483 τοῦ
1356 3430 1672 3499 Κασσιτερᾶ
1686 3429 1837 3498 λεγο-

1943 3429 2420 3498 Tlteodoto,quem
2447 3430 2777 3484 Cassiteram
2801 3431 3210 3499 appellitabant,
3235 3433 3528 3498 exstincto,

238 3515 400 3586 μένου
423 3517 777 3590 τεθνηκότος,
798 3521 890 3574 τὸν
912 3520 1260 3591 Βυρσοδέψην
1288 3519 1623 3591 καλούμενον
1639 3520 1837 3574 Ἀντώ-

1942 3518 2169 3572 Michael
2203 3517 2540 3584 Antonium,
2587 3527 2951 3586 cognomento
3000 3516 3393 3587 Byrsodepsam
3425 3519 3528 3591 (2),

235 3626 371 3674 νιον,
397 3611 820 3682 μητροπολίτην
838 3612 936 3682 μέν
949 3612 1050 3682 ἤδη
1066 3612 1286 3684 Πέργης
1309 3613 1622 3682 γενόμενον,
1635 3613 1837 3683 καὶτῆς

1938 3610 2050 3678 jam
2085 3609 2268 3680 Pergus
2301 3609 2736 3678 metropolitani,
2776 3618 2830 3663 et
2872 3610 3144 3665 haereseos
3185 3612 3530 3684 participem,

231 3699 498 3770 αἱρέσεως
522 3699 1137 3770 κοινωνὸν,σχολάζοντα
1155 3700 1230 3764 δὲ,
1253 3701 1281 3754 ό
1294 3700 1454 3764 αὐτὸς
1469 3701 1687 3773 Μιχαὴλ
1707 3702 1837 3755 ἀνα-

1943 3710 2073 3756 tunc
2114 3701 2367 3768 accersit,
2403 3701 2670 3770 urbisque
2699 3701 2862 3770 regia:
2887 3702 3256 3771 patriarcham
3280 3718 3530 3772 pronun-

230 3790 410 3845 λαϐὼν
439 3832 458 3858 ,
495 3792 764 3863 ἀρχιερέα
805 3791 1432 3854 Κωνσταντινουπόλεως
1466 3792 1834 3848 ἀποδείκνυσι.
1945 3795 2068 3849 fiat.

300 3884 462 3938 Μετά
490 3884 556 3937 δὲ
582 3883 673 3935 τὸν
694 3882 918 3954 Μιχαὴλ
959 3882 1222 3952 Θεόφιλος
1243 3883 1272 3936 ό
1297 3882 1411 3947 υίὸς
1453 3884 1548 3937 ἐπὶ
1580 3884 1712 3937 δέκα
1743 3885 1837 3938 καὶ

2007 3885 2322 3941 Secundum
2368 3884 2684 3941 llichaelem
2722 3885 3081 3956 TheOpliilus,
3129 3887 3413 3943 Michaelis
3461 3887 3529 3942 fi-

229 3975 379 4043 τρεῖς
412 3974 657 4044 χρόνους
707 3973 984 4045 ἐγκρατὴς
1015 3973 1229 4043 γίνεται
1264 3973 1364 4043 τῆς
1399 3973 1700 4044 βασιλείας.
1724 3975 1836 4029 Καὶ

1938 3978 2064 4042 lius,
2081 3978 2311 4046 sceptris
2325 3979 2524 4047 potitus
2541 3991 2714 4033 annos
2729 3978 2986 4032 tredecim
3003 3978 3284 4047 imperarit
3299 3995 3314 4044 ;
3331 3990 3529 4034 caetera

229 4058 297 4134 ἦν
331 4060 511 4118 τᾶλλα
545 4064 672 4134 μὲν,
717 4063 791 4128 ὥς
828 4082 1018 4134 φασιν,
1084 4065 1145 4117 οὐ
1179 4065 1371 4130 κακὸς,
1409 4065 1506 4119 καὶ
1531 4065 1834 4136 δικαιοκρι-

1938 4085 2044 4125 non
2077 4070 2252 4123 malus
2275 4110 2291 4135 ,
2323 4070 2597 4138 aequitatis
2635 4084 2856 4140 quoque
2891 4077 3286 4141 propugnator.
3317 4068 3421 4123 Sed
3471 4070 3529 4124 in

230 4155 353 4220 σίας
399 4155 780 4226 ἀντεχόμενος
801 4172 814 4186 ·
846 4155 944 4226 τὴν
982 4156 1240 4226 ἀθέτησιν
1279 4156 1340 4209 δὲ
1391 4156 1502 4208 τῶν
1529 4157 1713 4226 ιερῶν,
1737 4158 1833 4211 καὶ

1938 4176 2217 4216 sacrarum
2272 4161 2570 4230 imaginum
2616 4162 2978 4217 insectatione
3011 4160 3160 4217 nullo
3214 4169 3360 4219 retro
3401 4159 3526 4213 Ico-

231 4245 320 4297 τόν
352 4247 465 4300 τῶν
497 4245 806 4318 ὁρθοδόξων
836 4246 1077 4316 διωγμὸν
1118 4245 1354 4312 οὐδενὸς,
1385 4245 1460 4310 ὡς
1494 4248 1690 4311 εἰπεῖν,
1722 4245 1831 4299 τῶν

1938 4255 2326 4308 nomachorum
2351 4253 2576 4308 inferior
2627 4253 2933 4309 habebatur
2963 4255 3435 4326 credebaturque:
3467 4252 3526 4313 id

231 4335 338 4406 πρὸ
363 4337 541 4392 αὐτοῦ
574 4336 816 4391 διωκτῶν
845 4335 1125 4408 ἐνομίζετο
1154 4337 1484 4408 κουφότερος
1509 4352 1524 4368 ο
1551 4337 1645 4390 καὶ
1674 4335 1832 4390 τοῦτο

1938 4357 2064 4396 vero
2096 4341 2333 4395 tuaxie
2374 4340 2627 4406 Joannis,
2662 4357 2826 4410 quem
2859 4340 3101 4396 Antonio
3144 4343 3528 4412 patriarcham

235 4426 566 4486 ἐπιστεύετο
617 4423 759 4484 εἶναι
789 4428 886 4482 καὶ
927 4428 1172 4498 γίνεσθαι
1208 4428 1269 4494 ἐξ
1293 4428 1563 4499 ὑποϐολῆς
1599 4429 1835 4500 μάλιστα

1942 4433 2254 4497 suffecerat,
2284 4433 2525 4502 impulsu
2553 4431 2777 4489 fecisse.

235 4517 330 4572 τοῦ
375 4520 658 4583 Ἰωάννου,
689 4519 748 4574 ὃν
775 4523 916 4593 μετὰ
947 4521 1040 4575 τὸν
1075 4520 1361 4575 Ἀντώνιον
1383 4523 1590 4585 ἐκεῖνος
1614 4521 1709 4575 ἐπὶ
1746 4520 1837 4576 τὸν

241 4613 648 4684 πατριαρχικὸν
675 4611 858 4682 ὓψωσε
889 4612 1098 4684 θρόνον.

315 4702 403 4756 Ἐν
424 4703 652 4767 τούτοις
681 4702 789 4756 τῶν
803 4720 862 4758 τε
895 4703 1186 4758 πολιτικῶν
1204 4705 1297 4758 καὶ
1321 4704 1430 4758 τῶν
1453 4704 1834 4776 ἐκκλησιαστο-

2003 4707 2062 4763 lu
2089 4707 2194 4761 hoc
2221 4720 2404 4760 rerum
2431 4713 2576 4760 statu
2597 4719 2722 4759 cum
2741 4719 2828 4760 res
2843 4703 3094 4760 etciviles
3117 4711 3173 4758 et
3193 4704 3526 4760 ecclesiasti-

227 4791 341 4847 κῶν
371 4795 735 4866 πραγμάτων
773 4795 1089 4865 ὁρωμένων,
1133 4796 1231 4850 καὶ
1292 4795 1388 4848 ἐπὶ
1432 4796 1831 4868 τριακονταὲτη

1938 4813 2012 4854 eae
2034 4805 2404 4862 versarentur,
2436 4795 2677 4852 Ecclesia
2702 4795 2974 4850 catholica
3003 4803 3147 4850 totos
3177 4796 3398 4866 triginta
3430 4811 3526 4852 an-

225 4885 422 4954 χρόνον
478 4886 594 4956 τῆς
642 4885 1050 4958 ὀρθοτομούσης
1100 4887 1203 4958 μὲν
1239 4887 1569 4956 Ἐκκλησίας
1615 4889 1832 4960 μυρίοις

1938 4903 2036 4945 nos
2056 4889 2316 4960 periculis
2343 4888 2852 4950 innumerabilibus,
2895 4897 2950 4942 et
2975 4888 3236 4944 aerumnis
3254 4885 3559 4946 caedibus-1

224 4977 372 5041 ὅσοις
413 4979 702 5042 κινδύνοις
734 4979 829 5032 καὶ
890 4978 1143 5043 θανάτοις
1182 4981 1278 5034 καὶ
1309 4980 1524 5051 θλίψεσι
1569 4998 1834 5052 προσομο-

1938 4995 2043 5050 que
2072 4979 2402 5042 conflictata,
2451 4994 2572 5033 cum
2603 4979 2752 5048 impii
2789 4985 2976 5033 sancta
3009 4978 3258 5048 profanis
3290 4978 3523 5048 pedibus

220 5066 456 5141 λούσης,
493 5070 615 5125 τῶν
647 5069 860 5124 ἀσεϐῶν
883 5069 944 5122 δὲ
974 5070 1041 5123 τά
1070 5071 1202 5143 ἅγια
1249 5070 1708 5127 καταπατούντων
1737 5069 1833 5139 βε-

1938 5073 2341 5138 conculcarent,
2375 5081 2428 5127 et
2457 5085 2613 5126 sacra
2653 5072 2875 5141 pollutis
2927 5072 3183 5126 manibus
3215 5078 3524 5125 contrecta-

224 5159 417 5233 6ηλοις
454 5163 620 5226 ποσὶ,
665 5164 760 5217 καὶ
804 5163 1139 5235 ἀκαθάρτοις
1180 5165 1252 5218 τὰ
1299 5164 1419 5218 θεῖα
1453 5162 1833 5235 μεταχειριζο-

1938 5171 2144 5229 tarent,
2178 5161 2399 5216 Nicetes
2431 5163 2548 5217 sive
2574 5161 2834 5232 lgnatius,
2887 5162 3034 5216 velut
3063 5159 3522 5232 generosissimus

223 5253 415 5322 μένων
449 5255 646 5325 χερσὶ,
675 5254 921 5324 Νικήτας
942 5258 970 5309 ὁ
1003 5257 1099 5308 καὶ
1141 5255 1426 5324 Ἰγνάτιος,
1452 5249 1541 5309 οἷά
1562 5273 1646 5318 τις
1682 5257 1837 5323 εὐγε-

1939 5256 1992 5310 in
2017 5255 2182 5310 domo
2207 5253 2424 5308 Domini
2449 5254 2704 5310 surculus
2735 5255 3014 5324 plantatus
3041 5263 3098 5309 et
3130 5258 3183 5308 in
3219 5251 3374 5307 atriis
3396 5265 3520 5304 mo-

215 5348 492 5411 νέστατος
525 5346 710 5418 δρπηξ
739 5349 800 5400 ἐν
831 5347 908 5420 τῷ
936 5347 1073 5420 οἴκῳ
1103 5347 1199 5402 τοῦ
1224 5347 1362 5402 Θεοῦ
1394 5347 1703 5417 φυτευθεὶς,
1740 5347 1835 5401 καὶ

1943 5351 2168 5404 nastica:
2191 5347 2317 5403 vita:
2336 5347 2621 5410 educatus,
2647 5362 2748 5402 nec
2773 5347 2820 5402 ei
2855 5347 2950 5416 qui
2981 5347 3158 5417 ipsum
3182 5346 3521 5439 plantaverat

212 5438 273 5492 ἐν
309 5442 446 5504 ταῖς
473 5439 681 5504 αὐλαῖς
711 5439 809 5512 τῆς
849 5440 1145 5512 μοναδικῆς
1188 5440 1464 5505 πολιτείας
1494 5440 1831 5511 ἐξηνθηκὼς,

1943 5435 2343 5500 infructuosus,
2362 5449 2464 5490 nec
2486 5434 2552 5489 ad
2572 5432 2808 5513 speciem
2838 5431 2986 5490 foliis
3015 5441 3226 5490 tantum
3257 5431 3517 5528 copiosis,

209 5530 316 5585 οὐκ
345 5532 605 5604 ἔμελλεν
631 5532 876 5604 ἄκαρπος
903 5531 1137 5588 ἐνώπιον
1159 5533 1253 5616 τοῦ
1291 5531 1657 5602 φυτεύσαντος
1671 5531 1833 5586 αὐτὸν

1942 5538 2005 5584 ut
2036 5526 2327 5585 maledicta
2366 5526 2456 5582 illa
2487 5525 2744 5591 ficulnea,
2781 5524 2888 5619 hoc
2917 5533 3025 5589 est,
3075 5522 3406 5578 indumentis
3433 5522 3522 5572 ui-

207 5623 488 5693 όρᾶσθαι,
555 5616 680 5678 οὐδέ
731 5603 950 5696 φύλλοις
990 5603 1178 5698 μόνον,
1227 5624 1404 5680 ε-ῖτονν
1445 5621 1833 5696 ἀπειροκάλως

1943 5621 2019 5678 hil
2057 5620 2184 5677 boni
2224 5618 2633 5677 continentibus
2700 5607 2963 5674 visendus
3014 5634 3028 5671 :
3080 5614 3174 5674 sed
3207 5613 3303 5684 qui
3359 5625 3520 5669 secus

279 5741 366 5810 (2)
403 5739 541 5796 [loc
569 5751 652 5796 est
678 5741 997 5800 curiarium.
