4022 6386
471 339 576 402 495

1672 322 1962 384 ΝΙΟΕΤίἘ
1993 318 2516 381 PAPIILAGONIS

3614 287 3716 368 49's

474 449 771 508 ('miestium
802 457 1066 514 aquarum
1101 440 1386 504 decursus,
1412 447 1468 494 et
1492 437 1792 494 uberrimos
1815 434 2050 504 Spiritus

2159 433 2412 503 ἐνδύμασι
2437 431 2610 502 κομᾷν
2644 427 2740 482 καὶ
2766 425 3000 490 στολαῖς,
3027 419 3169 476 κατά
3206 418 3305 486 τὴν
3333 415 3716 487 κατηραμένην

471 540 646 598 sancti
680 537 857 591 fontes
908 535 1066 599 situs,
1119 543 1174 587 et
1205 531 1400 587 Vetus.
1424 544 1584 584 omne
1613 527 2041 587 Testamentum,

2151 526 2366 595 ἐκείνην
2405 523 2576 593 συκῆν
2599 538 2612 551 ο
2655 520 2780 588 παρ’
2811 518 2967 570 ὕδασι
3000 514 3056 568 δὲ
3091 513 3258 574 θείοις
3278 509 3374 564 καὶ
3402 506 3718 578 ἀφθονώτα-

440 643 446 652 ‘
470 633 791 700 Novumque
819 636 988 682 totum
1012 625 1322 689 meditatus,
1354 634 1658 678 sanctorum
1689 619 1906 673 Patrum
1932 632 2046 670 mo-

2159 634 2264 680 τοις
2317 615 2412 668 τοῦ
2467 612 2781 682 Πνεύματος
2841 609 3018 678 μένων
3051 603 3356 674 ἐπιρροαῖς,
3392 599 3490 653 καὶ
3541 599 3721 652 πᾶσαν

449 722 751 780 'nutncntis
781 719 1026 774 studiose
1072 717 1341 779 addictus,
1382 714 1596 768 illorum
1631 720 1681 764 et
1732 708 1873 763 facta
1919 705 2044 760 imi-

447 802 677 878 ‘tando,
721 822 777 866 et
804 809 1288 879 contemplationes
1341 813 1523 860 mente
1563 801 1912 864 revolvendo,
1961 807 2045 850 to-

475 921 702 977 tumque
722 904 1033 959 interiorem
1061 900 1333 954 hominem
1358 890 2042 966 saginandoconfirmatus,

481 998 826 1054 dulcissimos
875 991 1092 1047 virtutis
1129 989 1339 1044 fructus
1375 989 1483 1041 Deo
1519 983 1892 1054 progignebat.
1927 980 2048 1034 Pri-

479 1109 630 1150 mum
664 1093 847 1158 itaque
875 1081 1287 1153 temperantiam
1324 1079 1376 1132 in
1425 1076 1768 1138 abstinendo,
1807 1071 2047 1127 studtutn

481 1188 536 1240 in
569 1181 862 1253 vigilando,
892 1174 1114 1246 psalmis
1134 1169 1413 1230 canendis,
1436 1166 1653 1237 quando
1672 1163 2046 1233 idjubebatnr,

485 1274 867 1347 precandoque
904 1263 1216 1337 proferebat
1247 1279 1260 1314 :
1298 1259 1434 1314 adde
1457 1258 1628 1313 callos
1679 1257 1732 1309 in
1783 1254 2046 1323 genibus,

485 1345 774 1435 lacryrnas,
817 1355 1050 1427 pectoris
1094 1351 1363 1420 planctus,
1405 1349 1600 1419 lingum
1634 1345 2046 1408 continentiam,

481 1456 878 1518 verberumque
921 1443 1288 1508 tolerantiam,
1320 1457 1350 1494 a
1380 1440 1673 1511 padagogo
1703 1437 1896 1493 tetrico
1927 1449 2053 1503 pra-

481 1549 640 1615 vique
665 1541 856 1612 judicii
882 1533 1484 1597 homineinflictorum,
1517 1531 1610 1600 qui
1642 1529 1810 1593 illum,
1843 1536 1901 1581 ut
1930 1525 2047 1579 Ico-

476 1635 759 1691 nomachis
800 1629 1218 1701 gratificaretur,
1264 1625 1400 1679 dure
1443 1620 1735 1677 admodum
1780 1615 2047 1672 educavit.

469 1728 554 1782 Ad
579 1726 695 1779 hac
720 1723 995 1776 lenitatem
1022 1758 1037 1784 ,
1070 1715 1348 1785 animique
1375 1712 1785 1775 demissionem,
1815 1722 2052 1778 ergaque

2156 710 2254 781 μὲν
2282 706 2524 761 Παλαιὰν
2556 704 2850 773 Διαθήκην,
2913 700 3094 751 πᾶσαν
3129 696 3186 748 δὲ
3214 693 3360 746 Νέαν
3388 689 3720 760 ἐκμελετῶν,

2154 801 2363 871 πᾶσιβὲ
2397 799 2574 867 λόγοις
2599 796 2708 850 τῶν
2743 793 2902 865 ἱερῶν
2926 789 3188 856 Πατέρων
3213 784 3724 857 φιλοπείρως,ἐσχοο

2152 893 2356 956 λακὼς,
2389 892 2483 944 καὶ
2523 888 2726 942 τούτων
2771 887 2872 956 τήν
2913 900 2971 936 τε
3003 880 3200 951 πρᾶξιν
3243 876 3601 948 μιμούμενος,
3635 874 3724 927 καὶ

2153 989 2252 1058 τὴν
2277 985 2506 1056 Θεωρίαν
2553 979 2964 1048 ἀναλεγόμενος,
3027 974 3122 1027 καὶ
3175 969 3270 1024 τὸν
3318 967 3468 1030 ὲντδς
3510 965 3721 1036 ἀνθρω-

2157 1096 2257 1132 πον
2317 1077 2454 1137 ὅλως
2514 1070 2866 1140 πιαινόμενος
2929 1069 2986 1119 ἐν
3038 1063 3249 1124 τούτοις
3278 1060 3372 1114 καὶ
3430 1057 3724 1129 κραταιού-

2167 1183 2350 1238 μενος,
2384 1162 2724 1232 καρποφορεῖ
2769 1158 2860 1211 τὸν
2885 1157 3101 1226 ἣδιστον
3136 1152 3236 1220 τῆς
3268 1149 3470 1219 ἀρετῆς
3515 1145 3723 1216 καρπὸν

2155 1237 2232 1326 τῷ
2256 1255 2392 1324 Θεῷ.
2428 1251 2782 1322 Καρποφορεί
2824 1245 3038 1316 πρῶτον
3096 1241 3192 1313 μὲν
3243 1238 3522 1308 νηστείαν,
3552 1237 3722 1306 ἀγρυ-

2157 1347 2338 1409 πνίαν,
2397 1341 2717 1414 ψαλμῳδίαν
2755 1334 3212 1404 ἐπιτεταγμένην,
3261 1331 3356 1384 καὶ
3394 1327 3722 1398 προσευχὰς,

2155 1436 2345 1498 τύλους
2381 1434 2644 1503 γονάτων,
2683 1430 2912 1500 δάκρυα,
2943 1424 3153 1495 στηθῶν
3179 1423 3515 1492 ἐπιτίμησιν,
3552 1418 3723 1486 γλώσ-

2159 1543 2258 1595 σης
2303 1523 2652 1594 ἐγκράτειαν,
2694 1517 2973 1587 ὑπομονὴν
3017 1513 3150 1584 πρὸς
3183 1511 3360 1573 πάσας
3393 1509 3603 1572 αἰκίας,
3634 1506 3719 1560 τοῦ

2161 1614 2536 1683 καθηγεμόνος
2561 1607 2797 1680 σκληροῦ
2844 1623 2902 1659 τε
2932 1604 3031 1675 τὴν
3058 1604 3284 1672 γνώμην
3309 1601 3485 1662 ὄντος,
3514 1599 3610 1651 καὶ
3651 1597 3720 1666 τῷ

2157 1709 2270 1769 τοῖς
2326 1703 2716 1774 Είκονομάχοις
2762 1697 3100 1771 χαρίζεσθαι,
3143 1693 3395 1764 σκληρῶς
3428 1692 3572 1746 πάνυ
3607 1708 3717 1742 παι-

473 1829 691 1871 omnem
725 1811 1123 1866 fraternitatem
1147 1821 1269 1877 qua;
1299 1802 1598 1859 secundum
1627 1801 1792 1854 Deum
1832 1807 1918 1854 est
1951 1797 2050 1852 ob-

2159 1793 2531 1864 δαγωγοῦντος
2578 1792 2778 1846 αὐτόν’
2812 1789 2948 1860 πρὸς
3005 1786 3219 1848 τούτοις
3269 1783 3581 1854 πραΰτητα,
3630 1780 3712 1834 καὶ

471 1908 747 1984 sequium.
770 1902 931 1957 liisre
955 1901 1184 1968 primum
1219 1896 1383 1951 rebus
1408 1894 1674 1964 factisque
1707 1891 1834 1946 dttm
1863 1891 2084 1944 beatus-

469 1979 777 2058 exercetur,
817 1992 968 2046 hisee
1001 1991 1053 2044 in
1077 1988 1275 2042 Studiis
1309 1993 1580 2049 versatur,
1613 1994 1668 2036 et
1690 1979 1947 2052 praeclare
1994 1991 2053 2032 se

471 2083 770 2150 componit,
796 2079 986 2133 ordine
1005 2092 1127 2130 eum
1152 2075 1283 2144 ipsis
1307 2077 1463 2127 annis
1479 2084 1532 2126 et
1549 2084 1776 2139 corpore
1803 2079 2053 2121 succres-

471 2186 650 2239 cente,
678 2173 942 2244 puerilem
966 2178 1178 2224 aetatem
1211 2167 1416 2223 ducens
1456 2164 1521 2218 ad
1565 2161 1884 2233 perfectiora
1925 2173 2054 2213 con-

473 2264 812 2318 tirmabatur.
836 2258 1101 2325 Deinceps
1123 2269 1252 2309 vero
1279 2251 1630 2322 perfectiores
1655 2247 1761 2301 Deo
1800 2253 2055 2316 procreat

473 2355 724 2415 fructus,
775 2349 956 2410 fidem,
1018 2346 1274 2414 inquam,
1333 2355 1508 2411 spem,
1564 2346 1618 2393 et
1668 2337 1987 2392 cbaritatem
2037 2351 2051 2388 :

471 2443 632 2498 tidem
693 2437 988 2510 perfectam
1035 2450 1102 2490 ex
1157 2432 1397 2504 perfecta
1446 2447 1510 2486 ac
1562 2438 1674 2485 tota
1709 2437 1888 2484 mente
1945 2427 2055 2482 Deo

469 2532 712 2604 perfecto
748 2529 1001 2593 offerens,
1062 2527 1216 2581 fidem
1263 2525 1556 2587 sinceram,
1599 2537 1748 2591 spem
1794 2534 1914 2590 quae
1947 2534 2055 2573 non

471 2624 826 2682 confunditur
851 2665 866 2688 ,
900 2621 1224 2676 charitatem
1259 2633 1365 2672 non
1402 2617 1582 2670 fictam
1610 2630 1676 2668 ex
1724 2627 1861 2684 puro
1890 2611 2056 2667 corde

469 2734 596 2788 erga
636 2718 807 2771 Deum
841 2725 895 2769 et
920 2712 1232 2784 proximum
1259 2749 1274 2775 ,
1305 2724 1371 2764 ex
1407 2717 1676 2778 prazcepto
1714 2713 1860 2760 recte
1901 2703 2058 2759 insti-

470 2818 668 2865 tutam.
705 2805 815 2862 llos
842 2803 1063 2860 virtutis
1098 2802 1309 2859 fructus
1345 2802 1475 2857 dum
1508 2815 1662 2856 sacer
1693 2800 1781 2854 hic
1811 2798 2056 2870 Ignatius

469 2899 918 2970 producit,atque
937 2897 989 2950 in
1011 2896 1253 2949 hisrecte
1269 2893 1535 2948 factorum
1567 2891 1763 2946 studiis
1790 2905 1819 2943 a
1853 2887 2056 2944 teneris

472 3002 643 3057 usque
665 2985 826 3039 annis
852 2993 1064 3052 tempus
1087 2996 1249 3036 omne
1284 2980 1538 3045 collocat,
1561 2993 1670 3049 quo
1701 2977 1869 3031 Deum
1901 2974 2052 3044 impii

371 3090 374 3092 '
469 3079 538 3134 ad
576 3076 912 3134 iracundiam
966 3073 1371 3144 provocabant,
1413 3070 1528 3141 ipse
1568 3070 1633 3124 ad
1667 3083 1885 3123 omnem
1919 3065 2054 3120 reii-

470 3167 649 3236 gionis
671 3164 888 3219 laudem
909 3161 1330 3218 conscendebat.
1345 3159 1506 3213 Patre
1520 3159 1667 3214 enim
1689 3166 1743 3211 et
1761 3155 2054 3225 paedagogo
2081 3144 2124 3200 C

470 3274 502 3313 e
535 3259 642 3312 vita
677 3255 910 3312 sublatis
932 3293 947 3320 ,
983 3255 1170 3309 statim
1216 3252 1444 3307 fratrum
1477 3250 1582 3307 sibi
1633 3251 2055 3315 animarumque

469 3365 604 3405 cura
627 3357 681 3404 et
715 3345 1033 3416 praefectura
1054 3343 1370 3406 commissa,
1397 3341 1450 3396 in
1488 3342 1606 3411 ipso
1630 3339 1870 3394 muneris
1892 3351 2056 3391 exor-

473 3441 564 3496 dio
592 3437 855 3501 ostendit,
885 3450 1008 3504 quae
1043 3433 1216 3488 sancti
1246 3431 1483 3502 Spiritus
1509 3431 1591 3484 vis
1622 3430 1876 3496 deinceps
1899 3441 1963 3480 ex
1998 3439 2058 3479 se

473 3541 621 3588 esset
644 3530 926 3586 eﬂ‘ulsura.
956 3525 1105 3580 Adeo
1134 3523 1337 3593 quippe
1372 3520 1748 3592 frequentibus
1778 3517 2056 3572 concioni-

473 3626 578 3679 lms
603 3621 1051 3692 sapientibusque
1076 3614 1553 3672 cohortationibus
1585 3625 1813 3666 suorum
1841 3620 2053 3664 mentes

475 3715 755 3786 pascebat,
816 3725 1144 3781 semperque
1179 3709 1246 3762 ad
1278 3706 1505 3760 virentia
1531 3703 1625 3759 Dei
1657 3716 1860 3772 pascua
1885 3700 2056 3755 dedu-

474 3810 662 3873 cebat,
700 3805 776 3859 uti
812 3804 1040 3858 mirifice
1079 3807 1350 3857 cresceret
1383 3799 1436 3852 in
1469 3797 1560 3851 illo
1591 3795 1780 3866 gratiae
1813 3802 1868 3848 et
1893 3791 2057 3862 spiri-

475 3901 602 3957 talis
630 3897 934 3968 magisterii
965 3896 1194 3957 donum,
1226 3891 1469 3960 adeoque
1498 3896 1721 3958 augeret
1755 3885 1872 3942 suis
1903 3885 2062 3940 insti-

475 3986 781 4043 tutionibus
801 3983 943 4038 ovile
965 3981 1193 4049 Christi,
1224 3988 1285 4035 ut
1306 3979 1436 4034 illud
1459 3993 1561 4034 nec
1578 3991 1720 4032 unus
1739 3977 1850 4047 jam
1880 3975 2057 4036 locus,

479 4095 578 4134 nec
601 4091 710 4132 una
737 4077 936 4132 domus
967 4073 1204 4143 amplius
1225 4080 1464 4142 caperet,
1500 4069 1594 4126 sed
1617 4078 1881 4140 quaterna
1911 4066 2060 4120 illius

475 4173 658 4228 studio
708 4170 958 4226 caenobia
1019 4167 1392 4223 excitarentur
1447 4163 2056 4230 constituerenturque;

480 4265 555 4317 ita
594 4271 652 4316 ut
679 4260 912 4330 singulis
945 4274 1042 4314 sua
1089 4256 1376 4312 commoda
1407 4263 1594 4309 essent
1622 4252 1897 4306 domicilia
1921 4291 1936 4316 ,
1975 4265 2062 4305 sa-

482 4366 748 4421 crumque
785 4353 1246 4412 instrumentum,
1291 4354 1598 4414 caeteraque
1626 4343 1692 4396 ad
1727 4356 1889 4396 usum
1936 4356 2055 4394 mo-

484 4446 711 4504 nasterii
736 4444 1069 4500 necessaria.
1093 4440 1288 4495 Omnia
1311 4439 1547 4508 denique
1565 4437 1777 4491 decenti
1820 4435 2062 4504 ipsisque

482 4537 827 4594 convcnienti
885 4547 1150 4604 apparatu
1206 4540 1458 4599 suscepta
1492 4543 1658 4592 cura,
1697 4542 1926 4597 magnus
1975 4525 2063 4579 ille

483 4627 790 4685 instruebat
837 4624 1326 4694 componebatque.
1355 4620 1700 4675 Doeebantur
1748 4632 1939 4672 omnes
1993 4615 2063 4670 ab

2154 1886 2506 1948 ταπείνωσιν,
2563 1883 2657 1935 καὶ
2708 1878 2955 1949 ὑπακοὴν
3010 1879 3190 1931 πᾶσαν
3237 1875 3374 1946 πρὸς
3422 1876 3595 1927 πᾶσαν
3620 1873 3705 1941 τὴν

2155 1977 2299 2032 κατὰ
2351 1977 2554 2044 Κύριον
2605 1972 2961 2040 ἀδελφότητα.
3021 1969 3246 2041 Πρῶτον
3293 1966 3392 2037 μέν
3434 1964 3589 2017 ταῦτα
3623 1963 3700 2015 διὰ

2159 2071 2412 2141 πράξεως
2433 2072 2461 2122 ὁ
2499 2068 2769 2139 μακάριος
2825 2064 3047 2136 μετιὼν,
3079 2065 3172 2116 καὶ
3205 2059 3414 2122 τούτοις
3454 2057 3705 2124 παιδοτρι-

2158 2163 2441 2232 6ούμενος,
2473 2161 2568 2214 καὶ
2624 2158 2888 2213 κάλλιστα
2935 2153 3386 2228 προτελούμενος,
3423 2147 3712 2209 ἀκολούθως

2155 2258 2220 2327 τῇ
2259 2255 2485 2325 αὐξήσει
2518 2251 2613 2306 τοῦ
2646 2251 2920 2320 σώματος,
2959 2247 3054 2301 καὶ
3087 2245 3186 2316 τὴν
3212 2241 3470 2312 παιδικὴν
3517 2238 3719 2311 ἡλικίαν

2158 2347 2489 2417 προκόπτων
2559 2340 2921 2413 κατωρθοῦτο.
2991 2339 3224 2390 Ἔπειτα
3269 2332 3608 2403 καρποφορεῖ
3653 2327 3720 2394 τῷ

2157 2437 2274 2507 Θεῷ
2300 2436 2366 2490 τά
2393 2435 2722 2505 τελειότερα,
2754 2434 2935 2486 πίστιν
2980 2430 3043 2500 δὴ
3073 2429 3236 2496 λέγω,
3267 2425 3365 2480 καὶ
3396 2423 3607 2486 ἐλπίδα,
3637 2419 3725 2474 καὶ

2157 2530 2378 2599 ἀγάπην
2401 2542 2416 2558 ο
2474 2526 2655 2579 πίστιν
2705 2524 2918 2577 τελείαν
2954 2523 3018 2575 ἐκ
3060 2518 3274 2580 τελείας
3312 2516 3408 2569 καὶ
3435 2512 3724 2582 ὁλοκλήρου

2156 2617 2495 2688 διανοίαςτῷ
2529 2616 2720 2686 τελείῳ
2762 2611 3180 2686 προσαγομένην
3218 2607 3374 2678 Θεῷο
3412 2605 3597 2658 πίστιν
3642 2603 3726 2656 ἀν-

2163 2715 2479 2784 υπόκριτον,
2513 2709 2699 2763 ἐλπίδα
2725 2706 3171 2777 ἀκαταίσχυντον,
3199 2701 3420 2770 ἀγάπην
3441 2694 3727 2767 εἰλικρινῆ,

2158 2806 2217 2871 ἐξ
2241 2803 2568 2874 εἰλικρινοῦς
2608 2801 2836 2873 καρδίας
2871 2799 3008 2871 πρὸς
3057 2796 3152 2850 τὸν
3179 2794 3312 2849 Θεὸν
3355 2792 3449 2846 καὶ
3480 2789 3573 2842 τὸν
3599 2786 3730 2855 πλη·

2160 2897 2272 2951 σίον
2297 2899 2439 2950 κατά
2485 2896 2586 2965 τὴν
2625 2893 2844 2963 ἐντολὴν
2874 2888 3338 2960 κατορθουμένην.
3381 2881 3572 2937 Ταῦτα
3595 2896 3729 2949 καρ-

2158 2987 2410 3060 ποφορῶν
2466 2988 2494 3040 ό
2539 2987 2682 3050 θεῖος
2736 2984 3012 3053 Ἰγνάτιος,
3070 2984 3173 3036 κάν
3204 2978 3416 3040 τούτοις
3443 2976 3508 3028 ἐκ
3533 2971 3733 3042 νεαρᾶς

2157 3079 2373 3152 ἡλικίας
2395 3080 2506 3141 τοῖς
2532 3075 2922 3148 κατορθώμασι
2979 3073 3156 3138 συζῶν
3192 3070 3370 3123 πάντα
3407 3065 3498 3119 τὸν
3521 3065 3733 3134 χρόνον,

2159 3167 2203 3242 ᾧ
2252 3172 2344 3225 τὸν
2401 3170 2533 3224 Θεὸν
2594 3169 2644 3223 οἱ
2695 3166 3019 3230 ἀσεϐοῦντες
3065 3163 3534 3236 παρεπίκραινον,
3577 3153 3736 3216 αὐτὸς

2161 3261 2298 3332 πρὸς
2327 3261 2425 3331 τὴν
2446 3258 2727 3312 εὐσέϐειαν
2751 3255 3100 3328 κατωρθοῦτο
3141 3252 3473 3308 τελειότατα.
3503 3245 3618 3300 Καὶ
3633 3245 3738 3314 γάρ

2159 3353 2256 3406 τοῦ
2289 3351 2494 3423 πατρὸς
2522 3348 2691 3404 αὑτοῦ
2727 3347 2941 3404 καὶτοῦ
2979 3343 3294 3416 καθηγητοῦ
3327 3343 3420 3396 τὸν
3454 3343 3740 3414 ἀνθρώπι-

2161 3461 2250 3498 νον
2283 3442 2693 3513 μετηλλαχότων
2724 3439 2857 3510 βίον,
2889 3437 3070 3506 πάσης
3113 3436 3169 3488 δὲ
3199 3435 3300 3505 τῆς
3340 3431 3589 3501 ἀδελφῶν
3621 3432 3742 3484 ἐπι-

2166 3534 2384 3607 μελείας
2416 3534 2626 3604 καὶτῆς
2654 3531 2841 3604 ψυχῶν
2869 3527 3214 3591 ἐπιστασίας,
3251 3525 3328 3590 ὡς
3381 3523 3621 3595 ποιμένα
3647 3538 3746 3575 και

2160 3626 2250 3678 λον
2282 3625 2498 3680 καὶτῶν
2519 3623 2752 3693 λογικῶν
2789 3621 3076 3694 προδάτων
3095 3616 3434 3689 καθηγητὴν,
3461 3633 3526 3668 πε
3537 3631 3745 3686 ριιστα-

2165 3717 2335 3788 μένης
2369 3717 2449 3780 είς
2485 3715 2668 3782 αὑτὸν,
2695 3713 2894 3777 ἔδειξεν
2933 3713 2991 3765 ἐν
3031 3708 3270 3780 πρώτοις
3295 3706 3458 3770 εὐθὺς
3507 3704 3614 3776 τὴν
3653 3705 3747 3754 ἐσαι

2178 3811 2403 3880 ύστερον
2437 3808 2494 3862 ἐν
2528 3806 2677 3877 αύτῷ
2704 3805 2798 3859 τοῦ
2848 3803 3162 3874 Πνεύματος
3188 3801 3414 3870 δύναμιν
3463 3799 3748 3867 ἀναφανητ

2165 3875 2418 3972 σομένην.
2453 3897 2610 3952 Οῦτω
2649 3875 2771 3968 ἡγὰρ
2828 3897 2950 3959 ταῖς
2987 3893 3233 3962 συνεχέσι
3257 3875 3386 3944 τῶν
3417 3889 3597 3958 λόγων
3623 3890 3748 3960 ὁμιο

2159 3992 2302 4054 λίαις
2358 3991 2452 4044 καὶ
2508 3991 2629 4053 ταῖς
2686 3990 2876 4058 σοφαῖς
2913 3985 3270 4057 παραινέσεσι
3305 3983 3406 4046 τὰς
3433 3981 3620 4036 αὐτῶν
3661 3980 3748 4044 ἐξ·

2165 4085 2360 4155 έτρεφε
2409 4081 2610 4153 ψυχὰς,
2661 4079 2760 4134 καὶ
2812 4079 2907 4132 ἐπὶ
2969 4079 3065 4142 τὰς
3098 4075 3374 4138 ἀειθαλεῖς
3411 4074 3619 4144 ώδήγει
3653 4071 3749 4124 τοῦ

2128 4232 2132 4241 ε
2161 4173 2296 4228 Θεοῦ
2331 4174 2517 4245 μονάς,
2557 4174 2632 4237 ὡς
2661 4169 3230 4240 πλλαπλασιασθῆναι
3258 4167 3358 4238 μὲν
3381 4166 3531 4236 αύτῷ
3557 4165 3620 4218 τὸ
3649 4163 3753 4234 τῆς

2162 4268 2384 4338 χάριτος
2417 4266 2676 4319 τάλαντον
2701 4265 2794 4318 καὶ
2828 4263 2928 4334 τῆς
2970 4259 3344 4332 πνευματικῆς
3367 4257 3750 4321 διδασκαλίας,

2165 4354 2743 4423 πολλαπλασιασθῆναι
2800 4353 2857 4406 δὲ
2915 4353 3008 4406 καὶ
3062 4352 3123 4404 τὸ
3175 4350 3428 4421 ποίμνιον
3497 4347 3598 4401 ἐπὶ
3666 4363 3755 4398 το·

2133 4458 2144 4467 ·
2166 4446 2380 4512 σοῦτον,
2402 4447 2476 4510 ὡς
2528 4447 2720 4517 μηκέτι
2748 4445 2970 4508 τούτους
3014 4443 3092 4496 ἐνὶ
3115 4442 3263 4508 τόπῳ
3291 4439 3426 4511 μηδὲ
3467 4440 3568 4509 μιᾷ
3613 4439 3754 4508 μονῇ

2161 4538 2421 4592 δύνασθαι
2465 4537 2780 4609 χωρεῖσθαι,
2806 4535 3043 4606 τέσσαρα
3090 4533 3147 4586 δὲ
3194 4534 3262 4586 τὰ
3289 4533 3467 4585 πάντα
3516 4529 3610 4582 διὰ
3655 4529 3762 4604 τῆς

2161 4630 2325 4686 αὑτοῦ
2380 4629 2617 4700 σπουδῆς
2644 4629 2941 4699 ἀναστῆναι
2973 4626 3065 4682 καὶ
3105 4625 3435 4695 καταστῆναι
3477 4621 3761 4693 μοναστή-

480 4719 578 4776 illo
648 4717 909 4785 magistro
955 4723 1009 4768 et
1041 4721 1286 4783 parente,
1318 4711 1371 4764 in
1407 4710 1620 4778 primis
1655 4709 1898 4777 ipsorum
1934 4721 2056 4762 esse

2166 4740 2260 4794 ρια
2285 4738 2300 4754 ο
2352 4723 2583 4776 ἑκάστου
2623 4722 2720 4784 τάς
2791 4718 3138 4792 ἁρμοζούσας
3169 4715 3478 4785 οἰκοδομὰς,
3511 4713 3615 4767 καὶ
3645 4712 3761 4764 τῶν

484 4812 655 4867 Deum
679 4809 932 4864 laudibus
954 4781 1250 4868 celebrare,
1275 4811 1331 4858 et
1349 4802 1580 4857 orationi
1609 4815 1800 4856 vacare
1827 4818 1839 4853 :
1865 4800 2056 4855 deinde

2165 4813 2326 4885 ἱερῶν
2350 4813 2579 4881 σκευῶν,
2613 4813 2707 4866 καὶ
2737 4811 2848 4864 τῶν
2870 4809 3183 4878 ἀναγκαίων
3209 4807 3409 4878 χρειῶν
3461 4803 3561 4874 τὴν
3587 4821 3759 4873 περι-

482 4913 539 4956 υι
576 4901 775 4972 singuli
803 4915 901 4953 sua
938 4897 1240 4953 ministeria
1275 4895 1512 4959 obirent,
1541 4894 1829 4963 omniaque
1864 4894 1930 4947 ad
1964 4892 2057 4947 Dei

482 4993 698 5048 Iaudem
722 5000 778 5046 et
803 4989 1032 5058 gloriam
1064 4989 1348 5042 referrent.

2169 4905 2407 4975 ποίησιν,
2451 4907 2542 4959 καὶ
2601 4906 2780 4958 πᾶσαν
2826 4903 2924 4973 τὴν
2977 4901 3158 4964 αὐτοῖς
3210 4899 3528 4968 πρέπουσαν
3587 4913 3764 4950 κατα-

2171 4996 2369 5064 σκευήν
2403 5012 2461 5048 τε
2487 4997 2580 5048 καλ⁵
2626 4993 2868 5057 διάταξιν
2895 4993 2984 5046 διὰ
3010 4991 3109 5061 τῆς
3127 4988 3224 5044 τοῦ
3260 4988 3498 5058 μεγάλου
3529 4986 3761 5058 λαμϐάο

481 5100 664 5146 νοντος
695 5079 1012 5150 ἐπιμελείας
1040 5095 1054 5108 ⁸
1078 5080 1169 5130 καὶ
1191 5078 1408 5130 πάντων
1427 5076 1513 5130 ἐπ’
1540 5075 1732 5144 ἐκείνῳ
1760 5075 2096 5146 καθηγεμόνι
2120 5084 2212 5135 καὶ
2251 5086 2416 5154 πατρὶ
2454 5085 2872 5154 διδασκομένων,
2898 5083 3058 5154 ἔργον
3091 5081 3188 5152 μὲν
3218 5081 3488 5134 ποιεῖσθαι
3523 5079 3630 5150 τὴν
3661 5077 3761 5132 τοῦ

485 5174 622 5229 θεθῦ
646 5170 950 5238 δοξολογίαν
989 5168 1082 5222 καὶ
1112 5165 1442 5237 προσευχὴν,
1484 5166 1542 5218 ἐν
1577 5165 1838 5235 παρέργῳ
1874 5166 1930 5220 δὲ
1961 5167 2178 5238 καὶτῆς
2229 5173 2348 5225 κατ’
2379 5172 2574 5234 αὐτοὺς
2616 5172 2846 5225 ἕκαστον
2898 5169 3390 5241 ἀντιλαμϐάνεσθαι
3445 5166 3761 5229 διακονίας,

484 5274 580 5328 καὶ
624 5271 805 5324 πάντα
853 5267 1028 5320 ποιεῖν
1057 5267 1136 5328 είς
1179 5263 1338 5330 δόξαν
1381 5262 1474 5316 καὶ
1499 5261 1719 5314 ἔπαινον
1740 5260 1897 5314 Θεοῦ.

551 5356 740 5434 Itaque
785 5361 955 5424 Plate,
996 5369 1052 5412 et
1100 5356 1352 5429 Hyatros,
1383 5370 1448 5409 ac
1492 5354 1876 5419 Terebintlius,
1918 5369 2056 5423 quas

485 5458 767 5526 Principes
817 5453 1091 5524 appellant
1139 5450 1367 5515 insulas,
1416 5447 1561 5501 illius
1601 5461 1732 5501 cura
1779 5455 1836 5500 et
1884 5447 2065 5502 studio

487 5549 821 5611 inliabitataz,
849 5547 903 5600 in
935 5544 1078 5600 aedes
1101 5557 1287 5598 sacras
1332 5549 1386 5595 et
1417 5540 1809 5593 monachorum
1837 5538 2068 5593 domici-

488 5641 561 5694 lia
595 5649 721 5694 sunt
745 5651 1044 5692 conversae.
1092 5634 1228 5689 Nam
1273 5649 1304 5688 e
1341 5632 1562 5703 regione
1591 5631 1783 5686 harum
1815 5630 1868 5684 in
1895 5630 2068 5684 conti-

494 5735 656 5782 nente
683 5727 749 5782 ad
779 5742 927 5782 mare
955 5727 1142 5791 situm,
1172 5726 1298 5791 hoc,
1323 5726 1569 5796 inquam,
1596 5723 1852 5778 eximium
1886 5723 2068 5793 magni

2236 5359 2418 5430 Πλάτη
2481 5360 2579 5432 μὲν
2614 5357 2709 5414 οὖν
2729 5359 2824 5413 καὶ
2865 5357 3093 5427 ’Υάτρος
3125 5357 3245 5410 τότε
3277 5353 3374 5408 καὶ
3401 5353 3762 5425 Τερέσινθος,

2174 5450 2230 5501 αἱ
2265 5451 2613 5520 Πριγκίπειοι
2645 5450 2796 5520 νῆσοι
2840 5446 3405 5519 προσαγορευόμεναι,
3449 5447 3566 5508 ταῖς
3603 5445 3768 5498 ἐκεί-

2113 5573 2131 5591 .
2171 5560 2262 5596 νου
2292 5542 2570 5613 προνοίαις
2592 5541 2950 5610 οἰκιζόμεναι,
2975 5539 3054 5602 εἰς
3085 5537 3381 5608 ἐκκλησίας
3416 5535 3635 5605 Κυρίου
3663 5533 3766 5588 καὶ

2173 5633 2390 5699 εὐαγεῖς
2439 5631 2692 5702 μοναχῶν
2746 5630 3074 5684 καθίσταντο
3122 5627 3309 5698 μονάς.
3360 5626 3471 5679 Καὶ
3507 5623 3627 5694 γὰρ
3659 5625 3769 5693 τὴν

2172 5726 2398 5796 ἀντικρὺ
2419 5724 2626 5778 τούτων
2659 5723 2800 5778 κατά
2819 5723 2918 5795 τὴν
2943 5722 3173 5792 ἡπειρον
3200 5719 3336 5790 πρὸς
3369 5720 3433 5789 τῇ
3462 5718 3610 5788 ἀκτῇ
3647 5733 3771 5770 κει-
