4022 6406
356 419 465 485 49⁵1

1421 415 1596 476 VITA
1629 413 1688 475 S.
1714 411 2011 475 IGNATII
2039 412 2145 472 (ΣΡ.
2192 413 2552 474 ARCHIEP.

3527 413 3633 476 498

358 531 552 602 μένην,
581 526 784 597 ταύτην
815 525 880 598 δὴ
910 524 1052 594 λέγω
1073 523 1171 594 τὴν
1201 525 1624 596 προκαθημένην
1649 523 1935 594 τοῦλμεγάο

2052 526 2293 581 caelitum.
2336 523 2600 596 principis
2640 522 2918 580 Michaelis
2942 525 3252 579 emnohium
3286 525 3339 579 in
3376 523 3480 579 ﬁne
3515 527 3636 580 vitae

353 609 451 675 λδυ
479 618 776 691 ταξιάρχου
806 617 997 688 μονὴν.
1029 617 1122 670 ἐπὶ
1153 617 1231 686 τῷ
1283 617 1428 670 τέλει
1454 617 1553 686 τῆς
1581 617 1746 670 αὑτοῦ
1789 617 1936 685 ζωῆς

351 714 382 765 δ
419 710 691 780 μακάριος
721 707 1042 760 τελευταίαν
1093 706 1454 776 ἀνεστήσατο,
1486 706 1582 760 καὶ
1631 705 1937 774 καθηγίασε

353 803 434 874 τῷ
461 800 579 871 Θεῷ
603 817 616 829 ·
641 795 710 872 ἧς
736 801 834 870 τὴν
880 798 1265 867 ἐπισημότητα
1305 797 1401 850 καὶ
1432 795 1812 864 περιφάνειαν,
1844 794 1938 848 τοῦ

351 915 415 951 τε
447 893 574 948 ναοῦ
599 891 909 962 ὑπέρκαλον
931 889 1165 958 ἀγλαΐαν
1196 889 1290 942 καὶ
1317 886 1818 958 μεγαλοπρέπειαν,
1845 885 1940 938 καὶ

350 986 454 1055 τὴν
478 984 606 1055 ὅλην
636 980 1036 1050 ἁγιοπρέπειαν
1064 977 1160 1031 καὶ
1186 977 1364 1041 δόξαν,
1393 976 1469 1039 ὡς
1489 976 1653 1044 λόγου
1683 976 1938 1047 κρείττω,

349 1053 474 1138 ταῖς
499 1053 654 1142 caleat
685 1067 1178 1142 παραχωροῦντες,
1228 1068 1323 1120 ἐπὶ
1374 1067 1443 1120 τά
1497 1067 1624 1136 ἑξῆς
1673 1066 1770 1119 τοῦ
1823 1065 1940 1136 βίου

352 1168 658 1238 προΐωμεν.
693 1165 781 1218 Ἐν
811 1162 1022 1224 τούτοις
1048 1160 1225 1214 τοίνυν
1254 1159 1282 1212 ὁ
1314 1160 1459 1223 ὅσιος
1488 1157 1722 1212 ἐνώπιον
1747 1157 1942 1228 εὐαρε-

352 1259 496 1312 στῶν
532 1257 762 1328 Κυρίου,
802 1255 968 1325 ψήφῳ
1000 1254 1098 1324 μὲν
1127 1252 1273 1305 θείου
1311 1250 1650 1321 Πνεύματος,
1682 1250 1852 1320 ψήφῳ
1885 1249 1943 1303 δὲ

349 1350 462 1403 τῶν
493 1349 633 1418 ὑπὲρ
656 1346 940 1408 εὐσεϐείας
969 1343 1392 1413 ἀγωνιζομένων
1424 1343 1520 1395 καὶ
1565 1341 1944 1412 δεδιωγμένων

350 1442 630 1513 θεοφὰρων
660 1438 955 1510 ίεραρχῶν,
989 1437 1090 1506 τῆς
1121 1437 1284 1504 ἁγίας
1312 1433 1634 1506 ,ἱερωσύνης
1657 1433 1904 1498 ἀξιοῦται
1923 1449 1937 1463 ·

349 1536 445 1589 καὶ
485 1533 631 1603 χειρὶ
665 1532 761 1602 μὲν
785 1529 1066 1584 Βασιλείου
1112 1528 1232 1599 (τῆς
1289 1527 1508 1583 κατὰτὸ
1531 1527 1744 1597 Πάρεον
1770 1525 1827 1578 δέ
1852 1519 1944 1580 οὖ·-

344 1643 441 1688 τος
474 1625 626 1694 ἱερᾶς
661 1621 957 1692 ἐκκλησίας
990 1620 1278 1690 ἀρχιερεὺς
1329 1617 1427 1678 ὢν,
1482 1618 1764 1680 πλείσταις
1793 1618 1945 1679 ὅσαις

346 1717 492 1790 ὑπὲρ
513 1715 624 1770 τῶν
656 1716 700 1768 ίε
711 1713 820 1782 ρῶν
843 1713 1067 1766 εἰκόνων
1091 1711 1304 1780 θλίψεσι
1333 1710 1455 1763 τότε
1483 1707 1820 1780 προσωμίλει
1849 1708 1946 1761 καὶ

345 1806 660 1878 διωγμοῖς),
701 1804 893 1858 τούτου
916 1803 1061 1874 χειρὶ
1093 1802 1155 1855 τὺ
1188 1800 1532 1871 φαινόμενον,
1562 1799 1864 1871 αὐτουργίᾳ
1887 1799 1944 1851 δὲ

2041 623 2375 685 postremum
2406 613 2671 676 condidit,
2707 613 2926 682 Deoque
2979 613 3243 669 initiavit:
3272 615 3431 684 cujus
3473 611 3635 668 uobi-

2039 709 2248 763 litatem
2288 707 2493 774 templi,
2539 705 3024 776 magniﬁcentiam,
3070 715 3124 760 et
3155 706 3479 772 claritatem,
3520 707 3637 761 exi-

2042 799 2328 867 miumque
2366 798 2732 866 splendorem,
2779 809 2836 852 et
2863 807 3122 852 ornatum
3153 813 3367 853 omnem
3415 813 3480 853 ac
3520 815 3639 853 ma-

2037 888 2293 958 jestatem
2367 888 2614 958 (quando
2672 903 2770 959 pro
2837 887 3106 956 dignitate
3175 903 3209 942 a
3260 904 3347 942 me
3407 889 3638 957 exprimi

2046 980 2204 1034 nullo
2228 980 2393 1035 modo
2417 979 2640 1050 potest),
2679 996 2781 1050 ego
2812 980 3177 1049 spectantium
3207 981 3383 1035 oculis
3412 981 3636 1050 permit-

2047 1079 2123 1135 to,
2162 1068 2437 1138 simulque
2471 1068 2538 1123 ad
2571 1069 2780 1138 reliqua
2824 1067 2974 1123 illius
3022 1069 3146 1122 vita:
3193 1077 3316 1121 acta
3347 1082 3635 1136 exponen-

2047 1163 2116 1218 da
2164 1163 2508 1233 progredior.
2563 1160 2660 1216 His
2720 1177 2852 1232 ergo
2915 1170 3140 1216 sanctus
3189 1159 3300 1215 Deo
3356 1160 3639 1230 probatus,

2020 1258 2288 1328 .Spiritus
2323 1258 2499 1314 sancti
2531 1258 2768 1322 decreto,
2803 1265 3232 1326 sanctorumque
3286 1254 3634 1324 pontiﬁcum,

2046 1368 2259 1415 eorum,
2309 1352 2551 1422 inquam,
2589 1351 2684 1421 qui
2734 1367 2830 1422 pro
2880 1365 3005 1406 vera
3048 1353 3252 1422 pietate
3283 1349 3628 1420 pugnabant,

2045 1453 2398 1512 extremaque
2460 1441 2644 1494 omnia
2700 1441 3073 1510 patiebantur,
3124 1441 3415 1504 sententia,
3475 1450 3638 1494 sacro

2049 1535 2373 1608 presbyterii
2433 1534 2640 1590 honore
2695 1533 2989 1606 insignitur
3046 1549 3212 1589 manu
3270 1532 3479 1596 Basilii,
3539 1525 3634 1601 qui

2051 1644 2220 1686 sacra:
2254 1627 2550 1682 l‘areorum
2588 1627 2833 1681 ecclesiae
2871 1627 3184 1696 episcopus,
3213 1640 3311 1694 pro
3352 1638 3637 1678 sacrarum

2052 1721 2357 1792 imaginum
2391 1720 2540 1775 cultu
2576 1719 2797 1774 casibus
2838 1719 3140 1772 innumeris
3186 1716 3642 1787 gravissimisque

2052 1812 2318 1868 aerumnis
2372 1810 2811 1865 conﬂictabatur.
2875 1806 3074 1877 Hujus,
3138 1809 3383 1876 inquam,
3451 1805 3639 1861 Basilii

345 1898 445 1952 τοῦ
476 1895 746 1966 παναγίου
782 1893 1101 1963 Πνεύματος
1139 1892 1201 1945 τὺ
1224 1890 1535 1961 νοούμενον,
1570 1889 1787 1962 πρῶτον
1839 1888 1938 1959 μὲν

2052 1919 2216 1959 manu
2269 1901 2578 1971 spectabili,
2623 1901 2678 1954 vi
2733 1909 2914 1956 autem
2966 1917 3032 1956 ac
3074 1901 3272 1956 virtute
3302 1897 3641 1955 sanctissimi

346 1989 736 2058 ἀναγνώστης,
755 1988 876 2058 ἦτοι
896 1987 1006 2039 τῶν
1033 1984 1194 2039 θείων
1217 1984 1510 2055 ίεροκήρυξ
1540 1983 1798 2053 Γραφῶν,
1825 1978 1944 2036 εἶτα

352 2082 729 2144 ὑποδιάκονος,
767 2074 890 2131 εἶτα
917 2077 1191 2140 διάκονος,
1224 2075 1321 2128 καὶ
1364 2075 1546 2145 ίερεὺς
1580 2073 1719 2144 μετά
1748 2072 1941 2137 ταῦτα,

355 2173 514 2239 τάξει
538 2172 630 2225 καὶ
655 2171 805 2240 νόμῳ
828 2169 1212 2240 πνευματικῆς
1230 2151 1562 2222 καθίσταται
1593 2166 1939 2230 ἀκολουθίας.

353 2263 698 2332 ,Ἦγωνίζετο
726 2262 782 2316 δὲ
798 2262 885 2318 ἀεὶ
923 2260 1326 2314 πολλαπλάσιον
1350 2258 1430 2330 τῷ
1459 2258 1727 2331 εὐεργέτῃ
1761 2259 1822 2312 τδ
1844 2259 1943 2329 τῆς

357 2359 590 2429 χάριτος
635 2355 889 2409 τάλαντον
938 2353 1275 2417 ἀποδιδόναι,
1327 2353 1422 2404 καὶ
1473 2351 1548 2422 μὴ
1593 2353 1660 2422 τῇ
1713 2350 1944 2422 ὀκνηρίᾳ

353 2447 697 2516 καταχῶσαι,
730 2445 865 2500 ἀλλά
893 2447 961 2514 τῇ
1000 2443 1282 2514 προθυμίᾳ
1310 2442 1702 2514 περισσεῦσαι·
1754 2442 1944 2514 ὥσπερ

348 2539 408 2592 δὲ
447 2539 525 2608 τῷ
549 2536 822 2609 μοναδικῷ
858 2537 960 2608 βίῳ
993 2535 1221 2598 πολλοὺς
1272 2533 1364 2588 διὰ
1411 2535 1510 2605 τῆς
1543 2534 1748 2597 οίκείας
1775 2535 1945 2606 ἀσκή-

350 2647 500 2701 σεωςΔ
519 2630 907 2701 προσηγάγετο
938 2628 1033 2680 καὶ
1075 2627 1337 2697 σπουδῆς,
1370 2625 1513 2680 οὕτω
1542 2625 1630 2680 διὰ
1657 2626 1757 2694 τῆς
1793 2628 1944 2700 ίερα-

349 2723 514 2791 τικῆς
552 2720 716 2774 πάλιν
768 2719 1121 2790 ἀναρίθμητα
1175 2717 1357 2789 πλήθη
1393 2717 1598 2770 παίδων
1665 2716 1945 2787 βαπτίζων

353 2811 658 2882 ἐσφράγιζε
679 2810 818 2881 Θεῷ.
853 2811 980 2864 Ἐπὶ
1003 2809 1137 2864 πολὺ
1162 2809 1269 2881 γὰρ
1293 2811 1392 2880 τῆς
1414 2810 1697 2881 αίρετικῆς
1725 2809 1941 2879 ἀχλύος,

350 2897 444 2955 οἷα
470 2901 664 2964 νυκτὸς
690 2900 937 2971 χαλεπῆς
969 2899 1397 2970 ἐπικρατούσης,
1434 2900 1530 2952 καὶ
1559 2900 1658 2968 τῆς
1689 2898 1945 2970 τυραννι-

351 2994 445 3056 δος
472 2993 534 3050 δὲ
571 2993 682 3046 τῶν
721 2991 954 3064 ἀνιέρων
988 2991 1345 3062 ἐπικειμένης
1376 2992 1686 3062 μισθωτῶν,
1743 2991 1945 3053 πάντες

351 3086 540 3153 ὀλίγου
571 3085 682 3139 δεῖν
713 3083 1024 3154 ἄνθρωποι,
1058 3083 1175 3136 ὅσοι
1221 3083 1367 3136 κατά
1408 3083 1471 3136 τὸ
1508 3082 1801 3146 Βυζάντιον
1844 3082 1944 3152 τῆς

351 3176 637 3249 ὀρθοδόξου
668 3176 905 3238 πίστεως
932 3175 1263 3245 ἀντείχοντο,
1303 3175 1397 3228 καὶ
1434 3175 1549 3228 ὅσοι
1580 3175 1637 3228 δὲ
1669 3175 1940 3239 Βιθυνίου,

2047 1995 2309 2066 Spiritus,
2351 1995 2584 2064 primum
2639 1993 2858 2063 quidem
2918 1993 3108 2061 lector,
3165 1993 3281 2047 sive
3350 2006 3638 2047 sacrarum

2043 2087 2371 2142 Litterarum
2429 2101 2606 2156 praeco
2663 2093 2908 2153 sanctus,
2957 2085 3152 2141 deinde
3209 2085 3640 2157 hypodiaconus,

2045 2187 2162 2235 tum
2208 2179 2476 2234 diaconus
2507 2193 2571 2234 ac
2595 2179 2854 2233 sacerdos
2885 2178 2996 2248 lege
3034 2187 3089 2232 et
3140 2179 3333 2232 ordine
3377 2177 3641 2233 ecclesia-

2045 2269 2308 2325 sticorum
2346 2267 2612 2336 graduum
2643 2273 3023 2333 consecratur.
3057 2263 3324 2319 Studebat
3370 2278 3497 2317 vero
3534 2263 3641 2316 hoc

2043 2369 2326 2430 perpetuo,
2357 2360 2434 2412 uti
2477 2356 2721 2427 largitori
2778 2357 2963 2426 gratiae
3019 2356 3280 2409 talentum
3348 2353 3646 2422 multiplici

2048 2450 2238 2505 fenore
2306 2459 2527 2503 auctum
2590 2445 2860 2512 redderet,
2917 2461 3096 2516 neque
3169 2461 3268 2514 per
3329 2445 3639 2501 socordiam

2043 2538 2343 2593 defoderet.
2382 2537 2454 2592 Ut
2499 2545 2702 2601 autem,
2733 2551 2856 2590 cum
2886 2535 2942 2589 in
2980 2534 3233 2589 coenobio
3277 2534 3499 2596 viveret,
3536 2548 3640 2589 sua

2045 2630 2247 2701 pietate
2290 2628 2581 2698 studioque
2647 2628 2851 2682 multos
2884 2627 3088 2692 traxit,
3123 2626 3196 2679 ita
3226 2640 3322 2694 per
3369 2625 3629 2680 sacerdo-

2048 2720 2182 2774 tium
2218 2719 2416 2774 iterum
2448 2718 2798 2774 innumerum
2825 2731 3114 2771 numerum
3143 2714 3435 2770 infantium
3459 2714 3641 2784 bapti-

2047 2821 2225 2867 smate
2265 2809 2514 2874 abluens,
2550 2807 2658 2863 Deo
2687 2805 3051 2878 eonsignavit.
3087 2806 3284 2862 Perdiu
3331 2806 3476 2860 enim
3531 2807 3643 2858 hm-

2046 2904 2215 2958 retica
2252 2901 2503 2972 caligine,
2539 2900 2688 2954 velut
2739 2901 2909 2956 densa
2940 2907 3120 2964 nocte,
3150 2909 3203 2952 et
3230 2897 3519 2970 tyrannide
3548 2911 3641 2951 sa-

2049 2994 2378 3064 crilegorum
2408 2992 2872 3047 mercenariornm
2905 2991 3276 3052 incumbente,
3302 3003 3492 3042 omnes
3518 3001 3642 3058 pro-

2046 3101 2114 3155 pe
2180 3083 2460 3149 mortales,
2516 3083 2612 3153 qui
2663 3081 3136 3152 Constantinopoli
3197 3088 3403 3134 rectam
3473 3079 3632 3132 ﬁdem

2048 3175 2428 3241 defendebant,
2477 3177 2680 3246 quique
2728 3173 2990 3245 Bithyniae
3013 3172 3205 3242 Oppida
3244 3170 3516 3232 colebant,
3546 3167 3640 3222 alii

353 3271 453 3324 καὶ
485 3269 584 3331 τὰς
611 3268 875 3339 ἐχομένας
895 3265 1181 3337 κατῴκουν
1214 3266 1574 3336 κωμοπόλεις,
1603 3266 1764 3330 ἀλλος
1787 3267 1946 3321 ἄλλον

2052 3269 2191 3325 alios
2240 3267 2510 3338 lgnatium
2559 3268 2813 3323 laudibus
2883 3265 3236 3337 praedicando
3302 3263 3636 3324 excitabant,

354 3363 480 3424 ταῖς
507 3360 646 3430 ὑπὲρ
675 3358 769 3412 τοῦ
805 3359 1072 3426 Ἰγνατίου
1120 3357 1504 3421 διανιστῶντες
1534 3358 1852 3429 εὐφημίαις,
1876 3357 1946 3412 τὰ

2052 3375 2294 3430 suosque
2350 3361 2553 3416 liberos
2606 3359 2673 3414 ad
2718 3359 2870 3414 illum
2926 3357 3289 3418 deducebant,
3334 3355 3640 3424 precaban-

353 3453 539 3505 οίκεῖα
562 3450 730 3504 τέκνα
790 3449 1087 3520 προσῆγον,
1155 3447 1252 3501 καὶ
1281 3447 1349 3501 δι’
1377 3446 1542 3500 αὑτοῦ
1587 3446 1946 3516 βαπτίζεσθαι

2052 3458 2271 3520 lurque,
2311 3456 2373 3503 ut
2411 3451 2482 3504 ab
2528 3448 2622 3504 illo
2654 3448 3088 3518 baptizarcntur,
3115 3445 3333 3516 Deoque
3358 3443 3644 3497 initiaren-

354 3543 540 3598 ταῦτα
585 3542 679 3595 καὶ
708 3540 1035 3610 ἀγιάζεσθαι
1090 3539 1507 3608 κατελιπάρουν.
1558 3539 1670 3592 Καὶ
1698 3534 1766 3610 ἦν
1815 3540 1949 3608 ὁρᾷν

353 3633 571 3698 τοῦτον,
596 3631 784 3701 ὥσπερ
812 3630 909 3683 ἕνα
939 3631 1047 3682 τῶν
1077 3629 1347 3700 πρότερον
1389 3625 1628 3695 Χριστοῦ
1666 3625 1945 3697 μαθητῶν,

355 3725 522 3794 ἔργον
540 3723 697 3778 τοῦτο
725 3721 1067 3793 ποιούμενον,
1091 3721 1215 3783 τοὺς
1247 3719 1386 3791 πρὸς
1426 3719 1590 3773 αὑτὸν
1642 3719 1840 3785 ίόντας,
1871 3719 1949 3784 ὡς

355 3819 468 3872 ὑπὸ
495 3816 735 3888 Χριστοῦ
767 3813 1155 3888 πεμπομένους
1195 3813 1494 3884 προθύμως
1529 3808 1948 3883 καταδέχεσθαι,

356 3909 638 3965 διδάσκειν
660 3926 724 3960 τε
765 3909 858 3961 καὶ
893 3906 1164 3960 νουθετεῖν
1195 3905 1371 3960 πάντα
1399 3906 1705 3975 ἄνθρωπον,
1726 3904 1949 3975 ἀντέχε-

357 4002 489 4056 σθαι
524 4000 624 4070 μὲν
653 3999 751 4069 τῆς
778 3997 1060 4068 ὀρθοδόξου
1088 3995 1348 4061 πίστεως,
1404 3995 1708 4067 ἀπέχεσθαι
1757 3995 1816 4050 δὲ
1850 3997 1952 4066 τῆς

353 4094 468 4150 τῶν
488 4092 781 4161 αίρετικῶν
798 4091 925 4145 δυσ-τ
934 4089 1127 4161 ροπίας
1148 4091 1244 4143 καὶ
1263 4089 1711 4160 φρενοϐλαϐείας,
1734 4091 1830 4145 καὶ
1844 4089 1953 4143 πά-

357 4205 466 4258 σης
491 4187 592 4256 μὲν
605 4184 834 4248 ἑαυτοὺς
870 4183 1168 4255 ῥυπαρίας,
1201 4182 1295 4235 καὶ
1319 4182 1520 4246 παντὸς
1555 4182 1950 4253 ἀνακαθαίρειν

355 4279 677 4348 πνεύματος
715 4275 995 4346 μολυσμοῦ
1032 4275 1126 4328 καὶ
1156 4273 1381 4345 σαρκὸς,
1428 4275 1611 4345 πάσης
1660 4273 1718 4327 δὲ
1746 4274 1950 4345 ἀρετῆς

355 4367 743 4438 ἐπιμελεῖσθαι
761 4365 856 4419 καὶ
874 4365 1234 4435 κοσμιότητος
1252 4365 1346 4417 καὶ
1366 4364 1722 4437 σωφροσύνης
1742 4382 1757 4397 ο
1779 4365 1952 4419 ταῦτα

359 4457 459 4509 καὶ
498 4455 569 4508 τὰ
597 4454 810 4515 τούτοις
865 4453 1029 4524 ὅμοια
1061 4452 1190 4516 τοὺς
1243 4454 1484 4524 πατέρας
1534 4454 1806 4508 παιδεύων
1857 4456 1953 4508 καὶ

364 4545 656 4612 νουθετῶν,
677 4545 745 4600 τὰ
766 4543 972 4599 τούτων
998 4543 1172 4615 βρέφη
1199 4545 1566 4615 προκατηχῶν
1595 4548 1623 4600 ὁ
1653 4547 1947 4618 μακάριος,

363 4637 438 4691 δι’
464 4637 650 4700 ὕδατος
678 4637 774 4691 καὶ
804 4636 1122 4706 Πνεύματος
1155 4637 1350 4706 ἡγίαζε
1371 4637 1448 4708 τῷ
1480 4638 1621 4709 Θεῷ.

449 4726 507 4779 '0
543 4727 642 4797 μὲν
661 4722 755 4780 οὖν
787 4725 931 4780 κατὰ
953 4726 1052 4796 τῆς
1089 4725 1416 4796 Ἐκκλησίας
1459 4727 1580 4780 τότε
1616 4726 1823 4798 χειμὼν
1855 4727 1952 4798 βα-

361 4819 486 4891 ρὺς,
525 4818 681 4887 καὶὴ
738 4815 879 4871 κατὰ
923 4816 1116 4887 ίερέων
1163 4817 1344 4884 δίωξις
1375 4817 1622 4890 χαλεπὴ,
1667 4820 1784 4874 ὅσοι
1814 4821 1952 4891 Χρι-

361 4909 494 4964 στοῦ
523 4909 625 4978 τῆς
658 4910 864 4972 εἰκόνος
894 4909 981 4963 διά
1012 4909 1072 4962 τὸ
1102 4911 1457 4980 πρωτδτυπον
1507 4911 1952 4983 προκινδυνεύειν

359 5002 574 5055 εἴλοντο
603 5000 743 5054 δεῖν·
776 4999 950 5064 εὔδιος
981 5001 1034 5054 δὲ
1071 5003 1205 5055 πᾶσι
1237 5001 1330 5054 καλ⁸
1359 5003 1613 5073 γαλήνιος
1636 5005 1806 5076 ὅρμος
1840 5007 1954 5068 τοῖς

358 5089 814 5163 χειμαζομένοις,
871 5093 900 5144 ὁ
929 5091 1075 5161 ἱερὸς
1116 5091 1376 5159 Ἰγνάτιος
1408 5093 1504 5146 καὶ
1551 5094 1669 5157 ὅλος
1711 5094 1877 5148 αὐτοῦ
1924 5097 1953 5149 ὁ

359 5177 516 5245 οἶκος
541 5183 695 5253 παρὰ
721 5183 818 5252 τῆς
848 5183 943 5235 τοῦ
981 5182 1240 5252 Ὑψίστου
1291 5183 1703 5254 προητοίμαστο
1747 5184 1949 5249 δεξιᾶς.

362 5274 466 5337 Τίς
488 5273 599 5345 γὰρ
623 5272 734 5326 τῶν
750 5272 890 5342 ὑπὲρ
913 5272 1196 5336 εύσεὸείας
1217 5272 1550 5342 θλιϐομένων
1574 5275 1672 5344 οὐχ
1699 5273 1954 5346 εὕρισκεν

361 5365 583 5418 ἐκεῖθεν
613 5364 865 5434 αὐτάρκη
893 5364 1002 5417 τῶν
1035 5364 1267 5434 θλίψεων
1291 5365 1615 5436 ἀναψυχήνς
1649 5368 1732 5431 τίς
1763 5367 1876 5422 τῶν
1898 5370 1955 5422 ἐν

363 5456 690 5527 ὐπερορίαις
718 5456 812 5509 καὶ
837 5454 1056 5526 δεσμοῖς
1080 5457 1480 5527 κατεχομένων,
1502 5458 1596 5511 καὶ
1620 5459 1799 5528 λιμοῖς
1820 5477 1955 5512 κατ-

363 5547 728 5618 αγχομένωνξ,
775 5547 836 5600 οὐ
869 5547 971 5618 τῆς
1022 5547 1249 5617 δεούσης
1283 5549 1546 5620 ἐτύγχανε
1589 5552 1955 5622 παρηγορίας,

363 5641 467 5698 καὶ
495 5637 732 5707 ἄφθονον
787 5634 902 5710 εἶχε
935 5639 1046 5694 τῶν
1095 5641 1406 5710 ἀναγκαίων
1449 5642 1548 5713 τὴν
1595 5643 1957 5715 ἐπιχορηγίαν

364 5731 504 5801 παρ’
536 5730 742 5799 αὐτοῦ;
777 5733 839 5785 Οἱ
884 5732 941 5786 δὲ
971 5732 1072 5796 τὰς
1101 5733 1210 5786 τῶν
1254 5735 1532 5806 τυράννων
1563 5736 1820 5808 φέροντες
1845 5738 1954 5806 χείο

366 5841 498 5899 ρας,
535 5825 632 5878 καὶ
660 5823 769 5880 τῶν
802 5823 944 5879 ἰδίων
967 5824 1256 5898 ύπάρξεων
1287 5825 1636 5898 στερούμενοι
1671 5828 1764 5884 καὶ
1798 5829 1956 5882 ἐκπε.

2055 3555 2163 3599 tur.
2213 3543 2282 3598 Et
2308 3550 2427 3598 erat
2463 3543 2609 3596 hunc
2653 3541 2858 3609 videre,
2905 3549 3168 3608 tanquam
3202 3539 3440 3609 aliquem
3471 3550 3501 3590 e
3527 3535 3643 3605 pri-

2054 3634 2161 3688 mis
2193 3632 2399 3690 Christi
2429 3634 2735 3704 discipulis,
2777 3648 2900 3688 cum
2937 3633 3004 3688 ad
3043 3648 3102 3688 se
3146 3631 3478 3686 ventilantes
3524 3629 3642 3683 ala-

2052 3725 2236 3790 criter,
2291 3734 2349 3779 ut
2399 3741 2433 3778 a
2472 3725 2694 3780 Christo
2749 3725 2972 3790 missos,
3013 3724 3288 3792 exciperet
3346 3730 3510 3790 atque
3558 3720 3645 3773 in-

2053 3815 2336 3870 stitueret:
2375 3815 2468 3884 qui
2501 3815 2719 3884 quidem
2753 3815 3077 3869 documenta
3112 3813 3261 3867 illius
3295 3811 3368 3865 ita
3412 3808 3642 3878 arripie-

2053 3908 2209 3972 bant,
2245 3908 2377 3962 dum
2408 3908 2629 3962 doceret
2667 3907 2915 3976 singulos
2948 3915 3000 3960 et
3043 3907 3378 3966 hortaretur,
3411 3912 3470 3958 ut
3523 3903 3642 3957 sin-

2052 4014 2234 4055 ceram
2267 4010 2320 4054 et
2352 3997 2675 4053 catholicam
2708 3998 3021 4070 religionem
3071 4003 3512 4067 propugnarent,
3561 4001 3645 4048 at-

2052 4105 2160 4162 que
2206 4089 2580 4144 hzereticorum
2629 4089 3037 4160 perversitatem
3065 4097 3119 4143 et
3159 4086 3428 4143 insaniam
3481 4100 3642 4140 aver-

2055 4191 2664 4254 sarentur,\omnesque
2699 4197 2758 4237 se
2789 4184 2857 4237 ab
2899 4180 3048 4236 omni
3082 4180 3280 4235 mentis
3311 4189 3362 4234 et
3398 4179 3643 4246 corporis

2057 4275 2178 4329 labe
2203 4283 2580 4345 repurgarent,
2614 4290 2678 4329 ac
2713 4273 2932 4329 virtutis
2971 4271 3150 4328 omnis
3185 4281 3240 4325 et
3273 4270 3644 4340 temperantiae

2057 4366 2473 4434 honestatisque
2525 4366 2738 4421 laudem
2781 4360 3323 4436 procurarentfllmc
3365 4370 3418 4416 et
3450 4361 3533 4416 his
3568 4362 3643 4414 si-

2057 4458 2206 4512 milia
2259 4467 2513 4528 parentes
2558 4456 2841 4520 edocebat,
2898 4458 3206 4525 horumque
3253 4455 3451 4509 liberes
3486 4453 3644 4522 prius

2055 4549 2160 4604 rite
2181 4549 2480 4613 institutos,
2504 4547 2616 4603 Deo
2643 4563 2738 4619 per
2765 4563 2963 4618 aquam
2999 4557 3053 4602 et
3085 4545 3350 4617 Spiritum
3389 4554 3638 4600 sanctum

1983 4661 2027 4716 ι)
2057 4640 2435 4698 consecrabat.

2127 4728 2195 4784 Et
2233 4730 2414 4800 gravis
2473 4729 2694 4799 quidem
2734 4737 2850 4783 tum
2885 4737 2941 4784 et
2991 4729 3284 4784 vehemens
3338 4724 3642 4782 Ecclesiam

2057 4827 2375 4890 tempestas,
2437 4834 2734 4889 sacrosque
2766 4821 2962 4875 acerba
3021 4819 3296 4874 divexatio
3341 4817 3642 4888 premebat,

2056 4913 2371 4984 quicunque
2419 4927 2517 4982 pro
2543 4911 2746 4968 Christi
2786 4912 3023 4984 imagine
3057 4911 3127 4966 ob
3169 4919 3511 4980 prototypum
3539 4909 3644 4964 sibi

2058 4998 2478 5070 periclitandum
2533 5009 2901 5069 putaverunt:
2933 5000 3262 5069 tranquillus
3315 5014 3442 5054 vero
3471 5006 3525 5052 et
3556 5013 3645 5053 se-

2058 5107 2226 5146 renus
2255 5091 2513 5147 omnibus
2553 5101 2872 5163 tempestate
2908 5091 3128 5162 jactatis
3163 5101 3355 5163 portus
3389 5106 3417 5145 a
3453 5106 3646 5160 supre-

2067 5198 2154 5238 ma
2192 5183 2445 5238 Numinis
2490 5183 2684 5240 dextra
2731 5199 2885 5240 sacer
2926 5185 3015 5239 hic
3066 5183 3304 5257 lgnatius
3341 5184 3646 5237 destinatus

2066 5285 2205 5341 erat,
2240 5285 2293 5330 et
2334 5275 2532 5332 domus
2569 5276 2688 5348 ejus
2717 5286 2850 5332 tota.
2890 5276 3092 5348 Ecquis
3129 5277 3274 5331 enim
3315 5291 3413 5346 pro
3441 5275 3647 5344 pietate

2063 5370 2481 5438 decertantium,
2543 5372 2809 5427 malorum
2875 5386 3352 5440 mrumnarumque
3419 5385 3644 5424 suarum

2064 5459 2410 5532 refrigerium
2448 5461 2519 5516 ab
2556 5475 2622 5515 eo
2677 5477 2784 5517 non
2841 5462 3126 5533 percepit?
3170 5441 3402 5527 Quis'iu
3455 5469 3644 5514 custo-

2063 5553 2208 5607 diam
2237 5555 2417 5618 datus,
2449 5554 2575 5624 quis
2605 5555 2658 5608 in
2694 5555 2948 5609 exsilium
2985 5555 3210 5624 ejectus.
3252 5553 3374 5623 quis
3406 5553 3644 5608 vinculis

2061 5654 2115 5698 et
2160 5643 2304 5700 fame
2352 5645 2652 5710 cruciatus,
2683 5645 2752 5699 ab
2783 5661 2851 5700 eo
2881 5661 2990 5700 non
3021 5655 3106 5700 est
3133 5646 3426 5709 relevatus,
3457 5659 3648 5700 ncces-

2065 5735 2336 5807 sariisque
2375 5736 2591 5791 auxiliis
2632 5736 2928 5793 liberaliter
2964 5737 3312 5792 instructus?
3350 5737 3480 5792 Nam
3525 5737 3648 5807 qui-

2066 5845 2284 5900 cunque
2333 5839 2688 5902 tyrannorum
2746 5829 2854 5885 vim
2903 5837 2959 5886 et
3007 5831 3224 5902 rapinas
3273 5829 3646 5902 patiebantur,
