4022 6414
320 418 424 487 501

1375 417 1551 480 VITA
1584 416 1648 477 S.
1689 411 1985 476 IGNATII
2024 412 2133 475 ΕΡ.
2173 413 2521 475 ARCHIEP.

3466 421 3573 486 502

319 525 660 600 αἱρεσιωτῶν
686 525 1129 598 ἀποφηνάμενος,
1158 528 1373 582 εὐθεῖαν
1427 527 1510 581 ἔτι
1536 528 1649 579 τοῖς
1682 525 1901 596 ὀρθοτο-

2006 511 2323 594 designatis,
2358 524 2597 594 aliisque
2621 521 2757 579 alias
2782 522 2851 577 ob
2884 537 3082 581 causas
3116 532 3243 583 voto
3269 525 3570 597 frustratis,

306 622 450 693 ,μεῖν
502 617 744 673 ἐθέλουσι
781 618 881 689 τὴν
923 617 1026 686 τῆς
1076 617 1388 687 όρθοδοξίας
1428 616 1709 677 ὑπέδειξεν
1736 617 1855 669 ὀδόν
1878 631 1891 644 ·

320 712 418 767 ἐπὶ
446 710 718 780 τέσσαρας
750 709 807 763 δὲ
839 710 1065 780 χρόνους
1098 710 1361 767 κάλλιστά
1409 729 1469 765 τε
1512 713 1606 766 καὶ
1631 711 1897 781 ἄμεμπτα

320 801 421 872 τὴν
441 799 537 854 τοῦ
566 800 773 873 Κυρίου
798 801 1067 871 ποιμάνας
1093 802 1443 872 Ἐκκλησίαν,
1466 804 1524 858 ὲν
1551 805 1745 875 εἰρήνῃ
1761 803 1899 873 πρὸς

319 892 485 947 αὐτὸν
522 891 780 960 μετέστη.
829 892 1049 946 Πολλῶν
1093 893 1386 963 τοιγαροῦν
1442 895 1522 958 εἰς
1560 894 1899 964 προστασίαν

318 983 419 1053 τῆς
463 981 790 1052 Ἐκκλησίας
816 983 1334 1054 προχειριζομένων,
1367 983 1462 1039 καὶ
1491 983 1667 1039 ἄλλων
1701 983 1771 1037 δι’
1801 984 1897 1037 ἀλ-

319 1075 415 1140 λας
444 1074 626 1139 αίτίας
645 1076 1126 1147 διαμαρτανόντων
1140 1076 1234 1130 τοῦ
1253 1077 1481 1142 σκοποῦ,
1497 1077 1585 1131 ἵνα
1612 1079 1645 1148 ἡ
1678 1095 1903 1149 προορι-

321 1162 509 1219 σθεῖσα
536 1164 634 1220 τοῦ
661 1163 798 1219 Θεοῦ
836 1164 1000 1236 βουλὴ
1037 1166 1220 1237 μείνῃ,
1275 1167 1534 1235 Ἰγνάτιος
1554 1169 1583 1220 ὁ
1607 1168 1901 1232 ὁσιώτατος

322 1255 714 1327 πρεσϐύτερος,
746 1255 1022 1320 πλείστοις
1051 1256 1228 1311 ἔτεσιν
1257 1258 1356 1330 ἤδη
1383 1260 1497 1321 τοῖς
1537 1259 1638 1329 τῆς
1667 1261 1899 1331 ἱερωσύ-

319 1363 418 1417 νης
450 1347 791 1418 χαρίσμασιν
829 1347 1289 1418 ἑνευδοκιμηκὼς,
1339 1350 1432 1404 καὶ
1467 1349 1677 1421 βαθμὸν
1721 1353 1899 1422 ἑαυτῷ

322 1436 485 1491 καλὸν
515 1438 576 1493 ὲν
613 1437 781 1508 πολλῇ
812 1439 1099 1509 παρρησία
1130 1439 1225 1495 καὶ
1272 1442 1339 1511 τῇ
1370 1442 1429 1494 ὲν
1458 1442 1680 1513 Χριστῷ
1724 1443 1896 1515 Ἰησοῦ

320 1530 502 1583 πίστει
545 1530 1068 1602 περιποιησάμενος,
1105 1531 1200 1585 καὶ
1247 1532 1308 1586 ἐν
1351 1536 1465 1598 τοῖς
1504 1534 1761 1589 ἁπάντων
1809 1535 1900 1591 διὰ

319 1617 479 1673 τοῦτο
505 1620 769 1690 στόμασιν
800 1621 1080 1691 ᾁδόμενος,
1122 1621 1383 1691 καίτοιγε
1418 1622 1646 1678 πλεῖστα
1698 1642 1899 1694 παραι-

322 1708 603 1780 τούμενος,
656 1711 750 1764 καὶ
790 1710 885 1766 τὸν
922 1710 1087 1780 ὄγκον
1133 1711 1228 1768 τοῦ
1258 1712 1570 1784 ἀξιώματος
1611 1716 1901 1787 ἀποδιδράο

326 1813 467 1853 σκων
500 1800 857 1864 πανευλαϐῶς
880 1814 896 1832 ·
931 1803 1081 1873 ὅμως
1130 1804 1381 1875 ἐνεργείᾳ
1412 1805 1516 1875 μὲν
1543 1806 1687 1861 θείου
1722 1807 1896 1861 Πνεύ-

330 1904 513 1959 ματος,
551 1890 813 1961 συνεργίᾳ
839 1890 898 1945 δὲ
934 1864 1028 1947 καὶ
1056 1864 1235 1965 ψήφῳ·
1258 1864 1564 1966 ἀρέιέρέων
1609 1897 1768 1964 Θεοῦ,
1799 1902 1899 1971 τῆς
1928 1864 1972 1919 Β

329 1978 473 2044 θείας
504 1980 790 2052 ίεραρχίας
821 1982 1087 2049 ἀξιοῦται,
1125 1986 1220 2040 καὶ
1253 1986 1330 2057 τῷ
1354 1987 1530 2060 θρόνῳ
1554 1989 1657 2060 τῆς
1688 1989 1899 2061 βασιλίο

335 2067 419 2132 δος
467 2071 759 2142 ἐνίδρυται,
798 2074 894 2128 καὶ
925 2077 993 2145 τῇ
1028 2074 1220 2148 λυχνίᾳ
1265 2079 1295 2133 ό
1344 2078 1535 2151 λύχνος
1567 2082 1896 2141 ἐπιτίθεται.

342 2159 450 2229 Πρὸ
476 2163 682 2216 πάντων
707 2162 765 2217 δὲ
794 2164 905 2221 τῶν
953 2167 1259 2241 ἀρχιερέων
1303 2170 1397 2223 καὶ
1426 2171 1536 2227 τῶν
1583 2172 1750 2239 Ααῶν,
1798 2175 1902 2245 τῆς

352 2247 600 2320 βασιλίδος
631 2255 1049 2329 ἀποστειλάσης,
1103 2260 1198 2331 καὶ
1229 2261 1543 2334 άξιωσάσης
1573 2264 1662 2320 διὰ
1688 2266 1900 2335 Κυρίου

350 2342 601 2412 γνωρίσαι
632 2344 717 2401 τὸν
765 2345 954 2413 ἀξιον,
1000 2351 1362 2422 προφητικῶς
1409 2354 1439 2406 ό
1485 2354 1662 2425 μέγας
1710 2356 1902 2411 τοῦτον

357 2429 658 2498 Ἰωαννίκιος
704 2435 1004 2509 ψηφίζεται
1024 2456 1039 2472 ο
1072 2441 1166 2497 καὶ
1219 2442 1391 2508 οὕτως
1415 2445 1504 2500 διὰ
1537 2447 1638 2517 τῆς
1682 2447 1853 2520 θύρας
1874 2451 1904 2504 ό

343 2524 537 2595 ποιμὴν
560 2528 587 2579 ό
617 2529 780 2591 καλὸς
813 2532 894 2593 είς
915 2531 1014 2603 τὴν
1047 2532 1216 2606 αὐλὴν
1246 2534 1357 2588 τῶν
1402 2538 1690 2609 προϐάτων
1729 2541 1903 2594 εἰσελ-

333 2610 458 2704 θῶν,
487 2616 550 2668 τὰ
579 2616 686 2672 ἴδια
721 2620 972 2690 πρόϐατα
989 2624 1172 2679 ἐκάλει
1205 2626 1326 2679 κατ’
1356 2626 1533 2697 ὄνομα
1555 2644 1569 2659 ·
1602 2630 1697 2684 καὶ
1723 2633 1903 2704 πάσης

337 2702 435 2772 μὲν
465 2708 630 2778 νομῆς
651 2709 953 2784 θανασίμου
982 2715 1077 2769 καὶ
1106 2715 1396 2789 βλαϐερᾶς,
1425 2720 1606 2791 πάσης
1636 2720 1693 2776 δὲ
1725 2702 1903 2794 λύμης

331 2794 425 2883 καὶ
454 2798 730 2864 ἀταυλείας
766 2803 961 2872 ἐξῆγεν
994 2807 1299 2879 αἱρετικῆς,
1344 2810 1485 2882 πρὸς
1507 2811 1604 2877 τὰς
1639 2813 1903 2883 ἀειζώους

325 2882 383 2936 δὲ
419 2887 513 2940 καὶ
542 2888 817 2955 ἀειθαλείς
845 2893 946 2965 τῆς
974 2896 1259 2969 ὀρθοδόξου
1305 2900 1541 2966 πίστεως
1571 2905 1668 2958 καὶ
1694 2904 1901 2959 δικαιο-

325 2975 490 3064 σύνης
520 2977 724 3049 ὡδήγει
753 2983 847 3041 καὶ
877 2985 1065 3055 είσῆγε
1108 2988 1314 3057 νομάςο
1343 2990 1439 3045 καὶ
1471 2992 1636 3058 αὐτὸς
1665 2994 1766 3064 μὲν
1798 3013 1901 3049 και

323 3062 447 3129 κίας
477 3064 701 3139 ἀπάσης
725 3071 978 3127 τοσοῦτον
1008 3076 1288 3151 ἀπείχετο,
1343 3079 1452 3154 ὅσῳ
1496 3062 1678 3153 πάσης
1725 3086 1902 3139 ἀντεί-

2000 615 2078 673 uti
2108 615 2376 670 destinata
2406 614 2499 670 Dei
2530 616 2796 673 sententia
2832 624 3024 682 staret,
3058 615 3293 687 lgnatius
3337 622 3574 678 sanctis-

1999 708 2173 767 simus
2196 709 2499 779 presbyter,
2543 723 2668 763 cum
2710 724 2804 779 per
2837 710 3039 764 multos
3071 725 3244 766 annos
3281 715 3575 771 sacerdotii

2000 800 2325 856 muneribus
2359 816 2553 872 magna
2587 816 2712 859 cum
2744 801 2902 857 laude
2936 802 3259 872 perfunctus
3285 815 3452 868 esset,
3477 806 3576 863 ho-

1999 906 2241 960 numque
2305 892 2408 947 sibi
2466 891 2520 946 in
2566 892 2736 947 multa
2794 894 3139 959 auctoritate,
3197 903 3252 951 et
3301 895 3354 949 in
3384 895 3574 952 Iesum

1998 981 2277 1039 Christum
2336 984 2443 1039 fide
2476 985 2585 1055 iam
2625 986 2854 1055 gradum
2909 986 3296 1050 exstruxisset,
3331 1002 3397 1042 ac
3444 1003 3576 1058 pro-

1998 1083 2183 1143 pterea
2203 1075 2448 1131 omnium
2469 1090 2566 1131 ore
2591 1077 2981 1141 celebraretur,
3007 1078 3367 1147 quantumvis
3399 1079 3579 1147 digni-

1998 1165 2128 1221 tatis
2157 1165 2588 1236 magnitudinem
2615 1166 2924 1239 refugiens,
2948 1169 3000 1223 vi
3031 1176 3215 1224 tamen
3249 1171 3424 1224 sancti
3456 1168 3579 1240 Spi-

2001 1257 2162 1323 ritus,
2196 1265 2252 1314 et
2277 1258 2587 1314 antistitum
2612 1259 2945 1315 auctoritate
2964 1271 3018 1315 et
3043 1262 3336 1325 sententia,
3370 1262 3579 1316 honore

1999 1362 2160 1404 sacro
2219 1349 2575 1421 dignissimus
2609 1349 2907 1420 judicatus,
2975 1352 3039 1406 in
3064 1352 3390 1423 imperantis
3424 1354 3578 1408 urbis

1997 1451 2155 1494 sacra
2198 1440 2327 1496 sede
2375 1441 2694 1508 collocatur,
2731 1442 3076 1513 lucernaque‘
3114 1444 3446 1520 candelabro
3477 1444 3578 1499 im-
3666 1477 3677 1485 ς

1997 1530 2261 1605 ponitur;
2297 1546 2423 1587 cum
2453 1540 2583 1588 ante
2616 1533 2864 1589 omnium
2893 1535 3274 1606 episcoporum
3307 1545 3369 1591 et‘
3390 1535 3578 1606 populi

1997 1620 2298 1677 sententias
2330 1621 2653 1691 imperatrix
2684 1622 2751 1678 ad
2800 1622 3152 1681 Joannicium
3185 1627 3576 1682 anachoretam

1998 1711 2604 1780 consultumgmisisset,
2641 1727 2999 1783 ecquemnam
3044 1715 3145 1771 hoc
3172 1715 3592 1785 patriarchatus—

2002 1800 2210 1859 honore
2241 1800 2465 1871 dignum
2498 1817 2594 1871 per
2648 1803 2935 1859 Dominum
2965 1815 3359 1874 cognosceret;
3406 1805 3581 1878 lgna-

2003 1891 2136 1953 tium
2164 1891 2401 1951 eximius
2434 1893 2523 1948 ille
2544 1892 2867 1951 Joannicius
2898 1895 3161 1952 divinitus
3183 1899 3577 1964 pronuntiavit.

2001 1982 2181 2051 Atque
2212 1982 2284 2037 ita
2314 1980 2493 2057 bonus
2543 1990 2734 2053 pastor
2765 1999 2859 2057 per
2885 1983 3091 2039 ostium
3137 1985 3193 2039 in
3223 1985 3361 2040 ovile
3393 1986 3579 2040 ovium

2003 2073 2308 2144 ingressus,
2338 2087 2469 2130 oves
2500 2074 2751 2147 proprias
2779 2075 3015 2131 vocabat
3064 2074 3418 2132 nominatim:
3444 2092 3583 2145 quas

2002 2179 2070 2221 ex
2101 2165 2280 2223 noxiis
2313 2171 2369 2221 et
2428 2164 2705 2236 pestiferis
2742 2166 2949 2234 herbis,
3008 2165 3276 2236 omnique
3327 2166 3584 2223 haeretica

2003 2266 2159 2332 peste
2183 2265 2233 2312 et
2282 2256 2449 2313 exitio
2479 2266 2718 2329 ereptas,
2772 2259 2841 2313 ad
2892 2258 3224 2315 immortalia
3258 2274 3584 2330 semperque

2003 2346 2234 2402 virentia
2264 2357 2428 2403 rectae
2476 2347 2598 2403 fidei
2653 2349 2991 2419 justitizeque
3033 2365 3236 2419 pascua
3287 2349 3588 2406 deducebat

2005 2437 2425 2508 inducebatque.
2486 2436 2604 2507 Ipse
2652 2453 2781 2495 vero
2837 2447 2949 2497 tum
3015 2439 3084 2494 ab
3141 2440 3289 2493 omni
3355 2439 3586 2495 crimine

2005 2530 2055 2585 al
2076 2528 2354 2594 horrebat,
2388 2538 2503 2585 tum
2527 2529 2580 2584 in
2608 2546 2772 2586 omne
2800 2532 3102 2599 praesertim
3136 2531 3399 2587 virtutum
3434 2531 3587 2599 prin-

2005 2619 2259 2688 cipalium
2291 2630 2346 2675 et
2378 2619 2656 2691 aequitatis
2691 2621 2934 2677 studium
2965 2620 3229 2691 singulari
3259 2631 3458 2676 conatu
3499 2621 3587 2675 iu-

2006 2710 2290 2775 cumbens,
2324 2711 2393 2765 ad
2447 2711 2701 2782 perfectae
2754 2711 2971 2780 pietatis
3004 2712 3217 2767 c'ulmen
3252 2710 3584 2766 enitebatur.

2004 2801 2299 2858 Prudentia
2340 2818 2579 2873 namque
2642 2802 2717 2857 illi
2747 2818 2895 2858 cura:
2944 2811 3083 2867 erat,
3119 2817 3226 2857 non
3260 2810 3319 2856 ut
3352 2802 3586 2871 opulen—

2004 2894 2137 2949 tiam
2191 2894 2318 2959 sibi,
2369 2894 2779 2963 humanamque
2832 2893 3105 2964 gloriam,
3167 2902 3221 2950 et
3282 2893 3590 2962 voluptates

2004 2984 2385 3055 conquireret;
2419 2986 2513 3040 sed
2546 2993 2605 3041 ut
2627 2985 2720 3040 Dei
2757 2986 3094 3043 voluntatem
3146 2994 3417 3051 sanctam,
3450 2985 3590 3040 bene

2004 3076 2304 3149 placentem
2373 3085 2427 3132 ct
2486 3074 2806 3145 perlectam.
2866 3076 2923 3131 in
2958 3077 3151 3146 spiritu
3212 3077 3344 3132 recti
3391 3076 3586 3146 judieii

322 3171 444 3248 χετο
465 3158 820 3234 δικαιοσύνης
843 3179 857 3195 ’
899 3165 1193 3237 ἐξαιρέτως
1235 3168 1293 3225 δὲ
1334 3170 1472 3243 πρὸς
1507 3173 1608 3238 τάς
1637 3173 1746 3229 τῶν
1778 3177 1897 3248 ἀρες

2006 3168 2142 3223 bene
2171 3167 2493 3239 intelligeret
2521 3175 2575 3222 et
2601 3176 2945 3237 sequeretur.
2978 3167 3258 3223 Fortitudo
3303 3184 3435 3223 vero
3469 3178 3589 3224 erat

320 3246 428 3299 τῶν
482 3251 926 3322 κατορθούμενος
985 3257 1232 3325 γενικὰς,
1286 3261 1388 3329 τῆς
1441 3262 1563 3317 κατ’
1625 3246 1906 3320 εὐσέϐειαν

319 3337 663 3411 τελειότητος
693 3344 1039 3413 ἐπεμελεῖτο.
1063 3347 1332 3423 Φρόνησις
1359 3350 1460 3422 μὲν
1490 3352 1598 3423 γὰρ
1622 3354 1775 3427 αύτῷ
1823 3356 1906 3413 δι·

318 3430 677 3499 εσπούδαστο,
714 3434 814 3505 οὐχ
846 3434 986 3489 ὥστε
1017 3436 1248 3494 πλοῦτον
1289 3442 1465 3514 ἑαυτῷ
1493 3444 1587 3498 καὶ
1620 3444 1778 3515 δόξαν
1807 3465 1907 3504 ποε-

321 3518 573 3590 ρίζεσθαι
621 3526 914 3598 κοσμικὴν,
950 3529 1043 3585 καὶ
1088 3530 1343 3596 ποικίλας
1383 3533 1636 3606 σώματος
1683 3537 1902 3608 ἡδονὰς,

319 3611 435 3665 ἀλλ’
466 3612 616 3668 ῶστε
644 3616 706 3669 τὸ
728 3617 940 3691 θέλημα
978 3620 1071 3674 τοῦ
1093 3621 1228 3678 Θεοῦ
1263 3624 1323 3677 τὸ
1356 3625 1560 3693 ἀγαθὸν
1582 3628 1678 3683 καὶ
1707 3630 1906 3702 εὐάρε-

318 3717 443 3759 στον
466 3705 569 3760 καὶ
598 3706 805 3762 τέλειον
831 3709 892 3762 ὲν
919 3709 1245 3782 διακρίσεως
1260 3714 1534 3786 πνεύματι
1566 3720 1750 3784 καλῶς
1780 3737 1909 3775 συν-

320 3796 455 3850 ιέναι
493 3797 599 3852 καὶ
633 3802 827 3856 ποιεῖν.
871 3799 1087 3875 Ἀνδρία
1120 3804 1178 3857 δὲ
1238 3805 1407 3877 αὐτῷ,
1437 3809 1499 3862 τὸ
1532 3809 1607 3881 μὴ
1637 3812 1906 3884 ἡττᾶσθαι

317 3904 449 3944 ποτε
484 3893 591 3962 τῆς
626 3893 921 3965 ἁμαρτίας,
968 3897 1085 3952 ἀλλ’
1106 3898 1390 3970 ἐλεύθερον
1421 3896 1563 3955 εἶναι
1588 3905 1681 3958 καὶ
1708 3904 1906 3959 δεσπό-

318 3980 433 4044 ζειν
464 3982 582 4035 τῶν
614 3983 888 4040 δυναστῶν
914 4003 929 4016 ·
968 3986 1262 4058 ἀποτόμως
1302 3989 1359 4043 δὲ
1383 3989 1477 4046 τὸν
1523 3993 1908 4069 ἁμαρτάνοντα

320 4074 460 4128 κατά
507 4074 608 4128 τὸν
648 4076 1009 4133 ἀποστολικὸν
1062 4080 1223 4151 νόμον
1254 4081 1576 4157 διελέγχειν,
1627 4087 1908 4145 καὶτοῦτο

320 4165 588 4230 πολλάκις
617 4165 849 4222 ἐνώπιον
883 4168 1121 4237 πάντων,
1144 4173 1239 4225 καὶ
1279 4174 1354 4244 μὴ
1387 4175 1751 4246 καθυφίεσθαι
1783 4178 1907 4232 δου-

320 4255 649 4330 λοπρεπῶς,
699 4261 787 4316 ἵνα
829 4261 926 4317 καὶ
969 4264 1021 4318 οἱ
1068 4266 1266 4332 λοιποὶ,
1312 4269 1470 4338 φησὶ,
1525 4270 1689 4339 φόϐον
1717 4270 1904 4342 ἔχωσι.

323 4346 658 4423 Σωφροσύνη
711 4352 790 4420 δὲ,
851 4355 914 4408 ού
972 4356 1067 4411 τοῦ
1122 4359 1321 4414 οἰκείου
1375 4359 1629 4432 σώματος
1664 4363 1826 4434 μόνον
1872 4365 1908 4434 ἡ

328 4439 556 4514 ἀγνότης
589 4461 647 4498 τε
694 4445 789 4500 καὶ
827 4447 1174 4520 καθαρότης,
1226 4450 1294 4522 ἢν
1339 4452 1405 4507 ἐκ
1440 4454 1643 4525 νεαρᾶς
1690 4456 1908 4526 ἡλικίας

2007 3258 2131 3329 ipsi,
2164 3274 2231 3316 ne
2257 3274 2497 3330 unquam
2523 3259 2797 3315 servitutis
2815 3269 3048 3329 peccato.
3062 3261 3466 3326 succumberet,
3489 3261 3586 3316 sed

2005 3351 2143 3408 liber
2170 3362 2335 3419 esset,
2390 3360 2442 3407 et
2498 3351 2878 3410 dominaretur
2910 3352 3284 3422 optimatibus,
3327 3363 3491 3424 atque
3520 3370 3588 3411 ex

2007 3443 2237 3513 apostoli
2279 3443 2623 3514 praescripto,
2658 3453 2979 3513 peccantem
3033 3445 3234 3501 acriter
3268 3446 3588 3517 castigaret,

2005 3544 2060 3591 et
2110 3534 2216 3592 hoc
2239 3549 2384 3606 saepe
2429 3550 2618 3593 coram
2646 3536 2929 3601 omnibus,
2963 3551 3065 3592 nec
3106 3537 3289 3593 servili
3338 3539 3498 3595 modo
3532 3553 3593 3594 se

2005 3627 2332 3696 subiiceret;
2357 3636 2491 3683 utet
2533 3627 2741 3693 cancri,
2784 3628 2983 3698 inquit,
3018 3628 3267 3685 incilicia
3302 3645 3397 3700 per
3426 3630 3591 3685 timo-

2007 3733 2122 3774 rem
2142 3719 2547 3777 contineantur.
2564 3720 3007 3790 Temperantiam
3035 3729 3347 3777 autemnon
3377 3732 3591 3781 tantum

2007 3811 2062 3865 in
2111 3825 2342 3880 corpore
2371 3810 2545 3879 coluit
2595 3826 2720 3877 suo,
2752 3827 2919 3882 quam
2962 3828 2990 3867 a
3023 3813 3225 3868 teneris
3249 3813 3408 3868 annis
3450 3815 3591 3869 adeo

2007 3901 2289 3958 laboribus
2327 3901 2732 3973 sudoribusque
2758 3901 3247 3973 assiduisperfecte
3264 3913 3347 3959 est
3362 3920 3590 3960 assecu-

2007 4002 2117 4059 tus,
2139 4001 2199 4048 ut
2214 4007 2437 4050 sensum
2467 3992 3028 4064 omnem,omncsque
3049 3995 3375 4064 cupiditates
3396 4010 3595 4066 corpo-

2008 4087 2085 4141 ris
2120 4086 2313 4143 noxias
2346 4085 2561 4158 penitus
2586 4086 2930 4143 exstinxerit.
2965 4084 3084 4142 Non
3104 4102 3236 4156 ergo
3267 4087 3351 4142 his
3376 4096 3588 4143 tantum

2011 4177 2210 4233 tinit‘tus
2250 4177 2622 4247 temperantia:
2674 4176 3022 4247 splendorem
3062 4176 3461 4240 circumclusit.
3493 4181 3589 4236 sed

2008 4266 2306 4323 Ecclesiam
2364 4280 2521 4323 suam
2563 4274 2756 4330 totam,
2797 4281 3013 4323 morum
3053 4276 3110 4321 et
3156 4268 3419 4324 doctrina:
3476 4285 3592 4328 sua:

2009 4358 2273 4431 gravitate
2302 4357 2755 4429 assiduitathue,
2786 4358 2856 4417 ad
2894 4372 3016 4414 cam
3054 4358 3305 4428 provexit
3331 4361 3592 4418 honesta-

2012 4460 2119 4510 tem
2156 4459 2211 4507 et
2266 4448 2673 4516 verecundiam,
2723 4457 2784 4504 ut
2833 4449 2975 4504 inter
3021 4449 3142 4520 ejus
3189 4449 3487 4509 familiares
3527 4470 3596 4510 ne

332 4531 471 4587 οὓτω
506 4534 693 4600 πόνοις
730 4539 947 4608 συχνοῖς
976 4539 1072 4593 καὶ
1120 4539 1309 4613 ἱδρῶσι
1356 4543 1779 4616 κατωρθώσατο,
1827 4545 1902 4613 ὡς

2012 4557 2209 4598 nomen
2234 4541 2454 4613 quidem
2486 4539 2886 4605 fornicationis,
2913 4539 2996 4594 vel
3023 4540 3332 4611 cuiuspiam
3362 4543 3594 4610 impuri-

335 4627 413 4690 είς
437 4628 610 4702 ἄκραν
648 4631 812 4687 αὐτὸν
863 4633 1156 4701 ἀπάθειαν,
1196 4635 1314 4708 ἦτοι
1347 4638 1588 4710 παντελῆ
1641 4640 1907 4712 νέκρωσιν

327 4717 419 4772 τοῦ
440 4720 703 4793 σαρκίνου
734 4724 1082 4796 φρονήματος
1106 4726 1303 4783 ἐλθεῖν.
1330 4730 1406 4783 Οὐ
1435 4730 1609 4804 ταύτῃ
1642 4732 1773 4800 γοῦν
1806 4734 1906 4804 μόσ

325 4825 414 4863 νον
429 4811 491 4864 τὸ
512 4812 616 4882 τῆς
640 4813 997 4888 σωφροσύνης
1021 4817 1252 4891 ὡρίζετο
1274 4819 1458 4890 καλὸν,
1486 4821 1638 4897 πάσῃ
1660 4823 1717 4876 δὲ
1741 4841 1909 4877 σπου-

322 4901 383 4974 δῇ
406 4905 503 4959 καὶ
529 4904 632 4976 τὴν
659 4908 780 4959 κατ’
804 4907 968 4962 αὐτὸν
1012 4909 1341 4982 Ἐκκλησίαν
1359 4913 1452 4967 ἐπὶ
1479 4915 1732 4969 τοσοῦτον
1750 4916 1907 4987 ἥγνι-

325 4994 407 5059 ζε,
442 4997 544 5052 καὶ
580 4996 659 5068 τῷ
686 4996 942 5069 ὲμϐριθεϊ
990 5018 1051 5054 τε
1094 5003 1189 5057 καὶ
1219 5008 1434 5076 συνεχεί
1459 5007 1560 5077 τῆς
1608 5007 1703 5061 τοῦ
1738 5008 1909 5063 Πνεύ-

324 5104 501 5158 ματος
561 5089 910 5156 διδασκαλίας
964 5093 1367 5166 ἐσωφρόνιζεν,
1429 5097 1505 5164 ὡς
1558 5099 1680 5170 μηδ’
1737 5100 1909 5172 ὅνομα

324 5179 610 5249 πορνείας,
663 5180 875 5252 ῆτινος
923 5182 1093 5254 ἄλλης
1134 5176 1478 5259 ἀκαθαρσίας
1510 5189 1568 5242 ὲν
1597 5191 1711 5252 τοῖς
1758 5192 1910 5263 αὐτῷ

321 5269 721 5343 πλησιάζουσιν
775 5274 1070 5331 ἀκούεσθαι
1098 5292 1112 5306 ⁸
1175 5277 1291 5332 ἀλλ⁹
1342 5279 1530 5353 ὥσπερ
1590 5282 1752 5347 αὐτὸς
1810 5284 1911 5356 τὴν

316 5361 556 5433 ἄμωμον
574 5363 691 5419 ὁδὸν
723 5364 816 5419 τοῦ
870 5367 1078 5438 Κυρίου
1112 5367 1362 5441 ἀμώμως
1415 5372 1731 5442 ἐπορεύετο,
1763 5375 1909 5430 οὕτω

316 5454 418 5511 καὶ
444 5454 549 5527 τὴν
581 5455 791 5511 ἐκείνου
821 5458 1063 5532 νύμφην,
1090 5461 1165 5527 ὡς
1203 5463 1407 5532 ἀγαθὸς
1434 5466 1829 5536 νυμφοστόλος,
1850 5469 1910 5522 ἐν

314 5543 545 5616 ἀμώμῳ
578 5549 826 5619 προσῆγε
870 5551 1140 5625 πολιτείᾳ..
1197 5555 1336 5626 Περὶ
1379 5557 1728 5631 δικαιοσύνης
1767 5559 1827 5613 δὲ
1857 5558 1910 5618 τί

317 5637 432 5709 χρὴ
456 5639 562 5691 ικαὶ
595 5637 813 5710 λέγειν;
859 5644 926 5715 ῆν
956 5644 1101 5700 οῦτω
1138 5649 1382 5719 στερρῶς
1417 5650 1511 5705 καὶ
1562 5651 1912 5723 μεγαλοπρε-

318 5728 445 5793 πῶς
466 5730 499 5783 ὁ
530 5732 799 5804 μακάριος
844 5736 1139 5805 ἐνεδέδυτο,
1171 5740 1311 5795 ὥστε
1340 5744 1435 5798 καὶ
1466 5744 1671 5817 μέμψιν
1706 5743 1774 5798 δι’
1809 5745 1910 5801 αὑ-

317 5819 425 5892 τὴν
453 5821 677 5894 ὑπέχειν
718 5827 977 5896 πολλάκις
1015 5831 1165 5904 παρὰ
1188 5836 1299 5899 τοῖς
1338 5834 1545 5901 ἀδίκοις
1575 5836 1669 5891 τοῦ
1698 5836 1907 5893 δικαίου

2014 4634 2143 4689 tatis
2176 4632 2477 4704 audiretur.
2520 4631 2750 4687 Perinde
2780 4632 2923 4686 enim
2975 4643 3032 4687 ut
3071 4632 3187 4703 ipse
3215 4633 3333 4689 vias
3378 4634 3593 4691 Domini

2015 4734 2196 4781 rectas
2222 4723 2536 4781 ambulabat
2567 4763 2583 4789 ,
2636 4722 2711 4777 ita
2766 4737 3027 4792 sponsam
3080 4723 3297 4777 Domini
3351 4724 3596 4792 optimus

2016 4814 2422 4888 paranymphus
2466 4827 2562 4882 per
2604 4811 2938 4883 inculpatum
2972 4812 3097 4866 vitae.
3137 4811 3389 4869 semitam
3424 4812 3597 4866 dcdu.

2015 4910 2194 4966 ccbat.
2231 4905 2351 4963 Jam
2382 4916 2440 4961 ut
2468 4905 2632 4963 fuerit
2664 4909 2803 4975 aequi
2843 4915 3023 4971 tenax,
3059 4903 3357 4974 justitizeve
3405 4905 3597 4960 obser-

2015 5017 2174 5067 vans,
2210 4996 2341 5071 quid
2369 4999 2589 5055 dicam?
2621 5014 2747 5056 cum
2790 4998 2863 5053 ita
2895 4999 3065 5067 rigide
3088 5013 3207 5053 eam
3249 4999 3508 5058 servavit.
3535 5008 3596 5055 ut

2015 5094 2161 5150 illius
2192 5105 2359 5147 causa
2400 5105 2509 5149 non
2545 5104 2673 5147 raro
2700 5090 2768 5145 ab
2798 5089 3001 5159 iniquis
3047 5088 3323 5158 aequitatis
3370 5088 3595 5146 arbitris

2015 5184 2543 5256 reprehenderetur,
2597 5190 2897 5254 pastorque
2948 5197 3078 5237 vere
3128 5181 3276 5237 mitis
3300 5194 3366 5235 ac
3394 5180 3595 5236 divinas

2016 5277 2257 5333 imitator
2271 5274 2524 5345 iustitiae,
2541 5275 2843 5345 asperrime
2869 5275 3351 5329 condemnaretur.
3380 5271 3590 5328 Etenim

2017 5382 2126 5423 non
2154 5367 2206 5421 iu
2239 5365 2493 5422 civilibus
2522 5373 2733 5420 tantum
2773 5367 2956 5425 rebus,
2998 5365 3095 5421 sed
3136 5364 3311 5421 multo
3338 5362 3514 5433 magis
3536 5363 3590 5419 in

2016 5458 2407 5516 ecclesiasticis
2472 5457 2967 5528 disceptationibus
3018 5466 3072 5512 et
3133 5456 3357 5527 jndiciis
3434 5456 3593 5512 facile

2017 5552 2417 5624 agnoscebatur
2438 5550 2505 5605 ad
2546 5551 2794 5607 veritatis
2829 5549 3214 5621 aequitatisque
3254 5558 3593 5605 momentum

2018 5647 2296 5702 lanoemve
2333 5644 2694 5716 propendere,
2740 5652 2933 5700 contra
2988 5657 3118 5698 vero
3151 5641 3497 5697 mendacium
3538 5650 3596 5699 et

2017 5738 2319 5810 quamlibet
2345 5735 2669 5806 iniustitiam
2708 5734 3193 5791 vehementissime
3217 5733 3595 5791 severissime-

2020 5845 2129 5901 que
2159 5827 2439 5886 insectari.
2459 5825 2569 5884 Nec
2589 5841 2718 5899 erga
2749 5825 2996 5899 plebeios
3017 5833 3236 5883 tantum
3274 5837 3327 5883 ct
3368 5827 3596 5885 viliores
