4022 6388
557 418 669 482 503

1751 417 2044 479 NICETA'I
2075 417 2605 478 PAPIILAGONIS

3659 423 3740 489 504

558 546 614 584 ιη
652 544 812 600 quos,
841 528 887 582 si
917 528 1045 598 quid
1074 536 1321 598 peccent,
1348 529 1523 585 cuivis
1551 528 1727 584 facilis
1755 537 1809 582 et
1848 527 2016 582 libera
2047 537 2132 583 est

2236 529 2551 597 διαιτηταῖς,
2575 527 2672 580 καὶ
2713 524 3057 595 σκληρότατα
3077 521 3552 588 καταγινώσκεσθαι
3581 526 3656 581 τὸν
3677 531 3740 596 ὡς

553 635 820 685 censura;
854 621 948 674 sed
981 621 1244 676 adversus
1272 621 1545 691 principes
1574 622 1738 675 etiam
1785 619 2136 690 magistratus

554 728 620 768 ac
650 712 929 783 dynastas,
963 713 1604 782 ipsosque-imperatores
1633 751 1648 777 ,
1677 712 1840 766 ardor
1862 727 1925 766 ac
1950 711 2136 765 divina

557 804 772 859 dicendi
797 804 1022 858 libertas
1045 803 1306 859 antistitis
1326 805 1572 860 elucebat
1604 824 1618 858 :
1660 803 1805 874 quod
1839 819 1955 857 mea
1992 817 2136 857 nunc

557 895 858 950 declarabit
890 896 1089 950 oratio.

2242 619 2459 690 ἀληθῶς
2487 620 2660 690 πρᾶον
2691 617 2944 686 ποιμένα,
2967 617 3062 669 καὶ
3093 614 3226 668 Θεοῦ
3258 615 3564 685 μιμοὺμενον
3583 620 3740 676 δικαιο-

2245 708 2445 779 σύνηνο
2480 709 2573 762 καὶ
2613 706 2722 777 γὰρ
2767 707 2866 760 οὐκ
2897 707 2956 758 ὲν
2984 706 3100 768 τοῖς
3138 704 3476 774 ἀνθρωπίνοις
3501 709 3736 778 πράγμασι

2247 801 2432 868 μόνον,
2461 797 2596 854 ἀλλά
2631 797 2727 850 καὶ
2756 798 2814 848 ὲν
2848 798 2968 859 ταῖς
3000 794 3466 864 ἐκκλησιαστικαῖς
3498 798 3612 852 πολὺ
3639 802 3740 865 μᾶλ-

2243 892 2335 943 λον
2389 887 2831 958 ἀμφισϐητήσεσι
2867 886 2959 938 καὶ
3002 884 3236 955 κρίσεσι,
3284 886 3344 936 τὸ
3389 886 3511 954 πρὸς
3537 887 3738 956 ἀλήθειαν

559 987 660 1056 μὲν
696 989 788 1040 καὶ
822 987 1166 1058 δικαιοσύνην
1199 987 1514 1058 ἐπιρῥεπὲς,
1547 983 1913 1056 ὑπεροπτικὸν
1943 983 1999 1035 δὲ
2033 979 2198 1034 αὑτοῦ
2226 981 2319 1034 καὶ
2343 981 2617 1048 ἀπότομον
2650 977 2788 1048 πρός
2837 993 2897 1028 τε
2946 975 3004 1028 τὺ
3051 973 3245 1044 ψεῦδος
3303 974 3394 1027 καὶ
3437 977 3621 1030 ἀδικίαν
3662 980 3738 1030 πεῖ-

557 1097 660 1133 σαν
708 1081 1034 1150 ὲγνωρίζετο
1056 1097 1070 1111 '
1116 1080 1210 1133 xui.
1262 1081 1321 1132 οὐ
1358 1080 1495 1150 πρὸς
1534 1079 1660 1142 τοὺς
1691 1078 1922 1141 πολλοὺς
1973 1079 2132 1147 μόνον
2179 1078 2272 1128 καὶ
2301 1074 2702 1144 χυδαιοτέρους,
2735 1071 2869 1140 πρὸς
2898 1069 2990 1132 οὓς
3021 1066 3332 1132 ἀδικοῦντας
3383 1069 3510 1139 τάχα
3553 1072 3630 1124 καὶ
3666 1073 3736 1125 ἀλ-

554 1172 646 1236 λος
700 1173 766 1226 ἂν
822 1173 1279 1244 παρῤησιάσαιτο,
1329 1173 1430 1244 ἠδη
1461 1172 1515 1225 δὲ
1559 1171 1824 1238 καὶπρὸς
1871 1172 1998 1233 τοὺς
2032 1170 2130 1232 τάς
2154 1168 2376 1239 πρώτας
2434 1165 2936 1236 περιϐεϐλημένους
2985 1162 3324 1226 δυναστείας,
3369 1163 3456 1215 καὶ
3507 1166 3620 1236 «pb;
3646 1169 3736 1232 τοὺς

558 1264 814 1338 βασιλέας
847 1266 1046 1329 αὐτοὺς
1073 1267 1101 1318 ό
1144 1265 1238 1318 τοῦ
1291 1266 1596 1336 ἀρχιερέως
1626 1265 1788 1334 ζῆλος
1826 1265 1922 1318 καὶ
1951 1264 2132 1327 ἔνθεος
2162 1262 2448 1332 παρρησία
2480 1259 2810 1314 διεδείκνυτο
2834 1276 2849 1291 ο
2878 1256 3108 1329 δηλώσει
3139 1257 3196 1309 δὲ
3225 1255 3318 1308 νῦν
3343 1258 3368 1309 ό
3391 1256 3547 1324 λόγος.

629 1361 858 1415 Bardam
924 1359 1109 1422 illum,
1167 1357 1243 1412 uti
1296 1359 1430 1423 scin,
1490 1357 1662 1411 nostis
1706 1373 1922 1422 omnes,
1956 1355 2137 1410 Theo-

555 1450 702 1505 doraa
762 1447 1016 1517 Augusta:
1069 1447 1226 1500 bonae
1286 1445 1553 1516 principis
1601 1461 1707 1500 non
1755 1446 1982 1511 bonum,
2044 1444 2138 1499 sed

556 1555 760 1596 sazvum
824 1539 1115 1593 admodum
1181 1546 1236 1593 et
1296 1539 1571 1593 crudelem
1650 1537 1820 1594 fuisse
1893 1537 2138 1591 fratrem.

554 1633 880 1700 Quanquam
937 1630 1084 1683 enim
1136 1629 1190 1682 in
1251 1644 1435 1684 rerum
1493 1628 1735 1684 civilium
1783 1628 2135 1684 administrao

553 1724 702 1778 tione
745 1722 998 1792 egregius
1055 1721 1473 1791 industriusque
1526 1728 1691 1788 esset,
1725 1723 1804 1775 rei
1833 1731 2012 1775 tamen
2046 1720 2134 1773 di-

551 1812 694 1866 vinae
772 1820 933 1882 atque
1000 1810 1389 1867 ecclesiasticae
1456 1827 1615 1866 nemo
1680 1812 1834 1866 illum
1891 1826 2133 1880 unquam

553 1905 904 1960 commodum
962 1904 1129 1970 dixit;
1186 1914 1243 1958 ut
1296 1907 1387 1974 qui
1437 1920 1607 1959 nurus
1646 1920 1760 1960 sua:
1819 1919 2009 1958 amore
2061 1904 2135 1957 ita

553 1995 784 2058 fureret.
818 2003 878 2050 ιιι
907 1996 1026 2064 ejus
1064 1996 1140 2049 rei
1178 1995 1321 2050 fama
1357 1993 1538 2049 totam'
1563 1995 1749 2050 urbem
1782 2002 2136 2065 peragraret:

557 2100 658 2141 nec
691 2086 832 2140 inter
863 2085 1072 2156 plebem
1106 2093 1318 2139 tantum
1371 2085 1601 2140 haereret
1625 2125 1640 2150 ,
1674 2085 1765 2137 sed
1801 2083 1866 2136 ad
1897 2082 2134 2153 patriar-

555 2178 673 2232 chae
695 2192 916 2248 quoque
947 2192 1108 2232 aures
1145 2176 1270 2232 facti
1304 2176 1598 2246 indignitas
1627 2174 1951 2230 deferretur.
1995 2173 2136 2240 Quid

554 2283 686 2338 ergo
707 2267 1062 2337 patriarcha?
1090 2265 1207 2320 Non
1232 2267 1471 2321 hominis
1496 2265 1814 2335 dignitatem
1846 2265 2134 2330 reveritus,

553 2359 771 2414 facinus
806 2359 1026 2414 silentio
1055 2359 1292 2428 pressit;
1325 2358 1417 2412 sed
1452 2373 1519 2410 ex
1559 2357 1675 2428 lege
1709 2357 1909 2425 arguit,
1947 2371 2135 2425 repre-

553 2451 874 2520 henditque,
910 2457 964 2505 et
1003 2450 1252 2506 hortatus
1284 2458 1387 2513 est,
1433 2459 1493 2504 ut
1534 2465 1601 2503 ne
1647 2448 1824 2504 salute
1867 2449 2132 2517 neglecta,

551 2544 791 2597 animam
824 2555 978 2598 suam
1007 2542 1278 2611 perditum
1311 2543 1437 2608 iret,
1467 2539 1561 2596 sed
1599 2541 1802 2596 foedum
1835 2549 1888 2594 et
1912 2555 2136 2594 enorme

554 2635 738 2691 scelus
765 2634 1028 2703 expiaret.
1071 2633 1166 2689 Ille
1205 2642 1386 2689 tamen
1416 2650 1522 2687 non
1562 2633 1723 2687 modo
1751 2648 1810 2688 se
1835 2634 1904 2687 ab
1933 2633 2137 2702 impro-

554 2727 726 2780 bitate
766 2741 863 2780 sua
912 2741 1016 2781 non
1069 2726 1354 2792 abstinuit,
1387 2727 1480 2780 sed
1531 2725 1651 2795 ipso
1684 2725 2005 2794 Epiphaniae
2046 2722 2134 2778 die

551 2814 694 2871 festo
725 2815 781 2870 in
806 2816 976 2871 aedem
1006 2831 1244 2881 sacram,
1278 2817 1624 2872 eucharistiaa
1661 2817 1917 2888 mysteria
1949 2829 2135 2882 perce-

551 2918 769 2979 pturus,
825 2910 1166 2980 impudenter
1219 2919 1304 2966 est
1344 2925 1682 2982 progressus.
1730 2909 1870 2974 Quid
1921 2908 2010 2962 hic
2038 2922 2132 2975 ναν

553 3001 908 3056 triarclia?A
937 3003 1108 3058 sacris
1157 3011 1327 3067 arcet,
1383 3002 1666 3072 indignum
1718 3015 1845 3054 eum
1877 2997 2131 3064 judicans

549 3093 798 3162 corporis
859 3091 1125 3148 Dominici
1191 3093 1627 3163 participatione.
1683 3089 1773 3144 Ille
1830 3104 1960 3144 vero
2009 3088 2131 3142 diro

549 3184 794 3256 percitus
816 3193 988 3240 (nstro
1020 3185 1171 3251 furit,
1204 3200 1476 3255 suumque
1517 3185 1571 3238 in
1601 3184 1826 3239 exitium
1859 3189 2125 3244 armatus,

549 3292 612 3333 se
642 3279 882 3349 gladium
912 3279 966 3332 in
1021 3278 1284 3334 antistitis
1331 3278 1540 3332 viscera
1571 3275 1874 3331 defixurum
1906 3273 2127 3327 minita-
2155 3301 2199 3358 ο

550 3375 662 3420 tur.
693 3364 798 3420 Sed
835 3364 1077 3436 iguatius
1105 3373 1292 3421 contra
1340 3365 1738 3429 comminatur,
1772 3363 1940 3418 Deum
1969 3363 2128 3416 invo-

550 3472 707 3519 cans,
735 3459 827 3527 qui
859 3465 1051 3528 potens
1085 3467 1228 3513 esset
1255 3457 1493 3527 gladium
1522 3457 1573 3511 in
1608 3456 1759 3510 illum
1793 3463 2127 3511 convertere.

549 3547 690 3602 Hinc
715 3547 1078 3603 offensionum
1134 3547 1308 3617 prima
1348 3548 1546 3618 origo:
1590 3548 1676 3603 hic
1711 3547 1831 3603 fons
1872 3547 2132 3602 ecclesia-

552 3640 708 3696 SIicae
731 3641 1179 3710 perturbationis.
1217 3639 1354 3695 Hinc
1386 3641 1532 3712 gravi
1559 3640 1762 3696 Bardas
1792 3641 1870 3694 ira
1899 3639 2132 3707 odioque

553 3741 842 3800 concepto,
879 3745 943 3785 ac
985 3731 1148 3786 altius
1183 3731 1235 3785 in
1275 3742 1462 3801 pectus
1503 3731 1763 3796 demisso,
1797 3745 2038 3794 omnem,
2073 3739 2134 3783 ut

551 3821 774 3888 dicitur,
827 3824 1106 3877 rudentem
1161 3833 1350 3878 contra
1406 3824 1673 3894 lguatium
1726 3823 2010 3888 movebat,
2074 3831 2134 3876 ut

551 3928 677 3966 eum
707 3912 853 3982 apud
876 3913 1254 3983 imperatorem
1288 3915 1694 3970 criminaretur.
1724 3914 1991 3970 Patricius
2015 3921 2128 3968 tum

551 4012 668 4057 erat
694 4004 912 4061 Bardas.
940 4014 992 4058 et
1014 4007 1322 4060 scholarum
1345 4005 1696 4071 domesticus,
1725 4006 1936 4076 sibique
1959 4015 2127 4060 totam

553 4091 770 4159 imperii
835 4091 1382 4160 administrationem,
1439 4102 1627 4163 utpote
1678 4094 1981 4149 avunculus
2025 4091 2128 4147 Mi-

550 4180 779 4245 chaelis,
813 4182 1136 4238 vindicabat.
1168 4183 1262 4240 llic
1321 4199 1611 4256 aggressus
1667 4185 1960 4255 aliquando
1998 4185 2132 4239 ado-

553 4273 881 4334 lescentcm,
936 4273 1226 4343 verbisque
1287 4274 1567 4330 insidiosis
1620 4284 1849 4343 captans
1889 4292 1903 4328 :
1952 4273 2127 4340 Quid,

548 4359 747 4427 inquit,
770 4359 1012 4424 domine,
1044 4359 1334 4428 imperium
1389 4360 1547 4414 matri
1594 4369 1648 4415 et
1692 4362 1973 4416 sororibus
2002 4378 2129 4432 per-

549 4449 725 4504 mittis
744 4450 769 4502 ?
792 4449 955 4520 Atqui
983 4466 1091 4504 non
1119 4467 1178 4505 cs
1198 4451 1432 4520 amplius
1465 4451 1664 4518 infans,
1693 4453 1902 4522 aevique
1931 4455 2130 4507 imma-

548 4549 710 4593 turus
741 4556 756 4592 :
787 4539 916 4600 imo,
948 4539 1145 4610 inquit,
1180 4551 1232 4595 et
1257 4542 1368 4609 jam
1393 4556 1566 4597 uxore
1598 4545 1756 4598 ducta
1784 4544 1958 4598 virum
1989 4546 2126 4614 agis.

2323 1353 2426 1406 Τὸν
2460 1351 2666 1417 Βάρδαν
2706 1352 2914 1402 ἐκεῖνον
2947 1345 3042 1401 οἶδ’
3087 1348 3168 1400 ὅτι
3215 1346 3408 1409 πάντες
3434 1348 3641 1410 ἀκούετε,
3681 1353 3734 1414 ὡς

2244 1443 2412 1515 [ἄλλ.
2443 1441 2522 1512 ὃς]
2546 1439 2828 1510 Θεοδώρας
2863 1438 2961 1508 μὲν
2989 1438 3087 1507 τῆς
3120 1436 3331 1505 ἀγαθῆς
3363 1435 3596 1505 βασιλίδος
3624 1441 3734 1494 ἀδελ.

2244 1535 2343 1605 φὺς
2379 1531 2468 1604 ἦν,
2503 1533 2602 1586 οὐκ
2635 1531 2841 1598 ἀγαθὸς
2879 1529 2957 1592 δὲ,
2995 1529 3131 1582 ἀλλὰ
3182 1528 3278 1580 καὶ
3315 1527 3428 1580 λίαν
3471 1531 3628 1600 πικρὸς
3663 1531 3731 1585 καί

2241 1623 2610 1694 ἀπάνθρωπος
2631 1637 2644 1652 °
2677 1621 2736 1674 ὃν
2772 1619 3066 1674 σπουδαῖον.
3085 1618 3185 1688 μὲν
3216 1613 3464 1671 εἶναικαὶ
3488 1620 3728 1690 δραστήριον

2241 1717 2372 1786 περὶ
2406 1715 2507 1782 τὴν
2553 1713 2662 1766 τῶν
2695 1710 2988 1765 πολιτικῶν
3034 1709 3378 1780 πραγμάτων
3423 1711 3720 1781 μεταχείρισιν,

2239 1809 2414 1872 οὐδεὶς
2450 1809 2506 1863 δὲ
2536 1807 2666 1878 περὶ
2709 1807 2808 1877 τὴν
2845 1805 3174 1873 Ἐκκλησίαν
3199 1804 3432 1876 χρηστὸν
3463 1805 3714 1875 ἕφησεγενέ-

2242 1901 2398 1955 σθαι·
2431 1902 2621 1954 τοῦτον
2646 1901 2711 1970 τῇ
2745 1899 2852 1970 ἰδίᾳ
2875 1897 3039 1966 φασὶν
3065 1895 3242 1959 οὕτως
3259 1897 3548 1966 ἐπιμανῆναι
3565 1898 3703 1966 νύμφῃ,

2239 1992 2314 2056 ὡς
2340 1993 2444 2046 ἀνά
2479 1993 2660 2046 πᾶσαν
2688 1991 2849 2045 τοῦτο
2877 1989 2974 2062 τὴν
3004 1989 3160 2042 πόλιν
3188 1988 3616 2059 περιϐομὸηθῆναν
3640 1990 3703 2041 καί

2237 2087 2340 2139 οὐκ
2368 2085 2498 2156 ἀχρι
2521 2085 2630 2138 τῶν
2664 2083 2878 2136 πολλῶν
2901 2085 3084 2155 μόνον,
3129 2081 3269 2135 ἀλλὰ
3299 2082 3392 2134 καὶ
3435 2081 3583 2151 μέχρις
3601 2078 3708 2131 αξιιοῦ

2236 2176 2332 2230 τοῦ
2387 2176 2691 2247 ἀρχιερέως
2723 2176 2824 2245 τὴν
2869 2174 3115 2244 πονηράν
3157 2175 3352 2244 φήμην
3396 2171 3562 2224 ὲλθείν.
3591 2168 3637 2222 Τί
3659 2166 3724 2221 οὖν

2237 2267 2478 2332 ὲκεῖνοςς
2521 2267 2596 2319 Οὐ
2653 2266 2714 2319 τδ
2770 2265 2998 2336 μέγεθος
3044 2263 3332 2334 ηὑλασήθη
3371 2262 3458 2316 τοῦ
3494 2260 3726 2332 προσώπου,

2237 2358 2356 2410 οὐδὲ
2390 2358 2712 2410 συνεσκίασε
2742 2357 2804 2409 τὸ
2835 2355 3186 2426 ἀμπλάκημα
3223 2356 3292 2424 τῇ
3329 2354 3515 2422 σιωπῇ,
3542 2349 3730 2404 ἀλλὰκαὶ

2236 2449 2429 2520 ἤλεγξε
2463 2449 2603 2501 κατά
2632 2447 2731 2518 τὴν
2762 2447 3003 2516 ἐντολὴν,
3029 2446 3164 2499 ἀλλά
3187 2446 3287 2499 καὶ
3307 2444 3618 2512 ἐπετίμησεν,
3639 2439 3732 2491 ἀλλὰ

2236 2543 2330 2594 καὶ
2355 2541 2697 2606 παρεκάλεσε
2718 2538 3008 2608 φείσασθαί
3029 2555 3089 2590 τε
3119 2539 3218 2609 τῆς
3255 2538 3388 2601 ιδίας
3407 2534 3579 2605 ψυχῆς,
3605 2533 3676 2584 καὶ
3695 2528 3738 2580 τὸ

2243 2634 2470 2702 φρικτὸν
2503 2633 2653 2686 τουτὶ
2691 2631 2762 2702 μῦ
2775 2649 2864 2696 σος
2892 2630 3318 2702 ἀπορῥύψασθαι
3345 2646 3359 2661 ’
3389 2632 3415 2682 ὁ
3453 2628 3504 2680 δὲ
3541 2626 3593 2678 οὐ
3626 2624 3739 2693 μόνον

2234 2723 2334 2774 οὐκ
2370 2721 2645 2790 ἀπέσχετο
2695 2719 2787 2773 τοῦ
2818 2719 3014 2784 κακοῦ,
3065 2719 3200 2772 ἀλλά
3234 2721 3330 2773 καλ⁸
3360 2717 3451 2770 ἐπὶ
3489 2715 3575 2785 τῆς
3599 2709 3739 2780 ἐκκλη-

2239 2815 2358 2877 σίας
2389 2813 2574 2883 (ὲορτὴ
2620 2812 2678 2865 δὲ
2709 2813 2816 2865 τῶν
2846 2812 3018 2879 ἁγίων
3067 2811 3382 2881 Θεοφανίων
3408 2805 3490 2880 ἧν)
3521 2807 3596 2859 καὶ
3626 2804 3742 2864 αὐτὸς

2241 2904 2475 2968 ἀναιδῶς
2504 2905 2799 2976 προσῆλθε,
2832 2903 2941 2956 τῶν
2977 2903 3146 2957 θείων
3193 2902 3434 2973 μεθέξων
3476 2897 3742 2970 μυστηρίων.

2234 2998 2300 3050 Τί
2327 2997 2384 3050 δὲ
2415 2997 2443 3049 ὁ
2493 2995 2821 3067 ἀρχιερεύςς
2889 2995 3292 3048 Ἀποϐάλλεται
3356 2996 3452 3063 τῆς
3503 2989 3745 3048 κοινωνίας,

2233 3089 2452 3154 ἀνάξιον
2472 3086 2660 3140 τοῦτον
2691 3085 2791 3154 τῆς
2815 3084 2911 3138 τοῦ
2948 3085 3283 3138 Δεσποτικοῦ
3314 3083 3550 3154 σώματος
3598 3078 3746 3149 κρίνων

2237 3177 2610 3250 μεταλήψεως.
2662 3176 2720 3230 Ὀ
2751 3177 2808 3230 δὲ
2842 3176 3094 3247 μαίνεται
3132 3175 3301 3247 μανίᾳ
3333 3175 3519 3244 πικρᾷ,
3548 3171 3627 3223 καί⁵
3645 3166 3748 3220 κατὰ

2232 3272 2333 3338 τῆς
2365 3271 2502 3334 ἰδίας
2533 3269 2812 3335 ὁπλίζεται
2843 3269 3022 3339 ψυχῆς
3041 3285 3054 3300 ·
3092 3268 3313 3322 ἀπειλεῖ
3353 3269 3414 3322 τδ
3443 3267 3618 3319 οἰκεῖον
3640 3261 3748 3328 ξίφος

2237 3365 2351 3425 τοῖς
2382 3362 2712 3432 σπλάγχνοις
2739 3361 2832 3414 τοῦ
2871 3361 3125 3432 ίεράρχου
3157 3361 3493 3430 καταχῶσαι·
3543 3359 3568 3409 ό
3593 3355 3639 3406 δὲ
3663 3355 3751 3405 ἀντ-

2240 3452 2474 3518 απειλεῖ,
2502 3453 2594 3507 τὸν
2618 3451 2914 3522 δυνάμενον
2939 3451 3338 3522 ἐκκαλούμενος
3356 3446 3666 3517 ἐπιστρέψειν
3684 3441 3753 3510 τὴν

2241 3545 2517 3615 ῥομφαίαν
2543 3543 2707 3598 αὑτοῦ
2734 3544 2823 3597 ἐπ’
2851 3545 3033 3598 αὐτόν.
3059 3543 3208 3614 Αὕτη
3257 3544 3464 3612 γίνεται
3507 3535 3754 3593 σκανδάλων

2239 3636 2383 3705 ἀρχή
2412 3651 2426 3664 ⁹
2463 3633 2603 3706 αὕτη
2632 3635 2824 3704 πρώτη
2863 3635 2962 3702 τῆς
2999 3633 3457 3703 ἔκκληαιαστικῆς
3503 3631 3753 3683 dita-racu-

2241 3726 2364 3790 σίας
2416 3727 2664 3796 ἀφορμή.
2735 3725 3017 3779 Ἐντεῦθεν
3072 3725 3247 3796 βαρὺν
3303 3722 3476 3794 έαυτῷ
3520 3720 3652 3791 χόλον
3688 3714 3757 3766 καί

2242 3817 2404 3886 μῆνιν
2427 3819 2453 3869 ό
2472 3817 2684 3888 Βάρδας
2714 3817 2918 3878 ἐκεῖνος
2943 3815 3342 3878 ἐναποθέμενος
3369 3813 3505 3866 κατά
3526 3809 3606 3862 τοῦ
3627 3807 3752 3871 ’ίγνευ

2237 3909 2375 3971 τίου,
2414 3909 2590 3962 πάντα
2626 3908 2804 3962 κάλων
2834 3907 3023 3972 ἐκίνει,
3059 3907 3120 3959 τὸ
3156 3905 3222 3977 δὴ
3248 3906 3556 3975 λεγόμενον,
3590 3899 3657 3968 τῷ
3681 3895 3753 3962 βα·

2241 3999 2378 4052 σιλεῖ
2399 3998 2588 4053 τοῦτον
2644 3999 2944 4054 διαῦαλεῖν.
3001 4000 3300 4071 Πατρίκιος
3327 4000 3384 4053 δὲ
3426 3999 3542 4051 τότε
3579 3988 3756 4046 καὶτῶν

2241 4091 2448 4161 σχολῶν
2492 4093 2809 4162 δομέστικος
2860 4091 2957 4158 ῶν,
3005 4093 3135 4163 ὃλην
3168 4093 3261 4146 τοῦ
3312 4090 3548 4161 Μιχαὴλ,
3593 4087 3672 4140 ἆτε
3712 4079 3757 4147 δή

2239 4185 2402 4246 θεῖος,
2435 4185 2515 4245 είς
2549 4184 2746 4236 ἑαυτὸν
2790 4185 2890 4254 τὴν
2931 4185 3105 4256 ἀρχὴν
3154 4186 3485 4238 ὑπεποιεῖτο.
3533 4178 3630 4232 Καί
3663 4187 3757 4226 ποτε

2239 4274 2656 4343 προσεληλυθὼς
2675 4274 2754 4344 τῷ
2783 4277 3053 4346 μειρακίῳ
3077 4277 3171 4329 καὶ
3195 4276 3376 4344 λόγοις
3404 4266 3761 4339 κατα-γοητεύων

2237 4366 2558 4436 ἀπατηλοῖς,
2600 4367 2714 4419 Ἵνα
2743 4365 2816 4428 τί,
2862 4367 3070 4435 ἔλεγεν,
3102 4361 3148 4420 ὦ
3181 4367 3438 4429 δέσποτα,
3472 4357 3761 4432 παραχωρεῖς

2237 4455 2336 4526 τὴν
2362 4455 2638 4526 βασιλείαν
2667 4460 2732 4528 τῇ
2768 4461 2938 4528 μητρὶ
2987 4458 3082 4511 καὶ
3111 4462 3231 4521 ταῖς
3274 4457 3563 4526 ἀδελφαῖςς
3598 4451 3660 4518 μὴ
3684 4445 3764 4514 γὰρ

2237 4547 2316 4599 ἔτι
2345 4548 2539 4615 νήπιος
2589 4544 2674 4613 εἷς
2714 4549 2787 4618 μὴ
2827 4547 2926 4618 τὴν
2959 4549 3176 4618 ἠλικίαν
3225 4547 3461 4617 ἀτελής;
3505 4541 3632 4596 Ἀλλ’
3661 4535 3761 4594 ίδοὺν

544 4630 723 4685 Debes
752 4646 884 4702 ergo
932 4631 985 4684 in
1047 4641 1328 4701 posterum
1383 4635 1592 4690 virilem
1646 4637 1887 4690 animum
1921 4653 2127 4706 gerere.

2238 4637 2423 4709 φησιν,
2451 4638 2714 4709 ἐξεύχοης
2740 4639 2834 4691 καὶ
2865 4639 3106 4706 γυναικὶ,
3136 4639 3230 4692 καὶ
3257 4639 3360 4710 ἢδη
3398 4641 3477 4701 είς
3503 4634 3679 4703 ἀνδρας
3702 4643 3765 4718 ’ξεί

547 4721 736 4792 ltaque
788 4737 819 4776 a
870 4724 1178 4788 patriarcha
1233 4726 1499 4780 accersito
1561 4734 1790 4780 matrem
1834 4737 1888 4781 et
1912 4742 2131 4783 sorores

2238 4728 2348 4792 λεῖς
2370 4747 2384 4760 ·
2416 4729 2649 4799 ὀφείλεις
2678 4731 2772 4783 καὶ
2803 4731 3055 4799 φρόνημα
3087 4731 3273 4784 λοιπὸν
3299 4728 3582 4782 ἀναλαϐεῖν
3595 4716 3762 4787 ἀνδρός·

545 4811 764 4866 tonderi
805 4812 1081 4882 velarique
1140 4813 1293 4883 julie.
1353 4812 1424 4868 Ut
1484 4815 1630 4870 enim
1685 4816 1942 4886 deinceps
1977 4819 2128 4873 solus

541 4913 670 4952 cum
715 4899 1072 4967 procreandis
1119 4915 1150 4954 a
1195 4909 1246 4955 te
1289 4901 1473 4957 liberis
1514 4901 1784 4971 imperes,
1821 4913 1875 4958 et
1905 4903 2127 4960 Numini

543 4989 755 5045 ccelesti
823 4992 1039 5060 placet,
1097 5001 1153 5047 et
1217 4994 1378 5048 nobis
1441 4993 1817 5065 aequissimum
1894 4998 2126 5053 videtur.

541 5083 791 5138 Accersit
817 5097 948 5154 ergo
985 5085 1132 5141 illico
1183 5089 1556 5142 venerandum
1615 5089 2000 5158 patriarcham.
2039 5091 2132 5146 Est

543 5171 692 5225 enim
727 5173 1045 5227 inconstans
1069 5181 1124 5228 et
1150 5175 1428 5229 mutabilis
1450 5175 1837 5239 adolescentia,
1864 5178 2130 5249 facileque

539 5278 681 5318 vana
722 5279 818 5333 spe
871 5263 1111 5319 eiiertur.
1161 5265 1316 5332 Quod
1351 5267 1396 5322 si
1427 5268 1682 5338 potentiae
1725 5285 1944 5340 quoque
1975 5262 2130 5326 fasti-

543 5356 691 5425 gium
724 5359 967 5423 accedat,
1009 5358 1183 5428 major
1209 5361 1368 5414 etiam
1399 5370 1481 5416 est
1519 5361 1662 5416 illius
1695 5364 1910 5424 levitas,
1947 5364 2124 5434 majo-

546 5461 772 5515 remque
804 5450 856 5502 in
883 5450 1179 5504 amentiam
1213 5459 1268 5504 et
1303 5466 1491 5506 casum
1541 5467 1914 5522 saepenumero
1942 5456 2128 5524 prola-

538 5539 706 5592 bitur.
725 5537 882 5595 Tunc
900 5540 1062 5611 igitur
1079 5541 1308 5598 Michael
1319 5546 1778 5614 corruptelarum,
1799 5562 2127 5616 morumque

539 5629 980 5697 depravalorum,
1023 5643 1078 5688 et
1111 5650 1239 5689 vero
1299 5637 1474 5706 magis
1530 5637 1865 5705 impietatum
1901 5656 2124 5695 suarum

543 5717 810 5785 principio
843 5723 1020 5787 posito
1044 5741 1059 5775 :
1086 5723 1336 5792 Matrem,
1361 5728 1558 5796 inquit,
1582 5723 1756 5784 meam
1791 5747 2123 5802 sororesque

546 5819 577 5857 e
597 5805 823 5871 vestigio
844 5821 1087 5877 arreptas
1111 5817 1353 5882 attende,
1385 5827 1440 5872 et
1460 5819 1712 5889 religiosa
1745 5823 1950 5878 velatas
1974 5835 2124 5882 veste

2240 4821 2340 4890 τὴν
2379 4821 2593 4890 μητέρα
2642 4821 2700 4874 δὲ
2736 4823 2831 4875 καὶ
2861 4821 2960 4885 τὰς
3009 4822 3266 4890 ἀδελφὰς,
3324 4821 3417 4874 τὸν
3475 4815 3766 4886 πατριάρχην

2237 4913 2772 4984 μετακαλεσάμενος,
2787 4917 3078 4985 ἀποκεῖραι
3098 4913 3420 4987 πρόσταξον.
3436 4913 3502 4965 Σὲ
3529 4911 3626 4978 γὰρ
3646 4906 3765 4974 βασι·

2234 5005 2413 5058 λεύειν
2449 5006 2610 5076 μόνον
2644 5006 2852 5072 λοιπὸν,
2879 5007 2970 5060 καὶ
2996 5008 3125 5069 τοὺς
3146 5008 3209 5059 ὲκ
3238 5005 3334 5059 σοῦ
3360 4999 3764 5074 τεχθησομένουςι

2233 5097 2328 5152 καὶ
2360 5097 2479 5166 Θεῷ
2509 5097 2606 5149 καὶ
2630 5099 2797 5150 πᾶσιν
2822 5099 2954 5167 ἡμῖν
2977 5097 3227 5168 ἀρεστόν.
3243 5097 3453 5150 Αὐτίκα
3478 5093 3643 5146 τοίνυν
3660 5084 3766 5139 ἐκεῖ·

2233 5206 2323 5252 νος
2379 5189 2472 5242 τὸν
2505 5189 2988 5260 τίμιον”ίεράρχην
3020 5190 3438 5260 μεταπέμπεται
3459 5203 3475 5215 ⁶
3506 5182 3766 5254 εὑρίπιστον

2231 5279 2398 5350 γὰρὴ
2430 5279 2636 5350 νεότης,
2672 5279 2769 5332 καὶ
2819 5279 3016 5349 ῥᾳδίως
3043 5281 3164 5341 ταῖς
3195 5279 3383 5339 κεναῖς
3423 5275 3531 5328 τῶν
3577 5264 3764 5321 ἐλπίδων

2236 5370 2720 5440 μετεωριζόμενον.
2747 5371 2809 5423 ΕΞ
2835 5371 2890 5423 δὲ
2918 5371 3009 5424 καὶ
3031 5369 3274 5434 ἐξουσίας
3294 5363 3536 5436 ὑπεροχὴ
3561 5351 3765 5429 προσείη.

2236 5461 2440 5531 μείζων
2481 5463 2580 5530 μὲν
2638 5466 2670 5534 ή
2708 5463 3000 5532 κουφότης,
3056 5465 3135 5525 είς
3169 5461 3341 5531 μείζω
3385 5461 3442 5513 δὲ
3491 5457 3662 5510 ἄνοιαν
3695 5443 3765 5534 at?!

2235 5553 2444 5607 πτῶσιν
2480 5554 2554 5618 ὡς
2611 5533 2681 5607 τά
2719 5555 2890 5607 πολλὰ
2921 5556 3218 5624 προχωρεῖ.
3251 5552 3388 5604 Τότε
3436 5548 3603 5602 τοίνυν
3629 5533 3766 5610 ἀρχὴν

2230 5647 2348 5706 ταῖς
2384 5649 2506 5698 κατ’
2535 5648 2698 5700 αὑτὸν
2727 5645 2977 5710 ἀταξίαις
3025 5647 3119 5699 καὶ
3151 5643 3563 5704 ἀπαιδευσίαις,
3606 5629 3765 5705 μᾶλλον

2230 5734 2287 5787 δὲ
2314 5736 2610 5803 ἀσεϐείαις,
2664 5739 2692 5790 ὁ
2735 5737 2955 5806 Μιχαὴλ
3005 5734 3500 5804 καταϐαλλόμενος,
3531 5725 3662 5796 Ταχὺ
3688 5718 3764 5784 τὴν

2231 5824 2373 5894 ἐμὴν
2405 5829 2620 5898 μητέρα.
2671 5827 2763 5879 καὶ
2812 5828 2910 5891 τὰς
2968 5824 3232 5894 ἀδελφὰς,
3285 5824 3426 5892 πρὸς
3473 5821 3559 5872 τὸν
3596 5814 3762 5867 δίκαιον
