4022 6386
231 418 357 503 505‘

1252 444 1430 509 VITA
1462 450 1522 511 s.
1564 450 1865 512 IGNATII
1902 452 2013 517 cp.
2048 437 2399 523 ARCHlEP.

3349 458 3461 524 506

230 553 339 623 ἔφη,
367 545 565 614 λαϐὼν,
598 546 913 622 ἀπόκειραι,
956 549 1032 623 τῷ
1062 556 1343 628 μοναχικῷ
1379 559 1620 630 σχήματι
1649 559 1770 613 ταύ-

1885 561 2009 618 vitae
2035 562 2305 634 religiosae
2334 564 2592 621 addicito.
2637 565 2707 621 At
2754 565 2923 623 libere
2944 568 3287 638 patriarcha;
3319 569 3455 637 Hoc,

230 662 311 708 τας
335 640 711 697 καταδίκασον.
739 642 798 696 '0
821 642 879 696 δέ
908 646 1453 719 παρρησιασάμενος,
1494 649 1777 705 Ἀδύνατόν

238 754 310 809 μοι
334 733 484 789 τοῦτο
506 736 701 798 ποιεῖν,
729 729 883 788 εἶπεν
925 736 1214 792 ὐπολαὸών
1236 754 1250 770 ο
1282 739 1385 810 τῆς
1404 741 1514 813 γὰρ
1548 742 1778 813 Ἐκκλη-

232 832 333 895 σίας
358 830 479 889 τοὺς
506 827 699 892 οἴακας
726 828 825 899 τὴν
853 829 1028 902 ἀρχὴν
1066 818 1532 903 ἐγχειριζόμενος,
1574 835 1777 906 ἔγγρα-

230 922 486 992 φονόρκον
514 919 740 990 ἐθέμην,
801 920 1070 992 μηδεμίαν
1129 923 1231 994 τῆς
1286 923 1570 993 βασιλείας
1620 925 1777 993 ὑμῶν

224 1010 515 1082 ἐπιϐουλὴν,
556 1010 590 1082 ἢ
626 1010 841 1066 οίανοῦν
865 1013 1128 1084 ἐπήρειάν
1172 1032 1304 1069 ποτε
1343 1017 1774 1087 διαλογίσασθαι.

223 1104 320 1160 Καὶ
353 1104 442 1157 νῦν
492 1101 547 1157 τί
578 1103 639 1156 τὸ
691 1102 936 1174 ἀδίκημα
979 1105 1086 1159 τῶν
1120 1106 1443 1178 βασιλίδων;
1476 1110 1571 1165 καὶ
1621 1110 1706 1175 τίς
1739 1112 1771 1181 ἡ

222 1196 331 1252 κατ’
354 1196 526 1250 αὐτῶν
554 1196 821 1262 αίτία,ὄτι
850 1197 910 1251 τὸ
935 1198 1203 1270 ὑμέτερον
1230 1201 1430 1272 κράτος
1459 1202 1633 1258 ταῦτα
1652 1205 1774 1258 κατ’

221 1286 380 1343 αὐτῶν
433 1285 717 1357 διενοήθη;
776 1285 964 1351 Οὕτως
1014 1291 1262 1355 εἰπόντος
1317 1291 1414 1346 τοῦ
1447 1294 1773 1365 ἀρχιερέως,

220 1378 578 1440 καθοσιώσεως
606 1378 796 1432 τοῦτον
839 1379 1054 1451 Βάρδας
1088 1382 1365 1454 ἐγράψατο
1393 1386 1631 1457 γραφὴν,
1671 1387 1778 1459 Γη-

218 1467 575 1523 6οόασίλευτον
600 1467 779 1523 ἔναντι
817 1469 914 1524 τοῦ
955 1470 1220 1541 βασιλέως
1257 1472 1772 1547 διαλοιδορούμενος.

215 1558 313 1617 Ἦν
338 1562 392 1616 δὲ
419 1562 446 1615 ό
484 1561 676 1632 Γήδων
708 1557 863 1627 οὗτος
893 1564 1192 1636 ἐπίληπτος
1216 1565 1524 1636 ἄνθρωπος,
1558 1567 1654 1622 καὶ
1678 1568 1780 1633 τὰς

215 1655 399 1725 φρένας
417 1654 479 1709 οὗ
508 1654 649 1708 πάνυ
684 1654 1039 1727 καθεστηκώς
1062 1673 1077 1689 ⁸
1103 1658 1162 1720 ὃς
1190 1657 1296 1729 πρὸ
1324 1658 1521 1728 ὀλίγων
1549 1660 1777 1714 ἐκείνων

216 1745 420 1817 ἡμερῶν
450 1744 558 1799 ἀπὸ
583 1745 678 1799 τοῦ
709 1747 1015 1819 Δυρραχίου
1047 1750 1404 1817 παρεγένετο,
1460 1752 1646 1823 σχῆμα
1676 1753 1776 1824 μὲν

214 1834 576 1905 περικείμενος
612 1835 900 1905 κληρικοῢ,
935 1838 1100 1892 παῖδα
1131 1838 1189 1892 δὲ
1213 1839 1405 1893 ἑαυτὸν
1429 1844 1529 1912 τῆς
1562 1841 1772 1912 βασιλί-

130 1978 135 1984 .
213 1926 296 1990 δος
321 1926 594 1995 Θεοδώρας
615 1926 676 1992 ἐξ
708 1928 900 1998 ἀνδρὸς
928 1929 1117 2000 ἐτέρου
1167 1931 1351 2003 ληρῶν
1372 1947 1390 1963 ο
1420 1925 1464 2002 ᾧ
1488 1935 1536 1987 ol
1585 1934 1772 1989 πολλοὶ

214 2017 301 2071 τοῦ
326 2018 486 2089 δήμου
517 2018 595 2082 ὡς
624 2018 936 2089 βασιλεύειν
994 2021 1241 2093 μέλλοντι
1280 2025 1581 2095 προσέσχον
1601 2043 1614 2057 ·
1649 2029 1770 2081 τότε

221 2108 274 2161 δέ
295 2109 348 2161 ἐν
374 2109 542 2180 Ὀξείᾳ
566 2112 633 2181 τῇ
656 2110 805 2181 νήσῳ
829 2112 934 2165 ὑπὸ
969 2113 1206 2180 ἀσφαλεῖ
1231 2115 1506 2187 συνείχετο
1534 2120 1768 2190 φρουρᾷ.

235 2194 290 2250 'U
324 2198 412 2267 μὲν
459 2198 545 2253 οὐν
575 2200 921 2272 πατριάρχης
973 2204 1031 2257 ἐν
1082 2204 1308 2275 ὑπονοίᾳ
1351 2204 1440 2260 διὰ
1482 2206 1658 2262 ταῦτα
1694 2207 1771 2279 τῷ

225 2287 427 2358 Μιχαὴλ
449 2290 727 2356 καταστὰς,
764 2291 924 2355 εὐθὺς
961 2292 1246 2347 ὑπενόστει
1286 2294 1422 2365 πρὸς
1448 2294 1548 2368 τὴν
1568 2298 1772 2368 ἐκκλη-

222 2379 354 2435 σίαν.
401 2380 453 2434 ’0
480 2380 533 2433 δέ
556 2382 894 2454 παραχρῆμα
921 2384 1020 2455 τὴν
1047 2385 1259 2455 μητέρα
1286 2387 1379 2440 καὶ
1408 2387 1508 2451 τάς
1534 2388 1770 2457 ἀδελφὰς

215 2471 538 2539 καταγαγὼν,
573 2475 630 2527 ἐν
664 2477 775 2537 τοῖς
807 2476 1086 2545 Καριανοῠ
1125 2478 1439 2549 λεγομένοις
1468 2481 1770 2552 ἀπενεχθῆ-

207 2578 288 2615 ναι
319 2562 520 2616 κελεύει
548 2565 642 2618 καὶ
675 2566 935 2637 καρῆναι.
968 2569 1126 2623 Μετὰ
1177 2571 1373 2641 μικρὸν
1406 2571 1463 2624 δὲ
1488 2574 1578 2625 καὶ
1607 2572 1771 2627 αὐτὸν

202 2653 480 2709 ἀπελαύνει
510 2656 605 2710 τοῦ
633 2659 1021 2729 πατριαρχείου
1073 2660 1164 2714 τὸν
1198 2662 1478 2731 Ἰγνάτιον,
1509 2664 1604 2717 καὶ
1635 2666 1771 2735 πρὸς

197 2743 292 2815 τὴν
347 2745 509 2817 νῆσον
542 2747 864 2818 Τερέσινθον
913 2750 1078 2805 αὐτὸν
1129 2753 1478 2824 ὐπερορίζει’
1516 2758 1638 2810 κατ’
1672 2759 1769 2812 αὑ-

195 2836 288 2906 τὴν
339 2836 395 2891 δὲ
448 2837 549 2909 τὴν
576 2839 792 2909 ἡμέραν
844 2842 939 2895 καὶ
989 2842 1205 2914 Γήόονα
1251 2846 1460 2901 ἐκεῖνον
1521 2848 1629 2901 ἀπὺ
1670 2850 1772 2920 τῆς

205 2927 404 2995 Ὀξείας
428 2931 512 2995 εἰς
543 2931 848 3002 Πρίγκιπον
882 2937 1247 3005 μετενεγκὼν,
1285 2938 1355 2993 τά
1386 2956 1447 2993 τε
1481 2941 1647 3011 σκέλη
1674 2943 1770 2996 καὶ

184 3020 308 3084 τούς
356 3021 653 3094 βραχίονας
684 3025 930 3095 ἐξέκοψε,
961 3028 1055 3081 καὶ
1082 3030 1207 3093 τοὺς
1235 3030 1550 3101 ὀφθαλμοὺς
1581 3033 1772 3104 ἐξορύ-

187 3107 298 3175 ξας,
327 3112 658 3167 ἀπέκτεινεν
696 3115 880 3179 αὐτδν,
913 3119 1158 3188 οἰόμενος
1180 3120 1353 3193 ταύτῃ
1380 3122 1473 3176 τὸν
1497 3126 1769 3195 πατριάρ-

1807 1893 1849 1947 Β

1877 651 2076 722 inquit,
2110 668 2139 707 a
2170 668 2255 708 me
2282 654 2395 709 tieri
2424 654 2577 711 nel’as
2603 672 2617 709 :
2650 671 2774 710 nam
2804 655 3058 712 Ecclesia:
3087 658 3457 727 gubernacula

1877 744 2172 815 sedemque
2199 760 2410 801 sacram
2443 762 2567 802 cum
2625 748 2993 817 susciperem,
3051 749 3210 804 tidem
3240 751 3459 821 iureiu-

1876 838 2050 892 rando
2082 854 2259 893 meam
2293 855 2388 910 per
2434 842 2695 911 scriptum
2750 842 3005 906 astrinxi,
3060 859 3337 912 nunquam
3372 860 3458 899 me

1876 929 2108 1000 imperio
2130 938 2312 987 vestro
2361 932 2588 989 insidias
2645 935 2991 1004 positurum,
3038 935 3123 991 vel
3166 936 3456 990 consilium

1877 1020 2213 1089 eiuscemodi
2244 1022 2597 1092 agitaturum.
2645 1025 2711 1079 Et
2758 1040 2886 1080 vero
2928 1040 3094 1090 nunc,
3128 1027 3271 1094 quod
3313 1025 3459 1089 regi-

1876 1125 2070 1165 narum
2106 1121 2190 1167 cst
2229 1112 2464 1181 facinus,
2496 1131 2684 1185 quaeve
2718 1116 2773 1169 in
2802 1115 2910 1171 illis
2953 1132 3140 1181 causa,
3183 1125 3240 1171 ut
3287 1117 3456 1184 maje-

1876 1210 1991 1258 stas
2042 1213 2220 1259 vestra
2263 1205 2525 1262 adversus
2564 1222 2658 1263 eas
2708 1207 2832 1261 talia
2889 1207 3277 1262 machinatur?
3332 1205 3460 1260 Haec

1874 1307 2267 1350 memorantem
2304 1298 2670 1367 patriarcliam
2712 1298 2915 1354 Bardas
2965 1314 3118 1353 reum
3155 1299 3459 1366 maiestatis

1874 1385 2192 1453 postulavit,
2222 1395 2275 1441 et
2317 1402 2499 1441 coram
2529 1388 2855 1457 imperatore
2878 1387 3353 1443 Gebobasileutum
3373 1385 3457 1458 [5]

1876 1474 2009 1544 (seu
2037 1474 2278 1531 Gebonis
2314 1477 2891 1547 pseudo-imperatorii
2921 1479 3136 1548 generis
3193 1479 3453 1543 similem)

1876 1581 1972 1636 per
2034 1567 2342 1622 convicium
2398 1569 2631 1623 vocavit.
2691 1568 2817 1623 Erat
2867 1569 3015 1625 Gebo
3075 1570 3165 1623 hic
3224 1570 3456 1623 stolidus

1874 1657 2125 1727 maleque
2146 1672 2316 1712 sanus
2361 1658 2550 1723 homo,
2595 1658 2688 1727 qui
2719 1659 2985 1728 proximis
3013 1659 3206 1714 diebus
3254 1658 3457 1730 Dyrra-

1875 1748 2001 1804 chio
2037 1756 2283 1810 venerat,
2328 1758 2479 1803 veste
2521 1747 2740 1818 quidem
2793 1749 3160 1804 ecclesiastica
3206 1750 3454 1812 indutus,

1875 1851 1935 1892 se
1961 1851 2090 1891 vero
2131 1851 2231 1906 pro
2282 1835 2394 1891 tilio
2442 1834 2743 1890 Theodoraa
2800 1836 3058 1906 Augustae
3080 1852 3145 1891 ex
3177 1838 3284 1891 alio
3340 1837 3460 1890 viro

1873 1927 2141 1999 gerebat;
2184 1927 2272 1982 cui
2312 1942 2418 1981 non
2465 1928 2626 1998 pauci
2658 1943 2725 1983 ex
2781 1928 2938 1996 plebe
2966 1928 3113 1981 velut
3166 1937 3460 1996 regnatura

1871 2018 2217 2073 adhaerebant
2249 2036 2262 2072 :
2294 2027 2422 2072 tunc
2457 2033 2588 2072 vero
2618 2019 2672 2072 in
2705 2018 2881 2072 insula
2914 2016 3074 2082 Oxia,
3103 2032 3201 2072 seu
3254 2017 3454 2076 Acuta.

1873 2112 2030 2166 llrma
2079 2110 2323 2166 custodia
2377 2111 2682 2165 tenebatur.
2749 2109 3067 2165 Patriarcha
3131 2124 3263 2180 ergo
3327 2122 3459 2178 pro-

1870 2213 2055 2274 pterea
2092 2201 2341 2257 Michaeli
2378 2210 2687 2271 suspectus,
2724 2201 2910 2257 statim
2952 2199 3022 2255 ad
3073 2198 3358 2255 ecclesiam
3399 2213 3461 2254 se

1871 2294 2093 2364 recepit.
2127 2293 2360 2348 Michael
2392 2308 2518 2348 vero
2556 2293 2827 2362 extemplo
2863 2301 3093 2347 matrem
3136 2306 3260 2347 cum
3299 2304 3459 2345 soro-

1872 2387 2026 2443 ribus
2065 2385 2119 2439 in
2144 2383 2364 2441 Cariaui
2393 2384 2536 2439 aedes
2566 2385 2841 2439 detrusam
2888 2382 3167 2452 deportari
3213 2380 3456 2437 tonderi-

1871 2492 1979 2548 que
2006 2476 2253 2547 imperat.
2282 2473 2391 2531 Nec
2416 2475 2592 2529 multo
2643 2483 2767 2545 post
2791 2460 2968 2543 ipsum
3017 2487 3237 2543 quoque
3284 2471 3457 2541 patri-

1871 2568 2091 2624 archam
2123 2566 2387 2637 lgnatium
2420 2566 2590 2635 pellit,
2621 2574 2787 2635 atque
2810 2566 2864 2620 in
2907 2565 3140 2620 insulam
3196 2563 3462 2619 Terebin-

1871 2660 2026 2715 thum
2053 2659 2201 2729 eiieit
2234 2676 2249 2726 ;
2274 2658 2578 2727 eodemque
2605 2658 2693 2713 die
2719 2657 2994 2712 Gebonem
3028 2656 3179 2711 illum
3200 2672 3267 2711 ex
3284 2655 3458 2710 Acuta

1872 2751 1927 2806 in
1964 2750 2247 2821 Principes
2279 2749 2560 2814 transfert,
2585 2758 2639 2804 et
2660 2748 2914 2804 cruribus
2938 2748 3286 2817 brachiisque
3319 2762 3462 2817 prie-

1870 2842 2021 2905 cisis,
2056 2842 2336 2911 oculisque
2361 2841 2552 2903 erutis,
2582 2839 2859 2903 interficit,
2887 2848 3039 2895 ratus
3080 2853 3138 2893 se
3165 2839 3269 2892 hac
3293 2838 3460 2892 ratio-

1871 2949 1939 2989 ne
1974 2934 2145 2989 nltum
2171 2933 2250 2988 ire
2282 2932 2674 3003 patriarcham.
2701 2929 2946 2987 Necdum
2991 2930 3232 2986 triduum
3278 2944 3309 2983 a
3356 2944 3458 2998 pa-

1872 3023 2122 3079 triarchae
2173 3022 2417 3079 discessu
2469 3021 2733 3088 (luxerat,
2761 3036 2888 3083 cum
2936 3021 3137 3075 adsunt
3168 3018 3264 3089 qui
3294 3028 3456 3088 puta-

1870 3116 2070 3171 bantur
2094 3115 2237 3169 inter
2275 3115 2561 3184 episcopos
2585 3112 2853 3183 primarii,
2892 3110 3317 3181 chirographum
3341 3108 3458 3163 sive

181 3218 281 3269 χην
320 3202 681 3272 ἀμυνεῖσθαι.
716 3203 884 3259 Οὔπω
908 3210 1056 3277 τρεῖς
1085 3210 1224 3279 μετά
1248 3209 1351 3281 τὴν
1367 3210 1668 3269 κατάϐασιν
1696 3215 1770 3266 δι-

1874 3204 2112 3258 libellum
2160 3204 2523 3277 abdicationis
2590 3203 2660 3257 ob
2721 3201 3070 3272 praesentium
3146 3208 3457 3268 temporum

181 3291 542 3364 εληλύθεισαν
580 3296 806 3367 ἡμέραι,
831 3299 924 3353 καὶ
963 3301 1215 3371 παρῆσαν
1252 3301 1361 3356 τῶν
1387 3304 1699 3358 ἐπισκόπων
1718 3307 1770 3359 οἱ

175 3385 525 3456 νομιζόμενοι
555 3387 804 3455 λογάδες,
826 3389 1068 3444 λίόελλον
1090 3393 1393 3462 ἀποταγῆς,
1421 3393 1540 3465 ἦτοι
1564 3395 1769 3464 παραί-

174 3490 330 3544 τησιν
354 3514 370 3538 ,
407 3477 503 3532 διὰ
531 3478 636 3548 τὴν
671 3479 976 3534 ἐνεστῶσαν
999 3481 1093 3536 τοῦ
1115 3482 1305 3555 καιροῦ
1329 3484 1527 3539 κακίαν
1554 3485 1769 3551 ἀξιοῦν-

166 3581 258 3630 τες
282 3566 479 3621 λαϐεῖν
504 3569 644 3639 παρ’
671 3568 861 3624 αὐτοῦ.
903 3570 1011 3625 Καὶ
1041 3571 1216 3625 ταῦτα
1245 3571 1424 3639 τίνες;
1463 3574 1526 3626 Ol
1559 3574 1767 3644 ἐγγρά-

169 3674 285 3724 φως
308 3660 464 3732 αὐτῷ
492 3660 767 3732 πρότερον
790 3662 1161 3734 ὀμωμοκότες,
1194 3663 1290 3718 καὶ
1319 3664 1489 3735 αὐτῆς
1513 3666 1768 3720 ἐκπεσεῖν

161 3747 261 3818 τῆς
293 3749 646 3824 ὑπερουσίου
676 3752 906 3822 Τριάδος
943 3754 1255 3825 εὐξάμενοι,
1307 3757 1422 3825 εἴγε
1444 3756 1537 3809 τὸν
1568 3759 1769 3811 οἰκεῖον

162 3842 403 3910 ποιμένα
448 3843 596 3898 ἄνευ
650 3843 1046 3912 καταγνώσεως
1087 3845 1414 3917 ἀθετήσαιεν
1450 3849 1764 3919 κανονικῆς.

169 3932 312 3987 Ἀλλ’
342 3935 515 3989 αὐτοὶ
563 3935 672 4005 μέν
701 3937 1041 4006 ὑπέστρεφον
1088 3938 1331 4009 ἀνήνυτα
1373 3940 1764 4010 πεπονηκότες.

154 4024 292 4078 Μετ’
315 4026 523 4095 ὀλίγας
556 4027 621 4082 δὲ
646 4026 801 4091 αὖθις
829 4028 938 4099 ήμέ
947 4045 1047 4099 ρας
1065 4030 1341 4100 πατρίκιοι
1390 4031 1486 4085 καὶ
1509 4032 1618 4086 τῶν
1648 4049 1769 4104 κρι-

148 4115 261 4169 τῶν
291 4120 343 4172 οἱ
385 4119 834 4188 ἐπιφανέστατοι
866 4120 962 4173 σὺν
994 4123 1106 4184 τοῖς
1135 4123 1499 4194 προλαϐοῦσιν
1545 4123 1767 4177 ἐπισκό-

149 4222 277 4270 ποις
304 4210 590 4277 ἐξιόντες,
628 4212 831 4277 πάσαις
886 4215 1183 4284 μηχαναῖς,
1223 4215 1550 4286 ὑποσχέσεσί
1580 4233 1639 4269 τε
1669 4214 1768 4269 καὶ

1874 3297 2212 3366 iniquitatem
2265 3296 2333 3350 ab
2391 3310 2458 3350 eo
2510 3302 2776 3364 petentes.
2826 3291 2893 3346 Et
2929 3292 3154 3361 quinam
3202 3290 3306 3347 hi?
3350 3290 3461 3356 Qui

1873 3396 2031 3441 antea
2064 3386 2139 3440 illi
2181 3401 2276 3456 per
2314 3384 2576 3455 scriptum
2613 3384 2955 3454 iuraverant,
2984 3398 3043 3438 se
3066 3382 3217 3452 prius
3264 3396 3460 3451 supre-

1874 3495 2017 3533 mam
2046 3477 2329 3533 Trinitatis
2361 3477 2699 3547 maiestatem
2753 3484 3072 3546 negaturos,
3109 3490 3274 3544 quam
3340 3475 3463 3529 sine

1874 3571 2132 3628 canonica
2187 3569 2556 3625 damnationis
2609 3570 2878 3624 sententia
2951 3575 3227 3638 pastorem
3283 3582 3446 3621 suum

1870 3664 2213 3722 exauctorari
2246 3678 2523 3733 passuros.
2561 3660 2760 3715 Verum
2790 3659 2826 3714 ii
2860 3676 2917 3716 re
2954 3658 3158 3714 infecta
3217 3668 3459 3713 reverte-

1871 3763 2023 3811 runt.
2065 3754 2210 3809 lutra
2250 3768 2453 3823 paucos
2486 3763 2665 3807 autem
2696 3751 2813 3807 dies
2834 3751 3068 3822 patricii,
3097 3750 3462 3820 iudicumque

1869 3846 2159 3903 clarissimi
2198 3859 2323 3898 eum
2366 3842 2559 3896 iisdem
2608 3839 2883 3910 episcopis
2915 3838 3143 3908 egressi,
3196 3836 3460 3891 erunibus

1870 3937 2144 3994 machinis
2180 3942 2235 3989 et
2264 3932 2777 4003 pollicitationibus,
2831 3927 3459 3996 comminationibusque

1868 4028 2308 4100 compellebant,
2369 4034 2431 4081 ut
2493 4025 2808 4094 episcOpatu
2866 4036 2925 4078 se
2970 4020 3273 4083 abdicaret,
3300 4019 3348 4075 si
3399 4018 3455 4074 in

1869 4129 2115 4191 apertum
2142 4117 2308 4172 nollet
2331 4115 2674 4171 committere
2702 4129 2763 4169 se
2811 4111 3140 4182 periculum.
3181 4107 3286 4164 Sed
3344 4124 3455 4163 non

1866 4212 2049 4267 minus
2080 4213 2270 4266 ﬁrmus
2310 4208 2676 4276 immotusque
2720 4205 2893 4267 stetit,
2946 4217 3111 4273 quam
3171 4199 3453 4254 maritima

145 4300 410 4366 ἀπειλαῖς
439 4305 544 4359 τὸν
576 4305 772 4375 θρόνον
826 4307 1121 4376 ἐγγράφως
1152 4309 1593 4380 παραιτήσασθαι
1630 4325 1766 4363 κατ-

1872 4313 2057 4361 cautes
2094 4303 2219 4357 altis
2262 4300 2318 4354 in
2355 4309 2560 4354 terram
2621 4297 2797 4352 deﬁxa
2832 4292 3131 4358 radicibus,
3182 4290 3453 4359 ﬂuctuum

146 4392 461 4463 εὸιάξοντο,
490 4397 627 4465 εῐγε
665 4396 739 4467 μὴ
775 4397 959 4468 μέλλοι
982 4399 1064 4462 είς
1093 4400 1345 4470 προφανῆ
1371 4400 1619 4454 καθεῖναι
1646 4399 1765 4453 κίν-

1870 4395 2173 4451 insultibus
2202 4393 2346 4448 nihil
2392 4391 2615 4447 cedens.
2671 4387 2813 4458 Ergo
2837 4403 2964 4442 cum
3003 4401 3112 4440 non
3165 4384 3457 4448 haberent,

144 4483 306 4540 δυνον
335 4488 569 4544 ἐαυτόν.
621 4488 823 4557 Ἐμενε
852 4489 910 4544 δέ
960 4490 1296 4560 ἀμετάθετος
1346 4492 1502 4546 οὐδὲν
1539 4485 1702 4564 ἧττον
1731 4491 1764 4563 ἢ

1872 4484 2016 4540 unde
2048 4478 2202 4537 illum
2242 4482 2524 4542 la-derent,
2562 4478 2707 4532 nulla
2749 4492 2843 4548 per
2901 4490 3027 4531 eum
3077 4473 3202 4529 data
3263 4488 3456 4535 causa,

147 4574 333 4644 πέτρα
358 4581 653 4650 παράλιος
675 4554 755 4644 είς
780 4580 943 4651 βάθος
990 4554 1094 4653 γῆς
1127 4583 1497 4654 ἐρριζωμένη,
1526 4554 1622 4638 καὶ
1654 4554 1763 4638 πάλ

1872 4576 2035 4647 cuius
2080 4574 2350 4630 rationem
2404 4570 2629 4626 reddere
2681 4584 2789 4622 non
2842 4575 3078 4636 posset;
3109 4563 3279 4624 nudo,
3311 4561 3456 4630 quod

145 4681 272 4733 σαις
294 4669 609 4736 ἀνένδοτος
643 4671 905 4741 κυμάτων
934 4673 1246 4743 ἐπιφοραῖς.
1286 4674 1503 4746 Ἐπειδὴ
1538 4674 1632 4729 οὖν
1664 4675 1766 4730 οὐκ

135 4755 289 4831 εἷχον
318 4762 589 4833 εὐλόγως
632 4767 989 4837 παρανομεῖν,
1021 4766 1279 4837 οὐδεμιᾶς
1305 4768 1490 4833 αὐτοῖς
1522 4769 1631 4823 ἀπὸ
1667 4768 1764 4823 τοῦ

129 4851 450 4909 άνσυθύνου
478 4853 834 4925 προφάσεως
863 4855 1226 4929 ἐνδιδομένης,
1278 4861 1459 4931 γυμνῇ
1492 4859 1677 4914 λοιπὸν
1699 4862 1764 4931 τῇ

131 4945 381 5017 κεφαλῇ,
429 4948 547 5001 καὶ
612 4945 826 4999 ἀναιδεῖ
859 4949 1158 5019 προσώπῳ,
1190 4949 1335 5004 κατά
1386 4951 1450 5005 τὸ
1480 4952 1764 5024 ᾀδόμενον,

124 5035 269 5104 πρὸς
318 5038 532 5093 πᾶσαν
600 5035 850 5106 ἐχώρουν
896 5036 1112 5092 ἀδικίαν
1162 5039 1258 5092 καὶ
1291 5041 1656 5112 παρανομίαν.
1706 5043 1767 5095 ’0

123 5126 229 5194 μὲν
275 5126 382 5180 οὖν
416 5126 660 5197 Κύριος
717 5127 872 5197 ἡμῶν
915 5127 1123 5199 Ἰησοῦς
1172 5130 1442 5199 Χριστὸς,
1489 5131 1586 5186 ἅτε
1633 5132 1797 5205 Θεὸς.

114 5217 391 5291 ἀληθινὸς
429 5218 548 5274 καὶ
588 5218 854 5289 ἀληθινοῦ
885 5220 1099 5291 Πατρός
1125 5219 1222 5287 ὣν,
1264 5222 1326 5275 οὐ
1358 5221 1436 5292 τῷ
1460 5218 1767 5292 Θεδςῂεῐναι

114 5288 290 5377 μόνον
321 5288 724 5382 προαιώνιος,
745 5307 813 5362 τὰ
835 5288 1017 5364 πάντα
1037 5312 1145 5383 πρὸ
1169 5312 1267 5382 τῆς
1291 5288 1471 5366 αὐτῶν
1500 5288 1769 5380 γενέσεως

102 5400 285 5472 οἶδεν,
324 5405 494 5461 ἀλλά
520 5406 642 5458 καὶ
672 5402 751 5474 τῷ
775 5403 1063 5475 ἄνθρωπος
1112 5406 1260 5477 ὑπὲρ
1284 5406 1441 5478 ἡμῶν
1489 5407 1769 5475 γενέσθαι,

104 5497 190 5568 τῷ
217 5498 607 5570 τεθεωμένῳ
633 5496 716 5549 νοῒ
744 5496 813 5550 τά
841 5498 1020 5553 πάντα
1063 5498 1471 5570 προκατανοῶν,
1491 5497 1772 5571 Ἀνάγκη,

216 5658 244 5691 ³
284 5654 525 5711 Matth.
573 5665 751 5717 xvm,
789 5650 845 5707 7.

1866 4670 2041 4735 aiunt,
2073 4668 2271 4738 capite,
2289 4663 2656 4735 perl‘ricta=;uc
2674 4658 2852 4714 fronte
2874 4657 2941 4712 ad
2971 4670 3134 4713 omne
3176 4653 3258 4709 ias
3284 4652 3463 4708 nefas-

1867 4777 1976 4833 que
2048 4758 2472 4815 descenderunt.
2527 4754 2593 4809 Et
2652 4750 2918 4806 Dominus
2991 4747 3210 4818 quidem
3271 4753 3460 4800 noster

1866 4854 2030 4911 Jesus
2055 4852 2333 4913 Christus.
2369 4857 2554 4918 utpote
2607 4845 2753 4898 Deus
2806 4855 2969 4897 verus
3015 4849 3071 4895 et
3113 4839 3227 4895 veri
3280 4837 3461 4894 Patris

1870 4944 2111 5010 soboles,
2143 4958 2253 4997 non
2284 4941 2461 4997 solum
2492 4952 2599 5008 qua
2634 4936 2777 4991 Deus
2819 4942 2903 4989 est
2961 4941 3219 4997 aeternus,
3274 4930 3460 4986 omnia

1872 5047 2166 5108 antequam
2201 5035 2331 5099 sint,
2359 5031 2643 5103 praevidit;
2676 5028 2772 5084 sed
2801 5027 2965 5083 etiam
2999 5041 3108 5095 qua
3134 5025 3298 5079 homo
3357 5037 3460 5093 pro

1874 5130 2036 5186 nobis
2065 5127 2262 5191 factus,
2284 5125 2533 5180 deiﬁcata
2560 5138 2658 5178 sua
2688 5130 2870 5176 mente
2896 5120 3080 5174 omnia
3109 5117 3407 5187 praeseiens
3440 5154 3455 5177 ,

1873 5222 2099 5276 Necesse
2119 5228 2196 5274 est
2222 5259 2237 5284 ,
2271 5216 2472 5287 inquit,
2507 5223 2566 5270 ut
2591 5215 2800 5269 veniant
2845 5209 3105 5268 scandala
3126 5225 3145 5264 :
3176 5224 3253 5264 tua
3281 5216 3457 5260 autem

1873 5313 1981 5380 illi,
2024 5328 2117 5383 per
2177 5325 2328 5382 quem
2368 5307 2685 5363 scandalum
2745 5305 2883 5360 venit
2925 5305 2969 5358 ¹.
3014 5301 3270 5356 Omnium
3329 5311 3461 5366 ergo

1874 5415 2175 5469 sectarum,
2230 5417 2412 5475 quzea
2471 5401 2654 5456 divina
2715 5397 2918 5454 Christi
2952 5397 3006 5450 in
3061 5394 3457 5450 humanitatem

1877 5497 2169 5571 praesentia
2211 5494 2279 5551 ad
2325 5492 2651 5550 hodiernum
2688 5502 2866 5561 usque
2894 5487 3038 5542 diem
3088 5484 3143 5539 in
3188 5480 3461 5538 Ecclesias

174 5798 262 5867 (ὅ)
329 5787 901 5859 Gebobasiteutum,
957 5787 1064 5846 hoc
1109 5796 1216 5856 est,
1256 5776 1497 5846 Gebonis
1536 5786 1721 5845 stolidi
1778 5785 2042 5856 hominis,
2086 5793 2143 5844 et
2193 5783 2482 5859 imperium
2517 5779 3080 5856 temereatl‘cctantis,
3105 5777 3245 5853 parti
3272 5775 3459 5837 laven-

102 5877 258 5925 leni.
