4022 6420
507 448 612 513 507

1690 431 1984 494 NICET/E
2017 429 2542 491 PAPHLAGONIS

3652 424 3754 488 508

498 573 624 615 cum
656 552 892 624 pernicie
921 550 1276 620 irrepserunt,
1319 556 1592 610 auctores,
1617 542 1780 596 veluti
1835 542 2064 596 scanda-

2178 539 2350 607 φησιν,
2389 536 2588 590 ἐλθεῖν
2627 534 2698 589 τὰ
2724 533 3086 588 σκάνδαλα·
3137 531 3274 586 οὐαὶ
3325 531 3395 584 δὲ
3411 531 3518 624 -δί
3556 528 3632 590 οὗ
3687 539 3755 591 τὸ

497 650 678 702 lorum
703 645 892 706 duces,
924 641 1072 712 digni
1115 649 1264 704 sunt,
1319 641 1412 709 qui
1464 636 1624 708 primi
1667 633 2064 702 malu-m,quod

498 737 752 793 Christus
791 736 1030 789 minatur
1067 773 1084 798 ,
1151 733 1492 802 participent.
1550 728 1652 783 Sed
1696 743 1802 781 non
1859 727 2062 790 minus,

497 829 713 896 opinor,
747 826 781 880 ii
814 827 908 895 qui
936 833 1122 879 nostro
1163 838 1279 878 aevo
1340 822 1570 890 maligne
1597 826 1844 890 egerunt,
1897 833 2063 888 quam

497 917 574 971 illi
615 915 779 985 prisci
814 929 868 969 et
909 912 1338 969 decantatissimi
1390 910 1787 976 haeresiarchas,
1823 911 2066 967 celestis

497 1007 634 1062 iram
668 1008 1073 1072 vindictamque
1098 1004 1352 1059 Numinis
1392 1004 1644 1068 sentient,
1685 1012 1744 1057 ut
1772 1004 1864 1073 qui
1907 1005 2068 1058 innu-

497 1097 840 1152 merabilium
870 1095 1230 1150 offensionum
1280 1103 1333 1149 et
1379 1095 1644 1149 malorum
1677 1095 1770 1148 toti
1799 1104 2064 1149 terrarum

496 1184 613 1236 orbi
654 1184 764 1237 sint
819 1193 1089 1236 auctores.
1122 1179 1308 1250 Neque
1360 1181 1504 1235 enim
1562 1191 1844 1250 propterea
1889 1181 2067 1250 justo-

495 1288 618 1326 rum
647 1272 768 1324 albo
794 1271 1154 1335 aseribentur,
1185 1270 1329 1339 quod
1383 1270 1548 1326 rectis
1593 1270 1803 1326 scilicet
1843 1271 2068 1338 dogma-

494 1362 640 1416 tibus
683 1371 736 1415 et
785 1362 1174 1430 scriptionibus
1231 1361 1535 1417 innumeris
1586 1361 1752 1418 Deum
1795 1363 1950 1418 fateri
1994 1365 2071 1420 vi—

494 1453 721 1505 deantur
753 1469 765 1506 :
817 1451 909 1505 sed
970 1451 1172 1506 idcirco
1209 1453 1648 1518 damnabuntur,
1683 1455 1848 1522 quod,
1885 1463 1944 1508 ut
1987 1463 2071 1509 est

495 1543 547 1595 in
589 1541 759 1596 sacris
790 1541 1021 1611 paginis.
1069 1541 1234 1597 Deum
1259 1542 1416 1599 factis
1453 1544 1588 1613 ipsis
1633 1546 1902 1615 negarint,
1932 1547 2067 1601 abo-

490 1631 781 1685 minabiles
815 1629 961 1695 facti,
994 1642 1046 1685 et
1091 1640 1473 1698 contumaces,
1507 1641 1562 1688 et
1611 1633 1678 1687 ad
1717 1649 1876 1689 omne
1933 1650 2071 1705 opus

491 1721 696 1775 bonum
721 1721 958 1788 reprobi.
1008 1719 1119 1778 Nec
1177 1723 1304 1792 quia
1356 1739 1644 1793 personam
1684 1725 1900 1796 pietatis
1951 1727 2072 1781 vul-

491 1817 720 1880 tumque
751 1814 1028 1884 religionis
1069 1814 1334 1880 ementiti,
1369 1823 1536 1886 agunt
1588 1816 1771 1871 omnia
1803 1816 2069 1872 alliciunt-

2170 627 2525 680 σκάνδαλον
2565 624 2834 696 ἔρχεται]
2885 623 3020 678 Καθ’
3073 623 3207 686 ὅλας·
3236 623 3334 692 μὲν
3377 617 3472 676 οὖν
3505 622 3606 685 τὰς
3639 625 3746 678 ἀπὸ

2169 721 2271 789 τῆς
2309 719 2632 790 θεανδρικῆς
2671 716 2834 772 αὐτοῦ
2875 715 3178 786 παρουσίας
3233 715 3396 785 μέχρι
3446 715 3540 768 τοῦ
3595 717 3757 790 δεῦρο

2171 809 2672 879 παρεισφθαρείσας
2700 808 2934 876 αἱρέσεις
2956 809 3014 859 ὲν
3043 808 3161 866 ταῖς
3177 805 3546 876 Ἐκκλησίαις,
3573 807 3626 859 οἱ
3653 809 3756 862 τῶν

2171 900 2436 970 αἱρέσεων
2463 899 2702 968 ἕξαρχοι,
2739 898 2815 960 ὡς
2856 898 2964 949 τῶν
3003 894 3315 949 σκανδάλων
3365 895 3754 966 ἐξηγούμενοι,

2173 991 2382 1061 πρῶτοι
2409 990 2475 1045 ἂν
2495 989 2660 1054 ἀξίως
2689 989 2840 1042 αὐτοὶ
2865 986 3144 1055 μετέχοιεν
3167 986 3260 1038 καὶ
3281 984 3374 1038 τοῦ
3397 985 3757 1056 ταλανισμοῦ·

2172 1085 2271 1154 οὐχ
2285 1078 2445 1154 ἧττον
2469 1082 2550 1146 δὲ,
2572 1077 2754 1150 οἶμαι,
2779 1080 2888 1132 τῶν
2917 1078 3084 1134 πάλαι
3110 1076 3522 1147 θρυλλουμένων
3546 1079 3760 1148 αἱρετι-

2174 1177 2288 1231 κῶν
2318 1176 2411 1230 καὶ
2433 1177 2481 1228 oi
2512 1173 2655 1227 κατά
2679 1172 2882 1241 ταύτην
2915 1188 3050 1240 πονη
3061 1170 3388 1240 ρευσάμενοι
3413 1170 3514 1239 τὴν
3536 1170 3753 1236 γενεὰν,

2175 1269 2251 1331 ὠς
2293 1266 2456 1321 αἴτιοι
2509 1264 2817 1318 σκανδάλων
2855 1262 3065 1332 μυρίων
3091 1262 3170 1332 τῷ
3222 1261 3416 1330 κόσμῳ
3449 1263 3754 1330 γενόμενοι,

2174 1359 2272 1428 τῆς
2309 1357 2516 1410 ἀνωθεν
2549 1358 2744 1423 πεῖραν
2807 1354 3070 1424 λήψονται
3123 1353 3319 1423 ὀργῆς.
3371 1353 3451 1407 Οὐ
3514 1353 3626 1424 γὰρ
3675 1356 3754 1408 δτι

2175 1452 2442 1519 δόγμασιν
2489 1447 2668 1518 ὀρθοῖς
2720 1447 2879 1516 δῆθεν
2931 1445 3026 1500 καὶ
3088 1447 3436 1514 συγγραφαῖς
3494 1445 3755 1518 ἀμέτροις

2177 1543 2312 1596 Θεὸν
2331 1540 2580 1595 δοκοῦσιν
2607 1539 2912 1609 ὁμολογεῖν,
2950 1537 3040 1591 διὰ
3068 1537 3227 1590 τοῦτο
3274 1538 3436 1606 μόνον
3463 1538 3752 1608 δικαιωθή-

2181 1651 2390 1686 σονται·
2425 1631 2541 1686 ἀλλ’
2569 1632 2653 1684 ὅτι
2685 1633 2798 1693 τοῖς
2849 1629 3052 1699 ῑργοις,
3086 1629 3227 1692 κατὰ
3256 1629 3351 1682 τὸν
3402 1629 3547 1698 ἱερὸν
3577 1630 3749 1698 λόγον,

2177 1730 2482 1801 ἠρνήσαντο
2508 1728 2691 1795 αὐτὸν,
2729 1725 3008 1797 βδελυκτοὶ
3059 1726 3342 1794 γενόμενοι
3367 1725 3460 1778 καὶ
3488 1726 3747 1790 ἀπειθεῖς,

2180 1823 2275 1876 καὶ
2335 1824 2470 1893 πρὸς
2526 1821 2636 1874 πᾶν
2691 1819 2852 1889 ἔργον
2887 1817 3089 1886 ἀγαθὸν
3143 1817 3418 1885 ἀδόκιμοι,
3471 1817 3650 1870 τούτου
3682 1834 3744 1884 γε

495 1917 622 1972 que,
653 1913 713 1958 ut
742 1905 875 1974 justi
897 1907 966 1961 ab
999 1908 1310 1962 hominibus
1341 1916 1621 1978 putentur,
1659 1907 1779 1965 ideo
1810 1917 1937 1963 sunt
1984 1908 2069 1978 ju-

2178 1913 2362 1966 ἕνεκεν
2413 1910 2932 1980 κατακριθήσονται.
2981 1907 3106 1961 Οὐδ’
3145 1909 3228 1960 ὃτι
3265 1908 3543 1979 μόρφωσιν
3585 1908 3734 1959 εὐσε-

493 1992 564 2048 sti
598 1995 738 2062 apud
771 1997 1105 2052 occultorum
1138 1998 1471 2066 cognitorem
1508 2006 1560 2051 et
1585 1997 1821 2067 judicem
1851 1995 2019 2051 ncum
2055 2015 2067 2051 :

494 2085 591 2140 sed
619 2087 764 2155 quod
791 2104 956 2142 nervo
1014 2090 1227 2160 pietatis
1262 2089 1418 2154 eliso,
1475 2103 1654 2143 mores
1677 2089 1743 2143 ad
1795 2087 2071 2160 Evangelii

491 2185 761 2246 praecepta
796 2195 904 2234 non
931 2179 1328 2236 coul'ormarint
1361 2197 1377 2243 ς
1410 2181 1552 2250 quod
1579 2194 1766 2235 amore
1802 2181 1886 2235 sui
1916 2181 2066 2247 caeci,

491 2269 738 2322 avaritiae
772 2279 825 2324 et
852 2272 1236 2339 voluptatibus,
1266 2272 1658 2341 ambitionique
1702 2272 1996 2327 venundati
2019 2282 2074 2330 et

490 2358 840 2426 emancipati,
895 2360 1214 2415 innocentes
1265 2361 1412 2414 omni
1467 2375 1662 2430 genere
1724 2358 2070 2428 iniuriarum,

489 2447 894 2516 perjuriorum,
953 2450 1135 2505 crucis
1197 2450 1650 2520 abnegationum,
1710 2449 2070 2516 insidiarum,

488 2549 546 2592 et
605 2538 991 2594 maleﬁciorum
1043 2541 1405 2610 opprimentes
1437 2580 1453 2606 ,
1491 2541 1692 2611 optime
1716 2541 2075 2611 compositum

487 2625 748 2682 Ecclesia:
809 2635 1007 2684 statum
1065 2630 1434 2700 perturbarint
1470 2631 1912 2700 ererteriutque;
1964 2646 2075 2684 rem

489 2728 674 2773 autem
708 2721 968 2789 divinant,
1021 2737 1326 2792 nomenque
1363 2731 1416 2777 ct
1459 2737 1614 2778 sacra
1645 2729 1846 2776 sanctae
1895 2722 2081 2776 Eccle-

491 2811 587 2864 size
616 2819 694 2864 tot
727 2812 1094 2881 impietatibus
1122 2821 1175 2867 et
1215 2812 1429 2883 ﬂagitiis
1478 2813 1920 2878 contaminarint,
1957 2813 2079 2883 pol-

491 2899 711 2965 luerint,
732 2901 1093 2972 profanariut,
1124 2911 1182 2957 ut
1200 2903 1498 2973 periculum
1521 2903 1591 2959 sit
1619 2904 1776 2977 (pene
1789 2903 1991 2974 dicam)
2012 2919 2080 2961 ne

489 2992 709 3060 pietatis
739 2993 1056 3064 mysterium
1103 2994 1170 3063 in:
1191 2995 1368 3050 verbis
1402 2995 1564 3052 nudis
1593 2996 1794 3066 potius,
1824 3011 1988 3065 quam
2022 2996 2076 3049 in

487 3082 654 3137 rebus
704 3098 767 3138 ac
796 3085 1020 3138 veritate
1059 3085 1358 3141 consistere
1401 3086 1649 3141 videatur
1685 3104 1700 3141 :
1734 3085 1940 3141 idcirco
1985 3087 2078 3154 juo

487 3173 788 3228 stissimam
837 3175 1212 3245 damnationis
1254 3193 1284 3232 a
1322 3177 1432 3233 Deo
1489 3176 1726 3233 ferenda
1749 3177 2074 3232 sententiam

487 3261 794 3320 incurrent.

2178 2005 2356 2068 ϐείας,
2390 2003 2484 2056 καὶ
2516 2003 2704 2072 σχῆμα
2727 2000 2858 2069 γοῦν
2898 2017 2950 2052 τι
2985 1999 3080 2052 καὶ
3129 1998 3360 2068 πλάσμα
3399 1998 3542 2051 κενὸν
3586 1996 3734 2050 εὐλα-

2182 2095 2329 2157 ϐείας
2364 2093 2716 2163 περιθέμενοι
2762 2091 2938 2144 πάντα
2972 2091 3139 2160 δρῶσι
3187 2091 3284 2142 καὶ
3339 2087 3738 2157 πραγματεύον-

2183 2203 2295 2247 ται,
2346 2184 2486 2238 ὦστε
2539 2183 2893 2251 δικαιωθῆναι
2941 2181 3092 2253 παρὰ
3147 2183 3261 2242 τοῖς
3307 2181 3634 2250 ἀνθρώποις,
3661 2178 3748 2232 διὰ

2181 2275 2338 2331 τοῦτο
2359 2275 2557 2328 δίκαιοι
2591 2275 2685 2327 καὶ
2715 2273 2864 2344 παρά
2891 2272 2968 2343 τῷ
3012 2271 3122 2324 τῶν
3149 2271 3396 2342 κρυφίων
3423 2271 3631 2342 ὲπόπτῃ
3660 2270 3750 2324 καὶ

2179 2367 2475 2436 ὲξεταστῇ·
2525 2365 2641 2418 ἀλλ’
2694 2365 2777 2417 ὅτι
2811 2365 2907 2433 τῆς
2933 2363 3212 2426 εὐσεϐείας
3241 2363 3340 2431 τὴν
3386 2361 3634 2431 δύναμιν,
3664 2361 3752 2414 καὶ

2177 2455 2278 2526 τὴν
2302 2456 2442 2508 κατά
2469 2454 2528 2508 τὸ
2580 2452 2912 2521 Εὐαγγέλιον
2961 2452 3310 2522 ἀπηνήναντο
3343 2450 3514 2520 ζωὴν,
3559 2449 3756 2512 πάσαις

2183 2545 2281 2616 μὲν
2337 2545 2645 2615 φιλαυτίαις
2701 2543 2796 2598 καί
2854 2542 3266 2613 φιλαργυρίαις,
3323 2541 3656 2610 φιληδονίαις
3697 2556 3757 2592 τε

2180 2636 2383 2700 πάσαις
2434 2635 2526 2690 καὶ
2580 2634 2893 2705 φιλαρχίαις
2957 2634 3184 2696 ἑαυτοὺς
3239 2631 3760 2701 ἀπεμπολήσαντες,

2181 2729 2383 2792 πάσαις
2414 2728 2470 2781 δὲ
2498 2727 2756 2790 ἀδικίαις.
2791 2727 3123 2797 ὲπιορκίαις,
3175 2725 3629 2794 σταυροπατίαις,
3669 2723 3760 2776 καὶ

2181 2821 2539 2890 κακουργίαις
2568 2820 2624 2874 δὲ
2663 2819 2807 2874 κατά
2831 2819 2938 2873 τῶν
2961 2818 3152 2872 ἀθώων
3174 2819 3269 2872 καὶ
3291 2817 3587 2887 ὲπηρείαις
3616 2812 3764 2886 χρώ-

2184 2927 2358 2980 μενοι,
2393 2911 2573 2966 πᾶσαν
2601 2910 2697 2981 τὴν
2724 2907 3185 2978 ὲκκλησιαστικὴν
3217 2907 3473 2977 εὐνομίαν
3507 2907 3767 2961 διέλυσαν

2180 3002 2276 3056 καὶ
2325 3003 2618 3073 συνέχεάν·
2657 3001 2718 3055 τὸ
2762 3001 2903 3054 θεῖον
2947 3000 3004 3054 δὲ
3061 3000 3162 3069 τῆς
3220 3000 3372 3070 ἱερᾶς
3432 2995 3767 3067 Ἐκκλησίας

2183 3094 2419 3164 πρᾶγμα
2446 3094 2540 3147 καὶ
2564 3094 2734 3164 ὄνομα
2761 3092 2902 3147 οὕτω
2928 3094 3048 3154 ταῖς
3089 3091 3364 3154 ποικίλαις
3421 3090 3604 3142 αὐτῶν
3633 3088 3768 3143 ἀθε-

2184 3184 2373 3254 σμίαις
2426 3185 2520 3238 καὶ
2575 3183 2945 3254 παρανομίαις
3007 3181 3374 3252 ὲϐεϐήλωσαν,
3415 3180 3554 3233 ὥστε
3582 3179 3771 3233 κινδυ-

2094 3264 2138 3321 C
2171 3273 2366 3336 νεύειν.
2395 3274 2575 3345 ὀλίγου
2599 3275 2732 3337 δεῖν,
2775 3275 2834 3327 ἐν
2874 3272 3048 3342 ψιλοῖς
3079 3272 3237 3342 ἡμῶν
3283 3271 3484 3338 λόγοις,
3508 3270 3626 3324 ἀλλ’
3668 3269 3768 3321 οὐκ

488 3358 549 3412 ὲν
580 3358 804 3431 ἀληθεία
825 3359 918 3414 καὶ
944 3360 1232 3431 πράγματι
1256 3360 1317 3415 τὸ
1339 3361 1438 3433 τῆς
1461 3363 1744 3428 εὐσεϐείας
1776 3365 2077 3437 μυστήριον
2108 3365 2451 3424 ὑπονοεῖσθαι
2474 3383 2491 3401 ⁸
2524 3368 2614 3424 διὰ
2662 3368 2837 3424 ταῦτα
2859 3367 3204 3438 δικαιοτάτης
3270 3363 3550 3436 τεύξονται
3623 3365 3770 3436 πρὸς

489 3449 628 3505 Θεοῦ
661 3451 762 3522 τῆς
793 3453 1195 3524 κατακρίσεως.

561 3586 770 3642 Horum
798 3602 964 3658 porro
993 3588 1264 3644 malorum
1310 3589 1554 3644 omnium
1609 3590 1774 3660 stirps
1806 3599 1859 3646 et
1893 3590 2069 3654 radix,

487 3679 775 3750 primaque
804 3696 966 3735 causa
989 3689 1042 3735 et
1065 3681 1374 3736 certissima
1408 3682 1617 3736 exstitit
1647 3684 1714 3746 is,
1750 3681 1842 3748 qui
1868 3697 1896 3735 a
1923 3682 2071 3752 prino

489 3772 636 3841 cipio
676 3771 947 3826 homicida
976 3771 1079 3826 fuit
1115 3773 1251 3842 :qui
1279 3773 1426 3843 quod
1464 3790 1490 3825 ιι
1521 3774 1664 3827 bono
1699 3772 1919 3837 defecit,
1949 3789 2070 3827 om-

488 3863 576 3917 nis
607 3862 857 3917 maleﬁcii
893 3861 1086 3917 artifex
1120 3851 1370 3929 etl‘ectus,
1420 3863 1692 3933 hodieque
1725 3879 1832 3918 non
1889 3875 2070 3920 cessat

490 3970 760 4009 venenum
793 3954 846 4008 in
871 3969 965 4010 eos
999 3969 1157 4010 suum
1186 3964 1434 4010 eructare
1455 3971 1594 4025 quos
1623 3955 1879 4010 omnibus
1899 3970 2069 4011 saecu-

486 4044 557 4101 lis
588 4046 653 4100 a'd
684 4045 734 4100 id
773 4047 1130 4101 hauriendum
1165 4055 1378 4115 paratos
1412 4047 1609 4101 babct:
1645 4061 1819 4116 eoque
1865 4046 2071 4116 largius

487 4137 760 4206 latiusque
783 4139 933 4194 virus
953 4155 1111 4193 suum
1134 4139 1634 4209 diﬂ‘undit,quanto
1662 4139 1729 4194 ad
1763 4154 1876 4193 rem
1910 4155 2066 4195 suam

489 4232 729 4300 aptiores
792 4231 1034 4286 offendit.
1065 4230 1465 4286 Pcrmittuntur
1507 4232 1684 4286 aulem
1738 4232 1874 4287 tales
1929 4246 2071 4301 saepe

485 4335 670 4376 rerum
719 4323 903 4392 potiri,
960 4331 1333 4392 terrarumque
1361 4325 1602 4392 imperiis
1645 4325 1851 4389 extolli,
1908 4333 1969 4378 ut
2004 4340 2070 4378 ex

490 4413 791 4466 multorum
843 4414 1121 4481 cordibus,
1168 4415 1628 4484 quemadmodum
1654 4425 1737 4469 est
1767 4415 1820 4468 in
1872 4415 2069 4470 divinis

491 4505 750 4568 oraculis,
786 4505 1096 4560 revelentur
1127 4507 1528 4575 cogitationes;
1565 4513 1733 4574 utque
1765 4507 2002 4560 triticum
2036 4521 2067 4560 a

488 4593 659 4662 paleis
679 4603 1020 4659 secernatur,
1055 4601 1104 4648 et
1129 4593 1313 4662 justus
1347 4593 1472 4662 igne
1493 4593 1893 4660 molestiarum,
1924 4595 2069 4648 velut

2244 3591 2465 3646 Τούτων
2496 3591 2553 3646 δὲ
2591 3591 2702 3644 τῶν
2731 3590 2918 3644 κακῶν
2951 3589 3209 3643 ἁπάντων
3257 3587 3408 3641 αἰτία
3442 3605 3769 3658 προκαταρ-

2181 3683 2347 3755 κτικὴ
2387 3684 2481 3737 καὶ
2507 3683 2654 3754 ῥίζα,
2714 3683 2743 3735 ό
2779 3683 2875 3735 ἀπ’
2925 3681 3100 3751 ἀρχῆς
3124 3679 3587 3749 ξάνθρωποκτόνος
3629 3680 3771 3732 καθ-

2175 3775 2376 3846 έστηκε
2402 3773 2602 3844 δηλαδὴ
2628 3789 2643 3804 ⁸
2679 3771 2738 3835 ὃς
2768 3771 2846 3842 τῷ
2870 3771 3172 3839 ἀποστῆναι
3200 3768 3293 3823 τοῦ
3321 3767 3550 3837 ἀγαθοῦ,
3580 3770 3774 3836 πάσης

2175 3867 2371 3928 κακίας
2401 3865 2690 3935 γενόμενος
2729 3863 3078 3933 δημιουργὸς,
3113 3863 3176 3915 οὐ
3205 3861 3438 3915 παύεται
3470 3861 3638 3931 μέχρι
3675 3862 3773 3913 καὶ

2174 3955 2268 4009 νῦν
2294 3956 2384 4008 τὸν
2411 3957 2610 4008 οἰκεῖον
2641 3944 2714 4007 ιδν
2741 3956 2852 4016 τοῖς
2884 3954 3021 4023 πρδς
3051 3952 3316 4022 ὑποδοχὴν
3356 3951 3593 4022 ἑτοίμοις
3621 3951 3773 4005 κατά

2173 4049 2352 4101 πᾶσαν
2377 4047 2872 4116 ὲναπερευγόμενος
2898 4045 3091 4114 γενεάν
3110 4061 3124 4075 ο
3153 4045 3248 4097 καὶ
3280 4045 3523 4114 τοσούτῳ
3558 4045 3773 4113 μᾶλλον

2173 4139 2273 4209 τὴν
2304 4140 2434 4212 παρ’
2483 4135 2677 4192 ἑαυτοῦ
2714 4138 2912 4192 κακίαν
2959 4136 3421 4206 ἐπιδαψιλεύεται,
3479 4135 3603 4188 καθ’
3640 4137 3775 4189 ὅσον

2177 4230 2244 4284 ἂν
2275 4231 2369 4284 καὶ¹
2418 4230 2870 4301 ἐπιτηδειοτέροις
2899 4229 3036 4301 πρὸς
3066 4229 3159 4281 τὸν
3211 4230 3414 4281 οἰκεῖον
3470 4228 3771 4298 περιτύχοι

2179 4323 2399 4377 σκοπόν.
2467 4322 2882 4392 Συγχωροῦνται
2933 4322 2990 4374 δὲ
3051 4320 3313 4382 πολλάκις
3378 4322 3626 4390 κρατεῖν,
3672 4320 3775 4373 καὶ

2177 4415 2466 4482 κοσμικαῖς
2495 4412 2832 4474 δυναστείαις
2867 4413 2917 4464 oi
2943 4411 3174 4465 τοιοῦτοι
3221 4409 3652 4481 μεγαλύνεσθαι,
3690 4412 3774 4474 ὡς

2174 4504 2240 4556 ἂν
2271 4505 2336 4556 ὲκ
2361 4503 2570 4556 πολλῶν
2619 4502 2878 4572 καρδιῶν,
2921 4501 3063 4555 κατά
3115 4501 3176 4554 τὸ
3211 4502 3353 4554 θεῖον
3405 4501 3609 4568 λόγιον,
3675 4503 3775 4554 ὲκ-

2175 4594 2383 4663 φανῶσι
2415 4593 2785 4664 διαλογισμοί·
2822 4595 2918 4647 καὶ
2937 4592 3077 4646 ὥστε
3108 4591 3199 4645 τὸν
3230 4594 3376 4645 σῖτον
3405 4591 3775 4660 διακριθῆναι

490 4699 684 4739 aurum
734 4685 788 4738 in
845 4683 1086 4750 fornace,
1136 4694 1426 4754 coquatur,
1470 4684 1894 4753 cmleSIibusque
1951 4686 2067 4740 the-

2178 4685 2265 4738 τοῦ
2291 4685 2517 4756 ἀχύρου,
2546 4685 2642 4738 καὶ
2673 4683 2994 4754 πυρωθῆναι
3024 4684 3122 4754 μὲν
3151 4686 3273 4746 ταῖς
3323 4683 3615 4754 ὲπηρείαις
3678 4684 3779 4737 τὸν

490 4778 668 4832 sauris
699 4788 1009 4831 reservetur
1033 4777 1480 4846 ;'rejiciaturque,
1526 4775 1791 4846 quidquid
1847 4785 1907 4830 ut
1946 4791 2069 4832 sco-

486 4865 569 4918 ria
600 4864 964 4918 adulterinum
995 4873 1079 4918 cst
1109 4872 1163 4918 et
1195 4865 1402 4919 cmlesti
1438 4879 1604 4933 regno
1647 4865 1948 4936 indignum.
1975 4867 2068 4920 At-

489 4971 597 5024 que
627 4957 732 5020 bis,
766 4956 982 5024 opinor,
1010 4970 1170 5011 nemo
1205 4956 1539 5012 contradicet
1569 4972 1759 5013 eorum
1806 4958 1901 5027 qui
1954 4959 2067 5029 pie-

490 5053 656 5100 tatem
687 5047 894 5102 colunt.

561 5262 665 5319 Sed
702 5262 982 5319 videamus
1012 5279 1194 5333 porro,
1233 5279 1352 5335 quze
1379 5265 1634 5336 deinceps
1668 5265 1828 5322 beato
1859 5268 2068 5339 lgnatio

491 5355 805 5421 acciderint,
837 5365 1149 5426 quantaque
1180 5357 1321 5412 mala
1351 5366 1619 5413 veterator
1649 5374 1712 5413 ac
1742 5359 1912 5414 hostis
1939 5376 2068 5414 san~

490 5463 703 5505 ctorum
741 5449 978 5503 virorum
1019 5448 1281 5506 adversus
1317 5450 1568 5504 latentem
1602 5451 1655 5504 in
1692 5451 1783 5508 illo
1814 5453 1971 5505 tidem
2004 5467 2067 5507 ac

491 5540 768 5606 virtutem,
803 5556 896 5610 per
927 5556 1056 5595 suos
1081 5541 1452 5605 administros,
1491 5542 1695 5596 malitia
1727 5557 1822 5596 sua
1857 5542 2065 5596 machi-

490 5643 653 5688 natus
668 5635 756 5686 sit.
781 5634 850 5686 At
875 5649 1003 5688 vero
1027 5648 1149 5688 cum
1173 5633 1466 5704 intelligam
1491 5649 1574 5687 me
1591 5634 1863 5703 sigillatim
1880 5636 2062 5690 omnia

489 5737 810 5788 percensere
849 5739 956 5778 non
1006 5740 1184 5794 posse,
1229 5726 1498 5792 rebusque
1537 5727 1702 5780 tantis
1730 5742 1910 5795 parem
1952 5744 2060 5781 nou

491 5807 628 5872 fore,
643 5809 888 5865 oratione
905 5814 970 5866 ad
997 5831 1080 5869 res
1102 5817 1400 5885 praecipuas
1420 5817 1750 5872 enarrandas
1772 5833 2058 5883 conversa,

2173 4777 2403 4842 δίκαιον,
2431 4776 2620 4847 ὥσπερ
2654 4777 2713 4830 ἐν
2743 4775 3089 4846 χωνευτηρίῳ
3121 4775 3346 4846 χρυσὸν,
3399 4774 3494 4828 καὶ
3521 4776 3641 4837 τοῖς
3677 4777 3780 4828 οὐ-

2177 4867 2382 4939 ρανίοις
2433 4867 2797 4938 ταμιευθῆναι
2850 4867 3161 4937 βασιλείοις,
3224 4866 3632 4935 ἀποποιηθῆναι
3685 4866 3775 4930 δὲ,

2172 4960 2422 5032 καθάπερ
2455 4962 2719 5031 σκωρίαν,
2766 4961 2890 5013 ὅσον
2941 4959 3199 5028 ἀδόκιμον
3234 4958 3330 5010 καὶ
3380 4958 3600 5023 ἀνάξιον
3664 4960 3779 5028 τῆς

2176 5052 2452 5123 βασιλείας
2477 5053 2572 5106 τοῦ
2606 5051 2763 5106 Θεοῦ.
2821 5053 2964 5122 Πρὸς
2994 5050 3086 5104 οὖν
3116 5049 3288 5104 ταῦτα
3318 5051 3418 5103 οὐκ
3448 5047 3605 5120 οἶμαί
3638 5069 3779 5104 τινα

2169 5144 2277 5198 τῶν
2311 5143 2680 5198 εὐσεϐούντων
2712 5144 2982 5214 ἀντερεῖν.

2242 5277 2469 5345 Ἷδωμεν
2505 5275 2562 5328 δὲ
2592 5275 2684 5328 καὶ
2714 5275 2781 5328 τὰ
2812 5274 2952 5329 κατᾶ
2981 5274 3072 5328 τὸν
3114 5272 3258 5343 ἱερὸν
3313 5271 3577 5339 Ἰγνάτιον
3611 5289 3778 5342 παρ-

2167 5366 2592 5437 ηκολουθηκότα,
2621 5366 2716 5420 καὶ
2747 5367 2845 5419 ὅσα
2873 5366 3015 5418 κατά
3043 5367 3141 5436 τῆς
3170 5365 3227 5417 ὲν
3255 5363 3405 5432 αὐτῷ
3432 5364 3778 5431 κεκρυμμέ-

2167 5473 2263 5528 νης
2292 5456 2546 5525 ἀληθείας
2579 5456 2672 5509 καὶ
2705 5455 2907 5526 ἀρετῆς
2948 5456 2976 5506 ὁ
3035 5453 3142 5507 τῶν
3191 5451 3361 5520 ἁγίων
3405 5450 3600 5523 ἐχθρὸς
3662 5453 3779 5506 καὶ

2171 5545 2453 5607 ἐπίϐουλος
2498 5545 2585 5597 διὰ
2613 5545 2721 5597 τῶν
2752 5543 3208 5615 ὑπηρετουμένων
3260 5541 3425 5595 αὐτοῦ
3461 5544 3524 5611 τῇ
3585 5543 3781 5613 κακίᾳ,

2171 5637 2549 5706 κατεπράξατο
2573 5653 2588 5668 ο
2618 5636 2752 5689 ἀλλὰ
2779 5637 2954 5688 πάντα
2980 5635 3076 5705 μὲν
3105 5633 3243 5688 κατά
3280 5633 3447 5704 μέρος
3481 5631 3782 5696 ἐπεξιέναι

2171 5731 2451 5798 ἀμήχανον
2509 5728 2684 5794 είδὼς,
2737 5729 2832 5781 καὶ
2878 5732 3125 5796 κρεῖττον
3177 5727 3354 5795 ἣκατ’
3410 5728 3564 5796 ἰσχὺν
3593 5725 3777 5796 ἐμὴν,

2169 5827 2277 5883 τοῖς
2331 5821 2680 5890 κυριωτέροις
2708 5820 2764 5873 δὲ
2799 5821 2888 5874 τὶν
2919 5819 3075 5887 λόγον
3111 5818 3386 5885 ἐπαφιεὶς,
3423 5817 3777 5887 πειράσομαι
