4022 6404
239 415 347 479 509

1287 426 1463 486 VITA
1502 428 1562 488 S.
1607 428 1905 492 iGNATII
1943 433 2052 494 GP.
2079 434 2428 497 ARCHIEP.

3375 448 3491 513 5Ῑο

227 524 354 580 καθ’
379 525 504 579 ὅσον
539 523 649 580 οἶόν
683 544 743 581 τε
775 529 1049 599 πανταχοῦ
1090 531 1188 599 τῆς
1221 535 1483 602 ἀληθείας
1511 556 1799 612 πεφροντι.

1915 544 2113 599 nudam
2139 549 2215 600 rei
2245 547 2525 603 veritatem
2545 548 2744 621 ubique
2764 551 3008 609 studiose
3023 564 3365 627 persecutus,
3381 575 3487 631 pro

226 614 338 682 κὼς
365 617 533 689 μηδὲν
556 619 665 672 τῶν
684 617 849 684 ἀξίων
874 622 1097 694 μνήμης
1124 627 1477 698 παραλιπεῖν.

306 789 526 860 Ἐπειδὴ
564 790 745 845 τοίνυν
772 794 825 846 oi.
869 795 1020 866 παρά
1055 797 1149 851 τοῦ
1189 797 1455 869 βασιλέως
1494 802 1616 857 τότε
1641 805 1813 862 πολλὰ

231 882 609 970 ⁸ιξειράσαντες,
650 883 735 959 ’τὸ
772 883 909 954 πρὸς
969 890 1317 958 παρανομίαν
1367 893 1649 964 ἐνδόσιμον
1710 898 1811 970 οὐχ

194 1038 197 1039 ν
226 965 327 1023 οἷοί
362 987 421 1023 τε
454 971 805 1040 ἐγεγόνεισαν
836 976 987 1046 παρὰ
1022 977 1117 1031 τοῦ
1157 979 1420 1048 ἰγνατίου
1450 982 1658 1047 λαϐεῖν,
1683 965 1809 1054 γενξ

224 1062 399 1127 ναίαις
433 1062 720 1118 ἑνστάσεσι
746 1068 1196 1136 παραιτήσασθαι
1230 1071 1306 1143 μὴ
1345 1075 1806 1147 καταδεξαμένου,

223 1156 358 1225 παρ’
386 1154 596 1208 ἑαυτῶν
622 1155 815 1211 ἔλαϐον
851 1159 1012 1213 τοῦτο
1050 1162 1236 1216 λοιπόν
1261 1181 1276 1195 ·
1310 1165 1404 1219 καὶ
1428 1167 1654 1224 πλεῖστα
1684 1172 1807 1226 καθ’

226 1246 450 1310 ἑαυτοὺς
482 1248 904 1320 συσκεψάμενοι,
935 1253 1033 1305 καὶ
1060 1255 1241 1308 πᾶσαν
1289 1261 1642 1331 κεκινηκότες
1678 1261 1808 1332 βου-

223 1335 345 1407 λὴν,
382 1336 588 1392 Φώτιον
621 1342 1116 1413 πρωτοσπαθάριόν
1162 1363 1222 1399 τε
1254 1346 1384 1402 ὄντα
1436 1351 1532 1403 καὶ
1591 1369 1810 1423 πρωτο-

221 1429 545 1500 ασηκρῆτιν,
566 1431 645 1495 είς
660 1431 922 1502 ἀρχιερέα
939 1437 1038 1502 τῆς
1062 1435 1330 1506 βασιλίδος
1346 1442 1803 1511 προχειρίξονται.

216 1516 327 1574 Ἦν
350 1521 405 1574 δὲ
431 1515 586 1585 οὗτος
607 1525 635 1576 ό
662 1524 866 1589 Φώτιος
893 1528 955 1579 οὐ
993 1528 1101 1580 τῶν
1126 1528 1367 1596 ἀγεννῶν
1396 1549 1454 1585 τε
1477 1533 1572 1586 καὶ
1598 1536 1809 1589 ἀνωνύ-

222 1627 357 1681 μων,
380 1612 519 1666 ἀλλά
544 1613 640 1667 καὶ
662 1615 770 1668 τῶν
799 1616 1037 1685 εὐγενῶν
1063 1620 1203 1673 κατά
1226 1623 1427 1693 σάρκα,
1447 1625 1542 1678 καὶ
1571 1643 1807 1697 περιφα-

219 1705 344 1773 νῶν,
380 1707 547 1779 σοφίᾳ
571 1725 631 1761 τε
669 1713 907 1782 κοσμικῇ
940 1713 1034 1765 καὶ
1083 1714 1296 1768 συνέσει
1332 1716 1441 1770 τῶν
1464 1719 1521 1772 ἐν
1553 1721 1620 1790 τῇ
1653 1720 1806 1773 πολι-

217 1800 338 1871 τεία
365 1801 752 1872 στρεφομένων
800 1803 1234 1876 εὐδοκιμώτατος
1259 1809 1479 1863 πάντων
1501 1811 1803 1882 ἐνομίζετο.

1912 651 2031 691 mea
2063 637 2202 692 virili
2236 640 2464 705 curabo,
2493 641 2569 695 uti
2598 657 2667 697 ne
2697 643 2831 712 quid
2866 659 3048 700 rerum
3080 663 3201 718 qua
3229 651 3340 706 sint
3372 667 3489 707 me-

1911 727 2083 782 moria
2117 728 2310 797 digna,
2340 732 2772 799 pratermittam.

1980 814 2277 886 Postquam
2300 819 2464 890 igitur
2492 822 2799 879 administri
2827 825 2984 895 regii,
3008 841 3150 896 sape
3182 835 3387 885 tentata
3405 847 3486 898 re,

1909 921 2017 961 non
2048 918 2344 978 potuerunt
2372 911 2591 969 ﬂectere
2631 912 2898 984 lgnatium
2928 917 2996 971 ad
3026 917 3079 972 id
3110 919 3252 986 quod
3302 920 3489 990 inique

1909 998 2183 1066 petebant,
2211 1016 2364 1055 suam
2391 1000 2483 1056 illo
2512 1001 2830 1073 dignitatem
2848 1004 3059 1063 fortiter
3083 1018 3136 1063 et
3164 1018 3486 1065 constanter

1911 1098 2117 1159 tuente,
2148 1107 2178 1146 a
2209 1107 2270 1148 se
2311 1093 2414 1163 ipsi
2453 1096 2741 1150 consilium
2781 1097 2848 1152 de
2885 1107 3087 1155 catero
3125 1100 3434 1169 petiverunt
3468 1118 3486 1167 ;

1911 1181 2188 1252 rebusque
2211 1183 2352 1239 inter
2381 1198 2441 1240 se
2466 1184 2556 1241 diu
2584 1186 2821 1256 agitatis,
2843 1203 3170 1258 omnemque
3197 1189 3249 1244 in
3279 1201 3486 1258 partem

1907 1274 2141 1329 versatis
2163 1313 2180 1338 ,
2218 1275 2435 1331 tandem
2471 1274 2723 1332 Pbotium
2756 1280 3255 1348 protospatbarium
3287 1289 3343 1337 et
3372 1280 3490 1351 pri-

1906 1379 2057 1420 mum
2080 1381 2111 1420 a
2134 1366 2380 1433 secretis,
2403 1369 2767 1437 patriarcham
2795 1370 2947 1425 urbis
2964 1371 3125 1439 regia
3146 1370 3436 1441 designant
3468 1389 3485 1437 ;

1906 1453 2183 1510 hominem
2214 1470 2349 1512 sane
2376 1455 2599 1512 minime
2634 1457 2926 1513 obscurum
2956 1466 3009 1512 et
3039 1458 3349 1529 ignobilem,
3389 1460 3487 1515 sed

1906 1543 2070 1600 claris
2108 1554 2163 1599 et
2190 1545 2497 1603 illustribus
2528 1546 2825 1602 oriundum
2865 1548 3159 1614 natalibus,
3191 1564 3487 1619 rerumque

1906 1635 2147 1691 civilium
2164 1646 2220 1691 et
2241 1637 2587 1707 politicarum
2612 1655 2738 1704 usu,
2766 1639 3161 1709 prudentiaque
3185 1649 3239 1695 et
3258 1641 3485 1696 scientia

1906 1727 2293 1783 clarissimum.
2321 1728 2703 1784 Grammatica
2728 1730 2872 1785 enim
2902 1730 3243 1794 litteratura,
3280 1741 3335 1788 et
3355 1747 3482 1788 car-

1907 1817 2072 1874 minis
2112 1819 2404 1889 pangendi,
2438 1820 2762 1890 dicendique
2808 1821 2997 1887 laude,
3036 1824 3168 1892 quin
3210 1833 3265 1878 ct
3303 1823 3485 1892 philo-

214 1890 619 1963 Ppappattxﬁ;
655 1894 755 1961 μὲν
807 1896 919 1967 γὰρ
970 1873 1063 1950 καὶ
1094 1899 1389 1969 ποιήσεως,
1423 1873 1719 1973 ῥητορικής
1741 1923 1799 1959 τε

1907 1873 2131 1978 sophia‘
2153 1917 2208 1963 et
2224 1873 2527 1965 “medicina
2547 1950 2562 1977 ,
2594 1919 2645 1966 et
2666 1873 2931 1965 ‘omnium
2973 1873 3139 1981 prope
3177 1873 3484 1966 liberralium

214 1982 311 2036 καὶ
339 1983 680 2053 φιλοσοφίας,
713 1984 802 2038 να¹ι
831 1985 896 2055 δὴ
926 1986 1020 2039 καὶ
1062 1988 1335 2059 ἰατρικῆς,
1362 1992 1457 2044 καὶ
1481 1992 1665 2063 πάσης
1691 1994 1811 2047 ὀλία

214 2090 316 2140 γου
342 2074 453 2127 δεῖν
500 2076 811 2146 ἐπιστήμης
844 2077 953 2131 τῶν
988 2077 1222 2149 θύραθεν
1261 2084 1514 2139 τοσοῦτον
1545 2084 1696 2155 αὐτῷ
1743 2087 1805 2141 τὸ

219 2163 433 2230 περιδν,
458 2163 531 2227 ὡς
565 2164 637 2235 μὴ
660 2167 819 2234 μόνον
848 2167 1035 2237 σχεδὸν
1058 2169 1221 2239 φάναι
1254 2172 1364 2225 τῶν
1400 2175 1540 2230 κατὰ
1569 2174 1666 2247 τὴν
1696 2176 1799 2230 αὐ-

226 2257 321 2309 τοῦ
348 2259 540 2324 γενεὰν
567 2261 773 2315 πάντων
795 2262 1113 2331 διενεγκεῖν,
1154 2265 1254 2337 ἤδη
1281 2267 1338 2320 δὲ
1378 2268 1472 2322 καὶ
1510 2268 1646 2341 πρὸς
1676 2271 1803 2332 τοὺς

230 2346 492 2411 παλαιοὺς
510 2350 663 2404 αὑτὸν
685 2351 1093 2423 διαμιλλᾶσθαι.
1130 2356 1315 2412 Πάντα
1340 2358 1450 2430 γὰρ
1477 2360 1802 2431 συνέτρεχεν

221 2438 308 2491 ἐπ’
336 2440 509 2511 αὐτῷ,
536 2443 567 2510 ή
599 2443 972 2518 ἐπιτηδειότης
1011 2449 1113 2518 τῆς
1162 2448 1233 2517 φῦ
1246 2467 1397 2512 σεως,
1449 2451 1482 2522 ἠ
1518 2451 1743 2523 σπουδὴ,
1773 2453 1802 2506 ό

216 2531 466 2597 πλοῦτος,
487 2533 556 2587 δι’
571 2533 630 2587 ὃν
646 2537 739 2588 καὶ
762 2536 941 2606 βίόλος
965 2538 1052 2592 ἐπ’
1070 2541 1232 2593 αὐτὸν
1257 2540 1406 2613 ἕρῤει
1436 2544 1588 2596 πᾶσα
1606 2560 1620 2574 ⁸
1642 2543 1804 2597 πλέον

211 2622 266 2676 δὲ
294 2625 515 2678 πάντων
544 2628 572 2679 ὁ
599 2627 694 2699 τῆς
727 2627 884 2700 δόξης
918 2629 1080 2701 ἔρως,
1108 2632 1175 2685 δι’
1203 2631 1261 2684 ὃν
1300 2632 1450 2703 αὒτῷ
1484 2635 1580 2689 καὶ
1607 2635 1801 2701 νύκτες

207 2714 405 2769 ἄῦπνοι
459 2718 589 2788 περὶ
628 2718 728 2789 τὴν
785 2720 1093 2789 ἀνάγνωσιν
1149 2724 1406 2793 ἐμμελῶς
1462 2726 1801 2797 ὲσχολακότι.

219 2804 374 2859 Ἐπεὶ
405 2806 464 2860 δὲ
495 2809 590 2861 καὶ
620 2809 756 2880 πρὸς
778 2812 876 2882 τὴν
892 2812 1216 2883 Ἐκκλησίαν
1247 2815 1435 2884 αὐτὴν,
1461 2816 1537 2879 ὡς
1565 2817 1639 2886 μὴ
1662 2815 1805 2884 ὠφε-

203 2893 320 2960 λεν,
348 2897 691 2953 ἐπεισελθεῖν
723 2898 857 2964 ἔδει,
890 2904 984 2954 καὶ¹
1017 2902 1126 2955 τῶν
1155 2901 1245 2956 διὰ
1269 2902 1427 2957 τοῦτο
1455 2903 1673 2975 βιϐλίων
1701 2907 1803 2976 τῆς

200 2988 571 3056 ἀναγνώσεως
596 2990 660 3043 οὗ
687 2992 827 3045 κατὰ
850 2992 1130 3064 πάρεργον
1161 2995 1478 3065 ἐπεμελήθη
1502 3013 1516 3026 ο
1546 2998 1801 3069 ἀγνόημα

197 3080 261 3134 δὲ
283 3081 576 3152 ἠγνόησεν,
611 3081 679 3137 ἵν’
706 3083 845 3136 εἴπω
873 3083 1223 3153 θεολογικῶς,
1254 3085 1459 3157 σφόδρα
1489 3087 1585 3158 τῆς
1635 3088 1800 3142 αὐτοῦ

1905 1999 2317 2069 disciplinarum
2380 2008 2732 2056 externarum
2806 2001 2991 2055 studio
3067 1999 3487 2070 cognitioneque

1905 2098 2188 2159 tantopere
2220 2090 2465 2155 ﬂorebat,
2506 2099 2567 2146 ut
2601 2090 2703 2146 avi
2731 2090 2815 2147 sui
2845 2089 3005 2145 facile
3034 2089 3286 2160 princeps
3315 2089 3486 2143 habe-

1904 2189 2076 2246 retur,
2122 2179 2235 2236 imo
2284 2188 2340 2236 et
2380 2196 2505 2237 cum
2558 2181 2833 2237 veteribus
2866 2181 2979 2253 jam
3020 2190 3230 2237 certare
3277 2190 3482 2251 posset.

1904 2269 2095 2325 Omnia
2120 2272 2319 2341 quippe
2348 2272 2402 2327 in
2433 2272 2952 2339 illoconcurrerant,
2976 2272 3221 2342 aptitudo
3233 2272 3482 2341 quadam

1903 2367 1957 2413 et
1987 2367 2195 2414 natura
2221 2359 2302 2416 vis
2322 2374 2386 2414 ac
2416 2358 2672 2422 felicitas,
2698 2360 2963 2427 studium,
2989 2360 3360 2429 opes,quibus
3377 2359 3482 2415 sibi

1903 2449 2167 2506 librorum
2210 2451 2457 2508 omnium
2502 2452 2796 2508 maximam
2836 2452 3049 2522 copiam
3088 2451 3483 2520 comparabat:

1902 2550 1978 2605 et,
2008 2543 2154 2611 quod
2187 2558 2299 2612 pra
2325 2543 2560 2609 cunctis,
2601 2543 2787 2614 gloria
2813 2542 3103 2612 laudisque
3127 2542 3348 2612 cupido,
3377 2556 3483 2610 qua

1903 2632 2163 2689 incensus
2209 2642 2352 2692 totas
2395 2644 2603 2698 noctes,
2638 2644 2695 2689 ut
2725 2635 2943 2690 lectioni
2984 2634 3205 2691 assidue
3242 2641 3478 2699 vacaret,

1903 2722 2137 2778 ducebat
2187 2724 2486 2781 insomnes.
2554 2726 2825 2793 Quoniam
2875 2740 3006 2781 vero
3058 2740 3275 2781 sacrum
3319 2726 3483 2780 etiam

1903 2813 2072 2882 (quod
2112 2815 2319 2871 utinam
2369 2832 2645 2887 nunquam
2685 2816 2898 2888 fuisset)
2930 2816 3185 2871 thronum
3226 2813 3486 2870 Ecclesia

1902 2920 2306 2963 conscensurus
2358 2916 2496 2973 erat,
2542 2923 2699 2964 sacra
2747 2922 2965 2978 quoque
3008 2914 3062 2960 et
3115 2903 3483 2960 ecclesiastica

1901 2996 2179 3052 volumina
2225 2999 2470 3055 studiose
2500 3000 2668 3069 capit
2699 2998 2965 3053 lectitare.
2992 2994 3193 3051 Verum
3218 3003 3277 3049 ut
3305 2994 3482 3047 Theo-

1900 3088 2006 3158 logi
2050 3088 2378 3145 Nazianzeni
2418 3093 2522 3146 ritu
2572 3092 2765 3161 loquar
2808 3091 2907 3159 (4),
2941 3088 3086 3158 quod
3132 3101 3264 3143 sane
3310 3086 3481 3154 ipsius

196 3173 404 3241 σοφίας
429 3174 668 3239 ἀνάξιον.
707 3174 780 3227 Οὐ
808 3175 917 3245 γὰρ
946 3176 1182 3248 ἠθέλησε
1214 3180 1503 3250 προσέχειν
1534 3180 1624 3233 τὸν
1653 3180 1798 3247 νοῦν,

1911 3180 2178 3250 sapientia
2231 3180 2511 3252 indignum
2562 3180 2698 3246 fuit,
2744 3180 3137 3250 ignorationem
3188 3174 3479 3248 ignoravit.

191 3264 288 3317 ὅτι
343 3266 420 3319 El
454 3284 544 3332 τις
596 3265 757 3321 θέλει
804 3268 996 3337 σοφὸς
1042 3269 1320 3339 γενέσθαι
1377 3272 1448 3325 ἐν
1494 3268 1573 3339 τῷ
1631 3271 1799 3328 αἰῶνι

187 3358 420 3423 τούτῳ,
445 3359 644 3427 μωρὸς
677 3364 961 3429 γενέσθω,
993 3361 1094 3415 ἵνα
1143 3366 1385 3432 γένηται
1424 3367 1635 3435 σοφός.
1664 3367 1798 3420 Οὐδὲ

183 3448 307 3519 τὴν
341 3449 463 3503 ὁδὸν
500 3450 675 3504 είλετο
719 3451 821 3522 τῆς
869 3454 1397 3526 ταπεινοφροσύνης,
1437 3455 1503 3510 δι’
1532 3452 1599 3528 ἧς
1637 3458 1666 3528 ἡ
1700 3475 1797 3528 με·

183 3541 351 3611 γάλη
392 3540 490 3595 τοῦ
545 3541 680 3595 Θεοῦ
714 3544 873 3614 χάρις
927 3546 1021 3598 καὶ
1048 3546 1081 3614 ἡ
1119 3545 1326 3616 ἀληθὴς
1384 3546 1545 3617 σοφία
1596 3548 1797 3602 δίδοται

178 3634 303 3689 καὶ
338 3633 697 3704 κατορθοῦται
721 3651 734 3664 ·
766 3635 884 3689 οῦδὲ
912 3636 1220 3707 στραφῆναι
1241 3637 1334 3690 καὶ
1361 3637 1613 3705 γενέσθαι
1642 3638 1717 3702 ὡς
1737 3640 1798 3692 τὸ

180 3725 426 3781 παιδίον
444 3726 531 3779 διὰ
564 3725 662 3798 τὴν
688 3726 781 3781 τοῦ
813 3727 950 3781 Θεοῦ
983 3726 1279 3798 βασιλείαν,
1315 3728 1390 3792 ὡς
1411 3729 1444 3800 ἡ
1467 3729 1561 3784 τοῦ
1590 3730 1795 3803 Κυρίου

174 3818 605 3890 διαμαρτυρία,
646 3819 973 3887 κατεδέξατο
993 3835 1007 3847 ⁶
1033 3819 1149 3873 ἀλλ’
1177 3819 1299 3873 οὐδὲ
1338 3820 1544 3890 σκάψαι
1573 3821 1670 3893 τὴν
1698 3824 1794 3876 αὑ-

173 3906 290 3963 τοῦ
336 3906 543 3979 ψυχὴν;
578 3909 674 3962 καὶ
696 3908 922 3981 βαθῦναι
952 3909 1052 3981 τὴν
1070 3910 1311 3964 διάνοιαν
1340 3909 1431 3964 διὰ
1452 3913 1637 3983 πάσης
1662 3913 1794 3967 ὑπο-

170 4003 402 4071 ταγῆς,
452 4000 595 4056 κατὰ
654 4000 879 4072 Κύριον,
933 4003 1024 4055 καὶ
1077 4002 1407 4073 ἀτιμοτέρας
1442 4004 1667 4075 ἀγωγῆς
1701 4006 1795 4062 καὶ

170 4091 651 4160 ταπεινόφρονος,
669 4093 764 4147 καὶ
789 4091 858 4145 δι’
880 4092 1148 4156 ἀπαθείας
1163 4090 1306 4146 οὓτω
1330 4095 1394 4164 τῇ
1421 4095 1597 4167 πέτρᾳ
1623 4113 1796 4167 προσ·
1832 4146 1837 4151 ,

170 4182 427 4252 εγγίσαι
475 4182 717 4254 Χριστῷ,
746 4184 863 4238 τκαὶ
889 4182 978 4237 ἐπ’
1014 4182 1164 4253 αὐτῴ
1197 4182 1368 4237 θεῖναι
1421 4185 1669 4255 θεμέλιον
1701 4188 1795 4241 πί-

172 4294 378 4338 στεως
408 4276 655 4346 ἀρραγῆ,
712 4276 806 4329 καὶ
838 4276 905 4329 δι’
929 4276 1152 4345 ἀγαθῶν
1194 4276 1449 4346 πράξεων
1504 4278 1644 4333 οὕτω
1695 4280 1793 4349 τῆς

171 4367 401 4437 σοφίας
428 4365 537 4439 [Ζσ.
586 4368 669 4437 τῇ
686 4365 872 4439 σοφίᾳ]
917 4367 1110 4420 ἑαυτὸν
1159 4368 1464 4439 οἰκοδομεῖν
1487 4386 1501 4401 ο
1532 4369 1594 4423 οὐ
1620 4369 1794 4425 ταῦτα

167 4457 549 4527 διανενόηται
570 4459 598 4510 ό
633 4459 797 4527 σοφός
821 4475 835 4488 ·
864 4456 1061 4512 πολλοῦ
1099 4476 1162 4528 γε
1188 4459 1298 4513 δεῖν
1318 4475 1332 4490 ο
1373 4461 1468 4514 καὶ
1495 4461 1647 4515 οὐδὲν
1669 4464 1791 4517 τού-

1906 3267 2092 3324 Noluit
2127 3269 2273 3325 enim
2315 3271 2769 3335 animadvertere,
2799 3270 3082 3340 quoniam,
3141 3267 3203 3323 Si
3230 3267 3348 3336 quis
3372 3266 3483 3319 vult

1905 3363 2112 3428 sapiens
2152 3361 2269 3432 ﬁeri
2307 3362 2362 3417 in
2399 3363 2497 3417 hoc
2544 3363 2760 3427 mundo,
2797 3362 2993 3416 stultus
3045 3361 3136 3425 sit,
3181 3368 3239 3413 ut
3271 3359 3483 3426 sapiens

1908 3454 2004 3523 ﬁat
2030 3455 2071 3510 ³.
2098 3452 2284 3525 Neque
2306 3456 2449 3511 viam
2476 3455 2754 3510 modestia
2789 3462 2843 3511 et
2866 3452 3250 3510 submissionis
3273 3451 3483 3521 ingres-

1905 3560 1999 3601 sus
2036 3554 2140 3612 est,
2192 3562 2300 3617 qua
2334 3547 2401 3603 ad
2452 3547 2729 3603 caelestem
2775 3546 3008 3617 gratiam
3056 3540 3352 3613 veramque
3388 3557 3480 3596 sa-

1904 3637 2162 3706 pientiam
2196 3639 2558 3709 pervenitur:
2602 3654 2781 3709 neque
2826 3637 3075 3708 deposito
3118 3635 3261 3691 fastu
3310 3635 3484 3689 voluit

1903 3727 2170 3794 converti,
2210 3739 2264 3786 et
2299 3731 2415 3786 fieri
2443 3740 2503 3786 ut
2530 3731 2812 3801 parvulus,
2849 3738 3070 3800 propter
3102 3743 3330 3799 regnum
3359 3727 3478 3793 Dei,

1897 3817 2050 3889 juxta
2079 3818 2293 3877 Domini
2323 3836 2508 3877 vocem
2535 3839 2550 3876 :
2584 3836 2759 3891 neque
2786 3823 3023 3875 animam
3053 3833 3208 3875 suam
3238 3827 3292 3873 et
3323 3833 3483 3872 men-

1905 3917 2011 3964 tem
2038 3909 2203 3966 altius
2242 3909 2428 3966 fodere
2457 3918 2514 3965 et
2541 3909 2690 3966 omni
2719 3908 3058 3978 subiectione
3087 3907 3389 3972 demittere,
3422 3913 3482 3959 ut

1896 3999 2053 4071 jubet
2078 3999 2360 4065 Dominus,
2391 4017 2486 4071 per
2517 4000 2865 4071 abjectiorem
2905 3999 3360 4067 humilioremque
3385 4013 3478 4053 se-

1901 4092 2140 4157 mitam;
2194 4101 2358 4162 atque
2406 4092 2482 4148 ita
2526 4106 2623 4162 per
2664 4090 2955 4146 affectuum
3003 4088 3479 4144 mortiﬁcationem

1901 4192 2067 4253 petrae
2096 4182 2317 4240 Christo
2349 4184 2633 4256 conjungi,
2674 4191 2731 4240 et
2764 4198 2926 4252 super
2955 4182 3135 4253 ipsum
3183 4180 3479 4244 inconcus-

1899 4286 2021 4326 sum
2069 4271 2192 4326 fidei
2242 4271 2659 4327 fundamentum
2700 4286 2926 4342 ponere,
2975 4279 3030 4325 et
3073 4270 3179 4340 piis
3217 4269 3483 4338 operibus

1899 4363 2140 4433 seipsum
2196 4363 2533 4419 domicilium
2585 4364 2867 4433 sapientia
2924 4363 3275 4418 constituere.
3328 4360 3479 4417 Nihil

1900 4454 2096 4510 borum
2122 4455 2250 4511 huic
2273 4457 2425 4510 venit
2446 4455 2499 4509 in
2529 4466 2787 4519 mentem,
2816 4455 2923 4511 alia
2951 4454 3134 4511 omnia
3163 4453 3436 4523 cogitabat
3461 4471 3477 4508 :

171 4566 319 4604 των
365 4548 457 4601 ἐπὶ
501 4549 623 4605 νοῦν
650 4545 814 4621 ἦλθεν
846 4549 1019 4621 αὐτῷ,
1061 4550 1178 4604 ἀλλ’
1215 4552 1308 4606 ἐπὶ
1340 4550 1525 4623 σαθρῷ
1557 4552 1790 4623 θεμελίῳ

1902 4546 2073 4620 fragili
2103 4558 2157 4604 et
2186 4563 2442 4615 areuoso,
2479 4564 2635 4605 vana
2666 4546 3016 4619 profanaque
3037 4546 3322 4617 sapientia
3348 4545 3481 4600 fun-

174 4640 304 4695 xa‘t
335 4641 603 4712 ἀμμώδει,
655 4645 721 4714 τῇ
780 4646 1020 4714 κοσμικῇ
1054 4644 1239 4714 σοφίᾳ,
1269 4643 1366 4698 καὶ
1414 4646 1479 4715 τῇ
1505 4644 1792 4718 ἀλαζονείᾳ

159 4731 297 4787 τοῦ
320 4731 399 4805 μὴ
424 4732 565 4788 κατά
597 4733 833 4805 Χριστὸν
869 4733 1303 4807 πεπαιδευμένου
1333 4735 1493 4804 λόγου
1526 4735 1623 4806 τὴν
1663 4737 1791 4793 satu-

154 4825 291 4883 τοῦ
346 4826 581 4898 καρδίαν
633 4826 894 4898 στηρίξας
936 4829 1029 4881 καὶ⁸
1057 4827 1149 4880 τὸν
1187 4826 1332 4891 νοῦν,
1358 4829 1585 4893 καὶτοῖς
1615 4830 1793 4893 κενοῖς

148 4916 307 4972 τῶν
359 4916 668 4986 ἀνθρώπων
724 4918 972 4981 ἐπαίνοις
1021 4918 1116 4972 καὶ
1148 4917 1366 4988 κρότοις
1404 4917 1787 4990 φυσιοῷμενος,

146 5008 290 5067 καὶ
320 5008 418 5062 ἐπὶ
453 5008 590 5062 πολὺ
625 5011 691 5081 τῇ
712 5009 991 5080 κενοδοξία
1021 5009 1506 5081 μετεωριζόμενος,
1524 5009 1592 5064 δι’
1618 5010 1789 5080 αὐτῆς

134 5105 242 5174 τῇ
279 5100 462 5171 ἐχθρᾷ
491 5100 586 5153 τοῦ
611 5100 747 5153 Θεοῦ
778 5100 1129 5174 ὑπερηφανίᾳ
1154 5100 1555 5172 προσεπέλασε,
1609 5101 1679 5155 δι’
1720 5097 1789 5175 ἧς

138 5192 550 5264 κακουργίαν
585 5209 645 5245 τε
676 5194 857 5245 πᾶσαν
908 5193 1002 5246 καὶ¹
1036 5194 1218 5246 πᾶσαν
1247 5191 1557 5259 σκανδάλων
1593 5191 1788 5245 ὑπόθε-

129 5305 272 5345 σιν
315 5286 789 5356 μυσταγωγεῖται.
823 5283 989 5339 Ὅθεν
1045 5284 1306 5354 ἀδόκιμον
1353 5281 1520 5338 αὐτοῦ
1551 5284 1650 5355 τὴν
1687 5285 1789 5355 τῆς

127 5380 519 5454 ἱερουργίας
540 5378 981 5446 καταὸαλόμενος
1011 5376 1205 5450 ἀρχὴν,
1239 5376 1531 5431 ἀκόλουθον
1570 5376 1694 5447 ἔσχε
1722 5380 1789 5447 τῇ

119 5474 342 5549 ἀρχῇ
395 5472 457 5525 τὸ
509 5471 690 5537 τέλος.
725 5472 800 5525 Οὐ
839 5471 948 5544 γάρ
993 5470 1352 5544 παρῃτήσατο
1377 5469 1477 5540 τὴν
1530 5468 1608 5535 ὡς
1641 5469 1790 5542 παρά

237 5651 277 5684 ³
318 5647 340 5702 1
373 5647 505 5705 Cor.
534 5662 617 5715 ut,
652 5646 738 5702 18.

230 5826 267 5898 (
286 5823 344 5892 Ξ)
367 5823 582 5891 Potius,
617 5834 675 5878 ut
705 5839 858 5880 more
882 5824 1075 5893 loquar
1099 5822 1362 5894 Sriptura
1384 5835 1572 5879 sacra.
1600 5818 1775 5899 Hann.

1899 4641 2154 4695 damento
2177 4650 2232 4696 et
2258 4640 2579 4706 insolentia,
2608 4656 2715 4696 non
2743 4639 3043 4696 secundum
3082 4637 3359 4693 Christum
3383 4637 3482 4692 do-

1898 4734 2087 4789 ctrina
2139 4748 2233 4790 cor
2273 4748 2435 4788 suum
2500 4741 2844 4801 mentemque
2898 4729 3267 4795 confirmans,
3321 4728 3479 4784 vanis

1898 4823 2182 4880 hominum
2220 4823 2475 4881 laudibus
2506 4831 2561 4878 et
2598 4823 2881 4893 plausibus
2922 4819 3163 4887 inﬂatus,
3191 4820 3477 4888 elatusque

1895 4914 2044 4969 inani
2099 4915 2296 4988 gloria,
2342 4930 2438 4988 per
2476 4915 2649 4985 ipsam
2698 4914 2934 4970 inimica
2966 4912 3077 4969 Deo
3118 4910 3387 4983 superbia
3417 4925 3479 4966 se

1893 5007 2183 5077 conjunxit
2240 5026 2256 5063 :
2310 5024 2377 5064 ex
2417 5022 2526 5078 quo
2568 5006 2749 5063 omnis
2788 5005 3081 5075 impietatis
3122 5004 3479 5073 omniumque

1894 5099 2257 5169 offensionum
2298 5100 2577 5156 materiem
2625 5100 2850 5156 edoctus
2883 5105 2988 5155 est.
3028 5097 3171 5170 Ergo
3196 5097 3355 5168 jactis
3387 5112 3481 5152 sa-

1895 5193 2122 5249 cerdotii
2183 5195 2266 5251 sui
2325 5192 2702 5263 improbandis
2763 5190 3169 5258 fundamentis,
3225 5199 3474 5246 extrema

1895 5284 2068 5341 initiis
2097 5292 2464 5341 consentanea
2492 5286 2721 5344 sortitus
2754 5293 2856 5342 est.
2898 5281 3008 5343 Nec
3034 5284 3179 5341 enim
3215 5281 3473 5351 repudia—

1895 5378 1975 5431 vit
2022 5374 2319 5432 Ecclesiam
2343 5416 2360 5443 ,
2400 5385 2660 5446 tauquam
2697 5392 2727 5431 a
2767 5374 3012 5446 profanis
3062 5373 3473 5445 magistratibus

1896 5467 2125 5540 profane
2152 5478 2206 5525 et
2232 5468 2497 5539 sacrilege
2519 5469 2624 5525 sibi
2661 5469 3042 5527 demaattatam
3072 5484 3090 5537 ς
3121 5480 3293 5535 neque
3326 5464 3471 5518 velut
