4022 6402
513 473 612 536 511

1711 457 2010 520 ΝΙΟΕΤίΕ
2038 452 2569 516 PAPHLAGONIS

3691 448 3791 513 512

506 583 666 640 alteri
705 581 824 636 viro
856 587 1106 650 nuptam,
1136 577 1240 634 sibi
1278 590 1376 647 per
1407 571 1734 628 adulterium
1768 568 2092 640 desponderi

2217 562 2484 635 ιοσμικῶν
2516 562 2796 632 ἀρχόντων
2825 559 3085 630 ἀκόσμως
3115 557 3263 629 αὗτῷ
3292 559 3388 613 καὶ
3415 558 3678 628 ἀθέσμως
3704 562 3783 614 ὲν-

505 677 716 731 veritus
735 682 819 730 est
846 691 860 727 :
890 671 986 728 sed
1009 678 1202 727 contra
1233 669 1413 740 potius
1443 662 1897 727 exsultabnndus,
1933 661 2092 717 avide

508 771 964 842 impudenterque
1006 768 1060 822 in
1099 766 1246 820 illius
1274 762 1613 832 complexum
1653 759 1795 825 ruit,
1835 758 2094 812 alienam-

509 879 616 931 que
656 871 920 930 tanquam
971 858 1245 929 propriam
1297 857 1475 925 palam
1521 851 1834 921 arrogavit,
1885 865 2092 919 suaque

508 953 736 1008 infamia
774 961 829 1007 et
864 951 1126 1006 dedecore
1170 948 1528 1018 gloriabatur,
1565 953 1620 999 et
1669 943 1998 997 laudabatur
2036 941 2092 995 in

511 1047 800 1113 iniquitate
825 1058 923 1098 sua
952 1060 965 1107 ;
1001 1045 1250 1109 intraque
1280 1053 1370 1093 sex
1407 1052 1513 1092 non
1546 1036 1938 1105 ampliusdies.
1975 1048 2093 1087 ma-

511 1139 676 1192 nibus
713 1135 992 1190 hominum
1031 1133 1297 1195 initiatus,
1330 1129 1674 1199 concupitam
1711 1128 1969 1182 Ecclesia:
2005 1140 2096 1180 ca-

513 1227 758 1282 thedram
806 1225 1031 1279 invasit.
1082 1222 1319 1290 Eratque
1366 1235 1493 1274 vere
1534 1234 1790 1282 cernere,
1825 1226 1886 1271 ut
1923 1216 2096 1270 fertur

513 1321 730 1390 adagio,
755 1315 1179 1386 extemporalem
1206 1313 1588 1382 tictitiumque,
1617 1326 1711 1366 seu
1744 1319 2095 1380 personatum

511 1422 784 1467 sanctum.
814 1407 947 1462 Nam
986 1407 1162 1476 primo
1194 1405 1280 1460 die
1301 1405 1608 1460 monachus
1632 1419 1698 1458 ex
1731 1403 1892 1466 laico,
1925 1403 2098 1457 altero

510 1502 702 1566 lector,
729 1510 841 1554 tum
868 1499 1298 1570 hypodiaconus,
1329 1513 1393 1552 ac
1419 1496 1682 1550 diaconus
1707 1505 1757 1549 et
1773 1494 2055 1564 presbyter
2081 1513 2096 1549 :

510 1601 666 1648 sexto
691 1589 906 1656 deinde,
933 1589 1023 1659 qui
1062 1587 1166 1643 fuit
1190 1587 1392 1642 Christi
1424 1585 1641 1648 natalis,
1663 1595 1716 1639 et
1740 1585 1854 1654 ipse
1880 1598 2097 1639 sacrum

509 1681 888 1738 conscendens
915 1678 1174 1739 tribunal.
1201 1692 1389 1746 pacem
1418 1675 1638 1747 populo,
1663 1675 1800 1730 nihil
1825 1690 1948 1731 vera
1970 1688 2102 1744 pace

508 1769 736 1841 dignum
778 1768 1048 1838 cogitans,
1090 1765 1388 1821 nuntiavit.

583 2022 863 2079 Erathuic
888 2031 1077 2078 auctor
1099 2030 1154 2078 et
1182 2022 1429 2078 initiator
1455 2022 1507 2077 in
1528 2023 1783 2078 omnibus
1803 2023 2102 2094 Gregorius

512 2120 608 2176 ille
647 2130 1008 2191 cognomento
1034 2120 1288 2186 Asbesta,
1323 2134 1485 2190 quem
1521 2117 1932 2188 Syracusanum
1969 2115 2099 2169 olim

514 2213 823 2283 pontiﬁcem
874 2211 1044 2267 fuisse
1097 2213 1299 2278 terunt,
1351 2217 1468 2265 tum
1523 2206 1994 2277 Constantinopoli
2035 2205 2103 2260 de

515 2301 807 2356 maleﬁciis
840 2316 991 2356 reum
1023 2300 1248 2360 factum,
1280 2307 1334 2354 et
1359 2299 1470 2368 jam
1503 2297 1706 2362 Romae,
1734 2295 1881 2367 quod
1909 2303 2103 2350 contra

513 2393 662 2464 leges
692 2402 746 2447 et
792 2393 1105 2447 sanctiones
1145 2391 1550 2446 ecclesiasticas
1594 2397 1897 2459 peccasset,
1936 2401 2104 2441 exau-

512 2494 811 2542 ctoratum.
844 2481 1000 2536 Hunc
1028 2483 1286 2553 lgnatius,
1311 2496 1435 2536 cum
1462 2487 1606 2536 esset
1632 2478 1939 2549 patriarcha
1968 2491 2106 2532 con-

515 2574 842 2638 secrandus,
877 2588 944 2627 ne
979 2572 1276 2626 initiationi
1308 2585 1421 2627 suae
1458 2569 1766 2634 interesset,
1796 2567 2102 2633 admonuit,

515 2666 690 2723 donec
717 2681 813 2736 per
843 2665 1016 2719 otium
1045 2678 1211 2718 causa
1243 2662 1414 2731 ipsius
1438 2662 1724 2729 diligenter
1755 2673 2109 2730 cognoscere-

516 2763 631 2812 tur.
655 2755 809 2822 Quod
829 2755 1152 2826 patriarchae
1167 2754 1306 2808 inter
1323 2753 1475 2806 initia
1497 2751 1700 2807 factum
1719 2751 1892 2817 multi,
1912 2766 2110 2822 qnam-

515 2850 604 2908 vis
622 2849 770 2921 juste
801 2847 1026 2914 factum,
1058 2846 1544 2917 reprehenderunt.

591 3113 756 3179 Hinc,
795 3128 830 3170 ο
859 3115 986 3185 quis
1023 3127 1088 3168 ex
1120 3111 1208 3168 his
1239 3113 1432 3182 paucis
1466 3110 1648 3166 verbis
1682 3119 1859 3166 ortam
1898 3110 2110 3165 cladem

520 3205 672 3261 illam
700 3214 755 3260 et
785 3213 1001 3259 noctem
1035 3201 1271 3272 explicet
1307 3202 1329 3254 ?
1360 3203 1484 3270 quis
1515 3201 1705 3255 turbas
1738 3209 1792 3254 et
1821 3197 2107 3262 factiones,

520 3297 758 3366 litesque
787 3304 843 3350 et
872 3293 1274 3365 improbitatem
1315 3293 1463 3346 illius
1505 3293 1660 3362 probi
1708 3292 1784 3361 (5)
1824 3289 1994 3346 Siculi
2024 3288 2111 3343 di-

522 3393 699 3446 cendo
720 3397 1045 3458 assequatur
1072 3387 1094 3440 ?
1133 3384 1307 3440 Simul
1335 3400 1400 3440 ac
1425 3385 1570 3440 enim
1601 3385 1720 3454 ejus
1750 3385 1825 3438 rei
1857 3383 2110 3438 nuntium

524 3481 758 3548 accepit,
786 3493 894 3531 non
927 3492 987 3532 se
1023 3475 1411 3547 philosophum
1451 3474 1708 3538 ostendit,
1739 3484 1795 3529 et
1827 3472 2110 3529 infamiam

525 3586 686 3626 suam
736 3569 1032 3639 prudenter
1063 3567 1414 3636 dedecusque
1461 3567 1704 3621 contexit
1734 3584 1749 3633 ;
1783 3568 1876 3622 sed
1927 3581 2116 3621 cereos

527 3665 596 3716 de
629 3661 824 3730 lgnatii
859 3659 1275 3715 consecratione
1308 3667 1561 3729 acceptos
1589 3659 1808 3728 abiecit,
1837 3665 1892 3714 et
1934 3659 2114 3728 impu-

527 3754 851 3810 dentissimo
872 3768 968 3807 ore
997 3753 1335 3807 innocentem
1367 3767 1553 3806 coram
1588 3753 1841 3807 universa
1875 3751 2112 3806 Ecclesia

529 3847 829 3903 fmdissime
856 3844 1220 3908 conviciatus,
1255 3844 1440 3914 lupum
1478 3859 1576 3913 pro
1602 3853 1822 3913 pastore
1852 3843 2115 3899 substitui

527 3942 737 3996 furiose
769 3938 1089 3994 clamitavit.
1127 3938 1296 4005 Quem
1331 3946 1387 3992 et
1423 3937 1614 3992 Petrus
1657 3937 1878 4007 quidam
1913 3935 2118 3991 Sardo-

528 4048 653 4088 rum
699 4031 987 4101 episcopus
1042 4038 1406 4101 cognomento
1447 4027 1643 4094 Miser,
1695 4037 1749 4084 et
1799 4029 2118 4099 Eulampins

530 4127 805 4196 Apameae,
839 4123 1041 4193 aliique
1070 4137 1101 4176 e
1124 4123 1270 4177 clero
1298 4103 1648 4177 obscuriores
1680 4119 1700 4193 [
1725 4119 2115 4194 insigniores],

531 4219 743 4287 seipsos
779 4215 847 4270 ab
897 4213 1142 4270 Ecclesia
1175 4215 1294 4269 sine
1330 4228 1496 4269 causa
1529 4214 1901 4284 sejungentes,
1945 4212 2117 4268 secuti

534 4317 687 4366 sunt.

607 4403 870 4460 Undecim
929 4403 1094 4474 igitur
1143 4401 1315 4472 ipsius
1342 4400 1500 4455 annis
1540 4397 1783 4469 lgnatius
1822 4415 1854 4454 a
1906 4409 2120 4468 recepta

537 4497 778 4566 primum
834 4496 961 4550 sede
1003 4493 1644 4564 Constantinopolitana,
1697 4493 1848 4547 omni
1911 4491 2123 4546 ratione

541 4599 789 4650 conatus,
825 4589 1084 4658 omnique
1117 4588 1404 4643 verborum
1439 4585 1780 4639 humanitate
1809 4592 1863 4639 et
1886 4583 2124 4638 liberali-
2161 4579 2205 4634 D

541 4689 648 4733 tate
670 4678 935 4743 adhibita,
964 4692 1240 4748 nunquam
1260 4687 1440 4730 tamen
1461 4674 1633 4745 potuit
1651 4673 1897 4730 Asbestee
1920 4674 2128 4742 impro-

541 4773 765 4826 bitatem
813 4769 1179 4840 exstinguere.
1237 4768 1452 4822 Etenim
1509 4766 1882 4836 potentiorum
1938 4765 2129 4820 limina

539 4866 773 4926 terebat.
829 4866 973 4935 apud
1007 4877 1198 4918 omnes
1228 4862 1402 4916 virum
1444 4861 1650 4916 nullam
1680 4861 1750 4915 ob
1777 4860 1990 4930 culpam
2019 4859 2129 4915 cri-

542 4957 879 5022 minabatur,
931 4964 986 5011 et
1036 4955 1235 5010 acerbe
1287 4953 1554 5009 conviciis
1604 4949 2018 5022 proscindebat,
2075 4957 2131 5004 et

545 5061 791 5106 sanctum
833 5057 1172 5113 exsecratus,
1224 5062 1291 5101 ne
1325 5045 1620 5101 Christiani
1660 5044 1881 5114 quidem
1927 5056 2131 5114 cogno-

544 5143 694 5198 mine
720 5142 1066 5213 dignabatur.
1098 5138 1412 5194 Prtesertim
1449 5153 1578 5193 vero
1604 5136 1800 5192 Photio
1819 5135 2130 5190 Photianis-

546 5252 655 5307 qne
680 5235 1026 5307 gratissimus
1050 5231 1636 5299 honoratissimusque,
1661 5245 1892 5300 magnus
1909 5227 2130 5298 quidam

549 5330 714 5384 homo
741 5328 833 5382 Dei
859 5325 1198 5381 credebatur.
1235 5322 1416 5389 Quare
1449 5321 1518 5376 ab
1545 5323 1731 5376 eodem
1766 5321 1992 5376 Photius
2020 5319 2131 5389 pri-7

548 5435 700 5474 mum
730 5430 812 5476 est
834 5420 1108 5484 initiatus;
1137 5418 1228 5488 qui
1247 5416 1487 5472 hominis
1510 5416 1832 5472 auctoritate
1852 5416 2132 5480 inductus,

551 5521 725 5570 totum
751 5530 818 5569 ex
849 5512 942 5567 illo
977 5513 1244 5566 adversus
1271 5510 1540 5566 insontem
1583 5509 1847 5578 lgnatium
1891 5507 2134 5562 furorem

2191 659 2474 729 διδομένην
2512 654 2859 725 Ἐκκλησίαν,
2887 651 2997 706 οὐδ’
3018 652 3094 714 ὼς
3124 652 3295 722 ἑτέρῳ
3329 653 3483 722 ἀνδρὶ
3515 653 3786 723 καθηρμοο

2196 754 2409 823 σμένην
2448 748 2713 821 μοιχικῶς
2762 745 2944 817 ἐαυτῷ
2994 745 3406 812 κατεγγυᾶσθαι
3468 744 3783 814 ηὐλαϐήθη·

2194 843 2506 898 τούναντίον
2546 840 2645 910 μὲν
2673 834 2766 891 οὖν
2805 837 2901 891 καὶ¹
2935 834 3286 906 περιχαρῶς,
3325 834 3358 904 ἢ
3394 834 3630 898 ἀναιδῶς
3665 837 3780 904 μελ.

2195 937 2310 1000 λον,
2343 933 2748 1003 κατησπάζετο,
2773 929 2868 984 καὶ
2900 929 2976 991 ὡς
3009 928 3146 991 ἰδίας
3169 927 3266 996 τῆς
3295 927 3583 998 ἀλλοτρίας
3615 929 3790 995 σαφῶς

2196 1026 2557 1088 ἀντεποιεῖτο,
2584 1022 2678 1074 καὶ
2703 1021 2758 1072 ἐν
2781 1021 2847 1089 τῇ
2886 1015 3118 1088 αἰσχύνῃ
3159 1015 3325 1070 αὑτοῦ
3366 1016 3602 1087 ἐγαυρία
3649 1017 3791 1081 δοξα.

2197 1118 2447 1189 ζόμενος,
2475 1115 2569 1168 καὶ
2595 1115 2651 1166 ἐν
2680 1115 2747 1185 τῇ
2773 1111 2956 1180 ἀδικίᾳ
2987 1109 3154 1163 αὑτοῦ
3206 1109 3568 1176 ἐνευλογεῖτο,
3605 1111 3700 1164 καὶ
3740 1112 3790 1164 ἐν

2198 1212 2260 1278 ἒξ
2299 1213 2416 1275 ταῖς
2446 1211 2597 1270 ὅλαις
2619 1206 2858 1277 ἡμέραις
2899 1204 3086 1274 χερσὶν
3135 1203 3440 1274 ἀνθρώπων
3483 1205 3790 1275 τελειούμε-

2198 1319 2308 1367 νος,
2340 1300 2440 1366 τῆς
2463 1292 2906 1368 ἐπιθυμουμένης
2931 1290 3343 1362 ἐπελαμϐάνετο
3368 1290 3644 1361 καθέδρας
3665 1307 3678 1321 ·
3707 1279 3791 1342 καὶ

2197 1388 2266 1464 ἦν
2283 1391 2495 1460 ἀληθῶς
2510 1391 2715 1443 ἐκεῖνον
2731 1390 2864 1461 ὀρᾷν
2886 1387 3101 1458 αύθὴμε
3108 1403 3199 1456 ρον
3223 1385 3376 1452 ἅγιον
3402 1383 3789 1451 πλαττόμενον,

2201 1484 2342 1538 κατά
2364 1483 2460 1553 τὴν
2485 1481 2806 1553 παροιμίαν.
2833 1479 3032 1551 Πρώτη
3062 1479 3172 1548 γάρ
3194 1475 3379 1547 ἡμέρᾳ
3406 1474 3646 1544 μοναχδς
3683 1476 3792 1527 ἀντὶ

2200 1574 2410 1640 λαῖκοῦ,
2433 1576 2499 1645 τῇ
2523 1574 2750 1644 δευτέρᾳ
2767 1573 2823 1626 δὲ
2847 1571 3217 1639 ἀναγνώστης,
3242 1568 3338 1621 καὶ
3363 1565 3714 1628 ύποδιάκονος
3731 1568 3788 1634 τῇ

2203 1667 2351 1734 ἐξῆς,
2377 1661 2500 1720 εἷτα
2527 1665 2796 1731 διάκονος,
2826 1661 2947 1717 εἶτα
2968 1661 3354 1734 πρεσϐύτερος·
3376 1659 3567 1712 ἔπειτα
3583 1661 3650 1730 τῇ
3670 1660 3790 1728 ἕκτῃ

2204 1757 2464 1830 (Χριστοῦ
2503 1757 2559 1810 δὲ
2595 1753 2664 1828 ἦν
2693 1756 2762 1810 τά
2789 1754 3060 1825 γενέθλια)
3093 1755 3188 1808 καὶ
3214 1751 3379 1815 αὐτὸς
3426 1751 3506 1823 τῷ
3540 1752 3789 1822 ἰερατικῷ

2205 1851 2453 1922 προσϐὰς
2499 1852 2713 1923 θρόνῳ,
2759 1851 2858 1920 τὴν
2891 1851 3115 1920 εἰρήνην
3166 1846 3244 1918 τῷ
3295 1845 3410 1914 λαῷ
3434 1846 3782 1917 προσεφώνει,

2207 1946 2373 2017 μηδὲν
2402 1945 2501 2014 τῆς
2528 1941 2790 2012 ἀληθινῆς
2824 1943 3046 2012 εἰρήνης
3068 1939 3218 2004 ἀξιον
3247 1938 3580 2008 ἐννοούμενος

2273 2033 2382 2090 Ἦν
2409 2035 2466 2089 δὲ
2495 2033 2644 2104 αὐτῷ
2669 2032 2984 2102 καθηγητὴς
3015 2033 3108 2084 καὶ
3130 2032 3174 2084 is
3185 2030 3493 2102 ροτελεστης
3518 2030 3586 2083 τὰ
3605 2031 3773 2084 πάντα

2205 2123 2510 2196 Γρηγόριος
2541 2123 2751 2184 ἐκεῖνος
2777 2123 2805 2174 ὁ
2829 2118 3164 2190 καλούμενος
3208 2119 3525 2182 ’Δσὸεστᾶς,
3574 2119 3631 2170 ὃν
3659 2135 3783 2171 ποτε

2202 2217 2298 2272 καί⁵
2319 2213 2674 2287 Συρακούσης
2701 2210 2802 2282 μὲν
2835 2209 3138 2263 ἐπίσκοπον
3167 2209 3379 2279 ἔφασαν
3410 2207 3689 2278 γενέσθαι,
3711 2209 3790 2261 ἐπέ

2204 2308 2515 2379 ἐγκλήμασι
2535 2304 2592 2358 δέ
2619 2320 2762 2357 τισιν
2786 2303 2866 2366 είς
2892 2303 2952 2355 τὸ
2974 2302 3268 2366 Βυζάντιον
3295 2300 3792 2372 κατηγορούμενον,

2205 2400 2308 2471 ήδη
2359 2398 2415 2451 δὲ
2449 2398 2544 2452 καὶ
2584 2396 2690 2450 ὑπὸ
2738 2396 2837 2464 τῆς
2866 2395 2974 2449 τῶν
3009 2395 3299 2466 Ῥωμαίων
3342 2395 3681 2466 Ἐκκλησίας
3726 2394 3797 2457 ὡς

2206 2491 2361 2563 παρά
2423 2489 2658 2554 κανόνας
2710 2485 3017 2558 πράξαντα,
3077 2487 3485 2561 καθῃρημένον.
3546 2486 3802 2555 Ἰγνάτιος

2207 2583 2332 2654 ἄρτι
2385 2580 2600 2654 πρῶτον
2664 2577 3088 2650 χειροτονεῖσθαι
3142 2578 3374 2648 μέλλων,
3420 2579 3496 2649 μὴ
3549 2579 3799 2648 παρεῖναι

2208 2673 2396 2727 τοῦτον
2429 2674 2494 2743 τῇ
2539 2671 2848 2741 χειροτονίᾳ
2897 2669 3260 2740 διεπέμψατο,
3291 2669 3449 2742 ἄχρις
3474 2662 3536 2724 οῦ
3571 2670 3642 2724 τά
3686 2667 3800 2723 κατ’

2211 2764 2396 2830 αὑτὸν,
2432 2761 2619 2831 φησὶν,
2670 2760 2767 2813 ἐπὶ
2807 2759 3004 2831 σχολῆς
3035 2759 3426 2830 ἀκριϐέστερον
3469 2759 3802 2827 διαγνωσθῇ.

2210 2855 2384 2910 Τοῦτο
2407 2858 2436 2910 ὁ
2464 2854 2814 2925 πατριάρχης
2861 2853 2920 2906 ἐν
2959 2851 3220 2923 πρώτοις,
3251 2852 3312 2906 ού
3346 2852 3526 2916 καλῶς
3562 2852 3686 2922 μὲν,
3733 2850 3807 2913 ὥς

2210 2966 2276 3019 γε
2303 2947 2494 3002 δοκοῦν
2525 2949 2639 3010 τοῖς
2669 2945 2903 3010 πολλοῖς,
2938 2946 3187 3016 πέπραχε
3235 2945 3279 3000 δ’
3311 2942 3404 3000 οὖν
3444 2946 3596 3016 ὅμως
3642 2946 3703 2997 ἐν
3730 2943 3810 2998 δι-

2213 3041 2500 3110 καιοσύνῃ.

2298 3129 2602 3195 Ἐντεῦθεν,
2626 3128 2670 3182 ὣ
2695 3129 2778 3193 τίς
2813 3128 2878 3182 ἃν
2903 3126 3110 3192 ἐξείποι
3152 3127 3252 3197 τὴν
3291 3124 3540 3198 ταραχὴν
3571 3125 3671 3179 καὶ
3715 3125 3815 3194 τὴν

2218 3221 2616 3292 σκοτόμαιναν;
2645 3219 2730 3283 τίς
2769 3218 2867 3290 τὴν
2889 3219 2998 3272 ἀπὺ
3031 3218 3124 3272 τοῦ
3154 3217 3356 3290 μικροῦ
3383 3219 3629 3288 ῥήματος
3665 3217 3817 3285 φιλοο

2214 3311 2443 3373 νεικίαν,
2477 3311 2573 3364 καὶ
2601 3309 2738 3380 ἔριν,
2774 3309 2870 3362 καὶ
2908 3305 3275 3378 μνησικακίαν
3308 3305 3402 3358 τοῦ
3456 3302 3636 3356 δεινοῦ
3673 3302 3817 3355 ἐκείο

2213 3421 2306 3458 νου
2357 3400 2580 3456 Σικελοῦ
2631 3401 3031 3474 παραστήσαι;
3061 3397 3236 3460 Εὐθὺς
3272 3397 3383 3467 γάρ
3423 3394 3694 3457 ἀκούσας,
3721 3393 3822 3445 οὐκ

2214 3495 2576 3565 ἐφιλοσόφησε
2631 3492 2766 3564 πρὸς
2822 3492 2922 3563 τὴν
2977 3489 3260 3560 ἀγγελίαν,
3326 3489 3388 3542 οὐ
3444 3486 3544 3557 τὴν
3580 3485 3724 3539 ἰδίαν
3747 3484 3819 3548 ὡς

2215 3589 2478 3659 φρόνιμος
2505 3575 2876 3654 συνεκάλυψεν
2899 3581 3187 3654 αἰσχύνην,
3221 3581 3346 3643 τοὺς
3385 3580 3476 3632 ἐπὶ¹
3511 3576 3825 3649 χειροτονίᾳ

2214 3679 2269 3732 δέ
2300 3680 2504 3750 κηροὺς
2525 3678 2633 3731 τῶν
2663 3678 2826 3731 αὑτοῦ
2859 3676 3058 3748 χειρῶν
3081 3673 3416 3747 ἀπορρίψας,
3435 3673 3530 3725 καὶ
3560 3686 3824 3723 καταναι-

2215 3770 2566 3840 δευσάμενος,
2603 3769 2786 3838 πάσης
2815 3768 3047 3821 ἐνώπιον
3089 3769 3190 3838 τῆς
3236 3759 3533 3832 ἐκκλησίας
3571 3761 3827 3831 ἐσχάτως

2216 3861 2591 3934 διελοιδορεϊτο
2620 3861 2711 3914 τὸν
2742 3860 3008 3923 ἀναίτιον,
3040 3860 3134 3912 καὶ
3179 3857 3346 3911 λύκον
3396 3855 3520 3910 ἀντὶ
3556 3854 3826 3922 ποιμένος

2217 3952 2520 4006 ἐπεισιέναι
2576 3954 2643 4024 τῇ
2713 3952 2983 4023 ἐκκλησίᾳ
3015 3950 3296 4022 μανιωδῶς
3346 3946 3751 4018 διισχυρίζετο·
3785 3937 3832 4012 ᾧ

2219 4044 2312 4098 καὶ
2365 4045 2572 4114 Πέτρος
2606 4044 2635 4096 ό
2692 4043 2964 4116 Σαρδέων,
2995 4043 3024 4096 ό
3052 4043 3346 4112 λεγόμενος
3385 4041 3654 4104 Δείλαιος,
3689 4038 3831 4108 πρὸς

2218 4135 2277 4188 δὲ
2303 4134 2398 4187 καλ¹
2427 4135 2454 4187 ὁ
2488 4133 2794 4204 Ἀπαμείας
2825 4133 3164 4204 Εύλάμπιος,
3222 4132 3317 4186 καὶ
3353 4130 3504 4185 ἄλλοι
3526 4129 3679 4192 τινὲς
3719 4128 3833 4179 τῶν

2223 4227 2584 4300 ἀσημοτέρων
2617 4224 2736 4297 [ἀν.
2775 4223 3186 4296 εὐσημοτέρων]
3233 4224 3448 4276 εἵποντο
3516 4218 3830 4291 κληρικῶν,

2221 4321 2428 4386 ἀλόγως
2455 4319 2551 4389 τῆς
2593 4317 2922 4387 Ἐκκλησίας
2951 4315 3454 4387 ἀπορρηγνύμενα.

2305 4413 2395 4467 Ἐν
2419 4413 2558 4475 ὅλοις
2578 4412 2674 4483 μὲν
2693 4409 2785 4464 οῦν
2814 4409 3006 4464 ἕνδεκα
3030 4409 3246 4480 χρόνοις
3269 4407 3372 4478 τῆς
3399 4406 3631 4478 πρώτης
3658 4407 3836 4460 αὐτοῦ

2223 4506 2508 4578 ίεραρχίας
2535 4507 2562 4558 ὁ
2591 4503 2847 4572 Ἰγνάτιος
2878 4501 3352 4572 ἀποπειρώμενος,
3385 4502 3479 4554 καὶ
3509 4501 3697 4554 πᾶσαν
3735 4501 3839 4571 μὲν

2233 4600 2432 4666 λόγων,
2463 4599 2642 4651 πᾶσαν
2670 4596 2726 4648 δὲ
2757 4594 2976 4666 δωρεῶν
3031 4594 3448 4665 προτεινόμενος
3484 4593 3842 4664 φιλοτιμίαν,

2227 4690 2325 4759 οὐχ
2356 4682 2470 4750 οἷός
2499 4704 2560 4740 τε
2595 4687 2838 4756 ἐγεγόνει
2860 4687 2958 4757 τὴν
2983 4687 3077 4740 τοῦ
3119 4687 3388 4739 Ἀσΰεστᾶ
3413 4685 3620 4738 κακίαν
3667 4702 3846 4738 κατα-

2229 4780 2444 4834 σϐέσαι.
2472 4780 2734 4850 Διήρχετο
2786 4778 2966 4841 πάσας
2986 4779 3163 4843 οἰκίας
3189 4779 3297 4831 τῶν
3321 4776 3626 4842 δυναστῶν,
3652 4778 3848 4845 μάτην

2229 4870 2731 4942 διαλοιδορούμενος
2786 4871 2882 4923 καὶ
2926 4870 3201 4942 διασύρων
3257 4869 3496 4940 πικρῶς,
3554 4869 3656 4922 καὶ
3695 4870 3852 4939 μηδὲ

2228 4964 2556 5036 Χριστιανὸν
2581 4963 2867 5036 ὀνομάζειν
2891 4962 2980 5015 τὸν
3011 4961 3165 5031 ἅγιον
3195 4963 3222 5014 ό
3242 4961 3443 5031 ἐναγὴς
3490 4959 3687 5023 ἀξιῶν.
3735 4960 3854 5029 μάν

2233 5057 2394 5110 λιστα
2432 5055 2488 5108 δὲ
2511 5056 2730 5112 πάντων
2755 5055 2908 5126 παρὰ
2937 5055 3126 5125 Φωτίῳ
3152 5056 3245 5108 καὶ
3277 5057 3390 5116 τοῖς
3421 5052 3590 5108 αὐτοῦ
3629 5071 3859 5124 συγγε-

2233 5149 2350 5203 νέσι
2381 5147 2711 5220 τιμώμενος,
2750 5149 2922 5218 μέγας
2944 5166 3028 5212 τις
3067 5147 3354 5218 ἄνθρωπος
3387 5147 3482 5202 τοῦ
3525 5147 3666 5200 Θεοῦ
3705 5167 3880 5218 χρη-η

2238 5237 2489 5310 ματίζειν
2550 5239 2903 5294 ἐπιστεύετο³
2948 5239 3071 5294 ὅθεν
3100 5241 3193 5293 καὶ
3253 5241 3381 5312 παρ’
3412 5240 3578 5295 αὐτοῦ
3615 5241 3861 5312 πρῶτον

2233 5329 2632 5402 χειροτονηθεὶς
2662 5330 2691 5381 ὁ
2726 5328 2952 5394 Φώτιος,
3005 5332 3070 5383 ὲκ
3117 5330 3218 5400 τῆς
3265 5332 3344 5394 εἰς
3379 5330 3542 5384 αὑτὸν
3593 5331 3861 5391 πίστεως

2237 5421 2368 5489 ὅλην
2397 5420 2491 5472 τοῦ
2537 5419 2728 5492 ἀνδρὸς
2755 5421 2894 5474 κατά
2929 5420 3023 5474 τοῦ
3059 5421 3304 5475 ἀναιτίου
3343 5422 3542 5492 μανίαν
3587 5419 3883 5492 ἐπεσπάσξ

2243 5483 2395 5566 σατο.
2425 5511 2534 5565 Καὶ
2561 5483 2749 5584 ὥσπερ
2776 5514 2856 5575 εἰς
2885 5512 3017 5564 αὐτὸ
3044 5511 3202 5580 τοῦτο
3231 5483 3581 5582 πατριάρχης
3611 5483 3892 5582 προχει-ι-

553 5602 767 5659 bansit:
791 5602 1014 5673 perinde
1043 5603 1200 5672 quasi
1224 5601 1291 5656 ad
1313 5602 1412 5655 hoc
1439 5600 1616 5670 ipsum
1653 5598 1962 5669 patriarcha
1993 5612 2111 5653 esse

2245 5602 2472 5675 ptcBelg,
2523 5603 2610 5657 ἵνα
2659 5604 2859 5668 πάσαις
2903 5603 3190 5667 ἐπινοίαις,
3248 5605 3472 5674 τρόποις
3530 5606 3695 5671 πᾶσι,
3767 5605 3868 5657 τὸν

555 5702 930 5760 consccratus,
961 5701 1020 5748 ut
1053 5691 1312 5750 omnibus
1360 5691 1608 5747 consiliis
1633 5688 1922 5760 modisque
1955 5690 2136 5744 omni-

631 5867 708 5939 (5)
740 5868 845 5924 Pro
876 5871 1135 5940 improbi:
1169 5871 1251 5927 vel
1282 5870 1487 5927 dictum
1519 5884 1614 5940 per
1646 5866 1900 5940 ironiam,
1934 5866 2084 5922 Hann

990 5953 1002 5982 Ι

2244 5693 2421 5751 ἀθῶον
2449 5697 2854 5768 τιμωρήσηται,
2885 5695 3060 5762 οὕτως
3095 5695 3410 5767 ἠγωνίζετο,
3443 5698 3505 5752 οὐ
3543 5698 3643 5769 τῆς
3684 5699 3867 5768 ἱερω-
