4022 6396
238 294 334 362 513

1273 279 1447 342 VITA
1482 278 1542 340 S.
1585 279 1882 340 IGNATII
1923 279 2032 341 CP.
2072 277 2426 339 ARCHIEP.

3371 281 3476 346 5H

239 408 392 474 σύνης
423 400 605 473 μόνον,
657 397 795 452 ἀλλὰ
843 395 939 451 καὶ
965 395 1136 466 αὐτῆς
1167 393 1327 448 αὑτὸν
1368 391 1721 458 ἀπαλλάξειν,
1753 395 1801 447 εί

1906 394 2006 448 bus
2033 393 2314 456 innoxium
2337 392 2441 446 iret
2465 389 2758 460 perditum,
2813 390 2890 446 sic
2923 391 3218 463 pugnabat,
3243 401 3302 448 ut
3328 394 3482 451 illum

231 495 466 560 δυνατὸν,
497 493 599 562 τῆς
625 491 772 560 ζωῆς
793 506 806 520 ο
839 488 1018 543 καίτοι
1043 504 1106 555 γε
1131 485 1470 557 χειρόγραφα
1520 484 1671 552 παρὰ
1694 484 1803 539 τῶν

234 584 669 656 καταδεχομένων
692 581 855 636 αὑτὸν
879 579 1146 650 πρότερον
1177 580 1503 650 άπαιτηθεὶς
1535 591 1806 647 μητροπο-

231 681 402 743 λιτῶν,
421 678 562 731 ὥστε
593 673 864 744 πατρικὴν
886 672 1184 741 ἀπονέμειν
1224 671 1303 742 τῷ
1343 669 1592 740 Ἰγνατίῳ
1615 671 1800 736 τιμὴν,

233 773 318 827 καὶ
343 769 524 824 πάντα
552 766 694 820 κατὰ
721 764 974 835 βούλησιν
1003 761 1170 815 αὐτοῦ
1210 761 1363 831 δρᾷν,
1399 759 1495 814 καὶ
1522 761 1578 812 ἐν
1615 755 1804 828 μηδενὶ

231 860 407 915 τοῦτον
438 857 800 929 παραλυπεῖν.
858 851 1025 906 Οῠπω
1055 851 1114 903 δὲ
1154 851 1292 920 μετά
1338 849 1438 916 τὴν
1470 845 1804 920 χειροτονίαν

231 953 313 1006 δύο
343 950 512 1018 μῆνες
557 944 862 1014 παρῆλθον,
904 943 998 996 καὶ
1045 940 1208 1002 αὐτὸς
1241 941 1365 1009 τοὺς
1383 940 1580 1006 ὅρκους
1610 937 1806 1007 ἢθετη-

229 1043 349 1108 κὼς,
372 1040 589 1110 πρῶτον
606 1037 709 1107 μὲν
724 1037 848 1098 τοὺς
870 1035 964 1087 ἐπὶ
983 1033 1083 1102 τῆς
1103 1031 1398 1102 ἐκκλησίας
1416 1028 1800 1097 τεταγμένους,

228 1138 371 1196 ὅσους
404 1129 769 1199 οἰκειοτέρους
804 1126 1031 1197 εὕρισκε
1067 1124 1160 1178 τοῦ
1217 1122 1576 1192 πατριάρχου,
1633 1136 1800 1173 κατα-

228 1225 436 1287 κλείων,
469 1223 560 1274 καὶ
589 1220 868 1290 αἰκισμοῖς
899 1217 1092 1288 βιαίοις
1120 1215 1215 1268 καὶ
1241 1213 1460 1284 μᾶστιξι
1489 1210 1803 1273 καταικιζόδ

232 1334 376 1388 μενος
403 1333 418 1348 ο
449 1315 544 1368 καὶ
574 1310 888 1366 κολακεύων
919 1309 977 1362 δὲ
1002 1307 1186 1369 πάλιν,
1212 1308 1304 1360 καὶ
1329 1306 1480 1376 δῶρα
1502 1304 1798 1376 προτείνων

228 1409 312 1463 καὶ
340 1405 649 1476 προκοπὰς,
678 1403 769 1455 καὶ
802 1401 1141 1472 χειρόγραφα
1183 1397 1448 1461 ἀπαιτῶν,
1483 1397 1577 1448 καὶ
1613 1397 1744 1448 πᾶσι
1769 1393 1801 1427 ⁸

227 1500 354 1554 ὥστε
407 1497 644 1566 πέμψαι,
674 1495 770 1548 καὶ
799 1494 1024 1564 ἔρευναν
1054 1490 1255 1561 ἀκριϐῆ
1298 1488 1624 1559 ποιήσασθαι
1663 1486 1802 1540 κατά

226 1591 312 1644 τοῦ
336 1589 633 1656 ζῐγνατίου,
665 1587 740 1649 ὡς
770 1584 934 1640 αὐτοῦ
969 1583 1143 1653 λάθρα
1183 1581 1501 1653 τυρεύοντος
1533 1578 1672 1632 κατὰ
1701 1578 1802 1647 τῆς

227 1683 510 1754 βασιλείας.
552 1680 730 1742 Εὐθὺς
759 1679 854 1732 οὖν
878 1678 1135 1748 ἄρχοντες
1166 1676 1395 1744 ἀπηνεῖς
1426 1673 1522 1727 καὶ
1547 1671 1802 1743 στρατιῶ-

1911 501 2018 540 non
2056 484 2363 540 sacerdotio
2410 492 2616 539 tantum
2651 484 2904 552 privaret,
2941 485 3035 538 sed
3066 485 3172 538 vita
3218 486 3406 551 etiam,
3438 489 3485 542 si

1909 585 2117 648 posset,
2150 585 2410 631 exueret:
2444 575 2569 630 licet
2589 583 2773 629 essent
2797 574 2867 628 ab
2893 589 2958 628 eo
2997 590 3094 644 per
3116 577 3488 648 metropolitas

1910 685 2080 734 suos,
2112 684 2140 721 a
2183 670 2381 740 quibus
2409 679 2493 723 est
2540 677 2810 737 receptus,
2855 677 3047 722 exacta
3088 668 3483 738 chirgrapba:

1910 771 1970 816 ut
1998 771 2284 833 paternum
2317 762 2525 832 lgnatio
2565 761 2825 816 honorem
2868 760 3151 825 tribueret,
3193 762 3488 831 omniaque

1908 871 1973 910 ex
2008 856 2128 925 ejus
2158 854 2435 909 voluntate
2477 862 2706 924 gereret,
2750 868 2850 908 nec
2890 853 2998 907 ulla
3031 854 3086 907 in
3131 869 3192 908 re
3225 855 3486 909 molestus

1908 956 2098 1002 esset:
2151 948 2265 1016 ipse
2295 955 2475 1001 tamen
2528 945 2618 1000 vix
2657 955 2779 1015 post
2811 945 2951 1001 duos
2993 961 3025 998 a
3069 944 3349 1000 creatione
3387 961 3488 1000 sua

1909 1052 2128 1092 menses
2152 1037 2467 1106 juramento
2496 1051 2598 1090 suo
2623 1035 2857 1103 violato,
2891 1037 3127 1105 primum
3167 1036 3360 1106 lgnatii
3401 1035 3496 1090 1⁵³·-

1912 1131 2150 1184 n.iliares
2181 1129 2415 1199 coniecit
2445 1130 2500 1183 in
2534 1129 2771 1192 vincula,
2806 1129 3050 1198 dirisque
3082 1129 3264 1198 ﬂagris
3296 1137 3351 1183 et
3368 1129 3489 1199 pla-

1907 1222 1991 1293 gis
2019 1222 2268 1276 multavit
2299 1238 2314 1274 :
2351 1221 2546 1275 deinde
2581 1237 2777 1276 rursus
2815 1221 3112 1284 blanditus,
3151 1233 3489 1288 muneraque

1907 1315 1964 1362 et
1992 1307 2226 1361 honores
2249 1307 2548 1377 pollicitus,
2567 1307 2928 1377 chirographa
2953 1309 3128 1377 petiit,
3153 1315 3207 1361 et
3231 1308 3488 1362 omnibus

1908 1398 2086 1452 modis
2117 1397 2328 1452 studuit
2366 1399 2630 1452 adversus
2660 1396 2922 1466 lgnatium
2953 1399 3104 1453 exitii
3142 1413 3360 1454 causam
3396 1414 3488 1454 re-

1907 1491 2105 1560 perire.
2138 1491 2387 1559 Cumque
2417 1489 2552 1542 nihil
2587 1489 2784 1544 borum
2814 1505 2936 1559 qua:
2963 1491 3077 1559 ipse
3106 1491 3380 1559 cupiebat,
3407 1491 3487 1544 in-

1906 1581 2138 1646 veniret,
2184 1580 2452 1635 scelerato
2489 1579 2698 1644 Bardze,
2741 1596 2946 1650 perque
2975 1580 3204 1636 Bardam
3238 1581 3484 1636 Michaeli

1907 1669 2476 1740 levissimo'suggerit,
2508 1679 2568 1723 ut
2595 1669 2796 1735 mittat,
2828 1671 2920 1739 qui
2953 1671 3006 1724 in
3042 1668 3309 1741 lgnatium
3338 1670 3488 1724 velut

230 1794 310 1830 ται
335 1776 554 1844 θρασεῖς
582 1773 681 1843 τὴν
707 1769 1028 1840 Τερὲϐινθον
1054 1766 1474 1830 καταλαϐόντες,
1505 1766 1600 1819 καὶ
1623 1765 1802 1817 πᾶσαν

1905 1763 2135 1833 imperio
2168 1761 2512 1817 insidiantem
2551 1775 2740 1816 severe
2774 1761 3069 1830 inquirant.
3103 1761 3245 1832 Ergo
3282 1763 3484 1816 crude-

230 1867 546 1936 ποιήσαντες
590 1861 860 1927 ἐξέτασιν,
897 1859 991 1913 καὶ
1044 1860 1227 1912 πᾶσαν
1268 1857 1523 1928 βάσανον,
1553 1857 1678 1918 τοὺς
1707 1855 1799 1908 ὑπ’

231 1959 422 2010 ἐκεῖνον
471 1953 795 2025 ἀνθρώπους
855 1951 1264 2021 βασανίσαντες,
1323 1947 1511 2018 ἐπειδὴ
1556 1947 1802 2011 ἐξέλιπον

234 2047 606 2116 ἐξερευνῶντες
637 2042 1036 2112 ἐξερευνήσεις,
1090 2041 1184 2093 καὶ
1217 2039 1406 2092 λοιπὸν
1433 2038 1588 2092 ούδέν
1635 2035 1800 2106 εἶχον,

241 2137 373 2188 ῶστε
422 2135 641 2197 δικαίως
693 2131 1154 2203 τιμωρήσασθαι,
1220 2134 1288 2202 τῇ
1344 2130 1534 2202 ἀδικίᾳ
1586 2129 1805 2200 καθαρᾷ

243 2221 489 2290 χρῶνται.
519 2219 780 2282 Λαϐόντες
804 2220 910 2290 γὰρ
936 2219 1026 2272 τὸν
1052 2219 1196 2290 ἱερὸν
1218 2219 1549 2288 ἄνδραιμετά
1577 2219 1686 2273 τῶν
1706 2219 1804 2272 σὺν

247 2308 410 2378 αὐτῷ,
440 2310 674 2379 καὶπρὸς
710 2309 809 2379 τὴν
831 2309 1134 2379 λεγομένην
1174 2307 1402 2380 Ἱέρειαν
1439 2311 1801 2380 περάσαντες,

240 2402 450 2469 δέσμιον
479 2399 656 2452 τοῦτον
682 2401 762 2463 είς
787 2399 1025 2471 μάνδραν
1049 2400 1222 2467 αἰγῶν
1240 2400 1594 2453 κατέκλεισαν
1618 2421 1630 2433 ·
1658 2402 1804 2454 ἐκεῖ-

237 2490 325 2542 θέν
352 2506 409 2542 τε
431 2490 559 2558 πρὸς
586 2490 653 2542 τά
684 2490 973 2560 Προμήτου
997 2489 1270 2560 λεγόμενα
1293 2490 1646 2560 διαπερῶσιν,
1669 2489 1802 2542 ὅπου

228 2581 290 2650 δὴ
344 2583 492 2634 Λέων
541 2583 746 2644 ἐκεῖνος
775 2584 804 2635 ὁ
855 2581 1120 2635 Λαλάκων
1178 2581 1651 2652 ἐπονομαζόμενος
1693 2581 1804 2634 τῶν

227 2670 522 2740 Νουμέρων
571 2669 889 2740 δομέστικος
934 2669 1030 2733 ὢν,
1071 2670 1164 2723 ἐπὶ
1196 2670 1452 2722 τοσοῦτον
1481 2668 1645 2722 αύτοῦ
1692 2670 1806 2730 τοῖς

221 2762 532 2830 ραπίσμασι
580 2760 848 2830 κατέκοψε
887 2760 985 2824 τὰς
1041 2762 1319 2828 σιαγόνας,
1383 2760 1460 2823 ὡς
1507 2760 1600 2812 δύο
1631 2759 1805 2830 μύλας

219 2854 338 2905 ἐκεῖ
357 2850 452 2903 τοῦ
485 2851 778 2920 ίερωτάτου
801 2850 1056 2919 γέροντος
1084 2852 1338 2903 ἐκπεσεῖν
1357 2867 1372 2882 ο
1410 2844 1531 2903 εἶτα
1567 2849 1661 2902 δύο
1703 2865 1801 2917 μο-

215 2944 360 3015 χλοῖς
388 2945 652 3016 σιδηροῖς,
685 2944 1026 3016 ἀνδροφόνων
1047 2945 1270 3014 τρόπον,
1299 2945 1422 3005 τοὺς
1445 2942 1609 2996 αὑτοῦ
1639 2942 1804 3005 πόδας

215 3035 782 3106 κατασφαλισάμενοι,
807 3035 901 3087 καὶ
919 3037 1092 3105 μικρᾷ
1116 3035 1328 3105 φρουρᾷ
1352 3031 1803 3091 κατακλείσαντες

208 3125 486 3196 ἀπῄεσαν,
509 3126 602 3178 δύο
621 3125 814 3187 παῖδας
841 3125 936 3177 καὶ
961 3124 1120 3194 μόνον
1153 3124 1289 3193 πρὸς
1316 3122 1620 3192 ὑπηρεσίαν
1648 3119 1797 3190 αύτῷ

207 3220 630 3281 καταλιπόντες.
663 3217 823 3280 Ὄλος
856 3217 914 3270 δὲ
943 3218 1127 3280 αὐτοῖς
1163 3219 1191 3269 ὁ
1227 3213 1375 3284 ἀγὼν
1403 3215 1556 3285 καὶὴ
1591 3211 1800 3277 ἔπειξις

205 3308 294 3383 ἦν,
324 3313 473 3366 ὥστε
497 3312 742 3366 λίϐελλον
772 3312 954 3376 αὐτοῖς
983 3313 1262 3382 άποταγῆς
1290 3311 1494 3374 δοῦναι,
1527 3309 1620 3363 καὶ
1646 3310 1802 3362 ἐκουο

203 3406 338 3468 σίως
368 3403 470 3457 τοῦ
507 3404 701 3474 Θρόνου
736 3405 1108 3474 παραχωρεῖν.
1157 3403 1214 3456 '0
1240 3403 1298 3456 δὲ
1326 3404 1418 3456 τὸν
1445 3403 1606 3457 λύκον
1657 3402 1803 3457 κατά

198 3497 302 3566 τῆς
371 3495 622 3565 ποίμνης
677 3495 861 3558 δεινῶς
921 3495 1366 3565 ἐπεισφρήσαντα
1445 3495 1798 3564 θεασάμενος,

195 3591 325 3643 ὅσον
345 3585 420 3661 ἦν
443 3591 537 3642 ἐπ’
572 3587 746 3658 αὐτῷ,
784 3588 884 3658 τὴν
913 3588 1100 3657 ἔφοδον
1127 3587 1388 3659 ἐξεῖργεν.
1453 3587 1706 3660 Ἦμερῶν
1743 3587 1801 3640 δὲ

195 3680 607 3754 παρελθουσῶν
633 3681 850 3748 ὀλίγων,
881 3681 962 3744 είς
994 3681 1062 3734 τὰ
1105 3681 1367 3752 Νούμερα
1411 3681 1600 3734 τοῦτον
1627 3680 1801 3751 περά-

193 3791 425 3840 σαντες,
466 3773 879 3844 σιδηροδέσμιον
919 3771 1292 3840 ὲγκλείουσινο
1345 3767 1468 3826 εἷτα
1491 3770 1802 3840 Αὔγουστος

191 3865 463 3920 ἐνίστατο
483 3863 614 3934 μὴν,
639 3863 736 3916 καὶ
767 3865 846 3926 εἰς
872 3862 1055 3916 πλοῖον
1095 3862 1258 3917 αὐτὸν
1303 3862 1630 3932 ἐμϐαλόντες
1654 3901 1670 3925 ,
1721 3863 1802 3925 είς

186 3957 536 4028 Μιτυλήνην
564 3954 886 4027 ἐξορίζουσι.
912 3955 1126 4019 Πάντας
1147 3955 1204 4009 δὲ
1227 3957 1353 4020 τοὺς
1376 3954 1804 4027 ὐπονοουμένους

188 4051 448 4115 οἰκείους
511 4043 654 4103 εἷναι
693 4049 788 4102 καὶ
823 4048 1011 4118 φίλους
1036 4047 1227 4116 αὑτοῦ,
1283 4047 1378 4114 οὒς
1430 4049 1530 4119 μὲν
1579 4049 1804 4120 δαρμοῖς

184 4144 518 4214 ἀφορήτοις
547 4142 642 4196 καὶ
664 4141 1062 4212 θανατηφόροις
1083 4141 1398 4211 παρεδίδουν
1422 4140 1654 4210 πληγαῖς
1672 4155 1686 4170 ο
1712 4137 1806 4202 οὓς

185 4233 271 4298 δὲ,
305 4234 374 4286 τὸ
410 4230 972 4301 φιλανθρωπότατον,
1031 4230 1372 4303 ὑπερώριζον
1420 4231 1519 4301 τῆς
1573 4230 1802 4292 πόλεως.

187 4325 331 4376 Ὅτε
359 4324 431 4394 δὴ
467 4323 570 4377 καὶ
595 4322 687 4375 τὸν
720 4322 1108 4394 χαρτοφύλακα
1133 4323 1362 4378 Βλάσιον
1407 4323 1496 4376 διὰ
1532 4321 1632 4390 τὴν
1665 4320 1806 4390 ὑπὲρ

1904 1853 1983 1908 les
2035 1849 2273 1921 prafecti
2323 1859 2647 1918 atrocesque
2691 1850 2951 1905 satellites
3015 1851 3287 1920 extemplo
3322 1851 3486 1906 Tere-

1904 1942 2156 1997 bintbum
2191 1950 2398 2010 petunt,
2451 1939 2745 2008 omniaque
2785 1955 2982 2009 genera
3007 1941 3366 2009 quaestionum
3397 1943 3487 1994 in-

1905 2033 2182 2096 stituunt,
2229 2041 2286 2085 et
2333 2027 2567 2084 famulos
2629 2027 2819 2098 lgnatii
2883 2029 3167 2084 tormentis
3230 2029 3487 2084 omnibus

1901 2123 2242 2178 excruciant.
2284 2123 2582 2190 Postquam
2630 2135 2760 2175 vero
2808 2119 3126 2176 defecerunt
3176 2129 3486 2176 scrutantes

1904 2215 2191 2278 scrutinia,
2239 2229 2339 2270 nec
2371 2214 2672 2284 quidquam
2707 2211 3198 2282 deprehenderunt,
3230 2227 3340 2282 quo
3362 2212 3488 2282 jure

1906 2310 1959 2363 in
2015 2308 2166 2362 illum
2220 2307 2734 2368 animadverterent,
2789 2314 2976 2374 aperto
3020 2306 3225 2360 scelere
3267 2306 3318 2358 in
3355 2320 3482 2358 eum

1905 2409 2246 2472 grassantur.
2279 2398 2568 2467 Arreptum
2599 2399 2745 2452 enim
2777 2398 2954 2452 virum
2999 2407 3246 2451 sanctum
3280 2403 3333 2448 et
3353 2411 3485 2451 suos

1905 2491 1959 2544 in
2007 2490 2241 2544 insulam
2297 2488 2534 2542 ﬂicriam
2572 2487 2954 2552 traduxerunt,
3009 2497 3173 2556 atque
3218 2489 3484 2557 Ignatium

1903 2582 2144 2636 vinctum
2190 2579 2406 2633 stabulo
2440 2579 2691 2647 caprario
2737 2579 3094 2632 incluserunt.
3144 2578 3277 2631 lude
3314 2577 3381 2630 ad
3419 2593 3482 2631 ea

1905 2674 2023 2728 loca
2055 2670 2412 2735 transferunt,
2445 2685 2567 2740 quae
2590 2671 2829 2724 Prometi
2859 2671 3180 2725 dicebantur
3212 2687 3227 2734 ;
3264 2670 3352 2722 ubi
3377 2669 3486 2723 Leo

1904 2767 1993 2822 ille
2045 2774 2407 2836 cognomento
2458 2763 2678 2829 Lalaco,
2723 2763 3085 2819 Numerorum
3127 2764 3483 2826 domesticus,

1905 2869 2014 2914 tam
2047 2857 2366 2912 immaniter
2406 2856 2651 2926 colaphis
2681 2871 2848 2924 genas
2875 2856 3023 2910 illius
3051 2855 3265 2918 cecidit,
3302 2863 3361 2909 ut
3392 2869 3484 2909 sa-

1903 2951 2218 3006 cratissimo
2276 2949 2395 3004 seni
2450 2950 2589 3003 duos
2651 2948 2888 3002 molares
2935 2956 3215 3002 excuteret
3269 2948 3482 3003 dentes.

1908 3041 2108 3096 Deinde
2161 3039 2410 3094 vectibus
2459 3036 2729 3109 geminis,
2786 3037 3058 3091 latronum
3088 3036 3292 3098 instar,
3319 3036 3485 3105 pedes

1903 3133 2241 3189 strinxerunt
2269 3138 2647 3200 ;angustoque
2679 3127 2996 3183 conclusum
3020 3130 3317 3197 ergastulo,
3347 3129 3486 3181 duo-

1901 3225 2006 3280 bus
2051 3223 2317 3278 duntaxat
2366 3221 2549 3290 pueris
2581 3218 2920 3273 administris
2954 3217 3030 3272 illi
3067 3219 3362 3276 concessis.
3393 3233 3485 3272 re-

1903 3318 2196 3386 liquerunt.
2220 3313 2356 3368 Tota
2385 3321 2568 3366 autem
2591 3311 2672 3365 vis
2701 3313 2813 3364 haac
2833 3319 2885 3364 et
2907 3310 3122 3364 vexatio
3147 3325 3214 3365 eo
3245 3311 3485 3378 pertine-

1903 3408 2016 3472 bat,
2029 3414 2086 3460 ut
2104 3404 2344 3476 lgnatius
2356 3401 2712 3458 abdicationis
2733 3401 2974 3455 libellum
3005 3402 3152 3456 scrib
3173 3410 3287 3465 iret,
3320 3415 3490 3469 spon.

1903 3508 2066 3568 teque
2111 3497 2310 3550 throno
2352 3492 2758 3564 patriarchatus
2811 3491 3048 3547 cederet.
3094 3491 3198 3546 Sed
3222 3493 3485 3563 lguatius,

1903 3603 2026 3642 cum
2069 3585 2256 3655 lupum
2290 3584 2344 3637 in
2386 3597 2602 3654 gregem
2635 3582 2889 3638 atrociter
2929 3583 3168 3652 grassari
3217 3595 3486 3646 cerneret,

1903 3685 2168 3747 quantum
2232 3681 2482 3743 poterat,
2535 3672 2798 3741 impetum
2859 3673 3208 3741 reprimebat.
3275 3671 3489 3740 Elapsis

1904 3775 2088 3821 autem
2129 3763 2272 3819 haud
2306 3762 2495 3817 multis
2527 3761 2654 3816 inde
2683 3762 2898 3827 diebus,
2932 3761 2988 3815 in
3033 3761 3267 3816 Numera
3311 3762 3487 3816 dedu-

1903 3868 2076 3924 ctum,
2117 3857 2172 3911 in
2215 3869 2436 3910 carcere
2479 3853 2688 3908 catenis
2733 3861 3008 3907 onerant:
3059 3853 3182 3906 dein
3235 3853 3486 3921 Augusto

1905 3963 2093 4006 mense
2118 3955 2424 4017 appetente,
2449 3945 2502 3998 in
2533 3943 2809 4012 navigium
2839 3943 3144 4012 conjectum
3171 3942 3483 4012 Mitylenem

1905 4041 2212 4108 deportant.
2238 4035 2404 4089 Porro
2421 4048 2518 4088 eos
2547 4032 2640 4102 qui
2667 4032 3007 4086 habebantur
3035 4032 3155 4100 ejus
3185 4030 3485 4085 familiares

1903 4140 1958 4186 et
2005 4130 2189 4192 amici,
2236 4123 2653 4181 immanissimis
2734 4124 3124 4178 cruciamentis
3202 4123 3486 4192 plagisque

1905 4220 2198 4276 letbalihus
2249 4215 2600 4272 aﬂiciebant:
2655 4229 2792 4285 quos
2840 4224 3021 4269 autem
3087 4215 3484 4269 humanissime

1907 4333 2232 4395 tractabant,
2251 4332 2448 4386 exsilio
2471 4331 2802 4396 multabant;
2837 4330 3125 4400 Blasioque
3147 4332 3482 4402 chartopby~

188 4417 297 4486 τῆς
316 4415 598 4480 ἀληθείας
625 4417 941 4486 παρρησίαν
964 4415 1472 4485 ἐγλωσσοτόμησαν.
1512 4414 1599 4466 Ἐν
1629 4413 1800 4467 Μιτυ·

1907 4428 2008 4482 laci
2036 4426 2104 4481 ob
2129 4426 2286 4479 tidem
2311 4435 2364 4478 et
2397 4423 2612 4478 dicendi
2644 4423 2946 4477 libertatem
2981 4423 3219 4493 linguam
3253 4423 3483 4478 detrun-

186 4507 344 4576 λὴνῃ
371 4507 435 4559 δὲ
463 4506 904 4578 διατρίϐοντος,ὁ
922 4506 1124 4568 Φώτιος
1137 4505 1236 4576 τὴν
1263 4507 1384 4559 κατ’
1405 4505 1566 4560 αὑτὸν
1600 4505 1804 4574 ἐκκλη-

195 4597 329 4650 σίαν
379 4598 497 4650 τῶν
527 4599 982 4668 πονηρευομένων
1031 4597 1370 4666 συναγαγὼν,
1403 4598 1498 4650 καὶ
1549 4595 1684 4666 πρὸς
1726 4593 1804 4666 τῷ

187 4690 332 4763 ἱερῷ
362 4690 602 4761 τεμένει
631 4689 738 4742 τῶν
767 4688 1104 4755 πανενδόξων
1133 4688 1468 4742 Ἀποστὸλων
1489 4688 1814 4756 γενόμενος,

179 4781 541 4852 καθαίρεσιν
563 4778 920 4848 ἀποφαίνεται
955 4779 1096 4832 κατὰ
1120 4778 1216 4831 τοῦ
1236 4779 1310 4850 μὴ
1343 4779 1611 4850 παρόντος
1628 4779 1803 4843 Ἰγναο

173 4871 339 4924 τίουο
370 4871 443 4924 οὐ
489 4870 659 4940 μόνον
691 4869 770 4934 δὲ,
805 4868 942 4922 ἀλλὰ
973 4869 1068 4922 καὶ
1089 4870 1480 4938 ἀναθεματίζει
1529 4870 1628 4922 καὶ
1670 4870 1804 4922 ἀπο·

172 4961 493 5032 κηρύττει,
557 4958 719 5022 αὐτὸς
777 4959 1080 5029 κατήγορος
1130 4962 1412 5028 γινόμενος
1463 4960 1557 5012 καὶ
1585 4959 1800 5028 κριτής.

166 5053 292 5108 Καὶ
319 5054 510 5113 ὅσους
553 5050 654 5121 μὲν
686 5048 833 5121 ἐώρα
885 5049 965 5120 τῷ
997 5048 1163 5103 αὐτοῦ
1199 5049 1387 5120 σκοπῷ
1415 5050 1509 5103 καὶ
1533 5052 1598 5119 τῇ
1627 5065 1803 5118 παρα-

160 5145 322 5215 λόγῳ
349 5141 582 5215 πράξει
613 5140 787 5219 ταύτῃ
814 5141 1160 5212 συνᾴδοντας,
1188 5142 1282 5195 καὶ
1306 5144 1416 5204 τοῖς
1458 5141 1803 5211 τελουμένοις

158 5235 668 5307 ὑπογράφοντας,
710 5233 768 5284 ἐν
793 5234 906 5295 τοῖς
949 5231 1186 5301 πρώτοις
1211 5232 1321 5288 τῶν
1361 5232 1531 5301 φίλων
1556 5235 1646 5285 καὶ
1673 5248 1804 5300 γνη-

155 5327 492 5381 σιωτὰτων
565 5317 681 5392 εἶχε
733 5321 1199 5394 συλλειτουργῶΨ
1255 5325 1371 5379 ὅσοι
1416 5323 1472 5377 δὲ
1497 5327 1563 5393 τῇ
1592 5324 1803 5392 ἀκρίτῳ

149 5419 363 5491 κρίσει
396 5415 927 5488 προσοχθήσαντες,
959 5415 1271 5470 συναινέσαι
1307 5418 1430 5479 ταῖς
1468 5415 1803 5483 ἀλογιστίαις

146 5513 421 5574 ταύταις
485 5507 598 5560 οὐκ
614 5507 924 5576 ἠϐούλοντο,
977 5507 1197 5572 τούτους
1235 5507 1314 5578 τῷ
1342 5508 1662 5580 πραιτωρίῳ
1709 5508 1803 5560 καὶ

147 5605 479 5676 φυλακαῖς
522 5599 887 5670 πολυτρόποις
931 5599 1436 5671 κολασθησομένους
1492 5598 1800 5670 παρεδίδου.

145 5699 410 5754 Πολλῶν
449 5693 565 5749 οὖν
601 5693 1083 5761 διαγογγυζόντων,
1119 5694 1212 5748 καὶ
1256 5694 1349 5748 ἐπὶ
1377 5695 1496 5757 ταῖς
1527 5692 1804 5764 ἀκρισίαις

1905 4524 2118 4574 carunt.
2176 4514 2387 4585 lgnatio
2418 4528 2582 4583 porro
2613 4511 2880 4582 Mitylenm
2919 4524 3317 4578 cominorantc,
3345 4514 3484 4567 Plio-

1905 4603 2013 4659 tius
2064 4602 2293 4657 ecclesia
2353 4601 2768 4672 malignantium
2824 4602 2925 4656 sibi
2981 4603 3220 4658 aliinium
3270 4616 3482 4669 coacta,

1905 4694 2144 4750 absentis
2189 4693 2404 4764 Ignatii,
2448 4693 2501 4747 in
2546 4693 2662 4762 ipso
2696 4693 3217 4761 gloriosissimorum
3263 4706 3486 4764 aposto-

1905 4785 2083 4841 lorum
2133 4785 2356 4854 templo,
2409 4784 2910 4839 exauctorationem
2959 4784 3273 4853 pronuntiat
3321 4804 3335 4839 :
3383 4802 3485 4840 nec

1903 4877 2223 4950 pronuntiat
2274 4886 2508 4936 tantum,
2541 4875 2635 4930 sed
2682 4875 3025 4929 anathemate
3053 4875 3318 4944 lgnatium
3359 4875 3485 4930 ferit

1903 4969 2274 5036 damnatque;
2322 4975 2375 5019 et
2415 4966 2731 5019 damnatum
2782 4965 2924 5018 idem
2974 4975 3280 5028 accusator,
3337 4965 3478 5020 idem

1899 5059 2066 5128 judex
2117 5056 2436 5127 proclamat.
2483 5055 2586 5120 Qui
2618 5069 2758 5124 quos
2810 5053 3032 5109 factioni
3083 5070 3196 5111 sum
3235 5058 3478 5121 studere,

1903 5149 2172 5218 factisque
2213 5147 2422 5201 insanis
2453 5145 2718 5205 accinere.
2753 5161 2817 5200 ac
2859 5144 3092 5202 decretis
3137 5147 3480 5202 subscribere

1903 5239 2138 5301 videbat,
2177 5236 2276 5290 hos
2306 5250 2435 5290 vero
2467 5235 2606 5290 inter
2653 5235 2872 5290 intimos
2914 5236 3118 5291 amicos
3147 5251 3210 5290 ac
3243 5252 3481 5308 symmy-

1903 5339 2016 5385 stas
2043 5327 2251 5382 habuit.
2281 5325 2384 5392 Qui
2423 5336 2604 5381 autem
2631 5326 2750 5394 ejus
2779 5329 3011 5382 amentia
3043 5327 3476 5389 offende-bantur,

1905 5421 2157 5490 factaque
2191 5422 2274 5487 (ut
2301 5417 2394 5487 qui
2425 5420 2641 5472 sincero
2665 5417 2872 5487 judicio
2899 5417 3096 5490 forent)
3127 5435 3232 5473 non
3282 5419 3480 5488 proba-

1906 5514 2055 5573 bant.
2080 5511 2335 5582 praetorio
2351 5519 2402 5564 et
2418 5509 2648 5563 vinculis
2679 5510 2912 5579 pessime
2933 5519 3182 5580 acceptos
3210 5511 3477 5567 tradebat.

1905 5601 2087 5657 Multis
2118 5583 2746 5670 igitur'mussitantibus,
2770 5599 3123 5668 improbaque
3145 5598 3322 5654 Photii
3355 5611 3476 5654 acta

1905 5691 2292 5748 damuantibus
2325 5707 2340 5758 ;
2370 5689 2503 5759 quin
2531 5697 2585 5745 et
2609 5690 2728 5760 ipse
2760 5687 2986 5744 Photius
3016 5705 3137 5745 cum
3175 5689 3291 5746 suis
3314 5690 3478 5746 factis
