4022 6410
294 277 404 342 517

1343 273 1515 334 VITA
1554 271 1611 330 S.
1646 270 1942 331 IGNATII
1983 272 2088 333 (ΖΡ.
2124 274 2472 334 ARCHIEP.

3437 285 3542 350 518

296 394 514 444 πάντας
544 387 754 455 ἀξίναις
781 386 1165 456 κατεμέλισαν.
1198 387 1415 439 Τούτων
1443 386 1501 438 δέ
1525 386 1633 440 τῶν
1663 402 1872 454 συμφο-

2001 387 2108 441 ioni
2141 389 2359 443 assidue
2393 389 2655 454 intentus,
2693 404 2723 443 a
2758 389 2865 444 Deo
2887 391 3152 459 judicium
3180 403 3234 449 et
3259 397 3548 458 auxilium.

295 479 414 552 ρῶν
443 480 648 541 ἐκεῖνος
676 477 982 540 ἐπακούων,
1008 477 1136 548 μίαν
1159 477 1464 546 ἀεὶταύτην
1493 477 1585 529 ἐπὶ
1613 478 1879 546 στόματος

299 565 420 639 εἶχε
455 570 675 638 φωνήν·
732 569 794 621 '0
845 568 1060 634 Κύριος
1112 567 1355 632 ἔδωκεν,
1387 571 1419 620 ό
1468 568 1682 634 Κύριος
1718 567 1884 634 ἀφεί-

302 663 481 713 ⁸ἶετο·
543 659 619 724 ὡς
664 657 744 722 τῷ
788 659 980 726 Κυρίῳ
1039 657 1316 736 ἓὸοξενη
1354 658 1542 722 οὕτως
1595 657 1876 726 ἐγένετο,

294 751 400 805 καὶ
446 750 520 802 τὰ.
555 750 682 818 ἐξῆς
718 749 926 812 ὀὕτως
974 750 1332 820 εὐχαριστῶν,
1368 751 1461 802 καὶ
1495 751 1613 813 ταῖς
1649 767 1878 819 προσευ-

293 842 422 910 χαῖς
446 839 809 902 ἀδιαλείπτως
839 839 974 910 πρὸς
1015 841 1106 892 τὸν
1149 841 1280 892 Θεὸν
1312 840 1749 910 ἀνατεινόμενος,
1778 843 1876 911 τήν

295 931 438 1002 παρ’
461 929 626 984 αὐτοῦ
658 930 841 1000 κρίσιν
865 933 958 985 καὶ
982 929 1236 1002 βοήθειαν
1261 930 1598 993 ἐπεκαλεῖτο,
1639 931 1877 1000 ματαίαν

293 1022 358 1075 δὲ
407 1022 584 1074 πᾶσαν
636 1020 736 1089 τὴν
785 1021 893 1072 ἀπὸ
939 1020 1048 1074 τῶν
1083 1023 1303 1091 κρατεῖν
1336 1019 1638 1073 δοκούντων
1690 1023 1875 1090 ήγείτο

297 1113 578 1184 σωτηρίαν
601 1129 615 1144 ο
650 1112 767 1180 οἵγε
797 1112 887 1164 καὶ
925 1113 1088 1182 ἡνίκα
1115 1113 1303 1165 τοῦτον
1335 1112 1688 1182 τηλικαύταις
1717 1130 1879 1184 περιέ·

298 1208 492 1258 πεσεῖν
525 1204 707 1266 ἀνίαις
748 1204 987 1273 ἥκουσαν
1036 1204 1131 1256 καὶ
1185 1204 1418 1268 θλίψεσι,
1467 1205 1720 1258 τοσοῦτον
1772 1207 1878 1258 ἀπ-

298 1298 465 1367 έσχον
492 1296 586 1349 τοῦ
619 1296 975 1366 συμπαθῆσαι
1024 1295 1119 1349 καὶ
1171 1297 1698 1367 παραμυθήσασθαι,
1733 1296 1876 1351 ὥστε

302 1390 400 1440 καὶ
428 1387 604 1454 λύπης
631 1387 909 1456 πρόφασιν
935 1385 1268 1457 ἡγήσασθαι,
1297 1389 1378 1441 ὅτι
1407 1388 1481 1458 μὴ
1505 1388 1598 1440 καὶ
1623 1388 1784 1451 αὐτὸς
1809 1393 1874 1460 τῇ

300 1478 618 1549 βαρϐαρικῇ
653 1478 797 1531 ἐάλω
830 1479 994 1549 χειρὶ,
1031 1480 1123 1531 καὶ
1154 1481 1268 1540 τοῖς
1291 1479 1508 1541 οἰκείοις
1537 1480 1874 1550 συνανῃρέθη

298 1570 494 1623 παισίν
519 1586 534 1600 ο
569 1570 631 1623 οὐ
667 1568 868 1638 μᾶλλον
921 1568 1285 1638 εὐθυμοῦντες
1315 1569 1409 1622 ἐπὶ
1439 1572 1550 1630 τοῖς
1591 1570 1874 1640 ἀνῃρημέ-

298 1679 436 1725 νοις,
474 1661 506 1733 ἢ
547 1662 841 1732 ἀνιώμενοι
871 1661 965 1714 ἐπὶ
1003 1663 1069 1732 τῇ
1110 1660 1353 1732 σωτηρία
1384 1659 1479 1712 τοῦ
1507 1661 1736 1715 δικαίου.
1765 1662 1877 1714 Καὶ

295 1754 361 1804 οὐ
393 1753 729 1822 θαυμαστόν.
788 1753 948 1822 Ψυχὴ
990 1753 1099 1821 γάρ
1150 1753 1301 1804 πᾶσα
1349 1751 1450 1820 τῆς
1494 1751 1715 1820 ἀγάπης
1779 1753 1880 1822 μὲν

302 1843 729 1914 ἀλλωριωθεῖσα
749 1882 764 1906 ,
792 1843 884 1895 τοῦ
907 1843 965 1895 δέ
995 1842 1187 1911 μίσους
1214 1841 1644 1913 ἀναπλησθεῖσα,
1677 1844 1772 1898 καὶ
1805 1845 1880 1908 ὡς

304 1932 482 2003 πυρὸς
507 1932 599 1984 ὐπ’
630 1933 796 1985 αὐτοῦ
827 1932 1221 2004 δαπανωμένη,
1263 1933 1392 2003 μίαν
1425 1933 1631 2004 ταύτης
1659 1937 1878 2003 ήγεῖται

301 2024 400 2076 τοῦ
433 2024 636 2087 πάθους
661 2023 965 2094 ἀναψυχὴν,
989 2024 1088 2092 τὴν
1120 2025 1391 2078 ἀπώλειαν
1408 2024 1501 2077 τοῦ
1527 2028 1879 2095 μισουμένου.

307 2116 385 2166 Οὐ
424 2115 557 2166 πολὺ
590 2115 651 2167 τὸ
686 2115 744 2166 ἐν
773 2115 945 2184 μέσῳ,
977 2116 1068 2168 κα)⁸
1095 2115 1258 2169 πάλιν
1290 2116 1562 2186 συνέδρια,
1597 2117 1758 2170 πάλιν
1777 2120 1880 2189 ἀρ-

313 2203 520 2272 χόντων
550 2205 639 2257 καὶ
664 2205 966 2275 ἀρχιερέων
998 2205 1138 2259 κατὰ
1167 2206 1260 2259 τοῦ
1295 2205 1472 2260 ἀθώου
1501 2207 1877 2279 βουλευτήρια·

312 2296 345 2346 ό
372 2293 474 2364 μὲν
511 2289 603 2347 οὖν
642 2298 713 2355 είς
741 2296 810 2349 τά
861 2296 1080 2359 Ποσέως
1118 2297 1372 2367 ἐκάθητο,
1415 2298 1513 2368 τὴν
1545 2302 1667 2353 κατ’
1714 2300 1880 2354 αὐτοῦ

315 2385 631 2454 σκευωρίαν
656 2384 1027 2456 ὑφορώμενος.
1075 2385 1278 2448 Φώτιος
1309 2386 1365 2440 δέ
1399 2387 1497 2458 τὴν
1552 2389 1673 2442 κατ’
1721 2390 1883 2443 αὐτὸν

311 2473 614 2543 ἐκκλησίαν
644 2477 736 2528 καὶ
764 2476 891 2540 τοὺς
917 2475 1026 2529 ἀπὸ
1054 2477 1155 2546 τῆς
1191 2477 1408 2548 Ῥώμης
1437 2479 1671 2549 ἥκοντας
1702 2480 1883 2535 λαϐὼν

307 2567 713 2637 τοποτηρητάς,
749 2568 840 2621 τόν
875 2567 1018 2640 ἱερὸν
1047 2567 1154 2620 τῶν
1196 2569 1536 2623 Ἀποστόλων
1567 2572 1885 2643 κατειλήφει

307 2655 461 2710 ναόν.
499 2659 758 2730 Παρῆσαν
787 2647 882 2712 καὶ
906 2661 954 2712 οἱ
987 2659 1249 2730 βασιλεῖς,
1289 2665 1540 2733 παρῆσαν
1564 2663 1657 2716 καὶ
1686 2664 1885 2730 πάντες

307 2747 360 2798 οἱ
391 2746 671 2817 ἄρχοντες,
697 2752 792 2803 καὶ
823 2752 973 2804 παῖσα
1006 2750 1192 2820 σχεδὸν
1221 2753 1254 2820 ή
1285 2751 1436 2815 πόλις
1464 2753 1715 2822 παρῆσαν
1746 2756 1884 2808 ἐκεῖ.

322 2838 544 2909 Ἐπειδὴ
590 2835 683 2893 οὖν
738 2841 1215 2910 συνεληλύθεισαν,
1271 2843 1488 2914 πρῶτον
1535 2845 1632 2914 μὲν
1671 2845 1886 2917 Βαάνην

308 2931 698 2998 πραιπόσιτον,
731 2930 822 2984 τὸν
859 2933 1126 3004 Ἀγγορὴν
1169 2934 1618 3005 ἐπικαλούμενον,
1670 2938 1766 2990 καὶ
1794 2937 1889 2992 ἀλ·

307 3017 439 3082 λους
466 3019 522 3072 δέ
552 3038 703 3080 τινας
731 3023 1184 3093 ἐξουθενημένους
1218 3025 1522 3093 Ῥωμαίους
1548 3026 1682 3098 πρὸς
1717 3027 1889 3096 Ἰγνά-

306 3125 429 3162 τιον
463 3112 914 3184 ἀποκρισιαρίους
963 3115 1420 3186 προχειρίζονται.
1470 3117 1533 3170 Οἳ
1567 3119 1662 3172 καὶ
1707 3137 1888 3189 παρα-

307 3201 604 3272 γενόμενοι
624 3241 640 3266 ,
691 3202 753 3255 Ἦ
788 3203 1018 3273 μεγάλη,
1050 3205 1202 3271 φασὶ,
1226 3205 1320 3257 καὶ
1350 3205 1473 3274 ίερά
1498 3205 1713 3270 σύνοδος
1736 3208 1892 3263 καλεῖ

309 3306 380 3342 σε
407 3291 547 3360 πρὸς
586 3291 819 3360 ἐαυτήν·
851 3291 973 3343 ἐλθέ
1017 3294 1203 3361 τάχιον
1242 3291 1715 3363 ἀπολογησόμενος
1755 3295 1890 3364 πρὸς

311 3379 389 3432 τὰ
419 3380 646 3442 δικαίως
672 3379 704 3450 ἢ
733 3379 934 3443 ἀδίκως
984 3379 1357 3450 θρυλλούμενα
1404 3382 1547 3435 κατά
1582 3382 1696 3436 σοῦ.
1737 3385 1794 3436 ’0
1832 3383 1889 3437 δέ

310 3470 615 3539 μακάριος,
642 3470 869 3534 Είπατε,
899 3471 1086 3541 φησὶν,
1119 3471 1276 3537 ἀξιῶ,
1305 3471 1420 3535 πῶς
1450 3472 1778 3542 ἐλεύσομαι;
1817 3474 1892 3538 ώς

308 3561 641 3622 ἐπίσκοπος,
672 3561 705 3630 ἢ
738 3561 994 3630 ἱερεὺς,ἢ
1031 3560 1407 3632 θεραπευτής;
1441 3564 1502 3615 Οί
1541 3563 1618 3628 δὲ,
1655 3563 1730 3635 μή
1758 3565 1894 3618 εἰδέ-

309 3666 413 3702 ναι
445 3651 496 3701 τί
541 3651 679 3721 πρὸς
723 3651 894 3703 ταῦτα
947 3651 1337 3720 ἀποκριθῶσιν,
1387 3648 1567 3706 είποψ
1609 3654 1770 3708 Ἀλλά
1800 3653 1894 3708 νῦν

309 3739 580 3803 ἀπιόντες
631 3741 768 3810 πρὸς
814 3741 940 3803 τοὺς
993 3741 1440 3806 ἀποστείλαντας,
1489 3743 1714 3812 βεϐαίαν
1759 3744 1896 3798 ἀπό-

311 3847 509 3902 κρισιν
556 3829 712 3894 αὖθις
770 3830 939 3894 ἰόντες
970 3829 1292 3900 κομιούμεν.
1319 3834 1397 3904 Τῇ
1429 3832 1522 3886 οὖν
1548 3835 1810 3906 ἐπαύριον
1847 3836 1896 3888 οἱ

313 3930 484 3983 αὐτοὶ
536 3929 991 4000 παραγενόμενοι,
1025 3929 1089 3981 Οἱ
1129 3927 1497 3999 τοποτηρηταὶ
1526 3925 1626 3995 τῆς
1659 3924 1897 3995 πρεσϐυ-

312 4021 515 4091 τέρας,
550 4019 780 4088 ἐφασαν,
825 4019 1060 4090 Ῥώμης,
1111 4018 1419 4081 Ῥοδόαλδος
1464 4015 1560 4070 καὶ
1603 4015 1896 4102 Ζαχαρίας,

309 4111 393 4164 δι’
425 4109 583 4181 ήμῶν
614 4110 722 4164 τῶν
764 4110 998 4174 ἀναξίων
1033 4107 1254 4179 δηλοῦσι
1299 4107 1453 4160 τάδε·
1490 4107 1583 4170 Εἰς
1609 4107 1708 4176 τὴν
1737 4106 1900 4174 ἀγίαν

313 4204 422 4258 καὶ
449 4204 834 4272 οἱκουμενικὴν
884 4200 1098 4254 σύνοδον
1143 4198 1527 4268 ἀνυπερθέτως
1569 4197 1899 4266 ἀπάντησον,

315 4295 400 4356 ὡς
427 4293 543 4362 ἔχει
576 4309 672 4346 σου
699 4293 732 4362 ή
765 4291 1091 4362 συνείδησις.
1123 4291 1297 4353 Εὐθὺς
1327 4285 1422 4342 οὖν
1451 4289 1551 4361 τὴν
1589 4290 1904 4358 ἀρχιερατιο

1908 1695 1972 1788 Β,

1915 3074 1961 3136 C

1987 479 2194 533 nullam
2222 495 2252 533 a
2286 480 2625 549 principibus
2655 481 2882 536 salutem
2916 495 3262 554 exspectans,
3289 488 3550 558 implora-

1982 566 2094 621 bat.
2121 567 2254 622 Nam
2282 569 2378 634 illi,
2414 569 2504 624 ubi
2542 569 2687 625 hunc
2728 572 2895 624 lautis
2927 586 3247 640 oppressum
3309 577 3466 632 malis
3495 585 3554 633 et

1980 661 2240 715 aerumnis
2276 660 2642 726 audiverunt,
2697 654 2908 718 tantum
2971 664 3123 719 abest
3173 675 3229 718 ut
3282 668 3550 737 dolerent,

1981 749 2062 804 vel
2099 749 2354 803 amictum
2391 751 2720 814 solarentur,
2763 760 2823 805 ut
2860 753 3082 808 moleste
3131 756 3294 810 etiam
3324 756 3549 825 ferrent,

1980 855 2102 895 cum
2137 856 2246 895 non
2279 857 2402 896 cum
2430 841 2747 897 domesticis
2779 843 2894 898 suis
2927 844 3211 900 barbarica
3243 848 3294 900 vi
3329 860 3548 918 captum

1981 930 2291 985 interiisse:
2323 947 2431 984 non
2475 931 2646 1002 magis
2696 931 2802 986 lazti
2855 932 2922 986 de
2975 933 3339 1003 interemptis,
3387 952 3554 1005 quam

1983 1023 2163 1076 tristes
2201 1026 2270 1076 de
2294 1023 2469 1076 salute
2497 1021 2628 1091 justi
2663 1022 2917 1076 viventis.
2949 1012 3102 1087 Quod
3134 1024 3335 1079 mirum
3377 1027 3554 1081 videri

1981 1127 2089 1166 non
2105 1113 2263 1166 debet
2283 1132 2297 1167 :
2321 1128 2474 1167 mens
2491 1113 2634 1165 enim
2651 1114 2794 1166 omni
2815 1112 3083 1168 charitate
3103 1113 3379 1182 destituta,
3402 1115 3559 1172 odio-

1981 1218 2087 1272 que
2116 1203 2332 1271 penitus
2363 1202 2586 1266 imbuta,
2613 1203 2761 1257 velut
2783 1204 2907 1273 igne
2936 1205 3181 1274 subjecto
3204 1217 3554 1276 consumpta,

1979 1294 2099 1363 ejus
2125 1309 2284 1363 quem
2319 1293 2454 1358 odit,
2491 1295 2743 1361 exitium,
2793 1296 3011 1350 unicum
3070 1305 3225 1367 putat
3284 1299 3413 1353 mali
3468 1299 3558 1355 sui

1980 1384 2364 1438 levamentum.
2392 1383 2499 1439 Nec
2531 1386 2762 1440 multum
2791 1389 3052 1456 temporis
3081 1387 3259 1452 ﬂuxit,
3313 1399 3370 1444 ct
3425 1407 3559 1445 rur-

1980 1491 2102 1530 sum
2131 1477 2512 1542 conciliabula,
2554 1493 2748 1533 rursus
2797 1479 3103 1548 principum
3143 1489 3197 1534 et
3237 1481 3556 1550 pontiﬁcum

1981 1568 2247 1624 adversus
2301 1578 2551 1623 sanctum
2601 1571 3000 1626 conventicula.
3073 1573 3251 1642 Atque
3312 1574 3555 1643 lgnatius

1981 1658 2200 1726 quidem
2237 1659 2291 1711 in
2324 1658 2532 1713 aedibus
2561 1657 2765 1713 Poseos
2789 1662 3124 1725 morabatur,
3152 1663 3556 1733 insidiosasque

1984 1757 2170 1802 contra
2200 1763 2258 1802 se
2279 1749 2711 1805 machinationes
2742 1752 3086 1805 observabat.
3122 1752 3347 1808 Photius
3373 1764 3554 1809 autem

1985 1857 2111 1896 cum
2156 1856 2252 1894 sua
2303 1824 2558 1902 factione,
2617 1849 2671 1894 et
2725 1841 2909 1896 missis
2967 1843 3035 1896 ab
3085 1844 3217 1897 urbe
3284 1847 3558 1912 pontiﬁcis

1987 1933 2195 2000 legatis,
2228 1948 2441 1987 sacram
2470 1933 2862 2002 Apostolorum
2891 1935 3058 1987 aedem
3086 1944 3399 2004 occuparat.
3427 1937 3562 1990 Ade-

1988 2033 2116 2078 rant
2170 2010 2548 2092 imperatores,
2579 2024 2804 2078 aderant
2837 2032 2890 2078 et
2928 2026 3202 2094 principes
3233 2028 3438 2089 cuncti,
3469 2036 3557 2081 to-

1987 2125 2151 2180 taque
2175 2130 2342 2184 prope
2386 2116 2577 2168 civitas
2628 2114 2984 2168 conﬂuxerat.
3041 2113 3369 2182 Frequentes
3426 2131 3560 2186 ergo

1988 2223 2112 2262 cum
2143 2209 2420 2268 adessent,
2449 2206 2681 2273 primum
2712 2205 2946 2260 Baanem
2978 2207 3328 2275 praepositum
3355 2222 3560 2276 cogno-

1989 2309 2176 2355 mento
2210 2300 2506 2368 Angoram,
2544 2297 2791 2366 aliosque
2822 2297 3118 2351 nonnullos
3175 2313 3241 2350 ex
3274 2298 3559 2352 vilioribus

1989 2388 2279 2451 Romanis,
2327 2386 2709 2456 apocrisiarios
2738 2385 2803 2438 ad
2835 2384 3097 2453 lgnatium
3126 2385 3417 2438 destinant.
3452 2386 3560 2452 Qui

1989 2495 2176 2536 coram
2209 2478 2437 2547 lgnatio,
2467 2475 2680 2545 Magna,
2723 2475 2995 2543 inquiunt,
3031 2483 3085 2528 et
3118 2489 3270 2528 sacra
3304 2476 3545 2545 synodus

1991 2583 2042 2627 te
2067 2572 2217 2627 citat.
2258 2570 2672 2639 Quamprimum
2702 2583 2832 2636 ergo
2861 2567 3016 2632 ades,
3055 2582 3277 2620 causam
3315 2567 3380 2620 de
3403 2568 3558 2634 ohje-

1987 2666 2094 2719 etis
2130 2665 2226 2718 tibi
2249 2664 2366 2718 sive
2393 2662 2558 2726 veris,
2588 2661 2702 2714 sive
2725 2658 2878 2714 falsis
2908 2658 3230 2712 criminibus
3283 2659 3556 2712 dicturus.

1990 2754 2093 2809 Hic
2130 2754 2322 2808 beatus
2359 2770 2374 2806 :
2405 2752 2582 2821 Agite,
2632 2751 2834 2819 inquit,
2880 2750 3129 2812 obsecro,
3174 2751 3449 2818 quomodo
3471 2766 3566 2803 ve-

1993 2839 2184 2894 niam?
2214 2855 2284 2894 an
2319 2847 2378 2894 ut
2408 2840 2714 2908 episcopus.
2739 2853 2808 2891 an
2838 2836 3116 2900 sacerdos,
3135 2851 3203 2890 an
3227 2837 3562 2891 monachus?

1993 2931 2070 2987 llli
2108 2931 2376 2986 merentes
2417 2947 2431 2983 :
2471 2929 2646 2988 Nunc,
2682 2928 2957 2997 inquiunt,
3006 2927 3244 2991 abimus,
3271 2943 3392 2981 cras
3416 2929 3480 2980 ad
3509 2936 3564 2982 te

1994 3033 2140 3078 certa
2171 3022 2412 3076 relaturi.
2443 3018 2712 3072 Postridie
2753 3020 2921 3087 igitur
2951 3017 3112 3070 iidem
3154 3018 3358 3071 reversi
3409 3032 3424 3070 :
3455 3017 3563 3070 Le-

1992 3117 2122 3186 gati,
2163 3114 2436 3183 inquiunt,
2469 3111 2668 3165 veteris
2719 3109 2905 3162 Romae
2927 3148 2945 3174 ,
3004 3108 3352 3162 lihodoaldus
3381 3116 3436 3161 et
3459 3107 3566 3180 za-

1992 3202 2232 3267 charias,
2268 3216 2365 3270 per
2385 3214 2486 3254 nos
2511 3199 2764 3267 indignos
2785 3199 2896 3252 haec
2924 3198 3177 3251 nuntiant
3201 3197 3316 3262 tibi,
3342 3199 3417 3251 uti
3447 3198 3566 3252 sine

1993 3308 2143 3348 mora
2163 3293 2229 3346 ad
2259 3299 2503 3346 sanctam
2530 3300 2583 3345 et
2627 3288 3021 3344 (ecutnenicam
3070 3288 3340 3358 synodum
3390 3287 3564 3351 adsis,

1994 3395 2054 3439 ut
2080 3393 2170 3438 tua
2200 3381 2537 3438 conscientia
2569 3380 2664 3434 tibi
2700 3379 2888 3432 dictat.
2954 3377 3094 3446 Ergo
3129 3379 3437 3449 (lgnatius)
3470 3396 3569 3433 ex-

1994 3476 2197 3544 templo
2231 3489 2446 3529 saerum
2477 3471 2805 3542 patriarcha:
2855 3480 3109 3524 ornatum
3161 3471 3402 3534 indutus,
3443 3485 3568 3525 cum

1995 3570 2267 3639 episc0pis
2290 3575 2340 3620 et
2364 3565 2534 3628 clero,
2565 3578 2873 3632 magnaque
2905 3562 3283 3631 religiosorum
3315 3561 3572 3631 frequen-

1996 3662 2090 3725 tia,
2143 3658 2455 3725 civiumque
2507 3669 2778 3709 concursu
2808 3662 2862 3708 et
2907 3653 3189 3715 comitatu,
3237 3654 3379 3706 viam
3410 3655 3573 3721 pedes

1996 3751 2300 3820 ingressus,
2333 3762 2456 3802 cum
2489 3745 2555 3798 ad
2591 3746 2760 3799 aedem
2793 3743 2974 3798 saneti
3008 3742 3250 3812 Gregorii
3287 3741 3570 3808 Theologi,

1997 3843 2088 3897 ubi
2121 3855 2255 3894 crux
2280 3839 2332 3892 in
2383 3836 2554 3890 media
2589 3835 2798 3902 publica
2828 3835 2911 3886 via
2955 3847 3275 3886 marmoreae
3305 3833 3573 3886 columna:

2000 3931 2258 4000 imposita
2311 3936 2414 3991 est,
2463 3927 2725 3988 venisset,
2775 3922 3012 3977 Joannes
3059 3924 3340 3991 patricius,
3393 3921 3574 3976 Coxes

2001 4029 2380 4090 nuncupatus,
2442 4018 2516 4071 illi
2575 4017 2846 4080 occurrit;
2907 4030 3073 4083 seque
3125 4014 3194 4067 ab
3242 4014 3574 4082 imperatore

2003 4117 2232 4167 missum
2267 4111 2438 4174 dicit;
2471 4123 2535 4161 ac
2571 4108 2674 4161 nisi
2709 4108 2918 4176 privata
2954 4115 3008 4158 et
3049 4104 3249 4158 usitata
3311 4103 3573 4156 monachi

2002 4212 2155 4255 veste
2199 4197 2462 4268 prodiret,
2501 4195 2550 4249 ei
2595 4194 2786 4262 capitis
2817 4191 3115 4262 periculum
3156 4203 3218 4242 ac
3247 4180 3572 4257 supplicium

2003 4289 2310 4344 imminere.
2339 4285 2498 4338 Paret
2537 4283 2620 4335 vir
2677 4291 2924 4344 sanctus,
2972 4280 3290 4349 synodoque
3340 4276 3571 4329 sistitur.

319 4387 430 4456 κὴν
465 4384 659 4456 στολήν
690 4386 894 4447 ἐκεῖνος
930 4383 1311 4452 ἐνδυσάμενος,
1346 4381 1442 4434 σὺν
1470 4381 1787 4442 ἐπισκόποις
1808 4378 1890 4432 καὶ

2006 4383 2297 4450 Apponunt
2323 4376 2461 4430 duos
2492 4387 2655 4443 supra
2701 4370 3040 4440 septuaginta
3091 4358 3340 4436 perjui'os
3388 4373 3576 4432 testes,

325 4475 747 4545 πρεσϐυτέροις,
797 4475 892 4527 καὶ
923 4473 1116 4544 πλήθει
1173 4471 1352 4542 πολλῷ
1410 4469 1659 4542 μοναχῶν
1702 4486 1762 4522 τε
1808 4470 1904 4522 καὶ

329 4563 562 4629 λαῐκῶν,
591 4564 756 4635 ἀπῄει
781 4563 1120 4634 πεζοπορῶν.
1143 4563 1378 4633 Πλησίον
1401 4562 1458 4615 δέ
1487 4560 1579 4614 τοῦ
1609 4559 1735 4616 ναοῦ
1760 4561 1906 4632 Γρηα

334 4657 524 4727 γορίου
561 4659 653 4710 τοῦ
698 4657 983 4726 Θεολόγου,
1019 4655 1152 4708 ὅπου
1185 4654 1418 4726 σταυρὸς
1467 4655 1525 4707 ἐν
1577 4653 1908 4726 μαρμαρίνῳ

334 4752 478 4803 κίονι
523 4749 667 4803 κατὰ
696 4749 861 4822 μέσον
887 4747 1256 4818 ἀνεστήλωται
1286 4747 1381 4816 τῆς
1410 4747 1713 4817 λεωφόρου,
1752 4762 1910 4814 γενο-

335 4841 508 4910 μένῳ,
547 4841 804 4912 Ἰωάννης
836 4841 1147 4910 πατρίκιος,
1190 4841 1218 4891 ό
1247 4838 1428 4908 Κόξης
1453 4837 1766 4908 λεγόμενος,
1801 4837 1909 4890 ἀπ-

331 4931 573 5003 ήντησεν
607 4930 778 5001 αὐτῷ,
803 4931 977 5000 λέγων
1006 4931 1114 4984 ἀπὸ
1143 4928 1236 4982 τοῦ
1267 4927 1531 4999 βασιλέως
1551 4926 1908 4990 ἀπεστάλθαι,

330 5021 432 5074 καὶ
469 5020 736 5086 ἀπειλῶν,
768 5021 844 5084 ὡς
876 5023 925 5073 εἰ
961 5021 1035 5091 μὴ
1065 5017 1391 5088 παγανεύων
1434 5018 1490 5069 ἐν
1520 5016 1798 5087 μοναχικῷ
1835 5014 1911 5086 τῷ

322 5111 563 5182 συνήθει
610 5112 849 5182 σχήματι
879 5111 1151 5181 προέλθοι,
1182 5109 1412 5164 θάνατον
1440 5107 1784 5178 ἐπηρτῆσθαι
1814 5107 1912 5177 τὴν

317 5204 564 5274 ζημίαν.
600 5205 665 5258 Ὃ
700 5206 793 5258 καὶ
841 5205 1180 5274 πεποιηκότα
1235 5201 1326 5254 τὸν
1379 5200 1621 5270 ἀοίδιμον
1669 5199 1748 5268 τῷ
1784 5215 1912 5251 συν-

313 5293 501 5364 εδρίῳ
524 5295 960 5365 παρεστήσαντο.
995 5294 1106 5346 Καὶ
1133 5292 1198 5364 δὴ
1230 5291 1653 5361 παριστάνουσιν
1682 5290 1913 5361 ἐϐδομή-

310 5401 506 5441 κοντα
552 5387 646 5439 καὶ
690 5384 784 5438 δύο
828 5385 1304 5456 ψευδομάρτυρας,
1338 5381 1430 5445 οὒς
1455 5383 1520 5436 ἐκ
1549 5381 1743 5435 πολλοῦ
1780 5398 1914 5453 προ-

309 5475 734 5547 ητοιμάσαντο,
759 5476 1078 5544 ἀνθρώπους
1109 5473 1325 5537 ἀσεϐεῖς
1359 5473 1588 5536 πάντας,
1622 5471 1912 5541 ἀγελαίους

303 5567 435 5622 καὶ
463 5567 882 5636 συγκλητικοὺς,
915 5561 990 5621 ὧν
1024 5569 1209 5636 ήγεῖτο
1237 5564 1392 5619 Λέων
1443 5563 1735 5633 πατρίκιος
1765 5563 1912 5615 ἐκεῖ·

303 5672 451 5721 νος,
487 5654 518 5708 ὅ
543 5655 820 5726 Κρητικὸς
845 5655 1273 5727 ὀνομαζόμενος,
1313 5654 1407 5708 καὶ
1441 5651 1788 5715 Θεοδοτάκνιος
1809 5667 1911 5702 πα-

2007 4487 2146 4543 quos
2175 4470 2290 4540 jam
2338 4467 2464 4522 olim
2517 4465 2713 4534 impios
2745 4478 2934 4517 omnes
2967 4465 3349 4519 suliornarant,
3387 4471 3578 4525 grega-

2008 4563 2301 4632 tiosjuxta
2332 4573 2397 4613 ac
2445 4556 2794 4619 senatorios;
2853 4567 3086 4621 quorum
3143 4549 3250 4603 dux
3303 4555 3421 4600 erat
3472 4543 3582 4596 Leo

2009 4652 2269 4723 patricius
2295 4656 2653 4718 cognomento
2687 4643 2957 4708 Creticus,
2989 4649 3044 4694 et
3087 4637 3384 4693 secundum
3426 4634 3580 4686 illurn

2008 4740 2412 4796 Theodolacius
2435 4739 2564 4791 item
2585 4734 2870 4805 patricius,
2891 4730 2976 4783 cui
3004 4737 3057 4782 et
3089 4727 3314 4796 pcrjurii
3344 4726 3578 4794 pretium

2012 4832 2257 4904 magistri
2291 4829 2534 4898 dignitas
2579 4825 2756 4879 delata
2789 4834 2892 4877 est.
2937 4820 3032 4873 llis
3067 4819 3306 4884 reliquos
3335 4831 3398 4868 ex
3441 4829 3580 4866 uno-

2011 4935 2228 4992 quoque
2260 4919 2428 4988 gradu
2458 4924 2713 4983 sorteque
2739 4913 2819 4967 vel
2843 4909 3164 4964 deterrimos
3192 4905 3581 4974 adjunxerunt.

2013 5012 2197 5080 Neque
2227 5008 2326 5062 hos
2359 5014 2589 5066 tantum,
2619 5003 2711 5056 sed
2747 5016 2884 5068 quos
2913 4997 3236 5064 dibaptistas
3270 4992 3583 5061 appellitant

2015 5102 2319 5157 literetieos.
2353 5101 2549 5167 Atque,
2591 5095 2743 5148 utita
2783 5092 2981 5152 dicam,
3010 5103 3075 5142 ex
3116 5088 3264 5139 omni
3295 5085 3578 5138 hominum

2014 5194 2145 5247 faece
2173 5199 2227 5244 et
2251 5187 2479 5241 colluvie
2510 5185 2854 5254 turpissimos
2883 5193 3131 5248 quosque
3187 5175 3584 5245 nequissimos-

2015 5297 2120 5353 que
2151 5294 2286 5334 auro
2321 5278 2759 5346 dignitatumque
2789 5268 3276 5343 pollicitationibus
3307 5267 3578 5322 inductos,

2015 5368 2331 5438 singillatim
2391 5366 2790 5435 produxerunt,
2850 5361 2942 5432 qui
2993 5359 3161 5425 jurati
3231 5361 3580 5412 testarentur,

2013 5462 2307 5532 Iguatium,
2347 5457 2438 5528 qui
2477 5456 2787 5526 patriarcha
2815 5454 2925 5523 jam
2977 5452 3154 5505 fuerat
3201 5459 3375 5501 annos
3416 5456 3583 5510 prope

2013 5549 2321 5615 duodecim,
2355 5563 2462 5602 non
2498 5547 2600 5602 rite
2631 5555 2686 5601 et
2723 5545 2913 5598 ord-ine
2937 5550 3209 5603 creatum,
3261 5533 3582 5588 cathedram

2014 5642 2268 5702 Ecclesiae
2295 5651 2613 5710 occupasse,
2667 5635 2808 5703 Quid
2852 5648 2978 5690 vero
3008 5630 3186 5688 stolidi
3221 5627 3415 5681 horum
3442 5620 3589 5690 judi-
