4022 6400
483 282 592 346 519

1678 277 1970 342 NICETE
2010 277 2537 341 PAPHLAGONIS

3643 280 3751 346 520

479 413 592 458 ces,
628 396 683 448 in
707 407 932 463 quorum
964 389 1209 445 manibus
1241 391 1549 463 iniquitates
1584 403 1726 461 sunt,
1759 406 1808 448 et
1841 395 2059 448 dextera

2164 395 2374 465 τρίκιος
2407 395 2526 465 μετ’
2555 393 2740 460 αὑτὸν,
2769 386 2814 463 ᾧ
2841 392 2934 449 καὶ
2962 395 3061 464 τῆς
3104 391 3388 464 ἐπιορκίας
3426 392 3617 464 μισθὸν
3645 396 3744 467 τὴν

479 503 660 542 eorum
679 484 875 554 repleta
901 493 976 538 est
1003 484 1351 540 muneribus?
1381 483 1520 550 Quid
1546 493 1738 539 contra
1759 486 2062 556 perjurium

479 579 587 633 hoc
609 578 968 632 decreverunt
990 577 1013 629 ?
1039 576 1400 631 'l‘riccsimum
1428 577 1614 631 subito
1646 591 1911 631 canonem
1937 577 2066 632 sub-

474 674 694 742 jiciunt,
733 671 825 739 qui
859 669 940 723 sic
996 669 1156 722 habet
1191 687 1203 722 :
1238 668 1298 723 Si
1329 669 1444 738 quis
1485 668 1756 736 episcopus
1785 667 2064 722 saeculari-

479 764 574 816 bus
605 761 954 832 potestatibus
1000 776 1148 823 usus,
1181 775 1271 826 per
1309 761 1449 826 ipsos
1485 758 1776 812 Ecclesium
1812 759 2062 825 obtineat,

478 859 773 922 deponatur
798 854 896 925 (6).
938 852 1093 918 Quod
1127 861 1306 906 autem
1366 852 1615 920 sequitur
1659 851 1713 904 in
1745 852 1934 906 eodem
1971 866 2064 905 ca-

479 951 633 1016 pite:
673 957 728 1000 ut
787 957 835 1000 et
887 962 1061 999 omnes
1123 945 1569 997 communicantes
1615 960 1733 997 cum
1780 943 1898 1010 illo,
1955 952 2059 998 etc.

477 1039 818 1094 frandulenti
860 1037 1134 1091 malitiose
1173 1043 1484 1090 tacuerunt.
1548 1036 1849 1105 Oportebat
1892 1036 2060 1099 enim,

478 1132 745 1199 siquidem
780 1143 877 1197 pro
932 1126 1214 1180 sanctione
1267 1127 1569 1194 aposwlica
1625 1127 2060 1195 propugnabant,

477 1239 590 1276 non
635 1231 865 1292 partem,
901 1218 995 1272 sed
1039 1227 1211 1271 totum
1242 1231 1509 1270 canonem
1540 1217 1881 1270 observare:
1916 1224 1970 1270 et
2009 1217 2056 1271 si

475 1315 884 1368 accusationem
931 1309 1308 1372 admisissent,
1346 1316 1405 1361 ut
1436 1307 1726 1378 lgnatium,
1757 1307 1830 1361 ita
1871 1307 1941 1361 ab
1967 1308 2061 1361 illo

478 1405 741 1466 initiatos,
776 1411 831 1455 et
858 1415 981 1455 cum
1016 1399 1109 1452 illo
1142 1399 1616 1453 communicantes
1650 1410 2008 1454 exanctorare
2040 1417 2054 1453 :

2169 485 2326 552 ἀξίαν
2358 486 2662 556 μαγίστρου
2691 485 3061 556 προετείνατο.
3105 483 3222 553 Ἐφ’
3249 478 3329 548 οἷς
3358 487 3450 538 καὶ
3478 487 3606 548 τοὺς
3635 488 3747 540 λοι-

2168 578 2306 640 ποὺς
2353 577 2446 645 ἀφ’
2496 576 2726 629 ἑκάστου
2775 575 2987 645 βαθμοῦ
3037 575 3134 628 καὶ
3183 574 3279 627 τοῦ
3313 576 3749 630 καταδεεστάτου

2173 669 2393 722 πάντων
2429 665 2832 736 συλλεξάμενοι,
2882 665 2942 718 οὐ
2991 666 3151 734 μόνον
3184 666 3262 732 δὲ,
3311 665 3446 718 ἀλλὰ
3492 668 3587 721 καὶ
3631 669 3748 722 ἀπὸ

2165 759 2275 811 τῶν
2310 758 2622 828 λεγομένοιν
2653 757 3046 820 διϐαπτιστῶν,
3102 758 3198 810 καὶ
3249 757 3359 810 ἀπὸ
3394 758 3596 820 παντὸς
3617 802 3632 825 ,
3674 759 3751 823 ὡς

2165 850 2359 912 εἰπεῖν,
2392 849 2670 916 τάγματος
2707 849 2832 910 τοὺς
2862 846 3175 916 αἰσχίστους
3235 848 3332 899 καί⁵
3368 851 3752 918 μιαρωτάτους

2164 942 2272 994 τῶν
2297 940 2601 1011 ἀνθρώπων
2642 938 2846 1010 χρυσοῦ
2878 956 2936 992 τε
2983 940 3079 992 καὶ
3115 939 3444 1009 ἀξιωμάτων
3477 940 3750 1012 ἐξαγορα-

2166 1035 2414 1102 σάμενοι,
2469 1031 2569 1084 ἕνα
2637 1030 2759 1082 καθ’
2807 1029 2906 1082 ἕνα
2952 1030 3252 1100 προσῆγον,
3307 1030 3631 1101 ὀμνύοντας,
3675 1031 3752 1096 ῶς

2172 1126 2235 1179 '0
2251 1125 2556 1194 δωδεκαετῆ
2581 1122 2778 1194 μικροῦ
2800 1123 2909 1176 δεῖν
2927 1124 3115 1193 χρόνον
3136 1119 3568 1192 ἀρχιερατεύσας
3593 1121 3755 1191 Ἰγνά-

2162 1232 2276 1278 τιος
2303 1214 2625 1284 ἀψηφίστως
2657 1214 3076 1284 χειροτονηθεὶς,
3116 1213 3388 1281 ἐκράτησε
3425 1211 3528 1280 τῆς
3557 1212 3752 1283 ὲκκληο

2164 1304 2304 1368 σίας.
2345 1305 2410 1357 Τί
2442 1299 2537 1358 οὖν
2564 1305 2610 1356 oi
2643 1303 2864 1374 μάταιοι
2893 1302 3000 1354 τῶν
3039 1300 3296 1354 τοιούτων
3324 1300 3531 1372 κριταὶ,
3563 1295 3652 1354 ὧν
3681 1302 3752 1354 ἐν

2162 1395 2377 1466 χερσὶν
2394 1399 2452 1448 αἱ
2471 1395 2734 1464 ἀνομίαι,
2759 1388 2846 1448 ὧν
2866 1393 2903 1460 ἠ
2927 1393 3096 1457 δεξιὰ
3120 1393 3321 1448 αὐτῶν
3339 1393 3620 1463 ἐπλήσθη
3643 1394 3751 1450 δώ-

477 1495 674 1562 sicqne
722 1492 778 1545 in
833 1491 1097 1560 operibus
1149 1505 1411 1544 manuum
1471 1504 1696 1544 suarum
1747 1500 2059 1558 peccatores

2163 1504 2318 1558 poor;
2353 1489 2404 1540 τί
2434 1480 2579 1540 οὗτοι
2609 1487 2744 1556 πρὸς
2777 1485 2875 1556 τὴν
2908 1485 3237 1556 ψευδορκίαν
3275 1485 3483 1556 ταύτην
3542 1487 3750 1541 ἀνθυπ-

476 1581 762 1634 manifeste
789 1577 1116 1648 deprehensi
1151 1587 1358 1633 essent.
1394 1579 1597 1632 Contra
1622 1578 1716 1649 jus
1740 1592 1923 1633 autem
1950 1578 2062 1635 fas-

473 1684 580 1739 qne
602 1669 983 1731 decernentes,
1015 1667 1121 1720 hoc
1166 1669 1596 1736 pronuntiarunt
1629 1676 1863 1735 tantum,
1912 1669 2058 1737 quod

2161 1581 2434 1650 ήνεγκαν;
2468 1577 2572 1632 Τὸν
2589 1579 2912 1648 τριακοστὸν
2936 1576 3095 1638 εὐθὺς
3110 1576 3616 1645 ύπαναγινώσκουσι
3645 1595 3750 1631 κα-

2160 1670 2326 1735 νόνα,
2361 1671 2432 1725 Ετ
2463 1687 2552 1736 τις
2606 1669 2962 1735 ἐπίσκοπος,
3010 1668 3257 1736 λέγοντα,
3303 1669 3617 1738 κοσμικοῖς
3656 1670 3752 1738 ἅρ-

475 1776 574 1829 pro
611 1759 742 1828 ipsis
763 1759 830 1811 ad
854 1759 1208 1812 evertendum
1238 1759 1510 1828 Ignatium
1539 1759 1607 1812 ab
1630 1759 1738 1815 illis
1759 1759 1876 1814 sine
1895 1774 2058 1815 causa

2163 1778 2340 1833 χουσι
2355 1763 2757 1831 χρησάμενος,
2780 1760 2854 1814 δι’
2879 1759 3080 1815 αὐτῶν
3094 1760 3391 1830 ἐγκρατὴς
3411 1763 3748 1831 ἐκκλησίας

473 1849 685 1914 laesum,
726 1849 984 1903 faciebat.
1027 1848 1182 1915 Quod
1211 1860 1393 1903 autem
1427 1850 1686 1920 sequitur
1736 1851 1790 1905 in
1821 1866 2056 1916 canone,

474 1959 584 2011 quo
616 1942 690 1994 illi
719 1941 820 2010 ipsi
853 1941 1030 1994 cidem
1073 1940 1442 2010 subjiciuntur
1472 1956 1738 2006 censum,
1797 1943 2058 1998 dissimu-

477 2032 662 2085 larunt
689 2050 703 2084 :
739 2033 789 2085 id
831 2030 978 2100 quod
1007 2031 1116 2086 illis
1149 2034 1458 2087 tacentibus
1488 2043 1796 2103 opportune
1823 2035 2059 2102 patriar-

433 2169 441 2179 .
475 2123 578 2176 cha
604 2124 720 2191 ipse
738 2123 1115 2176 succlatnavit.
1147 2124 1187 2176 Ο
1211 2123 1649 2192 improbitatem!
1683 2139 1716 2178 ο
1740 2125 2056 2194 stuporem!

473 2209 610 2274 Quis
635 2211 778 2263 enim
810 2211 1028 2278 ignorat
1074 2211 1342 2279 lgnatium
1395 2212 1776 2282 episcoporum
1809 2215 2057 2268 omnium

473 2299 702 2353 calculis
737 2310 791 2354 et
843 2301 1012 2353 totius
1044 2301 1228 2370 populi
1264 2303 1531 2371 applausu
1569 2303 1808 2372 legitime
1832 2305 2064 2359 canoni-

473 2405 646 2459 eeque
667 2400 914 2445 creatum
949 2392 1119 2448 fuisse
1157 2410 1171 2446 :
1207 2393 1400 2472 ipsum
1449 2403 1630 2449 autem
1674 2394 1927 2451 Photium
1960 2413 2060 2468 po-

471 2481 581 2536 tius
630 2483 698 2534 ab
727 2492 1012 2537 exsecrato
1050 2482 1245 2550 Barda,
1293 2495 1347 2541 et
1389 2485 1744 2542 smcularibus
1787 2498 2060 2543 armatum

471 2572 832 2640 principibus,
853 2583 1044 2628 contra
1070 2575 1237 2644 leges,
1260 2577 1545 2647 magisque
1571 2593 1668 2647 per
1689 2579 2054 2649 tyrannidem,

475 2679 641 2730 quam
699 2665 1130 2720 ecclesiasticum
1194 2668 1382 2735 ritum,
1438 2671 1692 2724 thronum
1746 2671 2061 2727 invasisse?

472 2749 580 2804 Sed
614 2767 721 2805 non
767 2764 1159 2823 cognoverunt,
1217 2773 1394 2827 neque
1445 2759 1854 2826 intellexerunt,
1882 2764 1974 2832 qui
2001 2762 2058 2818 in

471 2843 717 2897 avaritiae
745 2853 797 2898 et
828 2846 1147 2901 ambitionis
1172 2849 1416 2903 tenebris
1445 2851 1752 2916 ambulant,
1777 2868 1836 2908 se
1859 2853 2053 2908 iisdem

470 2933 826 2989 consiliorum
856 2936 1090 3006 laqueis,
1120 2953 1260 3008 quos
1293 2939 1415 2995 aliis
1440 2950 1787 3011 paraverant,
1807 2959 2057 3014 compre-

473 3023 659 3080 hendL

2162 1853 2405 1924 γένηται
2428 1893 2442 1917 ,
2476 1853 2890 1920 καθαιρείσθω.
2922 1852 2995 1904 Τὸ
3033 1851 3162 1921 ἑξῆς
3197 1852 3255 1905 δὲ
3282 1852 3376 1906 τοῦ
3422 1854 3741 1922 κεφαλαίου,

2161 1947 2244 2000 ὃτι
2261 1945 2369 2000 Kal
2391 1947 2446 1998 oi
2464 1943 2898 2010 κοινωνοῦντες
2915 1945 3074 2010 αὐτῷ
3090 1943 3334 2012 πάντες,
3354 1945 3671 2015 κακούργως
3687 1946 3739 1998 ot

2162 2036 2330 2089 δόλιοι
2357 2036 2820 2106 παρεσιὼπησαν’
2859 2035 2968 2088 ἔδει
3002 2036 3058 2090 δὲ
3102 2037 3356 2101 πάντως,
3386 2037 3541 2106 εῖπερ
3599 2037 3736 2089 ἀπο-

2164 2128 2410 2180 στολικδν
2443 2127 2606 2196 νόμον
2634 2116 2968 2196 ὴγ“ωνίζοντο
3001 2131 3210 2199 τηρεῖν,
3241 2129 3341 2182 ούκ
3392 2129 3456 2191 ὲκ
3517 2127 3743 2198 μέρους,

2162 2218 2304 2273 ἀλλὰ
2331 2219 2551 2284 τελείως
2576 2207 2764 2290 τηρεῖν
2783 2235 2797 2250 ο
2829 2219 2925 2272 καὶ
2951 2221 3000 2272 εί
3030 2219 3246 2290 ἀληθῶς
3275 2215 3421 2290 εἶχεν
3449 2220 3480 2290 ἠ
3507 2235 3750 2288 κατηγο-

2167 2311 2278 2381 ρία,
2308 2311 2497 2382 ῶσπερ
2527 2313 2756 2375 ἐκεῖνον,
2785 2309 2928 2365 οὕτω
2953 2312 3048 2365 καὶ
3079 2312 3206 2376 τοὺς
3235 2312 3329 2364 ὑπ’
3373 2311 3582 2365 ἐκείνου
3637 2328 3751 2382 χει-

2167 2401 2576 2472 ροτονηθέντας,
2606 2400 2700 2454 καὶ
2738 2400 2888 2472 αύτῷ
2929 2404 3384 2472 κοινωνήσαντας,
3423 2401 3743 2470 καθαιρεῖνο

2163 2490 2261 2544 καὶ
2295 2489 2469 2554 οὕτως
2516 2490 2583 2544 ἂν
2619 2491 2676 2543 έν
2710 2493 2823 2552 τοῖς
2851 2489 3037 2560 ἔργοις
3068 2489 3178 2544 τῶν
3232 2491 3432 2561 χειρῶν
3474 2489 3658 2542 αύτῶν
3697 2490 3747 2542 οί

2163 2581 2482 2654 ἁμαρτωλοὶ
2547 2582 2735 2652 σαφῶς
2783 2583 3272 2652 συνελαμϐάνοντο.
3316 2581 3654 2635 ’Λδικὼτατα
3690 2581 3749 2633 δὲ

2163 2673 2554 2743 διανοούμενοι,
2583 2673 2708 2726 ὅσον
2739 2674 2836 2743 μὲν
2864 2673 3046 2735 αὐτοῖς
3077 2672 3210 2743 πρὸς
3247 2670 3453 2741 βλάϐην
3479 2669 3573 2723 τοῦ
3616 2668 3746 2738 παρ’

2163 2764 2344 2818 αὐτῶν
2377 2763 2822 2834 ὲπηρεαζομένου
2855 2763 3149 2829 συνετέλει,
3179 2763 3338 2816 τοῦτο
3367 2763 3742 2832 ἐξεφώνησαν,

2161 2856 2223 2910 τὸ
2255 2855 2380 2926 ἑξῆς
2401 2855 2480 2916 δὲ.
2513 2855 2590 2918 ὡς
2620 2855 2714 2908 καὶ
2744 2853 2944 2916 αὐτοὺς
2977 2856 3043 2925 τῇ
3087 2855 3225 2924 αὐτῇ
3285 2853 3584 2907 ὑποϐάλλον
3624 2853 3745 2903 ἑπι-

2160 2947 2341 3018 τιμῖίᾳ,
2374 2943 2788 3015 κατεκρύψαντο
2811 2958 2824 2973 ⁸
2858 2942 2886 2996 ὃ
2912 2942 2974 3013 δὴ
3003 2945 3098 2996 καὶ⁹
3126 2945 3154 2997 ό
3182 2943 3532 3016 πατριάρχης
3563 2943 3744 3005 αὐτοῖς

2161 3035 2281 3089 τότε
2330 3035 2830 3106 παρασιωπήσασιν
2879 3033 3152 3103 εὐστόχως
3199 3036 3483 3102 ὲπιφωνεῖ.
3532 3032 3597 3085 Ὢ
3645 3031 3744 3102 τῆς

470 3118 809 3188 κακουργίας
827 3121 839 3173 ί
871 3119 916 3173 ὦ
945 3121 1046 3192 τῆς
1091 3125 1446 3196 σκαιότητοςί
1502 3128 1599 3192 Τίς
1623 3128 1732 3200 γάρ
1762 3129 1861 3183 οὐκ
1893 3124 2057 3196 οἶδεν,
2099 3129 2176 3193 ῶς
2218 3127 2476 3198 Ἰγνάτιος
2502 3127 2600 3197 μὲν
2624 3125 2791 3198 ψήφῳ
2812 3127 3032 3180 πάντων
3055 3124 3192 3196 ὁμοῦ
3252 3125 3363 3178 τῶν
3417 3124 3742 3194 ἀρχιερέων,

471 3212 569 3265 καὶ
595 3213 695 3283 τῆς
731 3214 1060 3286 Ἐκκλησίας
1090 3218 1219 3290 ὅλης
1250 3222 1556 3276 συναινέσει
1576 3263 1592 3290 ,
1623 3224 1927 3288 κανονικῶς
1993 3224 2092 3278 καὶ
2131 3223 2412 3294 ὲνθέσμως
2471 3221 2922 3293 προκεχείρισται
2943 3237 2956 3251 ο
2989 3219 3154 3283 αὐτὸς
3181 3219 3238 3272 δὲ
3260 3221 3288 3272 ό
3312 3217 3514 3281 Φώτιος
3543 3217 3744 3288 μᾶλλον

469 3305 550 3374 τῷ
575 3321 632 3358 τε
657 3305 816 3376 δεινῷ
844 3307 1027 3378 Βάρδᾳ
1058 3310 1153 3363 καὶ
1219 3314 1334 3375 τοῖς
1398 3317 1685 3384 κοσμικοῖς
1752 3316 1981 3388 ἄρχουσι
2059 3317 2408 3387 χρησάμενος
2467 3315 2770 3384 συνεργοῖς,
2838 3311 3206 3376 ἀκανονίστως
3262 3309 3357 3364 καὶ
3403 3298 3743 3379 τυραννικῶς

475 3398 678 3467 μᾶλλον
730 3398 763 3468 ἢ
818 3399 1292 3479 ὲκκλησιαστικῶς
1333 3402 1428 3456 τοῦ
1479 3405 1671 3475 θρόνου
1733 3407 2200 3478 καταδράττεται;
2249 3406 2389 3460 Ἀλλ’
2464 3406 2564 3458 ούκ
2631 3407 2898 3473 ἔγνωσαν,
2967 3403 3085 3456 οὐδὲ
3139 3403 3378 3472 συνῆκαν
3423 3403 3474 3454 οἱ
3519 3401 3598 3471 τῷ
3645 3400 3745 3471 τῆς

473 3492 844 3562 φιλαργυρίας
871 3496 964 3546 καὶ
992 3493 1313 3564 δοξομανίας
1344 3497 1519 3568 σκότῳ
1544 3499 2016 3572 διαπορευόμενοι,
2055 3502 2132 3566 ὡς
2157 3503 2214 3554 ὲν
2238 3496 2319 3565 οἷς
2351 3499 2674 3563 διαϐουλίοις
2693 3499 2748 3565 ",
2782 3498 3270 3570 συλλαμϐάνονται.

550 3585 682 3641 Post
709 3588 926 3658 longam
953 3604 1082 3660 ergo
1115 3593 1407 3647 verborum
1439 3595 1873 3662 altercationem,
1907 3598 2058 3653 labo-

2233 3598 2388 3653 Μετά
2419 3597 2621 3668 πολλὴν
2652 3595 2744 3650 οῦν
2774 3595 2873 3666 τὴν
2905 3597 2962 3648 ἐν
2995 3596 3108 3657 τοῖς
3153 3593 3332 3662 λόγοις
3379 3592 3612 3663 ἅμιλλαν
3649 3592 3745 3647 καὶ

472 3693 611 3740 rem,
647 3687 702 3732 et
728 3679 1156 3744 cunctationem,
1189 3681 1302 3736 sola
1327 3681 1608 3752 impotenti
1634 3683 1756 3740 freti
1787 3686 2053 3754 potentia,

2163 3690 2400 3761 σπουδὴν
2430 3690 2523 3742 καὶ
2551 3688 2766 3760 τριϐὴν,
2797 3686 2918 3742 κατ’
2948 3686 3139 3739 οὐδένα
3167 3685 3517 3755 δικαιοσύνης
3552 3685 3740 3754 νόμον.

472 3768 779 3837 pranerjus
809 3766 1000 3837 fasque
1029 3784 1214 3834 omne,
1238 3772 1538 3841 pontiﬁcali
1558 3775 1702 3828 cultu
1733 3790 1979 3844 pannoso
2003 3787 2059 3833 et

2163 3784 2302 3856 μόνῃ
2343 3783 2400 3836 δὲ
2451 3784 2517 3853 τῇ
2553 3781 2772 3852 ἐξουσίᾳ
2830 3779 3077 3851 μανικῶς
3131 3777 3427 3850 χρώμενοι,
3490 3778 3743 3832 ἐνδύουσι

471 3859 713 3914 sordenti
765 3862 944 3929 primo
995 3861 1162 3933 [pan.
1194 3873 1247 3919 et
1276 3867 1428 3920 sord.
1472 3867 1674 3937 primo,
1709 3878 1822 3924 tum
1858 3871 2054 3939 pontif.

2163 3873 2348 3928 τοῦτον
2381 3873 2572 3943 ἱμάτια
2625 3871 2960 3943 διερρωγότα
3011 3871 3106 3924 καὶ
3159 3871 3459 3940 ῥυπῶντα,
3505 3871 3598 3923 καὶ
3636 3869 3735 3939 τὴν

471 3946 662 4018 cultu]
701 3949 954 4013 induunt,
990 3966 1294 4020 rursusque
1337 3964 1524 4023 postea
1553 3971 1582 4009 a
1617 3967 1769 4028 tergo
1822 3970 2052 4015 exuunt.

2163 3962 2447 4032 ἱερατικὴν
2484 3959 2676 4031 στολὴν
2704 3959 3118 4032 περιϐαλόντες,
3147 3960 3211 4012 ὲκ
3234 3958 3341 4012 τῶν
3367 3958 3591 4012 ὄπισθεν
3628 3960 3740 4012 άπ-

473 4033 607 4090 Erat
640 4047 821 4092 autem
870 4038 1285 4109 hypodiaconus
1337 4043 1559 4112 quidam
1599 4045 1897 4116 Procopius
1950 4063 2053 4103 no-

2163 4048 2684 4122 αμφιάζουσιν.*Ην
2733 4052 2790 4105 δέ
2843 4069 2926 4114 τις
2983 4051 3320 4122 ὲκκήρυκτος
3367 4051 3742 4116 ὑποδιάκονος,

473 4131 646 4196 mine,
677 4131 746 4185 ab
772 4131 1017 4186 Ecclesia
1045 4133 1292 4202 ejectus;
1327 4135 1528 4205 quippe
1560 4152 1724 4207 quem
1765 4147 1946 4194 mente
1976 4141 2060 4194 in-

472 4237 670 4278 sanum
718 4223 1074 4293 moribusque
1117 4225 1403 4294 profanum
1443 4229 1754 4297 patriarcha
1803 4246 1912 4284 non
1979 4232 2056 4285 ita

472 4315 682 4384 pridem
714 4317 884 4385 gradu
919 4328 1188 4372 moverat.
1225 4317 1325 4374 llic
1353 4320 1566 4390 primus
1596 4323 1778 4377 ablato
1813 4339 1842 4376 a
1880 4325 2055 4393 patri-

477 4406 645 4460 archa
679 4407 866 4474 pallio.
903 4416 1166 4476 vcsteque
1191 4411 1395 4480 reliqua
1422 4427 1601 4477 sacra,
1636 4413 1780 4468 istud
1816 4415 2060 4471 solemne

471 4496 849 4567 proclamabat
883 4516 896 4554 :
939 4497 1220 4570 Indignus.
1263 4501 1560 4560 Zacharias
1594 4513 1649 4559 et
1674 4504 2050 4573 Rhodoaldus,

475 4588 835 4658 nonnullique
863 4589 952 4643 alii
983 4591 1177 4645 nefarii
1205 4593 1454 4649 homines
1491 4596 1631 4652 idem
1668 4596 2054 4662 vociferantes,

473 4679 646 4746 impio
677 4679 897 4733 decreto
931 4679 1394 4750 sull‘ragabantur.
1454 4683 1602 4749 Quos
1636 4663 1815 4739 tamen
1865 4701 2056 4742 onmes

475 4769 628 4822 brevi
665 4769 907 4824 cmlestis
959 4771 1203 4826 vindicta
1257 4782 1557 4827 consecuta
1596 4783 1701 4838 est,
1753 4791 1876 4828 cum
1936 4775 2058 4831 illos

474 4860 649 4913 sancti
680 4861 818 4914 vatis
855 4859 1136 4916 Zachariae
1167 4861 1277 4916 falx
1311 4861 1400 4916 illa
1426 4863 1552 4933 jure
1585 4865 1792 4934 optimo
1846 4866 2057 4922 demes-

2163 4143 2469 4214 Προκόπιος
2507 4141 2766 4214 τοῦνομα,
2795 4141 2886 4195 τὸν
2915 4141 3072 4210 λόγον
3100 4142 3292 4209 άλογος
3313 4181 3329 4207 ,
3373 4142 3464 4194 τὸν
3505 4141 3617 4212 βίον
3657 4141 3746 4212 βέ-

2162 4235 2345 4306 βηλος,
2373 4235 2432 4289 ὃν
2451 4237 2478 4289 ὁ
2505 4236 2848 4306 πατριάρχης
2877 4234 3070 4304 πρώην
3101 4234 3192 4286 διὰ
3223 4233 3386 4286 τοῦτο
3418 4233 3611 4304 ἔρριψε
3636 4231 3731 4286 τοῦ

2163 4325 2395 4397 βαθμοῦ.
2430 4319 2599 4390 Οὗτος
2636 4325 2850 4396 πρῶτος
2880 4324 3273 4394 ἀναιρούμενος
3331 4323 3392 4376 τὸ
3433 4323 3743 4394 ὠμοφόριον

2161 4416 2257 4467 καὶ
2285 4415 2382 4486 τὴν
2404 4414 2597 4484 λοιπὴν
2623 4413 2849 4482 ἐσθῆτα,
2884 4411 3013 4465 ἐϐόα
3042 4411 3122 4477 τὸ,
3143 4409 3427 4476 Ἀνάειος.
3464 4408 3743 4478 Ζαχαρίας

2161 4524 2219 4560 τε
2269 4509 2363 4562 καὶ
2396 4507 2702 4570 Ῥοδόαλδος
2730 4546 2746 4572 ,
2803 4504 2896 4558 καί
2931 4521 3073 4568 τινες
3121 4502 3272 4556 ἄλλοι
3329 4502 3518 4573 μιαροὶ
3549 4500 3615 4553 τὰ
3653 4499 3744 4552 ῐσα

2163 4594 2571 4665 κραυγάζοντες
2595 4633 2608 4656 ,
2646 4597 2711 4664 τῇ
2762 4593 2954 4664 άνοσίᾳ
2994 4592 3160 4663 ψήφῳ
3211 4583 3738 4662 συνεπεφηφίζοντο·

2163 4686 2256 4750 οὒς
2286 4687 2492 4749 πάντας
2532 4686 2592 4738 ού
2628 4686 2765 4756 μετά
2796 4685 2932 4738 πολὺ
2961 4684 3230 4755 μετῆλθεν
3277 4685 3310 4755 ἡ
3356 4683 3479 4753 δίκη
3514 4722 3529 4748 ,
3562 4683 3656 4735 καὶ
3686 4681 3746 4734 τὸ

2165 4778 2260 4830 τοῦ
2297 4777 2565 4848 Ζαχαρίου
2599 4777 2690 4829 τοῦ
2721 4776 2865 4830 θείου
2897 4776 3165 4848 δρέπανον
3189 4775 3528 4829 ὲκδικὼτατα
3567 4791 3740 4828 κατα-

2164 4870 2371 4921 κτεῖναι
2422 4865 2757 4920 συνετέλεσε.
2795 4865 3000 4929 Φὼτιος
3033 4865 3134 4935 μὲν
3163 4863 3254 4917 οῦν
3282 4863 3378 4934 τὴν
3413 4861 3743 4933 ὲνδομυχοῦ-

473 4953 605 5030 suit.
643 4952 875 5008 Pholius
898 4964 1081 5009 autem
1114 4970 1224 5025 quo
1253 4965 1417 5026 pacto
1463 4971 1626 5012 suum
1676 4957 1940 5012 adversus
1978 4958 2059 5012 in-

2168 4979 2268 5014 σαν
2322 4963 2381 5013 ὲν
2430 4957 2580 5028 αύτῷ
2633 4958 2774 5013 κατὰ
2807 4957 2900 5011 τοῦ
2947 4955 3281 5026 ἀνεγκλήτου
3332 4956 3493 5025 μῆνιν
3531 4953 3647 5014 πῶς
3677 4951 3742 5005 ἂν

473 5054 686 5100 sontem
718 5047 996 5101 occultum
1027 5047 1188 5101 aliter
1219 5047 1404 5102 odium
1433 5048 1688 5102 universo
1717 5049 1836 5102 orbi
1869 5047 2063 5116 prode-

474 5147 590 5202 ret,
663 5137 1019 5207 seipsumque
1090 5138 1408 5203 longissime
1460 5155 1490 5194 a
1550 5139 1777 5210 pacifica
1837 5139 2065 5210 mitique

474 5239 691 5297 pastore
722 5229 850 5285 Jesu
903 5231 1096 5286 abesse
1143 5232 1478 5296 ostenderet,
1507 5248 1686 5302 lquam
1734 5247 1822 5288 res
1856 5231 2068 5302 ejusce-

2163 5051 2339 5115 ἄλλως
2369 5053 2434 5120 τῇ
2463 5050 2757 5122 οἰκουμένῃ
2785 5050 2934 5122 πάσῃ
2961 5047 3335 5115 κατεστήσατο
3359 5045 3622 5115 φανερὰν,
3643 5043 3742 5096 καὶ

2164 5141 2282 5205 πῶς
2312 5142 2378 5195 ἂν
2412 5140 2602 5193 ἑαυτὸν
2647 5139 2723 5203 ὡς
2771 5139 3108 5210 πορρωτάτω
3153 5135 3248 5189 τοῦ
3310 5135 3588 5206 εἰρηνικοῦ
3649 5133 3744 5187 καὶ

2167 5232 2343 5302 πράου
2376 5231 2629 5299 ποιμένος
2659 5230 2937 5300 ἀπέφηνεν
2975 5227 3172 5300 Ἰησοῦ,
3207 5227 3239 5297 ἢ
3272 5225 3500 5280 τοιαῦτα
3528 5226 3742 5294 διανοη-

474 5318 621 5371 modi
685 5319 1079 5382 machinando,
1137 5319 1398 5390 justeque
1443 5321 1560 5376 viro
1600 5322 1826 5391 injurias
1886 5332 2059 5379 tantas

2169 5322 2301 5386 θεὶς,
2330 5323 2424 5376 καὶ
2455 5321 2626 5386 οὕτως
2679 5320 2989 5374 ἀδικώτατα
3038 5320 3120 5391 τῷ
3161 5319 3358 5390 δικαίῳ
3387 5317 3739 5386 ὲπιθέμενος;

475 5408 770 5478 irrogando
799 5411 823 5462 ?
859 5409 1264 5478 llocjndicinm
1298 5427 1458 5468 nemo
1490 5411 1590 5467 fuit
1622 5413 1712 5483 qui
1740 5429 1846 5469 non
1880 5429 2062 5483 repre-

475 5498 755 5566 benderet,
787 5509 951 5571 atque
986 5503 1369 5575 indignitatem
1425 5504 1526 5573 rei,
1579 5515 1675 5560 aut
1722 5507 1903 5576 potius
1964 5506 2061 5561 im-

552 5677 626 5744 (ὃ)
654 5677 834 5732 Canon
861 5681 1094 5748 apostol.
1123 5681 1213 5749 29,
1253 5683 1388 5741 alias
1416 5685 1506 5740 5l.

2169 5411 2388 5482 Ταύτην
2423 5412 2523 5480 τὴν
2553 5412 2733 5480 κρίσιν
2761 5413 2862 5463 οὐκ
2891 5407 2957 5482 ἦν
2990 5411 3136 5474 ὅστις
3168 5409 3268 5463 ούκ
3294 5406 3601 5478 ἐμέμψατο,
3645 5404 3740 5456 καὶ

2165 5505 2263 5574 τῆς
2311 5502 2642 5572 ἀλογιστίας,
2683 5503 2882 5572 μᾶλλον
2940 5503 2996 5555 δὲ
3029 5499 3446 5572 μισανθρωπίας
3478 5496 3537 5550 τὸ
3569 5496 3728 5564 ὑπερ·
