4022 6390
358 307 455 374 5ΞῙ

1425 313 1599 372 VITA
1640 314 1696 372 S.
1738 312 2035 373 IGNATII
2073 313 2180 372 ΕΡ.
2216 313 2572 374 ARCHIEP.

3527 313 3628 375 522

354 420 551 472 ϐάλλον
585 419 835 491 ἀπεστρά
849 436 935 490 θη.
970 420 1102 474 Οὑδέ
1131 420 1238 493 γάρ
1273 424 1320 474 οἱ
1355 423 1432 493 τῷ
1459 425 1619 494 μέρει
1657 423 1818 492 μόνον
1840 423 1934 478 τοῦ

2061 423 2359 478 uauitatem
2399 437 2506 476 non
2539 427 2910 476 aversaretur.
2964 420 3152 492 Neque
3186 421 3333 476 enim
3371 422 3452 476 illi
3495 426 3630 491 soli,

348 509 517 580 ὀρθοῦ
555 511 715 580 λόγου
761 514 1060 585 τιθέμενοι,
1097 514 1236 568 ἀλλὰ
1289 515 1385 568 καὶ
1426 516 1582 569 αὐτοὶ
1626 516 1832 569 Φωτίου
1889 519 1939 570 ei

352 608 639 672 συγγενεῖς
671 607 767 659 καὶ
799 609 990 660 οἰκεῖοι
1015 608 1418 673 κατεστέναξαν
1459 608 1571 662 τῶν
1607 609 1938 680 γενομένων,

351 697 443 751 καὶ
494 700 574 761 είς
613 699 784 753 κακὸν
830 699 1003 752 ταῦτα
1037 700 1417 772 προϐήσεσθαι
1475 701 1556 772 τῷ
1595 703 1695 770 τῆς
1729 702 1942 764 ἀδικίας

348 791 672 846 οἰωνίσαντο
699 795 883 862 κριτῇ.
911 793 976 844 Τί
1004 793 1058 844 δέ
1089 795 1332 860 ἐκεῖνος;
1358 791 1448 864 ἆρ’
1476 793 1678 865 ᾐδέσθη
1699 796 1826 858 τοὺς
1854 797 1944 849 ἀνι

350 883 628 956 θρώπους,
669 885 703 954 ἢ
755 886 846 938 τὸν
893 883 1246 956 δικαιοσύνην
1276 885 1577 954 ἀγαπῶντα
1619 888 1714 940 καὶ
1760 888 1941 956 κρίσιν

347 979 484 1033 Θεὸν
529 978 812 1048 φοϐηθεὶς,
862 977 922 1044 ἐξ
975 979 1186 1033 ἐκείνου
1234 980 1547 1034 κατέπαυσε
1605 981 1702 1051 τὴν
1731 981 1940 1052 όργήν;

351 1071 650 1141 Οὐδαμῶς·
681 1072 769 1126 ἀεὶ
798 1070 852 1124 δὲ
885 1072 1080 1140 φθόνον
1119 1071 1321 1142 φθόνῳ,
1359 1073 1455 1126 καὶ
1488 1073 1689 1126 κακίαν
1723 1075 1945 1127 ἐπισυν-

355 1165 544 1220 ἀπτων
572 1166 640 1234 τῇ
673 1165 866 1236 κακίᾳ,
917 1164 1220 1233 ἠγωνίζετο
1277 1165 1480 1236 σπουδῇ
1513 1166 1662 1235 πάσῃ
1707 1167 1799 1219 καὶ
1835 1183 1942 1236 μη-

358 1258 492 1327 χανῇ
520 1255 579 1308 οὑ
617 1255 930 1309 θανατῶσαι
964 1256 1147 1326 μόνον,
1191 1253 1329 1309 ἀλλὰ
1367 1253 1429 1308 τὸ
1475 1253 1668 1308 τούτου
1735 1257 1939 1326 χεῖρον,

360 1350 453 1402 καὶ
478 1347 548 1410 ὼς
585 1346 816 1400 θανάτου
848 1346 998 1411 ἄξιον
1034 1348 1200 1399 αὑτὸν
1230 1344 1466 1399 ἀνελεῖν.
1497 1344 1634 1398 Τότε
1681 1345 1781 1414 μὲν
1821 1341 1938 1412 οὖν,

353 1439 430 1501 ὡς
461 1437 755 1505 ὑπέλαϐον,
788 1437 1229 1508 καθαιρήσαντες
1251 1438 1345 1491 καὶ
1377 1437 1804 1509 ἐκκηρύξαντες,
1843 1438 1939 1491 ἀν·-

352 1533 596 1605 ορῶποις
637 1533 802 1588 αὑτὸν
847 1533 1153 1604 ῶμοτάτοις
1183 1532 1280 1586 καὶ
1330 1531 1720 1596 ἀσεϐεστάτοις
1764 1549 1940 1600 τιμω-

353 1626 569 1698 ρεῖσθαι
619 1627 836 1696 πικρῶς
891 1624 1366 1695 παραδεδώκασιν,
1427 1623 1589 1695 ἄχρις
1641 1624 1707 1678 ἂν
1761 1623 1941 1693 οἰκείᾳ

349 1722 499 1792 χειρὶ
521 1720 620 1791 τὴν
649 1721 785 1774 ἰδίαν
814 1720 1139 1791 καθαίρεσιν
1168 1720 1620 1792 ὑποσημήνηται.
1647 1716 1832 1773 ’Ἦσαν
1883 1720 1940 1772 δὲ

350 1816 406 1867 οἱ
435 1811 823 1882 κολαφίζοντες
847 1813 943 1866 καὶ
971 1811 1453 1882 ταλαιπωροῦντες
1489 1811 1676 1876 αὑτὸν,
1706 1813 1802 1865 καὶ
1832 1810 1940 1880 πή-

355 1906 495 1972 ξεως
519 1905 688 1977 οὔσης
716 1905 971 1976 δριμείας
990 1945 1005 1970 ,
1054 1904 1138 1958 ἐνὶ
1170 1903 1480 1974 χιτωνίσκῳ
1511 1903 1816 1967 πιέζοντες,
1846 1902 1942 1956 καὶ

356 1996 724 2068 σταυροῦντες
750 1997 944 2062 αὑτὸν,
974 1996 1068 2050 καὶ
1097 1995 1504 2065 πυρπολοῦντες
1522 2035 1538 2060 ,
1566 1997 1662 2050 καὶ
1691 1997 1750 2049 ὲν
1788 1995 1941 2047 δυσὶν

364 2089 661 2159 ἐϐδομάσιν
686 2087 1025 2159 ἐμφρούριον
1049 2085 1388 2158 συνέχοντες,
1417 2087 1513 2140 καὶ
1543 2085 1734 2156 ἀσιτίᾳ
1761 2084 1942 2154 τελείᾳ

358 2181 760 2249 κατατήκοντες
779 2196 792 2210 ·
823 2180 886 2232 οὑ
921 2179 1080 2250 μόνον
1105 2179 1186 2244 δέ,
1221 2177 1360 2233 ἀλλά
1385 2179 1482 2232 κα)⁵
1513 2177 1603 2231 ἐπ’
1634 2179 1808 2250 αὐτῆς
1843 2178 1939 2232 αὑ·

357 2272 451 2326 τὸν
478 2271 571 2326 τοῦ
600 2272 982 2344 Κοπρωνύμου
1017 2274 1118 2342 τῆς
1145 2271 1419 2342 λάρνακος
1466 2270 1722 2336 ἐκάθιζον
1749 2270 1942 2325 ἀναϐι-

354 2365 638 2430 ϐάζοντες.
669 2366 766 2420 καὶ
798 2365 908 2418 τῶν
934 2365 1110 2418 ποδῶν
1147 2363 1317 2418 αὑτοῦ
1360 2364 1611 2417 κάτωθεν
1643 2363 1824 2427 λίθους
1857 2363 1945 2428 ἐξ·

354 2457 637 2528 αρτῶντες
696 2457 905 2528 βαρεῖς,
957 2456 1054 2510 καὶ
1085 2453 1180 2508 ἐπὶ
1211 2454 1398 2508 πλεῖον
1427 2457 1494 2525 τῇ
1517 2455 1612 2508 τοῦ
1648 2455 1944 2527 μαρμάρου

353 2551 458 2620 τὴν
485 2549 648 2620 ἐδραν
675 2547 896 2617 ὀξύτητι
925 2546 1142 2618 πικρῶς
1171 2545 1315 2614 ἄγαν
1349 2546 1687 2616 πλήσσοντες
1719 2549 1942 2617 ἐπέτρι-

357 2641 479 2695 ϐον.
513 2641 576 2692 Οί
598 2638 692 2693 οῦν
721 2638 896 2692 ταῦτά
936 2655 996 2691 τε
1046 2639 1143 2691 καὶ
1177 2636 1314 2692 ἄλλα
1363 2637 1536 2690 πλείω
1565 2637 1948 2708 ἐνυϐρίζοντες

360 2735 448 2797 είς
484 2731 574 2784 τὸν
609 2728 1052 2801 μακαριώτατον,
1106 2730 1202 2782 καὶ
1241 2728 1421 2796 λόγοις
1474 2729 1570 2781 καὶ
1614 2729 1798 2798 ἔργοις
1848 2731 1948 2800 ἐμ-

361 2823 756 2896 παροινοῦντες
784 2823 864 2886 εἰς
896 2820 1080 2885 αὑτὸν,
1103 2821 1327 2890 σπέρμα
1357 2820 1615 2890 πονηρὸν,
1644 2820 1720 2883 ὡς
1749 2823 1946 2886 εἰπεῖν,

363 2920 475 2972 υἱοὶ
505 2917 718 2987 ἄνομοι,
745 2917 773 2968 ὁ
800 2911 1233 2985 Μωροθεόδωρος
1275 2913 1506 2976 ἐκεῖνος,
1547 2911 1642 2964 καὶ
1683 2913 1712 2963 ὁ
1751 2913 1952 2982 Γοργοο

361 3009 521 3078 νίτης
558 3006 834 3076 Ἰωάννης,
869 3003 965 3058 καὶ
997 3004 1024 3056 ό
1044 2999 1338 3056 Θεοδούλου
1374 3000 1644 3064 Νικόλαος
1668 3002 1695 3054 ὁ
1717 3001 1956 3055 Σκουτε-

359 3098 519 3167 λόψις
544 3093 635 3168 ἦν.

2047 517 2140 585 qui
2164 525 2370 571 rectam
2391 515 2659 570 rationem
2678 513 3072 584 sequebantur,
3089 515 3182 570 sed
3211 515 3384 585 ipsius
3408 533 3630 588 quoque

2047 607 2225 663 Photii
2268 608 2558 678 propinqui
2591 616 2646 662 ct
2683 607 2988 662 familiares
3021 607 3089 661 ad
3119 609 3261 662 hanc
3314 625 3498 664 rerum
3535 627 3632 681 ge-

2045 707 2253 754 starum
2285 697 2566 752 infamiam
2601 697 3054 766 iugemiscebant,
3079 698 3627 769 augurabanturque,

2046 794 2188 847 hanc
2229 807 2445 846 omnem
2481 792 2886 860 improbitatem
2923 791 2975 843 in
3014 789 3188 856 ipsius
3218 791 3493 858 quondam
3529 791 3636 844 ini-

2045 886 2135 953 qui
2179 884 2382 953 judicis
2415 893 2579 953 caput
2604 892 2657 936 et
2713 881 2942 935 exitium
2976 879 3433 935 redundaturam.
3493 882 3633 947 Quid

2046 992 2179 1031 vero
2219 977 2353 1031 ille?
2379 992 2446 1029 an
2476 975 2728 1029 homines
2762 982 2846 1028 est
2876 973 3189 1028 reveritus?
3229 988 3296 1026 an
3344 974 3528 1028 timuit
3551 975 3636 1027 di-

2049 1069 2311 1140 ligentem
2340 1067 2608 1137 justitiam
2637 1074 2692 1120 et
2731 1064 3027 1135 judicium,
3065 1064 3236 1120 Deum
3265 1066 3287 1118 ?
3317 1066 3522 1135 illoque
3567 1081 3634 1121 ex

2046 1172 2292 1231 tempore
2326 1161 2463 1214 iram
2495 1160 2720 1229 posuit?
2750 1157 2974 1213 Minime
2993 1174 3144 1213 vero.
3163 1159 3423 1226 Quinimo
3447 1159 3635 1213 odium

2047 1255 2196 1319 odio,
2229 1253 2491 1309 invidiam
2528 1253 2757 1318 invidia,
2809 1252 2993 1307 scelus
3054 1252 3265 1308 scelere
3325 1253 3638 1318 cumulans,

2044 1347 2195 1401 illum
2240 1345 2392 1400 omni
2455 1347 2673 1399 ratione
2696 1345 2860 1414 vique
2914 1344 3220 1399 conabatur
3271 1360 3378 1400 non
3428 1353 3637 1399 tantum

2043 1439 2421 1510 pessumdare,
2458 1438 2578 1502 sed,
2605 1436 2754 1508 quod
2784 1446 2870 1493 est
2896 1437 3162 1503 atrocius,
3209 1437 3378 1492 veluti
3409 1437 3636 1493 noxium

2044 1532 2351 1602 ultimoque
2379 1531 2654 1601 supplicio
2669 1533 2895 1601 dignum
2922 1548 2952 1587 e
2985 1533 3167 1588 medio
3200 1533 3415 1587 tollere.
3448 1535 3638 1604 Itaque

2041 1634 2190 1691 tunc,
2209 1634 2267 1678 ut
2289 1633 2590 1694 coeperant,
2609 1635 3023 1680 exauctoratum
3050 1627 3376 1697 publicoque
3423 1643 3636 1697 ιιι-ωοο-

2043 1718 2134 1771 nio
2151 1718 2932 1782 damnatum,immanissimfs
2977 1719 3500 1790 scelestissimisque
3538 1721 3641 1775 ho-

1976 1814 2018 1869 B
2052 1807 2294 1863 minibus
2340 1808 2768 1864 excruciandum
2814 1809 3102 1877 tradidere,
3152 1813 3331 1880 quoad
3351 1829 3449 1868 sua
3476 1829 3640 1868 manu

2045 1914 2158 1955 sua:
2180 1899 2350 1969 ipsius
2379 1898 2712 1954 abdicationi
2737 1900 3126 1955 subscriberet.
3149 1901 3292 1972 Ergo
3315 1903 3464 1957 illum
3495 1906 3643 1958 cola-

2046 1993 2169 2058 phis
2207 1991 2472 2060 plectunt,
2517 1991 2826 2062 misereque
2857 1993 3149 2050 divexant:
3178 2003 3233 2048 et
3269 2010 3395 2049 cum
3442 1996 3644 2067 frigore

2048 2098 2215 2153 prope
2233 2083 2664 2149 contabesceret,
2689 2086 2851 2138 unica
2884 2094 3092 2139 tantum
3124 2086 3370 2140 tunicula
3393 2087 3643 2142 indutum

2047 2186 2344 2241 macerant,
2374 2186 2561 2240 urunt,
2603 2186 2768 2247 atque
2809 2177 3171 2234 discruciant.
3217 2178 3467 2248 Cumque
3489 2180 3645 2234 binas

2049 2267 2202 2320 illum
2235 2268 2608 2322 hebdomadas
2653 2269 2706 2322 in
2741 2283 2965 2324 carcere
3018 2270 3351 2336 tenuissent,
3391 2281 3642 2326 extrema

2048 2374 2215 2428 prope
2256 2358 2401 2414 fame
2427 2359 2812 2414 conficiebant.
2851 2358 2966 2414 lmo
2996 2371 3051 2416 et
3083 2363 3420 2432 Cepronymi
3451 2365 3640 2432 sepul-

2049 2467 2202 2504 crum
2238 2467 2332 2506 seu
2365 2467 2548 2508 arcam
2584 2453 2958 2508 conscendere
3015 2455 3305 2525 cogebant,
3357 2456 3412 2509 in
3469 2471 3644 2526 eaque

2051 2544 2343 2608 collocato,
2407 2545 2650 2615 iugentia
2678 2561 2706 2598 a
2741 2545 3160 2626 pedibus'saxa
3209 2549 3641 2618 suspendebant.

2053 2650 2305 2706 saepeque
2327 2636 2622 2690 marmoris
2645 2636 2898 2691 acumine
2928 2637 3112 2692 sedem
3144 2654 3472 2694 concussam
3505 2648 3645 2695 atte-

2053 2729 2267 2782 rebant.
2303 2727 2428 2783 llaec
2461 2738 2516 2784 et
2549 2729 2635 2783 his
2682 2730 2838 2799 plura
2874 2738 3172 2797 tormenta,
3229 2746 3453 2799 sannas,
3509 2749 3642 2788 cou-

2056 2819 2426 2888 tumeliasque
2449 2820 2679 2889 impium
2707 2835 2915 2887 semen,
2941 2830 3002 2876 ut
3027 2822 3108 2876 sic
3139 2822 3354 2893 loquar,
3387 2835 3442 2878 et
3467 2825 3634 2892 impia

2055 2911 2344 2980 progenies
2374 2911 2493 2965 viro
2519 2911 2874 2966 sanctissimo
2899 2913 3061 2968 dictis
3091 2913 3378 2984 factisque,
3405 2926 3458 2970 et
3489 2917 3641 2970 stoli~

2054 3001 2158 3056 dus
2191 3001 2280 3056 ille
2306 2999 2654 3069 Theodorus,
2689 3012 2744 3056 et
2781 3003 3107 3072 Gorgonites
3163 3003 3428 3072 Joannes,
3475 3016 3642 3078 atque

2056 3093 2310 3149 Nicolaus
2352 3093 2620 3150 Theoduli
2657 3095 3019 3166 Scutclopsis,
3055 3098 3388 3168 irrogabant.

616 3150 748 3256 γοῦν
774 3187 870 3251 τὰς
915 3188 1186 3252 κολάσεις,
1210 3186 1274 3250 ἃς
1307 3178 1454 3240 οὗτοι
1483 3185 1836 3256 προσήγαγον
1872 3182 1950 3253 τῷ

2129 3186 2269 3256 Ergo
2300 3195 2422 3256 post
2459 3187 2854 3255 cruciamenta,
2883 3190 3084 3260 quibus
3115 3191 3320 3246 Christi
3353 3193 3640 3248 confesso-

358 3279 676 3350 ὁμολογητῇ
726 3278 822 3332 τοῦ
853 3277 1118 3350 Χριστοῦ,
1174 3276 1314 3348 μετά
1364 3275 1464 3340 τάς
1507 3275 1762 3338 ἀπειλὰς,
1811 3275 1953 3344 μετὰ

359 3373 465 3436 τὰς
489 3371 710 3436 ἁλύσεις
731 3413 747 3439 ,
781 3371 848 3435 ἃς
877 3371 1021 3425 κατὰ
1065 3371 1174 3425 τῶν
1206 3369 1406 3438 τιμίων
1439 3369 1707 3422 ἐπέϐαλον
1751 3369 1951 3434 ποδῶν,

367 3463 517 3536 μετὰ
547 3464 618 3518 τὰ
657 3463 1000 3534 ῥαπίσματα,
1038 3463 1175 3531 μετὰ
1206 3463 1269 3516 τὸ
1295 3460 1625 3532 σταυρωδῶς
1654 3461 1748 3512 ἐπὶ
1782 3460 1956 3529 πρόσ-

363 3573 518 3610 ωπον
554 3557 696 3610 κατά
724 3557 833 3609 τῶν
863 3555 1175 3626 μαρμαίρων
1200 3554 1544 3623 ἐφαπλῶσαι,
1581 3555 1673 3608 καὶ
1704 3553 1834 3623 ὃλην
1856 3553 1956 3624 τὴν

364 3649 543 3703 νύκτα
578 3647 862 3717 δεδεμένον
889 3647 1333 3717 τιμωρήσασθαι,
1368 3645 1506 3715 μετά
1549 3644 1610 3698 τὸ
1635 3645 1958 3698 ἐπιϐιϐάσαι

365 3746 443 3815 τῇ
468 3744 701 3812 λάρνακι
734 3743 816 3805 είς
855 3739 954 3811 τὴν
989 3739 1119 3808 ἐξῆς
1151 3737 1324 3792 νύκτα
1373 3738 1592 3798 πᾶσαν,
1649 3731 1748 3789 εἷθ’
1783 3735 1957 3798 οὕτως

369 3834 646 3890 ἀπολῦσαι
673 3833 783 3886 τῶν
823 3830 1061 3902 δεσμῶν,
1097 3830 1191 3884 καὶ
1223 3829 1364 3884 κατά
1405 3827 1502 3881 τοῦ
1533 3828 1765 3896 ἐδάφους
1795 3827 1958 3881 αὑτὸν

370 3926 664 3981 ἀκοντίσαι
701 3925 798 3978 καὶ
832 3921 1143 3994 συντρίψαι,
1169 3921 1264 3974 καὶ
1279 3919 1358 3991 τῷ
1376 3921 1570 3991 αἵματι
1602 3917 1836 3990 φοινίξαι
1859 3919 1958 3990 τὴν

370 4020 516 4089 γῆνο
556 4017 695 4089 μετά
728 4015 905 4071 ταῦτα
955 4017 1134 4070 πάντα
1177 4014 1375 4086 μικρὸν
1427 4014 1620 4067 τοῦτον
1655 4013 1964 4084 ἐμπνέοντα

371 4112 614 4183 (συνεῖχε
639 4110 750 4181 γὰρ
793 4107 1030 4180 μάλιστα
1056 4106 1328 4177 λελυμένη
1367 4107 1462 4160 καὶ⁵
1489 4109 1522 4177 ἡ
1558 4106 1834 4177 γαστὴρ),
1865 4106 1958 4176 βίᾳ

367 4201 476 4272 τῆς
506 4199 602 4253 τοῦ
629 4200 788 4268 ἁγίου
818 4198 1000 4269 χειρὸς
1029 4196 1512 4267 όΜωροθεόδωρος
1541 4197 1846 4268 κρατήσας,
1866 4197 1960 4250 καὶ

370 4296 586 4367 χάρτην
621 4292 826 4356 λαϐὼν,
862 4291 1067 4363 ἔπηξεν
1091 4290 1166 4354 ὡς
1196 4290 1266 4343 δι’
1299 4288 1466 4344 αὑτοῦ
1491 4289 1746 4359 σταυρὸν,
1772 4289 1832 4343 ὃν
1860 4289 1956 4344 καὶ

374 4385 674 4454 ἀναγαγὼν
702 4382 996 4437 ἐπιδέδωκε
1023 4381 1237 4452 Φωτίῳ.
1293 4380 1351 4434 '0
1379 4380 1436 4434 δὲ
1473 4381 1564 4434 τὸν
1604 4380 1835 4451 σταυρὸν
1861 4380 1958 4433 λα-

2058 3294 2171 3333 rcm
2207 3279 2538 3346 afﬂixerant,
2574 3291 2696 3350 post
2735 3283 3220 3346 comminationes,
3263 3294 3386 3354 post
3421 3297 3643 3343 calenas

2057 3379 2112 3422 et
2163 3371 2459 3440 compedes
2534 3371 2861 3426 venerandis
2907 3372 3142 3440 pedibus
3203 3373 3454 3440 injectas,
3518 3388 3646 3446 post

2058 3461 2264 3529 alapas,
2285 3470 2337 3515 et
2355 3471 2648 3531 postquam
2671 3476 2797 3515 eum
2823 3462 2890 3517 ad
2918 3461 3151 3518 formam
3167 3468 3346 3522 crucis
3371 3466 3424 3521 in
3453 3466 3645 3522 faciem

2063 3552 2119 3606 in
2157 3541 2438 3607 marmore
2474 3562 2812 3622 prostratum
2857 3569 2922 3608 ac
2951 3555 3278 3623 distentum,
3320 3566 3432 3613 tota
3489 3571 3649 3616 nocte

2063 3645 2305 3698 vinctum
2341 3645 2566 3714 insuper
2611 3647 2926 3712 torsissent,
2987 3655 3153 3718 atque
3177 3651 3381 3705 tumba:
3423 3652 3649 3722 imposi-

2063 3744 2175 3788 tum
2218 3745 2388 3790 totam
2449 3736 2828 3806 insequentem
2878 3750 3097 3792 noctem
3137 3742 3497 3804 cruciassent,
3524 3754 3648 3798 tan-

2061 3824 2298 3894 demque
2327 3826 2568 3880 solutum
2601 3827 2753 3880 humi
2796 3829 3159 3897 proiecissent
3183 3831 3646 3903 fodicassentque,

2063 3927 2123 3970 ut
2168 3917 2435 3988 sanguine
2464 3919 2628 3971 etiam
2679 3929 2881 3972 terram
2940 3932 3268 3990 purpuraret
3302 3939 3316 3976 :
3351 3933 3476 3992 post
3511 3926 3648 3992 hmo,

2063 4010 2309 4078 inquam,
2342 4008 2548 4072 omnia,
2585 4026 2709 4064 cum
2740 4011 2921 4065 adhuc
2977 4012 3189 4067 modice
3235 4015 3469 4084 spiraret
3527 4021 3649 4082 (ur-

2063 4102 2290 4172 gebatur
2305 4102 2450 4157 enim
2478 4111 2533 4158 et
2557 4103 2664 4157 alvi
2694 4104 2980 4159 solutioris
3009 4105 3323 4178 profluvio),
3355 4119 3468 4163 tum
3496 4111 3649 4164 insa-

2064 4208 2169 4248 nus
2201 4191 2526 4248 Theodorus
2556 4209 2712 4249 sacra
2750 4195 2856 4250 viri
2915 4211 3082 4251 manu
3122 4213 3220 4267 per
3244 4200 3351 4253 vim
3407 4214 3648 4272 arrepta,

2064 4283 2368 4353 chartaque
2418 4285 2689 4354 subjecta,
2723 4286 2882 4356 quasi
2937 4302 3034 4357 per
3090 4289 3244 4343 illum
3288 4307 3506 4348 crucem
3544 4295 3650 4349 im-

2067 4377 2290 4445 pressit,
2319 4377 2653 4448 allatamque
2697 4377 2894 4434 Photio
2927 4381 3195 4448 porrexit.
3228 4381 3331 4447 Qui
3371 4383 3526 4454 signo
3556 4401 3650 4442 ac-

373 4473 513 4538 6ὼν,
550 4474 609 4537 ἐξ
656 4471 852 4526 ἑαυτοῦ
899 4470 1220 4541 ὑπέγραψεν
1261 4469 1468 4534 οὕτως·
1505 4489 1523 4522 ι
1573 4471 1834 4540 Ἰγνάτιος
1864 4473 1952 4525 ἀν-

2070 4476 2250 4538 ccpto,
2299 4484 2399 4523 sua
2434 4468 2553 4539 ipse
2588 4485 2753 4525 manu
2788 4472 3124 4544 subscripsit
3161 4490 3176 4528 :
3217 4493 3237 4526 ι
3270 4474 3515 4546 lgnatius
3560 4480 3649 4532 in-

376 4566 528 4632 ἀξιοε
562 4560 1190 4624 Κωνσταντινουπόλεως
1210 4561 1458 4631 ὁμολογῶ
1480 4560 1806 4632 ἀψηφίστως
1845 4563 1960 4615 είσ-

375 4659 580 4723 ελθεῖν,
625 4658 719 4710 καὶ
744 4656 812 4710 τά
840 4655 938 4724 ἐτη
969 4652 1145 4707 ταῦτα
1173 4653 1271 4722 οὑχ
1301 4654 1549 4724 ὴγίαζον,
1580 4653 1696 4707 ἀλλ’
1737 4655 1965 4726 ἐτυράνρ

375 4769 526 4808 νουν.
563 4769 582 4801 ι
617 4748 837 4818 Ταύτης
867 4747 966 4818 τῆς
997 4745 1324 4817 ὑπογραφῆς
1344 4743 1424 4816 τῷ
1456 4744 1667 4815 βασιλεῖ
1701 4746 1966 4816 πεμφθεί-

378 4861 507 4913 σης,
537 4840 762 4911 ἀφίεται
822 4837 922 4909 μὲν
975 4839 1005 4891 ό
1058 4837 1330 4908 μακάριος
1366 4836 1584 4907 ἐκείνης
1611 4837 1718 4907 τῆς
1747 4837 1962 4908 ἐνοχῆς,

375 4938 472 4991 τὸν
507 4933 774 5006 μητρικδν
811 4931 869 4985 δὲ
913 4927 1062 4984 οἷκον
1089 4929 1159 4982 τὰ
1212 4928 1431 4993 Ποσέως
1470 4929 1831 4994 καταλαϐὼν,
1871 4948 1966 5000 μι-

377 5029 515 5100 κρὸν
555 5027 694 5090 τέως
732 5025 841 5079 ἀπὸ
891 5022 999 5077 τῶν
1032 5021 1244 5076 πολλῶν
1288 5021 1466 5076 πόνων
1513 5023 1780 5093 ἀνέψυχεν
1825 5024 1962 5078 ἐκεῖ.

390 5123 456 5176 '0
483 5120 678 5192 ἐχθρὸς
725 5119 782 5173 δέ
804 5117 905 5171 οὐκ
933 5116 1168 5170 ἐπαύετο
1203 5115 1388 5179 δόλους
1422 5118 1480 5169 ἐν
1509 5116 1710 5188 καρδία
1742 5132 1965 5173 τεκται-

375 5215 631 5285 νόμενος,
659 5211 755 5265 καὶ
796 5209 1009 5279 πονηρά
1059 5207 1201 5261 κατὰ
1231 5207 1326 5260 τοῦ
1355 5205 1536 5260 ἀθὼου
1587 5205 1968 5277 διαλογιζόμε-

379 5325 495 5371 νος.
529 5304 726 5360 Τοίνυν
775 5300 1070 5356 ὑποϐάλλει
1121 5302 1235 5363 τοῖς
1265 5297 1564 5370 κρατοῦσιν
1601 5299 1693 5352 ἐπὶ
1729 5299 1822 5351 τὸν
1858 5297 1970 5350 τῶν

395 5397 744 5454 Ἀποστόλων
777 5394 933 5458 αὖθις
964 5393 1126 5446 αὑτὸν
1153 5392 1452 5460 ἀναγαγεῖν
1481 5389 1631 5455 ναδν,
1657 5391 1750 5444 καὶ
1780 5389 1969 5460 βιάζε-

383 5491 537 5552 σθαι,
566 5487 784 5558 πρῶτον
830 5485 931 5555 μὲν
966 5484 1078 5555 τὴν,
1119 5482 1326 5537 οἰκείαν
1369 5482 1692 5554 καθαίρεσιν
1729 5484 1971 5551 ἀνεγνω-

383 5584 524 5637 κότα
549 5581 646 5632 ἐπὶ
671 5580 768 5632 τοῦ
802 5577 1056 5648 ἄμϐωνος
1095 5574 1526 5645 ἀναθεματίζειν
1575 5575 1798 5629 ἑαυτόν·
1829 5576 1971 5646 μετά

381 5674 560 5730 ταῦτα
588 5673 646 5726 δὲ
677 5671 744 5737 (ὣ
766 5670 866 5740 τῆς
896 5668 1182 5739 μιαιφόνου
1215 5667 1440 5737 βουλῆςί
1488 5667 1533 5721 ὣ
1581 5668 1683 5737 τῆς
1731 5669 1969 5740 δεινότη-

385 5768 550 5838 tog!)
602 5762 727 5825 τούς
784 5778 845 5813 τε
892 5759 1208 5830 ὀφθαλμοὺς
1257 5759 1494 5828 ἐκκόψαι
1551 5759 1646 5814 καὶ
1683 5759 1782 5831 τὴν
1812 5763 1971 5835 χεῖρα

715 5856 982 5915 ΡΑτιιοι.
1028 5854 1143 5914 Gn.
1191 5852 1309 5912 CV.

2067 4557 2266 4628 dignus
2294 4559 2935 4631 Constantinopolitanus
2965 4565 3254 4630 confiteor,
3279 4581 3366 4620 tne
3400 4582 3506 4621 non
3537 4569 3653 4638 lege

2065 4661 2120 4706 et
2150 4652 2430 4724 suffragiis
2480 4665 2727 4710 creatum
2761 4657 3010 4712 ecclesia:
3038 4659 3300 4713 thronum
3352 4661 3650 4727 invasisse,

2066 4760 2245 4814 neque
2276 4745 2364 4800 bis
2386 4747 2547 4802 anuis
2572 4747 2674 4802 rite
2705 4757 2760 4802 et
2784 4757 2974 4803 sancte
2995 4750 3286 4806 ecclesiam
3307 4754 3533 4815 rexisse,
3555 4755 3651 4809 sed

2068 4839 2414 4910 tyrannidem
2450 4842 2784 4897 exercuisse.
2829 4860 2849 4894 ι
2888 4839 3003 4897 Hoc
3035 4843 3653 4916 pseudo-chirographo

2068 4931 2386 5001 imperatori
2421 4933 2612 4997 misso,
2646 4933 2728 4986 vir
2758 4942 2982 4988 sanctus
3004 4948 3036 4987 e
3065 4935 3313 4989 custodia
3344 4946 3428 4990 est
3461 4938 3653 4992 diutis-

2069 5043 2189 5094 sus,
2221 5028 2597 5096 matcrnisque
2629 5028 2683 5081 in
2713 5027 2923 5082 aedibus
2957 5026 3164 5094 Poseos
3205 5030 3490 5098 paululum
3521 5047 3548 5083 τι
3577 5041 3654 5087 tot

2068 5120 2330 5174 :erumnis
2377 5119 2705 5188 respirabat.
2761 5119 2866 5174 Sed
2919 5120 3066 5174 enim
3121 5121 3292 5176 hostis
3340 5138 3447 5176 non
3489 5123 3656 5178 desiit

2072 5209 2292 5266 fraudes
2322 5210 2511 5264 animo
2533 5224 2778 5274 versare,
2811 5210 3162 5282 pessimaque
3191 5197 3455 5269 adversus
3488 5215 3654 5268 inno-

2071 5311 2284 5357 centem
2318 5303 2548 5358 consilia
2595 5318 2856 5373 coquere.
2901 5303 3089 5375 Itaque
3141 5308 3382 5376 suggerit
3419 5307 3656 5376 impera-

2071 5393 2307 5460 toribus,
2341 5404 2405 5448 ιιι
2437 5394 2683 5464 lgnatius
2743 5394 2810 5448 ad
2841 5395 3010 5451 aedem
3058 5397 3434 5465 apostolorum
3494 5399 3657 5453 redu-

2074 5499 2220 5554 ctus,
2268 5488 2505 5558 primum
2539 5487 3046 5542 exauctorationcm
3079 5503 3234 5542 suam
3274 5489 3390 5557 ipse
3436 5491 3654 5559 publice

2072 5597 2172 5652 pro
2201 5583 2434 5637 amboue
2464 5581 2629 5648 legat.
2659 5591 2825 5651 atque
2881 5582 3094 5651 sibiipsi
3151 5581 3444 5636 anathema
3483 5583 3652 5638 dicat.

2074 5673 2300 5739 Deinde,
2331 5688 2364 5727 ο
2392 5673 2612 5728 crudele
2641 5673 2957 5738 consilium,
3002 5689 3035 5726 o
3067 5672 3399 5741 singularem
3457 5675 3654 5730 imma-

2075 5765 2336 5838 nitatem}.
2405 5765 2568 5820 ambo
2628 5765 2707 5820 illi
2757 5764 2994 5822 effodere
3052 5767 3289 5829 lumina,
3326 5783 3659 5840 manumque

3189 5857 3253 5919 17
