4022 6394
483 333 589 396 5E3

1673 329 1965 390 NICETzE
2004 327 2531 390 PAPHLAGONIS

3642 340 3740 408 524

475 443 776 516 praecidere
809 441 898 497 illa
939 439 1079 495 furia
1107 439 1498 498 meditabatur.
1529 440 1664 496 Tam
1699 442 1871 496 altum
1909 441 2053 511 impii

2169 440 2453 510 μανιωδῶς
2484 441 2930 512 ἐϐυσσοδόμευεν.
2954 443 3140 507 Οῦτως
3164 444 3343 512 αὐτῶν
3369 447 3450 510 εἰς
3484 445 3650 518 βάθος
3687 455 3744 508 τὸ

476 537 664 593 odium
698 541 1072 603 conceperant
1096 571 1112 596 ,
1145 541 1207 588 ut
1236 533 1437 589 divina:
1485 532 1744 587 vindictae
1787 533 2055 587 rationem

475 629 740 683 ducerent
771 626 998 680 nullam.
1034 626 1243 680 Aberat
1265 626 1441 682 omnis
1478 625 1573 680 Dei
1601 634 1801 688 metus,
1851 635 1904 679 et
1932 625 2056 695 qui-

473 721 596 774 dem
623 719 829 774 diaboli
860 718 1016 774 furor
1045 719 1168 775 illos
1203 720 1463 790 agitabat.
1497 718 1842 773 Pentecostes
1864 726 2056 773 sancta

473 813 592 867 dies
632 811 1034 880 complebatur,
1065 827 1188 866 cum
1217 826 1344 866 ecce
1369 811 1442 865 ibi
1473 819 1812 866 armatorum
1859 824 2056 864 manus

474 903 814 982 domicilium
847 903 904 956 in
935 917 1042 971 quo
1066 902 1325 971 degebat,
1354 916 1556 956 corona
1603 909 1804 970 praeter
1833 915 2053 954 omnem

475 996 941 1065 exspectationem
983 1003 1202 1065 repente
1224 994 1414 1063 cingit.
1440 993 1537 1046 Vir
1562 1005 1786 1047 sanetus
1821 991 1912 1046 ubi
1935 993 2055 1046 ani-

477 1089 772 1144 madvertit
802 1104 860 1143 se
889 1088 1020 1158 peti,
1059 1098 1114 1142 et
1149 1086 1434 1156 parricidae
1477 1084 1617 1140 Esau
1654 1084 1894 1140 furorem
1931 1099 2057 1138 seu-

475 1183 568 1244 sit,
600 1182 892 1237 consilium
932 1188 1120 1236 contra
1163 1189 1468 1248 temporum
1515 1177 1917 1248 improbitatem
1957 1191 2055 1245 op-

474 1283 797 1342 portunum,
862 1286 1075 1342 suaque
1105 1272 1370 1341 sapientia
1398 1280 1449 1323 et
1477 1269 1682 1340 Spiritu
1718 1277 1910 1324 sancto
1934 1268 2056 1338 ejus

476 1374 688 1419 rectore
737 1365 957 1433 dignum
1019 1362 1185 1432 capit.
1240 1361 1524 1427 Quodnam
1580 1360 1752 1416 illud?
1813 1357 1987 1414 Vilem
2023 1374 2090 1412 a.

471 1455 645 1511 servis
697 1463 750 1509 et
799 1453 1118 1509 saecularem
1169 1455 1338 1508 sumit
1398 1461 1627 1517 vestem,
1697 1450 2056 1521 geminasque

468 1553 685 1613 sportas
710 1544 778 1598 ab
805 1544 1053 1598 humeris
1093 1557 1202 1597 uua
1235 1558 1265 1596 a
1299 1543 1504 1613 pertica
1550 1557 1854 1610 suspensas
1888 1539 2054 1610 baiuli

469 1637 573 1691 iitu
607 1645 849 1707 gestans,
885 1637 1132 1705 deceptis
1164 1651 1260 1706 per
1297 1645 1510 1691 noctem
1542 1635 1891 1700 custodibus,
1938 1647 2053 1687 uno

466 1729 764 1783 comitatus
791 1727 1067 1798 Cypriane
1091 1727 1360 1796 discipulo
1383 1741 1508 1792 suo,
1538 1725 1802 1796 profugit,
1838 1725 1942 1779 iter
1967 1724 2055 1777 in-

464 1833 688 1889 gressus
723 1833 818 1888 per
845 1818 1126 1872 embolum
1167 1818 1234 1872 ad
1287 1817 1652 1888 Sybaiticum,
1675 1815 1864 1872 saucio
1896 1824 1946 1871 et
1971 1815 2054 1870 af-

467 1913 615 1967 ﬂicto
640 1921 882 1981 pectore,
907 1910 1054 1964 velut
1083 1910 1222 1965 alter
1259 1909 1448 1975 David,
1505 1925 1628 1966 cum
1684 1909 1995 1979 profugeret
2021 1925 2051 1964 a

465 2004 605 2058 facie
634 2001 788 2057 Saul.
829 2003 1122 2056 Enimvero
1158 2018 1254 2072 per
1307 2003 1561 2057 tenebras
1601 2001 1753 2056 eunti
1788 2001 2052 2056 divinitus

467 2095 713 2152 occurrit
742 2095 825 2148 vir
848 2105 1078 2166 augusta
1104 2093 1400 2149 admodum
1439 2093 1575 2148 lacte
1608 2093 1862 2157 decorus,
1894 2108 2051 2147 coma

466 2182 754 2252 barbaque
803 2183 1061 2237 decenter
1090 2183 1379 2252 promissa,
1405 2190 1556 2237 veste
1587 2182 1836 2244 candida,
1869 2181 2053 2236 niveo-

464 2289 572 2344 que
593 2281 784 2327 vectus
809 2288 972 2342 equo,
1005 2273 1161 2342 quasi
1214 2271 1547 2325 Blachrrnas
1580 2270 1844 2326 tenderet.
1887 2268 2051 2339 Igno-

464 2376 553 2421 tus
580 2374 762 2419 autem
814 2365 906 2420 ille
956 2365 1058 2430 vir,
1086 2379 1213 2420 cum
1267 2373 1498 2434 propter
1549 2361 1773 2416 luminis
1807 2361 2048 2430 inopiam

461 2471 586 2511 eum
614 2455 798 2510 videre
819 2454 965 2509 clare
996 2469 1104 2508 non
1137 2463 1343 2523 posset,
1366 2452 1536 2506 nihilo
1571 2451 1773 2513 secius,
1799 2449 2051 2520 quisquis

462 2546 552 2599 ille
582 2552 733 2608 erat,
788 2542 976 2598 divino
1035 2541 1245 2612 Spiritu
1310 2541 1581 2610 impulsus
1626 2539 2047 2609 pronuntiavit:

464 2639 630 2704 Deus,
659 2635 856 2707 inquit,
877 2644 932 2690 et
957 2635 1299 2690 sanctissima
1330 2635 1425 2688 Dei
1453 2629 1650 2697 Mater,
1675 2631 2052 2686 sacratissime

463 2730 709 2794 domine,
761 2740 811 2783 te
843 2736 897 2784 et
942 2728 1175 2783 comites
1212 2737 1336 2783 tuos
1371 2734 1608 2780 tueatur.
1641 2723 1814 2790 Quam
1853 2737 2044 2776 vocem

461 2822 552 2877 ille
577 2837 701 2877 cum
748 2829 1008 2890 tanquam
1043 2819 1328 2875 oraculum
1363 2833 1393 2872 e
1425 2817 1567 2872 coelo
1613 2816 1839 2869 missum
1893 2829 2051 2868 accc-

461 2914 656 2984 pisset,
709 2920 763 2966 et
807 2915 926 2967 loco
979 2908 1249 2964 itinerarii
1297 2908 1551 2973 subsidii,
1597 2907 1754 2978 quasi
1787 2906 2046 2961 viaticum

459 3005 563 3058 sibi
589 3003 778 3057 datum
803 3007 1044 3072 putaret,
1067 2999 1240 3054 multo
1275 2999 1512 3054 alacrius
1540 2997 1643 3052 iter
1672 2996 1971 3066 carpebat;
1994 3002 2049 3050 et

461 3093 610 3149 tenui
657 3092 748 3147 illo
779 3107 842 3146 ac
873 3091 1056 3146 servili
1109 3089 1298 3145 habitu
1350 3090 1570 3158 ignotus
1596 3087 1876 3158 navigium
1913 3101 2048 3141 con-

460 3185 698 3249 scendit.
733 3195 787 3240 et
824 3183 1133 3252 Principes,
1159 3182 1574 3248 Proeeoucsum,
1607 3179 1855 3248 aliasque
1909 3176 2050 3232 Pro-

463 3279 707 3351 pontidis
735 3278 966 3343 insulas,
999 3276 1161 3331 aliam
1193 3291 1258 3330 ex
1291 3275 1397 3329 alia
1422 3272 1811 3344 permutando,
1844 3285 1940 3341 per
1967 3285 2055 3325 so-

461 3370 720 3424 litudines
739 3369 792 3423 in
813 3367 1093 3423 montibus
1108 3376 1158 3420 et
1175 3365 1472 3436 speluncis,
1499 3364 1859 3433 cavernisque
1879 3373 2050 3424 terrae,

467 3468 527 3514 ut
571 3475 696 3515 cum
735 3457 997 3529 Aposmlo
1028 3457 1244 3528 loquar,
1279 3456 1634 3512 absconditus
1663 3455 1902 3520 errabat,
1928 3469 2055 3523 ege-

467 3567 592 3618 nus,
649 3550 904 3615 amictus,
990 3549 1355 3618 angustiatus,
1415 3547 1730 3616 victumque
1789 3543 2056 3613 rogatoris

465 3646 644 3699 instar
672 3661 700 3698 a
759 3645 862 3713 piis
889 3642 1221 3698 Christianis
1266 3639 1668 3696 emendicabat.
1709 3638 1778 3692 At
1828 3636 2056 3691 Photius

466 3735 694 3801 amissa,
735 3748 899 3804 quam
960 3746 1056 3801 Spe
1089 3733 1396 3794 devorarat,
1432 3729 1612 3798 przeda
1655 3727 1838 3782 omnia
1869 3741 2047 3782 coeno-

467 3827 578 3892 bia,
607 3825 911 3894 urbemque
933 3831 1104 3878 totam
1131 3838 1195 3878 ac
1222 3822 1486 3877 suburbia
1515 3820 1843 3889 vestigabat,
1880 3816 2055 3872 sicubi

465 3919 617 3973 velut
647 3919 772 3988 igne
821 3916 1112 3982 evanidum
1145 3916 1407 3986 reperiret
1439 3914 1708 3969 titionem.
1740 3912 1876 3966 Cum
1924 3926 2056 3982 ergo

467 4011 606 4066 nihil
633 4025 824 4064 eorum
876 4026 996 4080 quae
1043 4009 1318 4078 cupiebat,
1353 4007 1719 4063 succederet:
1765 4010 2056 4074 procurate

463 4105 645 4159 edicto
675 4103 849 4172 regio,
873 4101 1146 4172 Orypbam
1177 4101 1328 4155 illum
1351 4115 1476 4154 cum
1496 4113 1590 4153 sex
1617 4086 1937 4152 cursoribus
1986 4094 2054 4148 ad

464 4207 662 4249 cuneta
690 4194 806 4248 loca
829 4194 1128 4260 maritima,
1157 4189 1720 4261 cunctasqueinsulas
1744 4187 2056 4243 lustrandas

464 4287 744 4352 amandat,
785 4287 861 4341 uti
912 4300 1240 4355 quocunque
1279 4285 1400 4338 loco
1431 4281 1855 4352 deprehensum,
1884 4279 2053 4335 veluti

466 4379 900 4444 perturbatorem
920 4391 1341 4446 eversuremque
1363 4375 1600 4445 imperii,
1619 4373 1685 4429 dc
1703 4373 1880 4428 medio
1896 4372 2054 4426 tolle-

2174 533 2334 601 μῖσος
2365 532 2674 604 καθήψατο,
2710 534 2804 587 καὶ
2835 535 2932 603 τῆς
2981 536 3075 589 τοῦ
3111 537 3248 590 Θεοῦ
3286 539 3634 612 δικαιοσύνης
3659 544 3742 599 λό-

2162 642 2257 693 γος
2283 625 2414 696 παρ’
2444 626 2630 689 αὐτοῖς
2660 626 2855 690 οὐδεὶς,
2889 627 2983 681 καὶ
3015 629 3043 681 ὁ
3072 628 3168 681 τοῦ
3206 630 3342 683 Θεοῦ
3375 631 3539 700 φόϐος
3573 634 3739 704 ἀπῆν,

2163 718 2256 770 καὶ
2308 719 2337 770 ό
2398 717 2490 770 τοῦ
2533 716 2780 771 διαϐόλου
2821 717 2982 788 ζῆλος
3019 719 3406 785 ἐσπουδάζετο.
3442 723 3590 794 Αὐτὴ
3631 743 3748 778 συν-

2164 807 2533 880 επληροῦτοὴ
2581 809 2681 879 τῆς
2712 810 2874 878 ἁγίας
2939 812 3326 883 Πεντηκοστῆς
3385 815 3603 884 ἡμέρα,
3659 820 3747 870 καὶ

2166 902 2277 955 ἰδοὺ
2311 900 2514 972 πλῆθος
2547 901 2903 972 στρατιωτῶν
2932 903 3251 974 ὁπλοφόρων
3280 903 3370 958 τὸν
3426 902 3576 959 οἷκον
3606 905 3743 972 ἐξαί-

2161 1010 2320 1064 φνης,
2345 994 2400 1044 ἐν
2499 994 2791 1064 κατήγετο,
2828 995 3209 1064 περιεκύκλου.
3250 995 3396 1048 Ἰδὼν
3421 991 3514 1050 οὖν
3543 998 3572 1050 ὁ
3597 997 3743 1064 ἅγιος

2161 1084 2370 1147 ἐκεῖνος
2401 1083 2467 1138 τὰ
2503 1085 2776 1156 ἐρχόμενα
2801 1085 2888 1139 ἐπ’
2915 1087 3102 1150 αὑτὸν,
3141 1087 3237 1140 καὶ
3295 1087 3396 1154 τὴν
3428 1089 3744 1157 ἀδελφοκτό-

2167 1195 2256 1232 νον
2315 1178 2515 1249 μανίαν
2567 1181 2888 1252 αἰσθόμενος
2922 1181 3114 1248 Ἡσαῦ,
3168 1183 3365 1254 βουλὴν
3409 1184 3737 1254 βουλεύεται,

2161 1270 2492 1342 ἀντίρροπον
2524 1273 2625 1344 μὲν
2649 1273 2750 1343 τῆς
2778 1274 2872 1327 τοῦ
2906 1275 3101 1347 καιροῦ
3124 1275 3350 1342 κακίας,
3373 1280 3472 1346 τῆς
3497 1278 3662 1332 αὐτοῦ
3681 1280 3735 1334 δέ

2163 1364 2433 1428 συνέσεως
2463 1365 2559 1419 καὶ
2584 1366 2678 1420 τοῦ
2699 1367 3026 1436 ὁδηγοῦντος
3053 1369 3217 1421 αὑτὸν
3245 1370 3390 1422 θείου
3424 1370 3738 1441 Πνεύματος

2157 1453 2400 1519 ἐπάξιον.
2442 1457 2539 1520 Τις
2577 1458 2635 1510 δὲ
2675 1461 2708 1529 ἡ
2745 1459 2946 1530 βουλῆς
2993 1459 3226 1514 Ἀλλοιοϊ
3275 1461 3374 1532 μὲν
3405 1462 3622 1529 ἐαυτὸν,
3659 1468 3735 1517 οξ-

2158 1548 2332 1619 κτρὰν
2365 1551 2456 1604 καὶ
2503 1551 2700 1623 λαῖκὴν
2748 1553 2901 1623 παρὰ
2928 1553 3038 1606 τῶν
3069 1555 3298 1608 οἰκετῶν
3340 1556 3734 1627 ἀνειλημμένος

2161 1640 2374 1713 στολὴν,
2409 1643 2505 1696 δύο
2531 1643 2589 1698 δὲ
2634 1645 2900 1716 σπυρίδας
2931 1645 3019 1714 ἐφ’
3059 1645 3178 1708 ἐνὸς
3227 1645 3386 1711 ξύλου
3428 1646 3538 1699 τῶν
3595 1648 3732 1702 ἰδίων

2160 1735 2526 1806 ἀπαιωρήσας
2559 1736 2747 1808 ὤμων,
2779 1736 3089 1808 ἀχθοφόρου
3112 1737 3258 1801 τινὸς
3285 1738 3486 1808 τρόπον
3507 1740 3726 1812 ἀπέδρα,

2157 1829 2561 1898 τοὺςφύλακας
2607 1829 2749 1881 κατὰ
2787 1827 2961 1898 μέσας
2995 1827 3198 1891 νύκτας
3229 1827 3431 1882 λαθών.
3477 1830 3724 1885 Ἐσπευδε

2156 1925 2210 1992 δέ
2237 1925 2353 1996 ἀμα
2381 1923 2456 1994 τῷ
2481 1922 2696 1992 μαθητῇ
2725 1920 3048 1993 Κυπριανῷ,
3079 1921 3178 1992 τὴν
3204 1924 3296 1975 ἐπὶ
3325 1923 3385 1976 τὸ
3414 1924 3717 1979 Συϐαῖτικον

2155 2015 2242 2068 διὰ
2273 2015 2368 2069 τοῦ
2400 2013 2632 2085 ἐμϐόλου
2675 2012 2996 2083 ποιούμενος
3025 2014 3272 2085 πορείαν.
3313 2014 3423 2084 Τὴν
3462 2015 3627 2086 ψυχὴν
3661 2016 3713 2069 δὲ

2160 2107 2602 2178 συντριϐόμενος,
2644 2105 2742 2158 καὶ
2789 2107 2902 2169 τοῖς
2945 2105 3178 2179 δάκρυσι
3229 2109 3720 2180 περιρραινόμενος,

2155 2196 2249 2249 καὶ
2288 2195 2494 2266 σφόδρα
2523 2194 2867 2265 κατάπικρος
2905 2195 3005 2263 τὴν
3035 2196 3264 2266 καρδίαν
3297 2198 3391 2250 καὶ
3430 2198 3726 2262 κατώδυνος

2154 2288 2252 2354 ὢν,
2307 2288 2529 2359 ἔτρεχεν
2563 2286 2754 2357 ὥσπερ
2804 2286 2968 2340 Δαυῒδ
3011 2288 3218 2353 ἐκεῖνος
3273 2290 3380 2342 ἀπὸ
3437 2291 3724 2360 προσώπου

2154 2378 2434 2448 διαδρᾶναι
2495 2377 2689 2431 Σαούλ.
2743 2376 3032 2446 Κρείττονι
3085 2378 3143 2430 δέ
3207 2379 3434 2452 προνοίᾳ
3495 2383 3728 2452 συναντᾷ

2152 2471 2328 2541 τούτῳ
2350 2470 2439 2523 διὰ
2464 2468 2564 2536 τῆς
2587 2468 2780 2532 νυκτὸς
2811 2469 2943 2522 ίόντι
2977 2469 3113 2540 ἀνήρ
3140 2487 3223 2533 τις
3255 2472 3398 2524 πάνυ
3428 2473 3529 2542 τὴν
3563 2474 3731 2542 πρόσ.

2154 2564 2277 2633 οψιν
2308 2563 2612 2633 εὐπρεπὴς,
2647 2562 2831 2620 τόντε
2865 2559 3101 2628 πώγωνα
3149 2562 3245 2615 καλ⁵
3289 2564 3389 2633 τὴν
3427 2563 3624 2634 κώμην
3656 2566 3735 2618 εὐ-

2157 2653 2370 2717 σταλῶς
2401 2650 2728 2721 καθειμένος
2769 2651 2872 2716 τῆς
2902 2650 3178 2720 κεφαλῆς·
3211 2651 3305 2705 καὶ
3343 2652 3505 2716 αὐτὸς
3543 2654 3733 2723 στολὴν

2153 2744 2354 2812 λευκὴν
2379 2741 2734 2813 ἐσταλμένος,
2766 2742 2860 2794 καὶ
2890 2741 3042 2811 ἵππῳ
3068 2742 3365 2796 ἐπιϐαίνων
3397 2744 3604 2814 λευκῷ,
3637 2745 3734 2815 τὴν

2152 2836 2226 2898 ώς
2259 2834 2352 2887 ἐπὶ
2379 2833 2689 2903 Βλαχέρνας
2720 2831 2966 2896 ἐϐάδιζεν
2993 2832 3131 2886 ὁδόν.
3175 2833 3380 2902 Ἀγνὼς
3409 2834 3466 2886 δὲ
3497 2836 3526 2887 ό
3570 2836 3731 2904 ἀνὴρ,

2152 2927 2235 2979 ὅτι
2267 2924 2475 2995 πυρσὸς
2509 2921 2770 2992 οὐδαμοῦ,
2804 2922 2900 2974 καὶ
2927 2923 3145 2992 τρανῶς
3195 2924 3312 2976 ἐκεῖ
3359 2923 3548 2979 τοῦτον
3609 2927 3735 2980 ἰδεῖν

2152 3017 2251 3070 οὐκ
2277 3011 2371 3086 ῆνο
2403 3014 2565 3084 πλὴν,
2615 3014 2767 3076 ὅστις
2811 3013 2940 3065 ποτὲ
2973 3009 3064 3084 ἦν,
3103 3015 3384 3084 Πνεύματι
3417 3014 3547 3087 θείῳ
3579 3033 3735 3086 κινη-

2076 3133 2119 3191 C
2153 3108 2288 3172 θεὶς,
2328 3107 2466 3176 ἔφη·
2508 3106 2565 3158 '0
2591 3104 2723 3167 Θεὸς
2748 3104 2842 3158 καὶ
2892 3107 2925 3176 ἡ
2977 3105 3270 3175 ὑπεραγία,
3303 3105 3498 3176 λέγων,
3541 3107 3739 3162 Θεοτό-

2156 3216 2251 3263 κος
2278 3197 2563 3252 ἀκίνδυνόν
2607 3213 2687 3262 σε,
2729 3196 2956 3266 πανίερε
3001 3197 3257 3263 δέσποτα,
3309 3199 3402 3251 καὶ
3439 3200 3565 3262 τοὺς
3604 3200 3740 3270 μετά

2159 3290 2254 3344 σοῦ
2301 3288 2651 3358 διαφυλάξαι.
2703 3286 2875 3340 Τοῦτο
2907 3287 2968 3341 τὸ
2999 3287 3178 3359 ῥῆμα,
3235 3284 3456 3360 οἷάπερ,
3517 3292 3734 3359 ἐφόδιον

2157 3380 2364 3450 ἀγαθὸν
2397 3379 2604 3435 ἀνωθεν
2632 3373 2768 3449 ἦκον
2815 3377 2903 3430 ἐπ’
2939 3378 3122 3444 αὐτὸν,
3163 3381 3191 3433 ὁ
3225 3381 3495 3450 μακάριος
3539 3381 3740 3435 ὑποδεε-

2158 3471 2413 3541 ξάμενος,
2435 3469 2850 3540 προθυμότερον
2883 3468 3096 3533 ἐϐάδιζε
3121 3485 3134 3498 ·
3164 3469 3260 3523 καὶ
3290 3469 3368 3539 τῷ
3390 3469 3629 3542 δουλικῷ
3649 3471 3743 3524 καὶ

2158 3561 2401 3633 πενιχρῷ
2430 3559 2671 3632 σχήματι
2725 3561 2936 3624 πάντας
2996 3559 3198 3633 λαθὼν,
3253 3562 3349 3614 καὶ
3409 3561 3492 3624 είς
3548 3562 3741 3615 πλοῖον

2157 3631 2352 3726 ἐμϐάς,
2375 3631 2472 3707 καὶ¹
2633 3652 3048 3725 Πριγκιπείους,
3079 3631 3174 3706 καὶ
3197 3652 3646 3723 Προικονησίους,
3677 3653 3738 3706 οὐ

2160 3747 2321 3816 μόνον
2353 3745 2432 3813 δέ,
2468 3745 2604 3798 ἀλλὰ
2638 3746 2732 3797 καὶ
2778 3746 3151 3815 Προποντίους
3198 3747 3398 3814 νήσους
3419 3785 3434 3811 ,
3465 3743 3639 3814 ἄλλην
3683 3745 3745 3808 ἐξ

2156 3837 2324 3907 ἄλλης
2365 3836 2628 3906 ἀμείϐων,
2662 3837 2758 3889 καὶ
2781 3837 2839 3889 ἐν
2870 3835 3132 3907 ἐρημίαις
3162 3833 3536 3905 πλανώμενος,
3583 3834 3742 3904 ὄρεσι

2155 3947 2216 3983 τε
2276 3929 2370 3983 καὶ
2420 3927 2725 3998 σπηλαίοις,
2767 3927 2862 3980 καλ⁵
2911 3929 3029 3989 ταῖς
3064 3928 3164 3996 τῆς
3193 3926 3321 3994 γῆς,
3359 3925 3745 3987 άποστολικῶς

2156 4022 2342 4090 φάναι,
2393 4019 2916 4090 κατακρυπτόμενος
2944 4018 3138 4084 ὀπαῖς,
3169 4018 3590 4088 ὁστερούμενος,
3625 4019 3738 4072 Θλι-

2157 4112 2408 4183 ϐόμενος,
2445 4109 2910 4180 κακουχούμενος,
2949 4109 3049 4173 τὰς
3079 4109 3212 4180 πρὸς
3247 4109 3306 4162 τὸ
3339 4109 3442 4180 ζῇν
3478 4108 3746 4179 ἀφορμὰς

2157 4202 2383 4256 ἐπαίτου
2436 4201 2639 4273 τρόπον
2693 4199 2784 4254 διὰ
2832 4201 2938 4254 τῶν
3003 4199 3368 4270 φιλοχρίστων
3419 4200 3740 4268 ὴρανίξετο.

2155 4293 2353 4357 Φώτιος
2385 4292 2441 4346 δὲ
2475 4293 2575 4363 τῆς
2606 4291 2780 4362 θήρας
2835 4290 3172 4363 διαμαρτὼν,
3209 4290 3388 4346 πάντα
3436 4291 3532 4360 μὲν
3575 4307 3746 4361 μονα.

2159 4383 2376 4454 στήρια,
2405 4384 2586 4436 πᾶσαν
2619 4381 2676 4433 δέ
2715 4379 2814 4451 τὴν
2842 4381 3018 4446 πόλιν,
3050 4381 3143 4434 καὶ
3176 4380 3246 4432 τὰ
3272 4380 3401 4448 περὶ
3435 4379 3613 4450 αὐτὴν
3642 4381 3744 4432 ἀν-

464 4479 567 4526 ret.
605 4470 792 4539 Itaque
809 4469 1040 4525 venatici
1065 4469 1140 4522 illi
1172 4483 1335 4527 canes
1357 4482 1482 4522 cum
1500 4466 1700 4536 sacpius
1730 4475 1778 4518 et
1805 4462 2052 4533 pluribus

2159 4475 2448 4542 ηρευνᾶτο,
2480 4473 2667 4525 εἵπου
2698 4471 2804 4541 ἄρα
2853 4471 3151 4534 καταλάϐοι
3198 4471 3288 4524 τὸν
3336 4471 3525 4538 ὥσπερ
3577 4471 3747 4526 δαλὸν

466 4563 522 4617 in
541 4560 677 4615 locis
697 4561 748 4614 in
776 4560 1044 4629 lgnatium
1069 4563 1245 4630 ipsum
1273 4559 1613 4622 incidissent,
1633 4555 1813 4611 servili
1833 4554 2052 4608 tunicu-

465 4654 517 4707 la
547 4651 756 4720 deeepti
785 4666 891 4704 non
917 4660 1274 4721 agnoverunt.
1296 4649 1399 4715 Qui
1422 4657 1476 4702 et
1502 4648 1676 4717 ipsum
1696 4645 1832 4699 alias
1847 4641 2053 4696 medios

464 4751 842 4799 transeuntem
873 4742 1246 4814 quaeritantes,
1267 4742 1413 4796 velut
1429 4739 1635 4809 Assyrii
1663 4735 1906 4793 caecitate
1928 4747 2050 4803 per-

452 4837 638 4903 'cussi,
675 4851 784 4891 non
826 4845 1142 4892 senserunt.
1189 4835 1459 4890 A‘bierunt
1489 4847 1639 4902 ergo,
1670 4829 1816 4899 quod
1857 4836 1940 4880 est
1994 4825 2049 4878 in

462 4928 748 5000 partemia,
771 4937 829 4982 ut
843 4929 1086 4982 frustrati
1103 4927 1284 4999 praeda
1303 4923 1662 4993 bianteslupi.
1679 4917 1914 4992 lgnatius
1928 4929 2050 4986 per-

462 5021 658 5077 solutis
686 5019 954 5076 Salvatori
978 5035 1078 5091 pro
1097 5019 1265 5075 tutela
1292 5018 1458 5083 votis,
1477 5031 1571 5086 per
1594 5013 1795 5068 multas
1823 5008 2050 5064 tribula-

466 5111 648 5167 tiones
681 5110 748 5165 ad
772 5111 1000 5181 regnum
1033 5111 1301 5166 etelorum
1336 5106 1719 5165 contendebat.
1760 5103 1938 5171 Atque
1973 5097 2052 5154 illi

459 5201 680 5273 quidem
701 5203 816 5258 haec
829 5201 1082 5272 agebant.
1104 5201 1245 5267 Quid
1273 5215 1400 5256 vero
1422 5201 1536 5254 haec
1554 5197 1660 5252 illis
1679 5191 2053 5255 molientibus,

459 5294 812 5365 longanimis,
840 5293 1044 5364 justus,
1085 5302 1136 5348 et
1160 5291 1319 5346 fortis
1356 5289 1517 5357 Deus,
1549 5291 1641 5360 qui
1665 5304 1771 5343 non
1797 5283 2053 5340 irascitur

457 5403 555 5458 per
585 5388 828 5459 singulos
858 5387 1013 5442 dies?
1038 5403 1104 5442 an
1125 5385 1334 5441 diutius
1353 5394 1624 5440 extremas
1659 5382 1759 5436 has
1780 5378 2049 5434 malorum

459 5499 735 5540 mrumnas
765 5484 944 5555 potuit
973 5482 1326 5538 dissimulare
1361 5481 1382 5534 ’ἔ
1410 5479 1634 5534 Minime
1674 5493 1855 5536 vei-0..

2160 4562 2570 4633 ἐξηπτασμένον
2601 4561 2712 4632 [Ῐσ.
2742 4559 3202 4632 ἐξηφανισμένον]
3227 4561 3290 4613 ἐκ
3322 4559 3620 4630 προσώπου
3648 4578 3748 4615 πυ·

2162 4655 2275 4724 ρός.
2295 4651 2476 4719 Μηδὲν
2503 4649 2596 4704 οῦν
2627 4652 2810 4703 ἀνύειν
2839 4652 3136 4722 δυνάμενος
3161 4646 3235 4705 ὧν
3265 4651 3535 4716 ἐϐούλετο,
3554 4669 3748 4722 παρα-

2160 4745 2418 4809 σκευάζει
2461 4743 2847 4812 προστάγματι
2874 4744 3159 4814 βασιλικῷ,
3190 4746 3282 4798 τὸν
3312 4745 3549 4815 χαλεπὸν
3586 4747 3744 4798 ἐκεῖ·

2157 4854 2248 4891 νον
2287 4834 2529 4904 Ὠρύφαν
2557 4835 2654 4887 σὺν
2677 4833 2737 4898 ἐξ
2767 4834 3027 4905 δρομεῦσι
3061 4837 3240 4899 πάσας
3269 4836 3369 4899 τὰς
3397 4837 3598 4905 νήσους
3647 4837 3750 4889 καὶ

2160 4931 2260 4998 τὴν
2287 4926 2553 4998 παράλιον
2583 4925 2998 4998 ἀνερευνᾶσθαι,
3033 4931 3128 4983 καὶ
3156 4930 3210 4984 ετ
3240 4947 3342 4984 που
3377 4929 3622 5000 συμϐαίη
3653 4929 3750 4999 λη-

2159 5020 2362 5091 φθῆναι
2397 5018 2488 5072 τὸν
2521 5017 2801 5089 Ἰγνάτιον,
2841 5020 3003 5084 εὐθὺς
3037 5020 3380 5092 ἀναιρεῖσθαι
3410 5021 3628 5086 τοῦτον,
3666 5022 3748 5083 ὡς

2156 5113 2287 5182 ὃλην
2319 5110 2698 5182 ἀνατρέποντα
2741 5115 2841 5183 τὴν
2872 5112 3171 5183 βασιλείαν.
3205 5113 3473 5176 Πολλάκις
3513 5112 3610 5166 οῦν
3643 5114 3748 5166 καὶ

2157 5205 2298 5258 κατὰ
2321 5202 2538 5268 πλείους
2567 5204 2767 5267 τόπους
2784 5204 2937 5273 αὐτῷ
2957 5205 3379 5275 περιπίπτοντες
3399 5205 3450 5257 οἱ
3473 5204 3746 5274 θηραταὶ,

2155 5295 2243 5348 διὰ
2263 5295 2514 5366 δουλικὴν
2540 5296 2641 5350 οὐκ
2673 5295 2992 5364 ἐπέγνωσαν
3024 5295 3238 5365 στολήν.
3264 5297 3375 5350 Καὶ
3409 5296 3598 5350 ἄλλοτε
3634 5295 3750 5348 πά-

2156 5387 2238 5440 λιν
2279 5388 2370 5441 διὰ
2419 5387 2587 5456 μέσου
2643 5387 2806 5441 αὑτὸν
2866 5390 3299 5460 παρερχόμενον,
3350 5388 3583 5459 ἀορασίᾳ
3640 5387 3751 5456 ληω

2152 5478 2489 5549 φθέντες,ώς
2523 5481 2571 5531 οἱ
2599 5479 2724 5548 περὶ
2754 5480 2844 5533 τὸν
2873 5479 3175 5533 Ἐλισσαῖον
3213 5480 3508 5550 Ἀσσύριοι,
3548 5479 3752 5530 τοῦτον

457 5576 560 5630 οὐκ
586 5575 930 5647 ἠδυνήθησαν
963 5575 1110 5629 ἰδεῖν.
1152 5573 1260 5626 Kal
1294 5574 1446 5626 αὐτοὶ
1485 5573 1613 5642 μὲν.
1660 5570 1736 5633 ὡς
1765 5570 1920 5623 λύκοι
1965 5570 2141 5640 μάτην
2172 5571 2462 5640 κεχηνότες
2487 5610 2502 5635 ,
2545 5571 2814 5641 ἀπῄεσαν,
2872 5570 3011 5625 κατὰ
3052 5571 3150 5643 τὴν
3204 5571 3526 5642 παροιμίαν.
3572 5569 3633 5622 '0
3684 5567 3748 5621 δὲ

460 5667 560 5731 τὰς
599 5669 1048 5739 εὐχαριστηρίους
1076 5667 1242 5739 εὐχὰς
1277 5668 1615 5738 ἀναπέμπων
1647 5666 1726 5738 τῷ
1757 5665 1995 5738 Σωτῆρι,
2023 5666 2113 5720 διὰ
2143 5665 2353 5718 πολλῶν
2411 5665 2642 5734 θλίψεων
2688 5667 2787 5732 τὴν
2840 5668 2934 5722 τοῦ
2978 5669 3114 5722 Θεοῦ
3144 5669 3424 5738 βασιλείαν
3461 5665 3748 5730 ἐξωνεῖτο.

461 5760 526 5811 Οἱ
559 5759 656 5826 μέν
696 5762 753 5810 ὲν
790 5760 999 5824 τούτοις
1033 5757 1194 5832 ἦσαν.
1223 5761 1288 5812 Τί
1323 5761 1378 5814 δέ
1442 5761 1473 5813 ό
1534 5758 1884 5830 μακρόθυμος
1917 5757 2142 5828 Κύριος,
2201 5759 2227 5809 ό
2277 5755 2506 5820 δίκαιος,
2558 5759 2586 5810 ό
2621 5759 2860 5828 ἰσχυρὸς,
2894 5761 2922 5812 ὁ
2955 5761 3029 5830 μὴ
3093 5761 3194 5830 τὴν
3254 5759 3427 5830 ὀργὴν
3501 5755 3745 5822 ἐπάγων

463 5847 585 5902 καθ’
634 5849 869 5918 ἑκάστην
923 5852 1169 5922 ἡμέραν;
1233 5849 1323 5921 ἆρ’
1367 5851 1461 5904 ἐπὶ
1512 5849 1647 5903 πολὺ
1702 5849 1801 5913 τὰς
1835 5847 2142 5918 ὑπερϐολὰς
2193 5845 2300 5901 τῶν
2333 5845 2517 5898 κακῶν
2574 5847 2772 5910 ταύτας
2823 5851 3081 5920 ἠνέσχετο
3133 5850 3400 5921 καθορᾷν;
3445 5847 3726 5918 Οὐδαμῶς
