4022 6426
282 411 382 478 525

1349 410 1526 471 VITA
1555 410 1614 469 S.
1663 407 1961 470 IGNATII
1992 408 2099 470 (ΣΡ.
2144 410 2497 472 ARCHIEP.

3422 417 3528 483 536.

336 521 643 586 Αὔγουστος
677 518 929 574 ἐνίστατο
954 517 1082 590 μὴν,
1115 520 1210 574 καὶ
1238 522 1482 592 σεισμοῖς
1515 520 1772 584 ἐξαισίοις
1802 521 1835 589 ὴ

2010 518 2292 590 Augustus
2315 518 2556 573 instabat
2581 518 2804 583 mensis,
2831 527 2886 574 et
2911 520 3238 578 tremoribus
3261 521 3534 581 hrrriticis

279 613 628 690 βασιλεύουσα
669 613 1010 667 κατεδονεῖτο
1031 630 1045 645 ο
1087 614 1181 667 καλ¹
1226 614 1336 676 πᾶς
1366 610 1513 676 οἶκος
1541 612 1832 680 ὲκλονεῖτο,

281 708 364 764 κα).
393 708 536 758 πᾶσα
563 705 760 776 καρδία
793 704 872 774 τῷ
899 705 1050 776 φόϐῳ
1103 704 1416 759 κατεσείετο
1436 721 1449 735 ·
1481 705 1577 759 καὶ
1605 706 1711 766 πᾶς
1744 704 1837 758 άν-

283 801 478 872 θρωπος
503 795 582 866 τῷ
610 796 705 849 τοῦ
741 794 971 850 θανάτου
1004 795 1115 850 δέει
1151 795 1514 867 συνεχόμενος
1539 795 1690 861 ἐϐόα,
1712 796 1839 865 μίαν

280 889 438 944 αἰτίαν
468 882 609 939 εἶναι
633 885 729 939 τοῦ
760 874 1014 957 σεῖσμοῦ,
1072 887 1202 957 μίαν
1239 889 1338 958 τὴν
1380 889 1460 951 είς
1500 888 1592 940 τὸν
1637 903 1839 957 πατρι-

278 981 437 1050 άρχην
473 978 734 1046 Ἰγνάτιον
773 978 985 1033 ἀδικίαν
1030 980 1127 1033 καὶ
1170 979 1541 1050 παρανομίαν.
1585 979 1674 1033 Ἐν
1703 979 1841 1049 ἡμέ-

275 1087 388 1142 ραις
419 1068 475 1121 δὲ
507 1069 922 1140 τεσσαράκοντα
977 1070 1353 1140 μηκυνόμενος
1400 1072 1428 1124 6
1474 1070 1696 1140 σεισμὸς
1749 1071 1841 1123 ἐπὶ

272 1159 515 1215 τοσοῦτον
546 1160 726 1213 αὐτῶν
774 1158 873 1232 τὴν
905 1159 1169 1231 ὠμότητα
1222 1162 1316 1214 καὶ
1365 1160 1666 1231 ἰταμότητα
1708 1179 1842 1215 κατ-

273 1250 542 1320 έκαμψεν,
596 1252 671 1315 ὡς
725 1252 821 1304 καὶ
873 1251 1000 1316 τοὺς
1052 1251 1391 1323 κρατοῦντας
1448 1253 1645 1315 αὐτοὺς
1679 1254 1842 1324 ὅρκον

272 1343 548 1414 προθεῖναι
602 1342 859 1412 δημοσίας
900 1343 1025 1413 μήτ’
1069 1343 1235 1397 αὐτὸν
1286 1345 1495 1397 ἐκεῖνον
1546 1344 1636 1398 τὸν
1698 1344 1844 1417 ἱερὸν

270 1435 500 1508 φυγάδα,
524 1436 663 1506 μήτε
697 1437 829 1504 παρ’
858 1428 902 1503 ᾧ
931 1436 1238 1506 κρύπτεται
1269 1436 1698 1508 φανερούμενον,
1734 1439 1842 1492 ῦπ-

268 1528 489 1584 εύθυνον
523 1527 859 1582 καθεστάναι
887 1526 1098 1594 λοιπὸν,
1149 1529 1498 1600 ἀθωούμενον
1542 1530 1599 1583 δὲ
1630 1533 1710 1594 είς
1743 1530 1843 1602 τὴν

266 1620 472 1675 οἰκείαν
501 1620 872 1693 ἀνενοχλὴτως
906 1621 1384 1676 ἀποκαθίστασθαι
1414 1624 1607 1695 μονήν.
1649 1624 1845 1677 Τοίνυν

265 1712 435 1776 οὕτως
478 1712 720 1776 ἀκούσας
748 1714 776 1766 6
801 1712 1061 1783 ἀθλητὴς,
1095 1712 1392 1784 καταδηλοῖ
1420 1715 1614 1768 ἑαυτὸν
1644 1714 1845 1768 αὐτίκα

264 1803 339 1873 τῷ
367 1802 648 1875 πατρικίῳ
690 1805 986 1875 Πετρωνᾷ·
1026 1804 1086 1867 6;
1136 1802 1231 1858 τοῦ
1269 1806 1671 1878 αὐτοκράτορος
1702 1807 1845 1871 θεῖος

1944 607 2448 679 Constantinopolis
2470 608 2849 679 quatiebatur:
2869 609 3013 667 aedes
3030 613 3298 668 nutabant
3324 630 3540 686 omnes,

1942 703 2235 773 omniaque
2259 702 2570 757 mortalium
2602 711 2822 772 pectora
2846 711 2996 759 metu
3034 704 3392 776 palpitabant,
3449 724 3543 763 nc-

1944 808 2032 847 mo
2064 808 2171 847 non
2205 791 2400 847 mortis
2428 792 2660 847 horrore
2688 802 2991 861 occupatus
3031 793 3369 860 clamitabat,
3409 797 3533 851 uni-

1943 899 2063 950 eam
2096 884 2259 954 plane
2287 885 2453 954 hujus
2486 884 2718 956 prodigii
2760 898 2856 940 seu
2906 893 3087 939 motus
3138 900 3357 941 causam
3413 904 3537 945 esse

1946 977 2203 1047 injuriam
2236 986 2289 1031 et
2315 977 2666 1047 sacrilegium
2719 976 2775 1030 in
2822 977 3194 1047 patriarcham
3253 976 3525 1048 lgnatium

1946 1070 2327 1123 commissum.
2374 1066 2523 1124 Urbe
2557 1074 2738 1122 autem
2795 1076 2939 1124 totos
3000 1071 3362 1141 quadraginta
3411 1071 3533 1127 dies

1944 1161 2206 1216 continuo
2231 1168 2516 1223 tremente,
2546 1175 2720 1229 usque
2746 1161 2885 1217 adeo
2916 1160 3118 1218 ferocia
3143 1171 3198 1217 ct
3220 1163 3544 1220 immanitas

1945 1253 2160 1309 illorum
2193 1253 2438 1323 mitigata
2466 1260 2568 1317 est,
2598 1263 2657 1308 ut
2679 1254 2782 1324 ipsi
2804 1254 3075 1325 principes
3093 1256 3307 1325 publice
3320 1256 3538 1328 jureth-

1952 1347 2125 1401 rando
2154 1355 2616 1411 contestarentur,
2647 1362 2823 1417 neque
2855 1348 3037 1416 fugam
3062 1363 3220 1404 sacro
3238 1349 3312 1403 illi
3336 1350 3539 1404 exsuli.

1946 1449 2046 1489 nec
2060 1434 2260 1505 hospiti
2276 1435 2482 1491 exsulis
2502 1437 2646 1506 apud
2663 1451 2822 1506 quem
2852 1435 3179 1503 delituisset,
3197 1436 3373 1492 fraudi
3394 1437 3543 1494 futu-

1948 1541 2064 1579 ram
2096 1543 2112 1591 ;
2170 1526 2265 1583 sed
2295 1527 2609 1582 absolutum
2638 1529 2892 1593 crimine,
2925 1529 3387 1600 innocentemque
3421 1545 3546 1601 pro-

1948 1618 2277 1683 nuntiatum,
2312 1618 2430 1674 sine
2453 1618 2779 1689 cujusquam
2812 1620 3061 1675 molestia
3082 1620 3135 1675 in
3160 1636 3262 1676 suo
3292 1620 3543 1677 coenobio

1946 1723 2140 1763 secure
2206 1724 2651 1779 permansurum.
2694 1709 2852 1777 Quod
2896 1726 3019 1766 cum
3076 1711 3282 1767 Christi
3338 1713 3542 1768 athleta

1948 1797 2273 1868 accepisset,
2310 1798 2556 1853 Petrona:
2609 1814 2668 1853 se
2701 1799 2953 1870 patricio,
2978 1810 3227 1855 materno
3255 1801 3547 1872 imperato-

265 1872 401 1966 πρὸς
439 1872 647 1965 μητρὸς
681 1892 779 1959 ὢν,
819 1872 1033 1949 καὶ-τοῦ
1072 1894 1337 1966 βασιλέως
1371 1872 1510 1967 άρας
1532 1872 1845 1965 ὲένκόλπιον,

1955 1889 2034 1945 ris
2108 1891 2408 1954 avunculo,
2461 1890 2637 1961 aperit
2696 1891 2834 1960 :qui
2887 1892 3184 1961 pretiosum
3238 1901 3547 1965 gestamen,

265 1986 344 2048 είς
365 1984 626 2055 ἐνέχυρον
649 1983 831 2054 φέρων
852 1983 1036 2038 δίδωσι
1062 1984 1139 2056 τῷ
1169 1986 1509 2057 πατριάρχῃ.
1526 1985 1585 2039 '0
1614 1985 1671 2039 δὲ
1690 1983 1850 2039 τοῦτο

264 2077 355 2130 τοῦ
397 2073 681 2146 τραχήλου
726 2076 1130 2147 ἀπαιωρήσας,
1166 2077 1261 2131 καὶ
1312 2077 1451 2149 πρὸς
1502 2076 1593 2131 τὸν
1637 2077 1852 2150 Βάρδαν

265 2166 548 2237 ἀναχθεὶς,
580 2167 733 2238 ἔστη.
768 2168 912 2239 Πρὸς
937 2167 998 2221 6v
1028 2170 1257 2234 ἐκεῖνος,
1285 2169 1408 2224 Ἵνα
1437 2169 1512 2234 τί,
1542 2169 1699 2241 φησὶ,
1726 2168 1852 2240 τρό-

268 2276 369 2313 πον
397 2258 677 2330 δραπέτου
710 2259 1094 2331 μιμησάμενος
1120 2300 1136 2327 ,
1169 2261 1337 2332 ἀλλην
1364 2260 1423 2326 ἐξ
1466 2260 1634 2332 ἄλλης
1666 2262 1852 2332 χώραν

261 2351 517 2421 ἀμείϐων
545 2354 924 2423 περινοστείς;
965 2351 1025 2405 '0
1053 2352 1131 2416 δὲ,
1160 2352 1420 2423 Χριστὸς,
1448 2352 1574 2423 ἔφη,
1601 2356 1629 2406 6
1660 2353 1854 2423 ἡμέτε-

265 2459 356 2513 ρος
381 2441 643 2511 βασιλεὺς
683 2443 779 2497 καὶ
830 2443 1012 2514 πατὴρ
1044 2436 1385 2498 ἐνετείλατο’
1432 2444 1570 2498 Ἐὰν
1599 2444 1850 2500 διώκου-

257 2547 366 2586 σιν
394 2533 559 2602 ὑμᾶς
586 2534 653 2587 ἐκ
684 2532 798 2603 τῆς
821 2534 1055 2599 πόλεως
1080 2533 1326 2601 ταύτης,
1342 2535 1591 2602 φεύγετε
1630 2536 1717 2600 εὶς
1742 2535 1856 2602 τὴν

252 2622 486 2691 ἄλλην.
519 2623 807 2696 Ἠττηθεὶς
848 2618 941 2678 οῦν
969 2625 1069 2696 τῆς
1095 2622 1192 2678 τοῦ
1252 2625 1447 2698 ἀνδρὸς
1475 2626 1680 2697 ἀρετῆς
1713 2628 1857 2680 ἐκεῖ·

255 2736 367 2783 νος,
429 2714 732 2770 ἀνεύθυνον
782 2713 973 2768 τοῦτον
1019 2715 1117 2768 καὶ
1170 2714 1362 2769 ἄνετον
1410 2717 1493 2778 είς
1539 2714 1640 2786 τὴν
1688 2715 1855 2770 αὑτοῦ

254 2806 610 2876 καταστῆναι
640 2804 853 2859 κελεύει
889 2805 1082 2875 μονήν.
1121 2804 1299 2868 Εὐθὺς
1327 2804 1422 2859 οὖν
1448 2806 1541 2860 καὶ
1571 2807 1600 2858 6
1634 2805 1857 2876 σεισμὸς

254 2900 416 2971 ἔστη.
475 2899 591 2953 Καὶ
613 2896 918 2968 Βούλγαροι
946 2896 1004 2950 δὲ
1041 2897 1162 2950 τότε
1193 2897 1473 2967 προνοίαις
1503 2897 1662 2964 Θεοῦ,
1697 2898 1857 2969 βιαίῳ

251 2991 674 3055 κατατακέντες
722 2988 889 3061 λιμῷ.
945 2991 1062 3060 ἃμα
1104 2987 1161 3042 δὲ
1212 2989 1309 3042 καλ⁸
1358 2991 1473 3053 τοῖς
1521 2989 1716 3060 δώροις
1760 2988 1856 3042 τοῦ

252 3083 670 3155 αὐτοκράτορος
700 3081 1041 3153 θελχθέντες,
1071 3084 1141 3139 τὰ
1167 3083 1310 3138 ὅπλα
1346 3081 1711 3153 καταθέμενοι
1736 3121 1751 3148 ,
1779 3082 1858 3153 τῷ

254 3173 405 3246 ἀγίῳ
430 3173 752 3246 προσῄεσαν
782 3172 1145 3244 βαπτίσματι.

1953 1979 2102 2049 quod
2154 1980 2221 2033 ad
2249 1979 2431 2034 sinum
2474 1978 2825 2049 imperatoris
2857 1980 3150 2050 pendebat,
3185 1996 3285 2050 pro
3318 1981 3547 2052 pignore

1954 2068 2181 2123 allatum
2223 2069 2391 2123 tradit
2418 2070 2769 2139 patriarchae,
2802 2084 2913 2138 quo
2963 2069 3054 2124 ille
3112 2068 3181 2124 de
3242 2069 3386 2125 collo
3419 2085 3547 2126 sus-

1954 2175 2125 2228 penso
2181 2160 2250 2215 ad
2303 2159 2538 2216 Bardam
2601 2163 2855 2228 accedit;
2889 2161 2983 2232 qui
3024 2163 3092 2218 ad
3126 2162 3543 2233 patriarcham:

1955 2250 2121 2317 Quid,
2152 2251 2351 2321 inquit,
2383 2251 2602 2323 fugitivi
2644 2268 2798 2310 more
2850 2269 2915 2309 ex
2949 2256 3071 2311 loco
3120 2256 3175 2310 in
3207 2254 3387 2311 locum
3414 2270 3547 2326 pm-

1955 2342 2118 2414 fugus
2148 2343 2413 2399 obcrras?
2441 2344 2529 2399 cui
2558 2343 2807 2415 lgnatius
2847 2345 3165 2409 :Christus,
3199 2346 3398 2415 inquit.
3446 2361 3545 2403 rex

1956 2444 2144 2490 noster
2180 2448 2246 2489 ac
2303 2435 2465 2490 Pater
2510 2437 2770 2507 praecepit
2803 2454 2816 2490 :
2850 2436 2913 2494 Si
2963 2447 3343 2506 persequentur
3370 2454 3460 2493 vos
3491 2438 3547 2493 in

1955 2544 2062 2582 una
2090 2527 2324 2594 civitate,
2354 2528 2521 2598 fugite
2551 2529 2608 2583 in
2639 2529 2807 2584 aliam
2839 2530 2881 2581 '.
2917 2529 3107 2585 Victus
3140 2530 3459 2586 innocentia
3488 2538 3547 2586 et

1956 2618 2161 2674 virtute
2189 2618 2295 2673 viri
2320 2618 2551 2684 Bardas,
2577 2620 2859 2675 innoxium
2886 2621 3231 2692 liberumque
3260 2621 3317 2677 in
3350 2637 3546 2678 mona~

1958 2710 2187 2765 sterium
2224 2711 2432 2766 remitti
2457 2727 2619 2766 suum
2642 2711 2818 2782 jubet.
2844 2711 3151 2784 Statimque
3168 2713 3373 2769 moveri
3402 2721 3547 2769 terra

1959 2801 2143 2867 desiit,
2186 2809 2242 2857 et
2291 2799 2511 2873 Bulgari
2534 2802 2885 2873 providentia
2924 2803 3043 2868 Dei,
3090 2806 3233 2860 fame
3296 2813 3546 2877 urgente,

1962 2893 2396 2962 muneribusque
2419 2894 2488 2950 ab
2519 2895 2851 2965 imperatore
2867 2897 3099 2964 deliniti,
3132 2898 3305 2954 armis
3328 2898 3544 2968 positis,

1958 2984 2201 3041 caelestis
2241 2985 2586 3055 baptismatis
2616 2989 2761 3042 unda
2788 2999 2917 3043 sunt
2949 2987 3188 3043 lustrati.

126 4900 133 4911 ’
224 4906 414 4961 τοῦτο
486 4907 551 4960 δὲ
601 4909 745 4961 ποιεῖ
779 4907 964 4977 μόνον,
992 4907 1129 4963 ἀλλά
1159 4909 1254 4963 καὶ
1294 4909 1421 4971 τοὺς
1458 4908 1856 4971 κοινωνοῦντας

1196 3267 1575 3337 τοποτηρηταὶ
1633 3265 1850 3338 Ῥώμης

2031 3244 2216 3316 Legati
2264 3261 2484 3316 quoque
2535 3246 2799 3316 pontificii
2848 3263 2880 3302 a
2914 3247 3110 3303 Photio
3142 3249 3306 3307 donis
3336 3250 3538 3307 blande

256 3355 618 3428 φιλοφρόνως
654 3355 760 3410 ὑπὸ
803 3334 1017 3410 ’Φωτίου
1057 3334 1549 3429 δωροδοκηθέντες,
1579 3356 1679 3427 τὴν

1962 3335 2208 3406 corrupti
2231 3334 2461 3390 Romam
2500 3337 2802 3393 redierunt.
2829 3340 2977 3406 Quos
3010 3339 3267 3397 Nicolaus
3299 3343 3543 3413 pontifex

239 3461 371 3519 'p'qv
403 3426 912 3519 παλινοστήσαντες
946 3426 1269 3505 κατέλαϐον.
1290 3426 1400 3512 σῦς
1437 3448 1466 3500 6
1495 3426 1687 3512 πάπας
1728 3451 1850 3503 ἀνα-

1962 3426 2030 3481 de
2058 3427 2370 3496 patriarcha
2400 3426 2612 3498 lgnatio
2643 3428 3028 3501 iuterrogatos,
3060 3440 3114 3487 et
3146 3448 3335 3489 severe
3364 3434 3547 3505 inqui-

244 3539 457 3611 κρίνας
524 3539 837 3604 Νικόλαος,
894 3539 993 3593 καὶ
1050 3539 1120 3594 τὰ
1174 3540 1318 3594 κατά
1369 3542 1464 3594 τὸν
1509 3542 1850 3613 πατριάρχην

1963 3519 2121 3583 sitos,
2162 3535 2288 3575 cum
2323 3520 2439 3575 suis
2469 3520 2591 3575 illos
2622 3521 2801 3578 verbis
2827 3535 3015 3593 captos
3041 3526 3390 3595 convicisset,
3426 3526 3550 3584 illos

257 3607 547 3697 ’ίγνάτιον
584 3627 936 3702 ἡκριϐωκὼς,
976 3630 1073 3682 καὶ
1131 3630 1195 3683 ἐκ
1234 3628 1327 3684 τοῦ
1372 3607 1640 3700 στόματος⁵
1678 3607 1850 3692 «cladi

1963 3609 2174 3665 sicarite
2230 3609 2413 3680 potius
2482 3607 2780 3676 factionis,
2836 3627 3000 3682 quam
3044 3613 3301 3685 legitimae
3355 3616 3550 3688 synodi

243 3720 806 3785 ὑποδίκους-αὐτοὺς
852 3720 1237 3791 πεφωρακὼς,
1309 3723 1386 3786 ὠς
1451 3725 1850 3788 ἐπισυστάσεως

1962 3702 2225 3771 praesides
2258 3701 2455 3772 egisse,
2484 3711 2746 3772 perpetua
2774 3707 3224 3761 exauctoratione
3257 3708 3550 3765 damnatos

242 3811 593 3885 λῃστρικῆς,
629 3812 747 3866 ἀλλ’
781 3813 842 3866 οὐ
884 3814 1179 3884 κανονικῆς
1205 3816 1421 3870 συνόδου
1459 3817 1850 3885 κατάρξαντας,

1963 3795 2314 3849 anathemate
2377 3794 2667 3864 percussit.
2729 3793 2839 3848 Nec
2880 3795 3091 3866 legatos
3154 3804 3392 3864 tantum,
3450 3798 3546 3854 sed

235 3904 512 3975 διηνεκεῖ
540 3903 863 3975 καθαιρέσει
901 3905 994 3957 καὶ
1043 3904 1477 3976 ἀναθεματισμῷ
1506 3907 1850 3960 καθυποϐἀλ-

1963 3887 2140 3955 ipsum
2192 3900 2413 3956 quoque
2463 3885 2716 3941 Photium
2783 3895 3076 3959 tyrannum
3116 3896 3171 3943 et
3236 3888 3546 3943 adulterum

200 3976 211 3988 ’
238 3992 354 4047 λειο
395 3991 508 4047 καὶ
558 3990 620 4044 ού
670 3991 869 4063 μόνους
906 3992 1129 4055 αὐτοὺς,
1160 3991 1297 4046 ἀλλὰ
1325 3992 1419 4045 καὶ
1443 3991 1609 4047 αὐτὸν
1633 3992 1850 4059 (ιιώτιον1

1962 3977 2300 4049 pronuntiat,
2332 3987 2385 4034 et
2420 3977 2674 4049 legitimae
2711 3978 2902 4049 synodi
2932 3978 3201 4033 sententia
3234 3980 3402 4035 totius
3443 3979 3547 4037 Ec-

234 4084 319 4148 ὠς
369 4083 696 4155 ἐπιϐήτορα
743 4084 837 4137 καὶ
889 4083 1114 4154 μοιχὸν,
1157 4084 1554 4156 ἀποκηρύττει,
1603 4085 1701 4139 καὶ
1751 4084 1850 4137 ύπῆ

1962 4070 2144 4126 clesize
2174 4085 2287 4125 suae
2313 4071 2665 4124 anathemate
2704 4070 2830 4123 ferit
2863 4069 3221 4140 deponitque,
3254 4072 3547 4142 ipsumque

236 4173 471 4244 συνόδῳ
506 4175 769 4244 κανονικῇ
804 4173 899 4226 καὶ
954 4173 1122 4243 ψήφῳ
1157 4174 1340 4243 πάσης
1391 4173 1494 4244 τῆς
1547 4175 1640 4227 ὑπ’
1698 4174 1850 4228 αὐτὸν

1961 4180 1992 4219 a
2018 4161 2256 4217 Maximo
2281 4163 2505 4233 Cynico,
2532 4162 2623 4232 qui
2648 4160 2912 4233 Gregorio
2944 4159 3222 4232 Theologo
3250 4163 3545 4230 insultans,

248 4264 619 4335 Ἐκκλησίας
644 4264 1041 4335 ἀναθεματίζει
1072 4265 1165 4319 καὶ
1196 4265 1471 4336 καθαιρεῖ·
1511 4265 1664 4318 οὐδὲν
1697 4265 1850 4319 αὐτὸν

1966 4257 2263 4312 Ecclesiam
2293 4255 2470 4310 turbis
2501 4254 2757 4309 omnibus
2793 4254 3130 4324 permiscuit,
3158 4256 3294 4311 nihil
3323 4256 3548 4313 dill‘erre

232 4355 565 4426 διαφέρειν
593 4354 849 4426 Μαξίμου
890 4353 984 4408 τοῦ
1039 4354 1281 4409 Κυνικοῦ
1311 4396 1326 4420 ,
1363 4353 1457 4408 τοῦ
1502 4354 1581 4427 τῷ
1612 4356 1850 4426 Θεολόγῳ

1961 4348 2224 4403 declarat.
2264 4347 2445 4415 Quare
2479 4346 2633 4401 illum
2659 4388 2675 4413 ,
2713 4355 2773 4401 ut
2801 4346 3187 4401 srandalorum
3236 4357 3544 4413 auctorem,

232 4433 565 4520 Ι”ρηγορίῳ
633 4447 995 4517 ὲπιφυέντος,
1068 4449 1164 4502 καὶ
1217 4447 1315 4520 τὴν
1355 4447 1683 4517 Ἐκκλησίαν
1727 4466 1850 4518 συγ-

1962 4453 2015 4497 et
2044 4441 2113 4496 ab
2138 4441 2231 4495 illo
2270 4447 2651 4504 consecratos,
2683 4439 2979 4508 apostolica
3004 4441 3353 4505 auctoritate,
3375 4441 3546 4497 veluti

230 4541 494 4609 χέαντος
527 4578 545 4602 ,
588 4539 1030 4617 ἀποφηνάμενος.
1085 4540 1249 4595 Ὅθεν
1298 4540 1463 4595 αὐτόν
1501 4556 1584 4607 τε,
1638 4540 1714 4605 ὡς
1747 4542 1850 4594 τῶν

1961 4534 2303 4605 conjuratos,
2331 4530 2505 4587 eidem
2545 4532 2832 4586 sententiae
2867 4532 3112 4602 subjicit.
3145 4530 3259 4589 Nec
3292 4534 3377 4589 his
3410 4549 3547 4592 ron-

229 4629 591 4684 σκανδάλων
622 4632 815 4698 αἴτιον,
851 4632 946 4684 καὶ
981 4631 1109 4695 τοὺς
1143 4633 1235 4686 ὑπ’
1266 4631 1430 4686 αὑτοῦ
1475 4650 1850 4704 κεχειροτονη-

1963 4637 2168 4692 tentus,
2202 4626 2443 4682 asseclas
2479 4625 2649 4692 illius,
2687 4625 2978 4695 ipsumque.
3010 4627 3394 4697 imperatorem
3416 4643 3543 4684 cum

234 4723 495 4792 μένοις,
542 4720 619 4783 ὡς
658 4721 970 4792 ὁμόφρονας
1002 4724 1176 4794 τούτῳ
1216 4724 1459 4795 δηλονότι
1484 4723 1850 4786 καθεστῶτας,Ε

1964 4731 2154 4778 senatu
2189 4721 2310 4792 ejus
2358 4720 2508 4776 omni
2553 4736 2651 4791 per
2690 4720 2899 4776 litteras
2932 4738 2959 4776 ο
2995 4732 3139 4775 οωιιι
3173 4721 3416 4777 fidelium
3448 4736 3547 4777 ex-

226 4814 615 4886 ἀποστολικῇ
649 4814 830 4886 κρίσει
861 4817 926 4887 τῇ
956 4817 1095 4887 αὐτῇ
1127 4816 1420 4877 ὑποϐάλλει
1455 4816 1741 4888 καταδίκῃ.
1787 4816 1850 4869 Ot‘

1963 4813 2153 4872 cludit.
2185 4812 2317 4882 Qua:
2354 4811 2615 4869 Nicolaus
2647 4828 2771 4867 cum
2812 4812 3000 4867 divino
3030 4812 3147 4867 zelo
3171 4811 3547 4873 inﬂammatus

1964 4906 2211 4978 egisset,
2265 4904 2639 4975 aequissimam
2699 4902 2892 4974 judicii
2945 4904 3032 4959 sui
3089 4904 3421 4959 sententiam
3477 4904 3548 4960 ad

223 4999 483 5070 Φωτίῳ,
540 4999 705 5053 αὐτόν
743 5016 803 5052 τε
853 5001 942 5054 τὸν
989 5001 1217 5072 βασιλέα
1263 5004 1355 5055 καὶ
1400 5000 1498 5069 τὴν
1547 5002 1639 5054 ὑπ’
1698 5001 1850 5055 αὐτοι

1968 4997 2208 5055 Orientis
2243 4999 2582 5069 patriarchas
2608 4996 2935 5051 transmisit.

224 5092 559 5147 πολιτείαν
602 5096 784 5147 πᾶσαν
827 5094 896 5149 δι’
933 5096 1233 5150 ἐπιστολῶν
1277 5096 1554 5168 ἀφορίζει.
1584 5096 1771 5150 Ταῦτα
1802 5096 1859 5149 δὲ
1898 5094 2046 5168 ζήλῳ
2076 5096 2207 5166 θείῳ
2233 5098 2260 5149 6
2286 5094 2552 5158 Νικόλαος
2583 5092 3097 5165 καταπραξάμενος,
3122 5093 3216 5146 καὶ
3279 5097 3393 5158 τοῖς
3448 5092 3548 5163 τῆς

239 5183 589 5252 Ἀνατολῆς
618 5185 989 5257 πατριάρχαις
1015 5188 1111 5257 τὴν
1152 5185 1416 5258 ἔνθεσμον
1447 5187 1628 5258 κρίσιν
1652 5185 1859 5255 ταύτην
1897 5186 2258 5257 διεπέμψατο.

2042 5280 2145 5336 Per
2175 5279 2318 5334 idem
2360 5276 2472 5333 fere
2505 5285 2720 5348 tempus
2760 5277 2953 5347 ingens
2996 5277 3052 5332 in
3084 5276 3295 5333 ardibus
3330 5276 3548 5347 Sophia:

1970 5373 2285 5429 incendium
2334 5372 2565 5436 exstitit,
2606 5388 2707 5426 nec
2738 5380 3004 5443 quantum
3038 5370 3229 5426 vicinis
3261 5372 3547 5427 calamita-

1969 5475 2102 5532 tem,
2130 5479 2505 5537 quantnmque
2551 5463 2779 5518 exitium
2814 5464 3076 5529 attulerit,
3106 5463 3336 5518 dicendo
3370 5464 3548 5533 expli-

1968 5558 2082 5611 cari
2109 5564 2304 5627 potest.
2339 5554 2472 5621 Qua:
2505 5562 2687 5608 tamen
2719 5570 2803 5609 res
2837 5568 2931 5609 eos
2966 5554 3058 5623 qui
3098 5569 3351 5624 perverse
3384 5569 3549 5624 agere

1970 5649 2346 5716 decreverant,
2402 5645 2468 5703 ad
2517 5645 2800 5703 meliorem
2836 5655 3074 5702 mentem
3125 5661 3236 5703 non
3284 5647 3546 5714 reduxit;

303 5276 483 5330 Κατ’
517 5275 735 5340 ὲκείνας
766 5277 823 5330 δὲ
852 5279 949 5341 τὰς
971 5279 1183 5350 ἡμέρας
1217 5280 1312 5334 καὶ
1344 5278 1673 5351 ἐμπρησμὸς
1694 5279 1867 5350 μέγας

219 5371 476 5441 σφόδρα
546 5370 626 5433 εἰς
663 5369 761 5433 τάς
817 5371 1018 5441 Σοφίας
1052 5373 1364 5443 γενόμενος,
1416 5372 1699 5444 ἀμύθητον
1734 5373 1866 5442 ὅσην

214 5462 640 5533 καταφθορὰν
673 5462 770 5515 καὶ
826 5462 1006 5534 λύμην
1039 5467 1152 5541 τοῖς
1193 5466 1580 5536 προσοικοῦσιν
1614 5468 1867 5535 ἐνειργά-

210 5573 401 5613 σατο.
446 5553 633 5608 Οὐδὲν
655 5554 709 5606 δὲ
738 5554 944 5609 τούτων
969 5558 1047 5620 είς
1080 5556 1388 5629 μετάμελος)
1443 5553 1547 5629 ἦγε
1575 5562 1701 5621 τοὺς
1732 5559 1859 5611 ἀνο-

208 5652 365 5723 μεῖν
414 5647 831 5715 διεγνωκόταςο
884 5648 1086 5720 μᾶλλον
1122 5649 1222 5721 μὲν
1268 5649 1383 5719 οῦν,
1414 5651 1554 5707 κατά
1590 5652 1687 5706 sitv
1726 5652 1862 5705 ἁπο-

326 5833 355 5866 ⁸
390 5829 621 5888 Matth.
664 5847 718 5898 x,
751 5831 843 5888 25.
