4022 6412
434 391 540 456 527

1634 388 1935 450 NICET/E
1966 336 2507 448 PAPHLAooms

3633 377 3753 443 528

434 508 527 563 sed
566 521 630 561 ex
671 503 980 574 apostolico
1031 502 1290 569 oraculo,
1338 503 1395 557 in
1448 503 1596 573 pejus
1642 501 1994 571 proﬁciebant
2023 541 2039 567 ,

2167 494 2408 566 ιτολικὴν
2435 491 2783 564 πρόρρησιν,
2826 488 2958 545 Ἐπί
2994 490 3060 543 τὸ
3098 487 3303 558 χεῖρον
3341 486 3752 554 προέκοπτον.

433 609 689 663 errantes,
723 606 771 649 et
797 596 852 649 in
883 613 1119 651 errorem
1152 598 1417 650 mittentes
1458 597 1552 650 “r-

507 691 709 746 Bardas
737 688 893 743 enim
939 689 1232 760 imperium
1280 688 1561 751 aﬂectatns,
1589 683 1828 752 primum
1867 696 2041 737 curo-

435 783 663 852 palates.
695 796 821 835 mox
847 781 1039 839 Caesar
1070 781 1439 845 renuntiatus,
1469 774 1838 846 imperatoris,
1869 790 2042 829 soro-

436 876 514 929 ris
539 872 661 939 lilii,
692 872 927 926 stultitia
965 871 1308 935 abutebatur,
1350 869 1696 937 seipsumque
1725 864 1908 918 omnis
1953 864 2045 917 in-

438 965 807 1037 temperantia:
845 963 1145 1033 eﬂ'usaeque
1195 961 1442 1016 libidinis
1514 956 1849 1025 mancipium
1908 970 2050 1024 pro-

438 1058 617 1113 debat.
672 1055 904 1111 Michael
965 1070 1094 1111 vero
1151 1053 1341 1108 animo
1370 1046 1710 1121 juvenilibus
1737 1045 2050 1101 desideriis

439 1158 721 1220 corrupto,
752 1163 865 1202 rem
902 1148 1139 1203 divinam
1171 1160 1270 1215 pro
1301 1142 1481 1198 fabula
1523 1155 1620 1196 seu
1660 1137 1900 1193 ludibrio
1934 1138 2051 1191 du-

442 1246 632 1307 cebat,
667 1240 967 1296 ludibrium
1020 1239 1134 1309 ipse
1174 1236 1355 1290 factus
1412 1231 1595 1288 omnis
1658 1228 1929 1285 fmditatis
1988 1239 2051 1283 et

439 1336 669 1406 peccati,
715 1331 1000 1402 ipsiusque
1049 1327 1257 1399 peccati
1299 1324 1490 1395 patris.
1529 1320 1743 1376 Etenim
1795 1318 2054 1372 homun-

440 1429 626 1481 ciones
652 1422 921 1496 quosdam
974 1419 1378 1489 impurissimos
1417 1425 1471 1472 et
1501 1411 1957 1485 profanissimos,
1992 1419 2056 1463 ct

441 1531 678 1581 scurras,
719 1513 890 1569 divini
925 1512 1143 1583 quidem
1194 1509 1432 1580 Spiritus
1456 1504 1807 1574 ctelestisque
1838 1500 2055 1570 gratia:

439 1609 665 1664 omnino
712 1616 986 1677 expertes,
1037 1604 1407 1675 pessimisque
1489 1597 1755 1656 daemonis
1809 1592 2048 1648 artibus

441 1695 926 1759 instructissimus,
960 1694 1228 1762 sacrilege
1273 1689 1730 1760 impudenterque
1770 1681 2059 1738 sacerdo-

2149 584 2507 650 πλανῶντες
2536 581 2637 635 καὶ
2665 580 3063 650 πλανώμενοι.

2224 674 2441 744 Βάρδας
2474 673 2575 742 μὲν
2607 670 2717 741 γὰρ
2749 670 2835 738 ἐφ’
2858 668 3048 722 ἐαυτὸν
3082 667 3180 738 τὴν
3215 666 3539 737 Ῥωμαϊκὴν
3563 668 3753 738 ἀρχὴν

2151 763 2615 832 ὑποποιούμενος,
2653 758 2873 830 πρῶτον
2929 756 3030 828 μέν
3093 756 3539 827 κουροπαλάτης,
3600 755 3754 826 μετά

2154 856 2352 930 μικρὸν
2399 854 2456 907 δέ
2511 854 2729 923 Καῖσαρ
2780 849 3186 920 ἀναγορευθεὶς,
3213 848 3315 918 τῆς
3368 846 3465 900 τοῦ
3513 846 3749 917 ἀνεψιοῦ

2154 946 2414 1018 εὐηθείας
2458 942 2798 1014 κατετρύφα,
2830 941 2994 1003 αὐτὸς
3033 940 3305 1011 ἀκρασίας
3332 956 3394 992 τε
3426 940 3609 1010 πάσης
3648 940 3752 993 καὶ

2155 1038 2336 1106 πάσης
2365 1034 2560 1107 ἡδονῆς
2588 1031 2848 1100 ἀσελγοῦς
2878 1027 3211 1101 ἀνδράποδον
3251 1027 3746 1098 ἀποδεικνύμενος·

2153 1132 2180 1185 ό
2214 1126 2437 1196 Μιχαὴλ
2459 1126 2516 1178 δὲ
2547 1124 2897 1196 νεωτερικαῖς
2934 1119 3251 1189 ἐπιθυμίαις
3285 1119 3407 1181 ὅλος
3438 1118 3754 1189 κατεφθαρ-

2158 1219 2320 1288 μένος
2354 1217 2447 1270 τὸν
2481 1214 2631 1282 νοῦν,
2666 1214 2915 1282 παίγνιον
2956 1210 3108 1263 ἔθετο
3157 1209 3228 1261 τὰ
3268 1209 3390 1262 θεῖα
3412 1247 3427 1272 ,
3486 1210 3749 1275 παίγνιον

2158 1304 2322 1367 αὐτὸς
2378 1302 2647 1373 ἀκρασίας
2690 1318 2749 1354 τε
2793 1302 2973 1371 πάσης
3027 1299 3119 1351 καὶ
3171 1298 3469 1369 ἁμαρτίας.
3516 1300 3611 1352 καὶ
3648 1297 3749 1350 τοῦ

2154 1401 2254 1469 τῆς
2294 1397 2571 1469 ἁμαρτίας
2605 1395 2974 1465 γεγενημένου
3014 1392 3251 1463 πατρός·
3292 1392 3389 1444 καὶ
3423 1391 3492 1464 »δὴ
3526 1408 3745 1462 μιαρω-

2154 1490 2351 1551 τάτους
2383 1487 2534 1549 τινὰς
2572 1485 3011 1555 ἀνθρωπίσκους,
3048 1482 3146 1537 καὶ
3189 1480 3613 1551 βεϐηλοτάτους,
3648 1482 3749 1534 καὶ

2156 1579 2523 1652 εὐτραπέλους
2560 1577 2942 1645 ἐκλεξάμενος,
2983 1576 3246 1645 ἀμοίρους
3275 1574 3379 1644 μὲν
3410 1573 3569 1643 ἁγίου
3604 1591 3748 1626 παν-

2158 1672 2367 1724 τάπασι
2404 1670 2740 1736 Πνεύματος,
2775 1665 2870 1718 τοῦ
2915 1664 3158 1718 ἐναντίου
3205 1663 3261 1716 δὲ
3307 1665 3618 1734 πνεύματος
3643 1666 3748 1731 τῆς

448 1799 529 1845 tes
563 1796 619 1842 et
648 1786 924 1841 antistites
970 1784 1036 1839 ad
1070 1756 1329 1837 Ecclesia:
1356 1756 1648 1851 profanam
1678 1772 2058 1828 imitationem

2167 1761 2440 1831 ἐνεργείας
2463 1757 2904 1830 πεπλησμένους,
2955 1756 3271 1820 ἀνευλαϐὦς
3304 1774 3365 1811 τε
3402 1756 3497 1809 καὶ
3525 1757 3746 1827 ἀπηρυ-

448 1876 906 1933 dementissimus
968 1845 1616 1937 consecravitiillisque
1674 1861 2059 1932 Theophilum

2167 1852 2465 1924 θριακότως
2514 1854 2679 1922 ἱερεῖς
2720 1851 2819 1905 καὶ
2854 1849 3135 1919 ἀρχιερεῖς
3163 1847 3308 1901 κατά
3350 1846 3448 1919 τὴν
3479 1847 3575 1917 τῆς
3609 1845 3739 1899 Ἐκ-

445 1968 745 2039 quemdam
805 1963 1339 2036 protospatharium,
1392 1974 1641 2016 scurram
1690 1966 1743 2012 et
1784 1955 2059 2021 mimum,

449 2064 705 2131 interque
767 2058 1028 2128 profanos
1107 2053 1557 2126 profanissimum
1593 2089 1608 2115 ,
1672 2047 2058 2120 patriarcham

448 2151 720 2223 praefecit,
762 2151 934 2206 risum
990 2149 1091 2227 sibi
1136 2157 1191 2202 et
1220 2146 1548 2201 cachinnum
1600 2141 1914 2212 improbum
1949 2139 2056 2193 de-

453 2244 742 2298 testandus
787 2252 841 2297 et
868 2240 1204 2296 deridendus
1230 2238 1555 2309 quaeritans.
1597 2236 1704 2290 Per
1736 2248 1859 2304 qua:
1892 2232 2057 2287 obla-

455 2334 593 2388 tioni
625 2341 828 2389 sancta:
854 2332 1016 2386 ﬁebat
1047 2330 1270 2401 injuria,
1309 2342 1509 2385 nomen
1553 2341 1681 2382 vero
1715 2324 1807 2377 Dei
1843 2330 2055 2377 contu-

454 2427 636 2481 meliis
675 2424 929 2481 allectum
954 2424 1097 2478 inter
1135 2430 1326 2492 gentes
1363 2417 1872 2491 blasphemabatur.

534 2689 649 2748 Sed
683 2688 915 2745 lliehael
945 2694 1233 2755 tantopere
1279 2683 1505 2740 infamia
1550 2682 1654 2737 hac
1684 2677 2055 2750 gloriabatur,

469 2783 557 2839 uti
593 2795 696 2838 nec
732 2779 949 2851 publice
983 2777 1203 2846 quidem
1255 2775 1371 2829 haec
1408 2773 1757 2828 erubesceret
1783 2768 2001 2838 jactare
2036 2780 2052 2818 :

464 2874 596 2929 llihi
625 2870 985 2941 Theophilus,
1008 2867 1217 2923 Cmsari
1250 2866 1497 2931 Photius,
1529 2862 1860 2920 Christianis
1892 2858 2056 2929 lgna-

471 2968 584 3021 tius
616 2950 1072 3033 estmatriaicba.
1112 2962 1167 3013 In
1215 2959 1319 3013 hoc
1373 2958 1698 3011 amentiaene
1739 2954 1944 3017 dicam,
1984 2966 2054 3004 an

462 3056 761 3127 impietatis
791 3056 997 3124 potius,
1052 3051 1271 3106 tandem
1305 3049 1473 3103 chaos
1508 3058 1591 3102 est
1620 3042 1951 3101 devolutus?
1981 3040 2075 3096 Ita.

461 3145 767 3213 sacrilegus
797 3143 887 3196 ille
915 3156 1130 3202 scurra,
1181 3147 1241 3191 ut
1269 3138 1402 3200 dixi,
1434 3135 1793 3206 Theophilus,
1831 3139 2048 3187 exserta

2163 1945 2391 2011 κλησίας
2431 1944 2626 2013 ἐναγῆ,
2649 1940 2885 2011 μίμησιν
2929 1940 2957 1993 ὁ
2994 1938 3331 2003 ἀνούστατος
3388 1936 3727 2008 ἐχειροτόνει·

2161 2036 2256 2088 καὶ
2289 2037 2346 2087 ἐν
2372 2034 2558 2095 αὐτοῖς
2586 2032 2845 2101 Θεόφιλόν
2870 2048 2994 2085 τινα
3020 2028 3531 2100 πρωτοσπαθάριον,
3559 2027 3731 2097 ἀνδρα

2159 2124 2521 2197 γελωτοποιὸν
2556 2124 2649 2177 καὶ
2694 2126 2880 2193 μῖμον,
2914 2122 3011 2176 καὶ
3049 2122 3271 2175 πάντων
3301 2119 3513 2189 ἐναγῶν
3543 2119 3739 2186 ἐναγέ-

2162 2235 2371 2281 στατον,
2433 2216 2787 2288 πατριάρχην
2835 2215 2927 2267 ἐπ’
2978 2213 3209 2275 ἐκείνοις
3255 2208 3744 2281 προχειριζόμενος

2156 2312 2459 2383 ὠνόμαζεν,
2494 2310 2709 2379 γέλωτα
2741 2306 2925 2378 ἐαυτῷ
2950 2307 3045 2361 καὶ
3094 2304 3424 2376 καγχασμδν
3456 2301 3667 2372 ἀσελγῆ
3717 2301 3749 2353 ό

2156 2402 2535 2463 κατάπτυστος
2581 2398 3127 2467 κατασκευαζόμενος
3164 2396 3263 2451 καὶ
3306 2393 3746 2461 καταγέλαστος·

2154 2495 2222 2549 δι’
2257 2488 2331 2548 ὧν
2359 2493 2612 2564 ὑϐρίζετο
2665 2491 2764 2562 μέν
2794 2492 2827 2561 ἡ
2867 2490 3002 2559 ἀγία
3045 2488 3355 2559 προσφορὰ,
3400 2485 3662 2555 ὑϐρίζετο
3692 2483 3755 2536 δὲ

2156 2586 2247 2639 καὶ
2296 2583 2706 2652 ἐϐλασφημεῖτο
2742 2583 2854 2643 τοῖς
2888 2579 3066 2633 ἔθνεσι
3097 2578 3161 2631 τὸ
3186 2577 3361 2649 ὄνομα
3387 2574 3485 2630 τοῦ
3511 2572 3676 2627 Θεοῦ.

2237 2678 2363 2733 Ἐπὶ
2392 2676 2646 2730 τοσοῦτον
2672 2675 2729 2728 δὲ
2749 2676 2822 2745 τῇ
2843 2672 3132 2743 ἀλογιστία
3150 2669 3423 2740 ἐνετρύφα
3447 2666 3633 2737 ταύτῃ
3656 2665 3758 2718 καὶ

2156 2766 2647 2832 ἐνεκαλλωπίζετο,
2691 2766 2831 2818 ὥστε
2864 2764 3001 2835 μηδέ
3039 2762 3194 2817 τοῦτο
3242 2758 3537 2832 παρρησίᾳ
3565 2757 3757 2825 λέγειν

2164 2858 2548 2929 αἰσχύνεσθαι,
2580 2857 2662 2912 ὅτι
2696 2855 2851 2925 Ἐμοὶ
2886 2854 2986 2925 μέν
3020 2852 3367 2923 πατριάρχης
3399 2850 3430 2901 ό
3458 2846 3761 2915 Θεόφιλος,

2157 2954 2185 3006 ό
2228 2950 2432 3013 Φώτιος
2480 2948 2539 3001 δὲ
2595 2946 2674 3018 τῷ
2716 2945 2998 3016 Καίσαρι,
3047 2943 3139 2998 καὶ
3175 2943 3288 3003 τοῖς
3322 2938 3689 3010 Χριστιανοῖς
3730 2938 3766 2988 ό

2173 3044 2439 3112 Ἰγνάτιος
2473 3039 2847 3108 καθέστηκεν·
2881 3038 2961 3100 εἰς
3005 3032 3324 3104 τηλικοῦτον
3362 3029 3533 3084 αὐτὸν
3583 3029 3767 3098 ἀιρρο⁹

2167 3135 2329 3203 σύνης
2361 3132 2561 3203 μᾶλλον
2597 3129 2630 3199 ἢ
2668 3126 2924 3189 ἀσεϐείας
2967 3122 3367 3194 κατενεχθῆναι
3415 3119 3647 3190 βόθρον.
3693 3120 3760 3172 Ὅ

465 3252 567 3293 sua
595 3232 898 3304 petulantia
945 3231 1102 3286 aulas
1127 3228 1377 3283 lambens
1420 3226 1625 3296 regias,
1657 3222 1906 3278 nefandis
1939 3233 2057 3274 sce-

2167 3198 2302 3301 μέν-
2341 3198 2436 3283 οὖν
2483 3225 2777 3297 εἰρημένος
2850 3221 3161 3292 βωμολόχος
3217 3218 3432 3280 ἐκεῖνος
3492 3213 3773 3282 Θεόφιλος

467 3327 701 3393 lenibus,
736 3323 965 3379 lascivia
1007 3330 1062 3377 et
1106 3320 1343 3384 facetiis,
1392 3317 1710 3387 turpissima
1755 3313 2059 3368 imitatione

468 3431 571 3486 per
625 3420 1002 3481 contemptum
1060 3424 1250 3464 rerum
1321 3407 1653 3470 divinarum,
1696 3404 1955 3475 mysteria
2007 3408 2062 3455 et

471 3513 822 3563 sacramenta
853 3494 1174 3557 traducebat
1218 3507 1272 3553 et
1302 3496 1605 3562 illudebat;
1643 3494 1792 3565 quod
1827 3508 1893 3547 ne
1918 3506 2055 3562 gen-

475 3607 560 3653 tes
598 3595 813 3666 quidem
860 3591 1119 3662 quamvis
1151 3590 1333 3660 impize
1383 3602 1532 3641 ausae
1563 3593 1694 3641 sunt
1741 3581 2057 3653 aliquando.

476 3688 613 3756 Quae
636 3685 870 3741 Photius
919 3698 1043 3739 cum
1077 3696 1262 3738 coram
1303 3693 1364 3734 se
1394 3677 1509 3749 geri
1532 3682 1801 3738 cerneret,
1829 3688 1945 3729 rem
1978 3672 2063 3726 in-

475 3776 855 3848 dignissimam
909 3787 1010 3827 nec
1065 3768 1450 3841 reprehendit,
1494 3781 1593 3821 nec
1626 3765 1826 3819 restitit
1865 3761 2062 3832 impie-

475 3867 598 3931 tati,
647 3879 845 3936 neque,
879 3862 1023 3933 quod
1080 3876 1170 3915 res
1233 3858 1418 3913 divina
1472 3854 1711 3911 ludibrio
1749 3854 2065 3917 haberetur,

450 3960 709 4014 .verbum
738 3956 916 4011 ullum
969 3960 1164 4008 contra
1210 3965 1305 4007 seu
1354 3962 1518 4019 grave
1565 3961 1663 4002 seu
1709 3945 1827 3999 leve
1870 3945 2060 4000 edidit.

476 4048 635 4118 Quod
674 4047 875 4101 mirum
917 4043 1090 4100 videri
1135 4058 1242 4097 non
1285 4040 1446 4096 debet
1480 4053 1493 4090 :
1525 4045 1646 4092 erat
1674 4035 1821 4091 enim
1849 4048 2063 4090 merce-

477 4138 670 4193 narius
697 4136 892 4208 Opilio,
924 4149 1032 4189 non
1069 4144 1366 4203 germanus
1412 4136 1601 4198 pastor
1642 4142 1657 4180 :
1701 4124 1958 4195 quocirca
1989 4121 2065 4176 illi

480 4230 551 4285 de
591 4234 856 4299 pereunte
882 4238 1045 4294 grege
1072 4237 1207 4277 cura
1246 4218 1418 4274 nulla.
1453 4217 1535 4272 Ad
1564 4217 1681 4270 haec
1710 4215 1820 4270 duo
1855 4221 2065 4267 tantum

481 4327 598 4373 toto
630 4325 848 4386 pectore
900 4313 1143 4366 intentus
1181 4328 1195 4364 :
1230 4310 1461 4364 alterum
1520 4313 1579 4360 ut
1633 4303 1699 4358 iis
1744 4302 1837 4373 qui
1885 4315 2068 4356 rerum

481 4408 649 4481 potiri
681 4406 1006 4461 videbantur
1026 4444 1042 4469 ,
1074 4400 1427 4463 blandiendo,
1482 4395 1769 4463 modisque
1814 4392 2070 4449 omnibus

483 4496 849 4569 gratificando
879 4504 934 4550 et
971 4490 1347 4560 obsequendo,
1384 4487 1808 4558 patriarchatum
1840 4484 1944 4538 sibi
1976 4483 2070 4535 ῆι·-
2101 4530 2147 4585 D

487 4598 664 4644 maret
698 4603 713 4640 :
747 4588 1002 4648 alterum,
1054 4591 1113 4637 ut
1143 4580 1436 4650 lgnatium,
1480 4577 1528 4631 si
1570 4590 1679 4646 qua
1717 4575 1929 4630 ratione
1954 4574 2069 4630 fieri

488 4684 702 4749 posset,
737 4676 907 4732 etiam
954 4675 1066 4728 vita
1098 4679 1347 4727 exueret.
1386 4671 1565 4739 Atque
1598 4667 1711 4722 haec
1760 4666 1835 4723 ita
1883 4680 1943 4719 se
1971 4664 2070 4719 ha-

490 4775 640 4838 bere,
677 4785 789 4826 non
817 4781 941 4824 esse
979 4776 1158 4821 autem
1201 4763 1370 4820 verba
1394 4762 1604 4828 inania,
1641 4760 1781 4817 facta
1812 4758 1929 4828 ipsa
1960 4758 2073 4813 cla-

490 4872 665 4921 mant.
703 4861 904 4932 Ecquis
932 4859 1078 4916 enim
1133 4856 1344 4913 teehnis
1384 4855 1532 4909 illius
1560 4852 1784 4919 auditis,
1832 4862 2070 4906 atrocem

492 4959 737 5014 animum
792 4924 902 5011 non
938 4953 1084 5008 illico
1120 4948 1447 5023 perspexit?
1496 4945 1631 5005 Nam
1678 4944 1768 5000 die
1819 4924 2088 5017 quapiam

494 5051 705 5105 advena
731 5046 956 5117 quidam
1013 5030 1164 5113 prius
1216 5043 1437 5114 ignotus
1487 5038 1764 5103 omnibus,
1815 5033 2071 5089 monachi

494 5141 683 5197 habitu
727 5139 976 5206 indutus,
1005 5134 1317 5191 Eustratius
1365 5130 1604 5196 nomine,
1654 5137 1801 5183 recta
1850 5126 1918 5180 ad
1976 5139 2074 5193 pa-

493 5229 817 5286 triarchium
849 5224 1196 5297 properabat,
1246 5224 1636 5294 ingressusque
1684 5217 1839 5272 binas
1867 5214 2076 5269 litteras

496 5324 650 5376 fictas
705 5318 887 5390 palam
937 5323 1220 5387 promptas
1275 5312 1621 5383 porrigebat;
1673 5323 1815 5380 quas
1851 5305 2073 5376 quidem

492 5410 935 5484 sapientissimus
981 5408 1085 5462 iste
1110 5404 1341 5461 Photius
1380 5419 1477 5475 per
1495 5403 1683 5459 dolum
1712 5398 2074 5469 excogitarat,

495 5515 556 5560 ut
585 5503 930 5576 postmodum
959 5497 1248 5557 manifeste
1276 5498 1452 5569 patuit
1479 5513 1494 5550 :
1530 5496 1730 5551 alteras
1754 5491 1946 5567 lgnatii
1974 5505 2075 5545 no-

496 5597 645 5653 mine
674 5598 741 5652 ad
766 5595 1051 5652 Nicolaum
1094 5596 1409 5665 pontificem
1436 5592 1618 5661 datas,
1645 5590 1843 5663 quibus
1871 5595 2077 5644 statum

609 5776 630 5805 ⁸
660 5774 702 5826 11
737 5772 881 5828 Tim.
904 5790 989 5840 ιιι,
1022 5774 1110 5828 15.

2160 3316 2306 3372 οὕτω
2334 3314 2619 3387 παρρησίᾳ
2678 3314 2796 3375 ταῖς
2850 3309 3142 3383 βασιλείοις
3191 3305 3478 3377 κωμάζων
3541 3303 3772 3367 αὐλαῖς,

2161 3404 2579 3483 ἀρρητοποιίαις
2638 3418 2700 3454 τε
2769 3400 3011 3464 πάσαις,
3081 3398 3172 3452 καὶ
3245 3394 3615 3463 ἀσελγείαις,
3674 3392 3778 3447 καὶ

2159 3496 2580 3567 εὐτραπελίαις,
2632 3491 2699 3549 δι’
2750 3490 3038 3561 αἰσχίστης
3102 3486 3393 3559 μιμήσεως
3441 3484 3558 3539 τῶν
3597 3483 3771 3556 ἱερῶν

2165 3588 2481 3660 μυστηρίων
2532 3586 2871 3654 κατωρχείτα
2921 3579 3063 3652 [καὶ]
3114 3576 3422 3641 κατέπαιζε
3450 3592 3467 3607 ⁸
3513 3578 3771 3648 πρᾶγμα

2167 3677 2303 3747 μηδέ
2334 3679 2443 3738 τοῖς
2473 3672 2859 3734 ἀσεϐεστάτοις
2904 3672 3013 3723 τῶν
3046 3667 3316 3739 Ἐλλήνων
3354 3666 3590 3720 πώποτε
3643 3666 3780 3720 τολε

2168 3767 2358 3838 μηθέν.
2419 3765 2478 3819 '0
2506 3763 2710 3826 Φώτιος
2739 3762 2797 3816 δέ
2821 3762 3028 3818 τούτων
3058 3758 3462 3829 τολμωμένων,
3499 3757 3603 3811 καὶ
3635 3757 3774 3829 ίκατ⁹

2165 3856 2483 3927 ὀφθαλμοὺς
2528 3852 2694 3907 αὐτοῦ
2730 3851 3141 3923 πραττομένων,
3194 3848 3295 3902 οὐκ
3333 3846 3536 3919 ἤλεγξε
3570 3846 3640 3901 τδ
3673 3845 3779 3901 τοῦ

2166 3946 2598 4017 ἐπιτηδεύματος
2628 3945 2852 4005 ἄτοπον,
2885 3942 2987 3996 οὐκ
3027 3940 3263 4010 ἀντέστη
3310 3941 3381 4010 τῇ
3415 3939 3779 4011 παρανομίᾳ,
3820 3950 3827 3953 ·

2165 4042 2226 4094 οὐ
2290 4039 2493 4111 μικρὰν
2522 4076 2537 4100 ,
2588 4036 2649 4089 οὐ
2720 4034 2967 4104 μεγάλην
3023 4031 3166 4102 ὑπὲρ
3213 4029 3324 4087 τῶν
3375 4030 3777 4101 ὑϐριζομένων

2169 4132 2328 4186 θείων
2357 4128 2559 4201 ὀργίων
2600 4126 2779 4196 ἀφῆκε
2812 4125 3017 4195 φωνήν.
3047 4124 3162 4178 Καὶ
3200 4123 3263 4176 οὐ
3318 4122 3674 4194 Θαυμαστόν
3705 4119 3781 4194 ἦν

2168 4225 2278 4294 γὰρ
2310 4219 2600 4294 μισθωτὸς,
2634 4218 2729 4272 καὶ
2767 4217 2828 4271 οὐ
2882 4216 3110 4286 ποιμήν·
3165 4214 3247 4268 διὸ
3293 4215 3532 4286 οὐδεμία
3585 4217 3774 4287 τούτῳ

2172 4311 2444 4382 περὶτῶν
2490 4307 2881 4377 ἀπολλυμένων
2921 4303 3212 4376 προϐάτων
3249 4304 3468 4372 ἐγίνετο
3519 4307 3779 4376 φροντίς,

2172 4405 2317 4477 Πρὸς
2383 4402 2476 4455 δύο
2533 4401 2590 4454 δὲ
2653 4400 2814 4470 μόνον
2866 4397 3003 4459 ὅλως
3070 4394 3224 4467 αὐτῷ
3288 4396 3630 4452 συνετέτατο
3670 4401 3778 4468 τῆς

2172 4494 2349 4565 ψυχῆς
2381 4492 2409 4544 ὁ
2451 4490 2651 4553 σκοπός
2670 4506 2685 4522 ·
2719 4489 2777 4545 ἓν
2813 4487 2933 4557 μὲν,
2965 4487 3117 4549 ὅπως
3150 4486 3222 4541 τά
3252 4487 3435 4542 πάντα
3459 4488 3774 4559 χαριζόμε-

2175 4603 2260 4649 νος
2291 4586 2404 4646 τοίς
2449 4581 2668 4653 κρατεῖν
2718 4578 2961 4645 δοκοῦσι,
2990 4576 3054 4633 τὸ
3080 4577 3180 4646 τῆς
3217 4580 3607 4650 πατριαρχίας
3640 4580 3781 4651 κρά.

2171 4693 2264 4739 τος
2297 4673 2523 4745 μόνιμον
2560 4670 2737 4740 ἐαυτῷ
2774 4671 3030 4742 διατηρῇ·
3066 4669 3325 4741 δεύτερον
3357 4670 3416 4723 δέ
3436 4711 3452 4735 ,
3489 4671 3649 4736 ὅπως
3681 4672 3781 4726 καὶ

2172 4767 2343 4837 αὐτῆς
2392 4764 2767 4833 ἀποστερῆσαι
2816 4760 2909 4813 τὸν
2969 4757 3257 4827 Ἰγνάτιον,
3301 4760 3357 4815 εί
3383 4760 3643 4828 δυνατὸν,
3675 4762 3784 4831 τῆς

2175 4854 2343 4924 ζωῆς.
2386 4851 2497 4905 Καὶ
2534 4853 2618 4905 ὅτι
2666 4848 2843 4920 ἀληθῆ
2903 4846 3105 4913 ταῦτα,
3138 4850 3237 4903 καί⁵
3292 4850 3354 4903 οὐ
3405 4849 3562 4919 λόγοι
3598 4854 3784 4916 κενοὶ,

2175 4945 2316 5000 αὐτά
2362 4942 2463 5014 βοᾷ
2490 4943 2557 4995 τὰ
2587 4940 2907 5013 πράγματα.
2942 4940 3043 5006 Τίς
3072 4940 3184 5012 γάρ
3221 4940 3470 5006 ἀκούσας
3498 4945 3690 4997 ἐκεῖνο
3722 4945 3787 4997 τὸ

2176 5036 2538 5107 σκευώρημα,
2578 5034 2640 5087 οὐ
2702 5031 2801 5104 τὴν
2846 5029 3079 5103 φονικὴν
3122 5032 3373 5103 παρευθύ
3429 5032 3529 5089 τοῦ
3575 5035 3781 5107 ἀνδρὸς

2175 5130 2394 5198 ἐπέγνω
2446 5124 2805 5196 προαίρεσιν;
2859 5121 2970 5175 Καὶ
3012 5121 3117 5193 γὰρ
3160 5122 3220 5175 ἐν
3264 5124 3365 5194 μιᾷ
3404 5123 3518 5177 τῶν
3546 5125 3785 5196 ἡμερῶν

2180 5220 2330 5285 ξένος
2375 5234 2458 5280 τις
2518 5214 2801 5285 ἅνθρωπος
2862 5212 3024 5285 ἄχρις
3083 5212 3300 5267 ἐκείνου
3354 5213 3497 5285 πρὸς
3549 5217 3780 5270 πάντων

2175 5309 2563 5380 ἀγνοούμενος,
2598 5305 2783 5375 σχῆμα
2827 5303 2886 5356 δὲ
2920 5303 3161 5375 μοναχοῦ
3213 5304 3643 5375 περικείμενος,
3668 5305 3778 5358 Εὑ-

2177 5409 2430 5479 στρᾶτιος
2466 5400 2525 5455 δέ
2553 5397 2908 5469 καλούμενος,
2941 5398 3033 5451 τὸν
3068 5398 3475 5471 πατριαρ.χικδν
3503 5398 3776 5469 ἐξαπίνης

2176 5494 2324 5552 οἷκον
2374 5493 2596 5558 ἐπιϐὰς,
2643 5491 2738 5546 καὶ
2783 5490 3063 5557 εἰσελθὼν,
3096 5490 3193 5544 δύο
3223 5491 3777 5564 πλασματογραφίας

2178 5585 2409 5641 ἐνώπιον
2449 5584 2668 5639 πάντων
2708 5582 3071 5654 ἀποκαλύψας
3112 5583 3360 5638 ἐπεδίδου
3412 5583 3505 5657 (ἃς
3549 5585 3714 5649 αὐτὸς
3743 5584 3771 5642 ὁ
