4022 6392
285 420 385 482 529

1338 423 1515 485 VITA
1552 422 1617 482 S.
1659 420 1959 480 IGNATII
1998 418 2107 478 (ΣΡ.
2148 417 2499 478 ARCHIEP.

3438 416 3544 481 531)

284 533 587 600 σοφώτατος
618 530 846 597 Φώτιος,
895 534 971 597 ὡς
1010 536 1179 605 σαφὲς
1224 535 1457 607 ὕστερον
1502 535 1748 604 ἐγένετο,
1782 535 1862 587 δο-

1969 533 2375 603 patriarehatus
2416 532 2885 605 subimmntatum
2910 576 2924 599 ,
2964 544 3016 590 et
3047 536 3277 607 injurias
3308 537 3548 608 impera-

286 625 593 695 λιευὸμενος
628 624 1061 697 κατεσκεύαστο)
1088 645 1103 659 ⁸
1142 629 1275 696 μίαν
1324 629 1425 698 μὲν
1458 630 1524 682 ἐκ
1566 626 1862 699 προσώπου

289 720 377 776 τοῦ
415 718 679 787 Ἰγνατίου
713 718 850 789 πρὸς
881 720 1154 775 Νικόλαον
1192 721 1283 775 τὸν
1322 721 1514 775 πάπαν
1544 720 1863 791 ἐπιστολὴν,

290 812 377 883 τὴν
409 809 532 880 περὶ
584 809 750 863 αὐτὸν
780 810 1085 883 γενομένην
1137 813 1494 882 καινοτομίαν
1525 812 1623 866 καὶ
1649 813 1866 868 ἀδικίαν

286 903 372 956 τοῦ
412 900 680 971 βασιλέως
724 901 914 970 σαφῶς
962 903 1409 975 διαγορεύουσανο
1458 905 1549 976 ἢν,
1583 905 1657 970 ὡς
1688 904 1864 974 ἔλεγε,

282 994 370 1050 τοῦ
402 994 558 1048 πάπα
587 993 724 1063 μηδὲ
752 995 1092 1066 προσϐλέψαι
1129 996 1606 1067 καταδεξαμένου,
1656 998 1867 1052 ἐκεῖθεν

283 1083 444 1137 αὑτὸν
500 1083 657 1147 αὖθις
703 1086 1037 1154 ἀνενεγκείνο
1074 1087 1204 1158 μίαν
1248 1088 1307 1141 δὲ
1354 1089 1490 1160 πρὸς
1521 1091 1615 1145 τὶν
1663 1091 1869 1145 Φώτιον

279 1175 441 1230 αὐτὸν
478 1175 697 1241 τοῦτον,
728 1176 806 1240 ὡς
844 1177 952 1231 ἀπὸ
982 1177 1075 1232 τοῦ
1112 1178 1383 1234 Νικολάου
1423 1181 1589 1235 αὐτοῦ
1629 1183 1870 1252 διεκομί-

277 1268 420 1331 ζετο,
454 1266 684 1335 δύναμιν
732 1265 964 1337 ἔχουσαν
1006 1268 1303 1339 ἀπολογίας
1342 1271 1485 1344 ὑπὲρ
1531 1272 1625 1326 τοῦ
1662 1272 1867 1345 μεταξὺ

275 1356 451 1410 αὐτῶν
481 1358 673 1430 πρώην
702 1361 1293 1433 παρακολουθήσαντος
1314 1364 1692 1437 παροξυσμοῦ,
1724 1367 1869 1435 ἀγά-

274 1467 381 1521 πης
411 1449 470 1503 δὲ
501 1449 596 1503 τοῦ
642 1451 833 1505 λοιποῦ
884 1454 980 1507 καὶ
1037 1456 1326 1519 κοινωνίας
1376 1458 1537 1529 δῆθεν
1586 1460 1867 1532 ἀρῤήκτου

270 1544 608 1614 κυρωτικήν.
641 1543 828 1599 Ταῦτα
857 1546 886 1598 6
917 1547 1280 1617 ταραχοποιδς
1323 1549 1530 1614 ἐκεῖνος
1575 1550 1870 1620 δεξάμενος

268 1637 436 1707 ἀνὴρ,
491 1635 656 1702 εὐθὺς
700 1638 780 1711 τῷ
814 1656 886 1694 ,τε
918 1638 1132 1710 βασιλεῖ
1180 1642 1275 1695 καὶ
1315 1641 1395 1712 τῷ
1434 1642 1678 1713 Καίσαρι
1728 1641 1871 1695 κατά

265 1727 359 1781 τοῦ
398 1728 642 1783 ἀναιτίου
687 1731 999 1800 ἐμφανίζει,
1033 1733 1127 1787 καὶ
1178 1733 1475 1806 παροξύνει
1510 1735 1634 1787 κατ’
1679 1732 1869 1806 αὑτοῦ,

266 1819 678 1890 Πονηρεύεται,
711 1821 910 1890 λέγων,
958 1822 1101 1877 κατά
1149 1804 1558 1897 τῆςέὑμετέρας
1589 1804 1871 1895 βασιλείας

1969 629 2102 683 toris
2130 627 2470 698 exponebat;
2499 643 2636 696 quas
2683 628 2867 684 aiebat
2914 628 3227 698 pontificem
3278 644 3346 684 ne
3398 630 3549 699 aSpi-

1965 734 2089 774 cere
2121 718 2344 789 quidem
2384 718 2647 783 voluisse,
2675 734 2739 773 ac
2762 719 2990 789 proinde
3032 736 3061 773 a
3108 735 3166 774 se
3197 730 3501 789 reportatas
3534 738 3546 772 :

1965 811 2166 866 alteras
2196 811 2356 882 quasi
2387 826 2418 865 a
2450 809 2674 865 Nicolao
2704 812 2769 865 ad
2817 811 2995 881 ipsum
3031 812 3281 867 Photium
3329 814 3551 876 missas.

1965 903 2166 972 quibus
2191 903 2462 972 purgabat
2508 901 2748 972 priorem
2790 903 2933 957 inter
2964 902 3220 957 Photium
3251 911 3309 957 et
3333 902 3551 972 pontifi—

1966 1007 2083 1046 cem
2136 991 2556 1056 dissensionem,
2591 1001 2645 1046 et
2699 991 3023 1047 charitatem
3059 992 3468 1061 amicitiamque
3500 992 3553 1046 in

1968 1098 2133 1137 omne
2185 1082 2453 1152 reliquum
2481 1091 2694 1153 tempus
2727 1083 3063 1138 stabiliebat.
3100 1081 3208 1138 llas
3246 1083 3334 1138 ille
3366 1083 3558 1151 turba-

1969 1190 2090 1229 rum
2142 1173 2341 1229 artifex
2389 1183 2637 1244 arreptas
2670 1189 2701 1229 e
2732 1175 2960 1245 vestigio
3006 1174 3325 1245 imperatori
3357 1182 3407 1229 et
3436 1172 3557 1228 Cte-

1969 1268 2081 1323 sari
2113 1267 2298 1333 tradit,
2331 1277 2635 1338 contraque
2659 1267 3010 1322 innocentem
3041 1268 3257 1338 egregie
3283 1267 3557 1321 mentien-

1969 1362 2041 1415 do
2070 1361 2349 1430 principes
2372 1360 2623 1415 accendit
2663 1374 2679 1414 :
2717 1359 2968 1415 Vestram
2990 1400 3004 1425 ,
3057 1358 3257 1430 inquit,
3293 1359 3545 1429 majesta-

1971 1464 2077 1509 tem
2108 1451 2353 1524 lgnatius
2391 1453 2459 1507 ad
2488 1463 2704 1508 exteras
2742 1454 2908 1507 etiam
2944 1460 3131 1523 gentes
3160 1450 3414 1514 traducit,
3461 1466 3558 1505 ve-

1972 1545 2182 1614 5trique
2231 1544 2446 1614 imperii
2496 1544 2794 1615 potentiam
2850 1543 3292 1614 improbissimus
3344 1542 3557 1599 calum-

1973 1637 2154 1691 niator
2192 1636 2246 1690 in
2280 1635 2487 1690 crimen
2515 1646 2692 1691 vocat.
2720 1634 2824 1701 Qui
2857 1635 3073 1689 tametsi
3106 1634 3306 1705 justam
3333 1634 3559 1688 haberet

1973 1743 2221 1793 causam,
2252 1737 2436 1782 tamen
2465 1727 2575 1782 vita
2608 1727 2683 1780 illi
2725 1725 2850 1796 jure
2891 1726 3247 1791 adimeretur,
3281 1726 3409 1780 dum
3443 1726 3559 1781 haec

1977 1819 2031 1873 in
2076 1829 2316 1875 vestram
2370 1820 2721 1874 serenitatem
2779 1818 3129 1872 machinatur
3169 1838 3182 1873 :
3219 1819 3312 1873 sed
3344 1834 3435 1884 en,
3470 1818 3557 1873 iu-

276 1882 586 1980 Ἰγνάτιος,
637 1882 734 1967 καὶ
774 1882 1055 1969 διαϐάλλει
1102 1882 1242 1988 1:96.;-
1285 1882 1411 1982 τοὺς
1445 1882 1693 1982 έξω,’καὶ
1740 1882 1867 1971 ma:

1973 1913 2114 1983 quit,
2150 1920 2318 1967 testes
2357 1909 2596 1981 perfidiae
2620 1910 2851 1973 litteras,
2874 1918 2929 1964 ct
2953 1909 3112 1964 ﬁdem
3140 1909 3304 1965 dictis
3331 1882 3557 1975 faciant,

258 2005 485 2074 ηγορεῖ,
519 2005 613 2057 κατ¹
654 2004 717 2058 τὸ
746 2005 849 2076 τῆς
887 2007 1159 2080 ὑμετέρας
1189 2007 1440 2074 ἐξουσίας
1469 2009 1671 2081 κράτος
1704 2026 1867 2063 συκο-

1971 2021 2093 2077 qua:
2124 2004 2283 2060 nobis
2329 2004 2467 2058 nihil
2502 2002 2754 2068 obfuere,
2792 2002 2884 2057 sed
2923 2002 3182 2072 profuere
3226 2018 3388 2057 :cum
3424 2017 3560 2071 papa

260 2098 481 2164 φανιτεί⁸
515 2097 608 2150 καὶ
647 2098 697 2150 εἰ
748 2097 885 2167 πρὸς
915 2098 1126 2153 δίκαιον
1154 2095 1320 2170 εῖχεν,
1353 2100 1462 2154 οὐδ’
1497 2100 1564 2155 ἂν
1612 2101 1711 2173 ζῇν
1743 2118 1867 2154 συν-

1972 2098 2051 2154 rei
2084 2097 2372 2151 veritatem
2397 2097 2467 2151 sit
2494 2096 2743 2161 edoctus,
2786 2105 2842 2152 et
2871 2098 3014 2153 inter
3038 2114 3139 2153 nos
3172 2097 3471 2152 amicitiam
3498 2113 3563 2153 ac

261 2189 553 2258 εχωρεῖτο,
581 2188 811 2244 τοιαῦτα
845 2191 986 2244 κατὰ
1020 2190 1121 2261 τῆς
1155 2192 1309 2262 ὑμῶν
1341 2191 1725 2264 διανοούμενος
1754 2210 1867 2261 γα-

1971 2188 2408 2245 benevolentiam
2465 2190 2629 2243 etiam
2679 2189 3028 2245 confirment.
3104 2188 3211 2243 Sed
3274 2188 3560 2260 indignum

257 2278 562 2350 ληνότητος
582 2298 596 2311 ·
627 2281 721 2334 καὶ
749 2283 781 2354 ή
812 2281 912 2351 τῆς
950 2285 1313 2355 κακουργίας,
1348 2285 1536 2357 φησὶν,
1568 2284 1867 2352 ἀπόδειξις,

1969 2282 2207 2353 iudicavi
2237 2290 2473 2336 vestram
2533 2281 2876 2352 majestatem
2923 2297 3019 2352 per
3064 2282 3215 2336 illum
3267 2283 3407 2336 adeo
3429 2296 3564 2336 eon-

261 2368 373 2422 ἰδοὺ
412 2370 507 2421 καὶ
539 2370 679 2424 αὑτά
707 2368 1051 2443 μαρτυροῦσι
1077 2373 1147 2426 τὰ
1174 2374 1501 2445 γράμματα,
1546 2376 1691 2446 άπερ
1716 2377 1867 2447 ἡμᾶς

1969 2374 2200 2429 culeari.
2238 2371 2366 2429 Hac
2415 2374 2759 2444 sycophanta
2811 2374 3071 2430 l’hotius.
3119 2375 3437 2428 Accersitur
3474 2389 3565 2427 sa-

259 2460 360 2531 μὲν
390 2461 628 2532 ἔϐλαψεν
654 2462 830 2529 οὐδὲν,
867 2463 1120 2536 ὠφέλησε
1150 2466 1208 2519 δὲ
1250 2467 1476 2537 μᾶλλον,
1509 2468 1867 2542 πληροφορη-

1971 2465 2263 2530 tellitium;
2319 2464 2564 2536 lgnatius
2610 2481 2707 2535 per
2759 2466 3091 2521 calumniam
3152 2468 3563 2521 circumventus

255 2554 461 2619 θέντος
484 2554 578 2608 τοῦ
619 2555 779 2610 πάπα
811 2555 1045 2627 τάληθῆ,
1092 2559 1188 2610 καὶ
1230 2558 1452 2629 ἀγάπην
1483 2560 1868 2630 κεκυρωκότος

253 2647 336 2711 είς
362 2648 543 2718 ἡμᾶς.
590 2647 702 2717 Οὐχ
736 2647 982 2718 ἡγοῦμαι
1011 2648 1067 2701 δὲ
1107 2648 1316 2703 δίκαιον
1364 2640 1512 2703 ⁴εἶναι
1561 2649 1660 2721 τήν
1712 2650 1868 2722 ὑμῶν

258 2739 549 2809 βασιλείαν
591 2737 767 2803 οὕτως
815 2739 1214 2806 ἑξουδενεῖσθαι
1280 2743 1411 2812 παρ’
1443 2741 1631 2796 αὐτοῦ.
1678 2742 1868 2796 Ταῦτα

256 2831 361 2901 μὲν
386 2832 419 2884 ὁ
449 2831 816 2902 συκοφάντης·
848 2831 1090 2901 φύλακες
1106 2832 1163 2886 δὲ
1185 2835 1314 2905 παρ’
1337 2834 1499 2898 αὐτὰ,
1530 2834 1625 2888 καὶ
1648 2836 1868 2907 φρουρά

253 2924 392 2994 περὶ
420 2923 515 2978 τὸν
543 2924 800 2988 ἀναιτίως
831 2926 1308 2997 κατηγορούμενον
1348 2927 1627 2999 ἀσφαλὴς,
1668 2928 1868 3000 έρευνά

250 3032 314 3069 τε
351 3014 533 3086 πολλὴ
572 3017 779 3089 σφόδρα
811 3019 906 3071 καὶ
935 3017 1179 3083 ἐξέτασις
1207 3019 1290 3083 είς
1314 3020 1491 3074 ταῦτα
1547 3020 1740 3075 τοῦτον
1770 3020 1863 3090 γέο

1969 3018 2095 3087 pulo
2125 3017 2279 3087 prius
2304 3032 2364 3072 se
2408 3017 2619 3073 litteras
2648 3027 2705 3072 et
2731 3017 2995 3073 viaticum
3031 3018 3313 3087 accepisse
3340 3031 3571 3085 respon-

254 3125 388 3176 γονε
431 3108 526 3162 τὸν
551 3109 773 3181 τρόπον.
799 3111 1092 3182 Παρήγετο
1127 3111 1307 3166 τοίνυν
1333 3114 1413 3176 είς
1438 3113 1605 3184 μέσον
1636 3114 1665 3166 6
1691 3131 1867 3185 γραμ-

1969 3108 2080 3162 det.
2106 3106 2209 3163 Sed
2250 3122 2376 3162 cum
2418 3122 2520 3162 nec
2552 3107 2911 3179 Cyprianum,
2937 3108 3101 3163 etiam
3140 3115 3253 3164 toto
3285 3122 3475 3163 mense
3498 3108 3567 3162 ad

259 3202 582 3273 ματοφόρος
611 3203 841 3268 ἐκεῖνος,
876 3204 972 3257 καὶ
1002 3206 1268 3274 ἀπῃτεῖτο
1304 3204 1499 3270 δεῖξαι,
1540 3204 1679 3277 πρὸς
1717 3205 1865 3270 τίνος

1970 3199 2406 3270 investigandum
2442 3200 2590 3264 dato,
2629 3199 2921 3256 ostendere
2965 3209 3171 3271 posset,
3226 3215 3327 3255 nec
3373 3214 3571 3269 quem-

263 3290 491 3361 εἰλήφει
507 3292 603 3362 τὴν
623 3292 762 3362 πρὸς
784 3291 875 3346 τὸν
896 3292 1083 3346 πάπαν
1103 3292 1418 3367 ἐπιστολήν.
1434 3293 1494 3346 '0
1511 3293 1568 3346 δὲ
1588 3292 1857 3364 πρότερον

1973 3308 2139 3361 quam
2167 3308 2233 3346 ex
2276 3291 2471 3362 lgnatii
2505 3292 2772 3347 comitatu
2830 3308 2995 3347 nosse
3047 3293 3348 3358 videretur,
3379 3291 3571 3348 fraude

253 3382 534 3456 είρηκὼς,
566 3385 642 3449 ὡς
681 3384 1003 3455 Κυπριανὸς
1045 3386 1254 3449 ἐκεῖνος
1296 3387 1325 3439 6
1359 3384 1455 3439 τοῦ
1501 3385 1768 3454 Ἰγνατίου
1797 3384 1866 3439 τά

1972 3384 2335 3455 deprehensa,
2363 3383 2503 3439 loris
2536 3399 2567 3439 a
2595 3384 2812 3440 Cresare
2845 3384 3114 3439 acerrime
3144 3392 3230 3439 est
3255 3384 3523 3439 multatus
3552 3402 3567 3439 :

248 3492 311 3528 τε
338 3474 654 3547 γράμματα
675 3474 847 3530 ταῦτα
882 3476 977 3530 καὶ
1008 3476 1197 3545 ἐφόδια
1227 3476 1643 3547 ὲχειροδότησεν
1674 3478 1859 3544 ἱκανὰ,

1970 3491 2073 3547 pro
2101 3491 2215 3547 quo
2255 3476 2542 3533 liberanda
2593 3476 2810 3532 tametsi
2842 3477 3030 3532 omnia
3070 3476 3276 3530 faceret
3318 3474 3571 3539 Photins,

247 3563 422 3630 οὗτος
470 3567 565 3620 ἐπὶ
626 3567 773 3638 μῆνα
833 3566 1020 3638 σχεδὸν
1058 3566 1179 3620 ὅλον
1204 3566 1627 3638 ,ἀπαιτούμενος
1673 3566 1865 3621 τοῦτον

1977 3567 2112 3621 nihil
2160 3576 2340 3623 tamen
2364 3567 2593 3638 perinde
2628 3569 2883 3638 profecit.
2917 3567 3161 3623 Tandem
3204 3578 3265 3621 ut
3296 3567 3569 3623 solaretur

250 3658 556 3725 ἐπιδεῖξαι,
583 3657 849 3731 ἠλέγχετο
873 3657 1007 3730 μήτ’
1037 3659 1203 3712 αὐτὸν
1233 3657 1390 3723 εἰδὼς
1412 3658 1504 3713 τὸν
1527 3658 1866 3729 Κυπριανὸν,

1979 3659 2281 3725 hominem,
2331 3660 2585 3716 lictorum
2619 3663 2943 3731 praefectum
2974 3661 3207 3717 creavit.
3253 3658 3366 3715 Hac
3391 3659 3574 3715 Photii

252 3751 409 3822 μήτε
461 3748 566 3805 τιν’
618 3750 778 3805 ἀλλον
817 3750 926 3804 τῶν
956 3750 1266 3822 ἀνθρώπων
1306 3750 1592 3820 Ἰγνατίου.
1628 3750 1788 3805 Οὕτω
1810 3752 1867 3805 δὲ

1978 3750 2204 3821 perfidia
2232 3751 2464 3816 detecta,
2499 3746 2662 3808 nemo
2692 3751 2813 3819 fuit,
2843 3752 2938 3823 qui
2981 3751 3262 3823 improbas
3290 3751 3391 3807 has
3425 3760 3574 3806 artes

247 3841 361 3911 τῆς
396 3842 714 3915 σκευωρίας
767 3843 1144 3915 φωραθείσης,
1183 3844 1435 3913 μάστιξιν
1474 3842 1582 3896 ὑπὸ
1609 3842 1704 3895 τοῦ
1730 3842 1867 3896 Καί-

1976 3858 2086 3897 non
2119 3842 2508 3912 indignissime
2550 3841 2739 3900 ferret.

247 3953 438 4009 σαρος
467 3936 828 4009 πικροτάταις
849 3938 1056 4000 ἐκεῖνος
1081 3936 1413 4008 κατῃκίσθη.
1445 3938 1542 3990 Ὃν
1570 3936 1666 3989 καὶ
1692 3935 1863 3990 πολλά
1937 3936 2145 3999 Φώτιος
2218 3936 2604 4008 λυτρώσασθαι
2662 3936 3091 4001 διεσπουδακὼς,
3149 3937 3251 3990 οὐκ
3302 3935 3566 4008 ἠδυνήθψ

248 4034 337 4095 εἰς
388 4026 756 4101 παραμυθίαν
824 4029 882 4083 δὲ
960 4029 1101 4100 μετά
1148 4028 1325 4084 ταῦτα
1373 4028 1706 4101 διωγμητῶν
1744 4028 1936 4083 τοῦτον
1975 4030 2217 4101 ἄρχοντα
2269 4029 2593 4101 καθίστησι,
2650 4029 2857 4099 πλῆθος
2920 4028 3231 4101 ῥαϐδούχων
3294 4028 3574 4095 ὑποτάξας

250 4110 447 4200 αὐτῷ.
480 4127 704 4201 Ταύτης
738 4127 1090 4198 καταφανοῦς
1122 4128 1428 4200 γενομένης
1466 4128 1567 4198 τῆς
1604 4127 1997 4203 κακοτροπίας,
2028 4128 2129 4183 οὐκ
2157 4125 2226 4202 ἦν
2293 4129 2447 4194 ὅστις
2504 4128 2565 4181 οὐ
2636 4126 2979 4201 προσώχθισε
3007 4126 3086 4198 τῷ
3148 4130 3576 4199 κατασκευαστῇ

250 4222 372 4275 τῶν
410 4221 625 4277 κακῶν.

327 4314 499 4371 Μετά
525 4312 700 4368 ταῦτα
720 4313 821 4384 τῆς
842 4315 1081 4387 Χριστοῦ
1107 4317 1207 4386 μὲν
1245 4315 1597 4388 ’Δναλήψεως
1628 4314 1867 4369 ἐτελεῖτο

2044 4312 2325 4382 Agebatur
2347 4323 2458 4365 non
2482 4309 2659 4363 multo
2676 4315 2800 4377 post
2818 4320 2975 4361 sacer
2986 4304 3329 4361 ascensionis
3364 4303 3574 4362 Christi

254 4407 647 4480 μνημόσυνον,
685 4408 821 4480 πρὸς
858 4411 1096 4483 ἑσπέραν
1134 4411 1192 4466 δὲ
1238 4412 1464 4483 σεισμὸς
1511 4413 1721 4481 γίνεται
1761 4412 1867 4467 τῶν

1969 4406 2089 4461 dies
2143 4403 2585 4468 anniversarius,
2634 4415 2761 4455 cum
2794 4400 2898 4455 sub
2935 4412 3219 4467 vesperam
3245 4405 3390 4451 terra
3420 4406 3573 4452 tanto

250 4499 497 4553 πώποτε
527 4499 837 4570 γενομένων
857 4502 886 4555 6
908 4501 1365 4573 φρικωδέστατος.
1394 4502 1471 4556 Δι’
1500 4502 1629 4572 ὅλης
1664 4503 1723 4556 δὲ
1763 4502 1866 4572 τῆς

1970 4508 2147 4567 motu,
2175 4505 2381 4568 quanto
2411 4510 2692 4567 nunquam
2724 4502 2885 4557 ante,
2921 4491 3089 4560 erepit
3119 4489 3579 4547 contremiscam.

249 4593 537 4662 ἐπιούσης
571 4594 869 4664 ἐπεκράτει
899 4594 1114 4657 νυκτός
1146 4594 1243 4666 βοὴ
1280 4595 1340 4647 δέ
1386 4612 1471 4660 τις
1514 4595 1609 4649 καὶ
1653 4595 1867 4665 ἄσημος

1980 4608 2160 4663 neque
2207 4600 2319 4647 tota
2358 4588 2665 4659 insequenti
2708 4596 2867 4641 nocte
2896 4583 3167 4640 constitit.
3197 4581 3262 4639 Et
3301 4580 3575 4639 obscurus

252 4683 444 4757 θροῦς
473 4660 538 4737 ἐκ
569 4701 631 4736 τε
660 4660 788 4754 γῆς,
820 4684 883 4740 ἔκ
917 4702 977 4738 τε
1030 4660 1311 4757 θαλάσσης
1350 4686 1597 4758 σφοδρῶς
1627 4660 1867 4740 ἀναδιδό-

1982 4660 2207 4756 quidam
2252 4685 2437 4755 fragor
2484 4698 2549 4738 ac
2588 4682 2831 4751 mugitus
2864 4695 2895 4735 e
2927 4690 3068 4733 terra
3100 4676 3349 4745 marique
3383 4675 3575 4746 ingens

258 4795 466 4848 μενος,
498 4779 717 4832 πάντων
752 4778 1058 4851 ἀνθρώπων
1099 4782 1220 4844 ταῖς
1272 4779 1527 4851 καρδίαις
1570 4780 1867 4852 παράλυσιν

1983 4777 2166 4833 editus
2212 4776 2499 4831 hominum
2556 4783 2777 4843 pectora
2817 4774 2889 4827 ita
2923 4782 3069 4826 metu
3121 4769 3304 4839 fregit,
3339 4776 3399 4822 ut
3434 4783 3574 4837 pene

255 4870 519 4929 ὲιεποίει
560 4870 657 4925 καὶ
688 4870 993 4944 θραυσμόν.
1027 4873 1163 4928 Τότε
1193 4873 1259 4945 δὴ
1289 4873 1385 4929 καὶ
1438 4874 1472 4945 ή
1520 4872 1691 4943 στήλη
1739 4874 1867 4926 Ἰου-

1984 4866 2444 4921 dissolverentur.
2480 4863 2683 4919 Justini
2748 4876 2972 4933 quoque
3025 4870 3207 4916 statua
3262 4872 3291 4911 a
3339 4858 3574 4928 genibus

260 4966 464 5020 στίνου
498 4968 562 5019 ὲκ
586 4965 699 5020 τῶν
723 4965 970 5036 γονάτων
998 4967 1229 5021 κοπεῖσα
1264 4966 1608 5038 κατερράγη·
1632 4965 1756 5018 τότε
1782 4964 1867 5019 καὶ

1984 4960 2249 5015 convulsa
2283 4958 2545 5012 concidit.
2594 4954 2733 5009 Tum
2771 4954 3009 5009 Basilius
3058 4951 3341 5005 Cretensis
3410 4960 3571 5004 antea

250 5059 563 5123 Βασίλειος
610 5060 817 5123 ἐκεῖνος
851 5060 881 5112 6
930 5058 1198 5132 πρότερον
1231 5059 1331 5128 μὲν
1365 5059 1594 5132 Κρήτης
1643 5057 1867 5110 ἐπίσκο-

1982 5048 2307 5118 epise0pns,
2346 5045 2612 5116 Agarenis
2639 5054 2825 5100 autem
2879 5041 3098 5096 Cretam
3143 5039 3529 5094 invadentibus
3554 5078 3570 5102 ,

250 5169 374 5215 πος
407 5150 826 5221 γενόμενος,διά
845 5150 902 5205 δὲ
930 5130 1031 5223 τῆν
1054 5130 1163 5205 τών
1203 5130 1525 5221 Ἀγαρηνῶν
1555 5148 1745 5217 ἔφοδον
1788 5149 1867 5212 είς

1985 5138 2434 5195 Thessalonicam
2462 5134 2759 5189 translatus
2790 5134 2810 5204 (
2840 5147 2947 5187 non
2973 5133 3092 5188 sine
3118 5130 3300 5187 Photii
3332 5139 3446 5184 tum
3477 5145 3572 5185 ca-

250 5240 685 5313 Θεσσαλονίκην
727 5221 1045 5311 μετατεθελς
1100 5241 1213 5312 (εἰς
1257 5240 1524 5311 αἰσχύνην
1577 5240 1673 5293 καὶ
1712 5238 1867 5292 τοῦτο

1984 5231 2235 5287 thedram
2255 5225 2923 5296 Constantinopolitanam
2942 5224 3260 5295 occupantis
3277 5221 3498 5277 infamia
3522 5221 3577 5292 ),_

251 5332 369 5386 τοῦ
459 5332 560 5403 τῆς
633 5332 903 5404 βασιλίδος
960 5332 1504 5405 προκαθεζομένου),
1590 5331 1867 5403 τολμήσας

1983 5339 2157 5380 ausus
2201 5323 2319 5392 ipse
2350 5320 2665 5377 llichaelem
2692 5319 2827 5385 adit,
2854 5333 3092 5387 eumque
3131 5316 3330 5387 partim
3370 5315 3569 5369 admo-

248 5421 445 5487 αὐτὸς
477 5424 728 5494 πρόσεισι
775 5426 853 5495 τῷ
891 5404 1133 5495 Μιχαὴλ,
1187 5421 1596 5495 παραινετικῶς
1630 5420 1748 5493 ἅμα
1778 5421 1867 5474 καὶ

1984 5416 2166 5472 uentis
2199 5408 2548 5477 auctoritate,
2580 5411 2783 5482 partim
2810 5410 3077 5473 docentis,
3114 5423 3144 5463 a
3178 5417 3286 5461 tam
3323 5404 3487 5474 impia
3517 5412 3571 5460 et

249 5516 687 5581 διδασκαλικῶς
719 5517 1062 5589 ἀποσχέσθαι
1093 5516 1194 5585 τῆς
1223 5516 1332 5569 τῶν
1364 5513 1659 5587 ίερατικῶν
1697 5512 1867 5584 ἔργων

1977 5509 2246 5578 sacrilega
2300 5520 2485 5561 rerum
2541 5518 2824 5558 sacrarum
2873 5500 3096 5555 inimica
3160 5497 3467 5551 imitatione
3513 5502 3570 5549 et

249 5608 522 5678 αἰσχρᾶς
547 5609 642 5662 καὶ
669 5587 898 5663 ἀνοσίου
915 5610 1204 5681 μιμήσεως
1235 5606 1595 5678 παρακαλῶνο
1626 5606 1867 5659 ἐντεῦθεν

1979 5601 2237 5657 irrisione
2271 5598 2593 5653 dehortatur
2625 5613 2639 5649 :
2675 5593 2803 5649 inde
2842 5593 2987 5646 cnim
3016 5589 3268 5645 Numinis
3300 5587 3438 5642 iram
3474 5602 3569 5642 ac-

250 5701 392 5770 γὰρ
431 5701 530 5771 τὴν
574 5702 746 5773 ὀργὴν
777 5701 870 5757 τοῦ
900 5702 1037 5756 Θεοῦ
1090 5701 1452 5757 ἀνακαίεσθαι
1485 5698 1867 5771 διισχυρίζετο.

1977 5694 2131 5751 eendi
2160 5693 2484 5749 affirmabat.
2516 5689 2634 5757 Qua
2661 5687 3087 5759 reprehensione
3108 5682 3330 5740 Michael
3354 5681 3569 5753 gravis-

265 5795 344 5848 Ὀ
392 5792 458 5846 δὲ
485 5795 597 5860 τοῖς
630 5792 897 5865 έλέγχοις⁶
922 5794 1376 5867 ὑπερϐαλλόντως
1420 5794 1674 5867 πληγεὶς,
1713 5791 1867 5864 ῥαπί-

1977 5788 2116 5843 sime
2144 5784 2411 5849 offensus,
2436 5779 2679 5852 colaphis
2714 5777 3078 5834 atrocissimis
3106 5773 3418 5833 venerando
3448 5774 3567 5830 seni

260 5902 463 5960 σμασι
492 5889 590 5959 μὲν
616 5890 856 5962 ἰσχυροῖς
906 5889 1001 5945 τοῦ
1043 5890 1227 5963 τιμίου
1272 5888 1531 5962 γέροντος
1559 5888 1687 5952 τοὺς
1725 5886 1867 5941 666v-

1978 5880 2168 5938 dentes
2200 5877 2453 5951 stirpitus
2481 5875 2646 5947 elisit,
2673 5884 2997 5945 tergumque
3017 5871 3203 5944 flagris
3222 5870 3295 5926 ita
3321 5866 3566 5932 laniavit,

1969 2566 2124 2610 arcta
2154 2555 2407 2611 custodia
2439 2567 2713 2619 servatur,
2741 2556 3044 2626 inquiritur
3068 2557 3290 2622 acriter,
3329 2564 3383 2611 et
3412 2571 3565 2625 qua:-

1970 2647 2199 2713 Stioncs,
2242 2660 2312 2699 an
2365 2644 2441 2700 ita
2487 2660 2547 2699 se
2594 2660 2681 2701 res
2729 2645 2946 2713 habeat,
3000 2654 3348 2701 exercentur.
3376 2645 3565 2700 Addu-

1970 2744 2092 2793 ctus
2130 2753 2353 2809 quoque
2396 2736 2453 2793 in
2517 2737 2760 2793 medium
2812 2736 3158 2793 Tabellarius
3198 2738 3291 2792 ille
3340 2736 3569 2805 iubetur

1971 2832 2244 2897 indicare,
2300 2847 2331 2885 a
2385 2846 2495 2901 quo
2532 2831 2744 2888 litteras
2794 2832 2861 2889 ad
2921 2831 3207 2888 Nicolaum
3250 2831 3563 2902 pontificem

1968 2927 2267 2997 acceperit.
2294 2924 2643 3006 Tabellarius
2671 2942 2700 2980 a
2733 2926 3010 2998 Cypriano
3049 2926 3145 2981 illo
3169 2926 3365 2996 lgnatii
3397 2924 3569 2979 disci-
