4022 6390
466 380 568 447 531

1669 381 1965 442 NICETKE
2006 377 2538 442 PAPIILAGONIS

3635 366 3735 429 ιιι

464 509 523 555 ut
553 499 685 554 nihil
712 499 936 569 pronius
990 497 1195 553 factum
1214 497 1306 565 sit,
1334 512 1498 568 quam
1526 506 1583 552 ut
1603 498 1744 552 inter
1770 503 2039 552 tormenta

2152 510 2239 557 τας
2260 490 2641 562 ὲξερῤίζωσεν,
2678 482 2821 537 οὕτω
2850 481 2905 536 δὲ
2935 480 3030 535 καὶ
3054 480 3149 535 τὸν
3177 477 3348 533 νῶτον
3367 475 3732 551 κατῃκίσατο,

463 595 701 647 animam
735 592 938 647 ederet.
977 591 1052 646 De
1087 605 1197 660 quo
1232 592 1368 646 nihil
1401 592 1665 647 sollicitus
1693 601 1808 646 erat
1838 605 2043 644 merce-

465 685 651 738 narius
684 683 872 754 opilio,
924 683 1057 754 quin
1097 682 1214 753 ipse
1261 683 1521 752 paulatim
1576 683 1878 753 sacrilegiis
1934 682 2044 738 illis

461 775 664 846 pariter
680 776 1082 841 oblec1abatur,
1103 785 1156 829 et
1175 790 1279 830 una
1295 791 1417 830 cum
1438 774 1668 844 impuris
1684 774 2044 829 histrionibus

462 884 743 940 pueroque
776 871 1170 926 consuescebat
1200 878 1254 923 et
1287 870 1735 933 comessabatur,
1761 884 1936 937 neque
1977 868 2046 923 ab

461 977 653 1016 eorum
700 963 1096 1017 consuetudine
1121 973 1174 1017 et
1200 962 1435 1016 ludibrio
1466 962 1653 1030 procul
1695 962 1905 1016 aderat.
1935 958 2044 1016 Ve-

463 1065 586 1104 rum
626 1050 745 1117 ejus
788 1065 918 1105 cura
963 1050 1140 1106 omnis
1187 1049 1256 1104 ad
1308 1051 1572 1119 lgnatium
1621 1049 2043 1118 opprimendum

465 1142 779 1198 vertebatur
815 1160 829 1197 :
863 1145 1059 1198 avebat
1123 1144 1267 1197 enim
1322 1142 1529 1212 aliquid
1566 1142 1833 1197 adversus
1887 1142 2043 1197 illum

465 1230 675 1294 audire,
719 1241 772 1286 et
818 1233 1136 1302 pruriebant
1169 1233 1244 1286 illi
1276 1247 1458 1288 aures.
1490 1230 1593 1286 Ubi
1625 1233 1787 1287 etiam
1826 1248 1955 1289 casu
1991 1233 2044 1286 in

464 1319 913 1374 calumniatorcm
966 1320 1112 1375 illius
1137 1318 1414 1375 incidebat
1439 1358 1453 1383 ,
1488 1319 1581 1390 qui
1613 1319 1694 1373 vel
1731 1330 1948 1374 tenuem
1980 1317 2048 1374 de

463 1411 556 1466 illo
584 1412 866 1466 obviamve
887 1412 1216 1467 calumniam
1248 1422 1550 1483 spargeret,
1576 1412 1723 1468 hunc
1755 1427 1886 1466 vero
1922 1426 2044 1465 mox

464 1503 516 1556 in
552 1502 734 1572 album
783 1503 1085 1558 amicorum
1136 1518 1364 1558 suorum
1396 1503 1704 1572 referebat,
1739 1516 2048 1572 magnaque

462 1608 583 1646 cum
621 1570 895 1661 voluptate
930 1590 1325 1646 obtrectantcm
1368 1590 1644 1645 audiebat.
1675 1570 1821 1644 Nihil
1848 1570 2050 1659 quippe

461 1684 531 1737 ita
566 1684 711 1753 capit
741 1684 955 1738 animos
992 1683 1197 1737 invidia
1245 1682 1483 1752 odioque
1518 1690 1816 1750 occupatos
1838 1720 1853 1746 ,
1881 1695 2046 1751 quam

459 1776 678 1831 sinistra
722 1776 789 1832 de
831 1792 897 1832 eo
930 1792 1090 1846 quem
1140 1775 1377 1840 oderint,
1411 1774 1677 1828 narratio.
1711 1772 1899 1842 Itaque
1954 1787 2049 1840 per

461 1868 760 1925 familiares
784 1880 837 1925 et
868 1869 1149 1939 subjectos
1173 1866 1389 1938 lgnatii,
1410 1873 1683 1936 quotquot
1704 1879 1769 1918 ex
1795 1864 1863 1920 iis
1888 1862 2047 1919 donis

461 1962 835 2019 cthonoribus
857 1971 1068 2033 poterat
1090 1961 1380 2027 eblandiri,
1402 1960 1619 2030 sibique
1636 1957 1901 2014 obnoxios
1924 1957 2049 2011 red-

460 2052 610 2116 dere,
644 2066 860 2121 semper
883 2050 1266 2120 iuvestigahat,
1301 2058 1610 2118 contraque
1639 2047 1771 2117 justi
1804 2047 2046 2100 animam

461 2158 684 2197 causam
720 2143 1020 2214 quaerebat.
1063 2141 1138 2195 Ex
1179 2141 1380 2211 quibus
1417 2141 1665 2212 lgnatius
1704 2181 1718 2203 ,
1750 2138 1840 2193 ille
1884 2138 2047 2208 hujus

462 2234 635 2289 sancti
665 2233 857 2303 Ignatii
892 2233 1218 2303 discipulus,
1252 2241 1390 2297 erat,
1419 2233 1536 2302 qui,
1573 2242 1631 2286 ut
1662 2230 1860 2286 Demas
1890 2229 2044 2295 olim,

459 2327 721 2381 saeculum
755 2326 986 2396 diligens
1019 2327 1085 2381 ad
1146 2326 1325 2381 Photii
1360 2335 1537 2381 castra
1571 2324 1828 2391 transiit;
1862 2332 1915 2378 et
1945 2322 2049 2378 ali-

457 2418 700 2486 quandiu
725 2417 1013 2486 praefectus
1032 2417 1411 2472 emnobiorum
1440 2416 1815 2487 Propoatidis,
1837 2424 1952 2470 tum
1978 2414 2047 2469 ab

458 2511 553 2564 illo
593 2510 1040 2581 archiepiscopus
1075 2509 1379 2582 liierapolis
1424 2517 1644 2564 creatus
1677 2517 1780 2565 est.
1832 2506 1936 2574 Qui
1991 2518 2049 2563 ut

457 2604 786 2659 beneﬁt-ium
821 2610 1243 2673 compcnsarct:
1288 2602 1473 2657 Mirari
1501 2602 1669 2666 subit,
1710 2601 1911 2672 inquit,
1950 2600 2048 2654 do-

457 2695 607 2749 mine
633 2734 648 2761 ,
680 2710 922 2765 quonam
955 2703 1116 2766 pacto
1146 2703 1359 2749 tantum
1390 2693 1584 2765 lguatii
1619 2692 1877 2746 delictum
1910 2690 2049 2745 faci~

458 2799 676 2860 nusque
710 2784 795 2839 vel
849 2785 1092 2855 ignores,
1124 2786 1209 2839 vel
1241 2785 1471 2839 omnino
1519 2782 1780 2853 negligas.
1813 2781 1950 2837 Nam
1992 2783 2046 2837 in

459 2876 635 2930 media
663 2876 854 2931 insula:
879 2876 1057 2946 platea
1091 2877 1235 2931 aedes
1260 2891 1413 2931 sacra
1454 2875 1812 2946 quadraginta
1845 2882 2048 2944 marty-

455 2967 612 3022 ribus
637 2976 723 3022 est
751 2967 986 3024 excitata
1014 2968 1308 3039 ;junctum
1350 2983 1480 3022 vero
1505 2976 1589 3022 est
1620 2966 1695 3021 illi
1728 2966 1820 3021 Dei
1858 2964 2049 3020 Matris

455 3059 784 3125 oratorium,
810 3060 971 3132 cujus
1002 3075 1155 3129 aram
1186 3060 1388 3117 lihussi
1418 3076 1617 3131 nuper,
1649 3075 1775 3115 cum
1808 3058 2045 3114 insulam

2075 1836 2122 1894 B

2146 585 2222 646 ὼς
2272 583 2457 650 ὀλίγου
2513 578 2625 632 δεῖν
2676 574 2841 629 αὐτὸν
2894 575 3015 637 ταῖς
3072 570 3328 643 βασάνοις
3362 567 3729 622 ἐναποθανεῖν·

2146 674 2352 729 τούτων
2385 672 2442 726 δὲ
2488 670 2642 725 οὐδὲν
2678 667 2839 738 ἔμελε
2894 664 2973 735 τῷ
3032 662 3308 736 μισθωτῷ.
3355 661 3573 731 Ἠρὲμα
3629 660 3734 730 γὰρ

2147 767 2243 820 καὶ
2289 764 2452 827 αὐτὸς
2485 760 2743 830 συνήδετο
2772 761 2883 821 τοῖς
2924 755 3294 823 τελουμένοις,
3326 753 3424 807 καὶ
3470 754 3587 824 ἅμα
3626 755 3736 817 τοῖς

2152 859 2368 929 μιαροῖς
2412 855 2601 926 μίμοις
2647 850 2877 913 ἐκείνοις
2927 848 3318 918 συνεχέστερον
3351 844 3429 916 τῷ
3470 845 3736 917 μειρακίῳ

2150 948 2544 1019 συνερχόμενος
2591 944 2683 997 καὶ
2730 939 3264 1013 συμποσιαζόμενος,
3313 937 3447 990 ούδὲ
3488 937 3589 1006 τῆς
3623 936 3735 989 δια-

2148 1040 2346 1111 τριϐῆς
2420 1036 2648 1091 ἐκείνων
2697 1035 2791 1089 καὶ
2845 1031 3312 1102 καταφρονήσεως
3375 1028 3597 1100 μακρὰν
3642 1023 3735 1099 ἦν’

2152 1133 2395 1204 μέριμνα
2423 1131 2480 1184 δὲ
2519 1127 2670 1198 αὐτῷ
2703 1126 2799 1180 καὶ
2838 1124 3009 1197 πολλὴ
3042 1124 3245 1194 σφόδρα
3269 1121 3400 1191 περὶ
3422 1119 3517 1174 τοῦ
3561 1121 3733 1186 Ἰγνα-

2148 1224 2264 1277 τίου
2314 1222 2555 1275 ἐνέκειτο
2607 1220 2868 1292 φροντὶς,
2921 1217 3017 1271 καὶ
3080 1213 3332 1284 ἐγλίχετο
3386 1211 3510 1266 κατ’
3573 1210 3735 1267 αὐτοῦ

2150 1316 2395 1379 ἀκούειν,
2450 1315 2547 1367 καὶ
2596 1311 2857 1381 ἑκνήθετο
2909 1308 3008 1380 τὴν
3039 1308 3229 1379 ἀκοήν·
3265 1307 3358 1360 καὶ
3385 1304 3441 1358 εί
3469 1321 3593 1357 τινα
3623 1304 3735 1357 δια-

2148 1407 2558 1480 λοιδορούμενον
2594 1405 2714 1475 είκῆ
2759 1403 2926 1474 ἑώρα,
2959 1401 2994 1473 ἦ
3028 1417 3152 1454 τινα
3177 1398 3342 1470 ψιλὴν
3378 1398 3502 1452 κατ’
3528 1396 3736 1452 ἐκείνου

2150 1502 2246 1556 καὶ
2288 1500 2528 1571 ματαίαν
2559 1496 2901 1569 κατηγορίαν
2947 1493 3325 1563 ἐνιστάμενον,
3354 1491 3509 1561 φίλον
3553 1489 3738 1543 τοῦτον

2149 1593 2358 1649 ἐτίθετο
2389 1591 2604 1656 πιστὸν,
2666 1592 2760 1644 καὶ
2818 1589 3019 1661 ήκουεν
3067 1585 3228 1657 ἡδονῇ
3260 1582 3449 1655 πολλῇ·
3481 1582 3578 1637 καὶ
3635 1580 3739 1654 γὰρ

2150 1689 2302 1742 οὐδὲν
2357 1684 2531 1750 οὕτως
2579 1684 2765 1756 ἡδύνει
2815 1678 2995 1753 ψυχὴν
3050 1677 3223 1751 ἔχθρα
3255 1678 3403 1747 κακῇ
3448 1676 3546 1730 καὶ⁵
3594 1674 3738 1746 μίσει

2151 1778 2727 1852 προκατειλημμένην,
2762 1774 2837 1837 ὡς
2877 1774 2911 1841 ἡ
2959 1771 3104 1824 κατὰ
3145 1768 3240 1823 τοῦ
3280 1769 3610 1840 μισουμένου
3646 1767 3738 1821 λα-

2149 1869 2258 1925 λιά.
2303 1869 2415 1923 Ἀεὶ
2445 1864 2539 1922 οὖν
2579 1867 2642 1919 ὲκ
2680 1865 2792 1919 τῶν
2838 1862 2935 1916 τοῦ
2991 1860 3334 1932 πατριάρχου
3373 1857 3616 1930 συνήθων
3644 1858 3732 1913 καὶ

2150 1960 2428 2033 ὑπηκόων,
2459 1960 2617 2020 ὅσους
2641 1956 2896 2027 ἠδύνατο,
2934 1952 3133 2024 δώροις
3168 1951 3263 2004 καὶ
3295 1948 3562 2020 ἀξιώμασι
3610 1948 3728 2002 κλέ-

2150 2071 2301 2107 πτων
2348 2053 2442 2105 καὶ
2487 2048 2952 2119 ὑποποιούμενος,
2989 2045 3057 2098 δι’
3092 2043 3273 2097 αὐτῶν
3316 2040 3602 2113 ἐξιχνίαζε,
3637 2040 3728 2094 καὶ

2157 2147 2250 2199 ἐπὶ
2284 2145 2384 2217 τὴν
2420 2143 2516 2197 τοῦ
2571 2141 2782 2195 δικαίου
2860 2139 3090 2209 ἐθήρευε
3145 2135 3345 2207 ψυχήν.
3399 2132 3615 2188 Τούτων
3659 2128 3733 2196 εἷς

2149 2240 2245 2293 καὶ
2288 2236 2549 2304 Ἰγνάτιος
2593 2230 2662 2306 ἦν
2712 2234 2922 2294 ἐκεῖνος
2964 2233 2993 2285 ὁ
3040 2228 3137 2283 τοῦ
3168 2230 3330 2299 ἁγίου
3377 2225 3650 2297 μαθητὴς,
3683 2222 3740 2288 δς

2148 2331 2291 2386 κατὰ
2321 2328 2512 2399 Δημᾶν
2541 2329 2749 2380 ἐκεῖνον
2800 2324 2892 2378 τὸν
2937 2322 3127 2388 πάλαι,
3175 2322 3268 2376 τὸν
3314 2319 3411 2374 νῦν
3441 2316 3743 2396 ἠγαπηκὼς

2148 2424 2341 2485 αἰῶνα,
2375 2421 2565 2490 Φωτίῳ
2600 2417 2960 2489 προσφεύγειο
3001 2415 3095 2469 καὶ
3116 2414 3302 2487 ἄρχων
3336 2412 3435 2483 μὲν
3463 2413 3606 2474 τέως
3635 2408 3743 2463 τῶν

2158 2513 2541 2588 μοναστηρίων
2571 2512 2680 2565 τῶν
2721 2510 2865 2565 κατὰ
2898 2509 2996 2581 τὴν
3027 2507 3393 2580 Προποντίδα,
3429 2504 3625 2558 ἔπειτα
3653 2504 3744 2557 καὶ

2153 2605 2562 2678 μητροπολίτης
2609 2603 2701 2655 ὑπ’
2732 2601 2897 2656 αὑτοῦ
2941 2604 3040 2672 τῆς
3074 2598 3432 2671 Ὶεραπόλεως
3478 2595 3744 2661 καθίστα-

2147 2718 2258 2755 ται.
2292 2692 2460 2761 υῦτος
2485 2698 2585 2767 τῆς
2614 2693 2784 2765 τιμῆς
2817 2693 2979 2747 αὐτὸν
3018 2691 3403 2762 ἀμειϐόμενος,
3426 2683 3498 2741 Ὦ
3542 2687 3738 2741 δέσποο

2148 2813 2241 2860 τα,
2273 2792 2403 2864 ἔφη,
2437 2787 2727 2860 θαυμάζω,
2755 2788 2874 2852 πῶς
2902 2784 3227 2858 τηλικοῦτόν
3253 2801 3313 2837 σε
3335 2782 3432 2836 τοῦ
3473 2779 3738 2851 Ἰγνατίου

2150 2885 2398 2940 διέλαθεν
2458 2884 2719 2955 ἀτὸπημα
2749 2921 2765 2949 ,
2821 2881 2917 2935 καὶ
2965 2878 3295 2951 ἀδιόρθωτον
3347 2873 3741 2948 παρημελήθη·

2154 2977 2322 3049 μέσον
2360 2976 2472 3046 γὰρ
2517 2976 2780 3038 πλατείας
2830 2974 2930 3045 τῆς
2971 2973 3138 3043 νήσου
3183 2969 3311 3034 ναδς
3339 2970 3454 3032 τοῖς
3481 2964 3747 3036 τεσσαρά·

2156 3086 2323 3122 κοντα
2350 3067 2589 3139 μάρτυσι
2621 3064 2917 3135 ἐνίδρυται,
2945 3061 3110 3116 αὑτοῦ
3135 3061 3191 3115 δὲ
3229 3060 3466 3130 ἐχόμενα
3491 3058 3592 3128 τῆς
3619 3056 3749 3109 Θεοο

455 3152 942 3222 rlept‘tpularcntttr,
974 3160 1312 3221 everterunt,
1345 3169 1507 3224 quam
1541 3152 1868 3208 instauravit
1895 3152 2047 3223 lgna-

2162 3164 2397 3232 μήτορος
2428 3160 2739 3230 εὐκτήριον.
2770 3156 2974 3211 Τούτου
3011 3156 3110 3226 τὴν
3143 3152 3427 3226 τράπεζαν
3467 3149 3664 3222 πρώην
3695 3148 3747 3201 oi

457 3244 567 3301 tius
605 3254 660 3300 et
703 3246 967 3315 reposuit.
1009 3246 1150 3313 Quid
1184 3246 1276 3300 hic
1306 3244 1574 3301 Pbotius?
1606 3261 1672 3299 an
1705 3245 1924 3314 culpam
1960 3252 2055 3296 aut

453 3349 679 3404 parvam
707 3338 1023 3391 autnullam
1051 3345 1203 3393 ratus
1220 3337 1601 3392 subticuit?an
1625 3336 1739 3391 leve
1768 3334 2051 3389 turbarum

456 3427 769 3481 incendium
800 3427 945 3483 hanc
976 3428 1047 3483 ob
1093 3442 1319 3483 causam
1360 3427 1656 3482 excitavit?
1698 3425 2051 3495 Nequaquam

455 3532 625 3584 vero;
671 3518 762 3572 sed
795 3533 909 3572 rem
944 3519 1087 3589 apud
1121 3520 1531 3589 imperatorem,
1561 3518 1711 3571 velut
1736 3516 1974 3570 immane
2001 3522 2056 3568 et

459 3608 793 3678 inexpiabile
848 3608 1092 3676 facinus,
1130 3611 1495 3681 exaggerabat
1545 3627 1560 3664 :
1592 3618 1758 3680 atque
1796 3602 2054 3667 consilio

458 3715 585 3753 eum
616 3699 851 3756 factione
881 3717 980 3757 sua
1007 3697 1438 3767 communicato,
1470 3701 1914 3772 Amphilochium
1944 3702 2051 3771 Cy-

459 3793 585 3859 zici,
616 3801 671 3848 et
699 3792 1047 3850 Theodorum
1082 3794 1392 3859 Patrarum,
1418 3793 1883 3864 archiepiscopos,
1915 3795 2049 3865 quin

454 3898 509 3940 et
539 3884 924 3941 Pantaleoncm
956 3895 1263 3942 senatorem
1304 3895 1667 3958 cognomento
1697 3885 1960 3940 Bothrnm
1998 3885 2051 3939 in

456 3978 691 4033 insulam
734 3977 980 4049 ablegat,
1024 3979 1118 4048 qui
1167 3977 1451 4049 sacrilegis
1494 3977 1751 4036 manibus
1800 3984 2050 4032 sanctam

455 4069 605 4124 illam
639 4070 847 4124 arulam
872 4068 1522 4150 disturbent.‘Mandarat
1547 4069 1773 4140 insuper
1798 4068 2049 4135 Photius,

454 4171 517 4217 ut
536 4178 632 4219 ara
664 4163 731 4218 ad
756 4163 890 4219 litus
920 4162 1085 4218 maris
1112 4163 1397 4233 deportata
1416 4162 1515 4235 (6),
1535 4162 1865 4234 quadragies
1902 4160 2051 4217 unda

456 4256 794 4326 tingeretur,
824 4263 988 4326 atque
1018 4257 1092 4310 ita
1130 4256 1351 4310 demum
1393 4255 1616 4311 reducta
1666 4262 2048 4326 reponeretur.

455 4347 598 4412 Quid
628 4356 700 4410 te,
733 4348 808 4401 mi
837 4348 1003 4401 homo
1027 4387 1042 4411 ,
1087 4362 1197 4402 non
1256 4346 1590 4403 demiremur
1641 4346 1807 4418 (nam
1834 4360 2050 4403 summa

457 4452 547 4495 me
595 4438 973 4508 perversitatis
1018 4448 1125 4494 tuae
1173 4439 1493 4510 indignitas,
1513 4440 1767 4509 quamvis
1811 4439 2047 4495 invitum

2172 3252 2309 3317 Ῥὼς
2354 3252 2454 3322 τὴν
2503 3252 2666 3322 νῆσον
2712 3246 3043 3321 πορθοῦντες
3072 3244 3374 3300 κατέϐαλον
3418 3245 3502 3306 είς
3556 3242 3686 3312 γῆν,
3722 3242 3750 3294 ὀ

2168 3343 2428 3413 Ἰγνάτιος
2453 3343 2509 3397 δὲ
2542 3343 2750 3411 ταύτην
2794 3338 2952 3405 αὖθις
2991 3337 3328 3410 ἀνεθρόνισε.
3363 3334 3430 3390 Τί
3473 3329 3566 3388 οὖν
3606 3334 3751 3386 ἐκεῖ·

2156 3451 2280 3500 νος;
2325 3423 2665 3505 ἆρα”μικρὸν
2694 3430 2872 3497 τοῦτο,
2908 3431 2942 3501 ἢ
2972 3430 3125 3483 οὐδὲν
3155 3428 3355 3482 ἄτοπον
3400 3426 3752 3499 ἡγησάμενος

2157 3519 2617 3594 παρεσιώπησεν,
2661 3520 2695 3591 ἢ
2734 3520 2939 3591 μικρὰν
2975 3521 3116 3589 ὑπὲρ
3139 3518 3333 3572 τούτου
3377 3516 3625 3589 ταραχήν
3654 3516 3751 3569 ἀν-

2156 3612 2333 3683 ἦψεν;
2367 3610 2667 3681 Ούμενουνο
2706 3611 2842 3665 ἀλλὰ
2898 3612 3134 3675 καὶτοῖς
3184 3607 3486 3680 κρατοῦσιν
3529 3608 3605 3670 ώς
3657 3606 3754 3677 μὲ-

2158 3721 2230 3773 γα
2276 3721 2332 3756 τι
2382 3704 2478 3757 καὶ
2524 3703 2699 3759 δεινὸν
2729 3700 2842 3758 οἷον
2894 3703 3136 3761 ἀνέθετο.
3166 3701 3275 3756 Καὶ
3320 3704 3387 3772 τῇ
3437 3701 3560 3754 κατ’
3583 3699 3753 3753 αὐτὸν

2157 3796 2425 3869 ἐκκλησίᾳ
2483 3798 2890 3867 κοινωσάμενος
2920 3837 2934 3862 ,
2982 3792 3335 3867 Ἀμφιλόχιόν
3371 3810 3431 3847 τε
3477 3791 3752 3858 Κυζίκου,

2156 3892 2249 3945 καὶ
2277 3890 2558 3963 Θεόδωρον
2588 3890 2698 3945 τῶν
2728 3890 2983 3963 Πατρῶν,
3021 3886 3451 3961 μητροπολίτας,
3481 3885 3543 3940 οὒ
3582 3885 3752 3956 μόνον

2152 3985 2232 4051 δὲ,
2259 3983 2395 4038 ἀλλὰ
2429 3984 2523 4037 καὶ
2556 3981 2934 4038 Πανταλέοντα
2986 3979 3351 4051 συγκλητικὸν
3397 3977 3490 4033 τον
3542 3978 3751 4031 ἐπικα-

2152 4076 2419 4146 λούμενον
2475 4074 2719 4146 Βόθρον,
2769 4074 2849 4138 είς
2903 4072 3003 4144 τὴν
3062 4072 3367 4143 είρημένην
3415 4069 3754 4132 ἀποστείλας

2154 4168 2342 4240 νῆσον,
2373 4166 2620 4238 βεϐήλων
2645 4165 2804 4237 χερσὶ
2830 4166 2889 4219 τὸ
2913 4164 3060 4236 ἱερὸν
3086 4164 3263 4218 ἐκεῖνο
3286 4160 3583 4232 τραπέζιον
3608 4158 3752 4213 καθ-

2153 4260 2316 4316 εἶλεν.
2356 4258 2692 4312 Ἐνετείλατο
2736 4257 2795 4312 δὲ
2836 4256 2972 4328 πρὸς
3009 4254 3089 4326 τῷ
3122 4254 3359 4326 αἰγιαλῷ
3389 4256 3492 4324 τῇς
3542 4251 3753 4306 θαλάσ-

2155 4370 2257 4424 σης
2281 4352 2624 4420 καταγαγεῖν
2673 4350 2775 4421 (6),
2801 4350 2898 4403 καὶ
2924 4348 3337 4419 τεσσαράκοντα
3366 4344 3594 4407 πλύσεις
3625 4343 3756 4397 δοῦ-

2152 4463 2264 4512 ναι,
2314 4445 2411 4500 καὶ
2451 4444 2629 4508 οὕτως
2675 4443 2977 4512 ἀναγαγεῖν
3025 4441 3118 4496 καὶ
3161 4438 3513 4511 καθιδρῦσαι.
3544 4437 3613 4491 Τί
3652 4453 3752 4512 σου

459 4540 511 4585 et
542 4530 802 4597 alienum,
822 4530 968 4601 cogit
995 4540 1047 4585 te
1074 4531 1343 4586 conviciis
1358 4530 1730 4602 proscindere)
1750 4531 1775 4584 ?
1795 4530 1905 4587 imo
1920 4546 2047 4589 vero

2159 4510 2569 4608 θαυμάσαιμεν,
2593 4510 2849 4607 ἄνθρωπε
2873 4510 3133 4606 (προάγει
3157 4533 3264 4604 γάρ
3290 4510 3357 4603 με
3382 4510 3756 4602 λοιδορεῖσθαί

454 4622 585 4692 quid
604 4622 861 4691 primum,
887 4623 1017 4693 quid
1046 4632 1384 4694 postremum
1412 4623 1835 4678 subsannentus‘?
1856 4622 2046 4679 animi-

455 4732 526 4772 ne
556 4716 638 4770 tui
691 4726 969 4789 stuporem
992 4759 1008 4784 ,
1036 4734 1105 4773 an
1140 4720 1341 4775 mentis
1373 4734 1644 4789 perversae
1677 4718 2048 4789 pravitatem?

454 4808 766 4865 invidentia:
791 4811 1242 4881 magnitudinem,
1267 4827 1333 4868 an
1359 4812 1602 4868 studium
1621 4812 1923 4868 ambitiosae
1946 4813 2048 4866 im-

453 4904 779 4973 probitatis?
834 4903 1084 4963 Haeccine
1122 4913 1174 4962 te
1213 4906 1373 4963 docet
1428 4906 1685 4962 diuturna
1740 4905 2044 4961 litterarum

457 4994 742 5050 meditatio
767 5006 819 5051 et
852 4997 1086 5067 vigilata:
1114 5004 1322 5066 nocte‘s,
1356 4998 1721 5069 codicumque
1753 5013 1921 5068 prope
1960 4998 2045 5053 in-

457 5086 884 5142 numerabilium
925 5088 1123 5160 copia?
1155 5089 1450 5161 legentium
1499 5089 1625 5144 item
1670 5099 1727 5144 et
1761 5088 2046 5161 disputan-

459 5177 596 5231 tium
650 5176 997 5245 vicissitudo,
1029 5195 1238 5251 proque
1266 5181 1594 5236 eruditionis
1615 5180 1776 5236 laude
1817 5182 2042 5237 assidua

456 5272 833 5327 concertatio?
866 5272 1078 5329 Istosue
1116 5273 1211 5327 tibi
1245 5272 1457 5330 fructus
1493 5274 1790 5331 ex.litteris
1826 5275 2045 5344 capien-

454 5360 557 5417 dos
579 5364 780 5419 veteris
811 5379 1075 5434 novasque
1101 5364 1238 5435 legis
1267 5365 1484 5428 tabulae,
1517 5366 1823 5435 sapientum
1852 5364 2041 5436 profa-

455 5469 650 5510 norum
681 5457 849 5525 dicta,
879 5465 1309 5527 sanctorumque
1341 5457 1563 5513 Patrum
1598 5459 1814 5515 decreta
1839 5474 2040 5530 propo-

457 5557 614 5613 nunt,
647 5551 725 5604 uti
741 5551 1089 5620 persequaris
1106 5551 1380 5605 hominem
1400 5552 1620 5622 inopem
1636 5563 1690 5607 et
1706 5553 2039 5619 mendicum,

460 5644 514 5690 ct
538 5641 731 5709 spiritu
758 5651 812 5698 et
840 5643 1007 5698 corde
1034 5651 1427 5714 compunctum
1459 5659 1676 5715 qumras
1700 5646 1765 5700 ad
1796 5659 2043 5701 mactan-

2157 4649 2240 4685 σοι
2271 4630 2346 4701 μὴ
2388 4628 2715 4700 βουλόμενον
2739 4627 2773 4697 ή
2812 4626 2914 4696 τῆς
2940 4625 3137 4687 κακίας
3165 4622 3499 4695 ὑπερϐολή);
3541 4622 3758 4691 μᾶλλον

2154 4723 2212 4776 δὲ
2246 4722 2299 4775 τί
2330 4738 2423 4775 σου
2462 4719 2700 4792 πρῶτον,
2734 4716 2768 4788 ἢ
2795 4717 2848 4771 τί
2889 4716 3119 4771 ὕστατον
3151 4714 3703 4787 ἐπιμυκτηρίσαιμεν
3734 4724 3753 4777 ;

2153 4814 2254 4886 τὴν
2305 4814 2648 4885 ματαιότητα
2675 4810 2785 4865 τῶν
2832 4809 3136 4880 λογισμῶν,
3170 4810 3203 4880 ἢ
3244 4808 3341 4880 τήν
3369 4808 3469 4879 τῆς
3500 4807 3758 4870 διανοίας

2153 4907 2528 4979 δυστροπίαν;
2577 4905 2677 4977 τὴν
2735 4905 2836 4975 τῆς
2888 4904 3259 4976 μνησικακίας
3310 4899 3651 4973 ὑπερϐολὴν,
3715 4898 3754 4969 ἦ

2152 5002 2252 5073 τῆς
2287 5002 2497 5065 ἀδικίας
2522 5000 2621 5071 τὴν
2647 4999 2991 5070 φιλοτιμίαν;
3025 4996 3266 5067 Ταῦταή
3298 4994 3487 5066 μακρὰ
3517 4994 3753 5064 μελέτη,

2154 5094 2250 5148 καὶ
2282 5092 2478 5157 νύκτες
2501 5092 2719 5157 ἄῦπνοι,
2745 5089 2843 5144 καὶ
2884 5092 2910 5144 ὁ
2948 5088 3352 5160 δυσαρίθμητος
3377 5085 3486 5137 τῶν
3518 5082 3756 5154 βιϐλίων

2151 5185 2341 5256 ἐσμὸς,
2368 5186 2465 5239 καὶ
2498 5184 2608 5238 τῶν
2640 5182 2944 5253 ἀμοιϐαίων
2986 5177 3353 5248 ἀναγνωστῶν
3385 5177 3483 5230 καὶ¹
3513 5191 3755 5245 συνομι-

2151 5278 2354 5350 λητῶν,
2394 5278 2452 5331 αἱ
2480 5276 2724 5340 ποικίλαι
2753 5275 2883 5347 περὶ
2914 5273 3041 5337 τοὺς
3093 5272 3286 5340 λόγους
3312 5267 3616 5340 φιλοτιμίαι
3649 5267 3755 5320 καὶ

2149 5368 2583 5442 διαπαρατριϐαί
2612 5385 2628 5436 ;
2658 5365 2885 5421 τοιαῦτά
2909 5383 2968 5419 σε
3008 5364 3381 5435 καρποφορεῖν
3414 5361 3469 5414 αἱ
3503 5356 3752 5413 Παλαιαὶ

2152 5445 2419 5531 Διαθῆκαι
2446 5461 2538 5515 καὶ
2563 5458 2779 5526 Καιναί,
2811 5459 2866 5511 αί
2897 5457 3006 5511 τῶν
3041 5454 3241 5523 ἔξωθεν
3287 5453 3469 5523 σοφῶν
3497 5450 3752 5521 γνῶμαι,

2152 5556 2246 5608 καὶ
2279 5554 2389 5608 τῶν
2422 5554 2593 5622 ἁγίων
2638 5554 2688 5606 οἱ
2736 5551 2895 5622 νόμοι
2942 5551 3037 5604 καὶ¹
3085 5547 3235 5616 λόγοι
3277 5544 3746 5617 παροτρύνουσιν,

2151 5647 2291 5700 ὥστε
2328 5645 2690 5699 καταδιώκειν
2720 5642 3007 5715 ἄνθρωπον
3038 5640 3245 5713 πένητα
3286 5637 3382 5692 καὶ
3413 5635 3630 5707 πτωχὸν
3663 5634 3750 5703 τῷ

543 5818 621 5886 (ti)
640 5817 776 5873 Cod.
812 5820 843 5874 6
869 5820 1025 5891 legit,
1059 5823 1151 5876 καὶ
1179 5823 1346 5895 ἄλλην
1370 5824 1718 5893 καθιδρῦσαι,
1754 5824 2047 5894 deportata

2155 5827 2203 5880 ia
2249 5834 2605 5895 reponeretur.

1553 6065 1581 6082 ο
