4022 6390
292 407 385 471 5&3

1319 402 1498 463 VITA
1533 401 1597 465 S.
1636 400 1935 463 lGNATII
1963 401 2072 466 ΟΡ.
2105 402 2464 464 ΑΒΟΗῙΕΡ.

3415 401 3523 464 534

277 516 559 584 πνεύματι,
600 511 693 565 καί⁵
717 510 1195 580 κατανενυγμένον
1225 512 1294 581 τῇ
1345 510 1563 583 καρδίᾳ,
1613 511 1708 565 τοῦ
1729 510 1836 572 ,θα-ι
1870 564 1871 571 η

1981 514 2106 568 um?
2132 512 2250 569 Non
2282 512 2501 570 satiavit
2547 511 2934 582 itnplicahilem
2973 511 3141 566 animi
3184 511 3262 567 tui
3295 510 3539 570 furorem

280 607 547 671 νατῶσαις
580 603 697 656 Uine
733 602 936 673 ἤρκεσέ
968 618 1063 654 σου
1109 601 1202 655 τὸν
1249 603 1490 673 ἄμετρον
1532 602 1848 674 ἀποπλῆσαι

286 698 439 771 θυμὸν
463 697 497 766 ή
535 695 688 766 βιαία
719 694 815 748 τοῦ
838 693 1029 763 θρόνου
1060 693 1306 764 did/mni
1325 694 1691 765 ἀθεσμὸταται
1716 692 1852 747 καθ-

286 791 541 862 αιρέσεις,
592 787 647 839 αί
712 784 1050 840 ἀδικώταται
1102 784 1391 857 ὑπερορίαι
1441 784 1498 837 αἱ
1547 783 1689 837 κατά
1740 783 1852 838 τῶν

284 879 442 937 ποδῶν
458 876 697 940 ἀλύσεις,
725 877 780 928 αί
814 876 1006 947 μυρίαι
1042 878 1234 946 φυγαὶ,
1262 876 1361 929 καὶ
1395 874 1624 945 θλίψεις,
1648 875 1743 929 καὶ
1758 892 1851 928 συ-

281 968 579 1039 κοφαντίαι,
628 970 723 1021 καὶ
766 967 1033 1032 διαὸολαὶ,
1091 962 1179 1032 αἷς
1229 967 1391 1022 αὐτὸν
1435 966 1713 1045 βπλυνας;
1755 967 1853 1021 καὶ

276 1062 379 1131 γὰρ
410 1056 647 1120 έπλυνας
670 1056 890 1126 ἀληθῶς
914 1056 1191 1119 τοσοῦτον,
1220 1057 1343 1111 ὅσον
1375 1056 1690 1129 ἐρῤύπανας
1718 1074 1854 1111 σαυ-

274 1155 380 1206 τόν.
416 1151 531 1203 Οὐκ
578 1149 781 1220 ήρκεσε
836 1149 1010 1204 ταῦτα
1037 1189 1051 1212 ,
1081 1149 1217 1203 ἀλλά
1259 1150 1357 1203 καὶ
1398 1148 1480 1203 ἐτι
1521 1149 1688 1223 βιάζῃ
1721 1148 1852 1219 ῥοῦν

275 1242 518 1313 ποταμοῦ
561 1241 743 1313 μάτην
795 1241 1061 1295 ἀπολέσαι
1092 1240 1443 1310 φιλονεικῶν,
1481 1241 1576 1294 καὶ
1601 1241 1695 1294 τὸν
1751 1240 1858 1293 ὑπὸ

273 1336 364 1391 τοῦ
403 1335 540 1388 Θεοῦ
583 1335 968 1406 δικαιούμενον
1000 1335 1374 1406 κατακρίνειν,
1409 1337 1504 1389 καὶ
1545 1336 1859 1391 ἀδικώτατα

272 1425 657 1489 καταδικάζειν
705 1426 1109 1497 ἐπιτιθέμενος,
1151 1429 1245 1480 καὶ
1290 1426 1466 1496 ταύτῃ
1496 1426 1588 1480 τὸν
1635 1426 1858 1497 ἔλεγχον

272 1518 378 1571 τῶν
446 1517 594 1571 ἰδίων
645 1518 1019 1588 ἀνομημάτων
1091 1517 1377 1587 διαδράναι
1427 1517 1549 1570 λίαν
1614 1518 1859 1588 ἀνοήτως

276 1609 678 1678 διανοούμενος,
713 1608 903 1681 ὥσπερ
940 1610 1042 1663 οὐκ
1076 1608 1393 1681 ἐφεστώσης
1428 1608 1564 1662 Θεοῦ
1603 1609 1861 1680 προνοίας

268 1700 383 1762 τοῖς
414 1700 781 1770 πράγμασιν,
829 1699 865 1770 ἢ
923 1702 1139 1771 καιροῖς
1186 1701 1337 1765 ίδίοις
1382 1701 1601 1773 ἑκάστῳ
1641 1702 1861 1765 πάντως

1952 604 2238 673 tyrannica
2268 605 2334 660 de
2366 603 2572 659 throno
2597 601 2830 672 dejectio
2851 644 2867 668 ,
2894 600 3099 658 illicita:
3143 603 3537 674 depositiones,

1952 695 2309 765 iniquissima:
2323 695 2773 765 proscriptiones,
2793 694 3086 764 compedes
3106 702 3160 749 et
3176 696 3394 753 vincula
3415 738 3429 762 ,
3451 698 3536 752 in-

1955 784 2105 839 ﬁnita
2129 783 2346 848 exsilia,
2364 785 2675 850 calumniae,
2691 799 2974 848 aerumnae,
2990 786 3329 849 vexationes,
3343 788 3544 857 quibus

1955 874 2108 930 illum
2139 876 2402 932 abluisti?
2423 891 2610 931 revera
2631 877 2775 933 enim
2808 884 3090 945 tantopere
3114 876 3265 931 illum
3285 879 3504 935 abluisti
3527 921 3542 944 ,

1955 977 2292 1039 quantopere
2308 969 2540 1039 teipsum
2556 968 2993 1039 inquinasti.Nec
3016 969 3104 1025 his
3125 980 3438 1037 contentus,
3458 973 3545 1027 in-

1957 1071 2120 1126 super
2150 1056 2356 1111 fontem
2378 1057 2559 1127 ipsum
2600 1057 2845 1113 ﬂuminis
2884 1057 3203 1113 altercando
3224 1059 3414 1116 studes
3452 1075 3549 1114 ex-

1958 1147 2199 1213 haurire,
2217 1156 2272 1203 et
2290 1148 2359 1203 ah
2404 1148 2525 1218 ipso
2550 1149 2861 1205 absolutum
2890 1148 3126 1205 Numine
3154 1151 3545 1218 condemnare,

1959 1239 2244 1310 modisque
2275 1241 2673 1311 indignissimis
2707 1242 3143 1298 circumventum
3176 1243 3343 1298 veluti
3392 1259 3545 1298 reum

1962 1330 2254 1387 uoxiumve
2286 1333 2549 1403 perdere?
2576 1342 2635 1389 ut
2668 1334 2774 1391 hoc
2803 1334 3138 1390 stultissimo
3163 1335 3406 1391 consilio
3430 1349 3551 1390 sce-

1959 1421 2133 1477 lerum
2168 1432 2387 1479 tuorum
2432 1425 2698 1496 judicium
2751 1426 2930 1496 possis
2985 1425 3296 1493 declinare,
3327 1425 3552 1497 perinde

1961 1517 2118 1580 quasi
2145 1518 2313 1572 rebus
2338 1517 2599 1572 humanis
2631 1518 2815 1574 nullus
2836 1519 3124 1588 praesideat
3144 1518 3309 1582 Deus,
3334 1526 3429 1573 aut
3459 1518 3554 1573 ille

1962 1625 2066 1667 suo
2092 1618 2339 1679 tempore
2362 1623 2471 1663 non
2500 1609 2571 1664 sit
2595 1610 2890 1681 unicuique
2908 1611 3223 1667 redditurus
3246 1612 3550 1668 secundum

1962 1719 2128 1774 opera
2157 1719 2281 1773 sua.
2309 1704 2423 1773 Ego
2453 1717 2582 1757 vero
2605 1703 2840 1758 arbitror
2873 1714 2923 1759 te
2948 1719 3169 1774 quoque
3207 1705 3264 1760 in
3299 1704 3389 1759 die
3416 1704 3555 1760 visi-

268 1792 367 1862 τὴν
403 1791 543 1845 ίδέαν
564 1790 837 1845 ἀποδώσει
866 1790 1066 1863 πρᾶξιν
1093 1809 1108 1860 ;
1151 1790 1294 1862 Ἐγὼ
1319 1791 1625 1863 λογίζομαι,
1653 1793 1737 1847 ὅτι
1768 1793 1861 1846 καὶ⁵

1974 1796 2192 1850 Lationis
2242 1804 2349 1850 tuae
2384 1809 2414 1849 a
2464 1794 2576 1851 Deo
2625 1796 2839 1850 dicente
2886 1797 3203 1851 auditurum
3242 1795 3463 1862 :Quare
3496 1806 3554 1849 tu

271 1859 432 1945 αύτδς
456 1883 514 1935 ἐν
539 1882 724 1957 ἡμέρᾳ
753 1859 1062 1954 ἐπισκοπῆς
1091 1859 1233 1956 πρὸς*
1254 1882 1348 1938 τοῦ
1376 1859 1628 1954 λέγοντος
1652 1884 1862 1957 ἀκούσῃ

1974 1901 2184 1940 euarras
2200 1884 2449 1955 justitias
2474 1900 2638 1947 meas,
2656 1892 2705 1938 et
2732 1886 2960 1939 assumis
2989 1892 3357 1938 testamentum
3384 1900 3557 1938 meum

270 1973 406 2026 Θεοῦ
436 1990 453 2004 °
485 1974 620 2029 Ἵνα
650 1976 710 2028 τι
763 1974 846 2029 σὺ
889 1973 1138 2046 ἐκδιηγῇ
1191 1976 1264 2030 τὰ
1302 1975 1667 2046 δικαιώματά
1716 1994 1861 2046 μου,

271 2061 369 2115 καί
403 2061 854 2132 ἀναλαμϐάνῃς
908 2062 1025 2131 τὴν
1078 2062 1374 2133 διαθήκην
1410 2082 1531 2134 μου
1581 2065 1679 2121 διὰ
1725 2065 1865 2121 στό-

266 2151 458 2221 ματός
480 2165 601 2206 σου
619 2168 641 2217 ;
664 2151 758 2205 καὶ
791 2151 892 2204 ὅσα
924 2151 1025 2222 τῆς
1063 2152 1368 2223 ίερολογίας
1419 2151 1569 2221 ἑξῆς.
1600 2154 1867 2223 Κρεϊττον

270 2242 380 2313 γάρ
436 2236 595 2313 οἶμαι
648 2241 806 2313 ἀνδρὶ
856 2242 1225 2314 ἀναλφαΰήτῳ
1278 2242 1457 2315 πάντη
1523 2244 1618 2297 καὶ
1659 2241 1868 2315 ἀμαθεῖ

274 2333 413 2404 μετά
455 2333 820 2405 συνειδήσεως
875 2334 1092 2405 ἀγαθῆς
1141 2333 1529 2406 ἀνεπιλήπτως
1586 2332 1771 2405 βιοῦν,
1828 2334 1863 2406 ἧ

271 2427 486 2491 πάντας
521 2426 700 2492 θείους
748 2427 844 2481 καὶ
890 2426 1266 2500 ἀνθρωπίνους
1295 2427 1490 2496 λόγους
1530 2427 1724 2498 σοφίας
1770 2428 1867 2481 ἀν-

269 2518 539 2574 ελίττοντι
565 2519 654 2574 διά
679 2517 952 2588 γλώσσης,
978 2520 1071 2573 καὶ
1098 2521 1328 2592 μακροῖς
1355 2519 1532 2589 λόγων
1553 2520 1867 2590 συντάγμα-

272 2630 359 2665 σιν
404 2610 813 2683 ἐπαινουμένῳ,
870 2611 1100 2682 φονικὴν
1148 2611 1533 2684 ἀναρριπίζειν
1572 2609 1716 2665 κατὰ
1769 2609 1865 2663 τοῦ

270 2702 508 2773 πλησίον
554 2702 775 2774 βουλήν.
811 2702 938 2767 Πῶς
988 2703 1111 2757 οὐδὲ
1145 2701 1242 2757 τοῦ
1298 2703 1536 2775 μεγάλου
1580 2700 1868 2756 Βασιλείου

270 2793 380 2847 τῶν
410 2793 591 2862 λόγων
633 2794 953 2849 κατακούων
998 2795 1077 2866 (7)
1108 2794 1453 2868 ηὐλαϐήθης,
1502 2797 1561 2849 ἐν
1605 2793 1868 2865 ἐκπλήξει

273 2884 404 2954 περί
435 2900 587 2950 τινος
622 2885 889 2951 εἰπόντος,
922 2885 1007 2939 ὅτι
1038 2885 1303 2940 πλειόνων
1330 2885 1698 2956 ἀκμασάντων
1725 2887 1873 2957 αίρε-

273 2971 525 3044 σιαρχῶν
569 2972 713 3025 κατά
760 2972 863 3043 τὴν
902 2974 1235 3044 οἰκουμένην
1264 2974 1506 3040 ἃπασαν,
1538 2974 1715 3038 οὐδεὶς
1740 2974 1872 3028 ἀνα-

273 3065 649 3135 θρονιασμοὺς
678 3064 898 3117 τελέσαι
943 3064 1276 3137 ἐθάρρησεν,
1308 3067 1357 3119 εί
1404 3063 1482 3138 μὴ
1523 3067 1551 3119 ὁ
1607 3066 1872 3137 Ἀγκυρο-

272 3156 524 3224 γαλάτης
559 3155 879 3223 Εὖστάθιος,
912 3149 1122 3221 οὗτινος
1179 3158 1280 3227 τὴν
1333 3157 1686 3229 μυσαρότητα
1714 3159 1749 3229 ή
1810 3160 1869 3212 ἐν

1967 1992 2061 2046 per
2095 1992 2151 2031 os
2178 1984 2326 2030 tuum
2356 1976 2418 2029 7?
2446 1984 2501 2030 et
2532 1991 2654 2045 quae
2681 1973 2941 2044 deinceps
2971 1973 3024 2028 in
3055 1989 3212 2029 sacra
3239 1973 3434 2045 pagina
3471 1989 3559 2028 se-

1967 2073 2234 2138 quuntur.
2268 2063 2532 2135 Equidem
2558 2064 2758 2120 melius
2779 2072 2964 2120 actum
2996 2062 3064 2118 iri
3081 2077 3278 2119 censeo
3301 2077 3425 2117 eum
3454 2062 3559 2115 ho-

1968 2157 2117 2211 mine
2145 2155 2559 2226 imperitissimo
2586 2196 2603 2222 ,
2637 2155 2931 2225 omnisque
2953 2155 3272 2210 litteratura:
3307 2162 3363 2208 et
3393 2152 3561 2207 disci-

1968 2248 2131 2319 plinae
2161 2258 2405 2318 experte,
2441 2248 2487 2303 si
2521 2262 2648 2302 cum
2682 2262 2819 2318 pura
2850 2247 3189 2304 conscientia
3222 2245 3559 2316 ineulpatam

1967 2341 2135 2395 vitam
2161 2340 2344 2410 degat,
2375 2354 2541 2411 quam
2568 2354 2696 2395 cum
2721 2354 2809 2405 eo,
2834 2338 2928 2410 qui
2955 2339 3140 2395 omnia
3163 2338 3365 2393 divinae
3383 2346 3439 2392 et
3462 2337 3565 2392 hu-

1971 2448 2147 2488 manae
2172 2432 2456 2503 sapientiae
2476 2432 2702 2489 oracula
2743 2447 2840 2489 ore
2871 2433 3056 2488 volvat
3077 2433 3337 2503 jactetve,
3357 2432 3565 2503 longis-

1968 2538 2075 2594 que
2092 2523 2229 2594 logis
2248 2532 2301 2578 et
2319 2524 2567 2593 logorum
2601 2522 2974 2578 voluminibus
2992 2522 3268 2587 laudatus,
3288 2523 3552 2576 adversus

1970 2618 2201 2671 alterum
2234 2616 2508 2672 exitialem
2541 2615 2771 2671 nocendi
2806 2615 2987 2671 fovent
3012 2615 3373 2671 voluntatem.
3401 2613 3468 2668 Et
3486 2623 3568 2682 tu,

1971 2706 2157 2761 audita
2181 2705 2364 2776 magni
2394 2703 2582 2759 Basilii
2617 2704 2888 2759 sententia
2918 2703 3018 2775 (7),
3049 2702 3186 2758 nihil
3215 2702 3561 2770 reformidas,

1971 2813 2094 2852 cum
2120 2797 2186 2852 de
2209 2794 2466 2865 quopiam
2493 2793 2924 2850 admirabundus
2941 2793 3100 2860 dixit,
3133 2793 3344 2849 nullum
3366 2808 3433 2848 ex
3448 2806 3570 2847 om-

1972 2887 2135 2941 nibus
2171 2885 2341 2940 totius
2398 2883 2551 2938 orbis
2587 2883 3010 2948 haeresiarchis,
3045 2882 3142 2953 qui
3189 2881 3343 2939 fuere
3399 2897 3569 2951 quam

1972 2976 2159 3045 plures
2186 3013 2201 3039 ,
2226 2988 2422 3029 ausum
2453 2971 2626 3028 fuisse
2652 2986 2955 3037 resecrare,
2985 2979 3187 3041 prater
3215 2969 3569 3026 Eustathium

1973 3065 2451 3138 Ancyrogalatam,
2468 3063 2628 3135 cujus
2650 3062 2924 3119 nefarium
2951 3063 3131 3119 scelus
3152 3062 3394 3134 synodus
3418 3061 3568 3119 Gan-

1975 3157 2188 3222 grensis
2211 3151 2568 3223 exponit.Sed
2608 3152 2679 3207 oh
2709 3152 2824 3207 haec
2854 3151 3299 3221 sapientissimus
3332 3150 3351 3222 (
3382 3158 3570 3206 noster

277 3246 562 3317 Γάγγραις
610 3246 741 3315 ἁγία
774 3246 1076 3317 παρίστησι
1112 3246 1364 3312 σύνοδος;
1408 3247 1570 3301 Ἀλλὰ
1607 3246 1820 3311 τούτοις
1849 3250 1871 3300 ὀ

1981 3241 2246 3309 Photius)
2288 3255 2395 3294 non
2462 3238 2622 3294 modo
2674 3239 2826 3293 nullo
2866 3238 3073 3308 pudore
3124 3237 3565 3302 suﬂ‘undebatur,

280 3336 595 3408 σοφώτατος
635 3337 698 3391 οὐ
749 3337 927 3408 μόνον.
957 3338 1059 3391 οὐκ
1090 3338 1513 3403 ἐνεκαλύπτετο,
1556 3338 1696 3392 ἀλλά
1751 3339 1879 3391 τού-

278 3430 499 3484 ναντίον
534 3432 631 3483 καὶ
660 3430 1128 3501 ἐνελαμπρύνετο,
1176 3430 1335 3494 δόξαν
1392 3430 1594 3501 μᾶλλον
1624 3432 1693 3486 τὰ
1741 3430 1881 3502 ἔργα

271 3520 376 3591 τῆς
407 3520 676 3591 αἰσχύνης
736 3521 832 3575 καὶ
884 3521 1021 3575 ίδίαν
1047 3520 1213 3592 τιμήν
1244 3522 1571 3593 ἡγούμενος,
1613 3522 1729 3591 εῐγε
1760 3540 1882 3576 και-

274 3608 536 3684 νοπρεπῆ
581 3613 676 3667 καὶ
726 3613 829 3684 τῆς
890 3613 1356 3685 ἐκκλησιαστικῆς
1387 3614 1741 3686 παραδόσεως
1784 3614 1882 3669 ἀλ-

275 3702 475 3773 λότρια
508 3703 845 3773 τεχνάζοιτο.
896 3703 1039 3756 Ἀλλ’
1067 3706 1094 3757 ό
1131 3704 1229 3775 μὲν
1254 3703 1452 3768 οὕτως.

359 3792 442 3846 Οὐ
477 3792 839 3863 κατασιγήσω
866 3792 923 3845 δὲ
956 3791 1069 3862 ἐγὼ
1088 3793 1180 3847 τὸν
1206 3795 1299 3847 τοῦ
1319 3795 1597 3868 Καίσαρος
1626 3796 1836 3868 ὄνειρον
1865 3814 1878 3829 ⁸

271 3882 401 3936 οὐδὲ
462 3882 700 3937 δίκαιον.
737 3884 800 3936 Εί
848 3883 957 3957 γάρ
1009 3885 1105 3938 καὶ
1153 3887 1204 3939 oi
1248 3887 1435 3940 πολλοὶ
1483 3887 1582 3959 μὲν
1614 3889 1794 3944 αὐτῶν
1818 3891 1883 3943 ἐκ

274 3976 391 4028 τῶν
467 3975 858 4047 μεθημερινῶν
941 3978 1243 4050 φροντίδων
1313 3979 1409 4033 καὶ
1477 3981 1885 4052 ἐνθυμημάτων

273 4066 478 4137 ἔχουσι
508 4066 609 4131 τὰς
639 4067 834 4139 ἀρχάς,
873 4068 1062 4123 πολλοὶ
1086 4069 1145 4122 δέ
1180 4070 1275 4124 καὶ⁵
1313 4070 1419 4124 ὑπὸ
1442 4071 1715 4142 δαιμόνων
1747 4073 1883 4127 καθ-

273 4159 539 4213 εύδουσιν
612 4159 1021 4214 ὑποτυποῦνται
1049 4174 1066 4190 ⁸
1119 4161 1257 4216 ἀλλά
1320 4163 1415 4216 καὶ
1469 4163 1576 4218 ὑπὸ
1632 4164 1883 4233 ἀγγέλων

271 4248 420 4302 Θεοῦ
460 4247 615 4303 ἔστιν
640 4250 729 4305 ὅτε
771 4251 1156 4322 προστάγματι
1196 4251 1627 4324 σχηματίζονται
1663 4252 1882 4327 [Θεοῦ],

272 4341 375 4395 καὶ
400 4342 505 4393 ἐπὶ
544 4343 662 4418 τοῖς
691 4341 1012 4414 ἀρχουσνδέ
1045 4344 1282 4413 μάλιστα
1333 4344 1429 4398 καὶ
1469 4344 1805 4416 βασιλεῦσιν,
1834 4347 1883 4400 εί

272 4434 373 4486 καὶ
395 4433 480 4505 μὴ
502 4433 750 4499 εὐσεϐεῖς
773 4430 902 4489 εἷεν.
940 4435 1082 4489 Ἀλλ’
1104 4432 1199 4489 οῦν
1220 4436 1281 4489 τὸ
1304 4435 1524 4506 πνεῦμα
1551 4439 1652 4511 τῆς
1674 4454 1887 4509 προφη-

268 4526 457 4592 τείας,
500 4525 612 4580 εἴτε
670 4529 805 4599 πρὸς
850 4528 914 4581 τὸ
959 4529 1142 4593 αὐτοῖς
1183 4529 1415 4593 ἐκείνοις
1460 4529 1571 4582 εἴτε
1622 4532 1737 4594 τοῖς
1783 4529 1887 4583 ὐπ-

269 4618 475 4687 ηκόοις
509 4618 850 4686 λυσιτελοῦν,
879 4620 1138 4681 πολλάκις
1170 4622 1416 4692 ἐνεργεῖν
1453 4615 1596 4675 οἶδεν
1620 4637 1635 4650 ’
1668 4621 1745 4685 ὡς
1787 4622 1884 4676 ἐπὶ

269 4704 372 4759 τοῦ
403 4706 617 4776 Φαραὼ
662 4706 759 4760 καὶ
798 4706 896 4760 τοῦ
940 4708 1417 4780 Ναϐουχοδονόσορ
1452 4709 1881 4781 μεμαθήκαμεν.

271 4796 445 4849 Οῦτω
476 4797 573 4850 καὶ
608 4796 823 4868 Βάρδας
872 4800 899 4851 ό
944 4799 1165 4869 Καῖσαρ
1216 4791 1372 4863 οὗτος
1400 4799 1654 4854 Φιλόθεον
1677 4802 1884 4854 ἐκεῖνον

267 4889 532 4956 γενικῶν
567 4907 697 4943 ποτε
720 4890 1036 4961 λογοθέτην,
1066 4891 1332 4962 καὶφίλον
1364 4892 1512 4963 αὐτῷ
1542 4894 1732 4947 πιστὸν
1753 4893 1885 4948 ὄντα

270 4982 841 5053 προσκαλεσάμενος,
902 4981 1023 5036 λίαν
1089 4983 1251 5054 ἐῴκει
1293 4983 1755 5056 τεθορυϐημένῳο
1786 4985 1883 5039 καὶ

265 5072 532 5144 ἄσθματι
563 5073 753 5144 πυκνῷ
781 5074 1162 5144 συνεχόμενος,
1194 5073 1259 5125 Ὦ
1288 5073 1528 5140 Φιλόθεε,
1547 5074 1671 5145 ἔφη,
1701 5074 1885 5145 ὅραμα

1978 3321 2071 3377 sed
2090 3319 2376 3391 magniﬁce
2397 3319 2561 3373 etiam
2582 3333 2640 3373 se
2663 3318 2991 3383 ostentabat,
3016 3326 3166 3373 ratus
3193 3334 3257 3372 ex
3287 3318 3497 3373 honore
3516 3320 3571 3373 id

1979 3430 2081 3469 suo
2102 3413 2476 3483 dignitateque
2506 3410 2646 3474 fore,
2678 3411 2722 3466 si
2754 3426 2864 3483 qua
2894 3426 3030 3466 nova
3060 3419 3116 3465 et
3140 3412 3208 3465 ab
3235 3410 3572 3467 ecclesiasti-

1979 3521 2041 3561 ca
2071 3504 2361 3574 disciplina
2406 3503 2584 3558 aliena
2622 3503 2984 3574 excogitaret.
3020 3502 3201 3573 Atque
3225 3502 3301 3557 ita
3347 3502 3571 3574 quidem

1981 3613 2040 3655 se
2063 3600 2289 3668 gerebat
2318 3596 2570 3652 Photius.
3169 3587 3183 3600 ’

2053 3772 2158 3829 Sed
2194 3788 2225 3828 a
2265 3787 2371 3837 me,
2426 3787 2524 3842 per
2569 3786 2826 3826 somnum
2862 3771 3052 3826 Bardze
3098 3758 3301 3827 Caesari
3348 3770 3562 3841 objecta

1983 3869 2197 3938 species
2231 3866 2435 3936 (neque
2463 3865 2608 3921 enim
2637 3864 2720 3920 fas
2739 3866 2866 3934 est),
2914 3864 3133 3919 silentio
3168 3863 3432 3934 praeteriri
3462 3879 3571 3916 non

1983 3961 2164 4016 debet.
2216 3957 2483 4026 Quamvis
2542 3957 2687 4012 enim
2745 3956 2918 4010 multa
2967 3971 2997 4009 a
3042 3955 3277 4026 negotiis
3308 3970 3402 4025 per
3429 3954 3572 4009 diem

1984 4052 2121 4108 actis
2150 4052 2233 4107 vel
2262 4050 2512 4121 cogitatis
2545 4064 2769 4104 causam
2795 4048 3042 4114 trahant,
3080 4061 3181 4101 nec
3208 4061 3383 4116 pauca
3413 4060 3442 4100 a
3465 4045 3574 4101 dar.-

1984 4144 2240 4200 monibus
2266 4158 2361 4212 per
2389 4142 2655 4213 imagines
2689 4140 3090 4211 subjiciantur;
3123 4148 3208 4193 est
3235 4149 3415 4193 tamen
3445 4154 3572 4194 cum

1984 4236 2150 4293 etiam
2178 4252 2209 4291 a
2241 4236 2400 4292 bonis
2425 4234 2634 4306 angelis
2659 4234 2819 4305 jussu
2869 4233 2960 4287 Dei
3010 4240 3402 4302 suggeruntur,
3431 4247 3575 4302 pra:-

1988 4328 2178 4385 sertim
2232 4327 2647 4397 magistratibus
2698 4335 2753 4381 et
2794 4325 3034 4396 regibus,
3082 4324 3335 4394 quamvis
3368 4323 3571 4392 impiis.

1987 4420 2124 4477 Nam
2150 4422 2378 4492 spiritus
2402 4419 2702 4490 prophetia:
2719 4420 2827 4474 vim
2871 4434 3052 4483 suam,
3080 4419 3195 4473 sive
3228 4415 3294 4470 ad
3327 4416 3571 4487 ipsorum

1988 4515 2322 4585 principum,
2388 4513 2506 4568 sive
2548 4512 2656 4567 illis
2712 4512 3089 4582 sulijectorum
3140 4510 3368 4565 salutem
3422 4512 3576 4567 novit

1919 4584 1962 4639 θ
1992 4584 2135 4679 smpe
2160 4584 2424 4662 exerere:
2454 4605 2508 4660 id
2554 4606 2701 4676 quod
2730 4602 3004 4659 Pharaoni
3039 4615 3094 4658 et
3139 4602 3577 4658 Nabuchodono-

1991 4700 2104 4756 sori
2131 4699 2399 4755 accidisse
2429 4697 2745 4752 didicimus.
2778 4697 2858 4752 Ita
2890 4696 3094 4751 Bardas
3126 4696 3311 4751 Caesar
3344 4693 3575 4750 familia-

1992 4809 2105 4848 rem
2134 4808 2297 4848 suum
2330 4800 2651 4861 certumque
2696 4790 2936 4845 amicum
2993 4787 3362 4853 Philotheum,
3395 4801 3575 4857 quon-

1990 4887 2115 4942 dam
2158 4884 2477 4955 genicorum
2537 4883 2895 4952 logothetam,
2930 4879 3440 4951 perturbatissimus
3479 4892 3575 4934 ac-

1989 4978 2247 5042 cersivit,
2282 4977 2623 5045 multumque
2647 4975 2945 5030 anhelans:
2976 4971 3044 5026 Mi
3080 4970 3351 5037 Philothe,
3377 4970 3573 5042 inquit,

1990 5071 2264 5125 somnium
2312 5067 2446 5131 vidi,
2501 5066 2647 5135 quod
2703 5065 2888 5120 omnia
2949 5079 3077 5119 ossa
3115 5078 3237 5118 mea
3295 5061 3574 5126 contrivit,

1991 5174 2295 5231 omnesque
2354 5158 2606 5229 corporis
2664 5164 2870 5213 nervos
2922 5155 3193 5212 dissolvit.
3252 5152 3366 5208 liae
3416 5164 3578 5208 nocte

267 5161 449 5231 εἶδον,
480 5166 576 5219 καὶ
610 5168 789 5221 πάντα
852 5184 955 5236 μου
1019 5165 1311 5238 συνέτριψε
1344 5166 1412 5221 τὰ
1442 5167 1596 5230 ὀστᾶ,
1626 5167 1722 5220 καὶ
1753 5165 1882 5229 τοὺς

264 5259 505 5329 ἀρμοὺς
526 5261 626 5331 τῆς
654 5259 857 5331 ὀσφύος
884 5278 984 5331 μου
1010 5259 1218 5314 ἔλυσεν.
1251 5262 1432 5331 ᾭμην
1452 5261 1562 5330 γὰρ
1593 5259 1879 5314 κατάταύ-

262 5362 382 5417 την
409 5349 521 5417 τὴν
544 5349 738 5414 νύκτα,
776 5351 849 5415 ὡς
873 5350 1033 5420 δῆθεν
1058 5349 1433 5422 προελεύσεως
1460 5348 1650 5420 οὔσης,
1679 5349 1759 5412 εἰς
1782 5349 1883 5420 τὴν

261 5440 554 5510 Μεγάλην
592 5442 921 5514 Ἐκκλησίαν
955 5444 1095 5514 μετὰ
1140 5441 1236 5496 τοῦ
1300 5441 1568 5514 βασιλέως
1614 5442 1847 5498 εἰσιέναι
1873 5460 1887 5477 ο

1994 5252 2141 5305 enim
2177 5250 2399 5305 videbar
2446 5258 2706 5319 tanquam
2739 5248 2792 5302 in
2826 5248 3046 5319 publica
3083 5260 3276 5317 pompa
3312 5259 3438 5299 cum
3470 5243 3574 5296 int-

1991 5356 2241 5415 peratore
2271 5342 2337 5396 ad
2365 5357 2616 5413 magnam
2650 5341 2933 5397 basilicam
2975 5338 3232 5410 prodire,
3282 5334 3576 5404 videreque

1991 5438 2446 5510 archangclorum
2474 5437 2677 5509 clligies
2741 5453 2838 5510 per
2886 5436 3155 5495 fenestras
3186 5445 3377 5490 omnes
3409 5445 3576 5501 supc-

344 5622 368 5653 ⁷
396 5619 554 5675 Psal.
587 5622 851 5688 “13,16.

345 5796 439 5869 (7)
475 5795 608 5857 Vide
638 5799 893 5860 Basilium
930 5805 1058 5876 150,
1088 5804 1157 5861 ad
1194 5804 1537 5861 Theodotum.
