4022 6396
430 416 535 480 535

1638 436 1928 500 NICET/E
1968 443 2416 508 ΡΑΡΗΙΑῦΟΝ
2426 450 2497 509 IS

3595 461 3709 524 536

425 529 603 586 riores
629 539 684 586 et
716 531 1004 591 inferiores
1035 537 1089 591 iu
1146 540 1410 610 templum
1460 548 1730 617 respicere
1767 569 1781 604 :
1810 562 2005 608 etcum

2115 560 2256 613 κατὰ
2280 560 2461 624 πάσας
2480 560 2537 616 δέ
2559 560 2780 632 θυρίδας
2802 563 2900 628 τάς
2934 564 3048 621 ἀνω
3066 564 3285 632 καὶτὰς
3311 568 3462 624 κάτω
3480 571 3708 638 εἰκόνας

424 622 490 675 ad
523 623 812 680 ambonem
860 628 1237 697 venissemus,
1278 638 1506 705 spectati
1543 652 1669 695 sunt
1704 644 1869 698 veluti
1898 646 2007 702 duo

424 727 454 765 a
491 713 782 783 cubiculis,
814 718 990 772 severi
1010 735 1072 774 ac
1099 729 1281 779 truces
1314 744 1327 779 :
1363 741 1597 795 quorum
1646 733 1787 789 alter
1826 736 2004 807 ipsum

425 804 809 873 imperatorem
864 808 1109 864 vinctum
1154 814 1397 883 capiens,
1446 819 1514 874 ad
1567 820 1817 878 dextrum
1846 804 2007 882 'latus

423 901 682 959 tractum,
742 910 775 952 e
823 898 1138 966 pavimento
1213 906 1471 963 cancellis
1550 912 1804 981 proximo
1859 915 2009 972 velut

425 986 652 1040 noxium
717 987 1151 1063 damnatumque
1191 995 1475 1066 pellebat:
1518 1001 1658 1057 alter
1730 1020 1861 1061 vero
1919 1024 2006 1063 me

422 1076 535 1143 pari
572 1076 734 1133 modo
759 1078 826 1133 ad
858 1080 1138 1136 sinistram
1161 1095 1369 1153 partem
1408 1088 1733 1146 abducebat.
1776 1091 1845 1149 Et
1874 1096 2003 1149 dum

420 1178 644 1237 repente
682 1170 1098 1244 circumspicio,
1154 1177 1533 1237 animadverto
1563 1183 1618 1238 in
1669 1186 1872 1242 throno
1906 1203 1997 1258 pa-

421 1261 701 1315 triarchali
756 1264 809 1317 in
865 1265 1042 1336 adytis
1100 1267 1279 1324 virum
1328 1272 1563 1344 principi
1631 1279 2004 1347 apostolorum

418 1349 576 1406 Petro
606 1350 780 1409 forma
819 1354 1180 1428 simillimum,
1207 1362 1564 1435 geminosque
1588 1366 1665 1422 illi
1686 1370 2007 1427 assistentes

417 1458 550 1498 sane
614 1445 1007 1514 formidabiles,
1062 1451 1156 1519 qui
1206 1454 1627 1522 praepositorum
1685 1458 2004 1529 dignitatem

416 1550 525 1603 pra:
556 1552 614 1592 se
632 1536 895 1595 ferebant.
932 1541 1013 1596 Ad
1044 1543 1286 1600 sedentis
1329 1561 1496 1616 porro
1526 1564 1704 1620 genua
1750 1566 2008 1621 procum-

414 1630 630 1685 bentem
672 1646 839 1689 cerno
886 1633 1157 1705 lgnatium
1222 1640 1549 1710 supplicem,
1581 1644 1881 1715 multisque
1920 1646 2005 1701 la-

412 1721 617 1790 crymis
672 1722 1000 1794 perfusum;
1066 1727 1208 1785 adeo
1260 1740 1320 1786 ut
1368 1733 1485 1803 ipse
1547 1751 1768 1806 quoque
1810 1736 2006 1794 Petrus

412 1811 603 1883 lgnatii
641 1816 811 1873 vicem
836 1819 1131 1877 miseratus
1161 1824 1509 1895 ingemuerit.
1556 1826 1728 1884 Porro
1762 1831 2004 1901 lgnatius

2113 652 2246 722 όρᾷν
2284 651 2504 707 ἐδόκουν
2546 655 2954 725 άρχαγγελικάς
2997 658 3132 727 πρὸς
3182 659 3277 713 τὸν
3303 660 3430 715 ναδν
3463 661 3704 732 βλεπού-

2114 758 2246 806 σαςο
2279 744 2376 798 καὶ
2408 746 2496 798 ὅτε
2532 745 2761 817 πλησίον
2819 741 2963 819 ἦμεν
2988 748 3084 803 τοῦ
3117 749 3396 821 ἀμϐωνος,
3431 752 3703 824 ὤφθησαν

2111 832 2301 904 ῶσπερ
2330 835 2770 909 κουϐικουλάριοι
2798 837 2893 892 δύο
2922 839 3191 912 ἀπότομοι
3244 844 3339 895 καὶ
3367 844 3656 915 ἐμϐριθεῖς
3682 866 3699 881 ο

2110 916 2187 977 ῶν
2249 926 2278 978 6
2324 925 2426 995 μέν
2478 925 2698 997 δέσμιον
2726 930 2821 982 τὸν
2870 929 3098 1000 βασιλέα
3134 931 3338 996 λαϐὼν,
3377 935 3472 989 καὶ
3500 936 3596 988 ἐπὶ
3624 937 3699 990 τά

2112 1015 2265 1080 δεξιὰ
2294 1017 2645 1088 κατασύρων,
2688 1018 2946 1085 ἐξωθεῖτο
2970 1021 3070 1091 τῆς
3104 1023 3317 1092 σολέας,
3344 1026 3698 1098 κατακρίνων

2110 1108 2185 1170 ὼς
2214 1106 2515 1161 ὑπεύθυνον
2547 1125 2561 1139 ·
2594 1110 2695 1179 ἐμὲ
2742 1112 2770 1165 6
2822 1111 3012 1184 ἔτερος
3051 1115 3428 1187 ὁμοιοτρόπως
3467 1116 3559 1171 διὰ
3581 1118 3698 1171 τῶν

2110 1197 2423 1270 ἀριστερῶν
2476 1199 2715 1271 ἀπῆγεν.
2742 1202 2932 1271 Ἀφνω
2978 1204 3036 1258 δέ
3070 1205 3560 1278 περιϐλεψάμενος,
3582 1209 3700 1281 ὁρῶ

2112 1290 2167 1340 ἐν
2190 1288 2268 1360 τῷ
2309 1290 2589 1362 συνθρὸνῳ
2619 1292 2714 1346 τοῦ
2746 1294 2945 1349 ἀδύτου
2976 1297 3289 1369 καθήμενον
3323 1299 3494 1371 ἄνδρα
3517 1318 3698 1373 γηρα-

2110 1376 2252 1446 λέον,
2273 1380 2711 1451 ἀπαραλλάκτως
2737 1384 2957 1441 ἐοικότα
2975 1389 3041 1459 τῇ
3068 1389 3237 1444 εἰκόνι
3259 1388 3355 1443 τοῦ
3389 1391 3695 1461 κορυφαίου

2110 1468 2224 1522 τῶν
2269 1471 2584 1525 ἀποστόλων
2635 1474 2867 1546 Πέτρου,
2918 1477 3014 1530 καὶ
3041 1478 3193 1549 αὐτῷ
3241 1478 3337 1532 δύο
3366 1480 3513 1544 τινὲς
3551 1499 3697 1554 παρ-

2108 1562 2455 1629 ειστήκεισαν
2469 1562 2712 1635 σοϐαροὶ,
2728 1566 3105 1636 πραιποσίτων
3119 1568 3271 1634 τάξιν
3287 1570 3693 1640 ἐπιφαίνοντες.

2122 1651 2265 1723 Ὀρῶ
2290 1653 2347 1706 δέ
2380 1655 2516 1724 πρὸς
2534 1656 2648 1719 τοῖς
2690 1655 2885 1724 γόνασι
2925 1658 3020 1713 τοῦ
3049 1659 3363 1730 καθημένου
3384 1662 3478 1716 τὸν
3514 1663 3693 1732 Ἰγνά-

2106 1759 2221 1797 τιον
2257 1744 2589 1812 ἱκετεύοντα,
2618 1748 2713 1801 καὶ
2744 1749 2961 1813 πολλοῖς
2999 1749 3231 1824 δάκρυσι
3256 1754 3690 1827 περιρραινόμε-

2109 1853 2200 1890 νον
2228 1837 2422 1903 οὕτως,
2453 1840 2595 1895 ὥστε
2636 1842 2890 1897 κάκεῖνον
2919 1843 3070 1916 αὐτῷ
3102 1846 3538 1921 συλλυπούμενον
3562 1868 3685 1905 στε-

413 1907 731 1964 clamitabat
766 1910 1054 1984 :Claviger
1082 1916 1323 1972 caelestis
1359 1919 1534 1989 regni,
1570 1926 1626 1975 et
1657 1932 1809 1990 petra
1842 1937 2005 1992 super

2110 1927 2291 1993 νάξαι.
2348 1932 2459 1984 Καὶ
2503 1932 2666 1995 αὐτὸς
2710 1933 2872 1987 ἐϐόα·
2918 1907 3211 2007 Κλεὶδοῠχε
3270 1907 3681 2010 τῆς-βασιλείας

413 2013 579 2067 quam
638 1999 894 2059 Christus
932 2003 1073 2060 Deus
1115 2006 1423 2062 Ecclesiam
1458 2024 1613 2063 suam
1666 2010 1925 2075 ﬁrmavit,
1966 2004 2011 2067 si

413 2091 635 2160 quidem
666 2094 764 2149 tibi
796 2096 1036 2166 ignotum
1074 2113 1185 2152 non
1223 2113 1326 2166 est,
1367 2117 1531 2170 quam
1573 2101 1763 2172 inique
1792 2117 2009 2157 mecum

413 2194 597 2239 actum
632 2185 725 2250 sit,
773 2187 955 2243 solare
1007 2190 1421 2247 amictissimam
1480 2201 1757 2248 senectam
1806 2209 2008 2248 meam.

410 2273 516 2328 Cui
556 2275 750 2331 beatus
803 2275 1001 2332 Petrus
1037 2276 1315 2334 :Ostende
1380 2289 1697 2335 vexatorem
1743 2288 1918 2343 tuum,
1956 2288 2012 2334 et

411 2363 554 2421 Deus
606 2365 769 2423 l‘aciet
823 2383 949 2422 cum
1006 2370 1310 2425 tentatione
1359 2378 1727 2441 proventum;
1784 2380 1840 2424 et
1881 2384 2009 2427 con-

410 2473 606 2515 versus
649 2459 893 2531 lgnatius
938 2477 1104 2517 manu
1140 2478 1226 2517 me
1279 2463 1597 2529 indicabat;
1637 2472 1732 2519 et:
1766 2461 1889 2526 Hic,
1924 2463 2008 2517 in-

407 2550 554 2619 quit,
593 2551 715 2621 plus
743 2554 1005 2610 omnibus
1045 2570 1132 2609 me
1174 2555 1385 2623 aﬂlixit,
1424 2565 1483 2610 ut
1516 2570 1679 2627 quem
1734 2556 1885 2610 nulla
1926 2570 2012 2611 sa-

415 2642 577 2697 tietas
629 2644 736 2698 mei
793 2645 1077 2701 cruciandi
1113 2647 1337 2717 ceperit.
1386 2646 1524 2702 Tum
1569 2648 1664 2718 qui
1712 2648 1769 2702 in
1809 2647 2007 2702 throno

408 2734 753 2799 conside-bat,
783 2750 910 2792 cum
945 2738 1231 2795 annuisset
1281 2738 1359 2792 illi
1401 2738 1495 2809 qui
1531 2739 1596 2793 ad
1633 2740 1885 2793 dextram
1916 2753 2009 2793 as-

408 2827 663 2893 sistebat,
690 2828 885 2885 educta
921 2831 1117 2896 sicula,
1150 2833 1329 2902 palam
1363 2832 1619 2888 omnibus
1657 2831 2006 2888 audientibus

407 2924 743 2977 sententiam
813 2927 1209 2994 pronuntiavit.
1277 2924 1455 2993 Hunc,
1507 2927 1711 2996 inquit,
1766 2925 2002 2980 invisum

412 3011 522 3067 Deo
579 3012 813 3069 Bardam
845 3016 1139 3084 prehende,
1176 3025 1230 3073 et
1257 3016 1387 3073 foris
1428 3018 1480 3071 in
1533 3017 1675 3072 atrio
1729 3017 2000 3072 frustatim

407 3105 660 3162 concide.
723 3105 1007 3179 Extemplo
1043 3124 1175 3178 ergo
1219 3110 1288 3166 ad
1339 3110 1670 3181 supplicium
1722 3110 2002 3180 abreptus,

409 3199 525 3254 vidi
578 3200 727 3269 quod
787 3209 844 3257 et
887 3203 1207 3272 imperatori
1259 3203 1461 3258 minaci
1523 3218 1691 3259 manu
1745 3204 1999 3259 diceret:

410 3290 700 3362 Exspecta,
742 3293 909 3364 impie
954 3293 1054 3350 fili.
1112 3295 1292 3365 Atque
1330 3295 1406 3349 ita
1451 3294 1584 3349 mibi
1612 3296 1763 3352 visus
1793 3311 1914 3351 sum
1950 3311 2009 3350 re

409 3399 543 3438 vera
575 3385 814 3439 concidi.
846 3383 973 3440 llaec
1009 3385 1214 3441 Caesari
1251 3388 1483 3442 attonito
1509 3395 1562 3442 et
1592 3402 1718 3443 cum
1749 3386 2008 3458 lacrymis

412 3478 685 3545 narranti,
718 3476 1058 3549 Theophilus
1093 3498 1105 3534 :
1131 3480 1326 3546 Parce,
1368 3480 1566 3551 inquit,
1596 3480 1839 3547 domine,
1867 3478 2009 3534 infe-
2032 3506 2047 3515 -

414 3570 687 3625 licissimo
711 3571 851 3639 seni,
892 3580 947 3625 et
984 3571 1051 3627 ad
1104 3572 1196 3627 Dei
1228 3572 1466 3627 tribunal
1508 3572 1832 3641 respiciens,
1882 3586 2007 3625 eum

411 3661 764 3733 nequejure,
793 3678 972 3734 neque
1009 3665 1210 3734 injuria
1238 3664 1424 3720 laadas.
1453 3662 1558 3719 Sed
1589 3663 1794 3719 Bardas
1827 3679 1896 3719 ne
1928 3664 2010 3719 sic

411 3753 634 3822 quidem
680 3755 852 3808 voluit
900 3755 1225 3825 intelligere,
1259 3764 1319 3811 ut
1342 3755 1479 3811 bene
1522 3754 1862 3826 ageret;sed
1896 3754 2008 3810 for-

412 3845 689 3901 midandis
713 3846 867 3902 hisce
896 3847 1423 3903 comminationibus
1438 3848 1729 3907 ,oblivione
1755 3847 2005 3918 sepultis,

415 3939 737 4009 properavit
778 3949 1002 4011 peccata
1061 3956 1161 3997 sua
1211 3942 1533 4012 adimplere,
1586 3941 1874 4011 utjustam
1911 3939 2008 3995 Dei

410 4029 713 4085 vindictam
771 4031 825 4085 in
890 4047 951 4087 se
1008 4032 1333 4089 concitaret.
1389 4032 1586 4089 Statim
1634 4035 1855 4104 quippe,
1889 4033 2008 4104 ipso

410 4119 886 4193 solemnisjejunii
918 4123 1168 4191 exordio,
1201 4121 1441 4180 Leonem
1473 4124 1624 4180 illum
1642 4136 2008 4197 cognomento

410 4213 751 4280 Ptaolemen,
779 4227 1099 4287 _cognatum
1135 4216 1336 4281 Photii,
1371 4233 1497 4273 cum
1530 4219 1791 4275 satellitio
1833 4221 1886 4274 in
1916 4219 2004 4275 in-

411 4305 588 4361 sulam
613 4306 800 4374 mittit,
829 4308 1077 4380 adeoque
1100 4319 1250 4366 arcte
1278 4310 1547 4366 custodiri
1583 4313 1829 4383 prazcipit
1849 4313 2009 4384 lgna-

412 4399 571 4461 tium,
603 4408 661 4453 ut
704 4414 775 4454 ne
821 4400 996 4455 sacris
1025 4401 1246 4471 quidem
1304 4404 1525 4473 operari
1571 4413 1780 4474 posset,
1833 4422 2008 4477 neque

408 4489 667 4559 cuiquam
720 4491 879 4562 copia
937 4492 1092 4548 fieret
1139 4495 1288 4551 illius
1332 4497 1720 4562 conveniendi,
1773 4514 1875 4555 nec
1927 4500 2004 4554 iili

2113 2020 2221 2073 τῶν
2248 2022 2515 2093 οὐρανῶν,
2564 2024 2660 2077 καὶ
2719 2025 2899 2099 πέτρα
2940 2029 2998 2080 ἐν
3037 2021 3071 2101 ᾖ
3107 2029 3343 2099 Χριστὸς
3371 2034 3400 2085 6
3426 2032 3552 2096 Θεὸς
3580 2033 3679 2104 τὴν

2112 2110 2278 2165 αὐτοῦ
2335 2113 2667 2186 Ἐκκλησίαν
2711 2118 3051 2190 ἐστηρίξατο,
3085 2122 3138 2174 εἰ
3177 2117 3347 2188 οἶδας,
3387 2123 3469 2177 ὅτι
3497 2124 3686 2195 ἠδική-

2112 2199 2233 2271 θην,
2270 2203 2671 2275 παραμύθησόν
2699 2224 2801 2278 μου
2830 2207 2893 2261 τὸ
2919 2207 3284 2264 πολύθλιπτον
3325 2212 3528 2283 γῆρας.
3562 2212 3622 2265 Ὀ
3637 2213 3695 2265 δέ

2110 2291 2249 2361 πρὸς
2277 2292 2462 2356 αὐτὸν,
2515 2293 2722 2363 Δεῖξον,
2753 2295 2882 2368 ἐφη,
2932 2296 3024 2351 τδν
3065 2297 3403 2370 ἀδικήσαντά
3439 2318 3524 2367 σε,
3553 2303 3697 2356 καὶὸ

2108 2383 2241 2448 Θεὸς
2274 2384 2372 2438 σὺν
2418 2385 2496 2456 τῷ
2548 2387 2842 2460 πειρασμῷ
2886 2391 3103 2460 ποιήσει
3152 2393 3248 2444 καὶ
3287 2390 3389 2462 τὴν
3439 2392 3692 2447 ἔκϐασιν.

2108 2475 2219 2527 Καὶ
2250 2477 2513 2547 στραφεὶς
2560 2478 2589 2530 ό
2639 2479 2900 2546 Ἰγνάτιος
2950 2482 3015 2552 τῇ
3053 2480 3203 2553 δεξιᾷ
3231 2483 3376 2553 χειρὶ
3414 2482 3696 2548 ἐπέδειξεν

2107 2568 2230 2639 ἐμὲ,
2269 2568 2442 2638 λέγων
2465 2586 2478 2601 ’
2508 2566 2679 2635 Οὗτος
2707 2575 3095 2646 περισσότερον
3127 2575 3346 2629 πάντων
3380 2574 3694 2647 ἐλυμήνατό

2111 2675 2179 2727 με
2207 2660 2338 2713 ’καὶ
2369 2659 2532 2731 κόρον
2588 2662 2689 2732 τῆς
2741 2664 2864 2717 κατ’
2914 2663 3051 2735 ἐμοῦ
3101 2664 3313 2738 ὕϐρεως
3362 2666 3467 2720 οὐκ
3510 2666 3690 2737 ἔσχεν.

2107 2749 2323 2814 Νεύσας
2363 2747 2456 2805 οὖν
2498 2754 2527 2807 6
2574 2754 2669 2806 ἐπὶ
2714 2754 2810 2809 τοῦ
2849 2755 3044 2827 θρόνου
3099 2758 3237 2828 πρὸς
3269 2758 3361 2811 τὸν
3405 2758 3472 2812 ἐκ
3499 2758 3691 2826 δεξιῶν

2107 2841 2277 2896 αὐτοῦ
2344 2842 2747 2913 καθεστηκότα,
2813 2847 2910 2900 καὶ
2969 2848 3176 2919 μικρὰν
3212 2848 3355 2903 πάνυ
3414 2849 3692 2922 μάχαιραν

2107 2933 2371 2996 ἐκϐαλὼν,
2407 2936 2486 2997 είς
2511 2936 2747 3005 ἐπήκοον
2775 2935 2996 2990 πάντων
3013 2939 3369 3011 ἀπεφήνατο’
3400 2941 3506 2994 Τὸν
3537 2940 3693 3012 θεόρ-

2106 3036 2292 3078 γιστον
2347 3022 2561 3091 Βάρδαν
2616 3023 2941 3095 παράλαϐε,
2989 3026 3085 3080 καὶ
3130 3028 3237 3101 πρὸ
3284 3026 3376 3082 τοῦ
3418 3029 3691 3101 νάρθηκος

2106 3110 2214 3178 ἐξω
2272 3114 2583 3183 κατάκοψον
2636 3116 2885 3187 μεληδόν.
2917 3119 3127 3172 Αὐτίκα
3159 3120 3358 3185 τοίνυν,
3398 3120 3693 3192 ἑλκόμενος

2109 3203 2271 3273 δῆθεν
2299 3204 2435 3274 πρὸς
2484 3206 2736 3275 θάνατον,
2777 3206 2937 3278 εἶδον,
2973 3211 3055 3265 ὅτι
3097 3212 3192 3265 καὶ
3222 3212 3299 3282 τῷ
3342 3202 3554 3283 βασιλεῖ
3595 3213 3693 3284 τὴν

2113 3300 2273 3369 χεῖρα
2310 3299 2587 3366 ἐπισείων,
2627 3302 2908 3370 Ἔκδεξαι,
2967 3304 3093 3375 ἔφη,
3142 3306 3539 3361 ἀσεϐότεκνον·
3600 3308 3694 3362 καὶ

2110 3387 2284 3451 οὕτως
2328 3390 2563 3459 ἐμαυτὸν
2628 3388 2769 3445 εἶδον
2839 3394 2916 3457 ὡς
2968 3394 3117 3466 ῦπαρ
3166 3396 3689 3468 καταμελιζόμενον.

2110 3479 2298 3533 Ταῦτα
2339 3482 2440 3549 μὲν
2476 3484 2504 3536 ὁ
2556 3484 2777 3557 Καῖσαρ
2808 3484 3190 3557 θαμϐούμενος
3229 3488 3347 3559 ἅμα
3374 3488 3468 3542 καὶ
3490 3488 3693 3563 κλαίων

2110 3572 2374 3642 ἐξηγεῖτο.
2408 3574 2549 3644 Πρὸς
2606 3576 2664 3629 ὃν
2703 3579 2929 3644 ἐκεῖνος,
2984 3580 3194 3645 Φείσαι,
3225 3573 3271 3634 ὧ
3302 3579 3563 3643 δέσποτα,
3590 3579 3687 3634 τοῦ

2112 3664 2411 3720 παναθλίου
2442 3668 2719 3739 γέροντος,
2738 3668 2882 3735 εἷπε,
2921 3673 3171 3743 καὶπρὸς
3195 3672 3255 3725 τὸ
3284 3673 3379 3727 τοῦ
3403 3672 3540 3727 Θεοῦ
3565 3690 3690 3746 κρι-

2109 3758 2299 3829 τήριον
2330 3760 2572 3829 ἀφορῶν,
2623 3762 2762 3832 μήτε
2804 3761 3050 3830 δικαίως,
3092 3765 3220 3834 μήτ’
3262 3764 3355 3819 οὖν
3381 3764 3580 3829 ἀδίκως
3612 3766 3692 3819 ἐτι

2111 3848 2411 3917 πονηρεύω
2440 3851 2561 3904 κατ’
2596 3851 2780 3906 αὑτοῦ.
2818 3851 2956 3905 Ἀλλ’
2983 3854 3134 3924 ὅμως
3162 3856 3372 3919 ἐκεῖνος
3397 3854 3695 3921 ούδόὖτως

2107 3940 2384 4013 ἠϐουλήθη
2416 3944 2654 3998 συνιέναι
2692 3944 2786 3996 τοῦ
2818 3944 3089 4012 ἀγαθῦναι
3111 3961 3124 3976 ·
3155 3948 3461 4019 ἀμνηστείᾳ
3490 3947 3548 4000 δέ
3595 3947 3694 4017 τὴν

2110 4034 2357 4107 φρικώδη
2422 4035 2630 4106 ταύτην
2686 4039 2967 4109 παραδοὺς
3020 4039 3273 4110 ἀπειλὴν,
3312 4039 3543 4093 ἔσπευδε
3595 4039 3694 4103 τὰς

2107 4127 2315 4191 οἰκείας
2368 4128 2765 4201 ἀναπληρῶσαι
2817 4131 3119 4202 ἁμαρτίας,
3152 4131 3219 4185 ἵν’
3252 4132 3458 4186 ἔνδικον
3484 4130 3693 4187 ἀνωθεν

2110 4219 2196 4290 ἐφ’
2221 4220 2414 4274 ἐαυτὸν
2437 4222 2814 4295 ἐπισπάσηται
2839 4224 2939 4295 τὴν
2980 4224 3174 4295 ὀργήν.
3212 4224 3390 4289 Εὐθὺς
3418 4222 3529 4295 γὰρ
3556 4223 3694 4296 πρὸς

2107 4312 2300 4375 αὐταῖς
2322 4312 2431 4367 τῶν
2456 4314 2721 4384 νηστειῶν
2750 4317 2872 4379 ταῖς
2916 4315 3219 4381 είσϐάσεσι,
3246 4315 3455 4370 Λέοντα
3482 4317 3693 4370 ἐκεῖνον

2110 4403 2582 4477 τὸνἬτᾶολήμην
2643 4406 3140 4477 ἐπονομαζόμενον,
3193 4408 3433 4478 συγγενῆ
3484 4408 3694 4462 Φωτίου

2111 4496 2472 4566 τυγχάνοντα,
2511 4499 2651 4568 μετὰ
2701 4498 3056 4571 στρατιωτῶν
3100 4501 3181 4563 είς
3218 4502 3319 4570 τὴν
3361 4499 3527 4570 νῆσον
3555 4500 3695 4554 ἁπο-

410 4582 670 4638 exeundi.
704 4581 841 4638 Cum
868 4587 935 4641 ad
967 4587 1187 4641 tertium
1212 4604 1458 4643 mensem
1496 4589 1571 4645 ita
1604 4591 2003 4648 circumclusus

2114 4587 2344 4654 στέλλει,
2379 4589 2474 4642 καὶ
2502 4590 2875 4661 παραγγέλλει
2907 4589 3053 4646 οὕτω
3084 4590 3371 4663 τηρεῖσθαι
3398 4591 3491 4645 τὸν
3520 4593 3695 4662 Ἰγνά-

412 4674 732 4739 mansisset,
769 4677 969 4731 somnii
990 4677 1267 4747 praedictio
1309 4680 1708 4736 maturabatur.
1740 4680 2004 4740 Michaele

411 4779 652 4833 namque
688 4764 1093 4834 expeditionem
1127 4766 1181 4821 in
1226 4766 1445 4822 Cretam
1479 4769 1833 4838 suscipiente,
1867 4767 1999 4824 Bar-

410 4858 511 4912 das
561 4872 684 4911 cum
755 4857 848 4912 illo
894 4857 1009 4928 jam
1062 4858 1130 4914 ad
1160 4856 1456 4914 Hortorum
1510 4860 1691 4915 locum
1723 4861 1817 4932 qui
1856 4859 1998 4917 dici-

411 4958 504 5005 tur
524 4965 887 5021 progressus,
924 4951 1091 5021 'quod
1146 4951 1378 5009 insidias
1422 4953 1740 5024 imperatori
1788 4965 2001 5010 struere

410 5042 687 5097 diceretur
706 5043 936 5113 (coalesti
954 5059 1147 5113 nempe
1161 5045 1401 5101 vindicta
1421 5045 1572 5101 illum
1587 5048 1999 5119 prosequente),

412 5133 635 5188 ultimas
663 5133 771 5190 Deo
800 5149 991 5206 poenas
1016 5136 1270 5206 exsolvit,
1304 5135 1608 5208 gladiisque
1631 5139 2001 5193 miserandum

410 5228 468 5282 in
540 5228 762 5282 modum
806 5228 1152 5284 membratim
1183 5240 1267 5285 est
1311 5230 1602 5287 dissectus.
1646 5230 1779 5287 Tam
1812 5230 2003 5287 infami

413 5319 561 5373 letho
595 5320 923 5375 exstinctus
946 5327 1052 5386 est,
1086 5329 1145 5375 ut
1176 5321 1350 5391 ipsius
1380 5336 1598 5392 quoque
1635 5322 2004 5379 familiarissi-

412 5424 539 5463 mus
567 5409 622 5463 in
652 5425 778 5465 eum
834 5410 1208 5477 inveheretur,
1262 5414 1513 5482 quamvis
1557 5414 1626 5468 ab
1667 5429 1733 5468 eo
1770 5415 2001 5471 summis

413 5498 693 5556 beneﬁciis
745 5501 996 5566 all‘ectus,
1025 5502 1431 5572 patriarchatns
1481 5506 1800 5578 dignitatem
1847 5522 2004 5563 acce-

416 5590 606 5659 pisset.
631 5591 737 5646 Sed
764 5593 910 5648 hunc
942 5594 1030 5648 ille
1058 5594 1239 5648 vivum
1266 5596 1482 5664 quidem
1508 5599 1738 5653 miriﬁce
1766 5598 1998 5667 colebat,

418 5695 692 5750 suumque
712 5685 871 5752 quasi
926 5685 1048 5741 vitae
1099 5686 1386 5757 praesidem
1420 5688 1676 5744 omnibus
1715 5689 2003 5760 praeconiis

419 5770 725 5826 eﬂ‘erebat:
759 5788 1041 5847 perempto
1091 5794 1216 5835 vero
1269 5780 1600 5850 palinodiam
1653 5782 1886 5851 cecinit,
1938 5797 2003 5837 ac

423 5857 572 5913 velut
598 5865 995 5922 exsecrandum
1021 5871 1294 5929 quoddam
1325 5871 1597 5933 piaculum
1632 5873 1858 5942 dignum
1905 5875 2000 5930 tali

2110 4696 2246 4746 τιον,
2274 4681 2349 4744 ὼς
2375 4681 2448 4751 μὴ
2481 4679 2684 4747 ἐξεῖναι
2713 4683 2861 4755 αὐτῷ
2892 4683 3212 4739 παντάπασι
3244 4683 3344 4756 τὴν
3377 4683 3531 4756 ίεράν
3558 4687 3693 4739 ἁνα-

2114 4772 2300 4844 φέρειν
2365 4772 2732 4845 λειτουργίαν,
2800 4776 2927 4847 μήτ’
2987 4772 3080 4830 οὖν
3140 4777 3366 4831 εἰσιέναι
3392 4777 3517 4831 τινὰ
3559 4778 3697 4848 πρὸς

2112 4865 2297 4931 αὐτὸν,
2348 4864 2475 4937 μήτ’
2536 4866 2740 4931 ἐξιέναι
2798 4868 3222 4939 συγχωρεῖσθαι.
3288 4869 3411 4923 Ἐπὶ
3453 4872 3605 4941 τρεῖς
3638 4869 3694 4923 δὲ

2115 4955 2294 5028 μῆνας
2351 4957 2385 5028 ή
2439 4958 2665 5029 τοιαύτη
2709 4960 2838 5031 περὶ
2885 4960 3049 5014 αὐτὸν
3095 4959 3413 5032 ἐστερεοῦτο
3455 4961 3693 5030 φυλακὴ,

2112 5047 2207 5102 καὶ
2236 5047 2409 5113 οὕτως
2438 5050 2470 5120 ή
2504 5048 2598 5102 τοῦ
2632 5050 2908 5122 ὀνείρατος
2925 5050 3161 5120 ἔφθασεν
3182 5051 3476 5120 ἀπόφασις.
3515 5052 3694 5104 Ἐπει-

2111 5141 2328 5215 γομένῳ
2362 5142 2472 5212 γὰρ
2495 5141 2639 5196 κατά
2673 5143 2775 5212 τῆς
2807 5142 3032 5213 Κρήτης
3053 5142 3131 5213 τῷ
3158 5142 3381 5213 Μιχαὴλ
3409 5141 3506 5198 καὶ
3532 5140 3689 5205 αὐτὸς

2112 5234 2140 5287 6
2166 5233 2377 5305 Βάρδας
2407 5234 2535 5304 ἄχρι
2566 5232 2674 5288 τῶν
2702 5234 3012 5306 λεγομένων
3044 5235 3254 5306 Κήπων
3287 5234 3687 5305 συστρατεύων,

2112 5326 2232 5377 ἐκεῖ
2263 5324 2329 5395 δὴ
2377 5326 2477 5397 τὴν
2510 5325 2749 5397 ἐσχάτην
2783 5325 2929 5379 ἐτισε
2959 5326 3136 5395 δίκην.
3176 5325 3457 5395 Πρόφασιν
3487 5326 3596 5397 γάρ
3618 5322 3691 5388 ὡς

2113 5416 2539 5471 ἐπιϐουλεύοντα
2585 5417 2663 5489 τῷ
2716 5417 2929 5488 βασιλεί
2988 5417 3021 5488 ἡ
3061 5417 3322 5488 θεήλατος
3367 5417 3533 5471 αὐτὸν
3567 5433 3719 5489 μετα,

2109 5507 2273 5578 ἦλθεν
2296 5507 2455 5579 ὀργή,
2490 5508 2585 5562 καὶ
2629 5508 2809 5580 ξίφεσι
2843 5508 3078 5580 μεληδὸν
3125 5509 3326 5573 ἀθλίως
3350 5507 3691 5563 κατακοπτό-

2113 5619 2296 5669 μενος,
2328 5601 2470 5655 οὓτω
2512 5602 2769 5666 δυσκλεὲς
2822 5602 2976 5665 τέλος
3018 5602 3394 5673 ἀπηνέγκατο,
3421 5600 3565 5655 ὥστε
3598 5600 3689 5654 καὶ

2111 5694 2204 5747 ὑπ’
2256 5694 2422 5748 αὐτοῦ
2487 5695 2901 5766 στηλιτευθῆναι
2935 5696 3028 5748 τοῦ
3070 5693 3349 5763 φιλτάτου.
3392 5694 3451 5747 Ὁ
3485 5694 3596 5766 γὰρ
3622 5694 3689 5747 τὰ

2115 5787 2328 5858 μεγάλα
2378 5788 2785 5860 εύεργετηθεὶς,
2840 5789 2933 5842 καὶ
2978 5787 3078 5859 τὴν
3134 5787 3542 5860 πατριαρχικὴν
3599 5785 3686 5839 ὑπ’

2110 5879 2319 5934 ἐκείνου
2370 5881 2537 5952 τιμὴν
2595 5881 2920 5954 κληρωθεὶς,
2973 5880 3151 5946 ζῶντα
3210 5880 3311 5952 μὲν
3359 5879 3681 5952 ὑπερετξμα,
