4022 6410
269 390 379 455 537

1350 392 1527 453 VITA
1567 394 1628 455 S.
1672 395 1971 461 IGNATII
2001 396 2108 457 CP.
2143 395 2502 455 ARCHIEP.

3450 405 3559 473 538

269 499 368 555 καὶ
397 496 710 569 προστάτην
741 489 855 566 εἶχε
887 494 982 549 τοῦ
1032 496 1172 567 βίου,
1216 471 1498 564 παντοίαις
1546 502 1848 573 εὐφημίαις
1878 558 1884 570 ε

1988 512 2131 558 torte
2156 502 2463 557 dictitabat.
2495 500 2606 557 lloc
2627 502 2843 574 ingenio
2871 505 3154 577 improbus
3176 508 3266 565 ille
3291 520 3562 571 veterator

268 589 686 662 ὑπερεπαινῶν
743 586 1069 642 ἀποθανόντι
1125 588 1184 642 δὲ
1227 588 1562 661 παλινῳδίας
1609 588 1726 666 ᾖδε,
1759 595 1855 647 καὶ

1989 592 2267 664 tsophista
2283 591 2407 658 fuit,
2431 600 2490 646 ut
2512 607 2728 663 semper
2745 592 2865 649 foro
2879 605 2932 651 et
2949 599 3205 668 tempori,
3222 600 3563 673 principum-

278 684 356 747 ὼς
382 681 656 753 ἀλιτήριον
683 679 874 734 τοῦτον
921 679 1017 733 καὶ
1059 683 1519 752 τρισκατάρατον,
1561 683 1713 748 ἀξιον
1742 702 1859 739 τοι-

282 775 445 843 αύτης
467 774 794 844 ἀπεφήνατο
816 773 1099 843 τελευτῆς.
1119 773 1375 836 Τοιοῦτος
1396 775 1424 827 6
1452 774 1625 839 δεινὸς
1651 778 1861 842 ἐκεῖνος

280 865 349 938 ἦν
379 864 658 936 σοφιστὴς,
685 865 774 919 ἀεὶ
806 865 946 937 πρὸς
976 866 1106 928 τοὺς
1128 866 1359 938 καιροὺς
1388 866 1861 937 μεταϐαλλόμενος

278 961 371 1015 καὶ
400 959 468 1014 τὰ
495 959 820 1031 πράγματα,
872 959 967 1013 καὶ
1015 961 1128 1023 τοῖς
1167 958 1276 1012 τῶν
1320 961 1672 1030 κρατούντων
1718 978 1861 1032 συμ-

275 1051 676 1119 περιαγόμενος
703 1049 1028 1120 θελήμασιν.
1064 1050 1124 1103 '0
1147 1049 1257 1121 γὰρ
1284 1050 1387 1119 τῆς
1412 1050 1711 1122 θεαρχικῆς
1743 1051 1862 1122 βου-

270 1141 371 1211 λῆς
406 1143 500 1195 καὶ
530 1142 706 1213 ῥοπῆς
728 1140 796 1196 δι’
829 1142 1069 1212 ἔλλειψιν
1100 1141 1340 1205 πίστεως
1383 1141 1727 1213 διαμαρτὼν,
1762 1145 1860 1199 καὶ

266 1237 385 1300 τοῖς
409 1235 722 1305 ἀνθρώποις
776 1234 1119 1306 ἐπηλπικὼς,
1174 1235 1366 1308 ἐπειδὴ
1406 1235 1594 1308 σαθρῷ
1620 1236 1858 1310 θεμελίῳ

1967 700 2073 755 que
2109 683 2310 739 studiis
2336 682 2758 753 obsequeretur.
2803 683 2908 751 Qui
2934 687 3081 741 enim
3113 690 3320 745 caelesti
3363 694 3559 763 spiritu

1966 779 2268 848 ductuque,
2295 778 2398 833 ﬁde
2429 778 2747 839 destitutus.
2780 793 2887 834 non
2937 781 3141 851 agitur,
3178 793 3231 837 et
3260 799 3386 852 spes
3429 802 3562 842 suas

1961 870 2016 924 in
2046 870 2374 926 mortalibus
2403 872 2537 926 sitas
2566 871 2750 937 habet,
2774 885 2897 925 cum
2921 872 3122 928 vitioso
3144 875 3400 945 putrique
3432 876 3562 932 fun-

1965 963 2228 1019 damento
2258 974 2442 1020 mente
2475 965 2702 1030 nitatur,
2730 965 2946 1020 tandem
2971 965 3291 1023 inconstans
3311 977 3366 1023 et
3401 970 3563 1039 perti-

1963 1056 2066 1111 dus
2097 1055 2151 1110 in
2185 1070 2380 1112 omnes
2429 1055 2902 1126 deprehenditur:
2936 1057 3245 1127 potentium
3291 1059 3561 1129 palpator,

1961 1153 2334 1210 Calumniator
2366 1170 2498 1211 vero
2528 1170 2868 1226 pauperum;
2915 1155 3010 1225 qui
3044 1155 3095 1210 id
3133 1171 3307 1211 unum
3355 1157 3563 1222 studet,

1963 1256 2022 1301 ut
2045 1247 2257 1317 placeat
2288 1248 2623 1319 potentibus,
2654 1262 2722 1303 ne
2752 1247 3018 1318 dignitate
3045 1248 3336 1319 spolietur.

265 1331 365 1383 τὸν
391 1329 518 1385 νοῦν
544 1330 909 1402 ἐπερείδεται,
960 1331 1192 1394 άπιστός
1241 1349 1303 1386 τε
1351 1332 1489 1405 πρὸς
1531 1332 1743 1398 πάντας
1804 1339 1900 1391 καὶ
1970 1342 2229 1410 ἀϐέϐαιος
2279 1347 2597 1418 ἐλέγχεταιο
2669 1346 2996 1419 ὑψουμένοις
3066 1349 3168 1420 μὲν
3226 1351 3561 1422 συνήγορος,

266 1423 657 1495 κατήγοροςδὲ
684 1422 970 1493 γινόμενος
997 1424 1479 1495 ταπεινουμένοιςο
1528 1425 1624 1478 καὶ
1672 1425 1809 1497 πρὸς
1838 1424 1897 1483 ἓν
1938 1432 2099 1502 μόνον
2140 1436 2279 1507 ὁρῶν
2307 1437 2504 1508 ἀρέσαι
2556 1439 2670 1501 τοῖς
2721 1437 2986 1504 δυνατοῖς,
3024 1438 3119 1492 τοῦ
3163 1439 3242 1510 μὴ
3305 1440 3405 1511 τῆς
3445 1443 3566 1494 κατ’

269 1515 449 1571 αὐτὸν
480 1514 658 1586 ἀρχῆς
687 1517 964 1570 ἐκπεσεῖν.

346 1610 484 1665 Τότε
536 1612 636 1682 μὲν
666 1608 761 1664 οὖν
813 1611 844 1663 6
894 1610 1256 1683 αὐτοκράτωρ
1289 1615 1576 1686 παρευθὺς
1609 1616 1746 1687 πρὸς
1766 1615 1866 1688 τὴν

266 1703 674 1774 βασιλεύουσαν
702 1703 1034 1759 παλινοστεῖ.
1071 1704 1424 1776 Πεντηκοστὴ
1461 1707 1507 1761 δ’
1537 1709 1625 1779 ἀρ’
1651 1704 1743 1781 ἦν,
1771 1711 1867 1762 καὶ

2039 1616 2342 1689 Imperator
2387 1627 2503 1675 tum
2554 1630 2779 1691 repente
2830 1636 3101 1678 converso
3156 1621 3354 1678 itinere
3418 1620 3565 1679 Con-

1969 1712 2384 1782 stantinopolim
2441 1714 2656 1783 repetit.
2708 1714 2839 1767 Erat
2876 1724 3059 1767 autem
3110 1712 3460 1780 Pentecoste,
3511 1721 3566 1768 et

264 1794 562 1849 Βασίλειον
632 1794 925 1867 πατρίκιον
993 1795 1125 1851 ὄντα
1175 1797 1273 1850 καὶ
1338 1798 1859 1870 παρακοιμώμενον,

1988 1801 2241 1859 Basilium
2267 1804 2557 1874 patricium
2583 1804 2820 1860 cubiculi
2844 1806 2984 1860 sacri
3015 1806 3356 1875 praefectum,
3378 1805 3566 1861 Cresa-

263 1885 549 1955 στέμματι
571 1887 1022 1957 κατακοσμήσας,
1054 1888 1639 1960 ἀναγορεύειβασιλέα.
1677 1891 1739 1945 Ὃ
1771 1909 1869 1946 πο-

264 1978 505 2050 λύφρων
530 1978 588 2032 δὲ
606 1976 810 2043 Φώτιος
827 1979 1125 2050 πάμπολλα
1140 1981 1283 2036 κατά
1309 1982 1580 2038 Νικολάου
1593 1984 1690 2037 τοῦ
1712 1985 1872 2039 πάπα

266 2074 743 2145 μηχανορραφῶν,
796 2073 987 2146 ἐπειδὴ
1017 2074 1171 2129 οὐδὲν
1201 2072 1346 2146 εἶχεν
1384 2076 1514 2132 άλλο
1562 2077 1697 2149 δρᾷν
1744 2076 1871 2132 κατ’

266 2166 473 2233 αὐτοῦ,
506 2165 685 2221 πείθει
714 2165 937 2230 πολλαῖς
971 2165 1333 2237 παραινέσεσι
1368 2167 1459 2222 τδν
1499 2167 1724 2239 βασιλέα
1750 2186 1876 2222 συν-

262 2258 511 2324 αινέσαι,
549 2256 771 2311 σύνοδον
796 2257 1193 2328 συγκροτῆσαι,
1211 2259 1305 2312 καὶ
1324 2257 1513 2313 τοῦτον
1536 2260 1875 2332 καθαιρῆσαι

263 2350 378 2405 καὶ
409 2350 527 2413 τοῖς
560 2347 710 2420 αὐτῷ
736 2348 1092 2402 κοινωνοῦσιν
1132 2348 1439 2421 ἀφορισμδν
1471 2350 1876 2421 ἀντισηκοῦντα

262 2444 358 2513 τῷ
417 2443 553 2515 παρ’
603 2442 821 2497 ἐκείνου
852 2440 1044 2512 πρώην
1091 2441 1401 2514 πεμφθέντι
1434 2443 1874 2514 διαπέμψασθαι.

263 2534 613 2604 Συναγαγὼν
638 2533 732 2589 οῦν
765 2534 976 2599 πάντας
1007 2535 1135 2599 τοὺς
1193 2535 1286 2588 ὑπ’
1335 2536 1500 2589 αὐτὸν
1541 2535 1877 2600 ἐπισκόπους

262 2633 295 2685 6
332 2628 622 2698 γεννάδας,
670 2627 766 2682 καί
822 2644 977 2692 τινας
1041 2628 1274 2698 μιαροὺς
1315 2626 1735 2700 ἀνθρωπίσκους
1782 2627 1878 2681 καὶ

266 2723 531 2793 ἀσήμους
580 2722 646 2776 ἐκ
705 2719 816 2775 τῶν
847 2720 1184 2775 ἀνατολικῶν
1249 2719 1413 2791 δῆθεν
1458 2720 1871 2792 πατριαρχείων

265 2812 663 2886 τοποτηρητὰς
691 2812 1052 2884 ἐπαγόμενος,
1093 2813 1190 2866 καὶ
1220 2812 1651 2884 ψευδοσύλλογον
1687 2812 1877 2866 ποιού-

273 2920 470 2974 μενος,
506 2902 858 2976 καθαίρεσιν,
900 2902 976 2967 ὡς
1023 2901 1264 2973 ἐνόμιζε,
1297 2905 1393 2957 καὶ
1427 2903 1879 2976 ἀναθεματισμὺν

271 2997 371 3051 ἐπ’
397 2995 576 3050 οὐδενὶ
603 2995 749 3067 λόγῳ
780 2997 1020 3050 ποιεῖται
1042 2994 1337 3050 Νικολάου.
1362 2995 1567 3067 Δώροις
1601 2996 1712 3067 γάρ
1733 2994 1876 3066 λαμ·

275 3091 447 3160 προϊς
470 3089 553 3142 ὅτι
584 3087 819 3158 μάλιστα
840 3087 933 3143 τὸν
962 3088 1106 3159 ρῆγα
1147 3087 1429 3157 Φραγγίας
1463 3087 1753 3158 Λοδόηχον,
1782 3085 1878 3140 καὶ

1975 1912 2090 1952 rem
2139 1897 2397 1967 imposito
2442 1905 2735 1954 stemmate
2787 1897 3084 1951 renuntiat.
3144 1895 3250 1950 Sed
3309 1907 3566 1952 versutus

1975 1990 2206 2047 Photius
2250 1989 2491 2061 plurima
2534 1990 2590 2044 in
2625 1988 2910 2044 Nicolaum
2965 1988 3278 2060 pontiﬁcem
3313 1988 3567 2053 moliens,

1975 2100 2101 2139 cum
2128 2098 2353 2154 operam
2382 2082 2626 2147 lusisset,
2660 2082 2978 2153 imperatori
3025 2081 3212 2138 multis
3258 2080 3440 2136 verbis
3484 2079 3572 2133 in-

1974 2171 2141 2226 citato
2162 2172 2222 2225 lit
2245 2180 2436 2225 auctor
2467 2170 2726 2240 cogendae
2766 2169 2982 2241 synodi,
3006 2184 3111 2240 qua
3143 2169 3407 2224 Nicolaus
3434 2183 3574 2239 pon-

1976 2260 2110 2317 tifex
2158 2258 2371 2331 (eadem
2419 2261 2695 2316 sententia
2743 2261 2797 2314 in
2832 2260 2983 2314 illum
3021 2260 3150 2321 lata,
3185 2275 3351 2330 quam
3396 2274 3574 2328 nuper

1976 2353 2068 2407 ille
2099 2352 2153 2406 in
2188 2350 2440 2407 Pltotiutn
2476 2351 2695 2422 tulerat)
2747 2360 3156 2406 exanctoretur.
3194 2349 3402 2404 Evocat
3440 2363 3573 2419 ergo

1975 2444 2274 2516 praeclarus
2323 2443 2416 2498 ille
2468 2441 2700 2498 Photins
2728 2443 3020 2514 episcopos
3065 2456 3259 2499 omnes
3303 2441 3407 2497 sibi
3439 2441 3574 2495 sub-

1976 2539 2173 2609 iectos,
2233 2536 2483 2606 aliosque
2524 2535 2823 2592 nonnullos
2873 2534 3052 2590 foedos
3087 2540 3144 2588 et
3187 2532 3443 2589 sordidos
3471 2531 3573 2585 ho-

1982 2631 2334 2695 rnanciones,
2370 2628 2528 2699 quasi
2588 2628 3027 2699 patriarcharum
3076 2624 3308 2680 orientis
3338 2624 3573 2694 legatos,

1978 2720 2603 2799 pseudoquelsynodum
2648 2720 2911 2786 instituit,
2942 2728 2997 2773 et
3046 2715 3575 2779 exauctorationem,

1982 2826 2043 2872 ut
2067 2800 2315 2886 putabat,
2338 2820 2506 2884 atque
2536 2813 2830 2867 anathema
2871 2810 3081 2865 nullam
3111 2808 3183 2863 ob
3214 2807 3485 2862 rationem
3517 2806 3578 2860 in

1979 2907 2268 2963 Nicolaum
2303 2919 2502 2976 papam
2538 2904 2862 2974 pronuntiat
2895 2917 3117 2971 :regem
3159 2914 3382 2971 quoque
3401 2896 3578 2951 Fran—

1980 3005 2079 3060 cia:
2100 3000 2443 3056 Lodoechum
2466 2997 2583 3071 (seu
2605 2995 2966 3067 Ludovicum)
2987 3005 3041 3050 et
3061 2993 3420 3063 lngelbertam
3440 2989 3581 3059 regi-

1983 3105 2107 3145 nam
2125 3088 2414 3158 conjugem
2444 3086 2793 3153 sqllicitat,et
2811 3085 3168 3155 imperatores
3184 3079 3579 3138 Constantino-

289 3159 668 3254 .nTﬂaépYW
699 3178 759 3234 δὲ
794 3179 895 3252 τὴν
935 3178 1101 3234 αὑτοῦ
1137 3181 1385 3251 γαμετὴν
1414 3181 1869 3251 ὑποποιούμενος,

1988 3181 2084 3253 poli
2103 3191 2346 3237 creatum
2372 3180 2436 3235 iri
2460 3178 2766 3249 pollicetur,
2791 3179 2836 3234 si
2854 3192 3075 3248 operam
3096 3159 3360 3230 navarent
3380 3171 3447 3227 ad
3469 3171 3575 3225 im-

283 3273 533 3345 βασιλεῖς
561 3272 786 3338 τούτους
815 3273 1152 3343 ἀνευφημεϊν
1194 3274 1252 3327 ἐν
1300 3271 1874 3327 Κωνσταντινουπόλει

279 3365 678 3437 ἐπηγγέλλετο,
713 3366 828 3434 εἴγε
857 3367 1251 3436 συνεργήσαιεν
1283 3364 1434 3437 αὺτῷ
1460 3364 1596 3437 πρὸς
1618 3364 1718 3436 τὴν
1748 3364 1878 3418 ἀτο-

278 3474 392 3513 πον
416 3458 621 3528 ταύτην
645 3458 742 3512 καὶ
772 3457 1015 3529 ἄθεσμον
1053 3456 1376 3528 ἐπιθυμίαν,
1412 3458 1506 3513 καὶ
1535 3458 1627 3512 τὸν
1674 3457 1881 3512 δίκαιον

275 3553 461 3625 ἄνδρα
478 3551 577 3623 τῆς
600 3551 725 3606 κατ’
748 3552 913 3605 αὐτὸν
952 3550 1279 3621 Ἐκκλησίας
1311 3549 1503 3621 βιαίως
1527 3549 1880 3619 ἐξωθήσαιεν.

277 3645 515 3701 Τούτων
563 3644 622 3698 δὲ
674 3642 1128 3714 ὑπισχνουμένων
1169 3642 1331 3711 λόγου
1365 3641 1579 3708 θᾶττον,
1621 3642 1831 3711 ἀλόγως
1855 3642 1884 3694 ό

283 3740 526 3810 μάταιος
563 3738 742 3808 μάτην
804 3735 1164 3805 ἀπεφαίνετο.
1220 3730 1503 3789 Ἐντεῦθεν
1567 3735 1887 3806 ὒπογραφαὶ

280 3833 392 3888 καὶ
432 3830 613 3901 φωναὶ
647 3829 953 3884 κανονικῶν
992 3846 1055 3883 τε
1095 3827 1410 3900 προσώπων
1441 3827 1538 3882 καὶ⁹
1565 3826 1883 3890 πολιτικῶν,

282 3923 713 3998 μητροπολιτῶν
736 3924 834 3977 καὶ
880 3921 1191 3994 πατρικίων
1213 3937 1231 3955 ο
1263 3922 1459 3985 ,πάντα
1497 3919 1680 3987 καινά,
1710 3919 1889 3975 πάντα

274 4020 404 4074 τῶν
437 4018 531 4072 ἐπὶ
565 4019 771 4089 σκηνῆς
792 4010 1210 4089 θρυλλουμένων
1234 4014 1568 4086 ματαιότερα
1600 4012 1697 4066 καὶ⁹
1716 4012 1891 4066 καταξ-

276 4113 665 4183 γελαστότερα
686 4128 700 4143 ·
726 4112 761 4182 ή
786 4111 895 4182 γάρ
916 4111 981 4165 ἐκ
998 4109 1190 4174 παιδὸς
1210 4109 1362 4181 αὐτῷ
1400 4106 1761 4179 παρεπομένη
1788 4106 1890 4175 τῆς

282 4206 478 4278 ψυχῆς
506 4193 706 4274 οἴησις,
743 4204 825 4267 εἰς
850 4200 1237 4274 ὑπερηφανίαν
1253 4218 1314 4254 τε
1329 4200 1522 4254 τοῦτον
1543 4199 1777 4269 ἐσχάτην
1800 4198 1894 4250 καὶ

284 4297 559 4352 ἀπόνοιαν
580 4292 979 4366 μετεωρίσασα,
1005 4291 1179 4356 ἀδεῶς
1199 4309 1260 4345 τε
1275 4291 1372 4345 καὶ
1388 4289 1620 4353 ἀναιδῶς
1637 4288 1894 4343 ἀνέπειθε

286 4390 367 4442 ’τά
388 4386 616 4441 τοιαῦτα
630 4385 858 4457 τολμᾷν.
876 4384 935 4439 '0
962 4384 1061 4455 μὲν
1086 4378 1180 4438 οὖν
1204 4381 1378 4438 ταῦτα
1397 4380 1898 4450 κατασκευασάμε-

290 4496 414 4546 νος,
435 4478 523 4533 διὰ
545 4478 732 4551 χειρὸς
787 4476 1061 4549 Ζαχαρίου
1104 4475 1202 4531 τοῦ
1250 4474 1478 4545 κωφοῦ,
1524 4474 1583 4538 ὃς
1613 4474 1704 4527 ὑπ’
1729 4473 1897 4527 αὐτοῦ

1979 3274 2128 3346 pium
2160 3289 2320 3330 suum
2353 3280 2609 3329 conatum
2632 3270 3070 3341 exsequendum,
3091 3277 3146 3324 et
3176 3265 3579 3336 virumjustum

1980 3383 2048 3424 ex
2078 3365 2307 3422 ecclesia
2342 3380 2439 3420 sua
2458 3363 2806 3435 exigendum.
2840 3361 2913 3418 lis
2943 3376 3079 3417 vero
3111 3360 3257 3415 dicto
3275 3358 3440 3414 citius
3463 3356 3582 3427 pel-

1982 3459 2297 3524 licentibus,
2336 3457 2543 3512 frustra
2596 3454 2799 3511 stultus
2859 3467 3018 3508 suam
3062 3448 3353 3506 stultitiam
3392 3456 3584 3501 osten-

1984 3551 2154 3605 tabat.
2194 3547 2334 3603 llinc
2360 3544 2819 3614 subscriptiones,
2844 3549 2900 3598 et
2926 3549 3052 3596 vota
3086 3538 3371 3594 hominum
3400 3550 3585 3591 saero-

1985 3657 2106 3696 rum
2127 3649 2184 3696 et
2210 3638 2596 3711 profanorum,
2642 3633 3185 3705 archiepiscoporum
3222 3638 3278 3685 et
3324 3626 3586 3699 patricio-

1987 3749 2111 3790 rum
2160 3749 2176 3788 :
2223 3746 2365 3787 vana
2412 3729 2598 3784 omnia
2630 3766 2647 3792 ,
2704 3726 2894 3782 omnia
2955 3722 3321 3779 theatralibus
3384 3717 3589 3775 fabulis

1989 3825 2280 3897 ineptiora.
2304 3822 2441 3878 Nam
2472 3834 2594 3892 qua:
2619 3819 2695 3874 illi
2720 3835 2750 3873 a
2782 3831 2954 3889 puero
2976 3815 3286 3869 adhaeserat
3315 3823 3590 3880 arrogans

1990 3919 2078 3976 sui
2115 3914 2479 3976 existimatio,
2504 3911 2696 3968 eadem
2747 3909 2814 3963 ad
2849 3922 3123 3964 summam
3153 3904 3308 3959 illum
3339 3901 3589 3956 insolen-

1992 4013 2123 4068 tiam
2145 4017 2560 4074 extremamque
2606 4001 2936 4057 dementiatn
2974 4005 3223 4054 evectum
3255 3992 3589 4056 adducebat,

1991 4111 2052 4157 ut
2082 4098 2214 4154 talia
2246 4107 2360 4151 tam
2414 4093 2682 4149 audenter
2709 4099 2765 4145 et
2799 4087 3145 4158 impudenter
3188 4084 3439 4140 auderet.
3492 4079 3592 4137 His

1994 4193 2086 4249 ille
2109 4188 2367 4246 omnibus
2394 4181 2723 4257 procuratis,
2754 4181 2949 4236 insana
2980 4187 3035 4233 et
3079 4176 3346 4246 sacrilega
3371 4171 3585 4245 (concio

1995 4282 2187 4341 liabuli
2219 4279 2330 4352 sui)
2367 4287 2489 4335 acta
2522 4291 2617 4347 per
2642 4272 2968 4330 Zachariam
3004 4269 3257 4341 Cophum
3284 4282 3313 4321 a
3342 4281 3402 4323 se
3417 4264 3586 4321 Chal-

1998 4377 2367 4435 cedonensem
2397 4362 2800 4439 metro’politam
2847 4374 3094 4421 creatum
3118 4401 3135 4427 ,
3163 4370 3218 4417 et
3241 4359 3593 4415 Theodorum

2001 4469 2328 4525 translatum
2367 4480 2399 4520 a
2447 4462 2610 4518 Caria
2642 4461 2711 4516 ad
2735 4458 3129 4514 Laodicensem
3181 4453 3592 4522 episcopatum,

284 4574 400 4644 τῆς
416 4547 768 4643 Χαλκηδόνος
786 4547 1196 4643 κεχειροτόνητο
1219 4586 1325 4641 μητ
1335 4567 1642 4639 ροπολίτης,
1661 4568 1754 4620 καὶ
1769 4565 1884 4619 Θεο-

2005 4564 2061 4619 in
2110 4560 2319 4616 Italiam
2376 4555 2707 4618 transmisit.
2759 4551 2882 4622 Ipse
2938 4565 3073 4603 vero
3130 4547 3357 4602 insitum
3402 4555 3595 4599 contra

290 4664 477 4740 δώρου
506 4664 600 4718 τοῦ
630 4664 737 4718 ἀπὸ
764 4664 981 4732 Καρίας
1023 4664 1104 4727 εἰς
1136 4661 1459 4717 Λαοδίκειαν
1485 4659 1897 4731 μετατεθέντος,

293 4758 404 4821 τὰς
431 4752 781 4827 παραλόγους
797 4753 963 4809 αὑτοῦ
988 4756 1086 4808 καὶ
1100 4756 1317 4824 ἐναγεῖς
1339 4753 1570 4825 πράξεις
1600 4753 1740 4824 πρὸς
1764 4752 1903 4807 ἰτα-

293 4850 426 4903 λίαν
466 4847 877 4914 ἐξαπέστειλεν.
925 4846 1098 4909 Αὐτὸς
1127 4844 1184 4899 δὲ
1221 4846 1320 4917 τῆς
1356 4845 1603 4916 ἐμφύτου
1634 4843 1778 4898 κατὰ
1806 4841 1902 4897 τοῦ

297 4940 465 5012 ἁγίου
509 4940 731 5013 μήνιδος
758 4941 958 5013 εἴχετο,
1004 4939 1099 4993 καὶ
1132 4937 1242 4991 τῶν
1273 4936 1516 5008 γνησίων
1540 4935 1707 4990 αὑτοῦ
1737 4934 1901 5006 θερα-

301 5035 551 5101 πευτῶν,
586 5034 790 5106 μᾶλλον
834 5033 893 5086 δὲ
923 5030 1316 5098 νόθων,,ὄσους
1339 5028 1593 5100 ἠδύνατο,
1619 5027 1899 5092 κλέπτων,

303 5130 407 5183 καὶ
436 5129 560 5190 ταῖς
612 5123 943 5197 ματαιότησι
987 5121 1097 5176 τῶν
1139 5120 1470 5192 ἀξιωμάτων
1515 5118 1807 5183 δελεάζων,
1834 5116 1902 5170 δι’

302 5221 489 5276 αὐτῶν
512 5220 614 5291 τὴν
647 5216 886 5288 πτέρναν
912 5214 1006 5269 τοῦ
1022 5214 1262 5269 ἀναιτίου
1286 5215 1545 5284 ἐπετήρει
1567 5230 1584 5244 ·
1615 5209 1906 5282 ἡμάρτανε

307 5321 371 5376 δὲ
390 5319 502 5373 τῶν
532 5317 768 5371 ἐλπίδων
788 5332 802 5347 ⁸
835 5315 1016 5388 πάσης
1048 5316 1159 5387 γὰρ
1197 5312 1532 5385 ὑψηλότερος
1566 5309 1905 5381 κατηγορίας

309 5412 343 5464 6
373 5409 646 5482 μακάριος
669 5403 739 5481 ῆν
764 5425 777 5439 ·
811 5409 871 5462 ἐν
915 5409 1032 5471 τοῖς
1069 5405 1254 5478 ἔργοις
1282 5405 1340 5458 δέ
1368 5403 1479 5458 τῶν
1509 5401 1712 5475 χειρῶν
1741 5400 1906 5456 αὐτοῦ

310 5502 645 5574 κακουργῶν
698 5500 1159 5573 συνελαμϐάνετο.
1210 5498 1449 5567 Ἀγνοῶν
1475 5496 1533 5550 δὲ
1567 5494 1788 5567 ἀληθῶς
1821 5497 1904 5559 είς

311 5595 439 5651 τίνα
463 5595 527 5650 τὸ
559 5593 760 5666 κράτος
792 5595 888 5664 τῆς
922 5592 1204 5664 βασιλείας
1241 5590 1617 5662 περιίσταται,
1653 5587 1782 5642 ποτὲ
1812 5587 1909 5659 μὲν

316 5691 459 5761 πρὸς
482 5689 575 5741 τὸν
601 5686 825 5759 Μιχαὴλ
854 5685 1103 5741 διέϐαλλε
1134 5683 1437 5749 Βασίλειον,
1463 5680 1619 5744 αὖθις
1646 5679 1704 5733 δὲ
1720 5679 1911 5733 τοῦτον

319 5780 459 5851 πρὸς
488 5781 717 5847 ἐκεῖνον,
752 5781 976 5851 ἀμφοῖν,
1007 5778 1083 5844 ὡς
1111 5776 1348 5849 ἐνόμιζε,
1384 5774 1570 5845 φιλίαν
1598 5789 1912 5843 καταπρατ-

315 5874 571 5946 τόμενος,
620 5874 648 5928 6
708 5872 1036 5946 ἀμφοτέρων
1085 5869 1184 5942 τὴν
1226 5867 1411 5940 φιλίαν
1450 5866 1551 5922 οὐκ
1596 5866 1654 5921 ἐν
1685 5862 1912 5937 ἀληθείᾳ

2002 4664 2254 4713 sanctum
2294 4651 2471 4706 virum
2505 4649 2693 4706 odium
2727 4645 2942 4709 alebat,
2980 4658 3045 4699 ac
3074 4648 3348 4712 quotquot
3378 4654 3446 4693 ex
3475 4636 3597 4707 ejns

2002 4747 2304 4820 germanis,
2359 4749 2455 4798 aut
2511 4738 2718 4811 spuriis
2751 4738 2933 4806 potius
2959 4734 3326 4791 sectatoribus
3361 4737 3597 4802 poterat,

2002 4839 2191 4895 furtim
2222 4837 2290 4893 ad
2322 4851 2383 4893 se
2416 4834 2688 4898 trahebat,
2719 4827 3193 4900 dignitatibusque
3219 4825 3458 4880 vesania:
3486 4837 3602 4876 suae

2003 4931 2282 4992 illiciebat,
2316 4944 2411 4998 per
2436 4941 2576 4998 quos
2603 4921 2913 4979 innocentis
2967 4919 3233 4975 calcaneo
3298 4914 3601 4972 insidiaba-

2004 5013 2115 5080 tur'.
2158 5022 2267 5077 Sed
2297 5022 2444 5076 enim
2493 5032 2590 5088 spe
2647 5013 3044 5075 lrustrabatur,
3081 5010 3231 5081 quod
3286 5009 3483 5064 beatus
3513 5005 3604 5060 ille

2001 5119 2115 5190 jam
2146 5123 2298 5171 extra
2347 5126 2565 5168 omnem
2596 5115 2741 5163 esset
2763 5105 2938 5160 aleam
2961 5104 3372 5158 calumniarum
3404 5117 3419 5153 :
3447 5097 3600 5152 Pho-

2008 5212 2118 5267 tius
2144 5216 2325 5262 autem
2361 5204 2415 5258 in
2448 5200 2709 5272 operibus
2736 5212 3000 5253 manuum
3033 5210 3259 5252 suarum
3294 5191 3605 5260 malignans

2007 5299 2349 5372 capiebatur.
2388 5294 2493 5361 Qui
2524 5307 2649 5347 cum
2674 5289 2875 5345 dubius
2904 5288 3158 5353 haereret,
3186 5286 3253 5340 ad
3284 5296 3447 5355 quem
3477 5292 3604 5335 tan-

2010 5370 2135 5449 dem
2160 5402 2375 5445 summa
2407 5382 2621 5454 imperii
2645 5388 2793 5436 esset
2822 5390 3171 5449 perventura,
3204 5373 3439 5429 subinde
3464 5370 3604 5442 apud

2014 5480 2336 5540 Michaelem
2408 5473 2667 5544 carpebat
2721 5468 3011 5534 Basilium,
3071 5481 3127 5523 et
3163 5464 3406 5521 vicissim
3461 5463 3607 5532 apud

2013 5576 2281 5632 Basiliam
2340 5565 2694 5625 obtrectabat
2716 5561 2992 5625 Michaeli,
3029 5570 3190 5616 ratus
3222 5556 3515 5613 amborum
3548 5568 3610 5608 se

2016 5671 2092 5725 ita
2116 5662 2418 5723 amicitiam
2455 5657 2560 5714 sibi
2591 5650 3209 5725 comparaturunt,dtnn
3237 5664 3365 5721 erga
3391 5658 3609 5703 utrum-

2014 5776 2124 5835 que
2155 5753 2591 5815 benevolentiam
2627 5746 2952 5812 simularet,
3004 5754 3065 5800 ut
3118 5753 3241 5799 uter
3289 5740 3513 5797 tandem
3543 5753 3612 5793 ex

2017 5858 2125 5916 illis
2160 5852 2312 5912 solus
2343 5846 2632 5921 imperium
2662 5841 2957 5909 obtineret,
2985 5840 3139 5896 illum
3170 5838 3275 5897 sibi
3307 5834 3615 5896 devinctis-
