4022 6428
462 377 570 441 5‘39

1655 382 1949 445 NICETl’E
1989 386 2443 450 PAPHLAGON
2450 389 2521 451 IS

466 488 669 543 simum
709 485 950 542 haberet.
976 486 1137 555 Atqui
1169 501 1280 541 non
1318 487 1570 558 probavit
1597 504 1655 545 se
1685 491 2047 564 Basilio,'qui

2169 498 2611 569 ὅποκρινόμενος,
2667 500 2764 554 καὶ
2811 500 3083 571 οἰόμενος,
3126 500 3202 565 ὡς
3228 503 3412 566 ὁποῖος
3440 504 3508 558 ἂν
3538 507 3757 562 τούτων

465 576 1122 661 admodum‘veteratoris
1170 581 1317 638 illius
1375 582 1617 651 strophis
1646 585 2049 642 oﬂ'endebatur.

469 671 577 727 Nec
610 675 682 727 ita
720 674 890 738 multo
919 682 1044 743 post
1089 673 1206 745 ipse
1230 674 1461 731 Michael
1488 675 1555 730 ad
1588 678 1765 740 sancti
1803 678 2053 734 Maman-

469 767 537 820 tis
569 766 825 838 martyris
881 767 1049 821 :edem
1103 782 1202 836 per
1252 767 1481 823 insidias
1532 777 1823 837 mactatur,
1861 773 2054 827 merito

467 859 743 930 dignoque
778 875 877 914 sua
928 861 1188 927 amentia,
1217 862 1427 917 scelere
1483 871 1538 918 et
1590 863 1890 934 impietate,
1941 864 2055 920 fato

467 951 822 1021 perfunctus;
859 943 983 1009 cdm
1017 952 1310 1023 imperium
1363 969 1471 1009 una
1501 970 1626 1010 eum
1680 965 1852 1011 matre
1879 972 2054 1014 annos

467 1046 804 1116 quindecim,
849 1058 1063 1103 incuses
1098 1056 1244 1113 octo,
1282 1048 1433 1103 solus
1458 1064 1653 1105 novem
1686 1064 1851 1121 prope
1878 1066 2055 1107 annos

468 1139 909 1194 administrasset
941 1153 957 1193 :
992 1154 1231 1209 eumque
1288 1141 1494 1196 ma‘lum
1550 1140 1774 1197 fecisset
1830 1143 1884 1198 in
1923 1158 2056 1199 con-

469 1240 657 1300 spectu
697 1229 956 1286 Ecclesia:
982 1230 1096 1295 Dei,
1118 1232 1296 1301 periit.
1328 1230 1491 1287 Initio
1520 1243 1702 1288 autem
1734 1234 2049 1293 indictionis

468 1321 677 1391 primae,
712 1337 764 1374 ix
823 1319 944 1376 Kal.
1000 1319 1273 1386 Octobris,
1302 1323 1539 1379 Basilius
1585 1324 1734 1392 regia
1790 1334 2055 1395 occupata

471 1414 772 1483 imperator
803 1425 887 1468 est
920 1415 1345 1469 consalutatus:
1386 1418 1477 1485 qui
1537 1416 1725 1472 missis
1777 1418 1845 1473 ad
1898 1432 2056 1472 revo-

467 1506 700 1561 candum
731 1521 795 1559 ex
830 1506 1026 1561 itinere
1056 1504 1405 1571 Zachariam,
1465 1507 1619 1561 illum
1673 1522 1705 1562 e
1760 1508 1939 1563 media
1967 1508 2053 1562 via

466 1577 716 1650 retraxit.
776 1594 1116 1665 Posteroque
1168 1596 1257 1650 die
1319 1611 1483 1665 quam
1536 1597 1888 1651 renuntiatus
1934 1605 2054 1651 erat

466 1687 784 1755 imperator,
816 1684 1074 1741 Photium
1099 1685 1168 1741 de
1198 1688 1400 1741 throno
1429 1686 1775 1742 deturbatum
1801 1727 1817 1753 ,
1852 1686 1907 1741 in
1937 1701 2053 1742 coe-

468 1781 695 1835 nobium
773 1778 980 1849 Sccpen
1043 1780 1376 1851 appellatum
1430 1780 1615 1850 ejicit;
1682 1779 2058 1850 postridieque

2165 590 2523 659 μονοκράτωρ
2572 591 2888 663 ἀναδειχθῇ,
2919 593 3108 646 τοῦτον
3139 596 3220 658 εἰς
3257 596 3567 667 οἰκειότητα
3610 616 3754 671 προ-

2163 683 2442 752 στήσεται.
2469 683 2583 736 Ούκ
2613 685 2814 755 ἤρεσκε
2856 685 2916 739 δέ
2956 686 3036 756 τῷ
3066 687 3331 760 Βασιλείῳ
3367 690 3563 757 ταῦτα,
3602 695 3750 747 πάνυ

2159 771 2217 825 δὲ
2252 775 2374 837 ταῖς
2408 775 2767 847 πανουργίαις
2790 777 3136 851 προσώχθισε
3163 780 3257 835 τοῦ
3306 784 3496 851 σοφοῦ.
3532 787 3755 858 Μικρὸν

2162 865 2321 929 τδέν
2353 865 2527 938 μέσῳ,
2579 869 2674 921 καὶ
2726 869 2890 934 αὐτὸς
2921 873 2949 925 6
2986 872 3206 942 Μιχαὴλ
3247 874 3382 945 1:96;
3421 876 3500 944 τῷ
3531 878 3753 948 τεμένει

2161 958 2256 1011 τοῦ
2301 958 2601 1031 Μάρτυρος
2635 960 2937 1031 Μάμαντος
2992 963 3381 1034 δολοφονεῖται,
3444 967 3604 1032 ἀξίαν
3648 970 3752 1041 τῆς

2161 1049 2364 1115 ἀνοίας,
2393 1051 2569 1105 είτουν
2606 1052 2820 1117 ἀδικίας
2846 1054 3012 1108 αύτοῦ
3044 1055 3139 1108 καὶ
3166 1056 3422 1120 ἀσεϐείας
3445 1058 3749 1129 δεξάμενος

2160 1139 2449 1211 τελευτήν
2504 1141 2728 1212 χρόνους
2780 1144 2883 1214 μὲν
2936 1146 3333 1199 πεντεκαίδεκα
3405 1148 3503 1202 καὶ
3565 1148 3751 1220 μῆνας

2160 1229 2306 1283 ὀκτὼ
2354 1230 2875 1302 συμϐεϐασιλευκὼς
2922 1237 2988 1305 τῇ
3047 1235 3240 1306 μητρὶ,
3289 1237 3447 1291 ἐννέα
3494 1237 3553 1291 δέ
3596 1239 3749 1309 παρὰ

2164 1321 2336 1392 βραχὺ
2397 1322 2557 1392 μόνος
2620 1321 2716 1393 ἔτη
2762 1325 3159 1396 κεκρατηκὼς,
3216 1326 3311 1380 καὶ
3364 1328 3428 1381 τὸ
3506 1330 3750 1401 πονηρὸν

2161 1414 2392 1467 ἐνώπιον
2413 1414 2513 1484 τῆς
2539 1414 2867 1484 Ἐκκλησίας
2886 1417 3091 1488 Κυρίου
3136 1417 3479 1486 πεποιηκὼς,
3497 1421 3749 1491 τελευτᾷ.

2164 1506 2363 1576 Πρώτη
2425 1506 2524 1576 μὲν
2572 1506 2843 1561 ίνδικτιὼν
2901 1506 3047 1579 εἶχεν
3080 1511 3276 1580 ἀρχὴν,
3319 1511 3515 1567 εἰκάδα
3562 1513 3621 1566 δὲ
3656 1514 3752 1569 καὶ

2160 1595 2431 1667 τετάρτην
2467 1598 2495 1649 6
2543 1596 2953 1670 Σεπτέμϐριος,
3002 1600 3099 1654 καὶ
3136 1603 3164 1655 6
3205 1601 3485 1669 Βασίλειος
3517 1605 3658 1676 πρὸς
3682 1607 3750 1662 τά

2165 1690 2412 1759 βασίλεια
2442 1691 2928 1763 κατευθυνόμενος,
2954 1694 3316 1768 αὐτοκράτωρ
3359 1699 3748 1770 ἀνηγορεύετο.

2163 1783 2418 1852 Παρευθὺ
2448 1781 2504 1836 δὲ
2538 1783 2763 1854 πέμψας
2811 1787 2892 1848 είς
2925 1786 3298 1859 καταδρομὴν,
3334 1791 3463 1854 τοὺς
3506 1793 3635 1863 περὶ
3658 1794 3751 1848 τὸν

469 1873 643 1927 Eliam
702 1872 1213 1943 splendidissimum
1267 1874 1430 1943 regite
1467 1873 1661 1928 classis
1692 1873 2051 1943 drungarium

2169 1874 2433 1945 ζαχαρίαν
2466 1875 2821 1946 Καλχηδόνος
2841 1876 2907 1930 ἐκ
2934 1878 3108 1949 μέσης
3130 1880 3443 1951 ἀπέστρεψε
3470 1882 3570 1952 τῆς
3592 1884 3740 1939 ὀδοῦ.

465 1978 591 2016 cum
622 1960 889 2017 dromone
914 1965 1087 2033 regio,
1124 1977 1226 2017 seu
1279 1962 1486 2028 celoce,
1537 1961 1603 2016 ad
1642 1963 2055 2017 sanctissimum

466 2055 837 2125 patriareham
865 2071 934 2112 ex
964 2056 1143 2112 insula
1158 2053 1694 2126 Constantinopolim
1725 2071 1789 2110 ea
1821 2072 1927 2125 qua
1959 2071 2058 2125 par

464 2155 551 2200 est
582 2147 808 2203 honoris
838 2163 1036 2218 pompa
1074 2148 1451 2204 reducendum
1493 2147 1702 2202 mittit:
1741 2148 1834 2218 qui
1896 2147 2053 2201 illum

2163 1964 2242 2035 Τῇ
2276 1963 2399 2033 ἑξῆς
2420 1964 2483 2019 δέ
2512 1964 2653 2034 μετὰ
2679 1966 2781 2035 τὴν
2802 1965 3185 2039 ἀναγόρευσιν,
3217 1969 3315 2023 τοῦ
3347 1973 3736 2044 πατριαρχικοῦ

2160 2052 2354 2124 θρόνου
2391 2053 2482 2107 τὸν
2518 2053 2724 2110 Φώτιον
2758 2056 3143 2123 καταϐιϐάζει,
3189 2059 3287 2113 καὶ
3315 2061 3374 2114 ἐν
3398 2065 3741 2133 μοναστηρὶῳ

2162 2147 2273 2200 τινὶ
2336 2146 2661 2219 καλουμένῳ
2722 2149 2913 2222 Σκέπῃ
2961 2151 3152 2205 τοῦτον
3186 2152 3348 2217 εὐθὺς
3394 2154 3745 2226 ὑπερορίζειο

466 2240 737 2309 tantisper
787 2241 840 2294 in
887 2241 1134 2310 paternis
1165 2239 1374 2295 aedibus
1410 2239 1550 2305 suis,
1592 2253 1730 2308 quas
1782 2238 2051 2308 Mangana

2169 2238 2251 2291 ιαὶ
2300 2241 2367 2309 τῇ
2423 2239 2689 2311 ἐπαύριον
2746 2241 2933 2295 Ἠλίαν
2991 2243 3085 2297 τὸν
3140 2246 3609 2317 περιφανέστατον
3653 2246 3752 2303 τοῦ

465 2330 765 2398 appellant,
795 2332 1052 2388 collocat.

2157 2330 2441 2403 βασιλικοῦ
2466 2333 2655 2387 στόλου
2700 2333 3063 2406 δρουγγάριον
3096 2337 3195 2390 σὺν
3229 2338 3309 2409 τῷ
3336 2338 3607 2412 βασιλικῷ
3630 2340 3755 2411 696-

468 2439 608 2493 μωνι
658 2424 794 2494 πρὸς
853 2424 946 2478 τὸν
980 2423 1285 2494 ἁγιώτατον
1311 2422 1633 2479 ἀποστέλλει
1672 2424 2047 2496 πατριάρχην,
2087 2424 2238 2489 ὅπως
2298 2426 2463 2479 αὐτὸν
2516 2428 2582 2480 ἐκ
2626 2428 2726 2498 τῆς
2773 2429 2940 2499 νήσου
2979 2429 3115 2501 πρὸς
3182 2432 3283 2503 τήν
3359 2430 3755 2501 βασιλεύουσαν

466 2516 609 2587 μετά
636 2516 738 2587 τῆς
762 2517 1081 2588 πρεπούσης
1111 2517 1383 2589 ἀνενέγκῃ
1416 2516 1587 2604 τιμῆς
1608 2533 1622 2549 ο
1650 2519 1748 2571 καὶ
1777 2517 1916 2582 τέως
1950 2516 2047 2587 μὲν
2086 2519 2144 2571 ἐν
2205 2521 2320 2582 τοῖς
2380 2523 2621 2589 γονικοίς
2680 2521 2847 2576 αὐτοῦ
2905 2522 3193 2589 παλατίοις
3238 2527 3353 2590 τοῖς
3384 2527 3747 2599 καλουμένοις

462 2612 779 2681 Μαγκάνοις
815 2611 1247 2681 ἀποκαθίστησιν
1271 2611 1456 2665 αὐτόν.

539 2708 610 2765 Ut
638 2722 768 2765 vero
798 2710 1063 2781 improbat
1084 2719 1232 2766 artes
1258 2725 1450 2766 omnes
1482 2719 1675 2767 contra
1713 2712 1890 2766 virum
1924 2725 2056 2767 san-

462 2813 617 2858 ctum
672 2803 935 2858 omnibus
962 2811 1208 2875 pateant,
1247 2802 1340 2872 qui
1387 2802 1747 2873 apprehendit
1779 2803 2055 2873 sapientes

464 2895 522 2949 in
555 2894 759 2950 astutia
789 2910 1005 2960 eorum,
1047 2903 1105 2950 et
1148 2896 1441 2957 consilium
1474 2911 1766 2966 pravorum
1803 2898 2055 2967 dissipat,

462 2988 558 3042 ille
617 2988 779 3042 etiam
826 2986 1141 3056 imperatori
1196 2987 1382 3058 injecit
1432 3002 1553 3043 eam
1605 2998 1867 3056 mentem,
1902 2998 1963 3044 ut
1991 2990 2060 3045 ad

462 3077 717 3133 Photium
776 3078 1040 3146 mitteret,
1085 3078 1434 3150 juberetque,
1485 3080 1671 3136 omnia
1711 3097 1834 3152 qua:
1890 3097 1920 3137 a
1963 3098 2062 3152 pa-

2238 2706 2359 2760 ’ῐνα
2385 2705 2442 2759 δέ
2472 2708 2622 2761 πᾶσα
2674 2707 2708 2778 ὴ
2762 2706 2902 2760 κατά
2940 2706 3034 2761 τοῦ
3062 2707 3219 2778 άγίου
3259 2707 3485 2779 γένηται
3513 2711 3756 2781 πονηρία

2164 2799 2548 2869 καταφανὴς,ὁ
2570 2799 2939 2871 δρασσόμενος
2965 2800 3094 2865 τοὺς
3120 2801 3320 2871 σοφοὺς
3334 2801 3393 2854 ἐν
3421 2804 3485 2873 τῇ
3510 2820 3753 2876 πανουρ-

2166 2890 2260 2961 γίᾳ
2292 2890 2495 2958 αὐτῶν,
2555 2889 2911 2943 πολυπλόκων
2964 2889 3021 2944 δὲ
3053 2889 3248 2960 βουλὰς
3299 2890 3545 2957 ἐξιστῶν.
3591 2895 3757 2965 αὐτὸς

2167 2982 2430 3053 ἐμϐάλλει
2474 2983 2569 3037 καὶ
2621 2982 2699 3054 τῷ
2748 2982 3112 3055 αὐτοκράτορι
3153 2982 3420 3056 Βασιλείῳ
3466 2984 3756 3057 λογισμόν.

2168 3074 2279 3127 Καὶ
2310 3074 2631 3129 ἀποστέλλει
2691 3074 2830 3146 πρὸς
2855 3075 3085 3143 Φώτιον,
3141 3075 3211 3131 τά
3243 3077 3506 3148 ίδιόχειρα
3550 3081 3754 3147 πάντα,

460 3169 725 3226 triarchio
757 3170 1103 3240 sumpsisset,
1157 3186 1325 3227 manu
1383 3186 1485 3227 sua
1526 3172 1751 3242 scripta,
1787 3174 2061 3244 quampri-

2169 3166 2269 3220 ὅσα
2291 3166 2400 3221 ἀπὸ
2437 3166 2531 3221 τοῦ
2565 3168 2959 3239 πατριαρχείου
3009 3168 3212 3225 κατιὼν
3249 3169 3463 3235 ἐλαϐεν,
3510 3172 3759 3244 ἀνυπερ-

460 3277 615 3316 mum
650 3263 755 3318 sibi
803 3263 1121 3319 transmitti.
1173 3262 1280 3319 Sed
1342 3263 1623 3334 pejerabat
1679 3264 1790 3331 illo,
1836 3266 1972 3319 nihil
2005 3280 2065 3322 se

460 3369 529 3408 ex
564 3354 901 3425 patriarchio
949 3370 1137 3410 secum
1197 3356 1498 3426 accepisse,
1543 3371 1610 3411 eo
1650 3357 1797 3427 quod
1847 3373 2068 3429 urgere-

463 3455 557 3500 tur
588 3446 655 3501 ad
705 3446 1039 3502 discessum.
1089 3447 1230 3501 Dum
1284 3447 1398 3502 hcce
1427 3449 1493 3501 ad
1529 3448 1765 3503 Baanem
1808 3451 2070 3519 praeposi-

462 3548 584 3593 tum
637 3537 977 3601 dicerentur,
1015 3537 1207 3593 famuli
1238 3540 1517 3609 praepositi
1548 3555 1577 3595 a
1607 3540 2067 3599 tumultuantibus

464 3631 610 3684 inter
640 3645 700 3684 se
722 3629 904 3686 Photii
933 3629 1130 3693 sentis,
1157 3639 1364 3700 septem
1399 3646 1591 3687 saccos
1622 3632 1870 3700 refertos,
1896 3635 2068 3704 plum-

464 3721 650 3792 boque
707 3720 975 3792 signatos,
1010 3720 1064 3775 in
1124 3721 1435 3791 proximum
1491 3723 1880 3779 arundinctum
1936 3740 2068 3781 con-

389 3814 406 3825 ‘
466 3812 678 3868 dendos
727 3811 859 3867 ferri
897 3812 1360 3878 animadvertunt,
1398 3831 1677 3886 manuque
1712 3816 1910 3886 injecta
1945 3833 2066 3873 ere-

464 3921 592 3979 ptos
637 3907 706 3963 ad
736 3908 1120 3978 imperatorem
1151 3909 1463 3981 deportant.
1505 3910 1567 3966 Et
1598 3913 1726 3968 dum
1760 3915 2064 3986 resignant,

464 4003 579 4056 duo
639 4002 924 4057 volumina
972 4017 1108 4058 auro
1141 4012 1481 4073 argentoque
1516 4005 1817 4074 bractcata,
1856 4008 2065 4063 serico-

465 4109 574 4164 que
615 4102 925 4150 extrorsum
981 4095 1181 4163 velata,
1242 4097 1544 4151 introrsum
1609 4112 1739 4152 vero
1787 4099 2067 4171 eleganter

468 4196 522 4241 et
548 4187 685 4243 scite
713 4186 909 4244 litteris
938 4189 1188 4243 venustis
1210 4198 1436 4244 exarata
1474 4191 1775 4260 reperiunt.
1814 4191 2064 4249 Alterum

467 4277 786 4334 continebat
827 4281 1078 4336 actiones
1110 4291 1321 4350 septem
1365 4282 1657 4350 synodicas
1683 4293 1873 4338 contra
1910 4282 2067 4354 lgna-

469 4369 629 4435 tium,
685 4385 809 4439 qua:
832 4385 932 4425 nec
961 4379 1110 4438 sunt,
1142 4386 1245 4425 nec
1291 4370 1513 4426 fuerunt
1546 4388 1789 4443 unquam
1819 4373 2067 4429 celebra-

468 4470 558 4524 tae,
587 4461 680 4515 sed
713 4461 882 4531 gratis
925 4471 1109 4517 astuta
1154 4461 1423 4516 duntaxat
1479 4471 1663 4517 mente
1706 4463 1972 4520 conﬁctae.
2004 4464 2062 4520 In

2172 3257 2349 3323 θέτως
2380 3258 2529 3331 αύτῷ
2560 3259 2776 3331 πέμψαι
2825 3261 3345 3335 παρεκελευόμενος.
3381 3261 3443 3316 Ὃ
3475 3263 3536 3317 δέ
3569 3263 3760 3337 ὅρκοις

2169 3351 2445 3420 ἐψεύδετο,
2473 3351 2641 3423 μηδὲν
2662 3350 2904 3406 τοιοῦτον
2927 3352 3138 3407 ἐκεῖθεν
3160 3354 3367 3419 λαϐεῖν,
3398 3353 3475 3425 τῷ
3506 3355 3763 3409 κατεπεί-

2168 3441 2363 3512 γεσθαι
2396 3443 2533 3514 πρὸς
2561 3441 2663 3513 τὴν
2694 3442 3019 3498 κατάϐασιν.
3071 3444 3159 3507 Ὧς
3183 3440 3278 3497 οὖν
3310 3442 3487 3498 ταῦτα
3515 3446 3762 3516 παράύ·

2166 3533 2262 3587 τοῦ
2303 3533 2441 3605 πρὸς
2483 3534 2576 3587 τὸν
2600 3535 2961 3607 πραιπόσιτον
2992 3535 3208 3606 Βαάνην
3243 3535 3483 3606 ἐλέγετο,
3512 3536 3566 3589 oi
3588 3534 3759 3589 αὐτοῦ

2168 3626 2563 3699 θορυϐούμενοι
2602 3625 2979 3696 θεραπευταὶ,
3034 3626 3175 3680 ἐπτά
3226 3628 3466 3690 σάκκους
3526 3627 3759 3697 πλήρεις

2166 3718 2644 3792 ἐσφραγισμένους
2689 3718 2925 3791 μολίϐδῳ
2988 3719 3071 3782 εἰς
3126 3719 3219 3772 τὸν
3274 3718 3507 3789 πλησίον
3545 3719 3763 3774 ἐνίεσαν

2166 3814 2472 3884 καλαμῶνα
2512 3812 2952 3883 κατακρύϐοντες
2976 3827 2990 3843 ⁸
3026 3811 3119 3875 οὓς
3155 3814 3203 3865 οί
3217 3813 3345 3885 περὶ
3376 3812 3468 3867 τὸν
3507 3813 3763 3884 πραιπό-

2168 3924 2316 3960 σιτον
2346 3906 2568 3970 ἰδόντες,
2602 3906 2697 3959 καὶ
2746 3906 2844 3975 τῆς
2892 3903 3077 3978 χειρὸς
3113 3905 3569 3986 ἀφαρπάσαντες,
3621 3905 3762 3974 πρὸς

2166 4000 2259 4053 τὸν
2310 3998 2540 4071 βασιλέα
2583 3998 2953 4068 ἀπεκόμισαν.
3018 3997 3356 4064 Ἀνοίξαντες
3408 3995 3465 4050 δὲ
3508 3995 3760 4060 τούτους,

2167 4091 2263 4145 δύο
2304 4091 2619 4161 εὑρίσκουσι
2676 4087 2856 4161 βιϐλία
2899 4087 3087 4160 χρυσῷ
3120 4089 3214 4144 καὶ
3248 4085 3475 4158 ἀργύρῳ
3507 4091 3761 4158 σηρικοίς

2168 4183 2464 4254 ἐνδύμασιν
2484 4181 2684 4247 ἔξωθεν
2707 4181 3125 4252 κεκοσμημένα,
3156 4178 3360 4234 ἔσωθεν
3376 4178 3431 4231 δὲ
3453 4178 3763 4248 φιλοκάλως

2169 4274 2266 4329 καὶ
2287 4274 2565 4346 ἐπιμελῶς
2590 4274 2883 4344 γράμμασι
2904 4271 3266 4343 γεγραμμένα
3293 4272 3570 4343 τερπνοῖς.
3597 4272 3763 4341 Περι-

2170 4370 2281 4440 εῖχε
2316 4367 2374 4422 δὲ
2418 4366 2577 4421 τδέν
2613 4365 2840 4438 πράξεις
2871 4364 3011 4418 ἑπτὰ
3030 4364 3346 4429 συνοδικάς,
3366 4364 3464 4428 τὰς
3489 4363 3763 4435 μηδέποτε

2170 4461 2358 4529 οὗσας,
2390 4460 2424 4534 ἢ
2452 4460 2775 4531 γενομένας,
2836 4456 2980 4513 κατά
3021 4456 3116 4512 τοῦ
3170 4457 3458 4527 Ἰγνατίου,
3493 4458 3676 4527 μάτην
3705 4455 3764 4510 δὲ

470 4568 703 4623 quarum
754 4554 986 4625 singulis
1042 4555 1237 4623 initiis,
1280 4571 1444 4611 manu
1515 4556 1689 4627 ipsius
1737 4555 2063 4629 Syracusani

2173 4554 2529 4622 κακοδαίμονι
2560 4552 2719 4625 μόνον
2745 4551 3246 4622 ἀναπεπλασμένας
3284 4550 3515 4621 διανοίᾳ.
3536 4550 3628 4603 Ἑν
3645 4551 3766 4611 ταῖς

473 4644 725 4699 Asbestae
774 4645 1014 4716 (egregie
1062 4646 1235 4709 enim,
1268 4647 1332 4701 ad
1370 4648 1678 4714 cumulum,
1712 4663 1858 4713 reor,
1902 4649 2075 4704 malo-

471 4751 621 4801 rum,
668 4745 724 4792 et
779 4737 1038 4809 pingendi
1098 4739 1395 4795 artiﬁcium
1449 4740 1742 4809 didicerat)
1797 4742 2075 4797 coloribus

473 4826 792 4885 artiﬁciosis
826 4844 1125 4899 expressus
1155 4839 1274 4885 erat
1304 4830 1571 4903 Iguatius.
1611 4830 1656 4886 0
1683 4832 1959 4889 rabiosum
1987 4834 2076 4889 ln-

474 4934 682 4985 rorem,
715 4936 748 4977 o
797 4920 1062 4980 furiosam
1115 4921 1347 4989 rabiem,
1380 4922 1467 4979 cui
1503 4921 1640 4977 nihil
1699 4922 1824 4978 addi
1876 4923 2070 4994 possit!

472 5013 655 5083 Atque
710 5016 763 5070 in
807 5015 985 5087 prima
1037 5016 1261 5086 quidem
1300 5016 1521 5072 actione
1563 5025 1837 5087 raptatum
1872 5024 1927 5072 et
1950 5031 2077 5072 ‘ver-

476 5109 724 5164 bcratum
755 5109 1024 5179 lgnatium
1056 5109 1285 5174 elﬁnxit,
1315 5125 1595 5181 supraque
1662 5119 1826 5181 caput
1874 5110 2075 5166 inscri-

476 5204 617 5274 psit:
653 5202 930 5259 Diabolus.
965 5203 1222 5275 Nunquid
1252 5220 1359 5260 non
1374 5205 1650 5260 maledicti
1680 5204 2074 5260 exhorrescitis

475 5297 812 5352 atrocitatem
844 5296 868 5350 ?
900 5294 1006 5354 Sed
1042 5311 1148 5351 non
1186 5306 1287 5361 cst,
1323 5296 1471 5367 quod
1502 5296 1804 5351 miremini.
1853 5294 1991 5350 Nam
2024 5295 2073 5350 si

477 5387 937 5458 patremfamilias
965 5390 1312 5459 appellarunt
1359 5386 1686 5452 Beelzebub,
1729 5388 2073 5443 domesticos

480 5480 602 5549 ejus
630 5480 910 5551 quomodo
943 5481 1287 5551 appellarent
1316 5480 1418 5534 ?ln
1449 5480 1617 5536 altera
1649 5479 1866 5534 actione
1901 5479 2076 5549 sputis

483 5573 773 5636 Relatum,
822 5588 1130 5642 magnaque
1170 5572 1221 5626 vi
1276 5580 1508 5627 tractum
1562 5571 1895 5639 etl'ormavit,
1944 5587 2072 5627 cum

482 5665 596 5722 hoc
681 5666 861 5736 elogio
931 5684 944 5720 :
1026 5665 1358 5735 Principium
1434 5663 1665 5734 peccati.
1728 5662 1786 5717 lu
1862 5664 2068 5731 tertia,

483 5758 550 5812 de
619 5760 820 5815 throno
896 5759 1267 5823 deturbatum,
1348 5773 1473 5816 cum
1552 5757 1654 5813 hoc
1734 5757 1893 5813 titulo
1933 5774 1946 5810 :
1985 5756 2073 5812 Fi-

484 5848 596 5905 lius
642 5850 983 5919 perditionis.
1048 5851 1105 5905 In
1158 5860 1376 5923 quarta,
1423 5849 1660 5905 vinculis
1734 5848 2070 5920 colligatum,

2175 4648 2371 4717 ἀρχαῖς
2400 4645 2456 4699 δέ
2489 4646 2694 4699 τούτων
2738 4644 2825 4715 ἐφ’
2858 4644 3097 4713 ἑκάστης
3148 4641 3422 4713 πράξεως,
3459 4639 3767 4713 αὐτουργίᾳ

2175 4738 2270 4793 τοῦ
2296 4736 2666 4809 Συρακουσίου
2700 4736 2968 4790 ’Λσϐεστᾶ
3012 4736 3030 4805 (
3046 4731 3115 4806 ἦν
3144 4735 3253 4808 γὰρ
3285 4735 3381 4789 καὶ
3411 4732 3710 4804 ζωγράφος
3738 4732 3768 4785 6

2177 4830 2464 4901 γεννάδας,
2507 4830 2589 4893 εἰς
2631 4825 2954 4899 προσθήκην
2992 4825 3102 4880 τῶν
3136 4824 3303 4880 αὐτοῦ
3328 4823 3539 4886 κακῶν,
3568 4818 3766 4894 οἶμαι)

2175 4920 2265 4976 διὰ
2289 4920 2653 4992 χρωματικῆς
2703 4918 3026 4990 ζωγραφίας
3064 4917 3438 4989 ἐνεγέγραπτο
3481 4914 3767 4984 Ἰγνάτιος.

2175 5014 2288 5068 Καὶ
2319 5013 2386 5085 (ὣ
2429 5013 2529 5083 τῆς
2577 5011 2886 5066 ἀκαθέκτου
2922 5009 3163 5082 λύσσηςί
3208 5007 3255 5062 ὣ
3283 5007 3480 5081 μανίας
3508 5006 3769 5076 οὐδεμίαν

2177 5106 2490 5178 ὑπερϐολὴν
2546 5103 2947 5175 ἀπολειπούσης
2969 5102 3008 5174 l)
3039 5102 3181 5156 κατὰ
3230 5102 3330 5173 τὴν
3387 5098 3616 5172 πρώτην
3669 5097 3770 5169 μὲν

2176 5198 2376 5271 πρᾶξιν
2407 5195 2711 5269 συρόμενόν
2743 5212 2803 5249 τε
2841 5194 3004 5248 αὑτὸν
3035 5194 3131 5247 καὶ
3171 5190 3562 5264 ῥαϐδιζόμενον
3596 5188 3768 5260 ἐμόρ-

2180 5308 2387 5363 φωσεν,
2416 5288 2624 5344 ἄνωθεν
2655 5287 2712 5341 δὲ
2740 5287 2836 5359 τῆς
2863 5286 3107 5356 κεφαλῆς
3132 5282 3445 5355 ἐπέγραψεν
3467 5298 3482 5312 ⁸
3519 5301 3539 5335 ι
3580 5281 3638 5335 '0
3654 5280 3769 5335 διά-

2177 5384 2352 5446 ϐολος.
2378 5377 2650 5453 »Ἃρόύκ
2672 5378 2929 5452 ἐφρίξατε
2951 5379 3050 5450 τὴν
3072 5375 3380 5447 ὑπερϐολὴν
3399 5375 3500 5445 τῆς
3518 5373 3767 5445 βλασφηο

2181 5477 2339 5549 μίας;
2373 5475 2537 5531 Ἀλλὰ
2569 5475 2643 5546 μὴ
2675 5473 3017 5545 θαυμάσητε.
3036 5472 3100 5525 Εἰ
3125 5470 3235 5540 γὰρ
3255 5469 3346 5523 τὸν
3378 5467 3767 5536 οἰκοδεσπότην

2176 5571 2506 5637 Βεελζεϐοὺλ
2535 5570 2823 5635 ἐκάλεσαν,
2857 5568 2909 5622 τί
2938 5567 3070 5639 1:96;
3090 5566 3217 5631 τοὺς
3248 5564 3528 5627 οἰκιακοὺς
3559 5560 3764 5626 αὐτούς

2178 5664 2336 5718 Κατὰ
2358 5662 2457 5734 τὴν
2488 5662 2748 5732 δευτέραν
2764 5660 2819 5714 δὲ
2844 5648 3245 5730 ἐμπτυόμενον,
3274 5655 3369 5709 καὶ
3392 5654 3584 5727 βιαίως
3614 5652 3766 5706 ἐλλό-

2181 5772 2339 5827 μενον
2355 5753 2540 5819 αὐτὸν,
2557 5754 2654 5808 καὶ
2680 5756 2712 5823 ή
2732 5753 3041 5823 ἐπιγραφή·
3065 5771 3083 5804 ι
3108 5749 3276 5821 Ἀρχὴ
3297 5748 3395 5819 τῆς
3412 5747 3708 5819 ἁμαρτίας.
3736 5762 3756 5797 ι

2179 5848 2336 5904 Κατὰ
2365 5847 2462 5921 τὴν
2491 5846 2751 5935 τρίτη-ιδὲ
2779 5843 3232 5918 καθαιρούμενον,
3260 5843 3374 5911 καὶ,
3405 5861 3423 5895 ι
3447 5840 3505 5895 ὐ
3525 5840 3642 5904 υίδς
3666 5839 3764 5908 τῆς

3641 392 3751 458 540
3832 394 3843 411 ⁶
