4022 6396
249 370 353 439 5ίί

256 572 581 647 οριζόμενον
607 567 747 621 κατὰ
774 566 876 634 τὴν
902 561 1173 629 τετάρτην
1218 555 1418 627 πρᾶξιν
1452 553 1722 608 εἰκόνισεν
1753 551 1849 603 αὐ-

258 642 378 735 τδν,
418 642 513 720 καὶ
555 658 873 724 πλεονεξίαν
912 654 1007 710 τοῦ
1042 654 1218 723 μάγου
1249 651 1494 719 Σίμωνος
1541 642 1848 715 ἐπέγραψε.

265 761 424 818 Κατά
455 757 551 827 τὴν
583 754 760 826 ἀρχὴν
783 753 840 806 δὲ
867 753 966 821 τῆς
1000 748 1258 820 πέμπτης
1284 742 1501 805 κλοιοὺς
1536 739 1700 795 αὐτὸν
1726 754 1853 806 σχη-

271 851 481 922 ματίζει
509 845 915 918 περικείμενον,
938 841 1083 909 καὶὴ
1111 836 1348 910 λοιδορία
1366 852 1379 866 ·
1407 852 1426 886 ι
1475 833 1534 887 Ὀ
1552 827 1854 902 ὑπεραιρό-

267 918 428 1012 μενος
457 940 552 994 ἐπὶ
580 938 758 992 πάντα
773 933 905 987 Θεὸν
933 933 1026 985 καὶ
1046 929 1314 998 σέϐασμα.
1341 945 1361 978 ι
1393 922 1556 980 Κατὰ
1571 921 1670 992 τὴν
1687 918 1855 988 ἕκτην

264 1009 323 1088 δὲ
350 1034 433 1096 εἰς
470 1028 773 1097 καταδίκην
825 1024 990 1079 αύτδν
1021 1020 1427 1091 ἐμϐαλλόμενον
1461 1017 1750 1070 εἰκόνισεν.
1789 1009 1858 1063 Ἡ

262 1125 321 1179 δὲ
357 1125 479 1178 κατ’
502 1120 670 1176 αὑτοῦ
694 1115 994 1189 ἀργολογία
1030 1113 1133 1189 [αί.
1160 1107 1452 1180 ἀπολογία]
1474 1122 1486 1134 ’
1510 1125 1529 1160 ι
1568 1104 1860 1172 Βδέλυγμα

264 1218 366 1287 τῆς
398 1213 752 1287 ἐρημώσεως.
785 1230 804 1263 ι
834 1206 994 1263 Κατά
1037 1206 1136 1276 τὴν
1173 1203 1411 1274 ἑϐδόμην
1452 1200 1511 1253 δὲ
1541 1199 1637 1253 καὶ
1665 1196 1856 1250 τελευ-

267 1309 430 1363 ταίαν
470 1305 691 1376 πρᾶξιν,
728 1299 1030 1372 συρόμενον
1060 1294 1224 1351 αὑτὸν
1253 1293 1351 1349 καὶ
1372 1285 1862 1362 παρατομούμενον

267 1396 717 1466 διεζωγράφησε·
767 1391 865 1446 καὶ
887 1391 922 1463 ἡ
951 1386 1237 1458 ἐπιγραφὴ
1272 1380 1464 1446 αὐτοῦ,
1497 1381 1563 1451 ἢν
1599 1376 1862 1449 ἔγραψεν,

268 1488 340 1565 ἦν
360 1509 375 1524 ο
412 1510 432 1543 ι
475 1488 862 1559 ’Λντίχριστος.
896 1502 915 1536 ι
943 1481 1129 1537 Ταῦτα
1156 1478 1268 1547 ἐγὼ
1293 1476 1390 1548 μὲν
1410 1471 1766 1544 αἰσχύνομαι,
1801 1466 1867 1539 νὴ

268 1562 376 1654 τὴν
432 1580 713 1652 ἀλήθειαν,
757 1578 854 1630 ἐπὶ
899 1573 1154 1643 γλώσσης
1196 1569 1369 1639 ἀγων,
1400 1566 1499 1620 καὶ
1533 1565 1614 1627 εἰς
1646 1562 1868 1631 μνήμην

269 1675 484 1732 τούτων
551 1671 678 1726 ίώνο
719 1669 816 1724 καὶ
879 1667 967 1721 διὰ
1006 1665 1167 1720 τοῦτο
1205 1660 1575 1719 παντάπασιν.
1627 1649 1687 1707 εὖ
1729 1652 1865 1717 ἴστε,

275 1766 622 1837 κατεσίγησα
649 1763 737 1830 ἂν,
775 1762 826 1817 εί
858 1759 933 1832 μὴ
969 1758 1157 1829 ἐώρων
1194 1755 1323 1818 τοὺς
1362 1750 1542 1805 ταῦτα
1576 1761 1864 1816 καταπρα-

1328 354 1502 417 VITA
1532 351 1593 412 S.
1623 346 1926 409 IGNATII
1963 343 2053 404 CP
2114 339 2450 401 ARCHIEP

251 479 559 543 ἀπωλείας,
601 497 618 530 ι
647 471 1107 544 ἐπιγραφόμενον.
1133 463 1513 536 Δεσμούμενον
1552 461 1610 515 δὲ
1632 461 1726 514 καὶ
1762 458 1847 524 ὲξ-
1875 468 1893 518 1

1994 463 2004 509 ἰ
2063 451 2514 514 exterminatnm,
2579 447 2767 517 itaque
2832 443 3159 513 inscriptum
3208 455 3223 494 :

3285 440 3528 495 Avaritia

1951 547 2196 603 Simonis
2245 542 2409 612 Magi.
2443 539 2499 594 In
2530 538 2744 604 quinta,
2796 535 2984 590 collari
3032 534 3186 588 furca
3235 532 3532 597 inclusum,

1950 652 2076 693 cum
2117 636 2219 690 hac
2254 632 2532 688 calumnia
2576 646 2590 684 :
2626 627 2730 694 Qui
2759 641 2819 681 se
2850 624 3062 681 extollit
3090 640 3254 693 supra
3291 639 3453 679 omne
3479 620 3535 677 id

1953 730 2099 802 quod
2141 727 2342 784 dicitur
2371 734 2469 779 aut
2512 722 2709 778 colitur
2764 720 2930 774 Deus.
2981 716 3040 771 in
3093 724 3245 772 sexta
3291 714 3540 785 depinxit

1955 822 2112 892 quasi
2141 819 2255 891 jam
2283 817 2632 880 damnatum,
2662 827 2786 867 cum
2821 811 2968 866 dicto
3002 826 3015 863 :
3043 807 3393 863 Abominatio
3439 807 3539 861 de-

1957 907 2265 964 solationis.
2303 905 2364 960 1n
2398 905 2630 973 septima
2684 908 2740 956 et
2786 899 2981 954 ultima
3035 897 3192 951 ﬁnxit
3241 904 3540 965 raptatum,

1958 998 2249 1069 capiteque
2300 994 2593 1049 multatum
2643 999 2750 1058 ;et
2800 974 3091 1059 inscriptio
3153 994 3272 1041 erat
3321 1004 3336 1040 :
3385 986 3545 1039 Anti-

1961 1090 2224 1147 Christus.
2259 1086 2393 1154 Quae
2413 1100 2515 1157 ego
2544 1099 2641 1154 per
2664 1082 2947 1137 veritatem
2974 1080 3093 1135 sine
3134 1078 3344 1149 pudore
3368 1092 3548 1147 neque

1962 1181 2284 1256 pronuntio,
2318 1193 2498 1250 neque
2536 1178 2590 1231 in
2636 1185 2876 1230 mentem
2924 1187 3123 1228 revoco
3156 1191 3169 1227 :
3206 1171 3278 1225 ob
3316 1185 3550 1240 eamque

1963 1290 2187 1333 causam
2233 1272 2445 1337 sciatis,
2491 1270 2677 1333 velim,
2736 1282 2822 1322 me
2874 1265 3093 1321 silentio
3141 1264 3550 1334 prasteriturum

1964 1368 2161 1433 fuisse,
2197 1365 2305 1421 nisi
2356 1363 2599 1418 viderem
2644 1361 2845 1415 borum
2903 1367 3182 1421 auctores,
3236 1362 3554 1410 auctorum-

1967 1474 2074 1529 que
2108 1455 2351 1512 asseclas
2384 1454 2504 1508 haec
2540 1465 2651 1506 non
2681 1450 2859 1506 solum
2910 1462 3019 1502 non
3054 1446 3401 1511 erubescere,
3455 1443 3554 1500 sed

1969 1550 2024 1607 in
2058 1549 2144 1605 his
2176 1547 2356 1617 palam
2396 1544 2560 1599 etiam
2591 1541 2836 1613 gloriari,
2886 1538 3192 1608 Photioque
3241 1535 3555 1594 sanctitatis

1969 1641 2285 1714 opinionem
2316 1637 2455 1692 falso
2486 1634 2751 1689 tribuere.
2787 1631 2893 1687 Sed
2929 1646 3094 1686 verax
3137 1631 3228 1684 ille
3259 1643 3369 1683 non
3401 1642 3557 1681 men-

1974 1737 2128 1799 titur,
2158 1731 2254 1803 qui
2277 1729 2414 1786 dixit
2444 1747 2458 1783 :
2493 1726 2700 1796 Impius
2732 1740 2851 1778 cum
2885 1724 2940 1777 in
2967 1723 3291 1792 profundum
3335 1718 3554 1782 venerit,

275 1813 621 1837 """"O't"'
653 1813 736 1830 "-v
780 1813 821 1817 ν
858 1813 877 1832 1⁷
908 1813 933 1831 ⁷1
1047 1813 1059 1829 .
1302 1813 1319 1818 -
1767 1813 1777 1816 -

275 1857 568 1929 ξαμένους,
595 1853 691 1909 καὶ
718 1853 846 1916 τοὺς
869 1848 1051 1906 αὐτῶν
1077 1845 1332 1908 οἰκείους,
1368 1842 1429 1895 ού
1465 1840 1625 1910 μόνον
1656 1838 1714 1892 ὲν
1742 1833 1867 1889 τού-

1997 1824 2312 1882 ontcmnit"
2339 1839 2353 1877 :
2392 1821 2485 1877 sed
2509 1820 2754 1888 sequitur
2776 1831 2900 1872 eum
2936 1813 3236 1885 ignominia
3267 1820 3322 1867 et
3353 1825 3558 1881 oppro-

1994 1924 1995 1929 η
2052 1920 2062 1929 .
2226 1916 2243 1929 ι
2476 1928 2479 1929 ,
2534 1921 2546 1929 .
2575 1925 2662 1929 μ--
2690 1909 2941 1929 .ε..--..-.,-
2974 1904 3185 1929 n.--..:--:
3248 1915 3295 1929 ρ..
3331 1902 3555 1929 ..ιη-,ἕηκε

274 1925 395 2013 τοις
432 1947 535 2000 οὐκ
571 1940 1110 2014 ὲγκαλυπτομένους,
1154 1934 1292 1990 ἀλλὰ
1328 1932 1424 1987 atat
1454 1925 1867 1999 ὲγκαλλωπιζο-

279 2041 504 2112 μένους,
538 2037 633 2091 καὶ
659 2034 819 2100 δόξαν
850 2030 1162 2102 ἁγιωσύνης
1192 2021 1653 2095 ἐπιψευδομὲνους
1679 2016 1830 2088 αὐτῷ
1853 2030 1868 2048 ⁸

276 2108 520 2202 ἀψευδὴς
545 2127 653 2199 γὰρ
675 2127 703 2178 ὁ
729 2122 899 2178 εἰπών
922 2138 938 2155 ο
963 2123 1150 2175 Ὅταν
1165 2119 1313 2186 ἔλθῃ
1336 2112 1563 2181 ἀσεϐὴς
1584 2108 1875 2179 εἰς-,βάθος

278 2198 510 2287 mixtim,
577 2198 981 2288 κὰταφρογεῖο
1033 2213 1329 2283 ἐπέρχεται
1383 2207 1441 2260 δὲ
1483 2203 1632 2275 αὐτῷ
1680 2198 1875 2271 ἀτιμία

280 2316 383 2372 καὶ
424 2312 650 2376 ὄνειδος.
684 2311 932 2381 Ὠμοσαν
973 2306 1118 2360 κατὰ
1160 2301 1255 2356 τοῦ
1291 2298 1459 2370 φόϐου
1502 2295 1735 2366 Κυρίου,
1782 2294 1878 2345 καὶ

282 2405 434 2463 κατὰ
462 2404 564 2474 τῆς
588 2401 745 2472 δόξης
762 2380 876 2470 τῆς
911 2396 1096 2468 ἰσχύος
1122 2390 1313 2455 αὑτοῦ,
1338 2392 1387 2449 οἰ
1417 2389 1513 2442 ἐπὶ
1537 2388 1605 2457 τῇ
1636 2380 1881 2452 ἀναγνώ-

284 2516 376 2553 σει
403 2496 513 2551 τῶν
545 2493 756 2562 ἐναγῶν
784 2489 1040 2563 πράξεων
1064 2484 1292 2541 ἐκείνων
1317 2480 1657 2554 εύρεθέντες,
1688 2474 1883 2544 πεντή-

285 2607 460 2647 κοντα
498 2589 596 2643 καὶ
621 2586 718 2641 δύο
747 2580 1097 2654 ἀναμφίϐολα
1152 2578 1253 2631 καὶ
1284 2577 1452 2630 πᾶσιν
1481 2567 1884 2643 ὡμολογημένα

285 2684 465 2756 ψευδῆ
513 2680 791 2750 κεφάλαια
840 2671 1186 2746 γεγράφθαι,⁸
1237 2668 1298 2734 ἐξ
1340 2664 1571 2729 ἀσεϐοῦς
1623 2658 1885 2736 μᾶλλονῆ

295 2754 540 2849 μανικῆς
558 2770 800 2833 διανοίας
823 2769 904 2831 εἰς
926 2763 1266 2835 κατηγορίαν
1296 2759 1391 2815 τοῦ
1429 2759 1677 2831 μάκαρος
1712 2754 1887 2821 Ἰγνα-

290 2844 414 2924 ιτίον
481 2844 928 2938 προσφερόμενα.
967 2856 1242 2924 Ἐκάστης
1290 2852 1348 2907 δὲ
1385 2847 1729 2921 κατηγορίας
1750 2844 1890 2916 πρὸς

292 2962 378 3033 τῷ
400 2959 549 3017 τέλει
573 2958 822 3030 ἄγραφον
846 2954 1031 3024 στίχον
1060 2948 1490 3020 κατελίμπανον,
1520 2943 1573 2996 εἰ
1608 2938 1726 2993 τινά

292 3028 408 3110 τῶν
466 3028 661 3119 ἀξίωνί
689 3048 927 3118 ἀγχόνης
963 3042 1160 3114 δώροις
1194 3040 1229 3111 ἢ
1273 3036 1579 3106 ἀξιώμασιν
1611 3028 1892 3096 ἀπατῆσαι

295 3143 603 3214 δυνηθεῖεν,
661 3140 729 3195 ἶν’
795 3139 896 3211 ἔχῃ
945 3138 1112 3191 τόπον
1154 3127 1543 3202 ἐγγράψασθαι
1573 3124 1650 3194 τῷ
1682 3121 1888 3192 ψεύδει.

303 3213 427 3292 και
449 3236 619 3291 ταῦτα
645 3234 746 3305 μὲν
786 3233 821 3303 ἡ
855 3229 955 3302 μία
982 3228 1079 3283 τοῦ
1111 3226 1363 3281 διαϐόλου
1405 3219 1652 3290 περιεῖχε
1687 3213 1891 3285 βίϐλος.

318 3331 387 3384 Ἦ
410 3329 569 3401 ἑτέρα
599 3328 653 3381 δὲ
688 3323 942 3394 συνοδικὴ
971 3320 1115 3376 κατά
1138 3317 1406 3374 Νικολάου
1434 3312 1531 3367 τοῦ
1565 3311 1725 3364 πὰπα
1758 3306 1895 3359 Ῥώα

306 3437 419 3492 μης
440 3415 871 3480 κατεσκεύαστο,
902 3413 1086 3466 πᾶσαν
1125 3404 1493 3476 συκοφαντίαν
1518 3401 1615 3454 καί
1650 3398 1898 3469 βλασφη-

308 3485 443 3583 μίαν
472 3508 673 3563 ἄτοπον
692 3508 772 3569 εἰς
807 3501 1132 3572 καθαίρεσιν
1172 3494 1368 3567 ἀνδρὸς
1392 3493 1550 3561 ἁγίου
1583 3487 1680 3543 καὶ
1712 3485 1901 3541 ἀναθε-

312 3577 589 3677 ματισμὺν
650 3598 830 3661 ἀθέως
885 3595 984 3648 καί.
1046 3587 1302 3660 πονηρῶς
1374 3577 1899 3656 δραματουργοῦσα,

310 3673 446 3762 ἀξία
476 3693 573 3749 καὶ
601 3692 740 3763 αὐτὴ
768 3691 869 3758 τῆς
897 3704 957 3741 τε
1005 3682 1102 3738 τοῦ
1142 3678 1382 3751 πονηροῦ
1421 3676 1677 3746 δαίμονος
1698 3673 1906 3747 ὑπαγο-

315 3790 466 3861 ρίας,
484 3786 580 3841 καὶ
609 3784 710 3853 τῆς
734 3780 828 3836 τοῦ
853 3778 1062 3833 Φωτίου
1096 3772 1424 3845 ὑπουργίας.
1442 3764 1905 3837 Ἀπαραλλάκτως

312 3852 374 3935 δὲ
397 3852 602 3939 ταύτας
632 3852 989 3943 ὁίτολμητίας
1028 3867 1110 3931 δίς
1161 3859 1649 3933 ἀναγραψάμενος,
1681 3854 1779 3918 τὰς
1816 3852 1909 3906 δύο

321 3971 426 4044 μὲν
456 3966 706 4039 Ζαχαρία
733 3961 1042 4034 παρέσχετο
1088 3955 1183 4010 καὶ
1211 3951 1476 4022 Θεοδώρῳ
1502 3948 1616 4011 τοῖς
1646 3958 1913 4016 προειρη-

318 4036 700 4136 μένοις,ῗμετά
725 4051 1018 4125 εὐφημιῶν
1064 4048 1160 4104 καὶ
1188 4046 1379 4117 δώρων
1408 4039 1621 4096 πολλῶν
1658 4037 1754 4092 καὶ
1771 4036 1915 4105 λαμ-

316 4128 478 4228 πρῶν
661 4150 789 4213 τοὺς
816 4145 919 4216 τῆς
954 4140 1237 4214 Φραγκίας
1272 4137 1518 4209 βασιλεῖς
1566 4128 1914 4198 ἀπενεγκεῖν,

316 4218 419 4304 τοῦ
445 4247 537 4302 τὸν
552 4218 753 4300 -πάπαν
781 4238 1053 4296 Νικόλαον
1082 4233 1158 4297 ώς
1184 4227 1577 4304 καθῃρημένον
1608 4218 1918 4289 ἐξώσασθαι

318 4340 421 4398 τοῦ
453 4339 670 4412 θρόνου.
701 4334 813 4399 Τὰς
839 4332 934 4387 δύο
960 4330 1019 4385 δὲ
1046 4327 1177 4399 παρ’
1218 4324 1397 4396 ἑαυτῷ
1423 4322 1667 4390 κατεῖχε.
1698 4314 1918 4370 Τούτων

319 4434 435 4490 τῶν
473 4404 762 4501 τεσσάρων
800 4425 1022 4498 βιόλίων
1068 4419 1411 4493 δραξάμενος
1442 4416 1471 4469 ὁ
1503 4410 1783 4485 βασιλεὺς,
1825 4404 1921 4460 καί⁵

1980 1920 2187 1977 brium.
2218 1916 2553 1971 Juraverunt
2574 1925 2672 1982 per
2690 1909 2946 1964 timorem
2973 1904 3212 1971 Domini,
3245 1915 3300 1958 et
3329 1902 3559 1971 gloriam

1976 2008 2318 2067 fortitudinis
2382 2005 2525 2077 ejus,
2587 2002 2681 2071 qui
2735 2000 2791 2054 in
2835 1998 3231 2067 sacrilegarum
3278 1993 3561 2047 actionum

1982 2103 2201 2158 illarum
2252 2095 2490 2153 lectione
2537 2090 2856 2155 adfuerunt,
2912 2086 3024 2141 duo
3072 2097 3240 2153 supra
3285 2080 3564 2151 quinqua-

1981 2193 2131 2265 ginta
2167 2187 2347 2259 capita
2386 2184 2455 2241 ad
2487 2183 2630 2238 beati
2660 2178 2856 2253 Ignatii
2885 2175 3224 2233 calumniam
3252 2169 3562 2241 perscripta

1978 2284 2151 2341 fuisse
2203 2280 2448 2337 omnium
2485 2273 2844 2334 conscssione
2890 2270 3049 2334 falsa,
3087 2277 3143 2323 ct
3184 2280 3250 2321 ex
3287 2262 3450 2334 impia
3481 2260 3566 2315 vel

1979 2378 2162 2448 potius
2250 2372 2458 2427 furiosa
2561 2375 2746 2423 mente
2834 2362 3090 2419 conﬁcta.
3166 2353 3574 2425 Relinquebatur.

1982 2477 2037 2527 et
2096 2466 2152 2521 in
2213 2463 2445 2534 singulis
2503 2455 2951 2516 accusationibus
2998 2464 3225 2507 versum
3282 2448 3349 2502 ad
3406 2445 3570 2499 ﬁnem

1982 2573 2241 2624 vacuum,
2283 2565 2341 2610 ut
2372 2555 2419 2610 si
2459 2567 2623 2623 quem
2667 2550 2866 2619 laqueo
2923 2546 3150 2615 dignum
3202 2543 3473 2597 donorum
3521 2544 3578 2588 rt

1986 2652 2316 2724 dignitatum
2347 2646 2638 2718 largitione
2664 2640 2994 2705 irretissent,
3022 2633 3316 2691 mendacio
3373 2632 3422 2685 is
3454 2628 3579 2684 sub-

1989 2719 2280 2803 scribendo
2319 2741 2549 2796 haberet
2581 2736 2782 2792 locum.
2816 2730 2881 2785 Et
2906 2731 3024 2785 haec
3048 2727 3269 2799 quidem
3292 2723 3432 2778 alter
3465 2719 3583 2774 dia-

1990 2837 2100 2894 boli
2165 2832 2483 2892 continebat
2537 2829 2699 2884 liber.
2758 2825 2912 2880 Alter
2976 2835 3106 2877 vero
3177 2816 3474 2890 synodicus
3524 2812 3582 2865 in

1990 2928 2278 2986 Nicolaum
2345 2920 2662 2996 pontiﬁcem
2724 2916 3036 2971 Romanum
3092 2911 3197 2967 tela
3262 2904 3575 2976 torquebat,

1994 3021 2288 3090 omnisque
2320 3014 2542 3089 generis
2575 3010 2882 3068 calumnias
2926 3015 2981 3063 ct
3025 3004 3235 3060 atrocia
3291 2998 3585 3056 maledicta

1998 3117 2055 3171 in
2103 3114 2255 3167 illius
2302 3107 2480 3165 sancti
2521 3102 3032 3161 exauctorati’onem
3067 3107 3126 3151 et
3167 3089 3585 3149 damnationem

1998 3202 2492 3277 complectebatur,
2526 3196 2693 3267 impie
2728 3203 2784 3249 et
2812 3191 3021 3262 tragico
3048 3201 3218 3259 prope
3249 3183 3417 3239 modo
3451 3195 3585 3236 con-

2000 3269 2303 3362 cinnatus;
2347 3306 2480 3348 sane
2513 3290 2630 3359 ipse
2659 3297 2880 3356 quoque
2941 3278 3200 3335 dictantis
3255 3271 3429 3343 Stygii
3477 3269 3592 3324 do-

2002 3392 2176 3449 ctoris
2226 3385 2543 3457 magisterio
2588 3389 2643 3435 et
2681 3375 2859 3431 Photii
2880 3369 3187 3428 ministerio
3222 3366 3441 3438 dignus.
3479 3361 3593 3417 ﬂos

2001 3485 2193 3541 eodem
2222 3455 2475 3548 exemplo
2526 3473 2699 3528 libros
2739 3482 2866 3524 cum
2917 3465 3210 3534 impudens
3255 3460 3339 3515 bis
3383 3455 3596 3512 descri-

2005 3574 2217 3633 bendos
2242 3575 2514 3631 curasset,
2555 3563 2805 3638 geminos
2834 3559 3056 3630 quidem
3088 3556 3266 3611 libros
3313 3549 3599 3607 Zachariae

2006 3677 2063 3726 et
2113 3664 2409 3722 Theodoro
2468 3674 2634 3730 supra
2701 3653 2981 3716 indicatis,
3032 3664 3161 3706 cum
3220 3644 3599 3713 singularibus

2007 3763 2234 3821 laudum
2301 3753 2595 3816 cncomiis,
2659 3747 2963 3815 multisque
3014 3757 3080 3798 ac
3134 3732 3602 3809 splendldissimis

2011 3852 2335 3911 muneribus
2386 3846 2453 3902 ad
2504 3841 2854 3901 Ludovicum
2906 3834 3158 3890 Francia:
3211 3842 3396 3899 regem
3453 3821 3603 3878 defe-

2013 3946 2219 4004 rendos
2249 3941 2420 4004 dedit,
2450 3945 2509 3993 ut
2539 3938 2587 3991 is
2620 3931 2914 3987 Nicolaum
2960 3924 3277 3996 pontiﬁcem
3330 3917 3479 3972 velut
3507 3929 3606 3969 ex-

2015 4042 2369 4096 auctoratum
2415 4030 2483 4086 de
2526 4028 2732 4082 throno
2779 4019 3104 4077 deturbaret
3131 4032 3145 4070 :
3173 4014 3316 4069 duos
3349 4022 3517 4080 penes
3546 4019 3607 4061 se

2016 4127 2263 4186 retinuit.
2299 4123 2422 4179 Haec
2457 4128 2698 4191 quatuor
2724 4111 3005 4169 volumina
3036 4108 3341 4177 imperator
3373 4101 3461 4155 illa
3487 4112 3609 4153 ere—

2016 4235 2136 4294 pta,
2167 4218 2321 4288 prius
2361 4215 2429 4271 ad
2463 4190 2717 4268 senatum
2758 4214 3045 4273 totamque
3080 4195 3386 4255 Ecclesiam
3422 4190 3603 4262 palam

2020 4286 2219 4372 detulit
2252 4328 2266 4366 :
2310 4316 2477 4378 atque
2524 4305 2599 4359 ita
2636 4314 2833 4356 omnes
2863 4294 3045 4352 Photii
3082 4286 3521 4346 machinationes
3555 4290 3613 4336 et

2024 4404 2248 4476 impiam
2283 4395 2685 4456 conscientiam
2732 4387 2980 4447 omnium
3020 4382 3196 4440 oculis
3241 4380 3450 4447 t0tique
3501 4372 3613 4427 rei-

320 4528 392 4598 τῇ
432 4467 724 4592 συγκλήιῑῳ
781 4467 1049 4589 τῖρότερον
1101 4467 1651 4579 ᾐτῆῇ-’ίξκκλησίᾳ
1688 4467 1892 4568 ποίησα

1994 4467 2262 4573 ,ρυίιιίυω
2310 4487 2667 4562 spectandam
2718 4478 3026 4554 proposuit.
3079 4472 3295 4541 Quibus
3363 4467 3499 4522 visis
3560 4471 3616 4518 et

2116 4589 2195 4598 ···
2343 4593 2375 4598 --
2463 4580 2520 4598 °-!
2590 4590 2773 4598 μέμ---
2839 4572 3172 4598 -L-...mm.m
3260 4576 3370 4598 “nn
3434 4556 3614 4598 gntum

324 4589 706 4686 καταφανεῖς,
729 4612 831 4681 τὴν
860 4610 989 4680 ὃλην
1024 4604 1168 4660 οὓτω
1210 4600 1418 4657 Φωτίου
1466 4593 1776 4666 σκευωρίαν
1826 4589 1921 4643 καὶ

328 4681 603 4780 κακίστην
663 4704 971 4773 συνείδησιν
1028 4699 1123 4752 ὑπ’
1183 4695 1307 4767 ὄψιν
1353 4691 1544 4762 ἁπάσῃ
1567 4690 1636 4759 τῇ
1674 4681 1924 4753 πολιτείᾳ

327 4773 735 4873 κατεστήσατο.
808 4793 1038 4864 Ἐξὲστη
1107 4791 1217 4853 πᾶς
1286 4786 1575 4855 ἄνθρωπος
1629 4778 1775 4850 δρῶν
1827 4773 1926 4828 καὶ

329 4869 789 4955 ἀκούων-ταῦτα,
837 4888 897 4942 οὐ
938 4884 1097 4958 μόνον
1148 4881 1244 4936 ἐπὶ
1287 4880 1355 4950 τῇ
1386 4872 1650 4945 κακονοίᾳ
1688 4869 1784 4925 καί¹
1830 4883 1929 4920 κα-

332 4984 734 5060 κορῤημοσύνῃ
785 4978 883 5037 τοῦ
930 4974 1212 5047 σοφιστοῦ,
1254 4969 1393 5027 ἀλλὰ
1426 4968 1522 5023 καί
1544 4967 1612 5037 τῇ
1653 4959 1928 5033 ὑπερδολῇ

331 5051 455 5152 τῆς.
472 5051 858 5150 μακροθυμίας
887 5070 984 5125 καὶ
1008 5066 1208 5138 ἀνοχῆς
1228 5061 1324 5118 τοῦ
1356 5058 1514 5115 Θεοῦ.
1544 5054 1712 5111 Ἀλλά
1728 5051 1932 5115 ταύτας

338 5143 444 5244 μέν
463 5143 563 5234 τὰς
594 5143 812 5239 βίϐλους
840 5162 1068 5234 ὕστερον
1105 5154 1423 5226 ἐνεγκόντες
1442 5150 1535 5204 ἐπὶ
1564 5147 1665 5218 τῆς
1691 5143 1933 5204 συνόδου,

2027 4556 2233 4649 auditis
2305 4580 2524 4640 attoniti
2583 4590 2776 4638 omnes
2836 4572 3195 4639 Obstupuere,
3260 4576 3372 4617 non
3434 4556 3616 4614 solum

1993 4688 2249 4754 ‘propter
2276 4684 2590 4746 perversam
2629 4664 2887 4737 sophistae
2928 4669 3188 4720 mentem,
3232 4660 3623 4717 versutamque

2030 4740 2445 4829 verbositatem,
2486 4762 2583 4820 sed
2632 4759 2796 4815 etiam
2847 4755 2919 4810 ob
2962 4747 3341 4807 incredibilem
3391 4740 3483 4796 Dei
3524 4752 3629 4808 pa-

2038 4862 2288 4920 tientiam
2320 4864 2374 4912 et
2406 4855 2723 4911 diuturnam
2762 4844 3021 4902 vindicta:
3051 4837 3398 4895 dilationem.
3443 4828 3632 4885 nosce

2035 4955 2209 5012 libros
2258 4950 2329 5007 ad
2375 4942 2774 5005 tecumenicam
2824 4947 3017 5008 postea
3068 4929 3340 5003 synodum
3387 4923 3625 4987 delatos,

2040 5044 2363 5113 auctorique
2424 5033 2681 5109 praesenti
2730 5044 2856 5085 cum
2892 5026 3097 5098 probro
3126 5021 3198 5077 ob
3228 5035 3293 5076 os
3338 5017 3631 5078 obtrusos,

2042 5136 2155 5209 igni
2192 5132 2556 5191 tradiderunt.

338 5190 444 5244 μεν
463 5190 563 5234 τας
597 5190 812 5239 Ριωισυς
840 5190 1068 5234 υπιρυν
1105 5190 1419 5226 ινιιηυνυῠν
1442 5190 1535 5204 ειη-
1575 5190 1664 5218 ..μ
1693 5190 1933 5204 ---νγ-ν,
2044 5190 2151 5209 συη,
2200 5190 2206 5191 ,

336 5265 438 5320 καὶ
465 5261 610 5316 κατά
639 5258 930 5332 πρόσωπον
949 5251 1027 5324 τῷ
1054 5245 1342 5319 αὐτουργῷ
1372 5241 1555 5299 αὐτῶν
1582 5235 2035 5308 παραστήσαντες
2066 5229 2164 5285 καὶ
2183 5217 2808 5296 παραδειγματίσαντες,
2831 5209 2974 5266 οὕτω
2995 5205 3321 5277 παρέδωκαν
3355 5198 3435 5269 τῷ
3464 5190 3628 5264 πυρί.

1843 5327 1855 5332 -
1911 5325 1923 5332 ·
2117 5320 2161 5332 ο·-
2356 5329 2431 5332 κη-
2473 5310 2704 5332 n__!|:-_-
2738 5307 3037 5332 :-..........enn
3060 5299 3354 5332 ηιΙΛηιιΙηηὶ
3393 5291 3447 5332 in
3504 5287 3621 5332 Ma-

414 5355 552 5410 Τότε
578 5354 636 5407 δὲ
667 5325 763 5404 καὶ
787 5351 815 5402 ὁ
851 5343 1212 5416 αὐτοκράτωρ
1239 5337 1518 5399 Βασίλειος
1546 5331 1809 5386 σιλέντιον
1839 5325 1936 5380 ἐπὶ

338 5453 425 5522 τῷ
477 5445 728 5515 παλατίῳ
759 5439 1097 5511 Μαγναύρας
1152 5432 1494 5502 ποιούμενος,
1539 5426 1635 5482 καὶ
1680 5424 1772 5477 τὸν
1827 5437 1933 5473 πα-

341 5566 375 5601 τ
383 5517 621 5618 ριάρχην
642 5536 887 5608 ἀγαγὼν,
910 5530 1053 5607 [καὶ]
1071 5528 1287 5590 πολλοῖς
1311 5521 1504 5578 τοῦτον
1533 5517 1777 5577 ἐπαίνοις
1798 5528 1933 5566 κατ-

340 5602 591 5705 ἐστειῖίιέ.⁷
622 5602 891 5702 Κύριακὴ·
913 5602 1049 5697 μὲν*
1079 5619 1189 5676 τῶν
1241 5615 1466 5688 ἡμερῶν
1501 5608 1592 5683 ἦν,
1634 5605 1830 5663 εἰκάδα
1879 5602 1937 5656 δὲ

344 5730 448 5786 καὶ
481 5695 675 5798 τρίτην
708 5695 822 5792 εἶχε
854 5695 1187 5790 Νοέμσριος,
1234 5708 1425 5780 ῶσπερ
1474 5704 1570 5761 καὶ
1598 5703 1689 5758 ὅτε
1717 5695 1933 5773 πρῶτον

425 5839 470 5873 τ’
506 5836 666 5894 Prov.
690 5848 844 5890 xvm.

2117 5320 2276 5376 Tunc
2309 5329 2440 5371 vero
2472 5310 2708 5368 Basilius
2738 5307 3037 5375 imperator
3059 5299 3354 5356 adductum
3393 5291 3449 5346 in
3503 5287 3621 5341 Ma-

2042 5427 2265 5487 gnaura:
2292 5407 2552 5479 palatium
2602 5399 2893 5472 lgnatium,
2927 5392 3149 5451 silentio
3182 5386 3407 5449 indicto,
3436 5379 3626 5435 multis

2042 5472 2298 5561 laudibus
2316 5493 2712 5554 cohonestavit.
2740 5489 2867 5544 Dies
2886 5495 3009 5543 erat
3035 5479 3341 5541 Dominica,
3377 5472 3538 5529 tertia
3566 5476 3625 5525 et

2041 5594 2305 5651 vicesima
2375 5581 2755 5645 Novembris;
2813 5591 2924 5648 quo
2973 5572 3138 5630 etiam
3187 5566 3319 5623 anni
3374 5572 3623 5631 tempore

2042 5686 2198 5759 prius
2230 5685 2285 5741 in
2312 5678 2566 5738 exsilium
2603 5672 2794 5746 pulsus
2821 5675 2960 5732 erat,
2988 5663 3086 5736 qui
3116 5660 3209 5717 Dei
3261 5653 3517 5730 praesidio
3563 5656 3631 5707 et
