4022 6422
480 392 542 453 δαί
555 393 584 453 3

1657 391 1949 452 NICETAS
1989 388 2435 450 PAPHLAGON
2449 390 2518 448 [S

3665 383 3774 449 5H.

481 506 770 558 Clementia
804 502 996 569 fretus,
1031 505 1393 559 novennalem
1431 520 1493 560 ac
1527 506 1824 576 pcrfrclam
1859 520 1923 558 ex
1947 504 2057 557 vir-

2176 501 2483 572 iEmpiCeto'
2532 499 2628 554 καὶ
2660 499 2819 562 αὐτὸς
2851 499 3255 570 ὓπερασπισμῷ
3285 499 3377 552 καὶ
3428 501 3772 571 χρηστότητι

485 599 617 651 tutis
634 599 933 652 certamine
956 599 1196 650 lauream
1218 598 1723 667 adeptus,ecelesia:
1741 614 1851 653 sure
1867 597 2065 652 throno

485 688 795 742 restituitur
829 705 840 739 :
874 696 926 740 et
950 689 1161 756 lampas
1183 689 1358 757 magis
1388 704 1644 753 accensa,
1670 689 1869 744 clarior
1897 704 2061 758 quam

481 788 664 841 antea,
713 778 1048 832 candelabro
1109 779 1409 847 imponitur
1453 797 1466 832 :
1526 789 1818 851 pastorque
1873 796 2066 836 rursus

480 885 610 924 oves
662 870 912 939 agnoscit
947 884 1098 932 snas,
1143 878 1195 924 et
1225 886 1253 923 ιι
1287 871 1402 925 suis
1441 872 1678 926 vicissim
1727 873 1924 927 ovibus
1953 873 2067 927 ela-

482 961 600 1015 rius
632 962 972 1030 agnoscitur.
1013 962 1155 1032 Ergo
1190 972 1300 1016 tota
1326 964 1482 1032 quasi
1509 966 1642 1018 urbe
1667 965 2062 1034 triumphante,

484 1051 743 1120 illumque
761 1053 826 1105 ad
849 1053 1114 1122 templum
1143 1054 1530 1108 ascendentem
1559 1071 1588 1109 a
1624 1067 1775 1125 tergo
1805 1064 1860 1110 et
1883 1056 2066 1112 fronte

485 1153 872 1213 prosequente,
905 1145 1202 1214 laetitiaque
1233 1146 1526 1215 gestiente,
1562 1161 1685 1201 cum
1719 1164 1815 1217 per
1844 1164 2062 1203 sacrum

484 1244 703 1302 puteum
736 1233 802 1287 ad
836 1233 1122 1302 superiora
1156 1235 1344 1303 templi
1365 1235 1680 1301 duceretur,
1704 1237 1892 1291 dextra
1913 1249 2067 1307 parte

485 1325 878 1394 ingredientem
917 1326 1052 1380 ordo
1095 1325 1358 1394 patricius
1387 1343 1687 1383 occursans
1722 1329 2065 1383 venerabun-

483 1419 587 1470 dus
615 1417 829 1485 excepit
869 1434 882 1471 :
921 1432 1009 1471 res
1043 1433 1173 1472 vero
1201 1419 1537 1474 tuncdivina
1570 1420 1754 1474 fiebat.
1807 1419 1916 1476 Nec
1965 1437 2066 1490 par

482 1517 585 1572 est,
614 1518 672 1562 ut
705 1524 918 1563 sacrum
949 1524 1136 1574 omen,
1176 1511 1322 1578 quod
1371 1511 1425 1564 in
1458 1512 1706 1581 ingressu
1751 1509 1943 1582 lgnati't
1973 1528 2066 1568 ac-

483 1601 633 1663 cidit,
667 1599 1173 1669 pra'termittamus.
1209 1601 1508 1656 lntrantem
1532 1618 1770 1673 namque
1791 1602 2064 1674 lgnatium

487 1692 722 1761 populus
751 1691 972 1761 quidem
1004 1691 1232 1761 supplex
1259 1693 1649 1756 venerabatur,
1683 1695 1941 1749 sacerdos
1971 1711 2067 1750 au-

485 1793 591 1837 tem
619 1784 669 1836 in
711 1783 890 1852 adytis
936 1783 1270 1838 oblationem
1331 1784 1560 1839 Domino
1606 1784 1812 1840 faciens
1863 1786 2065 1840 clama-

2166 595 2262 648 τοῦ
2289 594 2423 647 Θεοῦ
2467 594 2536 648 δι’
2571 593 2727 646 ἐννέα
2757 592 2978 647 τελείων
3005 593 3215 662 χρόνων
3269 591 3481 645 τελείαν
3526 592 3770 661 ἄθλησιν

2168 687 2310 759 ὑπὲρ
2345 687 2545 757 ἀρετῆς
2580 684 3010 756 ἐπιδειξάμενος,
3045 685 3483 738 ἀποκαθίσταται
3515 687 3587 754 τῇ
3639 686 3769 739 Ἐκ-

2166 779 2404 849 κλησίᾳ·
2444 779 2540 832 καὶ
2567 779 2596 829 6
2625 777 2818 848 λύχνος
2869 777 3249 848 λαμπρότερον
3294 777 3561 845 ἀναφθεὶς
3609 793 3774 846 περι-

2167 871 2502 940 φανέστερον
2551 869 2584 938 ἢ
2634 868 2827 940 πρώην
2859 872 2925 938 τῇ
2976 869 3170 940 λυχνία
3213 869 3545 932 ἐπιτίθεται,
3605 870 3706 921 καὶ
3742 872 3771 922 6

2166 962 2373 1032 ποιμὴν
2402 962 2618 1029 ἐπέγνω
2654 962 2724 1014 τὰ
2771 962 3042 1031 πρόϐατα,
3077 963 3173 1014 καὶ
3213 961 3378 1024 αὐτὸς
3408 965 3520 1023 τοίς
3551 961 3768 1030 προϐά-

2167 1071 2279 1116 τοις
2305 1054 2641 1123 σαφέστερον
2674 1053 3034 1120 έπέγνωσται.
3077 1053 3268 1123 nam;
3296 1049 3389 1106 οὖν
3432 1053 3627 1123 σχεδὸν
3664 1054 3770 1122 φά-

2168 1163 2256 1198 ναι
2290 1146 2385 1214 τῆς
2415 1145 2623 1207 πόλεως
2647 1145 3156 1214 έπευφραινομένης
3183 1144 3348 1198 αὑτοῦ
3373 1147 3437 1215 τῇ
3469 1144 3764 1206 ἀναϐάσει.

2169 1236 2517 1307 προαγούσης
2564 1253 2621 1288 τε
2655 1236 2749 1290 καὶ
2800 1237 3078 1306 ἑπομένης
3113 1237 3169 1288 ὲν
3207 1236 3562 1303 ἀγαλλιάσει,
3605 1237 3767 1300 αὐτὸς

2171 1328 2269 1397 μὲν
2296 1328 2384 1380 διὰ
2404 1327 2496 1380 τοῦ
2520 1327 2686 1395 ἁγίου
2709 1328 2946 1395 Φρέατος
2975 1327 3236 1396 ἀνάγεται
3253 1344 3268 1360 ο
3301 1329 3437 1397 πρὸς
3464 1331 3580 1391 τοῖς
3609 1329 3768 1398 ὑπερ·

2169 1417 2298 1488 ῴοις
2334 1417 2392 1471 δὲ
2442 1421 2536 1470 τοῦ
2573 1419 2812 1488 μεγάλου
2847 1417 2991 1471 Ναοῦ
3042 1418 3134 1472 διὰ
3187 1419 3288 1488 τῆς
3337 1419 3518 1484 δεξιᾶς
3586 1419 3766 1490 πύλης

2167 1510 2385 1564 εἰσιόντι
2420 1511 2774 1580 προσυπαντᾷ
2826 1509 2975 1580 αὐτῷ
3027 1509 3138 1563 τῶν
3173 1512 3479 1580 πατρικίων
3530 1513 3566 1582 ὴ
3607 1513 3762 1578 τάξις

2169 1602 2552 1672 προσκυνοῦσα
2609 1603 2704 1655 καὶ
2749 1601 3073 1672 δεξιουμένη
3101 1616 3117 1632 ⁶
3173 1605 3206 1672 ἡ
3237 1603 3358 1673 ἱερά
3396 1603 3454 1656 δὲ
3489 1603 3617 1658 τότε
3649 1605 3758 1657 λει-

2165 1695 2394 1766 τουργία
2435 1694 2578 1761 κατὰ
2613 1695 2674 1747 τὸ
2704 1694 2824 1757 ἔθος
2880 1695 3140 1750 ἐτελεῖτο.
3193 1695 3380 1759 ’Δξιον
3407 1695 3463 1748 δὲ
3496 1696 3633 1767 μηδὲ
3661 1697 3758 1768 τὴν

2169 1787 2262 1840 ἐπὶ
2295 1789 2362 1857 τῇ
2398 1787 2589 1856 είσόδῳ
2619 1785 3010 1856 συμπεσοῦσαν
3064 1785 3218 1856 ίεράν
3246 1785 3478 1856 κληδόνα
3527 1788 3754 1856 παραλι-

485 1876 618 1928 bat:
651 1874 868 1930 Gratias
896 1890 1126 1945 agamus
1165 1874 1400 1930 Domino
1429 1875 1538 1931 Deo
1574 1886 1766 1932 nostro
1807 1895 1819 1932 :
1851 1887 1906 1933 et
1942 1895 2067 1934 mox

2176 1881 2321 1932 πεῖνο
2357 1881 2385 1931 6
2417 1881 2517 1946 μὲν
2537 1879 2647 1950 γάρ
2671 1879 2843 1950 ἐσῄει,
2885 1878 2934 1930 οἱ
2966 1879 3022 1930 δὲ
3064 1877 3471 1948 προσεκύνουν·
3513 1881 3541 1932 ό
3567 1881 3745 1949 ίερεὺς

487 1966 727 2035 populus
770 1967 1175 2036 respondebat;
1218 1966 1450 2036 Dignum
1479 1979 1528 2023 et
1561 1969 1772 2038 justum
1838 1982 1940 2027 est.
1991 1973 2069 2028 lla

486 2073 644 2111 sacer
687 2057 925 2127 lgnatius
955 2057 1117 2111 bouis
1154 2059 1412 2113 omnibus
1443 2059 1644 2114 throno
1689 2077 1793 2115 suo
1829 2072 2067 2131 recepto,

489 2159 545 2202 ct
578 2150 964 2218 gubernaculis
1009 2149 1268 2204 Ecclesiae
1307 2152 1619 2219 resumptis,
1657 2162 1805 2207 arcet
1835 2169 1862 2208 a
1896 2155 2071 2209 sacris

490 2256 600 2293 non
653 2239 912 2293 Photium
969 2249 1203 2301 tantmn,
1251 2249 1304 2294 et
1327 2256 1518 2295 omnes
1549 2241 1618 2295 ab
1653 2243 1749 2296 illo
1798 2243 2069 2311 initiatos,

489 2331 582 2385 sed
607 2348 798 2387 omnes
830 2335 992 2386 etiam
1017 2333 1166 2387 illius
1192 2342 1494 2388 sectatores
1526 2351 1648 2388 cum
1679 2335 1772 2389 illo
1818 2351 2072 2390 commu-

489 2423 738 2478 nicantes
768 2442 780 2479 :
824 2435 1081 2493 precatur
1109 2425 1332 2494 insuper
1363 2425 1768 2494 imperatorem,
1808 2437 1866 2482 ut
1916 2444 2072 2482 (ecu-

489 2516 758 2570 mcnicam
797 2516 1064 2587 synodum
1099 2526 1280 2585 cogat,
1311 2531 1418 2584 qua
1447 2518 1632 2571 omnia
1660 2519 1921 2573 Ecclesiae
1951 2520 2073 2573 vul-

493 2621 625 2660 nera
659 2609 843 2660 sanari
885 2609 1280 2663 arbitrabatur.
1317 2609 1602 2679 Extemplo
1632 2611 1798 2680 igitur
1831 2610 2074 2667 Joannes

491 2696 677 2765 Perga:
725 2697 1039 2766 episcopus,
1071 2698 1266 2768 lgnatii
1293 2699 1344 2752 in
1377 2713 1570 2755 omnes
1596 2715 1760 2756 casus
1786 2711 1839 2756 et
1873 2718 2075 2757 atrum-

490 2803 594 2841 nas
635 2801 847 2850 comes,
889 2800 945 2842 et
981 2791 1249 2844 malorum
1276 2792 1546 2857 utnnium,
1579 2802 1845 2862 quantum
1873 2795 1927 2849 in
1959 2796 2076 2865 ipso

489 2886 632 2940 erat,
669 2880 854 2934 socius
885 2897 898 2932 :
935 2896 1001 2935 ex
1036 2880 1215 2936 Photii
1249 2897 1376 2938 vero
1414 2884 1655 2940 factione
1697 2886 1890 2941 Petrus
1944 2886 2075 2942 Sar-

490 2972 707 3026 diensis
733 2975 1102 3044 metropolita,
1148 2976 1214 3028 ad
1242 2975 1523 3031 Nicolaum
1565 2977 1882 3047 pontificem
1913 2980 2076 3051 legati

491 3065 824 3132 mittuntur;
862 3067 1061 3136 quibus
1113 3068 1380 3137 allegatur
1426 3069 1664 3125 Basilius
1708 3085 2078 3142 cognomento

2170 1971 2248 2034 δὲ,
2270 1971 2766 2041 Εὐχαριστήσωμεν
2794 1969 2870 2039 τῷ
2897 1970 3107 2042 Κυρίῳ,
3126 1969 3222 2039 τὴν
3249 1969 3517 2040 ἀναφοράν
3540 1971 3595 2022 ἐν
3621 1973 3734 2034 τοῖς

2173 2062 2390 2126 ἀδύτοις
2420 2062 2742 2133 ποιούμενος
2765 2062 3069 2134 ἀνέκραγεν
3090 2077 3104 2094 ο
3141 2063 3170 2114 6
3197 2062 3321 2126 λαὸς
3347 2061 3424 2126 δὲ,
3452 2062 3625 2127 ’Ᾱξιον
3643 2063 3736 2114 καὶ

2171 2157 2397 2220 δίκαιον,
2440 2155 2796 2225 ἀπεκρίνατο.
2856 2154 3045 2218 Οὕτως
3076 2157 3104 2209 6
3163 2155 3310 2225 ίερδς
3363 2153 3620 2223 Ἰγνάτιος
3651 2154 3737 2206 ὑπ’

2173 2245 2398 2314 ἀγαθοῖς
2457 2244 2743 2315 συμϐόλοις
2788 2247 2880 2296 τὸν
2927 2245 3130 2296 οίκεῖον
3178 2242 3370 2311 θρόνον
3413 2239 3753 2310 ἀπειληφὼς,

2175 2339 2268 2390 καὶ
2299 2336 2426 2400 τοὺς
2452 2335 2644 2397 οἴακας
2680 2330 2834 2398 αὖθις
2867 2334 2970 2403 τῆς
3011 2333 3339 2404 Ἐκκλησίας
3376 2334 3756 2404 ἐγχειρισθεὶς,

2176 2427 2351 2497 εἴργει
2382 2427 2477 2497 μὲν
2514 2427 2612 2496 τῆς
2657 2428 2807 2497 ἱερᾶς
2841 2425 3184 2496 λειτουργίας
3219 2425 3280 2477 οὐ
3332 2424 3540 2478 Φώτιον
3570 2425 3749 2495 μόνον,

2176 2522 2271 2572 καὶ
2301 2519 2428 2581 τοὺς
2452 2516 2934 2588 χειροτονηθέντας
2984 2516 3080 2569 ὑπ’
3110 2517 3301 2579 αὐτοῦ,
3335 2516 3474 2570 ἀλλά
3506 2517 3604 2569 καὶ⁵
3630 2516 3763 2569 πάν-

2174 2627 2275 2674 τας
2304 2611 2430 2674 τοὺς
2489 2610 2957 2680 κεκοινωνηκότας
3011 2609 3190 2680 αὐτῷ·
3229 2609 3520 2679 έκλιπαρεϊ
3561 2607 3620 2660 δὲ
3665 2608 3754 2660 τὸν

2179 2702 2404 2773 βασιλέα
2437 2703 2824 2772 οίκουμενικὴν
2874 2701 3092 2753 σύνοδον
3121 2701 3409 2770 κροτῆσαι,
3443 2699 3511 2752 δι’
3545 2693 3616 2770 ἦς
3642 2698 3761 2751 ἐσε-

2181 2796 2303 2848 σΘαι
2337 2794 2444 2846 τῶν
2477 2793 2788 2846 σκανδάλων
2819 2793 3033 2848 πάντων
3064 2791 3414 2862 ὑπελάμϐανε
3446 2791 3547 2861 τὴν
3594 2791 3762 2844 τασιν.

2178 2882 2395 2947 Εὐθέως
2441 2881 2622 2935 τοίνυν
2679 2880 2932 2950 Ἰωάννης
2968 2879 3066 2949 μὲν
3101 2881 3129 2932 6
3175 2881 3272 2949 τῆς
3309 2879 3550 2949 Πέργης,
3600 2878 3680 2941 ὡς
3706 2880 3765 2931 ἐν

2181 2975 2385 3036 πάσαις
2429 2975 2550 3035 ταῖς
2581 2971 2823 3040 θλίψεσιν
2881 2969 3127 3041 Ἶγνατίῳ
3168 2969 3648 3038 συγκακοπαθῶν,
3702 2971 3766 3024 ὲκ

2179 3064 2272 3117 τοῦ
2309 3063 2506 3133 μέρους
2543 3063 2638 3116 τοῦ
2673 3064 2796 3115 κατ’
2825 3062 3011 3126 αὐτὸν,
3041 3063 3106 3114 ὲκ
3135 3061 3228 3115 τοῦ
3265 3060 3406 3115 κατά
3437 3059 3529 3114 τὸν
3557 3060 3766 3114 Φώτιον

489 3155 746 3225 Pinacas,
779 3161 872 3229 qui
907 3161 1171 3230 spatharii
1201 3161 1515 3232 dignitatem
1541 3164 1820 3219 obtinebat
1848 3185 1861 3221 :
1891 3168 2072 3238 usique

2185 3157 2242 3210 δὲ
2271 3157 2474 3226 Πέτρος
2503 3157 2532 3208 ό
2557 3156 2664 3208 τῶν
2692 3155 2962 3226 Σάρδεων,
2993 3157 3131 3226 πρὸς
3163 3155 3253 3207 τὸν
3278 3155 3464 3208 πάπαν
3498 3153 3767 3206 Νικόλαον

486 3259 619 3304 sunt
647 3251 865 3321 gemino
887 3252 1178 3319 dromone,
1215 3269 1336 3308 cum
1365 3255 1657 3310 solverent.
1693 3254 1798 3311 Sed
1857 3257 2072 3324 Petrus,

487 3341 583 3408 qui
621 3339 843 3405 Dilacus,
871 3343 973 3396 hoc
999 3350 1106 3406 est,
1139 3343 1309 3397 miser
1333 3345 1731 3413 appellabatur,
1767 3347 1821 3400 in
1853 3346 2075 3404 Dalma-

489 3430 602 3485 tico
631 3433 754 3486 sinu
775 3433 1136 3501 periclitatus,
1159 3433 1328 3488 miser
1350 3434 1638 3505 naufragio
1663 3436 1821 3504 periit
1861 3454 1876 3490 :
1903 3437 2040 3492 Joan
2057 3468 2076 3480 -

490 3535 590 3574 ues
629 3536 756 3575 vero
792 3536 916 3574 cum
953 3519 1158 3576 Basilio
1201 3520 1502 3576 incolumis
1527 3523 1719 3588 evasit,
1761 3532 1816 3578 et
1844 3524 2076 3579 Nicolao

485 3611 603 3680 jam
639 3611 750 3666 vita
797 3611 1009 3675 functo,
1049 3609 1387 3665 Hadrianum
1442 3628 1635 3682 papam
1689 3614 1917 3670 invenit.
1968 3615 2078 3672 Nec

492 3703 591 3756 diu
619 3703 860 3757 cunctati
891 3703 1172 3771 pontilicis
1195 3703 1386 3756 vicarii
1417 3703 1954 3774 Constantinopolim
1981 3722 2077 3763 ve-

490 3803 692 3848 nerunt
724 3793 1042 3863 Stephanus
1075 3803 1129 3848 et
1167 3793 1412 3850 Donatus
1434 3797 1705 3866 episcopi,
1749 3798 1963 3853 Marino
2008 3816 2075 3856 ex

491 3891 704 3952 septem
737 3885 986 3938 diaconis
1011 3886 1292 3955 adjuncto.
1323 3885 1399 3939 Ex
1429 3887 1659 3942 orientis
1684 3906 1810 3944 vero
1838 3891 2076 3959 patriar-

487 3975 633 4029 chiis
665 3975 1036 4045 (imperatore
1065 3977 1368 4048 principem
1415 3979 1588 4049 Syriae
1604 3981 1764 4036 donis
1790 3996 1854 4036 ac
1880 3982 2076 4038 litteris

490 4067 860 4137 propitiante)
896 4066 1170 4139 Iosephus
1222 4070 1651 4127 archidiaconus
1693 4082 1748 4128 et
1801 4075 2076 4144 syncellus

487 4174 560 4212 ex
586 4157 846 4228 Egypto,
880 4159 1094 4228 legatus
1125 4159 1407 4214 Michaelis
1455 4160 1786 4230 patriarcha:
1835 4161 2076 4216 Alexan-

488 4252 634 4306 drini
664 4269 680 4317 ;
713 4252 958 4308 Thomas
988 4255 1338 4322 metropolita
1375 4252 1529 4325 Tyri,
1563 4255 1804 4310 vicarius
1831 4255 2074 4311 Michae-

490 4344 560 4397 lis
591 4344 922 4413 patriarchaa
948 4345 1274 4400 Antiocheni
1311 4345 1503 4417 Syrize,
1536 4346 1682 4401 Elias
1714 4349 1997 4420 presbyter
2021 4358 2078 4404 et

491 4433 767 4502 syncellus
795 4434 968 4488 vicem
999 4433 1292 4491 Theodosii
1315 4437 1642 4506 patriarcha:
1681 4439 2076 4510 Hierosolymi-

2179 3245 2586 3318 ἀποκρισιάριοι
2633 3245 3115 3316 προεχειρίζοντο·
3170 3245 3268 3298 σὺν
3316 3245 3498 3307 αὐτοῖς
3553 3243 3613 3296 δὲ
3672 3243 3766 3296 καὶ

2179 3337 2454 3399 Βασίλειος
2501 3336 2529 3387 6
2557 3334 2894 3404 καλούμενος
2911 3335 3169 3402 ,Πινακᾶς
3214 3333 3401 3403 ἀπῄει,
3461 3331 3765 3403 σπαθάριος

2177 3429 2276 3499 τὴν
2303 3427 2460 3492 ἀξίαν
2499 3425 2778 3488 καθεστώς
2805 3440 2820 3455 ·
2858 3425 2953 3478 καὶ
2997 3424 3246 3495 ἀπῄεσαν
3276 3426 3333 3478 ὲν
3363 3422 3484 3478 δυσὶ
3511 3423 3759 3495 δρόμωσι

2180 3519 2520 3590 στελλόμενοι
2548 3519 2640 3572 τὸν
2671 3515 2856 3571 πλοῦν.
2904 3517 3063 3570 Ἀλλά
3115 3516 3324 3586 Πέτρος
3354 3517 3452 3587 μὲν
3489 3516 3519 3568 6
3563 3515 3764 3571 καλού-

2183 3629 2344 3682 μενος
2403 3610 2665 3673 Δείλαιος,
2726 3611 2785 3662 ὲν
2829 3607 2907 3678 τῷ
2955 3608 3141 3678 κόλπῳ
3175 3607 3489 3678 Δαλματίας
3532 3608 3764 3680 κινδύνῳ

2179 3701 2512 3772 περιπεσὼν,
2567 3700 2800 3761 δείλαιος
2843 3698 3031 3751 ὤλετο.
3074 3698 3328 3768 Ἰωάννης
3361 3699 3418 3752 δὲ
3469 3700 3568 3752 σὺν
3599 3700 3765 3754 Βασι-

2179 3795 2308 3864 λείῳ
2340 3793 2628 3856 διασωθεὶς
2667 3791 2947 3861 Ἀδριανὺν
2967 3785 3094 3860 εὗρε
3123 3791 3330 3857 πάπαν,
3363 3791 3456 3844 τοῦ
3491 3793 3760 3846 Νικολάου

2178 3886 2278 3956 ήδη
2304 3883 2400 3955 τὴν
2431 3885 2488 3936 ὲν
2528 3883 2740 3952 σώματι
2793 3881 3192 3945 καταλιπόντος
3239 3882 3406 3952 ζωήν.
3455 3883 3531 3937 Ού
3591 3885 3761 3948 πολὺς

2177 3975 2271 4028 οῦν
2305 3976 2364 4028 έν
2397 3973 2475 4044 τῷ
2504 3973 2656 4044 μέσῳ
2685 3973 2898 4043 χρόνος,
2927 3974 3019 4026 καὶ
3062 3974 3321 4044 παρῆσαν
3361 3979 3757 4047 τοποτηρηταὶ,

2179 4066 2450 4135 Στέφανος
2487 4067 2584 4134 μὲν
2615 4065 2707 4118 καὶ
2729 4066 2959 4128 Δονᾶτος
2992 4065 3282 4120 ἐπίσκοποι
3307 4067 3399 4121 τοῦ
3433 4069 3590 4122 πάπα
3632 4070 3763 4124 Ῥώο
3855 4120 3868 4126 -

2182 4175 2308 4227 μης,
2340 4159 2436 4212 καὶ
2460 4157 2698 4227 Μαρίνος
2727 4153 2806 4220 εἷς
2826 4157 2934 4210 τῶν
2957 4157 3098 4211 έπτά
3126 4159 3391 4214 διακόνων
3419 4163 3518 4215 σὺν
3547 4163 3754 4228 αὐτοῖς.

2191 4252 2287 4305 Ἐκ
2310 4251 2366 4304 δὲ
2397 4251 2506 4304 τῶν
2541 4251 2640 4320 τῆς
2684 4250 2974 4321 Ἀνατολῆς
3015 4254 3438 4323 πατριαρχείων,
3483 4253 3576 4307 τοῦ
3603 4256 3760 4309 αύτο-

2179 4342 2445 4414 κράτορος
2478 4342 2672 4413 δώροις
2710 4343 2804 4396 καὶ
2835 4343 3128 4413 γράμμασι
3159 4343 3250 4397 τὸν
3282 4346 3380 4414 τῆς
3419 4346 3620 4417 Συρίας
3661 4348 3758 4420 ἄρ-

2177 4452 2344 4504 χοντα
2370 4435 2876 4506 παρακαλέσαντος,
2921 4435 3117 4506 Ἰωσὴφ
3143 4435 3241 4506 μὲν
3263 4438 3638 4508 ἀρχιδιάκονος
3673 4440 3761 4492 καὶ

493 4524 609 4576 tani
639 4525 916 4593 explebat.
957 4524 1021 4579 Hi
1049 4541 1246 4581 omnes
1282 4537 1581 4595 praesentes
1613 4528 1767 4584 fuere
1795 4545 1918 4584 cum
1945 4545 2072 4586 san-

2183 4525 2497 4594 σύγκελλος,
2528 4527 2910 4597 τοποτηρητὴς
2935 4527 3154 4598 Μιχαὴλ
3193 4525 3322 4597 ἦλθε
3353 4529 3447 4582 τοῦ
3481 4531 3643 4584 πάπα
3666 4532 3763 4601 τῆς

493 4616 749 4672 ctissime
781 4619 1094 4688 patriarcha
1117 4617 1328 4688 lgnatio
1360 4619 1994 4690 Constantinopolitano,
2023 4631 2079 4676 et

491 4707 762 4777 episcopis
801 4709 1093 4770 duodenis,
1122 4711 1400 4780 perpetuis
1443 4711 1496 4765 in
1550 4713 1700 4766 omni
1757 4713 1974 4766 fortuna
2026 4721 2082 4767 et

493 4800 761 4856 aerumnis
800 4801 1004 4868 sociis;
1053 4802 1148 4872 qui
1190 4802 1256 4856 ad
1294 4803 1599 4870 dexteram,
1639 4805 1731 4858 ubi
1789 4805 1941 4859 locus
1988 4819 2080 4860 ca-

493 4891 949 4948 techumenorum
977 4902 1081 4957 est,
1115 4895 1300 4963 templi
1343 4895 1488 4963 quod
1517 4909 1548 4948 a
1572 4895 1836 4964 sapientia
1870 4910 2066 4950 nomen

494 4983 714 5051 Sophia:
742 4986 972 5056 accepit,
1001 4987 1278 5042 assidente
1318 4985 1520 5041 Basilio
1542 4987 1892 5056 imperatore,
1923 5001 2064 5056 pra:-

492 5077 774 5132 sederunt.

2185 4618 2307 4672 κατ⁹
2355 4619 2632 4685 Αἴγυπτον
2675 4618 3119 4689 Ἀλεξανδρείαςο
3149 4621 3353 4690 Θωμᾶς
3397 4621 3454 4674 δὲ
3486 4640 3765 4694 μητροπο-

2184 4711 2336 4783 λίτης
2371 4710 2550 4784 Τύρου
2577 4711 2743 4764 τόπον
2769 4711 2989 4782 Μιχαὴλ
3025 4712 3264 4784 ἐπλήρου
3294 4712 3387 4765 τοῦ
3417 4715 3515 4780 τῆς
3557 4715 3763 4768 Ἀντιο-

2184 4802 2339 4873 χείας
2370 4800 2469 4871 τῆς
2494 4783 2634 4854 κατὰ
2657 4801 2855 4870 Συρίαν
2885 4801 3248 4872 πατριάρχου,
3294 4802 3482 4867 Ἠλίας
3526 4803 3585 4856 δὲ
3637 4821 3765 4874 πρε-

2177 4891 2435 4962 σϐύτερος
2451 4891 2544 4943 καὶ
2573 4889 2864 4958 σύγκελλος
2890 4892 2970 4954 εἰς
2999 4890 3163 4944 τόπον
3187 4893 3466 4946 Θεοδοσίου
3497 4897 3766 4966 πατριάρ-

2179 5001 2277 5054 χου
2317 4982 2424 5035 τῶν
2481 4980 2868 5052 Ἰεροσολύμων
2919 4982 3101 5052 παρῆν
3127 4998 3140 5012 ·
3193 4977 3336 5036 οὗτοι
3390 4984 3592 5048 πάντες
3647 4985 3766 5055 ἅμα

2194 5074 2440 5144 Ἰγνατίῳ
2466 5073 2543 5143 τῷ
2573 5073 2862 5142 ἁγιωτάτῳ
2901 5074 3212 5148 πατριάρχῃ
3241 5077 3762 5132 Κωνσταντινουπό-

491 5169 650 5232 λεως,
687 5170 778 5222 καὶ
819 5170 932 5233 τοῖς
960 5171 1056 5223 σὺν
1103 5169 1253 5240 αὐτῷ
1282 5169 1490 5223 δώδεκα
1534 5169 1622 5222 τὸν
1655 5168 1888 5240 ἀριθμὸν
1924 5168 2244 5230 ἐπισκόποις
2310 5169 2422 5228 τοῖς
2469 5168 2952 5233 συγκεκοπιακόσι,
3023 5167 3118 5220 καὶ
3185 5167 3280 5222 ἀπ’
3344 5171 3521 5240 ἀρχῆς
3592 5172 3759 5242 μέχρι

489 5263 678 5326 τέλους
711 5265 1102 5335 συνηθληκόσιν
1154 5265 1324 5335 αὐτῷ,
1379 5267 1438 5318 ἐν
1471 5269 1585 5326 τοῖς
1641 5265 1836 5330 δεξιοῖς
1873 5266 2066 5337 μέρεσι
2104 5263 2212 5316 τῶν
2259 5261 2737 5333 κατηχουμενείων
2777 5259 2874 5314 τοῦ
2911 5261 3262 5332 περιωνύμου
3335 5261 3464 5316 ναοῦ
3503 5263 3600 5332 τῆς
3666 5267 3761 5321 τοῦ

490 5355 626 5409 Θεοῦ
689 5358 922 5424 Σοφίας,
976 5359 1114 5427 μετά
1171 5358 1264 5410 τοῦ
1326 5359 1723 5430 αὐτοκράτορος
1776 5360 2056 5413 Βασιλείου
2098 5359 2489 5430 προεκάοισαν.

571 5447 876 5516 Propositis
911 5465 1042 5518 ergo
1071 5450 1396 5504 venerandis
1431 5451 1657 5506 viviticae
1677 5452 1858 5507 crucis
1891 5451 2080 5521 lignis,

494 5540 805 5607 sanctisque
823 5539 1126 5609 Evangeliis
1143 5541 1442 5610 explicatis,
1467 5553 1730 5610 praesente
1744 5544 1905 5596 etiam
1926 5557 2084 5597 sacro

497 5637 684 5682 senatu
706 5669 720 5693 ,
752 5631 984 5699 primum
1018 5631 1236 5701 quidem
1281 5631 1462 5687 missae
1503 5635 1571 5687 ab
1609 5633 1850 5688 Adriano
1886 5634 2084 5689 veteris

505 5718 692 5774 Rerum
721 5723 989 5789 pontifice,
1023 5734 1075 5779 et
1099 5724 1529 5794 patriarcharum
1561 5741 1625 5780 ex
1653 5723 1872 5780 Oric'nte
1894 5726 2085 5782 litterae

499 5825 570 5863 ex
603 5812 793 5868 ordine
821 5815 991 5881 lectae,
1025 5831 1239 5872 omnem
1259 5831 1416 5872 sacro
1445 5816 1566 5886 jure
1595 5817 1919 5888 requisitum
1939 5819 2085 5874 ordi-

2255 5451 2375 5502 Τῶν
2398 5451 2594 5519 τιμίων
2633 5449 2688 5503 δὲ
2715 5449 2808 5502 καὶ
2838 5449 3117 5513 ζωοποιῶν
3152 5449 3344 5516 ξύλων,
3374 5449 3482 5503 τῶν
3507 5467 3567 5502 τε
3600 5451 3762 5522 ἱερῶν

2184 5541 2532 5610 Εὐαγγελίων
2563 5541 2963 5611 προκειμένων,
2996 5545 3391 5612 συμπαρούσης
3441 5541 3496 5594 δὲ
3536 5545 3631 5596 καὶ
3665 5545 3761 5613 τῆς

2184 5634 2335 5704 ἱερᾶς
2362 5633 2699 5704 συγκλήτου,
2731 5632 2947 5703 πρῶτον
2993 5632 3092 5703 μὲν
3137 5634 3192 5684 αἱ
3241 5633 3576 5701 πεμφθεῖσαι
3614 5636 3759 5704 παρά

2182 5727 2275 5780 τοῦ
2299 5727 2456 5780 πάπα
2479 5727 2580 5795 τῆς
2617 5726 2996 5796 πρεσϐυτέρας
3044 5723 3261 5794 Ῥώμης
3311 5725 3591 5795 Ἀδριανοῦ
3637 5730 3756 5778 ἐπι-

2183 5818 2389 5886 στολαὶ,
2438 5818 2529 5870 καὶ
2577 5819 2632 5871 αί
2679 5816 2833 5887 παρά
2866 5816 2973 5870 τῶν
3020 5814 3354 5872 ἀνατολικῶν
3408 5816 3756 5889 πατριαρχῶν
