4022 6400
256 389 368 454 545

257 499 408 557 κατά
438 495 600 561 τάξιν
632 481 1164 556 ἀναγινωσκόμεναι,
1199 475 1403 534 πᾶσαν,

259 553 600 662 θτιμοσύνιῖιν,
629 583 691 636 τό
732 553 792 633 τε
819 573 1008 628 πιστὸν
1037 569 1131 622 καὶ
1181 565 1434 636 ἄμωμον,
1460 560 1556 612 καὶ
1600 553 1853 621 ἀνεπίλη-

264 696 402 732 πτον
431 675 538 728 τῶν
564 661 1001 730 ἀπεσταλμένων
1036 649 1442 724 τοποτηρητῶν,
1471 647 1531 699 τό
1559 661 1617 698 τε
1641 656 1854 695 κανονι-

269 774 366 827 κὸν
385 768 475 823 καὶ
494 764 758 830 ἔνθεσμον
769 757 888 809 ’τῶν
913 748 1353 808 ἀποστειλάντων
1379 739 1597 802 αὐτοὺς,
1623 732 1854 789 ἐνώπιον

274 864 492 916 πάντων
521 852 943 910 ἀπεδείκνυσαν.

343 951 574 1004 Ἔπειτα
600 945 666 1014 τῇ
701 940 827 1008 ἑξῆς
876 935 1041 1005 ἱερεῖς
1071 948 1132 984 τε
1174 929 1269 982 καὶ
1305 922 1584 995 ἀρχιερεῖς
1631 917 1853 976 πάντες,

264 1045 382 1096 ὅσοι
440 1005 706 1093 Μεθοδίου
744 1005 858 1099 μὲν
917 1025 1011 1078 καὶ
1085 1017 1342 1090 Ίγνατίου
1398 1009 1706 1086 χειροτονίᾳ
1747 1005 1856 1057 τῶν

264 1131 590 1202 ἁγιωτάτων
641 1097 937 1192 ἐτύγχανον
985 1107 1363 1183 πατριαρχῶν,
1411 1100 1768 1171 πανουργίαις
1803 1097 1857 1149 δὲ

268 1216 664 1278 παντοδαπαῖς,
703 1212 795 1263 καὶ
839 1205 1109 1265 ποικίλαις
1154 1199 1409 1253 κολάσεσι
1447 1193 1540 1246 καὶ
1568 1187 1856 1252 ἐπινοίαις,

266 1310 478 1364 Φωτίου
509 1309 574 1376 τῇ
603 1301 858 1371 κοινωνίᾳ
884 1293 1332 1364 συναπήχθησαν,
1369 1281 1514 1341 οὗτοι
1546 1283 1743 1344 πάντες
1775 1278 1862 1329 λι·

269 1401 493 1461 6ἐλλους
535 1370 1268 1467 μετανοίαςέπιδεδωκότες,
1297 1379 1393 1433 καί¹
1436 1375 1574 1448 μετά
1608 1370 1862 1441 δακρύων

269 1496 339 1564 τῇ
362 1492 494 1563 ἁγίᾳ
526 1465 726 1556 συνόδῳ
759 1479 1197 1554 προσπίπτοντες
1232 1475 1324 1528 καὶ
1351 1465 1860 1540 ἐξομολογούμενοι,

270 1555 372 1640 καὶ
411 1555 610 1654 -μέντοι
668 1555 762 1632 καὶ
811 1571 1166 1642 συγγνώμης,
1203 1566 1341 1620 κατὰ
1383 1562 1481 1632 τὴν
1517 1560 1657 1627 ὑπὲρ
1684 1555 1866 1609 αὐτῶν

268 1675 369 1730 τοῦ
407 1670 670 1744 βασιλέως
720 1663 1090 1736 παράκλησιν,
1152 1656 1248 1710 καὶ
1278 1654 1376 1724 τὴν
1418 1650 1527 1704 τῶν
1575 1643 1865 1715 Ῥωμαίων

270 1733 494 1837 ψῆφόν,
534 1763 610 1825 ὡς
643 1733 980 1831 βιασθέντες,
1033 1748 1376 1818 ἀξιούμενοι,
1405 1741 1493 1795 ναὶ
1535 1739 1601 1810 δὴ
1648 1738 1741 1790 καὶ
1789 1733 1867 1803 τῷ

272 1857 622 1930 διωρισμὲνῳ
655 1853 872 1924 θέμενοι
902 1843 1186 1914 ἐπιτιμίῳ,
1219 1837 1280 1892 οὒ

426 1917 693 2016 καθέδρας
722 1917 859 2004 *τοῖς
913 1935 1266 2006 άνεγκλήτοις
1313 1927 1515 1999 ὁμοίως
1574 1922 1669 1976 καὶ
1717 1917 1871 1971 αὐτοὶ⁸

276 2038 662 2111 κατηξιοῢντο.

370 2101 654 2186 ’ἐντεῦθεν
681 2127 759 2190 είς
789 2123 987 2178 ἑκατὸν
1015 2118 1108 2173 δύο
1134 2116 1224 2170 τὸν
1257 2109 1491 2183 ἀριθμὸν
1540 2101 1875 2162 ἐπισκόπους

277 2228 313 2297 ἡ
355 2223 568 2284 σύνοδος
600 2219 785 2287 ἐκείνη
830 2208 1301 2284 συγκροτουμένη,
1336 2204 1429 2255 καὶ
1457 2200 1636 2252 πάντα
1669 2196 1872 2263 εὐσχη-

283 2285 470 2389 μόνως
495 2313 588 2367 καὶ
626 2285 782 2364 κατὰ-
801 2305 976 2370 τάξιν,
1035 2301 1130 2355 καὶ
1160 2300 1341 2352 πάντα
1377 2295 1474 2346 σὺν
1503 2291 1646 2359 λόγῳ
1676 2285 1876 2355 καιρίῳ

283 2410 384 2464 καὶ
423 2405 734 2466 κανονικαῖς
764 2397 1038 2462 διατάξεσι
1073 2393 1255 2461 λέγειν
1280 2389 1377 2442 καὶ
1407 2385 1670 2455 πράττειν
1695 2377 1876 2432 διαλο-

282 2506 589 2576 γιζόμενοι,
625 2501 717 2554 τὸν
745 2495 1046 2552 ὑπεύθυνον
1071 2489 1276 2544 ⁴ιιώτιον
1303 2483 1614 2554 παράγουσι
1646 2474 1721 2546 μὴ
1759 2473 1879 2542 βου-

282 2569 514 2669 λόμενον
539 2612 554 2626 ·
587 2594 680 2649 καὶ
711 2589 1048 2658 διελέγχουσι
1088 2581 1188 2652 μὲν
1238 2574 1532 2644 ἀποτόμως
1579 2569 1679 2637 τῆς
1733 2579 1882 2633 φονι-

285 2655 394 2760 κῖὶς
427 2685 568 2739 κατά
602 2655 998 2750 Ἰγνατίουή-τοῦ
1036 2670 1295 2742 ίεράρχου
1331 2659 1727 2734 προαιρέσεως,
1781 2655 1877 2708 καὶ

418 2745 726 2846 παραλόγου
744 2769 839 2822 καὶ
863 2761 1161 2837 μανιώδους
1190 2752 1564 2822 καθαιρέσεως
1585 2765 1598 2777 ·
1630 2745 1884 2813 ἐλέγχου-

286 2888 351 2930 σι
379 2870 434 2922 δὲ
465 2867 562 2921 καὶ
585 2866 683 2924 τὰς
709 2855 1066 2932 ψευδοεπείας
1101 2849 1269 2904 αὑτοῦ
1302 2848 1398 2900 καὶ
1422 2840 1757 2911 δυσφημίας,
1785 2835 1882 2888 καὶ

285 2965 396 3016 ὅσα
425 2959 566 3013 κατὰ
596 2953 863 3009 Νικολάου
895 2948 989 3003 τοῦ
1026 2945 1188 2998 πάπα
1222 2939 1544 3008 πεφώραται
1585 2929 1882 3003 δεδρακώς.

285 3049 430 3109 Εἶτα
484 3047 846 3103 πυνθάνονται
891 3041 1021 3111 παρ’
1072 3033 1262 3097 αὑτοῦ,
1294 3032 1347 3084 εί
1372 3048 1424 3082 τι
1452 3031 1565 3098 ἔχει
1608 3023 1886 3090 δικαίωμα

290 3147 446 3218 πρὸς,
476 3141 574 3212 τὴν
609 3139 730 3192 κατ’
797 3133 963 3188 αὑτοῦ
1021 3130 1187 3184 πάλαι
1223 3121 1525 3194 γενομένην
1583 3115 1733 3186 παρά
1777 3112 1886 3166 τῶν

307 3234 598 3304 Ῥωμαίων
670 3228 996 3296 κατάκρισιν
1073 3217 1520 3284 ἀνθυπενεγκεῖν.

297 3299 614 3389 σιωπῶντος
653 3323 732 3394 τῷ
775 3318 1048 3391 μηδεμίαν
1079 3314 1156 3385 (8)
1213 3310 1436 3377 εὔλογον
1491 3306 1638 3375 ἐχειν
1686 3299 1886 3355 ἀπολο-

293 3420 425 3489 γίαν
455 3417 588 3488 πρὸς
606 3417 674 3469 τὰ
704 3393 1084 3482 ἐγκαλούμενα
1103 3446 1119 3471 ,
1153 3401 1343 3471 ἐπειδὴ
1375 3398 1478 3452 ὑπό
1504 3414 1562 3448 τε
1593 3393 1700 3447 τῶν
1729 3407 1892 3444 τοπο-

289 3511 554 3582 τηρητῶν
581 3506 781 3571 αὐτῶν,
805 3502 910 3557 ὑπό
925 3519 984 3554 τε
1006 3497 1099 3552 τοῦ
1125 3494 1388 3567 βασιλέως
1421 3490 1514 3543 καὶ
1538 3487 1636 3556 τῆς
1660 3481 1892 3550 συγκλή-

291 3621 395 3658 του
433 3597 873 3671 παραινούμενος
922 3587 1254 3659 συγγνώμην
1308 3581 1551 3650 αἰτῆσαι,
1608 3576 1750 3629 ὥστε
1789 3569 1891 3624 κᾶν

292 3693 402 3763 τῆς
452 3691 563 3747 τῶν
613 3685 820 3740 πιστῶν
855 3677 1140 3741 κοινωνίας
1198 3675 1274 3737 ὡς
1327 3670 1515 3730 λαῖκὸς
1563 3662 1887 3731 ἀξιωθῆναι,

297 3784 653 3843 παντάπασιν
711 3777 770 3841 ἐξ
819 3771 1109 3834 αὐθαδείας
1141 3763 1468 3821 ἀπεσείσατο
1516 3759 1615 3826 τὴν
1648 3752 1891 3823 συμϐου-

296 3840 427 3937 λίαν
449 3889 464 3905 °
497 3874 655 3942 κοινῇ
701 3840 889 3926 λοιπδν
920 3865 1087 3936 ψήφῳ
1117 3859 1213 3915 καὶ
1259 3852 1578 3921 δικαιοτάτῃ
1623 3840 1892 3911 κατακρί-

303 3986 485 4035 νουσι,
539 3961 865 4035 καθαιροῦσι
912 3976 974 4012 τε
1001 3955 1189 4008 τοῦτον
1230 3949 1324 4005 καὶ
1376 3938 1896 4012 ἀναθεματίζουσιν,

305 4065 386 4126 ὡς
427 4029 728 4128 ἐπιϐήτορα
756 4053 850 4107 καὶ
889 4049 1098 4121 μοιχὸν,
1132 4046 1228 4100 καὶ
1268 4037 1524 4110 διωγμῶν
1575 4029 1900 4104 χαλεπωτάο

305 4172 421 4210 των
449 4153 542 4206 καὶ
575 4147 885 4202 σκανδάλων
940 4140 1148 4212 μυρίων
1191 4137 1308 4197 ταῖς
1344 4130 1436 4185 τοῦ
1486 4125 1623 4181 Θεοῦ
1671 4121 1901 4190 Ἐκκλη-

309 4247 459 4309 σίσις
497 4244 668 4297 αἴτιον
704 4237 1015 4307 γενόμενον.
1044 4230 1152 4285 Καὶ
1185 4221 1581 4294 ἀποφαίνονται
1633 4217 1732 4269 σὺν
1785 4214 1904 4283 ἅμα

308 4305 586 4396 Νικολάου
612 4305 1028 4406 ὶαίίσυνοδικῶς
1047 4325 1114 4393 τῇ
1140 4317 1302 4389 Nm]
1327 4313 1421 4368 τοῦ
1453 4313 1612 4367 πάπα
1643 4305 1904 4373 καθαιρε-

307 4432 440 4500 τικῇ
469 4395 657 4498 ψήφῶ,
699 4425 770 4494 τῇ
802 4420 941 4492 μετὰ
977 4413 1182 4482 πολλῆς
1232 4404 1519 4479 ἁκριὸείας
1559 4399 1778 4472 πρῶτον
1806 4395 1901 4448 καὶ

1322 357 1500 420 VITA
1540 355 1602 414 S.
1645 345 1944 410 IGNATII
1975 345 2082 404 ΟΡ.
2109 340 2462 401 ARCHIEP.

1435 468 1531 521 καὶ
1566 462 1721 535 ἱερὰν
1763 461 1849 513 εὺ-
1881 512 1883 520 λ

1994 470 2102 520 em,
2134 453 2318 518 ﬁdem,
2368 446 2766 509 innocentiam,
2802 445 3277 516 integritatemque
3320 447 3530 518 legato-

3421 336 3530 402 556

1954 562 2098 613 rum,
2163 558 2374 599 necnon
2419 542 2511 612 jus
2541 551 2595 595 et
2626 538 3006 595 auctoritatem
3062 539 3393 593 tnittentium
3444 544 3537 594 de-

1954 637 2260 695 clarabant.

2031 900 2232 956 Deinde
2253 906 2474 968 postero
2491 896 2577 951 die
2598 894 2909 950 sacerdotes
2945 901 2996 947 et
3019 891 3293 946 antistites
3328 905 3542 954 omnes,

1958 996 2052 1066 qui
2091 1010 2121 1048 a
2150 991 2422 1047 Melhodio
2451 997 2505 1044 et
2551 987 2761 1057 lgnatio
2816 985 3183 1041 sanctissimis
3219 983 3548 1053 patriarcltis

1961 1087 2274 1143 consecrati
2330 1093 2509 1146 erant,
2560 1082 2880 1149 artibusque
2909 1089 2963 1134 et
3013 1077 3248 1140 insidiis,
3290 1076 3552 1144 omnique

1962 1195 2162 1250 genere
2193 1185 2596 1232 tormentorum
2624 1174 2690 1227 ad
2727 1171 2907 1226 Pltotii
2950 1168 3401 1226 communionem
3453 1165 3554 1218 ab-

1964 1274 2099 1342 repti
2134 1279 2312 1332 erant,
2361 1267 2558 1321 libellis
2595 1265 2930 1336 ptenitentiae
2966 1262 3258 1333 porrectis,
3306 1276 3430 1314 cum
3473 1259 3555 1310 la-

1963 1364 2168 1454 crvmis
2199 1361 2474 1430 supplices
2505 1359 2570 1412 ad
2606 1357 3024 1427 sancttesynodi
3056 1354 3218 1425 pedes
3241 1351 3556 1421 procubue-

1967 1445 2135 1523 runt;
2184 1464 2238 1508 et
2282 1454 2580 1520 deprecatu
2626 1448 2996 1518 imperatoris,
3047 1446 3190 1516 quod
3238 1445 3345 1497 vim
3407 1445 3553 1512 passi

1968 1557 2172 1609 essent,
2210 1546 2278 1600 de
2327 1544 2598 1599 sententia
2636 1544 2938 1611 legatorum
2990 1537 3272 1607 pontificis
3321 1535 3554 1588 Romani

1968 1640 2127 1693 venia
2161 1637 2390 1707 dignati,
2429 1634 2806 1704 prazscriptnm
2840 1633 2942 1687 sibi
2971 1632 3276 1700 epitirnium
3310 1643 3406 1682 seu
3441 1641 3558 1695 pm-

1972 1740 2098 1778 nam
2156 1732 2568 1792 susceperunt,
2625 1719 2958 1790 perindeque
3008 1735 3072 1772 ac
3111 1718 3205 1772 alii
3263 1715 3559 1786 inculpati,

1287 1853 1362 1890 τω
1385 1834 1485 1904 τῆς
1511 1831 1620 1884 τῶν
1647 1826 1870 1880 ἐπισκό-

1994 1817 2354 1887 :piscoporum
2375 1814 2562 1870 sedem
2603 1811 2894 1880 locumque
2928 1815 3278 1878 receperunt.

2044 2099 2318 2170 Deinceps
2351 2099 2446 2153 illa
2470 2096 2718 2169 synodus
2753 2110 2850 2166 per
2888 2093 3181 2164 episcopos
3227 2092 3368 2148 duos
3398 2105 3567 2160 supra

1975 2203 2194 2250 centum
2221 2193 2522 2256 celebrata,
2541 2191 2726 2245 omnia
2763 2188 2959 2243 ordine
2988 2187 3373 2254 decenterque,
3398 2194 3453 2238 et
3481 2199 3570 2236 ra.-

1977 2287 2127 2341 tione
2156 2285 2361 2355 optima
2392 2298 2456 2336 ex
2487 2282 2669 2350 legum
2704 2287 2758 2334 et
2776 2278 3171 2334 canonicorum
3216 2277 3566 2332 decretorum

1978 2377 2299 2448 praescripto
2361 2372 2596 2429 dicendo
2662 2370 3025 2441 agendoque,
3092 2383 3246 2422 reum
3313 2366 3566 2420 Pbotiutu

1979 2469 2230 2539 quamvis
2261 2466 2645 2527 reluctantem,
2673 2470 2993 2532 praesentem
3055 2459 3252 2513 adesse
3296 2456 3463 2526 cogit.
3499 2453 3568 2508 Et

1982 2575 2171 2616 severe
2196 2558 2273 2612 illi
2303 2555 2574 2625 objiciunt
2601 2552 2832 2608 consilia
2855 2551 3101 2605 exitialia
3126 2551 3387 2602 adversus
3421 2546 3572 2616 lgna-

1983 2654 2119 2708 tium
2154 2650 2315 2714 inita,
2352 2647 2551 2702 factam
2586 2655 2780 2716 praeter
2825 2643 3096 2697 rationem
3153 2642 3347 2695 insana
3394 2646 3575 2692 mente

1985 2746 2105 2816 eius
2133 2741 2572 2814 depositionem;
2611 2735 2895 2791 mendacia
2940 2734 3088 2797 item,
3134 2740 3189 2785 et
3243 2727 3575 2785 calumnias.

1988 2841 2200 2908 aliaque
2233 2835 2438 2898 omnia,
2469 2847 2590 2901 quae
2620 2830 2761 2884 clam
2797 2827 3062 2880 adversus
3093 2821 3375 2876 Nicolaum
3397 2818 3581 2888 pomi,

1987 2907 2144 2987 licem
2181 2928 2360 2982 fuerat
2387 2924 2627 2998 molitus.
2659 2918 2866 2974 Deinde
2893 2925 3147 2986 quierunt
3177 2928 3244 2967 ex
3296 2926 3382 2975 eo,
3439 2907 3575 2978 quid

1989 3018 2318 3090 respondeat
2342 3016 2409 3069 ad
2443 3015 2590 3068 illam
2627 3011 2758 3064 olim
2808 3007 2996 3060 [toruae
3044 3005 3212 3056 latam
3271 3007 3459 3064 contra
3519 3011 3580 3048 se

1989 3106 2356 3166 damnationis
2387 3102 2738 3159 sententiam.
2792 3097 2929 3152 Cum
2964 3094 3395 3153 obmutesceret,
3429 3087 3579 3157 quod

1584 3209 1760 3262 Αὑτοῦ
1832 3207 1887 3258 δὲ
1915 3181 1963 3240 C
1999 3201 2202 3256 nullam
2230 3196 2522 3252 criminum
2567 3205 2792 3247 suorum
2839 3201 3027 3240 veram
3065 3182 3440 3236 defensionem
3494 3194 3583 3232 re-

1992 3292 2236 3365 periret,
2267 3305 2296 3342 a
2337 3286 2533 3357 legatis
2569 3281 2855 3344 Romanis,
2894 3279 3125 3347 ipSOque
3159 3274 3492 3343 imperatore
3529 3281 3584 3322 et

1995 3396 2107 3441 toto
2142 3391 2336 3439 senatu
2390 3377 2724 3438 admonitus,
2760 3383 2821 3428 ut
2875 3371 3092 3424 veniam
3153 3374 3491 3436 precaretur,
3530 3372 3585 3416 et

1994 3480 2186 3534 saltem
2247 3483 2509 3542 tanquam
2545 3469 2721 3523 laicus
2758 3465 2823 3518 ad
2852 3461 3092 3516 ﬁdelium
3141 3456 3585 3513 communionem

1995 3569 2352 3638 reciperetur,
2387 3561 2624 3631 superbo
2657 3570 2712 3612 et
2746 3552 3063 3611 contumaci
3094 3550 3280 3603 animo
3298 3547 3587 3602 consilium

1996 3661 2211 3732 penitus
2255 3651 2582 3724 repudiavit.
2620 3647 2762 3718 Ergo
2792 3641 3070 3700 communi
3101 3640 3348 3694 omnium
3385 3635 3588 3705 aequis-

1998 3755 2142 3809 simo
2185 3747 2396 3819 judicio
2431 3746 2744 3804 damnatur,
2802 3739 3109 3800 abdicatur,
3137 3731 3594 3796 anatltemateque

1998 3844 2330 3918 percellitur,
2352 3836 2514 3892 veluti
2537 3834 2770 3888 violator
2783 3839 2837 3885 et
2853 3829 3089 3891 adulter,
3118 3824 3595 3888 maxitnarumque

2001 3936 2377 3997 calamitatum
2413 3940 2467 3984 et
2497 3927 2838 3981 inlinitarum
2871 3921 3232 3988 olfensionum
3263 3930 3329 3969 ac
3363 3913 3599 3967 scanda-

2003 4031 2180 4086 lorum
2209 4026 2263 4079 in
2294 4021 2538 4081 Ecclesia
2571 4017 2664 4071 Dei
2703 4021 2896 4069 auctor
2931 4030 2945 4077 ;
2981 4020 3034 4066 et
3060 4005 3378 4079 pronuntiat
3427 4017 3592 4072 syno-

2004 4127 2109 4178 dus
2134 4121 2291 4190 juxta
2342 4113 2554 4171 Nicolai
2608 4125 2762 4180 papae
2793 4105 3145 4166 sententiam,
3208 4114 3316 4171 qua
3357 4096 3595 4165 primum

2003 4212 2240 4271 Pltotins
2263 4215 2480 4262 maturo
2529 4215 2655 4256 cum
2693 4197 2928 4266 judicio,
2971 4193 3350 4257 canonicaque
3382 4200 3483 4240 seu
3510 4198 3600 4252 sy-

2006 4305 2200 4362 nodica
2237 4299 2415 4354 fuerat
2461 4290 2806 4362 depositione
2853 4288 3166 4341 damnatus.
3203 4276 3602 4344 'Subscripsere

2008 4389 2320 4467 (episcopi)
2345 4381 2676 4456 depositioni
2693 4377 2942 4439 calamis,
2967 4389 3072 4430 non
3095 4371 3244 4426 nudo
3266 4372 3603 4424 atramento,

309 4457 440 4500 τικη
469 4457 657 4498 virgati),
710 4457 770 4494 ιη
802 4457 941 4492 re...
983 4457 1180 4482 ..πη-..-1,
1234 4457 1387 4479 νμῗμ
1414 4457 1417 4458 ,
1461 4457 1517 4466 η,
1605 4457 1617 4472 ,

309 4519 630 4588 κανονικῆς,
665 4516 783 4586 ῆτοι
813 4507 1097 4577 συνοδικῆς
1119 4502 1355 4574 κρίσεως
1380 4490 1757 4564 ἀποφανθείσῃ
1781 4504 1883 4541 κατ

2009 4488 2125 4552 sed,
2164 4486 2219 4539 in
2243 4497 2354 4553 quo
2392 4478 2612 4550 penitus
2635 4470 3029 4529 contrerniscas
3089 4463 3171 4534 (ut
3206 4474 3300 4515 eos
3351 4457 3444 4527 qui
3491 4470 3606 4508 rem

2195 4585 2203 4588 -
2444 4577 2647 4588 η-μ-ᾼ-
2704 4561 2906 4588 ---.r:..:\
2966 4561 3086 4588 ξηοη
3121 4552 3424 4588 αηιυαιηιιίε
3475 4563 3606 4588 cari-

313 4578 509 4669 αὑτοῦ.
546 4578 960 4676 ’Ϋπογράφουσι
987 4599 1044 4653 δὲ
1073 4598 1140 4666 τῇ
1183 4589 1526 4661 καθαιρέσει,
1553 4585 1613 4637 οὐ
1653 4579 1793 4653 ψιλῷ
1827 4578 1905 4648 τῷ

321 4702 521 4777 μέλανι
569 4699 639 4752 τὰ
673 4674 1019 4767 χειρόγραφα
1047 4686 1386 4754 ποιούμενοι,
1417 4676 1574 4740 ἀλλὰ,
1604 4674 1663 4726 τὸ
1695 4686 1907 4740 φρικω-

318 4762 603 4854 δέστατον,
625 4762 706 4851 ῶς
724 4762 832 4840 τῶν
861 4782 1078 4838 εἰδότων
1121 4777 1336 4846 ἀκήκοα
1385 4762 1905 4833 διαὸεΰαιουμένων,

317 4887 419 4943 καὶ
444 4887 504 4940 ἐν
527 4882 677 4951 αὺτῷ
705 4878 800 4932 τοῦ
829 4874 1080 4945 Σωτῆρος
1125 4868 1204 4940 τῷ
1245 4866 1440 4936 αἵματι
1472 4860 1772 4931 βάπτοντες
1816 4852 1910 4905 τὸν

319 4983 598 5053 κάλαμον,

318 5073 518 5133 αὐτοῦ.

413 5168 680 5228 Ἐνταῦθα
709 5165 1022 5235 γενόμενος,
1055 5151 1459 5225 κατηγορήσειν
1494 5162 1586 5217 μοι
1622 5139 1765 5196 δοκῶ
1811 5137 1914 5207 τῆς

328 5266 556 5322 συνόδου
580 5279 594 5294 ·
630 5228 917 5331 μέμφομαι
948 5251 1004 5304 δέ
1031 5249 1126 5303 καὶ
1157 5245 1256 5315 τὴν
1285 5241 1467 5312 κρίσιν
1497 5235 1726 5304 ταύτην,
1745 5233 1795 5284 εί
1823 5228 1918 5283 καὶ

323 5322 838 5426 τολμηρόνίΠάσας
863 5346 972 5414 γὰρ
1003 5340 1101 5404 τὰς
1149 5333 1378 5406 πράξεις
1428 5328 1526 5383 καὶ
1552 5327 1680 5387 τοὺς
1729 5322 1918 5392 διωρι-

326 5413 566 5522 atri-voti;
589 5447 648 5499 ἐν
675 5442 814 5512 αὐτῇ
844 5413 1074 5496 κανόνας
1104 5428 1306 5501 ὁμοίως
1329 5425 1442 5486 τοῖς
1468 5423 1526 5474 ἐν
1553 5418 1674 5479 ταῖς
1709 5413 1918 5484 προλα-

333 5502 408 5522 "r'
454 5502 458 5503 κ
549 5502 564 5510 -
787 5502 814 5512 ..

326 5539 558 5601 ϐούσαις
588 5532 727 5590 ἑπτὰ
751 5527 990 5590 συνόδοις
1019 5515 1448 5590 οίκουμενικαίς,
1475 5511 1568 5564 καὶ
1599 5505 1822 5566 τούτους
1848 5502 1924 5565 ὡς

411 5732 488 5802 (8)
535 5733 687 5790 Alter
738 5727 911 5788 codex
965 5721 1116 5795 legit,
1165 5713 1331 5775 αὐτοῦ
1384 5711 1445 5767 δέ
1481 5707 1732 5769 εἰπόντος
1772 5702 1834 5758 τὸ
1885 5694 2180 5774 μηδεμίαν,

333 5805 558 5862 diceret.

653 4975 825 5039 οὕτως
875 4966 1207 5041 ἐξεκήρυξαν
1239 4960 1466 5025 Φώτιον,
1517 4953 1692 5019 οὕτως
1744 4949 1908 5004 αὑτὸν
1945 4944 2328 5009 κατεδίκασαν,
2357 4938 2452 4994 καὶ
2477 4935 2684 4996 πάντας

2009 4585 2230 4643 norant,
2269 4577 2650 4629 asseverantes
2700 4561 2932 4632 audivi),
2966 4561 3087 4629 ipso
3121 4552 3425 4609 Salvatoris
3475 4563 3608 4602 san-

2009 4671 2172 4740 guine
2200 4664 2416 4720 tinctis.
2455 4661 2558 4722 lta,
2598 4657 2851 4724 inquam,
2883 4651 3105 4704 demum
3136 4643 3390 4701 Pltotintn
3437 4651 3610 4692 exau-

2006 4765 2294 4814 ctorarunt
2330 4752 2792 4814 damnaruntque,
2826 4753 3044 4808 unaque
3072 4747 3263 4789 omnes
3292 4729 3362 4784 ab
3398 4727 3490 4782 illo
3515 4741 3610 4780 su-

2013 4849 2126 4904 cris
2152 4845 2426 4900 initiatos.

2715 4928 2843 4991 τοὺς
2899 4917 3458 4995 κεχειροτονημένους
3519 4912 3616 4965 ὑπ’

2093 5129 2195 5186 Hic
2217 5139 2319 5196 ego
2341 5121 2474 5177 mihi
2508 5114 2780 5190 synodum
2821 5110 2948 5181 jure
2977 5099 3385 5176 quodammodo
3428 5109 3615 5164 repre-

2024 5225 2302 5280 bensurus
2329 5213 2521 5268 videor
2549 5228 2567 5264 ι
2596 5200 2995 5276 reprehendam
3018 5206 3225 5259 autem,
3249 5193 3351 5246 etsi
3384 5187 3615 5243 fortasse

2028 5311 2314 5375 audacius,
2343 5306 2451 5360 boc
2486 5303 2664 5374 ipsum
2689 5294 2984 5367 judicium.
3015 5288 3280 5343 Actiones
3313 5281 3457 5336 enim
3497 5291 3617 5331 om-

2033 5422 2129 5462 nes
2151 5412 2206 5459 et
2231 5397 2488 5455 delinitos
2527 5395 2582 5449 in
2622 5405 2688 5446 ea
2729 5399 2992 5450 canones,
3045 5377 3273 5449 perinde
3325 5387 3390 5428 ac
3412 5373 3466 5427 in
3497 5367 3620 5424 aliis

2031 5505 2238 5569 septem
2276 5483 2636 5547 mcumcnicis
2677 5479 2924 5554 synodis,
2977 5475 3051 5530 ita
3093 5473 3149 5527 in
3179 5472 3280 5526 bac
3304 5476 3524 5537 quoque
3560 5471 3622 5515 ut

2215 5706 2332 5746 cum
2365 5703 2485 5746 vero
2514 5684 2606 5742 ille
2630 5675 2986 5752 respondisset
3004 5687 3058 5729 se
3090 5665 3222 5726 nihil
3258 5663 3448 5720 habere
3483 5650 3622 5732 quod
