4064 6434
560 414 591 480 ί)
606 414 666 477 ﬂ

1741 406 2031 469 NICET/E
2058 398 2581 464 PAPIILAGONIS

3687 400 3771 466 548

558 533 782 583 sanctos
832 534 887 580 et
930 538 959 579 a
1014 522 1221 593 Spiritu
1260 532 1452 579 sancto
1490 523 1724 579 dictatos
1786 522 1940 577 valde
1968 517 2172 590 probo.

2246 510 2636 574 θεοπνεύστους
2662 509 2782 563 λίαν
2803 510 3161 581 προσιέμενός
3185 526 3245 564 τε
3274 512 3371 566 καὶ
3398 510 3769 587 ἀποδεχόμενος,

562 620 922 686 admittoque.
955 615 1071 671 Hoc
1101 625 1316 671 tantum
1347 617 1400 671 in
1436 617 1540 672 hac
1568 628 1762 672 octava
1797 629 1907 669 non
1939 613 2138 678 laudo,

563 726 672 766 non
731 709 875 779 quod
925 710 1006 779 (ut
1041 708 1210 777 aliqui
1266 708 1512 778 censent)
1566 708 1789 778 gravius
1845 713 2143 769 commota,

564 803 757 858 durius
783 803 839 856 in
873 816 998 856 reos
1019 801 1323 856 decreverit
1349 818 1363 867 ;
1392 801 1485 855 sed
1515 809 1710 854 contra
1745 798 1928 869 potius
1959 811 2147 867 repre-

568 895 851 950 hendenda
886 892 1116 948 forsitan
1156 893 1228 948 sit
1257 892 1396 962 apud
1428 907 1645 962 aequum
1676 891 1967 953 arbitrum,
1999 888 2148 959 quod

566 984 744 1037 multo
777 983 1099 1037 clementius
1151 996 1317 1051 quam
1361 981 1666 1051 Oportebat,
1701 979 1988 1051 judicarit,
2037 978 2150 1033 ha-

568 1075 684 1129 bita
718 1088 913 1142 nempe
937 1088 1293 1143 personarum
1324 1074 1511 1142 aliqua
1540 1072 1773 1135 ratione,
1801 1087 1909 1125 non
1939 1086 2003 1125 ex
2032 1070 2151 1139 lege

572 1161 876 1232 apostolica
932 1161 1144 1215 sincere
1201 1161 1308 1214 lata
1339 1162 1627 1216 sententia.
1685 1160 2018 1215 Tricesimus
2060 1174 2153 1214 ca-

572 1266 683 1304 non
734 1250 811 1319 (9)
864 1249 1204 1305 adhibendus
1265 1257 1404 1314 erat,
1463 1263 1572 1319 quo
1634 1251 1974 1305 innocentem
2027 1259 2154 1304 ante

574 1344 846 1411 lgnatium
876 1339 1103 1396 Photius
1150 1342 1485 1411 sycophanta
1526 1341 1836 1406 damnarat,
1869 1340 2025 1410 quasi
2060 1352 2155 1407 per

575 1433 893 1488 saecularem
944 1440 1271 1502 potestatem
1322 1430 1623 1489 Ecclesiam
1679 1433 1989 1487 invasisset.
2042 1428 2157 1485 Hoc

576 1525 754 1594 magis
773 1538 923 1578 nunc
958 1523 1301 1579 innitendum
1345 1534 1464 1579 erat
1520 1525 1574 1579 in
1605 1538 1755 1587 eum,
1813 1531 1872 1578 ut
1920 1523 2014 1592 qui
2044 1537 2155 1576 non

576 1614 695 1680 Dei,
719 1630 825 1670 non
855 1623 1157 1685 mystarum
1189 1617 1481 1682 sententia,
1515 1616 1609 1672 sed
1643 1616 1950 1672 incredibili
1971 1615 2159 1687 gloriae

574 1713 634 1759 et
663 1706 977 1760 ambitionis
1015 1705 1200 1761 furore
1229 1715 1539 1777 correptus,
1572 1723 1669 1778 per
1701 1708 2020 1763 sacularcm
2057 1721 2158 1777 po-

578 1803 838 1851 testatem
866 1796 1064 1851 solium
1094 1798 1145 1852 vi
1185 1799 1473 1869 tyrannica
1504 1808 1854 1868 occupasset.
1891 1798 2041 1854 Hanc
2072 1799 2161 1853 ille

576 1888 654 1943 ob
670 1904 919 1954 causam,
947 1898 1002 1944 et
1019 1900 1300 1958 pra-terea,
1322 1891 1466 1956 quod
1485 1891 1553 1945 ab
1570 1900 1925 1947 exauctoran
1947 1906 2005 1946 se
2032 1907 2164 1946 con-

580 1981 790 2034 secrari
813 1980 1074 2043 voluerit,
1095 1981 1160 2034 de
1187 1981 1354 2049 gradu
1385 1981 1761 2037 deturbandus
1781 1991 1917 2047 erat,
1951 1996 2167 2037 omnes-

580 2087 693 2140 que
728 2072 821 2141 qui
853 2088 978 2126 cum
1033 2073 1127 2126 illo
1157 2073 1660 2138 communicabant,
1707 2073 2007 2128 secundum
2036 2089 2168 2144 apo-

581 2161 835 2215 stolicam
866 2162 1209 2217 sanctionem
1245 2179 1259 2213 :
1288 2178 1388 2217 nec
1414 2163 1655 2233 oportuit
1681 2177 1777 2219 eos
1810 2162 1919 2219 Deo
1966 2163 2168 2234 Deique

576 2252 788 2321 judicio
823 2254 1203 2309 clementiores
1238 2269 1377 2321 esse,
1418 2265 1472 2310 et
1526 2256 1865 2311 sacrosancti
1929 2256 2166 2326 Spiritus

581 2346 860 2400 decretum
884 2347 1190 2414 antiquare.
1212 2345 1337 2401 Haec
1359 2348 1559 2418 quippe
1584 2347 1801 2402 illorum
1829 2348 2165 2420 indulgentia

580 2436 769 2489 omnia
804 2450 1009 2503 susque
1046 2438 1221 2506 deque
1246 2438 1357 2508 egit
1389 2439 1525 2509 (l0).
1582 2437 1698 2494 Hoc
1754 2439 2024 2509 judicium
2061 2441 2168 2495 dici

580 2541 694 2580 non
729 2535 909 2597 potest
934 2539 1202 2597 quantum
1232 2528 1545 2594 offenderit,
1568 2540 2011 2601 quantorumque
2037 2546 2171 2587 cau-

583 2634 702 2674 sam
731 2620 1023 2689 praebuerit
1068 2622 1360 2677 malorum.
1414 2623 1747 2677 Persuasum
1796 2623 1940 2678 enim
1975 2624 2169 2690 habeo,

583 2708 633 2762 si
666 2717 797 2763 tunc
816 2723 883 2762 ex
913 2710 1287 2778 apostolorum
1315 2720 1369 2766 et
1390 2727 1662 2767 canonum
1693 2715 2018 2769 auctoritate
2045 2730 2172 2770 sen-

587 2798 816 2853 tentiam
840 2799 964 2865 rite,
984 2809 1039 2854 et
1076 2801 1130 2855 in
1160 2813 1441 2857 auctorem
1482 2802 1797 2859 schismatis
1825 2813 1881 2860 et
1911 2804 2174 2861 oll‘ensio-

587 2905 743 2954 num,
765 2898 820 2945 et
850 2890 905 2945 in
927 2899 1102 2946 totam
1134 2892 1251 2962 ejus
1274 2893 1566 2950 [actionem
1598 2910 1720 2949 cum
1746 2895 1839 2951 illo
1869 2894 2178 2952 communi-

584 2990 825 3047 cantem,
855 2984 1115 3039 omnibus
1171 2988 1562 3052 exauctoratis,
1623 2987 1895 3055 tulissent,
1923 2987 2174 3044 futurum

584 3070 779 3137 fuisse,
812 3074 893 3127 uti
921 3074 1100 3128 omnis
1123 3074 1189 3128 ab
1234 3074 1474 3130 Ecclesia
1509 3076 1759 3146 impietas
1809 3078 1864 3132 in
1897 3087 2178 3148 posterum

2243 600 2401 655 τοῦτο
2437 600 2595 669 μόνον
2625 601 2726 670 τῆς
2753 600 2946 671 ὀγδόης
2986 600 3207 655 συνόδου
3254 602 3459 674 ταύτης
3501 605 3772 678 ἐπιμέμφο.

2250 709 2369 763 μαι,
2397 691 2495 761 οὐχ
2526 693 2606 745 ὅτι
2640 690 2800 762 θυμῷ
2853 692 3012 763 βαρεῖ
3052 692 3149 746 καὶ
3181 696 3535 766 μνησικακίᾳ,
3560 698 3629 762 ῶς
3654 719 3773 769 τινες

2245 785 2467 847 οἴονται,
2490 782 2598 837 τῶν
2625 783 2943 838 ὑπευθύνων
2969 784 3211 856 ἀνηλεῶς
3230 770 3637 857 κατεψηφίσατο,
3667 794 3776 862 pm.

2247 875 2337 927 λον
2366 876 2465 944 μὲν
2486 875 2576 929 οὖν
2604 875 2917 931 τούναντίον
2957 878 3209 947 μεμπτέα
3237 878 3398 949 τυχὸν
3426 880 3555 952 αὕτη
3579 886 3707 954 παρά
3725 903 3774 954 γε

2247 969 2440 1039 δικαίῳ
2466 968 2574 1021 τῶν
2615 967 2874 1021 τοιούτων
2922 972 3108 1040 κριτῇ,
3140 970 3221 1023 ὅτι
3256 970 3773 1048 φιλανθρωπότερονή

2250 1063 2357 1117 ἔδει
2402 1062 2500 1131 τὴν
2530 1062 2712 1133 κρίσιν
2760 1052 3096 1132 ποιουμένη,
3147 1061 3248 1114 οὐκ
3300 1062 3774 1137 ἀπροσωτοόληπτον,

2252 1154 2372 1208 οὐδὲ
2435 1153 2691 1225 καθαρῶς
2734 1152 3100 1223 άποστολικὴν
3147 1154 3398 1223 ἐπήγαγε
3444 1154 3643 1226 ψῆφον·
3681 1159 3774 1215 δέον

2252 1245 2331 1316 τῷ
2359 1244 2664 1316 τριακοστῷ
2696 1243 2995 1316 κεφαλαίῳ,
3021 1237 3065 1313 ᾧ
3106 1243 3324 1315 πρῶτον
3347 1243 3437 1299 τὸν
3464 1246 3717 1316 ἄμεμπτον
3753 1253 3775 1305 6

2257 1338 2599 1408 συκοφάντης
2626 1335 2999 1401 κατεδίκαζεν,
3015 1335 3090 1399 ὡς
3108 1334 3196 1389 διὰ
3226 1336 3496 1405 κοσμικῆς
3511 1338 3776 1405 δυναστείας

2256 1432 2501 1502 ἐγκρατῆ
2551 1431 2848 1501 γενάμενον
2871 1429 2968 1501 τῆς
3013 1428 3361 1498 Ἐκκλησίας,
3415 1429 3576 1500 τούτῳ
3619 1434 3776 1502 μᾶλλον

2262 1522 2644 1594 ἰσχυρίσασθαι
2702 1521 2797 1575 νῦν
2838 1520 2961 1575 κατ’
3012 1521 3248 1585 ἐκείνου,
3293 1520 3370 1584 ὡς
3393 1521 3453 1575 ού
3494 1521 3640 1593 ψήφῳ
3667 1524 3773 1577 Θεοῦ

2260 1617 2351 1668 καὶ
2411 1614 2623 1686 ίερέων,
2687 1611 2801 1667 ἀλλ’
2851 1611 3124 1685 ὑπερϐολῇ
3195 1612 3486 1683 φιλαρχίας
3535 1613 3617 1667 καὶ
3657 1614 3774 1680 δοξο-

2265 1706 2495 1777 μανίας,
2573 1705 2662 1759 διὰ
2732 1705 3005 1776 κοσμικῆς
3080 1706 3400 1768 δυναστείας
3474 1708 3774 1778 τυραννήσαν-

2259 1814 2351 1860 τος
2400 1797 2500 1867 τῆς
2539 1795 2887 1868 Ἐκκλησίας.
2915 1796 3084 1850 Αὐτόν
3114 1814 3174 1851 τε
3218 1795 3311 1850 διὰ
3353 1794 3519 1850 ταῦτα
3551 1798 3770 1868 καθαιρεῖν

2264 1886 2392 1949 εδει,
2421 1887 2515 1938 καὶ
2537 1885 2617 1939 ὃτι
2642 1886 2795 1958 παρὰ
2822 1885 3208 1959 καθῃρημένου
3232 1885 3618 1956 χειροτονεῖσθαι
3661 1903 3763 1939 κατ-

2265 1976 2439 2046 ηξίου,
2479 1978 2576 2030 καὶ
2624 1976 2753 2041 τοὺς
2784 1977 3251 2047 κεκοινωνηκότας
3282 1976 3340 2030 δὲ
3378 1975 3516 2046 αὐτῷ
3553 1976 3658 2031 κατά
3680 1976 3756 2048 τήν

2266 2069 2630 2137 άποστολικήν
2679 2068 2956 2138 ἀπόφασιν
2987 2069 3196 2132 πάντας
3221 2084 3237 2099 ·
3269 2067 3367 2120 καὶ
3421 2068 3493 2137 μὴ
3531 2066 3758 2137 φιλανθρω·

2270 2159 2538 2232 ποτέρους
2581 2158 2717 2212 Θεοῦ
2748 2161 2842 2214 καὶ
2894 2160 3028 2214 Θεοῦ
3068 2159 3392 2231 γινομένους
3441 2158 3655 2230 κρίσεως,
3692 2159 3767 2227 τὴν

2268 2253 2543 2322 ἀπόφασιν
2570 2251 2663 2306 τοῦ
2692 2253 2956 2324 παναγίου
2978 2252 3300 2324 Πνεύματος
3321 2249 3708 2323 ἁκυροῦν.Τοῦτο
3724 2249 3776 2303 τὰ

2269 2344 2381 2398 ἄνω
2409 2345 2560 2398 κάτω
2592 2345 2857 2416 πεποίηκε
2880 2361 2896 2377 ·
2927 2344 3084 2399 τοῦτο
3111 2344 3173 2397 τὸ
3194 2346 3376 2416 κρῖμα
3398 2343 3494 2396 οὐκ
3538 2341 3659 2395 ἐστιν
3674 2341 3777 2394 ὅσων

2272 2437 2447 2489 είπείν
2500 2436 2687 2489 κακῶν
2740 2437 2912 2490 αίτιον
2970 2436 3063 2489 καὶ
3096 2435 3415 2489 σκανδάλων
3458 2432 3778 2504 ἐχρημάτισεν.

2273 2524 2438 2598 Οἶμαι
2465 2530 2596 2598 γὰρ,
2629 2528 2704 2591 ὡς
2733 2529 2781 2580 εί
2829 2515 3204 2591 άποστολικῶς
3245 2526 3372 2581 τότε
3411 2525 3501 2579 καὶ
3545 2520 3782 2583 κανονικῶς

2275 2619 2414 2673 κατὰ
2448 2619 2665 2674 πάντων
2695 2620 3067 2689 ἀπεφήναντο,
3100 2618 3164 2672 ού
3214 2618 3312 2673 τὸν
3345 2618 3513 2672 αίτιον
3543 2614 3678 2685 μόνον
3711 2610 3784 2679 τῆς

2274 2710 2619 2781 διχοστασίας
2653 2727 2714 2763 τε
2747 2710 2843 2765 καὶ
2890 2709 3003 2764 τῶν
3034 2709 3372 2771 σκανδάλων,
3406 2706 3533 2762 ἀλλὰ
3567 2705 3648 2759 καὶ
3689 2701 3784 2764 τοὺς

2276 2803 2710 2873 κοινωνήσαντας
2740 2799 2888 2869 αύτῷ
2912 2800 3117 2865 πάντας
3137 2798 3557 2870 ὲκκηρύξαντες,
3585 2792 3784 2862 οὐδεμίαν

2278 2892 2345 2948 ἂν
2374 2895 2454 2947 ἔτι
2490 2893 2633 2947 κατὰ
2661 2894 2760 2964 τῆς
2797 2891 3125 2962 Ἐκκλησίας
3152 2887 3267 2962 εἷχε
3300 2889 3627 2962 παρείσδυσιν
3653 2887 3681 2954 ή
3707 2883 3787 2938 ἀδι-

2278 2984 2394 3040 κία.
2429 2984 2639 3055 Ὠσπερ
2667 2984 2724 3038 δὲ
2760 2982 2980 3055 πρῶτον
3023 2983 3162 3059 κατά
3186 2983 3292 3054 τήν
3339 2983 3432 3037 ἐπὶ
3468 2978 3704 3051 Ταρασίου
3720 2973 3788 3028 τοῦ

2281 3074 2425 3130 θείου
2487 3075 2705 3131 σύνοδον
2747 3077 2891 3130 κατὰ
2935 3075 3045 3130 τῶν
3106 3075 3491 3147 Είκονομάχων
3532 3068 3788 3141 γενομένην.

582 3162 991 3219 excluderetur.
1034 3164 1137 3219 Sed
1173 3168 1633 3236 quemadmodum
1669 3177 1817 3234 ante,
1858 3169 2047 3226 divino
2074 3169 2172 3226 Ta-

2246 3228 2248 3245 .
2281 3166 2468 3238 ἐπειδὴ
2498 3166 2946 3239 συμπαθέστερον
2982 3166 3182 3238 μᾶλλον
3217 3166 3251 3238 ἢ
3304 3165 3622 3231 δικαιότερον
3671 3157 3791 3228 ὲχρή·

584 3253 735 3307 rasio
787 3254 1132 3323 patriarcha,‘
1188 3267 1243 3312 et
1280 3258 1490 3329 synodo
1546 3269 1738 3316 contra
1786 3258 2172 3318 lconoma‘chos

2280 3276 2442 3316 σαντο
2480 3261 2592 3323 τοῖς
2620 3259 2938 3331 αἱρετικοῖς,
2982 3257 3175 3331 καιροῦ
3224 3249 3389 3313 πάλιν
3439 3256 3619 3309 ἐκεῖνοι
3642 3248 3791 3319 δραξά-

586 3342 886 3411 celebrata,
941 3359 1064 3399 cum
1118 3346 1487 3418 indulgentius
1530 3363 1695 3418 quam
1744 3364 1813 3405 ex
1862 3352 2179 3422 praescripto

583 3433 815 3504 iustitiae
853 3435 1139 3492 haereticos
1161 3445 1510 3506 tractassent,
1539 3440 1618 3494 illi
1645 3450 1863 3511 arrepta
1890 3444 2182 3500 occasione

589 3522 929 3592 impietatem
966 3539 1121 3580 suam
1148 3527 1323 3582 multo
1357 3529 1532 3598 magis
1583 3529 1984 3586 conﬁrmarunt
2018 3548 2032 3584 :
2103 3533 2180 3588 ita

591 3629 746 3669 nunc
775 3616 984 3686 synodo
1008 3616 1110 3673 hac
1139 3618 1429 3674 remissius
1453 3629 1668 3690 agente,
1694 3636 1797 3678 nec
1820 3623 1940 3678 sine
1961 3622 2179 3692 aﬂectu,

592 3721 774 3775 neque
799 3723 864 3762 ex
899 3709 1203 3778 apostolico
1224 3726 1433 3767 canone
1457 3713 1827 3770 damnationis
1853 3716 2179 3771 sententiam

594 3798 820 3861 ferente.
883 3800 1086 3855 malitia
1139 3817 1331 3858 rursus
1383 3813 1576 3859 contra
1611 3804 1914 3862 Ecclesiam
1971 3808 2184 3864 invenit

591 3886 798 3942 locum.
828 3887 964 3942 Nam
996 3905 1092 3960 per
1122 3891 1374 3948 homines
1396 3902 1558 3948 antea
1594 3904 1882 3966 corruptos
1900 3898 2180 3966 explosus,

592 3995 647 4039 et
682 3998 782 4054 per
810 3984 1019 4055 eiectos
1046 3986 1340 4044 damnatus
1364 3992 1525 4060 quasi
1559 3990 1876 4058 familiares,
1909 3995 2183 4065 postlimi-

596 4076 690 4132 nio
725 4092 1040 4157 recurrens,
1082 4095 1275 4137 rursus
1306 4082 1631 4151 patriarchte
1654 4086 1907 4140 thronum
1942 4101 2040 4157 per
2071 4089 2181 4144 vim

598 4167 834 4237 invasit;
866 4154 1149 4240 sacrisque
1173 4172 1385 4243 legibus
1438 4182 1495 4229 et
1530 4175 1853 4245 apostolicis
1883 4154 2186 4234 sanctioni-

600 4259 703 4312 bus
735 4259 925 4323 elusis,
952 4252 1336 4317 traditionibus
1359 4264 1613 4320 omnibus
1638 4265 2025 4322 ecclesiasticis
2054 4283 2184 4338 pro-

596 4350 829 4406 culcatis
852 4389 867 4415 ,
921 4348 1046 4406 cum
1092 4367 1286 4410 omnes
1323 4354 1377 4409 in
1408 4369 1508 4410 sua
1569 4356 1886 4413 testimonia
1916 4368 1969 4413 et
1996 4360 2185 4417 chiro-

597 4442 804 4510 grapha
844 4443 1115 4512 periuros,
1172 4455 1226 4501 et
1280 4447 1463 4502 crucis
1509 4448 1945 4513 conculcatores,
1975 4459 2038 4505 ut
2067 4452 2183 4521 ipse

597 4541 744 4592 erat,
792 4529 908 4585 ﬁeri
951 4533 1241 4603 coegisset,
1276 4543 1330 4589 et
1378 4543 1622 4590 extrema
1671 4537 1866 4606 primis
1911 4519 2183 4596 deteriora
2218 4519 2259 4573 θ

603 4620 846 4684 fecisset,
878 4623 1124 4677 omnium
1157 4626 1525 4681 conscientias
1562 4627 1870 4697 inquinavit
1914 4641 1970 4684 et
1993 4630 2187 4701 profa-

603 4709 776 4765 navit.
802 4711 982 4780 Atque
1009 4713 1063 4768 id
1115 4714 1171 4768 in
1212 4715 1314 4770 hac
1362 4718 1570 4788 synodo
1603 4718 1964 4785 desideratur,
1998 4729 2058 4775 ut
2088 4736 2190 4792 ego

605 4802 807 4869 sentio,
846 4806 993 4874 quod
1029 4814 1083 4861 et
1105 4806 1244 4877 lapsi
1267 4807 1333 4862 ad
1363 4810 1807 4865 communionem
1848 4813 2073 4882 recepti,
2138 4823 2194 4870 et

598 4896 765 4965 lupus
810 4905 1009 4982 praeter
1057 4898 1229 4968 ipsius
1278 4902 1745 4971 exspectationem
1795 4904 1851 4958 in
1901 4904 2045 4960 ovile
2097 4912 2183 4962 est

534 5059 541 5067 ἢ
600 4987 898 5044 admissus.
961 4989 1116 5056 Quod
1175 5000 1231 5048 et
1279 4993 1502 5063 quidam
1546 5010 1612 5050 ex
1648 4995 1822 5066 signis
1845 4999 2182 5069 temporibus

598 5080 712 5134 illis
735 5081 866 5137 visis
900 5083 1174 5151 sapienter
1216 5086 1589 5156 conjeccrunt.
1621 5086 1874 5144 Nondum
1904 5092 2048 5146 enim
2076 5092 2183 5148 hac

600 5172 812 5243 synodo
842 5175 1137 5242 celebrata,
1162 5179 1256 5234 sed
1281 5179 1460 5234 adhuc
1476 5189 1719 5251 sperata,
1754 5181 1988 5240 bubalos
2014 5198 2187 5253 quon-

597 5266 729 5322 dam
766 5267 985 5323 aliunde
1021 5269 1128 5324 huc
1173 5271 1457 5336 adductos,
1514 5288 1717 5344 perque
1769 5274 2004 5329 mediam
2038 5275 2179 5328 viam

598 5369 778 5425 actos,
811 5369 1030 5430 repente
1057 5359 1210 5417 furor
1239 5363 1524 5434 corripuit,
1546 5365 1775 5436 aliisque
1823 5367 1928 5420 alio
1972 5366 2181 5422 ruenti-

598 5454 724 5517 bus,
755 5468 901 5508 unns
953 5461 1103 5509 recta
1130 5455 1393 5512 adversus
1422 5470 1674 5527 magnam
1707 5457 1993 5514 ecclesiam
2027 5457 2177 5512 dela-

676 5608 763 5671 (9)
795 5611 982 5665 Canon
1017 5624 1099 5666 cst
1132 5612 1202 5669 29
1231 5612 1639 5671 Apostolorum.
1675 5612 1849 5667 Hann.

671 5677 785 5747 (ιο)
819 5679 941 5733 Non
983 5682 1199 5737 damnat
1244 5677 1460 5738 Nicetes
1501 5681 2183 5737 a’rumcnicumconcilium

601 5749 754 5811 quasi
786 5751 1100 5813 apostolicos
1135 5769 1361 5807 canones
1386 5754 1624 5818 violarit,
1678 5753 1766 5806 sed
1793 5767 1854 5805 ex
1886 5755 1955 5803 iis
2009 5753 2182 5811 rebus,

605 5829 721 5880 qua
774 5828 887 5882 post
945 5822 1225 5874 concilium
1292 5839 1524 5887 evenere,
1552 5823 1808 5890 majorem
1856 5822 2181 5875 severitatem

2283 3367 2457 3421 μενοι,
2494 3351 2592 3423 τὴν
2622 3350 2832 3404 οἰκείαν
2856 3350 3174 3405 δυσσέϐειαν
3212 3348 3586 3422 χαλεπώτερον
3613 3336 3791 3396 ἀνενεὼ-

2283 3429 2443 3495 σαντο
2463 3456 2477 3471 ·
2508 3440 2652 3495 οὕτω
2681 3440 2776 3496 καὶ
2804 3439 2900 3497 νῦν
2923 3441 3024 3512 τῆς
3047 3440 3269 3496 συνόδου
3309 3439 3508 3510 ταύτης
3548 3427 3793 3502 πεφεισμέ-

2281 3548 2408 3597 νως,
2440 3532 2554 3587 ἀλλ’
2578 3533 2682 3586 οὐκ
2712 3532 3086 3604 ἀπροσπαθῶς
3114 3533 3211 3587 καὶ
3229 3528 3524 3592 κανονικῶς
3549 3527 3636 3597 τὴν
3658 3520 3793 3593 κρίσιν

2282 3622 2732 3693 ἀποφηναμένης,
2754 3615 2914 3692 εὗρεν
2930 3615 3083 3685 αὖθις
3105 3623 3139 3691 ή
3172 3619 3405 3691 πονηρία
3430 3616 3561 3671 κατὰ
3584 3612 3672 3681 τῆς
3707 3608 3794 3661 Ἐκο

2281 3714 2510 3783 κλησίας
2542 3713 2749 3784 Χώραν.
2780 3713 2889 3768 Καὶ
2913 3713 3000 3768 διὰ
3029 3712 3139 3767 τῶν
3168 3708 3610 3785 προειλημμένων
3629 3703 3654 3755 ὁ
3692 3696 3792 3753 ἀπό·

2283 3805 2475 3877 ϐλητος
2512 3804 2611 3876 [aL
2641 3804 3126 3876 προσειλημμένων
3157 3801 3307 3889 dan],
3341 3802 3434 3857 καὶ
3459 3796 3544 3854 διὰ
3578 3795 3674 3848 τῶν
3693 3791 3793 3889 ἀπρ-

2283 3898 2485 3968 κρίτων
2519 3895 2876 3969 [ὑποκριτῶν]
2906 3898 2935 3949 ό
2960 3882 3366 3968 καθῃρημένος,
3414 3892 3487 3954 ῶς
3518 3882 3794 3940 κοινωνικῶν

2281 3986 2452 4041 ὄντων
2491 3986 2680 4053 αὑτοῦ,
2726 3986 3113 4057 καταδραμὼν,
3166 3987 3262 4039 καὶ
3296 3982 3452 4047 αὖθις
3498 3977 3583 4031 τὸν
3610 3976 3797 4042 {epam-

2284 4079 2380 4134 κὺν
2403 4079 2592 4150 θρόνον
2622 4081 2987 4152 τυραννήσας,
3036 4079 3133 4133 καὶ
3162 4078 3272 4133 τῶν
3317 4076 3477 4150 ίερῶν
3513 4061 3796 4126 καταπαίξας

2286 4171 2527 4242 θεσμῶν,
2561 4171 2659 4225 καὶ⁴
2700 4171 2878 4226 πάντα
2924 4170 3021 4243 μὲν
3052 4169 3407 4225 ἀποστολικὺν
3437 4162 3639 4245 κανόνα,
3659 4155 3796 4245 πᾶσαγ

2285 4265 2342 4320 δὲ
2381 4238 2680 4337 παράδοσιν
2712 4238 3173 4334 ὲκκλησίαστικὴν
3202 4240 3685 4324 καταπεπατηκὼ;,
3727 4238 3795 4294 καὶ

2287 4336 2495 4421 πάντας
2535 4356 2632 4427 μὲν
2691 4356 2801 4411 τῶν
2857 4357 3074 4411 οἰκείων
3131 4354 3433 4427 ὁμολογιῶν
3479 4336 3795 4420 χειρογράφων

2287 4448 2583 4521 άθετητὰς,
2631 4448 2842 4512 πάντας
2896 4447 2954 4502 δὲ
3000 4447 3419 4517 σταυροπάτας,
3473 4433 3578 4500 οἷος
3619 4429 3795 4485 “id”?!

2288 4539 2533 4608 γίνεσθαι
2566 4539 3023 4609 καταναγκάζων,
3054 4538 3149 4593 καὶ
3164 4539 3286 4593 ’τῶν
3307 4536 3531 4606 πρώτων
3556 4530 3618 4582 τὰ
3641 4522 3799 4609 ἔσχατα

2288 4607 2460 4702 χείρω
2486 4607 2826 4702 διαθέμενος,
2857 4631 2955 4695 τὰς
2984 4631 3242 4685 ἁπάντων
3282 4626 3601 4695 συνειδήσεις
3647 4607 3797 4674 ἐϐεϐή-

2290 4724 2430 4776 λωσε
2464 4723 2558 4777 καὶ
2590 4723 2912 4794 κατέχρανε.
2962 4723 3134 4777 Τοῦτο
3181 4724 3300 4793 μὲν,
3347 4721 3421 4783 ὡς
3445 4720 3472 4771 ὃ
3518 4710 3636 4783 έμδί
3660 4703 3795 4794 MT?"

2290 4816 2394 4885 τῆς
2433 4815 2649 4869 συνόδου
2680 4790 2886 4887 ταῦτης
2934 4817 2996 4870 τδ
3025 4790 3335 4887 “hii-(“Mi
3368 4810 3454 4866 διὰ
3496 4806 3587 4875 τῆς
3620 4790 3798 4893 ﬁt???

2282 4881 2383 4977 ﬁt;
2415 4904 2511 4961 καὶ
2540 4906 2829 4970 κοινωνίας
2841 4881 2964 4961 ’τῶν
2996 4881 3423 4977 παραπεσόντων
3448 4939 3462 4964 ,
3509 4893 3596 4950 καὶ
3622 4889 3698 4941 τὸν
3724 4881 3796 4983 λύ-

2283 5013 2400 5065 κον,
2435 4996 2510 5060 ὼς
2544 4996 2605 5050 οὐ
2642 4997 2966 5067 προσεδόκα,
3020 4999 3134 5060 τοῖς
3186 4995 3476 5067 προϐάτοις
3519 4986 3792 5067 ὲπεισαγου·

2286 5105 2405 5157 σης.
2439 5087 2611 5140 Τοῦτο
2633 5064 2699 5141 δέ
2730 5105 2876 5150 τινες
2906 5088 2998 5141 καὶ
3024 5088 3130 5142 ἀπὸ
3157 5064 3263 5142 τῶν
3300 5064 3794 5157 παρηκολουθηκότα»)

2286 5181 2398 5242 τοῖς
2417 5179 2540 5233 τότε
2573 5180 2788 5250 χρόνοις
2814 5179 3134 5249 τεκμηρίων
3158 5178 3441 5249 ἐμφρόνως
3464 5164 3790 5250 ἐστοχάσαντῗο

2289 5238 2398 5326 Καί
2436 5271 2546 5343 γὰρ
2576 5238 3022 5343 ’μήπω-ταυτησί
3043 5271 3142 5342 τῆς
3165 5238 3386 5326 συνόδου
3411 5238 3791 5343 συγκεκροτημέ·

2288 5381 2407 5435 νης,
2437 5338 2529 5417 ἔτι.
2542 5338 2608 5418 δὲ.
2621 5338 3004 5434 ἐλπιζομένης,
3038 5338 3290 5434 βοδδαλοι
3311 5356 3501 5426 ἔξωθέν
3528 5338 3792 5435 “maelii?

2287 5424 2525 5526 νόμενοι,
2554 5456 2697 5509 κατὰ
2737 5424 2911 5526 μέσης
2937 5424 3205 5526 ’διήγοντο
3230 5455 3333 5525 τῆς
3352 5424 3596 5502 πόλεως’
3624 5424 3792 5497 ἀθρόως

2280 5610 2355 5665 de.
2376 5611 2582 5665 fderat:
2645 5612 2833 5680 quippe
2880 5626 2999 5663 cum
3055 5610 3359 5664 clementius
3395 5603 3548 5680 εθὶδρε
3597 5583 3790 5680 faenum

2281 5697 2441 5750 quam
2474 5696 2566 5747 per
2588 5659 2815 5760 εαῖιοῇξς
2843 5681 2991 5760 ipsos.
3008 5659 3446 5760 agerelicuisset;
3462 5672 3503 5751 εἰ
3521 5659 3788 5760 -ξιξηυξξηζξξξ

2284 5726 3601 5825 ἔρξ’’ὶὶῇρῑὲἐιὶἷιῖῑιῐόιὲόᾝιόἴξᾌᾶέὲᾶιῖἷῖάιαιεκε,
3651 5726 3766 5786 ίιιιιιη

2284 5819 2343 5873 Ρ.
2375 5819 2647 5874 Raderus.

2332 5860 2343 5873 .
2375 5835 2647 5875 ttauerus.
