4064 6412
247 360 339 424 519

1277 357 1450 418 VITA
1492 358 1553 417 s.
1588 315 1884 418 IGN‘ATII
1923 357 2031 419 CP.
2070 360 2424 422 ARCHIEP.

3395 372 3502 437 550

181 531 184 533 λ
243 473 296 524 δὲ
325 464 668 538 θροηθέντες,
714 455 816 516 ὧδε
867 463 1094 516 κάκεῖσε
1147 462 1608 535 διεσκορπίξοντο.
1637 463 1731 529 Εἷς
1764 465 1814 518 δὲ

1924 477 2030 533 tus,
2083 470 2302 538 irrupit,
2348 481 2512 539 atque
2554 471 2617 525 ad
2677 473 2960 528 amhonem
3005 492 3180 546 usque
3225 480 3500 536 curriculo

245 557 408 616 αὐτῶν
428 556 570 608 κατὰ
590 557 689 624 τῆς
715 553 969 623 Μεγάλης
1000 552 1410 624 εύθυδρομήσας
1456 556 1805 624 Ἐκκλησίας,

248 653 334 706 καὶ
361 648 500 701 ἔνδον
527 647 621 699 τοῦ
679 645 828 714 ἱεροῦ
878 643 1138 713 γεγονὼς,
1192 645 1352 715 ἄχρις
1382 645 1548 698 αὐτοῦ
1588 647 1804 716 τρέχων

253 743 336 798 τοῦ
373 738 616 806 ἄμϐωνος
663 737 1022 807 κατήντησεν.
1075 737 1216 808 Ὥρα
1266 738 1324 789 δὲ
1369 733 1438 808 ἦν
1495 738 1661 807 ἐνάτη
1714 738 1814 806 τῆς

253 835 473 907 ἡμέρας·
513 831 604 884 καὶ
661 830 822 892 αὐτὸς
869 830 970 882 οὐκ
1026 830 1230 898 ἀγαθὸς
1278 831 1508 898 ἅγγελος
1571 834 1686 893 τοῖς
1746 831 1815 884 τὰ

251 925 450 981 τοιαῦτα
481 923 689 994 κρίνειν
719 923 882 975 εἰδόσι
920 924 1298 992 κατεφαίνετο.
1337 923 1542 975 Τούτου
1589 923 1646 975 δὲ
1697 925 1817 993 μεί-

248 1019 346 1082 ζων
396 1015 689 1079 ἀπόδειξις,
726 1017 752 1067 6
786 1015 1224 1085 φρικωδέστατος
1279 1016 1528 1084 σεισμὸς,
1577 1015 1634 1078 ὃς
1691 1016 1814 1068 κατ’

244 1107 436 1160 ἐκεῖνον
466 1103 663 1174 συνέϐη
695 1103 786 1156 τὸν
816 1104 1027 1174 καιρόν.
1075 1104 1303 1172 Ἐνάτην
1356 1100 1498 1174 εἶχεν
1573 1105 1814 1159 Ἰανουά-

241 1213 366 1266 ριος,
403 1194 497 1248 καὶ
528 1193 722 1247 πολλαὶ
759 1195 856 1264 μὲν
880 1194 1189 1264 ἐκκλησίαι,
1231 1193 1452 1264 ἔμϐολοι
1480 1196 1537 1248 δὲ
1571 1198 1812 1250 πλεῖστοι

239 1289 326 1339 καὶ
353 1280 492 1338 οἶκοι
527 1284 939 1355 ῂδαφίσθησαν,
996 1285 1212 1354 κτηνῶν
1255 1303 1315 1338 τε
1365 1289 1462 1340 καὶ
1511 1288 1815 1360 ἀνθρώπιον

237 1375 506 1445 ἀμύθητος
533 1375 724 1443 γέγονε
753 1373 1118 1444 πανωλεθρία,
1155 1376 1248 1428 καὶ
1281 1375 1441 1439 αὐτὸς
1490 1377 1546 1430 δὲ
1583 1379 1610 1429 6
1644 1379 1818 1448 μέγας

234 1467 330 1535 τῆς
355 1464 450 1517 τοῦ
485 1465 618 1518 Θεοῦ
649 1464 847 1534 Σοφίας
872 1460 1019 1528 οἶκος
1049 1464 1191 1518 κατὰ
1223 1465 1395 1518 πολλὰ
1431 1468 1572 1537 μέρη
1617 1469 1816 1523 διεκιν-

235 1554 482 1610 δυνεύετο
507 1555 865 1626 ῥηγνύμενος,
891 1557 940 1607 εί
973 1555 1047 1626 μὴ
1064 1557 1162 1625 τῆς
1191 1556 1348 1622 ἀξίας
1381 1557 1516 1626 πρὸς
1541 1557 1650 1612 τῶν
1681 1576 1816 1629 κρα-

233 1644 468 1698 τούντων
492 1645 787 1714 ἐτύγχανεν
825 1645 1164 1715 ἐπιμελείας.
1198 1647 1381 1698 Ταῦτα
1425 1647 1523 1716 μέν
1573 1648 1676 1717 πρὸ
1709 1649 1814 1718 τῆς

236 1737 472 1790 συνόδου.
497 1736 604 1788 Καὶ
633 1735 752 1805 μετ’
783 1736 950 1806 αὐτὴν
981 1735 1240 1806 ἐξαίφνης
1270 1737 1473 1807 ἐπῆλθε
1503 1737 1814 1808 πνεύματος

235 1827 441 1896 σφοδρὰ
465 1827 717 1894 καταιγίς
740 1867 753 1881 .
797 1826 1123 1898 Ὀκτώϐριος
1146 1829 1392 1881 ἐνίστατο
1411 1829 1537 1898 μήν·
1564 1831 1657 1882 καὶ
1675 1829 1817 1883 οὕτω

235 1917 418 1988 βιαίως
454 1916 680 1969 ἐπέθετο
733 1917 794 1970 τὸ
829 1917 1047 1988 πνεῦμα
1069 1957 1084 1982 ,
1135 1918 1211 1981 ὡς
1241 1919 1451 1971 πολλῶν
1485 1920 1582 1988 μὲν
1614 1922 1815 1991 ἐκκλη-

232 2009 381 2072 σιῶν,
421 2007 633 2060 πολλῶν
665 2007 724 2062 δὲ
754 2009 1052 2074 παλατίων,
1087 2012 1182 2063 καὶ
1211 2010 1304 2063 τοῦ
1335 2013 1733 2082 πατριαρχικοῦ
1759 2015 1816 2067 δὲ

231 2099 378 2152 οἴκου
415 2099 509 2154 τὸν
538 2100 787 2170 μόλιϐδον
817 2096 906 2154 οἷα
958 2101 1280 2173 μεμϐράνας
1315 2103 1670 2168 συνελίσσειν,
1721 2107 1816 2158 καὶ

237 2189 314 2251 εἰς
339 2187 610 2258 τοῦδαφος
643 2193 929 2262 κατασπᾷν
954 2206 970 2225 ο
1002 2192 1063 2244 οὺ
1098 2191 1259 2262 μόνον
1296 2192 1374 2258 δὲ,
1410 2194 1546 2247 ἀλλὰ
1585 2196 1679 2248 καὶ
1721 2195 1813 2248 τοῦ

226 2283 632 2354 τετραπλεύρου
663 2284 942 2354 μονολίθου
972 2287 1148 2350 κίονος
1181 2288 1239 2340 ἐν
1279 2287 1355 2359 τῷ
1391 2291 1730 2362 ίπποδρομίῳ
1755 2295 1816 2347 τὸ

226 2372 316 2425 ἐπὶ
343 2373 451 2441 τῆς
498 2376 745 2446 κορυφῆς
802 2377 1179 2448 ἐστηλωμένον
1227 2379 1459 2449 χαλκοῦν
1514 2383 1815 2453 στροϐίλων

228 2464 532 2535 βαρύτατον
557 2465 615 2520 ὂν
651 2467 728 2531 ὡς
776 2470 1117 2539 πορρωτάτω
1152 2472 1441 2543 συνετρίϐη
1473 2475 1660 2527 πεσόν.
1694 2479 1811 2528 Οὐκ

225 2555 345 2626 εικῆ
365 2557 425 2609 δὲ
454 2556 625 2611 ταῦτα
655 2560 1107 2630 παρηκολούθηκε
1149 2563 1218 2616 τὰ
1274 2566 1502 2634 σημεῖα,
1539 2565 1675 2619 ἀλλὰ
1705 2567 1806 2636 τῆς

226 2647 532 2720 μελλούσης
557 2646 711 2714 αὖθις
750 2652 1156 2717 ἀκαταστασίας
1194 2655 1286 2708 καὶ
1321 2659 1566 2728 ταραχῆς
1603 2659 1692 2712 διὰ
1719 2659 1813 2712 τοῦ

221 2743 590 2814 ταραχοποιοῦ
620 2744 871 2815 δαίμονος
915 2747 1009 2800 ἐπὶ
1058 2747 1158 2818 τῆς
1193 2749 1521 2819 Ἐκκλησίας
1569 2753 1815 2806 ἐνίστατο

220 2838 505 2908 τεκμήρια
557 2839 742 2909 σαφῆ·
784 2840 928 2910 ἆπερ
970 2843 1098 2906 ἴσως
1147 2843 1248 2895 οὐκ
1298 2842 1364 2895 ἂν
1412 2843 1731 2911 συνέπεσεν,
1765 2849 1815 2900 εἰ

225 2929 364 2998 μετὰ
405 2930 505 2983 τὸν
558 2931 935 2998 ἀποστολικὸν,
969 2933 1046 2996 ῶς
1100 2935 1336 3006 εἴρηται,
1370 2937 1439 2989 τὰ
1476 2937 1596 2990 κατ’
1652 2939 1816 2992 αὑτὸν

219 3021 415 3092 ἐκρίθη
461 3022 696 3093 θεσμόν·
749 3023 865 3076 ἀλλ’
898 3025 1048 3095 ὅμως
1086 3028 1146 3079 ού
1202 3027 1454 3097 ῥυπαίνει
1487 3028 1660 3084 ταῦτα
1709 3029 1810 3101 τὴν

1918 557 2051 611 hora
2079 559 2185 612 diei
2216 574 2358 612 nona
2395 561 2674 629 pervenit;
2707 563 2799 632 qui
2835 580 2944 618 rem
2975 569 3246 622 :estimare
3274 572 3499 628 scienti-

1918 646 2020 702 bus
2051 649 2203 702 visus
2253 657 2336 702 est
2373 650 2548 704 tnalus
2598 666 2720 706 esse
2750 655 3013 716 ,uuntius.
3047 658 3151 711 Sed
3187 661 3365 729 majus
3394 662 3500 717 isto

1916 750 2296 818 argumentum
2319 751 2456 807 erat,
2489 743 2758 798 tet'rilicus
2794 745 2972 813 plane,
3007 748 3096 815 qui
3129 751 3318 804 eadem
3355 761 3498 807 tem-

1915 844 2130 902 peSIate
2184 849 2331 887 nono
2379 833 2628 888 Januarii
2666 839 2886 901 accidit,
2941 846 3097 891 terrae
3130 849 3354 908 tremor,
3389 861 3499 914 quo

1917 926 2083 979 multa
2113 928 2335 995 templa,
2372 928 2619 996 plurima:
2653 929 2917 997 porticus,
2943 932 3280 1002 aedificiaque
3312 937 3500 988 conci-

1917 1018 2136 1073 derunt.
2195 1019 2488 1074 Hominum
2548 1036 2612 1074 ac
2664 1021 3034 1090 jumentorum
3088 1035 3235 1079 tanta
3288 1036 3500 1096 strages

1916 1109 2060 1165 edita
2092 1121 2194 1177 est,
2219 1123 2421 1182 quanta
2459 1113 2641 1168 verbis
2678 1115 2907 1183 exprimi
2942 1117 3108 1171 nullis
3133 1118 3497 1186 potest.'0uiu

1916 1209 1967 1253 et
2006 1201 2183 1269 ipsum
2214 1202 2433 1271 Sophite
2473 1213 2764 1272 augustum
2794 1206 2886 1258 Dei
2923 1207 3183 1276 templum
3219 1208 3408 1263 multis
3444 1210 3498 1262 in

1917 1291 2166 1359 partibus
2188 1307 2540 1357 concussum,
2569 1293 2672 1348 nisi
2697 1309 2830 1348 cura
2863 1296 3156 1365 singularis
3191 1297 3498 1366 principum

1917 1382 2316 1446 antevertisset,
2355 1383 2526 1437 ruina:
2557 1384 2860 1454 periculum
2901 1386 3144 1440 adiisset.
3179 1389 3358 1456 Atque
3383 1389 3500 1442 haec

1919 1482 2044 1526 ante
2077 1474 2344 1544 synodum
2377 1490 2632 1530 evenere.
2669 1475 2802 1531 Post
2853 1477 3120 1548 synodum
3149 1495 3279 1533 vero
3313 1494 3500 1535 mense

1918 1560 2138 1616 Octobri
2169 1562 2279 1631 jam
2335 1563 2576 1625 ineunte,
2629 1574 2851 1633 repente
2910 1573 3093 1620 tantus
3128 1567 3270 1621 venit
3313 1569 3496 1634 turbo,

1909 1660 2178 1730 tantaque
2209 1651 2415 1720 ingruit
2441 1653 2698 1722 procella,
2739 1663 2798 1707 ut
2831 1655 2999 1708 multa
3032 1656 3253 1724 templa,
3303 1658 3500 1712 multa-

1919 1754 2027 1807 que
2071 1740 2294 1808 palatia,
2329 1751 2492 1812 atque
2542 1742 2715 1810 ipsius
2765 1743 2928 1796 etiam
2979 1745 3293 1814 patriarehii
3323 1748 3500 1815 plum-

1849 1809 1889 1864 Β
1920 1830 2078 1883 beum
2107 1841 2307 1884 tectum
2337 1831 2515 1886 instar
2563 1832 2894 1893 membrana:
2924 1836 3274 1889 convolutum
3307 1837 3359 1890 in
3392 1849 3505 1892 ter-

1915 1934 2031 1973 ram
2059 1921 2336 1991 dejecerit.
2368 1922 2479 1975 lmo
2509 1931 2562 1975 et
2589 1923 2812 1977 obelisci
2847 1924 2899 1976 in
2942 1923 3298 1992 hippodromo
3331 1935 3499 1980 tetra-

1917 2012 2039 2081 Βοιιί
2069 2026 2133 2066 ex
2168 2022 2425 2082 perpetuo
2478 2014 2656 2083 lapide
2710 2013 2834 2069 facti
2874 2016 3117 2069 aheneus
3175 2016 3355 2082 turbo,
3402 2032 3498 2071 seu

1918 2101 2182 2157 strobilus
2217 2103 2422 2173 ingenti
2456 2105 2697 2173 pondere
2729 2105 2998 2160 columna:
3039 2105 3348 2174 impositus,
3375 2121 3506 2176 pro-

1916 2193 2004 2246 cui
2057 2192 2264 2262 ejectus
2296 2203 2348 2248 et
2377 2195 2548 2250 elisus
2585 2204 2688 2250 est.
2741 2194 2853 2250 Nec
2885 2211 3020 2249 vana
3047 2211 3179 2251 sane
3207 2198 3340 2264 haec,
3361 2213 3503 2267 .quaa

1919 2292 2030 2338 tum
2064 2284 2406 2353 acciderunt,
2432 2285 2584 2340 luere
2614 2287 2887 2356 prodigia,
2922 2288 3012 2340 sed
3037 2287 3208 2341 futuri
3239 2297 3420 2343 motus
3448 2299 3503 2344 et

1916 2375 2345 2444 perturbationis
2376 2393 2471 2445 per
2495 2378 2856 2433 architectum
2883 2379 3165 2433 turbarum
3195 2381 3500 2433 daemonem

1917 2466 2174 2521 Ecclesiae
2234 2468 2598 2537 impendentis
2638 2480 2823 2538 aperta
2886 2470 3039 2540 signa
3074 2481 3128 2522 et
3155 2480 3499 2538 argumenta.

1916 2558 2046 2624 Quae
2070 2557 2305 2614 fortasse
2328 2559 2638 2614 evenissent
2671 2576 2976 2631 nunquam,
3008 2561 3053 2615 si
3076 2577 3294 2616 causam
3322 2561 3502 2616 Photii

1918 2649 2161 2720 synodus
2193 2665 2260 2703 ex
2284 2650 2504 2704 decreto
2527 2652 2852 2721 apostolico,
2888 2661 2948 2706 ut
2973 2661 3058 2707 est
3089 2653 3316 2718 dictum,
3348 2651 3503 2707 deci-

1916 2743 2106 2797 disset.
2152 2741 2444 2797 Enimvero
2510 2743 2624 2798 haec
2677 2744 3000 2813 patriarcha
3064 2745 3254 2815 lgnatii
3317 2745 3508 2815 gloria)

1917 2833 2091 2886 labem
2125 2833 2328 2887 nullam
2352 2841 2668 2903 aspergunt,
2695 2833 2844 2902 quod
2876 2849 2988 2888 non
3028 2842 3176 2889 esset
3202 2835 3277 2887 illi
3310 2843 3509 2888 aucto-

1917 2925 2051 2979 ritas
2081 2925 2275 2994 agendi
2309 2940 2430 2994 quze
2462 2925 2626 2979 vellet
2665 2942 2679 2978 :
2719 2924 2984 2980 Romanis
3027 2925 3174 2979 enim
3197 2941 3302 2995 pro
3326 2926 3503 2980 eccle-

1917 3017 2137 3070 siastica
2183 3018 2408 3087 antiqua
2471 3016 2784 3080 traditione,
2841 3016 3122 3084 iudicandi
3174 3026 3504 3086 porestatem

216 3113 312 3168 τοῦ
347 3116 700 3185 πατριάρχου
741 3116 923 3184 δόξαν,
975 3119 1058 3171 ὅτι
1093 3119 1167 3188 μὴ
1200 3120 1529 3184 αὖθεντικῶς
1558 3117 1672 3192 εἶχε
1708 3125 1814 3178 πᾶν

1921 3109 2288 3177 permittebat.
2341 3109 2485 3174 Quin
2538 3117 2591 3162 et
2647 3109 2764 3178 ipsa
2797 3107 3037 3178 synodus
3063 3122 3169 3162 non
3219 3117 3504 3177 tantopere

225 3203 254 3256 ὃ
293 3205 550 3258 ἐϐούλετο
568 3206 700 3277 δρᾷν
726 3223 740 3236 ·
775 3205 975 3277 μᾶλλον
1006 3206 1064 3259 δὲ
1087 3210 1200 3271 τοῖς
1237 3207 1535 3277 Ῥωμαίοις
1564 3209 1704 3279 μετὰ
1719 3210 1818 3280 τὴν

222 3295 432 3350 ἄνωθεν
456 3297 918 3369 ἐκκλησιαστικὴν
953 3299 1275 3369 παράδοσιν,
1303 3299 1404 3369 τὴν
1431 3301 1530 3369 τῆς
1581 3301 1816 3373 κρίσεως

217 3385 479 3449 ἐξουσίαν
513 3386 849 3458 παρεχώρει.
881 3387 1018 3440 Ἀλλ’
1053 3389 1159 3441 οὐδ’
1180 3390 1214 3459 ἡ
1245 3389 1460 3454 σύνοδος
1493 3391 1675 3461 ἐκείνη
1706 3395 1821 3455 τοῖς

215 3479 649 3548 κεκοινωνηκόσι
675 3479 885 3550 Φωτίῳ,
936 3481 986 3531 εἱ
1019 3479 1111 3533 καὶ
1155 3480 1224 3532 τὰ
1259 3481 1494 3550 μάλιστα
1528 3481 1816 3551 βιασθεῖσι,

211 3570 479 3622 τοσοῦτον
529 3570 688 3640 ήθελε
754 3571 1088 3640 συμπαθεῖν,
1147 3573 1271 3626 ὅσον
1329 3575 1363 3643 ἡ
1407 3573 1502 3626 τοῦ
1553 3574 1815 3644 βασιλέως

215 3660 493 3732 ἁπλότης,
526 3662 612 3716 ἵνα
643 3663 718 3734 μὴ
747 3663 892 3731 λέγω
944 3664 1239 3734 κουφότης,
1303 3666 1612 3736 προσώπων
1641 3668 1818 3735 ἡττω-

1917 3200 2135 3254 volebat
2163 3201 2229 3255 iis
2254 3201 2347 3269 qui
2370 3217 2492 3254 cum
2514 3199 2732 3265 Photio,
2759 3200 3011 3270 quamvis
3044 3199 3200 3252 inviti
3221 3206 3276 3253 et
3299 3200 3504 3266 coacti,

1918 3291 2416 3355 communicarant,
2452 3291 2752 3363 indulgere,
2787 3298 3128 3362 quantopere
3155 3289 3500 3359 simplicitas,

1919 3397 1986 3437 ne
2015 3382 2192 3436 dicam
2235 3383 2450 3449 levitas,
2485 3383 2857 3452 imperatoris,
2892 3385 3036 3438 victa
3071 3397 3270 3454 nempe
3322 3383 3505 3440 homi-

1921 3490 2051 3528 num
2093 3475 2365 3544 precibus,
2398 3485 2453 3530 et
2484 3475 2740 3531 laudibus
2779 3475 2966 3530 inﬂata
2997 3476 3279 3540 humanis,
3309 3485 3362 3532 et
3393 3479 3512 3534 cle-

1926 3567 2141 3620 mentiae
2161 3567 2382 3622 nomine
2407 3565 2645 3635 perfecta
2678 3566 2773 3621 Dei
2805 3568 3063 3636 aequitate
3090 3569 3308 3637 penitus
3336 3569 3512 3626 desti-

1928 3666 2063 3714 tuta.
2094 3657 2274 3724 Atque
2303 3658 2418 3712 [nec
2452 3657 2525 3712 ita
2560 3665 2675 3712 tum
2711 3666 2860 3727 gesta
2894 3666 3044 3714 sunt.

211 3751 351 3822 μένη
386 3753 802 3824 παρακλήσεσι,
845 3751 940 3805 καὶ
981 3756 1092 3817 τοῖς
1123 3753 1275 3824 παρὰ
1309 3755 1515 3809 τούτων
1561 3755 1806 3818 ἐπαίνοις
1847 3747 2320 3820 ύποχαυνουμένη,
2347 3748 2439 3800 καὶ
2457 3748 2868 3844 φιλανθρωπίας
2893 3751 3118 3820 ὀνόματι
3182 3752 3284 3820 τῆς
3345 3751 3508 3826 ἀκρι-

209 3843 341 3910 ϐοῦς
369 3845 476 3898 τοῦ
498 3845 635 3900 Θεοῦ
658 3846 1004 3917 δικαιοσύνης
1027 3848 1101 3910 ὡς
1141 3849 1346 3902 ἐπίπαν
1372 3850 1780 3904 ἀποπίπτουσα.
1823 3847 1971 3917 Πλὴν
2003 3843 2175 3897 ταῦτα
2209 3843 2312 3914 μὲν
2339 3843 2526 3896 τοῦτον
2556 3844 2746 3911 γέγονε
2779 3845 2872 3898 τὸν
2896 3845 3120 3914 τρόπον.

274 3936 466 3999 Αὐτὸς
505 3935 562 3989 δὲ
601 3939 629 3991 6
688 3937 861 4008 μέγας
912 3937 1174 4005 Ἰγνάτιος
1211 3938 1322 3990 τῶν
1348 3939 1450 4008 τῆς
1493 3939 1822 4009 Ἐκκλησίας

205 4026 418 4080 οἰάκων
468 4026 530 4080 τὸ
582 4027 834 4100 δεύτερον
875 4029 1291 4099 ἐπιλαϐόμενος,
1339 4029 1508 4094 ἔδειξε
1560 4031 1653 4084 καὶ
1707 4033 1817 4093 τοῖς

204 4115 562 4186 τυφλώττειν
595 4118 861 4183 ἑκουσίως
902 4120 1201 4185 ἐθέλουσιν,
1239 4119 1315 4182 ώς
1353 4120 1528 4190 μάτην
1555 4123 1582 4174 6
1623 4121 1817 4191 ἐχθρὸς

204 4209 631 4280 ἐνεκαυχήσατο
656 4212 773 4264 κατ’
804 4212 992 4267 αὐτοῦ.
1039 4212 1639 4284 Ἐπιστημονικώτερον
1681 4213 1810 4283 γὰρ,

203 4303 299 4353 καὶ
330 4301 549 4370 μᾶλλον
571 4301 844 4374 θειότερόν
877 4323 993 4368 πως
1019 4304 1114 4360 καὶ
1139 4305 1595 4375 ἀσφαλέστερονῆ
1622 4305 1812 4376 πρώην

203 4392 305 4464 τὴν
353 4395 697 4465 Ἐκκλησίαν
729 4397 1028 4468 ἐκυϐέρνα·
1070 4397 1164 4450 ἅτε
1200 4397 1264 4468 δὴ
1297 4399 1418 4460 ταῖς
1455 4399 1816 4468 μακραῖς,τα-

1985 3933 2212 4002 Magnus
2271 3947 2438 4002 porro
2484 3933 2726 4002 lguatius
2756 3934 2938 3989 denuo
2969 3935 3358 4004 gubernaculis
3395 3938 3510 3993 Ec-

1915 4025 2094 4080 clesiae
2120 4025 2394 4086 admotus,
2416 4025 2500 4077 vel
2521 4039 2619 4079 sua
2647 4037 2838 4092 Sponte
2872 4028 3289 4084 caecutientibus
3316 4044 3505 4087 osten-

1914 4117 2014 4180 dit,
2045 4131 2212 4186 quam
2272 4115 2479 4170 frustra
2533 4116 2710 4172 hostis
2760 4126 2951 4172 contra
3000 4133 3060 4175 se
3094 4121 3359 4190 gloriatus
3409 4123 3500 4179 sit.

1918 4208 2153 4264 Peritius
2183 4209 2326 4262 enim
2346 4208 2772 4277 quodammodo,
2793 4211 3144 4281 sanctiusque
3177 4220 3230 4266 et
3254 4216 3506 4271 securius

1921 4315 2082 4370 quam
2105 4309 2288 4362 antea,
2325 4297 2624 4353 Ecclesiam
2651 4301 3075 4367 administravit,
3113 4311 3170 4358 ut
3199 4305 3292 4374 qui
3316 4308 3504 4363 multis

1923 4404 1978 4450 et
2025 4392 2299 4448 diuturnis
2364 4391 2644 4460 variisque
2693 4393 2912 4447 casibus
2955 4402 3010 4448 et
3054 4396 3314 4452 aarumnis
3343 4413 3506 4452 usum

201 4483 558 4555 λαιπωρίαις
586 4487 679 4539 καὶ
707 4487 981 4552 ποικίλαις
1022 4487 1268 4557 θλίψεσιν
1300 4489 1490 4556 ἱκανὴν
1518 4488 1814 4558 ἐμπειρίαν

1921 4489 2140 4559 regendi
2197 4487 2463 4557 majorem
2525 4487 2630 4542 sibi
2703 4498 3096 4557 comparasset.
3186 4491 3510 4563 incorrupte

203 4574 396 4644 ἑαυτῷ
431 4576 792 4647 συνειλοχώςο
827 4578 1123 4642 ἀδέκαστος
1157 4578 1258 4648 μὲν
1303 4579 1481 4647 πάντη
1520 4579 1614 4632 καὶ
1643 4582 1814 4650 ἀπρο-

1917 4581 2062 4635 enim
2105 4579 2360 4648 nullaque
2394 4593 2758 4648 personarum
2810 4579 2992 4633 habita
3027 4579 3240 4635 ratione
3270 4582 3364 4649 jus
3425 4583 3508 4636 di-

203 4668 589 4738 σωπόληπτος
641 4670 700 4721 ἐν
757 4671 880 4732 ταῖς
933 4670 1154 4740 κρίσεσι
1188 4670 1560 4739 δεικνύμενος,
1609 4671 1730 4724 λίαν
1759 4671 1814 4724 δὲ

1917 4672 2097 4727 cebat.
2128 4669 2472 4740 Singularem
2497 4685 2688 4726 curam
2721 4671 2774 4724 in
2809 4671 3324 4726 consecrationibus
3353 4672 3509 4727 adhi-

204 4757 460 4829 ἀκριϐὴς
495 4759 555 4811 ἐν
589 4761 709 4823 ταῖς
736 4761 1120 4832 χειροτονίαις,
1151 4764 1264 4824 τοῖς
1296 4761 1670 4832 ἀδικουμένοις
1693 4764 1814 4816 ἐπι-

1918 4761 2115 4824 behat,
2171 4760 2372 4831 injuria
2416 4761 2692 4831 oppressis
2721 4759 2931 4815 ferebat
2957 4761 3241 4830 auxilium,
3275 4761 3509 4818 alﬂictos

203 4846 462 4918 κουρῶιε
491 4852 603 4912 τοῖς
631 4852 999 4922 λυπουμένοις
1034 4853 1496 4921 συλλυπούμενος,
1515 4856 1628 4917 τοῖς
1661 4870 1814 4907 πενο-

1920 4852 2224 4914 solabatur,
2255 4861 2477 4921 egentes
2533 4851 2875 4915 sublevabat,
2914 4867 3214 4923 eorumque
3267 4853 3510 4923 inopiam

205 4941 403 5009 μένοις
437 4942 727 5013 ἐπαρκῶν,
761 4945 856 4996 καὶ
890 4943 986 5014 τὴν
1019 4945 1228 4997 ἔνδειαν
1281 4944 1494 5008 τούτοις
1524 4945 1622 5014 ὅση
1657 4944 1814 4998 δύνα-

1919 4945 2034 4999 suis
2063 4944 2259 5014 c0piis,
2290 4952 2350 4997 ut
2382 4951 2616 5013 poterat,
2645 4943 2892 4998 hilariter
2924 4946 3223 4998 recreabat.
3254 4942 3511 5001 lnﬁrmos

203 5049 299 5102 μις
343 5034 566 5106 ἱλαρῶς
600 5036 1104 5107 παραμυθούμενος
1130 5053 1143 5066 ·
1175 5037 1422 5100 καὶτοὺς
1453 5037 1814 5100 ἀσθενοῦντας

1919 5035 2136 5106 quidem
2173 5037 2298 5100 ﬁde,
2320 5044 2414 5089 aut
2438 5035 2600 5090 etiam
2627 5051 2876 5105 corpore,
2903 5036 3262 5092 conﬁrmabat
3284 5044 3336 5089 et
3356 5036 3508 5091 sola-

205 5123 312 5191 μὲν
335 5127 412 5194 τῇ
449 5125 634 5179 πίστει
661 5125 694 5196 ἢ
721 5127 813 5181 καὶ
837 5127 914 5198 τῷ
963 5127 1176 5200 σώματι
1222 5129 1558 5198 παρακαλῶν
1577 5131 1670 5183 καὶ
1689 5129 1814 5199 ψυχ-

1921 5128 2103 5183 batur.
2149 5126 2530 5182 Pusillanimes
2586 5141 2718 5180 vero
2751 5127 2988 5196 Spiritus
3029 5128 3202 5182 sancti
3235 5127 3408 5198 gratia
3437 5127 3505 5182 ad

197 5217 486 5283 αγωγῶν,
539 5219 667 5281 τοὺς
723 5219 1078 5291 ὀλιγοψύχους
1125 5221 1182 5274 δὲ
1221 5223 1287 5291 τῇ
1336 5221 1520 5291 χάριτι
1578 5222 1675 5291 τῆς
1721 5221 1814 5275 τοῦ

1921 5234 2071 5288 spem
2126 5235 2220 5289 per
2284 5219 2589 5273 doctrinam
2636 5219 2901 5289 erigebat.
2956 5218 3202 5289 Denique
3251 5219 3508 5273 omnibus

201 5305 360 5358 Πνεύ
367 5323 555 5377 ματος
576 5309 959 5380 ἀνακτώμενος
987 5311 1338 5374 διδασκαλίας
1362 5328 1376 5342 ο
1399 5313 1494 5365 καὶ
1520 5313 1651 5365 πᾶσι
1685 5311 1814 5365 πάν‹

1921 5313 2102 5365 omnia
2131 5309 2329 5372 factus,
2365 5323 2464 5378 pro
2497 5308 2703 5364 viribus
2735 5308 2990 5364 studebat
3019 5324 3211 5363 omnes
3244 5307 3296 5360 in
3331 5306 3507 5361 visce-

196 5413 273 5450 τα
342 5398 666 5468 γινόμενος,
720 5399 947 5455 ἔσπευδε
1001 5403 1330 5474 κερδαίνειν,
1364 5403 1485 5456 ὅσον
1535 5401 1814 5471 ἐπάὐτῷ,

1922 5403 2076 5460 ribus
2131 5401 2259 5457 Iesu
2309 5400 2512 5456 Christi
2571 5400 2913 5455 lucrifacere.
2975 5400 3236 5454 Geminus
3293 5411 3508 5465 semper

197 5490 444 5552 πάντας
509 5492 566 5543 ἐν
614 5493 941 5563 σπλάγχνοις
1009 5494 1205 5562 Ἰησοῦ.
1259 5494 1364 5547 Δύο
1415 5494 1514 5564 μὲν
1548 5493 1696 5563 αὐτῷ
1732 5493 1814 5545 διὰ

1922 5496 2233 5565 propositas
2265 5493 2501 5548 habebat
2539 5492 2657 5548 vias
2699 5510 2712 5546 :
2757 5493 3006 5556 alteram,
3048 5507 3155 5560 qua
3213 5497 3359 5543 recta
3411 5501 3509 5557 per

199 5579 480 5646 σπουδῆς
501 5575 635 5650 ἦσαν
661 5583 769 5635 ὁδοί
787 5599 801 5613 υ
839 5585 874 5654 ἡ
905 5583 1004 5652 μὲν
1033 5585 1170 5652 πρὸς
1194 5583 1326 5635 Θεὸν
1354 5582 1610 5646 ίθυτενῶς
1637 5583 1814 5654 ὁρῶσα

1925 5565 2089 5656 puras
2116 5594 2170 5640 ct
2201 5583 2455 5638 assiduas
2502 5599 2692 5653 preces
2727 5583 2984 5638 tendebat
3013 5583 3078 5635 ad
3111 5582 3278 5635 Deum
3319 5597 3331 5631 :
3372 5578 3509 5632 alteo

197 5671 296 5723 διὰ
336 5668 607 5740 καθαρᾶς
639 5691 697 5725 τε
750 5675 845 5726 καὶ
898 5675 1254 5728 ἀνεκλείπτου
1305 5675 1713 5745 προσευχῆς·ή
1764 5675 1814 5728 δέ

1924 5693 2040 5732 ram
2095 5677 2160 5731 ad
2217 5675 2474 5731 Ecclesia:
2505 5691 2616 5730 sua:
2651 5673 3067 5730 :edilicationem
3121 5683 3175 5729 et
3204 5671 3505 5744 profectum

196 5761 353 5831 πρὸς
383 5760 500 5831 τὴν
535 5761 631 5832 τῆς
667 5753 990 5836 Ἐκκλησίας
1016 5764 1303 5836 οἰκοδομὴν
1330 5768 1421 5819 καὶ
1445 5766 1814 5837 περιποίησιν.

1926 5768 2244 5825 referebat:
2302 5783 2492 5824 verum
2543 5767 2737 5823 eadem
2783 5766 2948 5822 simul
2997 5782 3163 5837 opera
3214 5777 3510 5837 utrumque
