4064 6392
562 325 667 393 551

1734 322 2030 386 NICET/E
2067 319 2599 382 PAPIILAGONIS

3729 322 3827 387 552

561 448 711 494 recte
736 434 1188 502 administrabat;
1219 448 1328 489 non
1364 434 1753 504 perfunctorie,
1786 437 1891 499 ιιι-1,
1916 444 1976 490 ut
2001 450 2139 489 non-

2243 433 2340 487 Διὰ
2370 436 2467 505 τῆς
2494 434 2663 504 αὐτῆς
2695 433 2753 487 δὲ
2801 434 3039 505 σπουδῆς
3084 435 3375 507 ἀμφότερα
3425 435 3739 507 κατώρθου,
3768 440 3826 491 οὐ

562 528 720 595 nulli,
744 527 1067 593 oscitanter,
1104 527 1198 581 sed
1233 537 1493 582 accurate
1530 537 1584 582 et
1626 528 1881 582 decenter
1904 544 1935 582 a
1965 527 2141 598 prima

560 621 788 690 juventa
819 619 887 673 ad
928 619 1179 673 ultimam
1211 634 1385 689 usque
1419 630 1697 674 senectam
1741 619 1917 675 sacris
1945 634 2143 690 opera-

563 712 755 777 batur;
802 720 967 781 atque
994 710 1050 791 in
1082 709 1341 765 omnibus
1387 710 1629 779 templis,
1659 721 1713 765 et
1746 711 2144 767 laudatissimae

564 800 658 855 Dei
694 800 874 864 Matri,
905 808 959 854 et
987 799 1185 855 divinis
1214 801 1477 869 apostolis
1535 802 2000 872 martyribusque,
2052 817 2144 872 ge-

564 892 750 947 stienti
794 891 979 957 corde,
1014 906 1137 945 cum
1163 906 1227 946 ea
1261 908 1368 962 qua
1400 907 1499 961 par
1531 901 1669 951 erat.
1694 908 1759 947 ac
1781 893 2022 948 divinam
2048 894 2147 948 de-

563 980 721 1034 cebat
760 981 1122 1048 majestatem,
1164 981 1363 1050 pietate
1390 996 1688 1053 pauegyres
1716 982 1941 1053 diesque
1976 982 2146 1039 festos

567 1070 834 1140 agitabat.
876 1070 1008 1125 Tam
1042 1072 1131 1141 pie
1154 1087 1284 1128 vero
1321 1082 1373 1127 et
1402 1074 1679 1144 religiose,
1719 1076 1925 1145 Spiritu
1952 1091 2147 1147 nempe

563 1170 758 1217 saneto
801 1162 952 1216 illum
989 1163 1327 1232 complente,
1377 1179 1492 1219 rem
1523 1165 1765 1219 divinam
1799 1166 2054 1231 faciebat,
2087 1176 2148 1223 ut

565 1256 618 1307 in
672 1255 792 1324 ipso
826 1255 982 1309 altari
1031 1255 1216 1311 videre
1249 1265 1396 1312 esset
1441 1266 1629 1326 aperta
1681 1256 1921 1328 Spiritus
1969 1263 2147 1315 sancti

561 1347 865 1415 praesentia!
894 1358 1240 1416 argumenta.
1281 1346 1585 1404 Videbatur
1633 1350 1779 1405 enim
1812 1352 1972 1421 panis
2001 1352 2146 1407 divi-

561 1453 667 1492 nus
707 1439 926 1507 penitus
974 1440 1326 1506 immutatus,
1381 1450 1638 1511 totusque
1680 1442 1851 1497 veluti
1903 1443 2145 1499 caelestis

558 1530 749 1594 Carbo,
805 1530 991 1601 gratiae
1040 1532 1227 1586 radios
1286 1547 1545 1603 spargere
1597 1535 1839 1591 coelestia
1887 1535 2143 1591 ﬂammas.

555 1622 753 1679 Crucis
782 1638 1000 1693 quoque
1031 1625 1271 1694 signum,
1304 1624 1450 1695 quod
1475 1639 1586 1681 arte
1606 1627 1847 1697 desuper
1882 1627 2143 1682 immine-

558 1712 671 1778 bat,
699 1728 841 1785 saepe
871 1714 1083 1783 placide
1116 1714 1335 1770 concuti
1380 1716 1711 1771 cernebatur
1735 1757 1752 1782 ,
1809 1732 1936 1772 cum
1985 1731 2143 1773 saera

2248 519 2387 591 μετὰ
2428 521 2724 592 πάρεργον,
2770 523 2890 577 ούδέ
2928 523 3212 595 ῥᾳθύμως,
3269 525 3463 597 ὥσπερ
3494 527 3663 591 τινες,
3697 528 3830 583 ἀλλὰ

2245 613 2340 666 καὶ
2360 613 2480 666 λίαν
2509 613 2785 682 ἐπιμελῶς
2814 615 2909 669 καὶ
2941 616 3211 681 συντόνως
3239 619 3304 671 ἐκ
3324 618 3580 689 νεότητος
3613 619 3721 683 ἕως
3740 622 3833 692 γή-

2246 721 2356 775 ρως
2398 704 2491 757 καὶ⁵
2536 705 2829 770 πρεσϐείου
2887 706 3078 776 βαθέος
3107 712 3226 771 ταῖς
3261 709 3435 780 ίεραῖς
3464 710 3829 783 λειτουργίαις

2245 792 2554 864 εὐηρέστει,
2609 795 2707 848 καὶ
2762 795 2901 865 μετὰ
2936 796 3116 849 πάντα
3149 797 3446 868 σεϐάσμιον
3476 793 3624 852 οἷκον
3675 803 3743 871 τῇ
3771 817 3828 854 τε

2248 888 2587 958 πανυμνήτῳ
2631 890 2820 962 Μητρὶ
2856 890 2952 944 τοῦ
2986 891 3148 963 Θεοῦ,
3199 895 3313 957 τοῖς
3354 911 3415 947 τε
3468 892 3636 958 θείοις
3693 896 3831 950 ἀπο-

2250 980 2461 1043 στόλοις
2492 981 2585 1034 καὶ
2627 983 2898 1051 μάρτυσιν
2921 986 2979 1038 ἐν
3001 984 3323 1053 ἀγαλλιάσει
3349 985 3578 1056 καρδίας
3607 986 3828 1057 θεοπρε-

2248 1070 2366 1134 πῶς
2395 1072 2825 1143 ἑπανηγύριξεν.
2883 1073 3040 1128 Οὕτω
3069 1076 3128 1130 δὲ
3161 1076 3425 1147 θεοφιλῶς
3453 1078 3549 1132 καὶ
3583 1096 3828 1150 πνευμα-

2247 1165 2550 1233 τοκινήτως
2578 1167 2751 1243 ἀνῆγε
2775 1168 2874 1237 τὴν
2906 1170 3247 1239 προσφορὰν,
3276 1170 3351 1233 ὡς
3377 1172 3466 1225 ἐπ’
3489 1171 3665 1242 αὐτῆς
3702 1175 3828 1245 όρᾷν

2247 1254 2348 1324 τῆς
2379 1256 2528 1319 θείας
2558 1256 2839 1327 τραπέζης
2856 1259 3061 1330 ἐναργῆ
3091 1260 3191 1330 τῆς
3218 1260 3313 1314 τοῦ
3340 1262 3661 1331 Πνεύματος
3690 1280 3828 1334 παρ-

2246 1350 2437 1414 ουσίας
2501 1352 2803 1422 τεκμήρια.
2864 1352 3060 1423 Ὦρᾶτο
3111 1354 3221 1426 γὰρ
3273 1356 3303 1409 ὁ
3337 1355 3481 1422 θείος
3522 1356 3691 1428 ἄρτος
3712 1359 3824 1425 ὅλος

2246 1442 2631 1513 ἠλλοιωμένος,
2660 1444 2780 1505 ὅλος
2808 1444 2995 1516 ὥσπερ
3017 1445 3224 1518 ἄνθραξ
3242 1449 3493 1520 οὐράνιος
3518 1452 3680 1521 χάριν
3701 1453 3829 1507 ἀπο·

2248 1533 2476 1588 στίλϐων
2503 1533 2597 1586 τοῦ
2632 1535 2887 1607 οὐρανίου
2925 1537 3119 1608 πυρός.
3146 1535 3353 1593 Ὦπταί
3380 1557 3512 1594 ποτε
3545 1544 3829 1612 κραδαινό-

2248 1643 2409 1696 μενος
2430 1628 2525 1682 καὶ
2553 1628 2582 1681 ό
2611 1628 2868 1699 ὑπεράνω
2896 1630 2994 1702 τῆς
3022 1630 3185 1699 ἁγίας
3213 1633 3493 1704 τραπέζης
3522 1636 3829 1708 ἀπαιωρού-

2249 1730 2408 1784 μενος
2432 1716 2688 1787 σταυρός⁶
2715 1717 2899 1789 ἡρέμα
2929 1719 3029 1790 μὲν
3051 1720 3311 1784 πολλάκις
3343 1723 3643 1793 σειόμενος,
3670 1726 3831 1787 ὑψουο

557 1803 737 1859 hostia
768 1804 1154 1871 extollebatur,
1187 1805 1363 1869 sancti
1400 1804 1640 1875 Spiritus
1684 1808 1940 1865 videlicet
1964 1809 2143 1879 signi-

2254 1805 2417 1873 μένου
2446 1805 2542 1860 τοῦ
2573 1806 2766 1878 ἄρτου,
2799 1808 3091 1881 καθωρίτο
3113 1852 3129 1877 ,
3164 1811 3263 1882 τὴν
3302 1813 3397 1866 τοῦ
3449 1815 3606 1883 ἁγίου
3630 1818 3827 1891 δηλαδὴ

557 1892 731 1948 ﬁcans
759 1893 1256 1950 obumbrationem.
1295 1894 1400 1950 Sed
1434 1897 1556 1967 ipso
1588 1897 1677 1952 die
1719 1896 1943 1955 Paschte
1974 1900 2149 1971 potis-

558 1983 760 2038 simum
807 1985 942 2040 adeo
982 1984 1339 2041 vehementer
1387 1997 1722 2043 commotum
1753 1999 1859 2053 est,
1906 1992 1985 2045 uti
2029 2005 2148 2060 pre-

557 2075 760 2145 sbyteri
791 2083 847 2129 et
897 2075 1139 2146 episcopi
1188 2092 1402 2145 omnes,
1459 2081 1808 2151 maximeque
1864 2082 1902 2137 ii
1940 2083 2035 2153 qui
2077 2098 2144 2139 ex

556 2165 681 2221 aliis
703 2167 1045 2234 patriarchiis
1073 2169 1318 2233 aderant,
1350 2172 1616 2241 mysterio
1645 2174 1904 2242 perculsi,
1936 2174 2144 2246 ingenti

556 2272 691 2313 voce
713 2256 920 2313 diutius
949 2257 1162 2313 Numen
1196 2260 1453 2317 laudibus
1481 2263 1823 2319 celebrarint.
1854 2266 1932 2320 Ita
1962 2282 2146 2323 sacer-

552 2345 657 2402 dos
688 2362 914 2417 magnus
934 2350 1266 2404 saeriticium
1306 2351 1695 2409 intemeratum
1737 2356 1982 2426 perfecta
2022 2359 2141 2423 ple—

555 2453 737 2507 naque
777 2438 882 2495 ﬁde
909 2439 1187 2508 otl'erebat,
1223 2441 1445 2514 Deoque
1488 2461 1589 2517 per
1645 2447 1780 2503 illud
1820 2451 2141 2520 propitiato,

554 2529 741 2599 populi
784 2530 1039 2596 salutem,
1073 2543 1133 2586 ut
1160 2535 1436 2591 sacerdoti
1471 2553 1573 2607 par
1610 2550 1752 2603 erat,
1785 2543 2142 2611 operabatur.

557 2620 668 2675 Eos
698 2635 862 2690 porro
908 2622 1003 2691 qui
1057 2623 1124 2677 ad
1178 2624 1332 2680 illum
1367 2628 1723 2697 accedebant,
1763 2631 2140 2702 hujuscemodi

552 2709 901 2767 documentis
928 2714 1211 2770 erudiebat
1243 2735 1258 2771 :
1295 2719 1585 2786 Attendite,
1608 2722 1807 2792 inquit,
1840 2725 2005 2791 vobis,
2024 2727 2143 2796 fra-

554 2809 682 2862 tres,
710 2812 757 2856 et
793 2802 960 2858 videte
991 2807 1252 2875 quomodo
1281 2818 1436 2865 caute
1469 2811 1773 2877 ambuletis,
1807 2831 1909 2869 non
1939 2828 1995 2871 ut
2048 2819 2139 2871 in.

552 2893 822 2961 sipieules,
844 2896 935 2949 sed
963 2906 1021 2949 ut
1042 2900 1302 2966 sapientes
1321 2916 1340 2953 :
1365 2910 1413 2954 et
1442 2903 1603 2957 nolite
1624 2905 1743 2973 ﬁeri
1762 2906 2137 2974 imprudentes,

550 2984 645 3038 sed
671 2985 1017 3055 intelligentes
1054 2989 1379 3046 voluntatem
1427 2992 1525 3047 Dei
1557 2996 1615 3063 ⁸;
1652 3007 1706 3050 et
1740 3011 1755 3051 :
1797 2984 1980 3054 Nolite
2014 3017 2141 3056 cou-

545 3075 782 3143 formari
805 3077 928 3132 huic
952 3081 1170 3146 saeculo,
1202 3084 1294 3136 sed
1313 3084 1797 3159 transiermamini,
1828 3094 2132 3148 secundum
2162 3129 2205 3184 ε

552 3167 874 3235 Apostolum
897 3209 913 3233 ,
952 3175 1290 3228 renovatione
1322 3178 1512 3230 mentis
1558 3188 1787 3245 vestrae;
1819 3194 1875 3236 ut
1904 3186 2133 3251 probetis

549 3270 663 3321 eos,
691 3269 741 3311 et
771 3259 975 3324 sciatis,
1000 3277 1118 3328 qua:
1143 3264 1211 3316 sit
1243 3264 1491 3320 voluntas
1520 3266 1614 3321 Dei
1649 3269 1786 3323 bona
1810 3283 1859 3324 et
1887 3268 2137 3343 bénepla-

545 3361 674 3399 cens
727 3356 778 3401 et
830 3349 1067 3418 perfecta
1111 3353 1178 3405 ἰ
1227 3363 1277 3409 et
1312 3371 1430 3425 qua:
1496 3360 1700 3414 occatio
1762 3362 1887 3430 ﬁdei
1953 3376 2143 3421 vestrm

549 3446 603 3492 et
633 3440 741 3508 spei
770 3441 827 3494 in
852 3440 1064 3497 Christo
1093 3442 1224 3498 Jesu
1251 3445 1477 3501 Domino
1508 3459 1689 3505 nostra
1712 3452 1778 3509 ‘°.
1812 3452 1893 3509 Sit
1915 3457 2136 3513 lucerna

552 3527 741 3584 cordis
777 3530 946 3585 vestri
993 3546 1211 3603 semper
1260 3536 1460 3593 ardens
1492 3537 1697 3608 Spiritu
1733 3553 1947 3609 sancto,
1976 3562 2134 3616 pura,

550 3618 790 3683 sincera,
824 3620 1030 3690 liquida
1058 3631 1118 3678 et
1162 3625 1470 3695 splendida,
1525 3639 1584 3686 ut
1638 3632 1730 3688 illa
1793 3644 1901 3690 tota
1953 3638 2138 3692 anima

552 3719 737 3760 vestra
782 3708 1146 3767 illuminetur.
1185 3712 1267 3768 Sit
1298 3715 1455 3793 vobis
1498 3734 1656 3777 mens
1685 3737 1902 3793 semper
1928 3726 2137 3782 intenta

548 3797 621 3851 ad
654 3797 969 3867 Dominum,
1000 3802 1231 3873 simplex
1256 3816 1314 3861 et
1339 3791 1515 3877 recta,
1554 3813 1712 3882 cujus
1758 3791 1954 3873 unicus
1984 3819 2140 3875 labor

549 3884 626 3941 sit
651 3894 708 3939 et
739 3886 1008 3956 studium,
1056 3892 1365 3965 unicusque
1417 3907 1473 3952 et
1518 3900 1814 3969 primarius
1860 3906 1986 3964 ﬁnis
2013 3924 2140 3979 pro-

550 3977 789 4047 positus,
833 3979 963 4034 boni
1018 3985 1219 4038 summi
1275 3990 1686 4060 contemplatio.
1731 3994 1813 4050 Ad
1863 3977 2140 4066 illum—in-

548 4079 737 4133 quam,
794 4076 988 4123 natura
1050 4085 1153 4126 sua
1200 4088 1393 4129 verum
1453 4092 1889 4153 germanumque
1932 4086 2136 4147 bonum

550 4170 708 4211 mens
741 4171 921 4214 vestra
954 4161 1027 4216 sit
1056 4177 1324 4221 conversa
1357 4182 1597 4240 semper,
1647 4182 1703 4228 et
1746 4174 1800 4229 in
1835 4176 1929 4234 illo
1960 4179 2138 4250 vivat',

548 4259 923 4337 moveatur'et
955 4253 1069 4319 sit;
1104 4254 1161 4308 in
1211 4256 1307 4311 illo
1337 4258 1676 4317 illuminetur
1730 4265 1981 4337 bonaque
2018 4273 2142 4328 red-

547 4339 713 4393 datur
737 4356 750 4390 :
780 4326 878 4407 illi,
906 4344 1084 4412 quoad
1108 4346 1229 4414 ejus
1257 4348 1372 4403 ﬁeri
1403 4359 1602 4419 potest,
1631 4355 1826 4413 similis
1879 4326 2142 4421 elﬁciatur

2249 1895 2566 1966 Πνεύματος
2620 1900 2936 1953 ἐπισκίασιν
2977 1902 3389 1974 ὑποσημαίνων.
3433 1906 3521 1961 Ἐν
3543 1909 3721 1981 ἡμέρᾳ
3767 1912 3823 1963 δέ

2248 2006 2380 2042 ποτε
2404 1989 2500 2043 τοῦ
2540 1991 2732 2063 Πάσχα
2763 1992 2999 2065 μάλιστα
3050 1994 3194 2049 οὕτω
3241 1997 3517 2069 διεκινήθη
3550 2000 3815 2076 σφοδρῶς,

2245 2080 2322 2143 ὡς
2355 2081 2563 2145 πάντας
2616 2085 2782 2154 ίερεῖς
2817 2086 2912 2139 καὶ
2964 2087 3256 2159 ἀρχιερεῖς,
3307 2089 3403 2143 καὶ
3435 2091 3667 2161 μάλιστα
3696 2095 3820 2158 τοὺς

2246 2173 2311 2226 ἐκ
2348 2173 2454 2226 τῶν
2489 2174 2664 2229 ἄλλων
2697 2179 3114 2249 πατριαρχικῶν
3148 2181 3379 2252 θρόνων,
3429 2184 3491 2237 τὺ
3527 2189 3826 2257 μυστήριον

2245 2262 2754 2335 ἐκπεπληγμένους,
2791 2270 3002 2341 μεγάλη
3035 2276 3185 2344 φωνῇ
3240 2273 3488 2339 δοξάζειν
3537 2279 3634 2332 ἐπὶ
3692 2280 3825 2336 πολῦ

2244 2351 2335 2406 τὸν
2361 2354 2513 2408 Θεόν.
2548 2355 2734 2422 Οὕτως
2761 2360 2790 2411 ό
2824 2360 2998 2430 μέγας
3021 2364 3281 2438 ίεράρχης
3304 2367 3611 2438 ἁχράντους
3639 2372 3826 2437 θυσίας

2244 2444 2305 2499 ἐν
2328 2446 2630 2520 τελειότητι
2656 2450 2893 2516 πίστεως
2922 2456 3163 2525 γνησίως
3192 2457 3504 2531 ἀναφέρων,
3559 2462 3659 2516 καὶ
3695 2466 3829 2523 ταύή

2244 2553 2365 2602 ταις
2394 2539 2747 2611 ἱλασκόμενος
2772 2543 2866 2597 τὸν
2920 2545 3087 2611 Θεὸν,
3145 2550 3495 2622 ἱεροπρεπῶς
3551 2555 3826 2627 ίερούργει

2243 2629 2343 2699 τὴν
2373 2632 2647 2703 σωτηρίαν
2690 2634 2784 2688 τοῦ
2814 2636 2966 2691 λαοῦ.
3012 2639 3124 2693 Ἀεὶ
3145 2640 3201 2695 δὲ
3220 2643 3347 2707 τοὺς
3380 2645 3699 2714 ἐγγίζοντας
3728 2651 3824 2703 αύ-

2242 2718 2321 2789 τῷ
2353 2721 2629 2785 τοιαύταις
2660 2725 2998 2794 κατεφώτιζε
3025 2729 3288 2801 διδαχαῖς,
3339 2736 3698 2807 Προσέχετε,
3743 2741 3826 2795 λέ-

2242 2825 2375 2877 γων,
2403 2810 2661 2882 ἑαυτοῖς,
2688 2816 2959 2887 ἀδελφοί,
2986 2823 3083 2876 καὶ
3111 2824 3398 2891 βλέπετε,
3432 2827 3559 2896 πῶς
3573 2832 3827 2900 ἀκριϐῶς

2242 2898 2349 2953 τοῦ
2369 2901 2514 2964 ,βίου
2544 2907 2918 2972 περιπατεῖτε
2952 2910 3068 2979 τὴν
3119 2913 3284 2980 ὁδὸν,
3319 2916 3407 2985 μὴ
3450 2918 3531 2985 ὡς
3575 2898 3819 2991 ἄσοφοι,

2239 2991 2379 3047 ἀλλ’
2402 2993 2481 3060 ὡς
2519 2998 2721 3065 σοφοί.
2767 2999 2876 3053 Καὶ
2918 3002 3004 3069 μὴ
3036 3004 3278 3073 γίνεσθε
3321 3007 3585 3077 ἄφρονες
3606 3051 3621 3075 ,
3665 3013 3826 3068 ἀλλὰ

2239 3084 2555 3175 συνιέντες
2580 3090 2653 3143 τὰ
2684 3092 2911 3160 ἀρεστὰ
2948 3095 3029 3160 τῷ
3051 3097 3192 3163 Θεῷ.
3226 3100 3367 3154 Καί·
3405 3102 3501 3171 Μὴ
3529 3110 3826 3175 σχηματί-

2238 3170 2406 3233 (satis
2435 3174 2516 3241 τῷ
2538 3175 2704 3232 αἰῶνι
2732 3182 2941 3248 τούτῳ,
2971 3184 3132 3239 ἀλλὰ
3144 3170 3670 3260 μεταμορφοῦσθε,
3688 3198 3828 3251 κατὰ

2237 3264 2327 3318 τὸν
2362 3265 2505 3320 θεῖον
2552 3268 2899 3338 Ἀπόστολον,
2952 3273 3032 3343 τῇ
3094 3278 3502 3337 ἀνακαινώσει
3547 3285 3655 3340 τοῦ
3684 3289 3825 3356 νοὸς

2236 3356 2424 3425 ὑμῶν,
2459 3360 2547 3425 εἰς
2570 3360 2637 3414 τὸ
2663 3361 3006 3433 δοκιμάζειν
3037 3363 3191 3437 ὑμᾶς
3216 3371 3318 3425 καὶ
3358 3374 3579 3431 εἰδέναι
3618 3377 3654 3431 ὅ
3676 3396 3734 3433 τι
3762 3382 3826 3435 τὸ

2239 3448 2471 3518 θέλημα
2511 3453 2618 3507 τοῦ
2654 3456 2824 3525 Θεοῦ,
2873 3459 2941 3513 τὸ
2970 3461 3198 3531 ἀγαθόν
3229 3465 3329 3519 καί
3357 3468 3693 3537 εὐάρεστον
3730 3476 3825 3529 καί

2238 3540 2511 3596 τέλειονο
2575 3545 2675 3599 καὶ
2713 3548 2803 3613 τίς
2845 3551 2883 3618 ἡ
2932 3552 3157 3620 κλῆσις
3206 3555 3316 3625 τῆς
3358 3560 3619 3629 πίστεως
3660 3564 3830 3634 ὑμῶν

2238 3630 2337 3684 καὶ
2394 3631 2506 3700 τῆς
2537 3633 2783 3703 ἐλπίδος
2838 3638 2910 3693 ἐν
2945 3643 3180 3710 Χριστῷ
3236 3647 3443 3715 Ἰησοῦ
3504 3652 3586 3717 τῷ
3633 3630 3827 3722 Κῦρίῳ

2239 3721 2431 3792 ἡμῶν.
2465 3726 2617 3780 Ἤτω
2649 3728 2678 3780 ό
2718 3727 2912 3800 λύχνος
2937 3733 3036 3803 τῆς
3083 3736 3314 3805 καρδίας
3343 3740 3499 3810 ὑμῶν
3529 3736 3608 3813 τῷ
3637 3745 3827 3817 Κυρίῳ

2240 3814 2520 3886 Πνεύματι
2548 3819 2636 3873 ἀεὶ
2665 3822 2972 3893 καιόμενος,
2996 3826 3257 3900 καθαρὸς.
3278 3832 3596 3905 εἰλικρινὴς,
3625 3814 3829 3903 ﬁni—0%

2239 3904 2379 3974 ὅλος,
2409 3908 2656 3981 διαυγὴς,
2685 3912 2779 3965 καὶ
2812 3917 3157 3989 φωτοφανὴς,
3185 3919 3253 3975 ἵν’
3281 3922 3376 3994 ὅλη
3403 3904 3469 3977 δι’
3502 3904 3669 3981 αὐτοῦ
3701 3944 3828 3982 κατ-

2240 3999 2547 4071 αυγὰζηται
2593 4004 2722 4072 ὑμῖν
2755 4005 2788 4074 ἡ
2816 4006 2988 4078 ψυχή.
3018 4010 3201 4064 Ἔστω
3244 4014 3274 4069 ό
3304 4012 3430 4077 νοῦς
3465 4015 3596 4086 ὑμῖν
3631 4019 3826 4072 ἀνατε-

2241 4108 2304 4144 τα
2315 4092 2475 4162 μένος
2526 4093 2614 4147 ἀεὶ
2648 4097 2785 4166 πρὸς
2826 4098 2981 4165 Θεὸν,
3030 4102 3382 4174 μονότροπος,
3421 4109 3824 4179 μονολόγιστυς,

2243 4180 2301 4235 ἓν
2342 4183 2503 4253 ἔργον
2536 4187 2631 4241 καὶ
2674 4187 2805 4259 μίαν
2849 4194 3281 4267 προηγουμένως
3336 4197 3477 4269 ἔχων
3520 4202 3827 4274 ἐνέργειαν,

2243 4275 2341 4344 τὴν
2372 4276 2608 4350 θεωρίαν
2648 4281 2742 4334 τοῦ
2772 4282 3005 4351 ἀγαθοῦ,
3056 4285 3193 4357 πρὸς
3225 4288 3386 4358 μόνον
3417 4290 3481 4345 τδ
3534 4292 3700 4362 φύσει
3732 4296 3826 4348 καὶ

2245 4368 2453 4439 κυρίως
2498 4369 2559 4424 ὃν
2591 4371 2797 4440 ἀγαθὸν
2836 4375 3290 4448 ἐπεστραμμένος
3317 4380 3426 4448 ἀεὶ,
3459 4384 3554 4437 καὶ
3583 4385 3643 4439 ἐν
3676 4386 3829 4456 αὖτῷ

549 4439 604 4485 rt
633 4431 935 4487 deitieetur.
973 4433 1048 4490 Ita
1080 4438 1228 4491 enim
1272 4440 1456 4497 animo
1490 4458 1654 4514 supra
1686 4456 1939 4507 naturam
1968 4462 2137 4523 totam

2243 4431 2351 4523 ζῶν
2385 4431 2480 4514 καὶ
2504 4431 2824 4533 κινούμενος
2847 4466 2939 4518 καὶ
2962 4431 3060 4532 ὢν,
3087 4431 3238 4540 αύτῷ
3260 4431 3720 4543 λαμπρυνόμενος
3735 4431 3827 4530 καῖ

550 4535 649 4605 seu
693 4535 1064 4595 corporatam,
1094 4542 1191 4583 seu
1213 4529 1602 4603 intelligentem
1634 4539 1864 4610 elevato,
1898 4556 2132 4604 mentem

551 4601 797 4669 nostram
837 4617 890 4670 in
916 4620 1285 4677 sanctissima!
1338 4601 1625 4685 Trinitatis
1682 4632 1983 4703 majestate,
2016 4655 2138 4709 quae

550 4708 667 4764 sola
707 4709 1131 4783 inexplicabilis,
1164 4717 1511 4791 abscondita,
1560 4722 1836 4800 supraque
1881 4708 2133 4791 naturam

551 4811 738 4859 evecta
769 4819 990 4861 omnem
1029 4823 1127 4879 per
1177 4826 1235 4867 se
1271 4823 1355 4870 est
1382 4817 1726 4890 exsistitque,
1772 4823 2136 4881 stabiliemus.

549 4890 725 4946 Sicuti
762 4909 890 4950 vero
931 4912 1094 4952 unam
1126 4898 1308 4958 Patris
1355 4912 1411 4959 et
1442 4904 1564 4961 Filii
1607 4917 1662 4963 et
1700 4908 1933 4979 Spiritus
1962 4918 2140 4972 sancti

550 4993 803 5039 naturam
848 4986 1191 5059 divinitatis,
1247 4993 1321 5048 ita
1368 5000 1690 5067 potentiam,
1737 5006 2141 5078 operationem,

548 5074 777 5144 gloriam
814 5088 869 5134 et
917 5084 1382 5152 magniﬁcentiam
1441 5091 1799 5159 proﬁteamur
1855 5105 1910 5151 et
1945 5074 2143 5153 creda-

547 5182 673 5222 mus
709 5186 722 5223 :
757 5185 924 5231 unum
955 5181 1140 5229 autem
1188 5175 1548 5238 divinissima:
1603 5181 1889 5241 Trinitatis
1938 5188 2145 5244 intem-

547 5276 872 5332 poraneum,
924 5269 1473 5342 cointemporaneum
1536 5279 1688 5335 Patri
1746 5279 2009 5351 Verbum,
2068 5285 2140 5342 ab

547 5356 832 5413 oculorum
887 5361 1008 5416 acie
1057 5373 1349 5431 remotum,
1405 5382 1436 5421 a
1493 5373 1740 5439 corporis
1786 5376 2135 5434 concretione

546 5460 767 5513 purum,
803 5449 1050 5519 ejusdem
1082 5466 1149 5507 ac
1193 5454 1373 5511 Patris
1406 5460 1682 5528 essentia,
1708 5465 1965 5532 potentiae
1988 5467 2135 5537 ejus-

549 5536 706 5603 dem;
733 5537 881 5594 hunc
918 5541 1095 5610 ipsum
1131 5544 1367 5603 scientes
1410 5548 1651 5608 hominis
1689 5569 1910 5625 quoque
1935 5536 2132 5614 Filium

2246 4549 2673 4623 ἁγαθυνόμενος,
2702 4555 2798 4610 καὶ
2827 4559 2970 4613 κατὰ
2992 4559 3053 4612 τὸ
3078 4560 3301 4630 ἐφικτὸν
3336 4565 3698 4637 ὁμοιούμενος
3737 4570 3829 4623 καὶ

2246 4641 2557 4714 θεούμενος.
2593 4646 2752 4701 Οὕτω
2782 4648 2890 4720 γὰρ
2931 4650 3068 4720 ὑψοῦ
3114 4654 3207 4707 τὸν
3254 4654 3515 4727 λογισμὸν
3555 4661 3826 4731 αἴροντες,

2246 4734 2343 4788 καὶ
2374 4735 2591 4792 πάντων
2622 4738 2722 4808 μὲν
2778 4740 3074 4813 αίσθητῶν,
3115 4745 3334 4800 πάντων
3383 4748 3442 4802 δέ
3477 4750 3684 4821 νοητῶν
3708 4770 3829 4806 κτι-

2246 4825 2470 4897 σμάτων
2489 4828 3035 4900 ὑπεραναύαίνοντες,
3068 4836 3273 4910 μόνῃδέ
3301 4841 3364 4910 τῇ
3392 4841 3643 4913 τριαδικῇ
3668 4842 3831 4914 θεαρ-

2245 4917 2360 4988 χίᾳ,
2393 4919 2530 4991 μόνῃ
2558 4924 2623 4993 τῇ
2659 4922 2718 4975 ἐν
2748 4924 3084 4997 ἀπορρήτοις
3114 4928 3328 5003 ἑστώσῃ
3361 4933 3693 5003 κρυφιότητι
3732 4935 3831 4990 καὶ

2248 5010 2665 5084 ύπερουσιότητι
2684 5015 2776 5069 τὸν
2804 5019 3002 5071 οἰκεῖον
3031 5020 3381 5091 ἱδρυσάμενοι
3397 5023 3555 5078 νοῦν
3578 5026 3674 5079 καὶ
3699 5026 3833 5096 μίαν

2249 5102 2596 5177 μὲνγΠατρδς
2632 5108 2728 5162 καὶ
2759 5108 2890 5162 Υίοῦ
2931 5111 3026 5164 καὶ
3063 5113 3219 5180 ἁγίου
3266 5114 3587 5186 Πνεύματος
3635 5117 3829 5189 ῶσπερ

2248 5192 2411 5260 φύσιν
2440 5194 2715 5268 θεότητος,
2742 5196 2885 5252 οὕτω
2913 5201 3008 5253 καὶ
3033 5201 3263 5272 δύναμιν
3295 5204 3391 5257 καὶ
3423 5206 3707 5277 ἐνέργειαν
3731 5208 3830 5262 καὶ.

2247 5284 2408 5351 δόξαν
2461 5286 2555 5340 καὶ
2611 5289 3094 5360 μεγαλοπρέπειαν
3156 5294 3544 5363 ὁμολογοῦντες
3590 5298 3686 5351 καὶ
3732 5317 3828 5352 πι-

2242 5375 2562 5441 στεύοντες·
2594 5379 2686 5433 τὸν
2725 5380 2821 5434 ἕνα
2849 5382 2907 5435 δὲ
2944 5383 3046 5452 τῆς
3086 5387 3518 5455 τρισυποστάτου
3564 5388 3831 5461 θεαρχίας

2237 5464 2331 5518 τὸν
2374 5466 2609 5538 ἄναρχον
2648 5470 2746 5524 καὶ
2778 5472 3117 5543 συνὰναρχον
3170 5474 3249 5545 τῷ
3301 5476 3477 5544 Πατρὶ
3512 5477 3686 5546 Λόγον
3734 5479 3830 5532 τὸν

2240 5557 2492 5629 ἀόρατον,
2513 5560 2604 5616 τὸν
2633 5561 2948 5635 ἀσώματον,
2972 5564 3066 5619 τὸν
3087 5566 3303 5637 ὁμοφυᾶ
3319 5566 3397 5638 τῷ
3410 5567 3699 5640 Γεννήτορι
3727 5570 3826 5624 καὶ

619 5709 640 5740 ⁸
670 5709 871 5781 Ephes.
905 5731 958 5782 ι’,
987 5717 1076 5803 ιε,
1114 5719 1199 5777 l6.
1275 5725 1296 5757 °
1329 5723 1492 5782 Rom.
1515 5744 1613 5798 xu,
1637 5729 1693 5787 ‘2.
1774 5733 1816 5766 ⁸ο
1841 5734 2042 5805 Ephes.
2074 5751 2115 5804 ι,
2149 5736 2239 5795 18.

3830 4178 3867 4207 Ὦ
