4064 6394
311 422 413 487 553

1272 388 1474 473 ’νΙΤΑ
1503 413 1563 471 s.
1601 410 1897 472 IGNATII
1934 410 2041 470 ep.
2084 372 2440 471 meumr.

3448 408 3551 470 554

306 529 658 603 ὁμοδύναμον,
694 525 882 579 τοῦτον
912 524 1036 578 Υίδν
1057 523 1347 595 ἀνθρώπου
1375 523 1497 576 καθ’
1522 524 1669 593 ἡμᾶς
1701 522 1765 575 ὲκ
1785 522 1870 591 τῆς

1989 522 2286 576 secundum
2312 530 2553 575 nostram
2578 526 2826 573 naturam
2848 534 2912 572 ex
2956 520 3298 575 immaculata
3323 519 3418 574 Dei
3441 520 3554 574 Ma-

313 618 680 691 ὐπεραμώμου
710 616 998 685 γενόμενον
1023 614 1363 684 Θεομήτορος
1383 613 1602 674 ειδότες.
1640 612 1749 665 Καὶ
1776 612 1873 664 ἕνα

322 716 410 786 μὲν
437 711 513 779 τῷ
550 707 848 780 προσώπῳ,
879 705 1101 759 διπλοῦν
1129 706 1185 757 δὲ
1219 708 1341 767 ταῖς
1375 704 1570 774 φύσεσι
1594 705 1689 757 καὶ
1717 706 1863 772 ἐνερ-

315 802 474 871 γείαις
498 802 591 851 καὶ
621 797 870 865 θελήσεσι
903 797 1268 866 κηρύσσοντες
1290 812 1303 826 ⁸
1345 798 1438 849 καὶ
1467 796 1642 866 ταύτῃ
1683 796 1872 866 σχολά·

310 895 480 957 ζοντες
505 890 925 958 ἐπιμελέστερον
951 890 1017 958 τῇ
1058 887 1260 958 θεωρίᾳ
1282 889 1391 941 τῶν
1416 889 1577 942 θείων
1612 890 1707 942 καὶ
1756 888 1872 942 θεον

307 984 454 1053 λογίᾳ
480 982 575 1034 καὶ
602 980 689 1033 διά
712 980 810 1047 τῆς
832 980 983 1047 ἱερᾶς
1001 982 1110 1034 τῶν
1137 980 1367 1049 Γραφῶν
1401 980 1633 1051 μελέτης
1663 982 1869 1033 ἀνακα-

306 1073 632 1144 θαιρόμενοι,
682 1070 777 1123 καλ⁸
811 1070 879 1123 δι’
906 1070 1102 1125 ἀενάου
1153 1070 1466 1141 προσευχῆς
1500 1070 1867 1139 ἁγνιζόμενοι,

301 1162 624 1234 ὁπεροράσει
657 1159 765 1213 τῶν
793 1162 1037 1230 ματαίων
1069 1161 1411 1232 ὑπερίδωμεν
1437 1160 1743 1232 μεριμνῶν,
1774 1163 1870 1215 καὶ

300 1256 409 1315 τοῖς
431 1253 532 1321 τῆς
563 1253 786 1322 ἀτιμίας
817 1252 891 1322 μὴ
921 1253 1326 1322 ύποκύπτωμεν
1355 1252 1576 1313 πάθεσι.
1609 1252 1707 1306 καὶ
1733 1251 1870 1323 πρὸς

298 1342 586 1410 ἀνονήτους
622 1340 909 1410 φροντίδας
928 1342 1004 1413 μὴ
1032 1342 1487 1411 καταπίπτωμεν.
1512 1343 1623 1394 Καὶ
1652 1343 1761 1405 πᾶς
1784 1342 1870 1396 θυ-

299 1435 395 1501 μος
416 1432 707 1503 θηριώδης,
729 1435 823 1484 καὶ
855 1434 1004 1486 πᾶσα
1025 1432 1334 1499 παράλογος
1359 1432 1624 1501 ἐπιθυμία
1646 1432 1869 1502 ἀρθήτω

294 1523 387 1591 ἀφ’
423 1516 582 1592 ἡμῶν
601 1540 613 1552 °
658 1524 857 1592 μᾶλλον
887 1524 944 1577 δὲ
980 1525 1009 1577 ὁ
1046 1524 1143 1593 μέν
1175 1524 1339 1593 θυμὸς
1371 1523 1535 1576 ὅπλον
1565 1524 1695 1591 ἡμῖν
1728 1521 1871 1574 κατά

292 1616 390 1681 τῆς
420 1614 693 1683 ἁμαρτίας
748 1615 843 1667 καὶ
905 1614 998 1666 τοῦ
1023 1613 1122 1684 τῆς
1152 1613 1426 1684 ἁμαρτίας
1455 1611 1596 1665 ἔστω
1641 1612 1868 1682 πατρός.

304 1703 369 1757 Ἦ
402 1704 672 1775 ἐπιθυμία
702 1704 762 1757 δὲ
814 1704 950 1774 πρὸς
980 1704 1043 1756 τὸ
1076 1704 1279 1774 κυρίως
1309 1705 1404 1756 καὶ
1428 1702 1647 1773 ἀληθῶς
1682 1702 1870 1756 ἐπιθυ-

295 1795 466 1866 μητὸν
498 1795 1014 1864 μετασκευαζομένη
1047 1796 1194 1847 πᾶσα
1212 1834 1228 1859 ,
1273 1794 1531 1864 συνεργὸς
1561 1795 1693 1863 ἡμῖν
1719 1792 1868 1861 γινέ-

1979 620 2061 664 tre
2084 620 2297 674 natum,
2320 625 2488 663 unum
2518 609 2736 678 quidem
2755 623 3006 677 persona,
3023 610 3237 679 gemina
3267 623 3433 679 porro
3456 626 3553 663 na-

1975 710 2118 767 tura,
2143 703 2479 771 operatione,
2522 702 2798 755 voluntate
2846 701 3203 769 praedicemus
3233 717 3247 753 :
3278 713 3441 772 atque
3468 703 3554 756 his

1976 810 2153 848 rerum
2203 794 2507 849 divinarum
2547 805 2600 849 et
2632 792 3056 863 tlieologicarum
3108 792 3552 849 meditationibus

1972 885 2188 954 penitus
2220 885 2495 953 occupati,
2552 896 2944 953 sacrarumque
2993 879 3322 938 Litterarum
3355 882 3552 937 studiis

1973 975 2267 1042 repurgati,
2290 982 2452 1045 atque
2477 975 2694 1030 assidua
2711 975 2956 1029 oratione
2972 973 3208 1041 lustrati,
3224 973 3553 1042 contemptis

1974 1066 2229 1119 humanis
2277 1066 2463 1130 rebus,
2513 1081 2676 1122 curas
2715 1067 2908 1122 inanes
2957 1067 3339 1138 negligamus,
3377 1079 3553 1136 neque

1973 1171 2074 1211 nos
2100 1154 2260 1210 fmdis
2281 1156 2671 1225 cupiditatibus
2705 1158 3117 1223 submittamus,
3145 1172 3322 1227 neque
3347 1156 3415 1210 ad
3445 1171 3540 1210 co-

1975 1248 2268 1317 gitationes
2314 1246 2510 1303 stultas
2569 1248 2946 1318 prolabamnr.
3009 1247 3200 1302 Omnis
3247 1246 3420 1302 ferina
3442 1247 3553 1302 ira-

1972 1338 2192 1403 cundia,
2222 1354 2384 1394 omne
2408 1339 2737 1394 desiderium
2768 1356 2801 1394 a
2826 1340 3036 1394 ratione
3060 1339 3297 1394 alienum
3331 1353 3361 1391 a
3393 1337 3551 1393 nobis

1971 1430 2292 1484 excludatur
2327 1446 2340 1482 :
2378 1429 2489 1484 imo
2518 1430 2600 1485 ira
2647 1430 2808 1485 telum
2856 1429 3016 1485 nobis
3037 1430 3110 1486 sit
3150 1429 3205 1484 in
3268 1438 3547 1500 peccatum

1973 1519 2293 1590 peccatique
2320 1527 2622 1575 auctorem.
2643 1518 2925 1591 Cupiditas
2956 1536 3084 1576 vero
3113 1520 3182 1577 ad
3215 1535 3403 1577 verum
3426 1536 3549 1592 ger-

1972 1630 2307 1684 manumque
2336 1615 2538 1669 bonum
2590 1616 2876 1680 translata,
2912 1616 2978 1670 ad
3033 1624 3303 1687 przecepta
3335 1616 3551 1672 Domini

1973 1704 2329 1759 custodienda
2362 1703 2520 1758 nobis
2575 1703 2815 1773 adjutrix
2857 1705 2969 1759 ﬁat.
3016 1704 3143 1759 llaec
3197 1705 3549 1767 documenta,

1974 1794 2177 1859 dilecti,
2207 1794 2439 1863 primum
2471 1791 2691 1863 quidem
2720 1808 2749 1847 a
2782 1794 3086 1865 prophetis.
3124 1794 3319 1849 deinde
3346 1808 3378 1848 a
3414 1809 3551 1863 pra:-

292 1888 404 1940 σθω
430 1888 573 1956 πρὸς
606 1887 837 1957 τήρησιν
867 1886 966 1955 τῆς
1000 1886 1351 1954 Δεσποπικῆς
1396 1885 1639 1954 ἐντολῆς.
1668 1883 1865 1939 Τοιαύ-

1975 1886 2251 1940 stantibus
2299 1884 2507 1939 Christi
2561 1884 2848 1954 discipulis
2907 1892 2961 1939 et
3004 1885 3376 1955 evangelistis,
3433 1892 3549 1937 tum

289 1992 383 2039 τας
410 1972 508 2029 οὖν
536 1976 752 2045 ἔχοντες
780 1975 1177 2045 παραγγελίας.
1205 1975 1503 2043 ἀγαπητοὶ,
1537 1973 1627 2027 διά
1656 1988 1870 2044 προφη-

287 2066 391 2120 τῶν
418 2067 526 2134 μὲν
579 2067 814 2137 πρῶτον,
850 2067 1039 2119 ἔπειτα
1090 2064 1178 2119 διὰ
1209 2065 1319 2117 τῶν
1361 2066 1580 2136 ὑψηλῶν
1606 2065 1699 2119 τοῦ
1734 2067 1873 2135 Χριο

288 2159 410 2213 στοῦ
453 2159 715 2228 μαθητῶν
743 2161 838 2211 καὶ
868 2156 1294 2225 εὐαγγελιστῶν,
1330 2158 1423 2209 καὶ
1445 2156 1534 2209 διά
1562 2156 1665 2209 τῶν
1701 2155 1869 2209 Πατέ-

287 2268 393 2322 ρων
419 2250 486 2303 δὲ
522 2250 661 2320 μετά
679 2249 852 2302 ταῦτα
881 2250 974 2302 καὶ
1016 2248 1178 2321 ἱερῶν
1203 2249 1543 2302 διδασκάλων
1574 2248 1870 2315 γινομένας

284 2342 361 2403 εἰς
384 2341 564 2409 ἡμᾶς,
596 2338 795 2408 μᾶλλον
822 2339 878 2390 δὲ
900 2338 967 2391 δι’
1002 2338 1121 2402 ἐνὸς
1162 2340 1255 2392 καὶ
1281 2340 1378 2392 τοῦ
1418 2339 1584 2392 αὐτοῦ
1616 2337 1869 2408 Πνεύμα-

284 2447 372 2493 τος
400 2427 745 2498 λαλουμένας
784 2428 893 2493 ἀεὶ,
925 2428 1020 2480 καὶ
1065 2428 1418 2498 πολυτρόπως
1450 2428 1867 2497 κηρυσσομένας

284 2523 341 2573 ἐν
359 2522 522 2590 ήμῖν,
541 2520 615 2588 μὴ
645 2519 1097 2589 καταφρονῶμεν,
1129 2520 1261 2590 μηδὲ
1292 2518 1552 2590 ῥᾳθύμως
1575 2517 1670 2571 καὶ
1699 2518 1867 2584 ἐκμε-

283 2609 409 2674 λῶς,
440 2610 722 2680 ἐπιμελῶς
751 2610 808 2664 δὲ
839 2609 937 2680 τὴν
980 2611 1178 2680 πρᾶξιν
1204 2612 1298 2664 καὶ
1330 2607 1637 2670 σπουδαίως
1667 2605 1864 2675 μετίω-

288 2704 515 2773 μεντῆς
549 2702 773 2771 ἀρετῆς,
811 2701 1207 2772 ἐλεημοσύναις
1249 2701 1349 2771 μὲν
1397 2702 1497 2754 καλ⁸
1547 2700 1727 2752 πίστει
1767 2697 1869 2749 πά-

287 2806 382 2859 σης
412 2788 693 2858 ἁμαρτίας
742 2785 1272 2854 ἁποκαθαιρόμενοι,
1326 2784 1517 2856 ἀγάπῃ
1562 2784 1640 2836 δὲ
1685 2782 1866 2851 τελείᾳ

287 2884 379 2934 καὶ
410 2877 893 2951 ταπεινοφροσύνῃ
912 2876 1103 2946 ἀληθεί
1135 2877 1338 2940 παντὸς
1367 2874 1640 2945 μολυσμοῦ
1670 2874 1866 2943 σαρκὸς

287 2971 377 3023 καὶ
435 2970 753 3039 πνεύματος
802 2966 1270 3038 ἀποδιυλιζόμενοι
1296 2983 1309 2997 ·
1356 2967 1445 3019 ἵνα
1490 2965 1635 3019 κατά
1668 2964 1776 3017 πᾶν
1808 2963 1870 3014 τὸ

290 3061 504 3132 θέλημα
554 3060 649 3114 τοῦ
705 3061 841 3114 Θεοῦ
879 3061 1395 3131 περιπατήσαντες,
1444 3058 1589 3123 ἄξιοι
1626 3058 1726 3127 τῆς
1772 3054 1867 3107 τοῦ

290 3153 614 3226 ἐπουρανίου
650 3152 862 3223 [ἰατρὸς
894 3151 1171 3221 βασιλείας
1194 3153 1252 3204 ἐν
1274 3150 1496 3223 Χριστῷ
1535 3148 1711 3222 Ἰησοῦ
1740 3148 1870 3201 ἁνα-

298 3244 570 3314 φινῶμεν.
624 3242 987 3312 Ἀποθώμεθα
1030 3243 1317 3312 τοιγαροῦν
1366 3246 1474 3297 πᾶν
1525 3243 1719 3306 πάθος,
1775 3241 1869 3295 καὶ

298 3336 473 3389 πάντα
506 3334 768 3405 πονηρίας
813 3332 1244 3403 ἀποτριψώμεθα
1273 3332 1555 3402 λογισμὸν,
1582 3332 1670 3384 ἵνα
1692 3330 1868 3384 καθα-

297 3426 381 3494 ροὶ
440 3423 524 3494 τῷ
582 3422 963 3495 καθαρωτάτῳ
1036 3423 1469 3493 προσενεχθῆναι
1527 3421 1865 3491 δυνηθῶμεν.

302 3513 764 3588 Ἀπορριιιμὼμιθα
798 3513 1245 3584 γαστριμαργίας
1280 3513 1450 3575 πάθος
1491 3512 1756 3582 ὀλέθριον,
1795 3511 1871 3574 ὼς

290 3607 471 3677 πάσης
497 3606 775 3677 ἀλλότριον
796 3606 1015 3677 ἀρετῆς,
1030 3605 1126 3658 καὶ
1153 3604 1412 3667 παντοίας
1437 3602 1754 3673 γεννητικὸν
1778 3619 1876 3655 κα-

290 3698 410 3760 κίας
434 3715 448 3729 ·
489 3698 606 3751 ἀντ’
631 3698 797 3766 αὐτῆς
819 3697 877 3750 δὲ
908 3696 1005 3768 τὴν
1035 3696 1416 3766 κοσμιωτάτην
1446 3694 1775 3765 ἐγκράτειαν
1798 3693 1875 3757 ὠς

287 3791 533 3843 διπλοΐδα
560 3788 938 3859 περιθώμεθα,
986 3787 1085 3856 τὴν
1120 3787 1228 3840 τῶν
1255 3786 1504 3854 ἀγγέλων
1553 3784 1872 3854 σύντροφον.

288 3881 388 3952 τὴν
418 3880 534 3933 τῶν
561 3881 734 3947 ἁγίων
770 3878 1062 3947 σύσκηνον,
1091 3878 1192 3947 τὴν
1215 3877 1315 3944 τῆς
1356 3875 1469 3929 ἀνω
1512 3875 1875 3944 τερπνότητος

289 3974 555 4043 πρόξενον
582 3973 674 4024 καὶ
715 3971 946 4041 τρυφῆς.
985 3969 1218 4041 Πορνεία
1259 3968 1318 4021 δὲ
1350 3966 1487 4037 μηδὲ
1516 3964 1875 4035 ὀνομαζέσθω

285 4064 344 4118 ἐν
376 4066 538 4133 ἡμῖν,
576 4062 638 4114 οὐ
665 4062 825 4130 μόνον
850 4063 884 4132 ή
907 4061 1029 4113 κατ’
1051 4059 1338 4131 ἐνέργειαν
1369 4057 1465 4111 καὶ
1495 4059 1716 4128 πρᾶξιν,
1738 4055 1876 4110 ἀλλά

290 4154 427 4223 μηδὲ
466 4154 760 4222 πορνικαῖς
811 4150 1139 4219 φαντασίαις
1180 4147 1597 4220 ῥυπαινὼμεθα.
1630 4148 1790 4220 Πάσῃ
1816 4147 1876 4201 δὲ

289 4247 513 4316 μηχανῇ
538 4245 632 4297 καὶ
650 4244 875 4315 σπουδῇ,
911 4244 1062 4313 πάσῃ
1089 4241 1563 4315 ταπεινοφροσύνῃ
1594 4243 1688 4295 καὶ
1712 4256 1875 4313 προσ-

286 4339 420 4406 ευχῇ
486 4334 588 4404 τὴν
660 4333 835 4403 κακὴν
880 4334 1037 4401 ῥίζαν
1090 4331 1461 4402 προθέλυμνον
1515 4332 1871 4403 ἐκτίλλωμεν,

286 4428 386 4498 τὴν
411 4426 645 4497 θολεράν
687 4426 900 4495 πηγὴν,
944 4425 1005 4477 τὸ
1031 4425 1130 4494 τῆς
1152 4424 1347 4495 ἡδονῆς
1387 4425 1756 4495 ἐμπύρευμα,
1813 4424 1876 4477 τὸ

1971 1988 2102 2030 vero
2140 1990 2170 2028 a
2204 1974 2479 2037 Patribus,
2527 1973 2645 2029 sive
2703 1974 2911 2029 sanctis
2938 1974 3254 2030 doctoribus
3303 1982 3547 2043 accepta,

1969 2066 2082 2122 imo
2107 2081 2204 2138 per
2230 2080 2399 2121 unum
2428 2073 2485 2121 et
2511 2066 2763 2121 eumdem
2794 2066 3057 2137 Spiritum
3080 2066 3307 2128 dictata,
3343 2066 3541 2120 variis-

1933 2199 1946 2207 .
1969 2172 2077 2227 que
2106 2157 2282 2211 modis
2309 2157 2623 2225 praedicata,
2663 2173 2730 2212 ne
2762 2158 3199 2223 contemnamus,
3232 2172 3336 2213 nec
3368 2157 3555 2227 segni-

1970 2259 2050 2303 ter
2081 2258 2136 2303 et
2158 2249 2350 2318 ignave
2384 2262 2768 2318 exsequamur,
2813 2249 2905 2303 sed
2956 2248 3157 2303 acriter
3199 2256 3255 2303 et
3308 2252 3553 2304 studiose

1967 2340 2187 2395 virtutis
2219 2354 2360 2410 opus
2382 2355 2812 2411 persequamur;
2846 2348 2908 2395 ut
2937 2340 3272 2410 benignitate
3306 2340 3360 2394 in
3389 2355 3553 2410 egen-

1970 2438 2073 2495 tes,
2123 2429 2334 2500 ﬁdeque
2365 2445 2396 2484 a
2431 2432 2667 2500 peccatis
2702 2430 2925 2500 expiati,
2975 2430 3243 2485 charitate
3277 2428 3543 2499 perfecta,

1965 2528 2023 2575 et
2055 2520 2425 2575 submissione
2459 2520 2695 2586 sincera,
2734 2521 2804 2575 ab
2829 2520 3084 2575 omnibus
3126 2521 3298 2575 animi
3341 2528 3397 2575 et
3423 2534 3552 2575 cor-

1968 2610 2122 2680 poris
2150 2609 2579 2680 inquinamentis
2626 2609 2896 2677 defer-sti,
2955 2613 3254 2667 secundum
3309 2612 3399 2667 Dei
3455 2626 3555 2665 vo-

1969 2699 2231 2754 luntatem
2282 2701 2666 2764 ambulantes,
2732 2716 2900 2773 regno
2972 2702 3209 2772 supremi
3268 2700 3444 2758 Patris
3496 2701 3554 2756 in

1969 2790 2191 2844 Christo
2219 2789 2348 2845 Jesu
2399 2791 2549 2861 digni
2584 2793 2902 2847 habeamur.
2935 2790 3139 2847 Omnes
3195 2806 3328 2861 ergo
3384 2792 3552 2848 animi

1970 2879 2301 2935 vitiositates
2331 2888 2389 2935 et
2409 2882 2632 2936 malitiae
2666 2881 2833 2936 ﬁbras
2860 2882 3149 2948 elidamus,
3180 2882 3259 2937 uti
3300 2882 3455 2952 puris
3487 2868 3557 2936 ad

1969 2970 2328 3040 purissimum
2384 2972 2548 3026 nobis
2606 2981 2790 3037 pateat
2854 2987 3134 3028 accessus.
3183 2973 3554 3028 Pcrniciosam

1971 3063 2185 3118 ventris
2221 3062 2544 3133 ingluviem,
2575 3064 2742 3118 veluti
2789 3074 2994 3135 pestem
3027 3065 3247 3119 virtutis
3288 3072 3344 3118 et
3373 3063 3558 3119 omnis

1977 3153 2186 3209 fontem
2223 3154 2544 3225 impietatis,
2598 3157 2788 3225 procul
2838 3156 3139 3211 habeamus
3191 3154 3386 3210 :illius
3432 3152 3556 3208 loco

1977 3242 2392 3316 temperantiam
2443 3246 2611 3301 veluti
2659 3247 2954 3316 diploidem
2989 3246 3317 3311 induamns;
3352 3252 3559 3312 tempe-

1975 3340 2235 3402 rantiam,
2268 3338 2517 3410 inquam,
2560 3338 2845 3395 beatarum
2880 3339 3152 3392 mentium
3182 3336 3416 3398 sociam.
3444 3350 3559 3391 ca:-

1973 3432 2133 3486 litmn
2173 3432 2641 3494 contubernalem,
2671 3430 3089 3498 cmlestiumque
3138 3428 3459 3483 deliciarum
3492 3443 3562 3480 ac

1979 3523 2321 3591 voluptatum
2373 3521 2805 3576 conciliatricem
2863 3534 2928 3574 ac
2982 3519 3201 3589 pignus.
3247 3516 3562 3573 Fornicatin

1979 3623 2161 3669 autem
2190 3628 2261 3667 ne
2290 3612 2601 3667 nominetur
2625 3611 2848 3682 quidem
2870 3610 2927 3664 in
2951 3609 3133 3674 nobis,
3157 3618 3353 3665 utnon
3384 3609 3559 3665 solum

1976 3719 2141 3773 opere
2174 3712 2229 3757 et
2260 3700 2429 3767 iacto,
2470 3701 2566 3756 sed
2601 3717 2670 3755 ne
2702 3700 3095 3770 cogitationum
3127 3698 3351 3768 quidem
3388 3699 3566 3767 impu-

1983 3809 2169 3848 rarum
2199 3792 2461 3847 monstris
2506 3791 2860 3862 inquinemur
2891 3791 2955 3843 ".
2988 3788 3146 3845 Totis
3177 3790 3404 3859 proinde
3430 3788 3563 3842 viri-

1978 3886 2106 3946 bus,
2140 3884 2404 3953 omnique
2433 3883 2700 3948 connixu,
2730 3891 2787 3937 et
2818 3895 3032 3936 summa
3059 3880 3227 3935 animi
3251 3878 3564 3949 depressio-

1932 4038 1945 4056 .
1979 3992 2070 4039 ne,
2097 3976 2461 4046 precibusque
2474 3975 2741 4029 elementa
2764 3973 2993 4028 luxuriae
3012 3973 3228 4042 penitus
3245 3972 3558 4035 eradamns,
3648 4011 3653 4015 .

1981 4082 2370 4137 emuoyanique
2392 4065 2722 4136 impuritatis
2744 4066 3159 4137 scaturigiuem,
3188 4073 3245 4120 et
3266 4064 3562 4135 voluptatis

1976 4158 2184 4225 fnenm,
2223 4158 2659 4229 intemperantiae
2685 4156 3104 4221 suscitabulum,
3138 4157 3342 4212 idolum
3377 4156 3562 4212 cordis

1977 4250 2436 4304 obscenissimum
2473 4260 2784 4305 evertamus
2805 4258 2901 4304 aut
2946 4249 3275 4304 mhiuanms.
3301 4247 3393 4303 Sic
3412 4248 3557 4302 enim

1977 4340 2031 4396 iu
2076 4341 2234 4396 nobis
2263 4341 2615 4396 continentiae
2643 4343 2812 4397 decus
2841 4342 3166 4407 elllorescet,
3197 4351 3561 4409 sanctumque

1977 4442 2033 4487 et
2071 4433 2314 4486 divinum
2366 4433 2669 4503 spiritalem
2726 4449 2991 4503 sponsum
3043 4435 3110 4486 ad
3160 4449 3261 4488 nos
3305 4435 3394 4503 pie
3430 4449 3559 4488 san-

287 4518 386 4586 τῆς
413 4516 720 4578 ἀκολασίας
750 4514 1022 4587 ζώπυρον,
1058 4515 1119 4567 τὸ
1140 4514 1397 4584 πορνικὸν
1430 4516 1529 4585 τῆς
1552 4513 1779 4584 καρδίας
1800 4512 1870 4565 εῖ-

1986 4536 2182 4593 ctequc
2213 4525 2576 4578 attraliemus.
2609 4525 2907 4580 Avaritiam
2954 4533 3009 4579 rt
3055 4526 3296 4581 studium
3327 4525 3563 4580 habendi

287 4613 456 4668 δωλον
484 4612 706 4684 πρῶτον
728 4611 1066 4681 ἐξανέλωμεν
1095 4611 1129 4683 ἢ
1166 4610 1513 4681 μειώσωμεν.
1559 4607 1717 4688 Οῦτω
1767 4608 1870 4680 γὰρ

1976 4633 2086 4671 non
2130 4631 2291 4671 secus
2336 4625 2501 4686 atque
2546 4616 2910 4672 idololatrian)
2958 4616 3297 4688 refugiamus
3324 4617 3390 4671 ¹².
3417 4615 3563 4671 Idem

285 4706 423 4775 ἡμῖν
454 4704 518 4758 τὸ
559 4704 703 4774 ἱερὸν
753 4704 852 4774 τῆς
898 4702 1257 4773 σωφροσύνης
1307 4702 1608 4773 ἐπανθήσει
1659 4702 1870 4767 κάλλος¹

1975 4708 2123 4763 enim
2156 4716 2306 4773 sunt,
2338 4717 2398 4761 ut
2422 4708 2504 4762 lex
2541 4709 2788 4778 Apostoli
2814 4708 2995 4772 docet,
3031 4707 3250 4777 quando
3272 4707 3563 4777 pecuniam

287 4796 431 4849 οὕτω
463 4795 561 4849 καὶ
588 4796 681 4848 τὸν
705 4794 896 4864 νοητὸν
934 4795 1185 4864 Νυμφίον
1218 4794 1313 4847 καὶ
1342 4795 1497 4862 ἆγιον
1524 4793 1870 4865 ἀγιοπρεπῶς

1980 4811 2314 4877 appetentes,
2344 4817 2374 4855 a
2407 4802 2512 4857 ﬁde
2564 4805 2913 4865 aberrarunt,
2957 4801 3280 4870 sripsosque
3319 4802 3565 4854 inserue-

289 4886 508 4949 ἑαυτοῖς
537 4883 980 4956 ἐπισπασάμεθα.
1034 4884 1408 4955 Φιλαργυρίαν
1436 4884 1493 4938 δὲ
1530 4886 1625 4938 καὶ
1684 4886 1870 4939 πλεον-

1978 4901 2107 4946 runt
2131 4892 2414 4947 doloribus
2447 4893 2631 4948 multis
2665 4893 2727 4948 “.
2761 4893 2898 4946 Cum
2930 4908 3061 4961 ergo
3100 4892 3261 4946 nobis
3292 4891 3452 4946 ﬁdem
3482 4905 3568 4944 sa-

290 4978 439 5045 εξίαν
469 4980 672 5041 πᾶσαν,
703 4977 778 5039 ὡς
805 4977 1245 5046 είδωλολατρείαν
1276 4976 1870 5047 ἀποφύγωμεν.Ταυτὸν

1985 4982 2215 5037 lutarcm
2248 4982 2422 5048 tnllat,
2468 4984 2780 5053 multasque
2818 4985 2943 5037 vita:
2969 4984 3315 5037 calamitates
3351 4982 3562 5051 pariat;

290 5072 398 5141 γὰρ
427 5072 573 5125 κατά
592 5072 685 5125 τὸν
709 5070 804 5125 τοῦ
837 5070 1162 5125 Ἀποττὸλου
1190 5071 1401 5139 πέφυκε
1428 5071 1613 5139 νόμον,
1644 5070 1802 5142 εἰπερ
1828 5070 1870 5122 o!

1985 5072 2262 5141 quomodo
2305 5087 2412 5125 non
2443 5072 2590 5127 omni
2614 5088 2718 5143 ope
2741 5072 2845 5126 erit
2877 5072 3151 5143 fugienda,
3186 5082 3242 5127 et
3274 5087 3567 5126 exsecran-

288 5160 501 5230 ταύτης
530 5161 849 5233 ὀρεγόμενοι
869 5161 1334 5231 ἀπεπλανήθησαν
1363 5160 1471 5215 ἀπὸ
1490 5163 1590 5232 τῆς
1620 5159 1870 5222 πίστεως·

1985 5165 2055 5217 da
2101 5162 2150 5217 ei
2196 5163 2288 5231 qui
2320 5163 2457 5217 nolit
2503 5167 2768 5232 cauponis
2806 5179 2957 5218 nmre
3006 5164 3246 5217 animam
3293 5161 3569 5217 vendere?

288 5251 352 5302 οὐ
380 5250 544 5320 μόνον
573 5250 652 5315 δὲ,
693 5249 830 5306 ἀλλά
882 5249 977 5303 καὶ
1005 5248 1232 5312 ἑαυτοὺς
1276 5249 1635 5320 περιέπειραν
1662 5246 1870 5309 ὀδύναις

1986 5254 2329 5323 Quapropter
2363 5253 2410 5308 si
2440 5240 2811 5310 ’conversatio
2851 5263 3037 5310 nostra
3090 5254 3144 5307 in
3196 5253 3353 5308 caelis
3384 5261 3489 5316 est,
3520 5252 3568 5305 si

294 5340 544 5405 πολλαῖς.
573 5343 746 5413 Εἴπερ
772 5339 864 5397 οὖν
893 5342 985 5394 καὶ
1017 5340 1118 5409 τῆς
1152 5340 1423 5411 σωτηρίου
1451 5338 1689 5401 πίστεως
1719 5337 1870 5391 ἀλλο-

1983 5347 2181 5401 (εωιιιιιι
2211 5345 2539 5415 cogitamus,
2572 5355 2736 5417 atque
2774 5347 2841 5402 ad
2879 5346 3045 5401 vitam
3088 5344 3451 5399 immortalem
3502 5356 3570 5398 ac

291 5437 464 5507 τριοί,
520 5435 615 5491 καὶ
661 5434 1004 5489 πολυώδυνον
1054 5436 1185 5505 ἡμῖν
1217 5433 1509 5504 καθίστησι
1556 5433 1658 5504 τὴν
1712 5432 1870 5504 ζωὴν,

1985 5436 2219 5491 salutem
2271 5435 2657 5506 sempiternam
2712 5437 3023 5518 aspiramys
3074 5436 3143 5502 “,
3181 5436 3446 5490 habentes
3485 5436 3569 5488 vi-

292 5529 415 5592 πῶς
445 5528 567 5600 οὐχὶ
611 5528 850 5599 φευκτέα
905 5527 1108 5598 μᾶλλον
1168 5526 1425 5581 ἁπάντων
1477 5526 1573 5580 καὶ
1617 5524 1870 5595 βδελυκτῆ

1985 5535 2134 5582 ctum
2175 5535 2231 5581 et
2272 5528 2558 5594 amictum,
2603 5527 2688 5583 Itis
2723 5528 2966 5583 contenti
2994 5526 3171 5583 simus
3199 5526 3262 5578 ".
3300 5523 3392 5579 Sic
3417 5526 3564 5580 enim

291 5619 373 5692 τῷ
403 5637 472 5690 γε
522 5620 599 5693 μὴ
636 5622 816 5691 πάντη
848 5617 1138 5690 καπηλικῷ
1163 5619 1262 5690 τὴν
1310 5620 1532 5690 ψυχήν;
1563 5617 1626 5672 Oi
1660 5616 1793 5688 γοῦν
1827 5620 1870 5672 τί

1995 5616 2162 5687 probe
2199 5615 2500 5671 instructos
2546 5616 2796 5684 expedite
2835 5617 3066 5681 arduum
3116 5613 3339 5669 virtutis
3366 5611 3569 5669 clivum

369 5800 412 5833 “
448 5797 646 5871 Ephes.
683 5817 736 5867 ν,
772 5801 826 5854 ὅτι
905 5799 948 5829 ¹²
976 5800 1160 5856 Colos.
1194 5815 1278 5865 Ill,
1302 5798 1365 5867 5;
1394 5795 1665 5869 Epltcs.v,
1686 5795 1742 5853 5.
1791 5797 1835 5829 "
1861 5794 1906 5850 ll
1940 5795 2001 5851 Ti
2027 5811 2081 5851 n.
2106 5811 2188 5864 tu,
2217 5796 2340 5855 2-8.
2405 5798 2450 5830 “
2477 5796 3038 5869 Pbilipp.tlt,20,2l.
3118 5796 3161 5828 "
3193 5797 3215 5853 l
3249 5794 3394 5857 Tim.
3413 5813 3491 5868 VI,
3516 5795 3571 5854 8.

663 5893 939 5956 PATROL.
968 5895 1082 5955 Gn.
1124 5892 1239 5953 CV.

3145 5891 3218 5953 18
