4064 6466
467 575 718 645 πενήτων
779 571 1084 642 παραινῶν·
1134 569 1239 643 ἰδίᾳ
1303 571 1359 624 δὲ
1413 572 1577 624 πάλιν
1636 573 1798 641 ἱερεῖς
1850 588 1908 623 τε

464 666 744 737 ἀρχιερεῖς
818 663 894 726 ὡς
957 661 1417 737 ίεραρχικὼτατος
1468 665 1564 715 καὶ
1634 652 2056 732 γραφικώτατος

463 758 590 818 ταῖς
647 755 963 816 κανονικαϊς
999 752 1385 823 θεσμοθεσίαις
1432 752 1934 823 ἐπανορθούμενος’
1961 755 2057 806 καὶ

410 836 434 945 ζ’
472 845 634 907 πᾶσι,
667 843 902 906 συνόλως
926 843 1125 905 εἰπεῖν,
1148 842 1217 895 δι’
1240 835 1314 895 ὧν
1336 842 1509 894 ἐποίει
1542 843 1636 894 καὶ
1662 841 1930 903 ἐδίδασκε.
1963 842 2055 894 τὸν

464 936 566 991 τοῦ
601 933 739 989 Θεοῦ
768 933 934 1003 νόμον
971 933 1068 987 καὶ
1122 933 1223 1005 τὴν
1260 933 1483 1001 ἐντολὴν
1536 932 1943 1002 ὑποτιθέμενος,
1974 934 2053 997 εἰς

411 1023 423 1077 l
461 1026 696 1097 λιπαρὸν
747 1025 849 1096 ήδη
889 1025 986 1078 καὶ
1027 1027 1150 1078 πίον
1179 1023 1435 1094 ἐληλάκει
1459 1024 1662 1095 γῆρας,
1701 1024 1967 1094 ἐπεθύμει
1997 1024 2056 1077 δὲ

460 1121 566 1188 τὴν
594 1116 879 1181 ἀνάλυσιν,
910 1117 1003 1170 καὶ
1027 1117 1137 1169 τῶν
1165 1117 1394 1187 χρονίων
1419 1117 1603 1169 κόπων
1638 1117 1731 1168 καὶ
1763 1117 1934 1169 νόσων
1958 1118 2055 1170 καὶ

461 1210 700 1278 θλίψεων
727 1207 912 1262 ἐπόθει
973 1210 1071 1278 τὴν
1123 1208 1469 1277 ἀπαλλαγήν.
1529 1208 1640 1260 Καὶ
1709 1208 1892 1277 μέντοι
1959 1209 2055 1259 καὶ

460 1299 731 1369 τυγχάνει
771 1300 997 1367 ταύτης,
1052 1297 1147 1351 καὶ
1198 1297 1284 1348 ἐπ’
1325 1297 1555 1363 ἀγαθαῖς
1587 1294 1725 1361 ἄγαν
1754 1294 1932 1347 ἐλπίσι
1960 1292 2052 1347 τοῦ

464 1390 760 1461 μέλλοντος
792 1388 1114 1442 ἀποτίθεται
1147 1387 1245 1457 τὴν
1278 1386 1566 1457 παροῦσαν
1595 1384 1763 1455 ζωήν.
1807 1385 2054 1451 Ἐξίστα-

459 1498 559 1534 ται
588 1479 835 1550 θορύϐων
864 1479 960 1532 καὶ
989 1480 1257 1548 ταραχῆς,
1290 1483 1382 1532 καὶ
1407 1478 1625 1547 φθόνου.
1662 1478 1855 1546 μίσους
1876 1493 1936 1528 τε
1960 1476 2054 1528 καὶ

460 1570 784 1637 ἀντιλογίας
809 1569 922 1623 τῶν
979 1569 1196 1622 ἀτόπων
1245 1566 1549 1636 ἀνθρώπων
1583 1566 1680 1620 καὶ
1727 1564 2051 1637 μοχθηρῶν·

461 1664 529 1715 ὲν
560 1662 755 1733 εἰρήνῃ
780 1661 841 1714 δὲ
869 1662 962 1714 ὲπί
983 1660 1044 1712 τὸ
1078 1661 1211 1713 αὐτὸ
1256 1659 1528 1729 ἐκοιμήθη
1556 1660 1652 1712 καὶ
1676 1657 1894 1711 ὕπνωσε
1913 1673 1926 1686 ·
1958 1657 2055 1710 καὶ

456 1755 546 1816 ei;
572 1754 759 1822 χεῖρας
789 1753 996 1822 Κυρίου
1022 1751 1084 1804 τὸ
1131 1750 1352 1821 πνεῦμα
1385 1749 1797 1822 παραθέμενος,
1831 1747 2055 1819 προστί-

459 1847 753 1908 θεταιτοῖς
801 1845 970 1908 ὁσίοις
1030 1848 1059 1900 6
1094 1847 1261 1910 ὅσιος,
1295 1849 1408 1909 τοῖς
1467 1846 1756 1917 ἰεράρχαις
1807 1846 1836 1898 6
1880 1845 2053 1916 μέγας

1438 460 1613 522 νιΤΑ
1654 461 1716 522 S.
1754 460 2054 522 IGNATII
2091 459 2203 524 CP.
2243 458 2589 519 ARCHIEP.

3550 468 3553 473 ’
3636 458 3740 521 553

1964 572 2058 623 καὶ
2090 578 2132 634 Α
2168 578 2292 622 rent
2325 583 2338 620 :
2376 568 2739 638 principibus,
2766 582 2834 620 uc
2864 566 3004 621 fastu
3056 576 3357 639 turgerent,
3390 568 3741 625 humiliores-

2159 676 2265 731 que
2309 674 2419 729 pra:
2451 672 2509 713 se
2537 668 2964 713 contemnerent.
2996 661 3285 731 Sigillatim
3302 663 3464 716 etiam
3485 667 3744 718 sacerdo-

2161 759 2243 804 tes
2292 760 2344 804 et
2381 750 2656 803 antistites
2684 749 2799 817 ipse
2849 749 3120 804 maximus
3166 751 3392 805 antistes
3429 751 3739 806 divinarum

2158 854 2212 897 et
2235 843 2735 898 ecclesiasticarum
2760 842 3162 897 institutionum
3189 844 3500 913 cognitione
3526 846 3713 900 erudie
3731 875 3744 887 ι

2161 937 2273 991 hat.
2312 936 2555 1006 Denique
2581 950 2679 1005 per
2700 935 2753 990 id
2789 951 2951 990 omne
2989 936 3135 1005 quod
3185 936 3383 1006 agebat
3414 947 3468 990 et
3489 936 3739 1000 docebat,

2158 1031 2437 1086 caelestem
2472 1030 2642 1100 legem
2680 1045 2745 1084 ac
2772 1038 3044 1098 praecepta
3097 1028 3460 1099 proponebat.
3495 1028 3743 1099 Cumque

2151 1121 2265 1190 jam
2295 1121 2363 1175 ad
2390 1130 2692 1175 extremam
2721 1121 3080 1189 ultimamque
3103 1130 3350 1190 vergeret
3378 1128 3741 1186 senectutem,

2158 1215 2380 1282 optabat
2403 1211 2563 1276 solvi,
2599 1212 3005 1280 multorumque
3027 1211 3277 1265 laborum
3304 1226 3370 1265 ac
3399 1210 3743 1276 morborum,

2158 1313 2319 1373 atque
2343 1303 2478 1356 adeo
2505 1310 2963 1355 totasrumnarum
3006 1300 3166 1353 finem
3193 1299 3743 1369 exspectabat,quetu

2158 1394 2377 1448 tandem
2398 1395 2566 1448 etiam
2594 1401 2677 1446 est
2706 1399 3059 1446 consecutus.
3083 1390 3218 1444 Nam
3247 1406 3344 1462 spe
3371 1399 3521 1447 certa
3545 1390 3745 1445 futuat:

2157 1485 2559 1555 consequentiae
2599 1493 2921 1553 praesentem
2953 1483 3120 1536 vitam
3184 1484 3361 1552 ponit,
3422 1484 3742 1537 turbarum-

2157 1593 2263 1647 que
2294 1584 2478 1633 motus
2532 1587 2697 1646 atque
2732 1577 2970 1632 invidiae.
3005 1575 3228 1644 odiique
3272 1586 3326 1629 et
3359 1575 3744 1631 insectationis

2159 1669 2462 1724 infelicium
2517 1679 2572 1722 et
2618 1668 2913 1738 impiorum
2955 1667 3172 1734 evadit;
3222 1676 3388 1737 atque
3435 1667 3489 1721 in
3522 1681 3654 1737 pace
3688 1668 3745 1722 in

2163 1761 2398 1830 idipsum
2431 1760 2637 1814 dormit
2663 1769 2717 1813 et
2741 1759 3057 1828 requiescit,
3084 1759 3523 1829 spiritumquein
3546 1774 3745 1813 manus

2158 1851 2370 1906 Domini
2430 1851 2808 1916 commendat;
2850 1859 3014 1918 atque
3071 1850 3361 1919 apponitur
3410 1848 3476 1903 ad
3526 1859 3747 1904 sanctos

463 1938 754 2019 ίεράρχης,
775 1939 888 1999 τοῖς
919 1937 1276 2007 ὀμολογηταίς
1308 1937 1337 1989 6
1364 1936 1723 2008 ὁμολογητὴς,
1753 1937 1847 1989 καὶ
1879 1936 2044 2006 μεγά-

2167 1951 2400 2004 ;auctus,
2433 1942 2498 1995 ad
2517 1940 2830 1994 ltierarchas
2849 1953 3078 2010 magnus
3098 1938 3405 2002 hierarcha,
3435 1940 3502 1993 ad
3529 1938 3748 1994 confes-

458 2028 579 2090 λοις
611 2029 887 2100 Πατράσιν
910 2030 937 2082 6
966 2029 1106 2099 ὑπὲρ
1132 2029 1478 2101 δικαιοσύνης
1502 2028 1639 2083 Θεοῦ
1679 2029 1773 2083 καὶ
1799 2027 2056 2099 ἀληθείας

457 2122 682 2184 οὐδενὸς
709 2122 932 2176 ἔλαττον
958 2122 1194 2189 ⁹ἐκείνων
1220 2120 1595 2186 κεκοπιακὼς.

545 2300 734 2365 Ἀξιον
760 2298 818 2352 δὲ
859 2298 995 2369 μηδὲ
1043 2300 1135 2352 τὸν
1174 2299 1377 2370 τρόπον
1415 2298 1518 2367 τῆς
1550 2295 1719 2351 αὐτοῦ
1771 2295 2042 2366 παραδραι

470 2394 602 2462 μεῖν
636 2392 1046 2461 μεταστάσεως.
1091 2391 1313 2444 Ἐκειτο
1339 2390 1440 2460 μὲν
1465 2390 1533 2442 τὰ
1559 2389 1845 2443 τελευταῖα
1874 2388 2058 2441 πνέων

460 2487 498 2540 6
533 2485 709 2554 ἅγιος,
750 2485 844 2538 καὶ
871 2485 1035 2549 αὐτὸς
1065 2484 1211 2538 κατὰ
1242 2485 1336 2538 τὸν
1384 2484 1559 2554 μέγαν
1588 2483 1795 2535 ἐκεῖνον
1825 2479 1932 2535 ὑπὸ
1958 2479 2059 2550 τῆς

468 2577 590 2632 ἄνω
630 2576 994 2646 χοροστασίας
1023 2575 1457 2647 ὲπιζητούμενος
1479 2591 1493 2605 ·
1525 2575 1621 2628 καὶ
1648 2573 1719 2626 τὰ
1745 2573 1842 2644 τῆς
1872 2572 2060 2642 φωνῆς

463 2666 684 2737 ὄργανα
729 2665 907 2737 τούτῳ
954 2665 1056 2736 ήδη
1088 2665 1350 2735 παρείθη,
1391 2667 1487 2719 καὶ
1512 2667 1546 2735 ἡ
1586 2662 1790 2732 ζωτικὴ
1832 2660 2062 2732 δύναμις

464 2759 634 2828 ἔσϐη,
668 2758 766 2810 καὶ
816 2758 885 2810 τὰ
921 2757 1057 2828 μέλη
1095 2757 1266 2828 νεκρὰ
1298 2758 1498 2819 πάντα,
1518 2755 1628 2810 ’καὶ
1648 2755 1745 2824 ὅλη
1771 2757 1872 2826 τῆς
1898 2754 2060 2821 ἐκδη-

468 2850 613 2922 μίας
647 2845 717 2921 ἦν
755 2850 789 2920 ἡ
814 2848 985 2920 ψυχή.
1016 2851 1125 2904 Καὶ
1158 2850 1266 2904 ἰδοὺ
1298 2851 1327 2902 6
1361 2849 1644 2920 ὑπηρέτης
1672 2849 1813 2902 κατὰ
1848 2849 1942 2900 τὸν
1965 2847 2063 2916 τῆς

478 2941 809 3014 Ἐκκλησίας
829 2942 1026 2996 τύπον
1060 2942 1221 3013 μέσαι
1238 2942 1296 2996 δὲ
1320 2941 1513 3005 νύκτες
1535 2937 1676 3012 ἦσαν
1696 2958 1710 2973 ο
1737 2943 1828 2995 καὶ
1853 2941 2065 3011 μεγάλῃ

463 3037 624 3106 φωνῇ
687 3034 769 3099 τὸ,
804 3033 1145 3105 Εὺλόγησον,
1176 3035 1443 3100 Δέσποτα,
1487 3035 1627 3105 βοῶν
1660 3034 2060 3104 ἀνακέκραγεν.

468 3126 588 3182 Καὶ
617 3129 646 3180 6
680 3125 954 3199 μακάριος
991 3127 1180 3197 ἠρέμα
1230 3130 1297 3197 τῇ
1333 3127 1481 3198 χειρὶ
1508 3125 1570 3179 τὸ
1600 3127 1779 3197 στόμα
1829 3125 2066 3196 σφραγί-

471 3232 599 3279 σας,
631 3219 728 3270 καὶ
780 3219 851 3272 τὰ
888 3217 1048 3287 τίμια
1087 3217 1240 3288 χείλη
1300 3217 1476 3288 βραχὺ
1532 3215 1842 3287 κεκινηκιίκ
1865 3231 1881 3247 ο
1911 3216 2066 3286 μόλις

473 3310 838 3382 διακουομένῃ
882 3312 994 3374 τοῖς
1031 3309 1261 3379 ἔγγιστα
1308 3307 1655 3379 παρεστῶσιν
1712 3306 1946 3360 ἐπύθετο
1998 3309 2065 3377 τῇ

473 3406 632 3474 φωνῇ
651 3420 666 3435 ο
692 3402 851 3467 Τίνος
872 3402 1028 3471 ἁγίου
1060 3403 1300 3472 σήμερον
1332 3401 1517 3471 μνήμη
1540 3415 1555 3465 ;
1579 3399 1640 3452 Ui
1668 3398 1747 3459 δὲ,
1791 3397 2069 3461 Ἰακώϐου,

468 3495 638 3564 φασὶ,
664 3494 763 3548 τοῦ
797 3493 1145 3564 ἀδελφοθέου,
1178 3492 1274 3545 τοῦ
1291 3491 1447 3561 φίλου
1475 3507 1591 3552 σου,
1624 3484 1670 3543 ὦ
1698 3490 1956 3542 δέσποτα.
2007 3489 2065 3541 Ὀ

466 3587 534 3643 δὲ
583 3587 854 3658 μακάριος
879 3588 1018 3658 πρὸς
1053 3586 1269 3650 αὐτοὺς,
1309 3583 1416 3637 Τοῦ
1442 3584 1703 3637 δεσπότου
1742 3600 1866 3653 μου,
1894 3599 2068 3635 κατα-

470 3679 747 3743 νυκτικῶς
775 3678 881 3749 ἔφη
905 3695 920 3712 ο
975 3677 1162 3732 λοιπὸν
1204 3676 1467 3742 σώζεσθε.
1518 3670 1650 3729 Εἶτα
1677 3674 1827 3743 λέγει
1850 3690 1865 3705 ·
1904 3675 2072 3727 Εὐλο-

470 3769 648 3839 γητὸς
680 3770 711 3823 6
738 3769 872 3833 Θεὸς
898 3771 931 3838 ἡ
941 3768 1064 3838 μῶν
1086 3767 1340 3833 πάντοτε,
1368 3766 1464 3821 νῦν
1491 3766 1587 3819 καὶ
1614 3765 1702 3818 ἀεὶ
1719 3765 1812 3818 καί⁸
1845 3764 1924 3826 εἰς
1947 3764 2074 3826 τοὺς

483 3861 698 3925 αἰῶνας
735 3862 846 3915 τῶν
878 3860 1112 3916 αἰώνων.
1159 3861 1355 3931 Ἀμήν.
1406 3861 1518 3913 Καὶ
1555 3859 1672 3929 ἅμα
1702 3861 1770 3928 τῇ
1795 3856 2074 3927 δοεολογίᾳ

475 3952 849 4024 περιαπῆλθε,
886 3954 982 4007 καὶ
1038 3955 1106 4024 τῇ
1158 3951 1484 4023 εὐχαριστία
1545 3949 1920 4022 συγκατέληξε
1972 3951 2072 4020 τὴν

475 4046 650 4115 ζωήν.
695 4046 876 4110 Εὐθὺς
910 4041 1005 4100 οὖν
1056 4044 1346 4114 κηδεύουσι
1388 4046 1487 4114 τὴν
1536 4043 1707 4113 ζωὴν,
1740 4040 1816 4105 ὡς
1877 4042 1943 4096 ἄν
1987 4056 2072 4102 τις

475 4139 614 4209 εἴπῃ
656 4137 825 4191 αὐτόν
849 4151 867 4170 θ
895 4136 1009 4208 ζωὴ
1033 4137 1163 4207 γὰρ,
1195 4136 1319 4188 ἐπεὶ
1346 4134 1584 4206 μετέστη
1615 4131 1752 4205 πρὸς
1782 4130 1881 4202 τὴν
1900 4129 2068 4200 ζωὴν,

478 4229 583 4283 καὶ
610 4228 750 4295 ἐστι,
789 4228 885 4282 καλ⁸
910 4227 1103 4296 γέγονε
1123 4246 1136 4260 ο
1171 4227 1267 4281 καὶ
1291 4225 1391 4297 τὴν
1425 4223 1749 4296 ἰεραρχικὴν
1774 4222 1825 4275 oi
1856 4222 2069 4286 οἰκεῖοι,

478 4319 561 4383 ὡς
582 4318 728 4385 ἔθος,
753 4318 1151 4392 ἀμφιεννύντες
1185 4317 1400 4388 στολὴν,
1434 4317 1523 4369 ἐπ’
1554 4317 1693 4385 αὐτῇ
1758 4314 1856 4368 καὶ
1904 4311 2070 4366 σεϐα-

481 4408 655 4480 σμίαν
677 4409 828 4480 αὑτῷ
855 4409 1109 4481 ἐπωμίδα
1136 4408 1231 4462 τοῦ
1254 4406 1576 4473 ἀδελφοθέου
1611 4403 1923 4474 σεδασμίως
1948 4404 2070 4455 επι-

480 4501 795 4567 ϐάλλουσιν,
826 4503 894 4575 ἢν
929 4502 1038 4575 πρὸ
1080 4503 1291 4573 χρόνων
1344 4501 1509 4555 τινῶν
1561 4500 1621 4567 ἐξ
1677 4495 2069 4570 Ἰεροσολύμων

2157 2047 2309 2088 seres
2330 2032 2625 2095 tonfessor,
2649 2032 2715 2086 ad
2738 2046 2964 2102 magnos
2988 2032 3174 2085 Patres
3204 2031 3293 2085 ille
3306 2047 3402 2100 pro
3420 2029 3514 2085 Dei
3538 2030 3750 2100 jnstitia

2157 2136 2213 2181 et
2243 2126 2472 2181 veritate
2510 2139 2619 2179 non
2653 2125 2835 2178 minus
2863 2134 3031 2194 atque
3087 2123 3164 2177 illi
3225 2125 3522 2178 certamine
3550 2122 3750 2193 fatiga-

2160 2227 2269 2285 tus.
2948 2229 2969 2239 ‘

2230 2310 2526 2365 Enimvero
2556 2323 2654 2379 par
2684 2317 2790 2372 est,
2822 2316 2881 2362 ttt
2906 2319 3019 2379 quo
3051 2318 3213 2379 pacto
3239 2308 3304 2362 de
3351 2307 3587 2363 statione
3624 2308 3751 2361 vita:

2158 2402 2476 2468 decesserit,
2528 2414 2885 2471 exponamus.
2932 2397 3156 2453 Jacrhat
3190 2409 3413 2454 sanctus
3442 2410 3746 2454 extremum

2159 2508 2477 2565 aegrumque
2516 2495 2741 2548 trahens
2769 2492 3049 2563 spiritum,
3102 2491 3232 2546 dum
3261 2506 3315 2546 et
3365 2492 3504 2562 ipse,
3534 2503 3594 2565 ut
3622 2507 3742 2545 ma-

2162 2562 2303 2658 gnus
2332 2562 2421 2640 ille
2447 2584 2584 2656 (ll),
2621 2597 2651 2636 a
2700 2583 2910 2638 ccelesti
2952 2584 3126 2638 choro
3167 2562 3596 2653 exspectaretur.
3625 2580 3748 2636 Jaut

2163 2679 2313 2733 vocis
2375 2676 2739 2731 instrumenta
2792 2689 2957 2744 prepe
2995 2682 3105 2729 tota
3158 2674 3491 2739 ceciderant,
3537 2674 3750 2729 vitalis-

2164 2785 2274 2839 que
2334 2783 2470 2823 aura
2527 2765 2823 2829 defecerat,
2880 2780 3185 2835 omnesque
3249 2775 3407 2821 artus
3451 2767 3751 2820 exanimati

2164 2870 2359 2925 erant;
2419 2858 2532 2928 ipsa
2587 2858 2823 2927 denique
2859 2857 3044 2911 anima
3082 2857 3305 2931 nonnisi
3356 2856 3749 2927 profectionem

2166 2950 2467 3021 spectabat.
2491 2949 2626 3004 Cum
2656 2964 2783 3003 ecce
2808 2948 2907 3003 tibi
2939 2948 3189 3003 minister
3211 2964 3312 3018 pro
3355 2952 3460 3003 ritu
3495 2950 3752 3004 Ecclesia:

2168 3059 2382 3099 summa
2443 3050 2602 3097 nocte
2630 3041 2835 3110 ingenti
2888 3055 3022 3096 voce
3068 3038 3201 3095 illud
3251 3040 3544 3095 solemne:
3588 3040 3750 3106 Juhc,

2169 3137 2409 3200 domine,
2439 3133 2779 3196 benedicere,
2799 3121 3077 3188 intonat‘et
3098 3136 3402 3202 proclamat
3434 3150 3450 3188 :
3478 3143 3528 3189 et
3561 3135 3752 3189 beatus

2172 3230 2375 3284 Sensim
2412 3244 2579 3283 manu
2614 3244 2708 3282 ora
2757 3228 3002 3296 signans,
3066 3226 3394 3295 modiceque
3443 3229 3753 3282 veneranda

2175 3319 2317 3373 lahia
2387 3327 2624 3380 ttttttans,
2656 3330 2791 3370 voce
2821 3315 3206 3378 intermortua,
3249 3327 3412 3382 quant
3465 3327 3629 3382 aegre.
3659 3314 3753 3381 qui

2172 3409 2408 3480 proximi
2441 3410 2679 3472 stabant,
2708 3405 3100 3477 percipiebant,
3137 3404 3357 3473 qu:.erit,
3382 3402 3541 3471 cuius
3570 3418 3636 3458 ea
3666 3404 3757 3457 die

2173 3500 2437 3555 memoria
2474 3499 2647 3554 sancti
2705 3496 3032 3553 celebretur.
3073 3492 3287 3560 Jacobi,
3333 3494 3610 3564 inquiunt,
3655 3494 3758 3548 do-

2172 3594 2342 3658 ntinc,
2376 3590 2565 3646 fratris
2617 3588 2856 3645 Domini.
2885 3586 3024 3644 Cum
3080 3600 3282 3657 magno
3319 3600 3483 3641 sensu
3534 3585 3756 3655 pictatis

2174 3685 2349 3754 inquit
2376 3702 2392 3739 :
2420 3683 2544 3738 Mei.
2575 3680 2760 3736 Valete
2782 3695 2949 3751 ergo:
2978 3688 3092 3733 tum
3124 3679 3199 3733 ait
3224 3694 3242 3733 :
3266 3677 3591 3734 Benedictus
3610 3678 3754 3734 Deus

2174 3764 2360 3831 noster
2412 3774 2560 3829 omni
2617 3782 2886 3842 tempore,
2934 3779 2991 3826 et
3044 3785 3211 3837 nunc,
3245 3778 3300 3825 et
3333 3784 3573 3840 semper,
3605 3780 3660 3824 ct
3695 3771 3753 3824 in

2172 3866 2373 3923 saecula
2405 3864 2759 3919 saeculorum.
2810 3862 3009 3917 Amen.
3046 3861 3336 3931 Simulque
3368 3876 3490 3916 cum
3549 3861 3755 3932 hymno

2171 3967 2224 4011 et
2250 3956 2547 4027 gratiarum
2577 3953 2794 4008 actione
2834 3953 3079 4007 animam
3121 3953 3314 4017 edidit,
3349 3951 3754 4022 mortalemque

2173 4049 2337 4102 vitam
2398 4045 2638 4115 reliquit.
2682 4043 2875 4099 Statim
2912 4044 3080 4115 igitur
3108 4056 3218 4097 non
3264 4049 3377 4097 tam
3431 4042 3619 4108 funus,
3655 4056 3755 4097 seu

2173 4147 2403 4192 mortem
2428 4136 2602 4200 dicas,
2630 4150 2795 4207 quam
2828 4134 2995 4189 vitam
3056 4142 3254 4189 curant
3304 4134 3455 4204 (nam
3486 4137 3613 4203 quia
3649 4134 3758 4188 mi-

2175 4227 2354 4295 gravit
2374 4224 2440 4279 ad
2478 4225 2666 4290 vitam,
2696 4232 2881 4289 etest,
2904 4233 2960 4279 et
2996 4225 3174 4280 factus
3192 4234 3280 4280 est
3305 4225 3457 4291 rita),
3492 4225 3757 4294 illumque

2170 4332 2328 4373 sacro
2346 4316 2663 4387 patriarcha:
2690 4326 2888 4373 ornatu
2911 4332 2979 4372 ex
3004 4333 3158 4372 more
3180 4317 3468 4372 domestici
3490 4317 3754 4379 vestiunt,

2168 4421 2225 4464 et
2248 4409 2616 4464 venerandum
2650 4407 2840 4464 Jacobi
2900 4408 3089 4465 fratris
3124 4408 3339 4463 Domiiti
3391 4409 3758 4479 superinline-

2169 4501 2283 4556 rale
2310 4517 2436 4556 cum
2462 4500 2814 4556 veneratione
2844 4498 2922 4554 illi
2944 4501 3200 4564 induunt,
3233 4498 3378 4569 quod
3398 4506 3524 4551 ante
3547 4498 3759 4568 aliquot

480 4592 888 4649 ἀποσταλεῖσαν
940 4591 1091 4663 αὐτῷ
1129 4590 1306 4655 οὕτως
1337 4590 1502 4661 ἐτίμα
1554 4590 1648 4642 καὶ
1709 4586 2063 4650 πανευλαϐὦς

2178 4608 2354 4649 annos
2383 4590 2781 4665 Hierosolymis
2805 4591 2909 4647 sibi
2943 4592 3174 4646 missum
3205 4597 3359 4644 tanta
3405 4590 3759 4644 veneratione

477 4685 732 4751 ἐσέϐετο,
755 4685 834 4750 ὡς
857 4684 1249 4739 αὑτδνὲκεϊνον
1292 4680 1549 4736 Ἰάκωϐον
1580 4680 1672 4734 τὸν
1695 4679 1868 4751 μέγαν
1907 4677 2068 4731 ’Λπό-

485 4776 677 4829 στολον
705 4774 802 4829 καὶ
832 4775 1049 4846 πρῶτον
1080 4772 1342 4843 ίεράρχην
1365 4772 1423 4824 ὲν
1449 4772 1586 4841 αὐτῇ
1609 4769 1857 4840 καθορῶν
1886 4784 1900 4796 ³
1933 4766 2070 4821 ταύ-

476 4883 594 4936 την
623 4866 771 4938 αὐτῷ
792 4866 881 4920 διὰ
903 4865 1064 4919 τοῦτο
1086 4865 1182 4919 καὶ
1214 4862 1551 4933 συνταφῆναι
1581 4861 1925 4926 κατεδέξατο.
1957 4859 2069 4913 Καὶ

484 4959 675 5029 μέντοι
727 4958 871 5010 κατὰ
896 4957 995 5028 τὴν
1030 4957 1240 5009 ἐκείνου
1268 4957 1490 5026 μνήμην
1522 4970 1536 4985 ·
1574 4954 1751 5008 εἰκάδι
1775 4955 1885 5020 γὰρ
1906 4951 2067 5023 τρίτῃ

497 5049 829 5120 ὐκτωῦρίου
854 5052 946 5102 καὶ
971 5050 1135 5113 αὐτὸς
1157 5049 1339 5119 ἀπῆρε
1362 5050 1497 5120 προς
1520 5047 1746 5119 Κύριον.
1768 5046 2068 5115 Ἔνδειγμα

476 5140 648 5195 τοῦτο
666 5141 836 5210 σαφὲς
856 5142 956 5211 τῆς
983 5141 1118 5211 πρὸς
1150 5141 1242 5196 τδν
1263 5142 1491 5211 ἀδελφὸν
1508 5140 1604 5194 τοῦ
1631 5139 1839 5208 Κυρίου
1857 5134 2071 5190 οἰκειώ-

479 5232 626 5296 σεώς
650 5250 710 5286 τε
736 5232 903 5288 αὑτοῦ
928 5234 1023 5287 καὶ
1074 5238 1478 5304 μεταστάσεως.
1510 5231 1667 5286 Οὕτω
1706 5231 1805 5301 μὲν
1830 5224 1925 5282 οῦν
1950 5228 2069 5281 τότε

478 5325 550 5379 τὸ
578 5325 758 5395 τίμιον
780 5327 959 5379 ἐκεῖνο
994 5327 1170 5396 δέμας
1222 5327 1318 5380 καὶ
1355 5325 1500 5395 ἱερὸν
1530 5323 1696 5395 ἰερῶς
1740 5323 1835 5377 καὶ
1866 5321 2067 5392 τιμίως

480 5418 970 5489 ἑνταφιαζόμενον,
990 5418 1362 5491 γλωσσοκόμῳ
1378 5418 1572 5489 ξυλίνῳ
1593 5414 1841 5487 κατακρύ
1850 5431 2064 5480 πτεται,

478 5508 585 5563 καὶ
639 5508 775 5580 πρὸς
824 5508 904 5581 τῷ
948 5506 1062 5581 ναῷ
1108 5509 1208 5580 τῆς
1235 5507 1330 5562 τοῦ
1385 5506 1521 5562 Θεοῦ
1571 5506 1814 5577 μεγάλης
1867 5503 2068 5573 Σοφίας

479 5600 706 5672 πρῶτον
741 5601 1059 5667 κατατεθὲν,
1088 5603 1187 5674 τῆς
1222 5601 1609 5674 προσηκούσης
1643 5599 1954 5669 δάξολογὶας
2005 5613 2091 5650 τε·

476 5694 583 5748 καὶ
606 5695 1031 5766 προσκυνήσεως
1053 5693 1426 5761 καταξιοῦται.

2179 4694 2509 4757 prosecutus
2553 4694 2659 4750 est,
2706 4698 2771 4740 ac
2803 4682 2848 4739 si
2898 4683 3078 4754 ipsum
3117 4681 3384 4738 Jacobum
3423 4679 3757 4752 apostolum,

2179 4786 2235 4832 et
2270 4777 2505 4846 primum
2552 4776 2609 4830 in
2666 4790 2734 4830 eo
2787 4774 3056 4829 humerali
3103 4772 3412 4844 pontificem
3464 4782 3755 4841 spectaret.

2176 4866 2290 4922 lloc
2324 4875 2612 4937 propterea
2641 4865 2814 4921 voluit
2854 4874 2915 4920 ut
2943 4880 3130 4921 secum
3163 4864 3506 4934 sepeliretur.
3542 4862 3651 4919 Ets
3691 4879 3762 4918 ne

2173 4960 2267 5015 illo
2295 4961 2414 5030 ipso
2461 4960 2548 5013 die
2596 4958 2875 5013 memoriae
2935 4959 3110 5013 sancti
3171 4955 3362 5011 Jacobi
3408 4970 3590 5019 sacro,
3640 4955 3757 5024 ipso

2174 5066 2395 5122 quoque
2424 5049 2665 5121 lgnatius
2698 5066 2763 5104 ex
2795 5050 2899 5103 hac
2931 5051 3039 5104 vita
3065 5051 3153 5104 die
3184 5050 3345 5103 tertia
3376 5063 3546 5119 supra
3602 5048 3755 5102 vice-

2175 5144 2371 5201 simam
2398 5142 2650 5198 Octobris
2676 5143 2742 5198 ad
2769 5142 3057 5196 Dominum
3103 5140 3413 5213 emigravit,
3463 5147 3613 5197 certo
3656 5139 3755 5205 ad-

2180 5230 2406 5286 modum
2446 5230 2656 5285 indicio
2682 5229 3070 5286 familiaritatis
3106 5245 3232 5301 erga
3266 5229 3489 5285 fratrem
3540 5227 3757 5283 Domini

2173 5331 2229 5378 et
2255 5322 2598 5393 migratiouis
2626 5322 2695 5378 ad
2727 5323 2882 5378 illum
2913 5331 3161 5393 accepto.
3200 5323 3378 5392 Atque
3420 5322 3500 5378 sic
3528 5322 3755 5393 quidem

2174 5429 2392 5471 sacrum
2414 5412 2546 5469 illud
2576 5424 2631 5470 et
2650 5413 2957 5471 venerabile
2974 5414 3171 5485 pignus
3197 5422 3386 5470 sancte
3416 5422 3472 5469 et
3498 5413 3756 5485 religiose

2176 5507 2242 5561 ad
2271 5506 2436 5563 funus
2455 5507 2843 5578 compositum,
2874 5506 3059 5578 ligneo
3083 5507 3427 5577 sarcophago
3450 5506 3747 5575 clauditur,

2178 5608 2347 5670 atque
2396 5599 2466 5655 ad
2516 5599 2820 5671 principem
2890 5597 3110 5669 Sophia:
3141 5598 3313 5654 aedem
3375 5598 3747 5669 deportatum,

2172 5689 2450 5762 exsequiis
2486 5700 2541 5747 et
2568 5690 2732 5762 jusus
2767 5704 2869 5763 pro
2903 5688 3169 5762 dignitate
3211 5690 3534 5748 honoratur.

564 5869 678 5942 (ll)
703 5870 936 5930 Basilius
966 5873 1197 5941 scilicet,
1228 5872 1430 5943 dc‘quo
1456 5870 1620 5944 Greg.
1644 5870 1777 5930 Nar.
1809 5868 2095 5943 sequentia
2119 5868 2286 5927 verba
2319 5866 2549 5940 protulit
2578 5873 2724 5925 orat.
2759 5866 2876 5924 futt.
2904 5866 2961 5924 in
2994 5866 3248 5926 eumdem
3274 5865 3441 5927 Basil.
