4064 6390
436 407 546 470 559

440 613 474 661 ti
496 608 648 673 relri,
679 608 731 662 in
763 624 875 679 quo
903 610 1139 678 iacebat,
1172 610 1475 680 fragmenta
1509 609 1865 677 reliquiarum
1897 606 2018 659 loco

1584 399 1879 462 ΝΙΟΕΤΕ
1920 399 2450 460 PAPIILAGONIS

513 515 686 571 Tanta
730 531 857 572 vero
904 518 1075 587 pietas
1128 517 1389 588 populum
1449 518 1767 577 incesserat,
1831 516 1909 566 uti
1963 526 2017 568 et
2048 524 2090 578 Α

3592 398 3700 464 560

2203 514 2359 568 Ἐπεὶ
2386 513 2640 569 τοσοῦτον
2670 514 2726 567 δὲ
2745 514 2804 567 τὸ
2828 513 2909 573 είς
2935 512 3100 566 αὐτὸν
3130 512 3296 575 σέϐας
3321 512 3560 585 ἀνῆπται
3584 517 3697 577 τοῖς

2121 606 2290 669 λαοῖς,
2318 605 2461 660 ὥστε
2492 606 2587 659 καὶ
2619 606 2685 659 τὰ
2730 606 2824 659 ὲπῒ⁸
2875 604 2969 658 τοῦ
3015 604 3343 675 σκίμποδος,
3379 608 3437 659 έν
3467 598 3513 674 ᾧ
3564 624 3698 661 κατ-

440 701 763 756 clistraxerit
790 741 806 766 ,
839 711 896 757 et
928 704 1108 756 velum
1140 717 1250 770 quo
1301 710 1475 756 tectus
1526 710 1679 765 eral,
1740 699 1795 753 in
1837 707 2018 769 partes

2121 698 2300 752 έκειτο
2320 739 2335 761 ,
2366 697 2536 769 οράνη
2562 698 2680 751 ἀντὶ
2710 697 2977 766 λειψάνων
3009 697 3366 767 διηρπᾶσθαι,
3393 699 3487 751 καὶ
3512 697 3574 751 τὸ
3611 700 3698 754 ἐπ’

442 790 588 844 mille
613 791 973 861 discerptum,
1018 793 1158 846 sacri
1196 792 1443 862 pignoris
1485 792 1604 845 loco
1639 792 1780 844 inter
1808 790 1927 859 pios
1951 788 2022 843 sit

439 882 700 936 divisum.
745 883 885 938 Cum
914 878 1048 953 ergo
1078 900 1280 951 corpus
1311 899 1453 952 aegre
1483 898 1512 936 e
1543 881 1799 935 manibus
1831 877 2018 949 populi

437 984 587 1028 esset
614 983 887 1043 ereptum,
927 974 993 1028 ad
1044 974 1281 1027 nobilem
1322 973 1502 1042 magni
1559 970 1818 1041 marzyris
1853 968 2019 1023 Mena:

440 1064 613 1120 aedem
648 1066 932 1135 pervenit;
964 1066 1150 1136 ibique
1179 1118 1183 1122 .
1216 1065 1535 1134 aliquandiu
1566 1063 1892 1131 depositum,
1926 1076 2019 1116 sa-

437 1157 552 1210 cris
592 1171 812 1226 quoque
860 1156 1077 1227 hymnis
1111 1155 1431 1215 honorihce.
1476 1162 1533 1207 ut
1584 1168 1683 1222 par
1738 1162 1878 1215 erat,
1933 1159 2019 1205 est

436 1254 746 1315 exceptum.
774 1247 829 1300 In
861 1262 969 1316 quo
999 1247 1117 1301 loco
1142 1246 1283 1300 binae
1328 1245 1543 1300 femina:
1572 1260 1603 1299 a
1658 1243 1816 1298 malis
1855 1257 2020 1298 occu-

439 1349 580 1408 patae
614 1340 977 1405 daemonibus,
1038 1340 1487 1409 horrendumque
1541 1340 1850 1409 exagitatae,
1902 1336 2020 1392 snio

440 1432 642 1486 tumba:
665 1443 945 1494 contactu,
968 1442 1248 1503 spectante
1271 1432 1530 1486 universo
1560 1441 1727 1495 ccetu,
1754 1430 2016 1493 liberaue,

437 1524 808 1580 certissimam
839 1527 1133 1580 sanitatem
1163 1532 1293 1580 sunt
1315 1533 1667 1588 consecutaa;
1700 1537 1823 1592 qua:
1847 1530 1901 1575 et
1936 1520 2020 1573 in-

434 1629 623 1686 gentes
656 1615 768 1671 Deo
800 1632 995 1688 magna
1031 1632 1165 1672 voce
1199 1618 1408 1685 gratias
1437 1615 1840 1685 persolverunt.
1876 1611 2015 1667 llinc

436 1723 567 1762 vero
616 1723 743 1763 cum
792 1707 1097 1764 familiares
1163 1709 1401 1763 nobilem
1464 1708 1612 1763 hunc
1663 1706 2018 1776 reliquiarum

437 1796 760 1851 thesaurum
812 1799 937 1851 navi
980 1797 1395 1866 imposuissent,
1448 1809 1708 1864 mareque
1735 1794 1846 1863 jam
1894 1805 2021 1849 ante

437 1885 791 1940 vehementer
821 1886 1194 1953 intumuisset,
1229 1897 1286 1941 et
1317 1887 1555 1941 violenta
1610 1884 1731 1939 Noti
1784 1885 2020 1955 procella

437 1978 640 2031 tluctus
699 1976 1035 2033 decumauos
1063 1979 1298 2042 tolleret,
1334 1978 1426 2048 qui
1479 1978 1880 2048 navigationem
1918 1978 2022 2030 im-

439 2069 678 2139 pedituri
707 2070 1048 2138 viderentur,
1091 2070 1253 2126 simul
1280 2087 1345 2127 ac
1367 2085 1524 2127 sacra
1559 2085 1688 2125 arca
1717 2086 1907 2124 navem
1937 2079 2020 2124 at-

440 2162 580 2232 tigl,
615 2162 800 2216 statim
830 2164 1030 2218 mirum
1065 2163 1199 2233 quid
1230 2172 1314 2219 est
1342 2162 1627 2217 Dominica
1670 2164 1874 2217 virtute
1934 2163 2016 2216 fa-

437 2264 584 2306 ctum
616 2269 630 2306 :
667 2268 790 2307 nam
824 2268 1023 2324 magno
1053 2253 1147 2307 illo
1171 2252 1415 2307 antistite
1454 2251 1743 2322 procellam
1775 2250 2019 2304 invisibi-

436 2342 563 2395 liter
588 2342 926 2413 increpante,
946 2342 1200 2399 ﬂuctibus
1222 2343 1420 2398 leuiter
1442 2340 1787 2406 cadentibus,
1810 2340 2019 2411 placida

437 2448 586 2488 mare
614 2436 860 2490 constitit
885 2451 1041 2490 aura.
1078 2435 1219 2506 Ergo
1242 2446 1529 2490 curatores
1560 2431 1774 2488 funeris
1799 2447 2022 2489 serena-

437 2537 555 2582 tum
585 2543 738 2583 mare
772 2529 1069 2584 Dominum
1095 2528 1538 2583 concelebrando
1580 2526 1884 2596 trajiciunt,
1939 2535 2024 2579 at-

434 2638 546 2692 que
577 2622 629 2677 in
660 2623 846 2677 nobile
889 2623 1151 2693 templum
1206 2623 1450 2678 cwlestis
1502 2621 1713 2675 militite
1761 2619 2023 2690 principis

437 2725 607 2784 atque
661 2714 979 2786 archangeli
1034 2713 1420 2768 mdiﬁcatorem
1459 2711 1606 2767 illius
1651 2709 1918 2782 lguatium
1971 2720 2025 2765 et

437 2806 707 2863 cultorem
736 2807 1052 2877 deportant.
1108 2816 1273 2876 atque
1304 2805 1370 2860 ad
1399 2805 1679 2860 dexteram
1719 2802 1852 2857 aedis
1898 2816 2020 2871 par-

438 2908 546 2952 tem
596 2913 792 2970 magna
825 2914 951 2954 cum
986 2900 1338 2954 veneratione
1377 2911 1690 2952 marmoreo
1741 2894 2020 2949 conditum

436 2989 648 3043 tumulo
680 2998 977 3060 reponunt,
1004 2991 1319 3044 morborqu
1356 3003 1554 3058 nempe
1596 2986 1875 3041 variorum
1908 3000 2024 3039 mc-

436 3080 615 3134 dicam
646 3081 804 3150 quasi
835 3080 1131 3147 ofﬁcinam,
1174 3083 1263 3137 ubi
1287 3090 1341 3136 et
1393 3081 1622 3151 spiritus
1673 3078 1860 3135 infesti
1911 3079 2025 3149 pel-

2120 789 2289 843 αῦτοῦ
2309 790 2365 844 δὲ
2398 791 2647 860 κείμενον
2679 790 2885 843 πέπλον
2915 790 3132 861 μυρίοις
3175 789 3699 861 καταδιαιρούμενον

2119 884 2427 952 τμήμασιν,
2461 883 2543 945 είς
2569 882 2848 950 ἀγιασμοῦ
2878 881 3052 951 δῶρον
3085 881 3569 952 καταμεμερίσθαι
3589 886 3700 946 τοῖς

2121 975 2356 1035 πιστοῖς·
2409 972 2565 1041 μόγις
2591 967 2685 1025 οὖν
2712 970 2835 1025 τότε
2881 971 2944 1024 τὸ
2985 970 3147 1041 σῶμα
3184 971 3314 1035 τοὺς
3366 970 3702 1041 κρατοῦντας

2118 1062 2405 1132 διαφυγὸν,
2434 1062 2530 1117 καὶ
2558 1064 2694 1133 πρὸς
2712 1062 2791 1132 τῷ
2827 1062 3052 1132 μεγάλῳ
3083 1061 3195 1133 ναῷ
3219 1062 3315 1117 τοῦ
3334 1063 3703 1135 Μεγαλομάρ-

2120 1172 2281 1224 τυρος
2313 1155 2660 1224 καταντῆσαν
2691 1155 2877 1225 Μηνᾶ,
2911 1155 3029 1207 ἐκεῖ
3060 1153 3126 1225 δὴ
3160 1153 3322 1208 πάλιν
3348 1154 3701 1209 κατατίθεταί

2118 1264 2179 1298 τε
2209 1246 2409 1317 βραχὺ,
2451 1246 2671 1316 καὶτῆς
2701 1248 2766 1299 ἐκ
2797 1245 2906 1297 τῶν
2929 1244 3141 1312 ὓμνων,
3174 1244 3250 1309 ὡς
3275 1245 3458 1316 θέμις,
3498 1247 3702 1317 τυγχά-

2120 1354 2201 1390 ve:
2237 1336 2559 1401 δεξιώσεως.
2600 1338 2777 1389 Ὅπου
2813 1336 2909 1389 καὶ
2952 1336 3048 1389 δύο
3080 1338 3338 1403 γυναῖκες
3368 1334 3507 1405 ὁμοῦ
3538 1353 3702 1406 πονη-

2123 1432 2237 1499 ροῖς
2268 1429 2580 1496 πνεύμασιν
2628 1427 2976 1497 ὀχλούμεναι.
3007 1428 3103 1480 καὶ
3137 1427 3328 1490 δεινῶς
3356 1428 3698 1496 ἀναϐρασσῦ-

2124 1538 2306 1591 μεναι,
2362 1521 2438 1583 ὡς
2499 1521 2660 1591 μόνον
2722 1520 2965 1589 ἐψαυσαν
3023 1522 3089 1589 τῇ
3146 1518 3239 1571 tofi
3294 1518 3452 1586 ἁγίου
3519 1518 3699 1589 σορῷ,

2121 1613 2354 1666 ἐνώπιον
2381 1612 2585 1674 παντὸς
2609 1610 2704 1663 τοῦ
2742 1610 2872 1664 λαοῦ
2924 1612 3271 1679 κατέστησαν
3307 1611 3504 1677 ὑγιεῖς,
3540 1611 3703 1663 ἀναν-

2120 1703 2380 1773 τιρρήτου
2411 1701 2672 1771 τυχοῦσαι
2722 1701 2823 1770 τῆς
2877 1703 3096 1765 ἰάσεως,
3148 1701 3244 1754 καὶ
3282 1700 3497 1771 μεγάλῃ
3549 1705 3700 1771 φωνῇ

2121 1797 2501 1865 δοξολογοῦσαι
2534 1798 2626 1852 τδν
2660 1798 2812 1851 Θεόν.
2857 1797 3140 1851 Ἐντεῦθεν
3168 1798 3277 1851 τῶν
3302 1797 3433 1868 περὶ
3455 1797 3619 1851 αὐτὸν
3644 1797 3702 1847 ἐν

2123 1890 2293 1960 πλοῖῳ
2355 1891 2742 1959 καταθεμένων
2792 1890 2884 1943 τὸν
2923 1889 3219 1957 πολύτιμον
3250 1888 3561 1960 θησαυρὸν,
3602 1887 3703 1954 τῆς

2123 1980 2399 2052 θαλάσσης
2428 1982 2527 2050 μὲν
2557 1983 2679 2034 τότε
2710 1981 3149 2052 κορυφουμένης,
3179 1982 3237 2034 έν
3258 1981 3445 2050 ἀνέμῳ
3470 1980 3528 2033 δὲ
3547 1980 3705 2050 Νότῳ

2124 2071 2284 2142 βιαίῳ
2323 2073 2430 2125 τῶν
2456 2074 2717 2142 κυμάτων
2752 2076 2828 2136 είς
2849 2072 2981 2141 Calvo;
3014 2075 3317 2144 αἰρομένων
3336 2114 3351 2138 ,
3385 2074 3478 2126 καὶ
3500 2072 3707 2142 ἀπρόσ-

2124 2181 2237 2217 ιτον
2310 2164 2739 2217 ὑποδεικνύντων
2785 2166 2877 2216 τὸν
2932 2163 3120 2229 πλοῦν,
3156 2143 3233 2226 ὦς
3281 2164 3446 2232 μόνον
3504 2166 3538 2235 ἠ
3587 2164 3706 2218 θεία

2123 2257 2281 2328 σορὸς
2315 2258 2497 2326 ἐκείνη
2547 2256 2846 2326 ἐπιϐέϐηκε
2882 2256 2981 2326 τῆς
3017 2256 3165 2328 νηὸς,
3194 2251 3263 2327 ἦν
3293 2257 3427 2327 όρᾷν
3450 2257 3707 2327 παραυτά

2120 2348 2416 2419 γινομένην
2432 2347 2770 2418 Δεσποτικὴν
2796 2347 3266 2418 θαυματουργίαν.
3295 2347 3574 2417 ’Δορὰτως
3598 2349 3709 2416 γὰρ

2123 2443 2228 2495 ὑπὸ
2258 2440 2352 2494 τοῦ
2391 2440 2629 2511 μεγάλου
2669 2439 2968 2512 ἀρχιερέως
3014 2438 3117 2508 τῆς
3178 2440 3492 2509 καταιγίδος
3532 2440 3710 2492 Emet-

2125 2533 2411 2603 μωμένης,
2469 2534 2657 2586 ἵστατο
2706 2533 2806 2603 μὲν
2851 2532 2933 2596 είς
2978 2527 3153 2603 αὔραν
3180 2533 3215 2602 ἡ
3274 2531 3543 2594 θάλασσα,
3599 2531 3709 2584 τῶν

2121 2625 2389 2694 κυμάτων
2435 2625 2494 2679 δὲ
2547 2623 3089 2694 κατασιγαζομένων,
3131 2623 3185 2676 of
3206 2622 3303 2676 τοῦ
3332 2623 3494 2689 ἁγίου
3541 2622 3707 2691 θερα-

2122 2718 2321 2771 πευταὶ
2360 2718 2417 2769 έν
2453 2716 2664 2789 γαλήνῃ
2709 2714 3192 2785 διαπεραιούμενοι
3230 2715 3329 2767 καὶ
3369 2713 3705 2779 δοξάζοντες,

2123 2810 2216 2862 καὶ
2248 2807 2387 2878 πρὸς
2424 2807 2503 2877 τῷ
2542 2808 2672 2878 ἱερῷ
2708 2806 2803 2861 καὶ
2835 2804 3103 2876 παγκὰλῳ
3132 2805 3225 2858 τοῦ
3262 2805 3705 2877 ἀρχιστρατήγου

2122 2900 2238 2971 ναῷ
2282 2899 2374 2953 τὸν
2411 2899 2736 2953 πιστότατον
2791 2897 3075 2968 οἰκοδόμον
3111 2896 3325 2950 ἐκείνου
3383 2897 3481 2950 καὶ
3516 2897 3706 2967 λάτριν

2122 2992 2449 3061 ἀγαγόντες,
2501 2990 2640 3061 πρὸς
2684 2991 2799 3053 τοῖς
2845 2989 3039 3055 δεξιοῖς
3093 2987 3412 3058 σεϐασμίως
3460 2988 3520 3040 ὲν
3567 3004 3706 3058 μαρ-

2125 3085 2331 3157 μαρίνη
2379 3082 2738 3138 κατατιθέασι
2788 3081 2954 3153 σορῷ,
3016 3081 3188 3135 νόσων
3231 3098 3292 3134 τε
3344 3080 3705 3136 παντοδαπῶν

440 3173 653 3236 luntur,
680 3173 973 3244 omnisque
1003 3173 1223 3245 generis
1254 3174 1384 3243 aegri
1417 3175 1515 3245 (ut
1567 3171 1894 3242 compendio
1934 3171 2020 3225 di-

2127 3177 2249 3241 ίατή
2260 3192 2394 3247 ριον,
2413 3174 2511 3228 καὶ
2526 3173 2855 3241 πνευμάτων
2871 3171 3126 3242 πονηρῶν
3145 3172 3454 3242 έλατήριον,
3470 3171 3568 3225 καὶ
3584 3189 3705 3225 συν·

439 3260 599 3331 cam)
635 3272 747 3317 tum
789 3264 1063 3333 corporis,
1095 3273 1210 3318 tum
1269 3264 1436 3317 animi
1490 3262 1718 3326 morbis,
1764 3276 1888 3315 cum
1935 3270 2020 3313 tu-

440 3356 589 3411 mulo
628 3355 1009 3421 admoventur,
1044 3363 1298 3427 p:.tcnter
1332 3367 1615 3409 curantur.

518 3449 594 3501 Ita
619 3448 701 3499 vir
721 3446 817 3500 Dei
860 3446 914 3500 in
958 3448 1116 3499 terris
1142 3445 1330 3499 multis
1360 3444 1624 3499 aerumnis
1652 3440 2019 3505 conflictatus,

438 3548 495 3593 et
515 3549 773 3607 tauquam
797 3552 990 3591 aurum
1018 3537 1070 3590 in
1096 3536 1315 3589 fornace
1334 3536 1615 3605 probatus,
1640 3542 1800 3604 atque
1827 3533 1901 3586 ita
1938 3532 2022 3585 di-

438 3645 580 3700 gnus
611 3628 719 3683 Deo
752 3628 1047 3693 exhibitus,
1069 3628 1343 3682 cmlestcm
1379 3625 1758 3681 beatitudinem
1778 3632 1832 3679 et
1853 3624 2023 3679 hono-

442 3737 557 3777 rem
590 3722 644 3775 in
662 3721 916 3786 excelsis,
946 3737 1054 3790 quo
1078 3721 1333 3774 fruuntur
1360 3719 1895 3780 sancti,cousecutus
1918 3726 2019 3771 est.

443 3815 623 3868 Stulte
650 3828 776 3868 vero
803 3821 1032 3880 egerunt
1057 3813 1295 3866 tenebrae
1316 3812 1495 3865 lumen
1528 3820 1821 3880 persecutae
1843 3849 1858 3873 ,
1877 3809 2022 3878 quod

442 3921 719 3976 nunquam
753 3904 1234 3974 apprehenderunt
1277 3906 1426 3956 :imo
1479 3911 1631 3955 tanto
1664 3902 1838 3970 magis
1898 3914 2025 3969 pro-

444 4000 668 4053 fuerunt
704 3995 1106 4067 persequendo,
1134 4004 1342 4065 quanto
1376 3994 1550 4063 magis
1582 3993 1715 4047 illud
1768 4007 1797 4045 a
1823 4006 1881 4044 se
1929 4004 2021 4042 ve-

440 4088 560 4143 xari
594 4093 944 4159 putaverunt.
992 4083 1128 4139 Nam
1171 4085 1300 4138 dum
1350 4090 1807 4153 perSequerentur
1837 4078 2021 4133 lumen

441 4180 571 4243 hoc,
602 4189 659 4233 ut
679 4189 899 4248 captum
937 4176 1349 4237 conculcarent,
1396 4185 1452 4230 et
1488 4173 1614 4227 inde
1668 4172 1744 4226 illi
1790 4171 2024 4225 insulta-

442 4280 589 4334 rent,
627 4268 802 4322 lucem
831 4265 1051 4336 quidem
1083 4280 1115 4319 a
1147 4279 1208 4319 se
1237 4277 1402 4334 quam
1436 4261 1758 4330 longissime
1807 4257 2023 4326 repule-

441 4369 596 4424 runt,
618 4358 882 4426 illamque
915 4356 1002 4410 vel
1047 4356 1300 4410 nolentes
1340 4362 1491 4408 tanto
1529 4351 1754 4422 prapius
1807 4362 2024 4424 summo

444 4451 594 4506 bono
622 4449 1008 4512 admoverunt,
1048 4456 1255 4518 quanto
1279 4461 1339 4502 se
1370 4446 1545 4516 magis
1572 4459 1697 4499 cum
1746 4441 1891 4497 malo
1924 4456 2024 4496 ex-

444 4553 627 4598 tremo
654 4541 970 4597 deterrimis
1002 4542 1119 4596 suis
1141 4539 1386 4595 consiliis
1416 4537 1838 4607 conjunxerttnt.

513 4631 659 4703 Ergo
682 4631 921 4702 lgnatius
969 4632 1168 4685 iterum
1207 4630 1518 4700 patriarcha
1580 4624 1847 4681 decennio
1889 4637 2027 4693 prae-

444 4728 586 4797 fuit;
618 4726 941 4782 trioennium
973 4740 1120 4791 vero,
1156 4724 1429 4796 pauloque
1453 4718 1712 4789 amplius,
1770 4716 2025 4770 universe

442 4834 677 4889 magnus
716 4816 945 4871 antistes
974 4815 1174 4870 solium
1229 4812 1403 4868 tenuit
1435 4827 1451 4876 ;
1491 4822 1870 4877 annorumque
1927 4821 2024 4860 oc-

443 4909 651 4980 toginta
694 4910 747 4963 in
793 4923 923 4977 pace
969 4910 1035 4960 ad
1058 4921 1313 4976 maguum
1347 4904 1497 4957 illum
1525 4899 1834 4972 pontificem
1871 4898 2023 4953 Chri-

440 5010 589 5058 stum
629 5009 713 5055 est
742 4999 1042 5070 profectus.

511 5093 687 5149 Porro
715 5102 850 5165 quot
880 5107 945 5146 ac
968 5090 1188 5160 quantis
1221 5088 1372 5142 illum
1405 5084 1545 5141 Deus
1580 5084 1750 5154 signis
1774 5096 1841 5137 ac
1888 5097 2021 5152 pro-

439 5185 606 5257 digiis
633 5184 941 5248 celebrarit,
990 5193 1041 5234 et
1073 5179 1348 5235 celebrare
1372 5191 1587 5247 semper
1641 5176 1694 5230 in
1726 5176 1817 5230 illo
1874 5174 2016 5228 cele-

441 5278 636 5333 bratus
676 5273 937 5329 Dominus
967 5287 1076 5325 non
1113 5269 1348 5332 desinat,
1412 5283 1520 5322 non
1571 5267 1734 5334 hujus
1786 5265 2020 5321 instituti

441 5368 624 5438 operis
644 5373 751 5431 est,
783 5365 879 5419 sed
922 5363 1165 5418 historia:
1215 5369 1271 5415 et
1328 5358 1460 5429 justi
1495 5357 1790 5413 voluminis
1840 5358 2017 5411 labor.

441 5458 556 5528 Ego
595 5458 664 5511 de
688 5455 874 5511 multis
898 5467 1072 5524 pauca
1101 5449 1120 5522 (
1151 5465 1274 5504 nam
1309 5449 1519 5518 singula
1554 5447 1806 5519 persequi
1844 5446 2022 5502 inﬁni-

416 5555 558 5625 ‘tum
598 5546 713 5616 sit),
743 5561 865 5625 qua;
897 5555 1078 5600 tamen
1128 5542 1220 5598 Dei
1277 5543 1507 5613 gratiam
1565 5551 1620 5596 et
1646 5540 1820 5611 ipsius
1858 5540 2016 5596 fidem

340 5704 343 5709 _
442 5637 787 5719 mediocriter
823 5638 1120 5703 declarent,
1155 5634 1478 5706 compendio
1502 5647 1794 5703 exponam.

510 5813 656 5870 Puer
681 5814 948 5881 octennis,
981 5829 1255 5869 summum
1315 5813 1605 5878 novcnnis,
1647 5813 1837 5868 morbo
1894 5829 2015 5883 per-

2053 4549 2104 4609 ιι

2122 3268 2307 3338 τόμως
2340 3268 2536 3330 εἰπεῖν,
2568 3265 2842 3320 παντοίων
2872 3263 3062 3319 παθῶν
3097 3263 3278 3335 ψυχῆς
3307 3281 3367 3317 τε
3396 3265 3491 3318 καὶ
3514 3264 3703 3336 σώμα-

2121 3375 2213 3420 τος
2246 3359 2359 3421 τοῖς
2394 3356 2706 3425 ἐγγίζουσιν
2738 3354 3117 3425 ἀλεξητήριον.

2198 3447 2387 3511 οὕτως
2407 3450 2435 3501 ό
2463 3448 2605 3518 ἱερὸς
2629 3446 2722 3500 τοῦ
2752 3443 2888 3499 Θεοῦ
2915 3444 3201 3513 ἄνθρωπος
3232 3441 3321 3496 διὰ
3354 3440 3565 3497 πολλῶν
3593 3440 3703 3494 θλί-

2125 3541 2272 3612 ψεων
2302 3542 2360 3594 ἐν
2407 3543 2477 3610 γῇ
2526 3538 2866 3611 πειρασθεὶς,
2922 3537 3016 3591 καὶ
3049 3536 3123 3599 ὡς
3163 3535 3366 3607 χρυσὸς
3410 3536 3470 3589 ἐν
3502 3552 3701 3606 χωνευ-

2082 3678 2085 3681 ν
2124 3634 2299 3705 τηρίῳ
2335 3631 2711 3702 δοκιμασθεὶς,
2743 3631 2839 3684 καὶ
2870 3628 3020 3693 ἄξιος
3054 3627 3228 3691 οὕτως
3256 3625 3593 3697 ἀποδειχθεὶς
3609 3626 3698 3679 τοῦ

2124 3726 2285 3790 Θεοῦ,
2324 3725 2427 3795 τῆς
2460 3722 2714 3796 οὐρανίου
2757 3722 3163 3793 μακαριότητος
3202 3719 3299 3773 καὶ
3339 3719 3440 3790 τῆς
3467 3720 3526 3773 ὲν
3564 3718 3697 3790 ὑψη-

2123 3818 2237 3883 λοῖς
2284 3818 2394 3872 τῶν
2444 3818 2615 3885 ἁγίων
2657 3814 2973 3885 κατηξιώθη
3007 3814 3192 3884 τιμῆς.
3259 3812 3609 3883 Ἑματαιώθη
3643 3811 3697 3864 δὲ

2125 3914 2160 3982 ἡ
2197 3910 2411 3971 σκοτία,
2447 3908 2687 3975 διώξασα
2722 3907 2821 3977 μὲν
2846 3907 2909 3959 τὸ
2942 3905 3082 3974 φῶς,
3118 3904 3179 3958 οὑ
3214 3903 3599 3957 καταλαϐοῦσα
3622 3902 3693 3956 δέ.

2126 4003 2381 4073 Τοσούτῳ
2424 4001 2480 4054 δὲ
2516 3999 2718 4070 μᾶλλον
2767 3998 3162 4069 εὐηργέτησεν,
3210 3996 3320 4066 ὅσῳ
3350 3995 3513 4048 πλέον
3551 3994 3693 4065 ᾠήθη

2125 4094 2337 4149 λυπεῖν.
2385 4093 2669 4146 Διὼκουσα
2707 4090 2837 4162 γὰρ,
2884 4090 2971 4144 ἵνα
3006 4089 3228 4161 πατήσῃ
3279 4090 3377 4142 καὶ
3424 4104 3695 4141 κατακαυ-

2124 4185 2384 4255 χήσηται,
2417 4183 2614 4253 ἑαυτῆς
2647 4181 2746 4252 μὲν
2780 4181 2842 4234 τὸ
2880 4180 3081 4250 φεῦγον
3110 4181 3389 4250 ὲμὰκρυνε
3409 4220 3424 4245 ,
3463 4194 3693 4250 προσεγ-

2125 4277 2278 4344 γίσαι
2314 4275 2373 4328 δὲ
2413 4274 2797 4347 παρεσκεύασε
2831 4274 2926 4327 καὶ
2962 4273 3036 4343 μὴ
3067 4272 3369 4342 βουλομένη
3408 4271 3486 4341 τῷ
3517 4268 3695 4339 ἀγαθῷ

2124 4364 2399 4431 τοσοῦτον,
2455 4365 2577 4418 ὅσον
2618 4365 2818 4435 ἑαυτὴν
2858 4363 2938 4434 τῷ
2977 4361 3134 4433 κακῷ
3180 4362 3270 4417 διά
3306 4362 3410 4432 τῆς
3458 4362 3697 4431 πολυμη-

2125 4456 2289 4528 χάνου
2319 4456 2684 4528 πραγγαλιᾶς
2708 4453 3189 4527 προσῳκειώσατο.

2197 4637 2341 4692 Δέκα
2402 4636 2503 4708 μὲν
2558 4636 2651 4691 οῦν
2707 4635 2803 4706 ἐτη
2862 4634 2923 4688 τὸ
2960 4634 3244 4705 δεύτερον,
3303 4632 3378 4686 τά
3431 4634 3609 4689 πάντα
3647 4630 3699 4685 δὲ

2124 4726 2419 4797 τριάκοντα
2445 4727 2539 4779 καὶ
2571 4725 2767 4796 μικρόν
2794 4742 2848 4777 τι
2878 4723 3036 4794 πρὸς,
3065 4724 3095 4775 ὁ
3126 4723 3300 4793 μέγας
3342 4721 3697 4793 ἀρχιερατεύ-

2126 4834 2225 4879 σας
2273 4816 2555 4885 Ἰγνάτιος,
2596 4814 2956 4885 ὀγδοηκοστὸν
2983 4813 3041 4867 δὲ
3073 4813 3177 4883 ἤδη
3205 4810 3451 4882 γεγονὼς
3476 4813 3615 4874 ἔτος,
3644 4812 3697 4863 έν
3736 4860 3747 4904 τ

2123 4908 2318 4982 εἰρήνῃ
2378 4908 2516 4979 πρὸς
2560 4907 2655 4961 τὸν
2688 4906 3001 4979 -Ἃρχιερέα
3054 4905 3147 4959 τὸν
3194 4904 3373 4976 μέγαν
3425 4903 3693 4975 ἀνελήφθη

2122 5003 2168 5056 Χ
2179 4988 2378 5071 ριστόν.

2195 5094 2385 5155 Ὄσοις
2427 5091 2528 5162 μὲν
2558 5090 2651 5145 οὖν
2683 5091 2780 5144 καὶ
2808 5089 3017 5160 ἡλίκοις
3052 5087 3217 5142 αὐτὸν
3249 5086 3558 5158 τεραστίοις
3586 5086 3613 5138 ὁ
3641 5085 3694 5138 ἐν

2122 5183 2272 5252 αὐτῷ
2301 5183 2658 5253 δοξαζόμενος
2698 5181 2918 5247 ὲδόξασε
2949 5179 3176 5250 Κύριος,
3219 5180 3313 5232 καὶ
3349 5178 3431 5231 ἑτι
3461 5178 3519 5232 δὲ
3544 5176 3690 5242 δοξά-

2123 5271 2231 5337 ζων
2283 5272 2343 5324 οὐ
2398 5270 2778 5342 διαλιμπὰνει,
2837 5268 3078 5340 ἱστορίας
3120 5267 3303 5337 ἔργον,
3366 5267 3462 5319 καὶ
3497 5267 3558 5318 οὐ
3603 5263 3689 5318 τοῦ

2123 5362 2389 5431 παρόντος
2428 5360 2495 5416 ἂν
2535 5361 2621 5432 εἴη
2670 5358 2977 5432 διηγεῖσθαι
3025 5356 3242 5428 καιροῦ.
3311 5356 3501 5425 Ὀλίγα
3536 5354 3594 5407 δὲ
3628 5355 3687 5405 ἐκ

2122 5453 2354 5519 πολλῶν,
2386 5454 2483 5507 καὶ
2511 5455 2612 5508 ὅσα
2631 5451 2730 5523 τὴν
2753 5449 2921 5505 αὑτοῦ
2954 5450 3059 5520 μὲν
3089 5449 3293 5512 πίστιν,
3323 5447 3424 5518 τὴν
3446 5445 3541 5500 τοῦ
3563 5439 3686 5498 Θεοῦ

2121 5547 2176 5600 δὲ
2213 5549 2270 5601 ἐν
2306 5544 2457 5617 αὐτῷ
2500 5545 2660 5617 χὰριν
2704 5543 2944 5614 μετρίως
2986 5540 3388 5601 ὑποδείκνυσιν,
3424 5537 3687 5606 ὲπιτόμως

2122 5638 2559 5709 ὑπομνήσαντες,
2590 5635 2660 5688 τὰ
2696 5634 2839 5689 κατὰ
2870 5633 3039 5705 μέρος
3062 5632 3138 5695 ὡς
3165 5630 3401 5702 ἀριθμὸν
3430 5626 3681 5701 ὑπερϐαί-

2121 5743 2282 5781 νοντα
2309 5726 2658 5798 παρήσομεν.

2193 5817 2328 5879 Παῖς
2359 5816 2470 5885 γὰρ
2493 5816 2570 5879 ὡς
2598 5814 2745 5870 ὀκτὼ
2779 5814 2814 5884 ἢ
2848 5814 2943 5869 καὶ
2969 5812 3129 5868 ἐννέα
3155 5808 3439 5874 καθεστὼς
3465 5806 3673 5879 χρόνων,
