4064 6398
438 356 542 420 551

1504 365 1677 424 VITA
1707 366 1770 427 S.
1827 368 2125 428 IGNATII
2161 372 2270 434 (ΖΡ.
2300 374 2653 436 ΑΒίέΗΙΕΡ.

3600 382 3708 447 562

438 471 714 541 πνεύματι
753 470 1041 534 ἀσθενείας
1095 470 1336 542 πληγεὶς,
1377 475 1470 525 καὶ
1503 473 1716 543 ἀθρόως
1757 475 2017 545 παρεθεὶς

2132 483 2332 547 eulsus,
2370 499 2434 538 ac
2466 494 2612 540 tutus
2642 500 2863 557 repente
2911 488 3134 555 fractus,
3171 509 3276 547 non
3306 494 3482 547 solum
3542 513 3702 553 usum

433 563 582 626 ὅλος.
608 563 670 615 οὐ
719 562 881 631 μόνον
915 562 1143 626 ἄναυδος
1172 563 1347 633 πάντη
1384 564 1477 617 καὶ
1507 564 1757 634 ἀνήκοος,
1790 566 1926 620 ἀλλὰ
1953 566 2018 637 δὴ

432 655 535 709 καὶ
572 655 825 724 ἀκίνητος
857 654 1118 718 ὁλοτελῶς
1150 655 1412 723 γεγονὼς,
1463 656 1557 709 καὶ
1593 656 1697 709 ὑπὸ
1735 657 1843 710 τῶν
1873 658 2018 711 ἰδίων

433 745 602 801 αὑτοῦ
638 745 1066 815 βασταζόμενος,
1093 747 1173 816 τῷ
1202 748 1366 820 κοινῷ
1395 748 1502 801 τῶν
1530 749 1738 803 πιστῶν
1773 750 2015 819 ἰατρείῳ,

430 837 518 909 τῷ
548 837 684 910 ίερῷ
721 836 815 891 τοῦ
850 838 1113 909 θεοφόρου
1147 840 1356 911 Πατρὸς
1404 841 1800 912 προσρίπτεται
1839 842 2015 912 τάφῳ.

430 930 515 983 Δι’
547 931 769 1001 ἡμερῶν
798 930 856 985 δὲ
899 932 1185 1003 τεσσάρων
1209 932 1311 1002 τῆς
1335 931 1432 986 τοῦ
1467 932 1623 1001 ἁγίου
1657 932 2020 998 καταξιωθεὶς

430 1026 799 1095 ἐπισκέψεως,
847 1026 1109 1096 ἐξαπίνης
1157 1027 1306 1091 ἰδίοις
1337 1024 1600 1098 ἐξανέστη
1633 1030 1785 1091 ποσὶ,
1814 1028 1912 1081 καὶ
1951 1029 2019 1082 δι’

431 1117 634 1172 ἑαυτοῦ
666 1118 767 1188 τὴν
796 1118 888 1171 τοῦ
916 1118 1046 1171 ναοῦ
1079 1116 1257 1189 πύλην
1287 1118 1528 1186 ἀνοίξας,
1592 1120 1688 1173 καὶ
1716 1119 1877 1190 ὑγιὴς
1899 1119 2021 1184 ὅλος

430 1203 670 1268 ἐξελθὼν
702 1202 827 1268 ἐξέυ,
866 1204 1046 1258 ἐλάλει
1078 1208 1191 1268 τοῖς
1220 1206 1455 1276 παροῦσι
1485 1208 1580 1261 καί¹
1609 1208 1829 1278 ἤκουεν,
1862 1209 2017 1262 εὑλο-

429 1295 548 1362 ¹γῶν
587 1296 680 1348 τὸν
728 1297 884 1360 Θεὸν,
932 1297 1029 1351 καὶ
1079 1297 1148 1352 τά
1191 1297 1473 1368 θαυμάσια
1523 1300 1878 1369 ἀναγγέλλων
1922 1300 2019 1354 τοῦ

432 1390 619 1457 ἁγίου.

512 1483 737 1548 Ἀλλος,
790 1483 929 1554 πλὴν
955 1482 1014 1548 ἐξ
1047 1484 1334 1555 ἐπηρείας,
1370 1479 1544 1554 οἴμαι,
1588 1488 1685 1541 καὶ
1731 1487 1891 1541 τοῦτο
1924 1487 2018 1540 τοῦ

430 1574 698 1646 πονηροῦ.
749 1575 1043 1645 ἐπιληψίας
1078 1575 1336 1640 ἑαλωκὼς
1389 1577 1586 1641 πάθει,
1637 1580 1826 1643 δεινῶς
1866 1582 2022 1645 ἐξαν-

433 1666 714 1737 έστραπτο
755 1667 855 1737 μὲν
885 1669 946 1720 τὸ
981 1667 1186 1736 στόμα,
1232 1668 1522 1740 παρῄρητο
1549 1670 1606 1722 δὲ
1640 1671 1735 1723 καὶ
1761 1670 1855 1724 τοῦ
1878 1670 2023 1724 κατὰ

2123 573 2321 643 lingua:
2344 586 2399 628 et
2435 578 2653 631 aurium
2687 582 2966 646 amiserat,
3010 584 3105 637 sed
3142 586 3405 641 membris
3448 588 3706 645 omnibus

2122 676 2340 735 captus,
2365 683 2394 722 a
2431 669 2656 739 suisque
2684 682 2952 742 gestatus,
2982 674 3047 727 ad
3088 691 3432 733 communem
3476 683 3707 737 creden-

2128 760 2261 813 tium
2294 800 2308 825 ,
2363 777 2688 832 sacramque
2725 767 3070 819 curationum
3106 767 3400 838 olllcinam,
3429 773 3495 826 ad
3529 773 3704 829 sancti

2123 853 2423 926 (inquam)
2477 856 2652 912 Patris
2701 859 2967 913 tumulum
3030 862 3347 932 projicitur:
3404 877 3710 937 quartoqne

2124 947 2213 1001 die
2238 948 2406 1002 sancti
2432 950 2634 1005 auxilio
2658 951 2937 1022 dignatus,
2965 953 3255 1011 confestim
3286 957 3403 1011 suis
3456 959 3710 1014 insistens

2127 1042 2369 1113 vestigiis
2413 1045 2761 1099 consurrexit
2800 1056 3111 1117 ;portaque
3144 1064 3242 1103 sua
3298 1065 3463 1105 manu
3498 1063 3708 1125 aperta,

2126 1148 2296 1187 sanus
2324 1134 2642 1205 iutcgerque
2670 1151 2946 1205 egressus,
2975 1138 3154 1194 obviis
3185 1140 3492 1211 quibusque
3517 1142 3713 1212 loque-

2124 1226 2301 1290 batur,
2336 1235 2389 1281 et
2412 1227 2687 1293 audiebat,
2725 1229 3024 1285 immensas
3053 1230 3162 1285 Deo
3197 1232 3404 1303 gratias
3428 1248 3593 1305 agens
3614 1276 3629 1302 ,
3657 1240 3713 1288 et

2122 1319 2300 1373 sancti
2328 1334 2595 1375 enarrans
2631 1321 2920 1375 miracula.

2193 1501 2349 1556 Alius
2384 1501 2610 1566 invidia,
2646 1518 2790 1567 reor,
2814 1505 3215 1562 cacodmmouis
3241 1506 3503 1577 epilepsia
3549 1508 3714 1561 velte-

2123 1605 2335 1650 ntcnter
2367 1609 2672 1665 correptus,
2712 1612 2774 1649 os
2806 1598 2951 1651 Dede
2987 1598 3334 1659 distorserat.
3382 1609 3436 1652 et
3470 1599 3711 1653 naturali

2125 1689 2274 1743 vocis
2330 1690 2511 1742 sonitu
2565 1688 2791 1745 orbatus
2854 1698 2991 1755 erat,
3024 1698 3084 1744 ut
3129 1689 3441 1744 miserabile
3466 1690 3620 1758 juxta
3649 1705 3716 1744 ac

430 1759 602 1827 φύσιν
643 1758 959 1829 φθέγματος
1005 1759 1105 1831 τὴν
1138 1761 1346 1831 φωνὴν,
1386 1762 1465 1825 ὡς
1494 1762 1730 1816 ἐλεεινόν
1773 1779 1833 1815 τε
1860 1763 2023 1817 αὑτὸν

2132 1780 2283 1836 triste
2313 1782 2685 1849 spectaculum
2716 1782 2890 1836 oculis
2915 1793 3334 1851 proponeretur.
3366 1781 3463 1836 llic
3508 1781 3716 1835 ﬁrmis-

430 1852 534 1904 καὶ
583 1850 973 1906 δυσέντευκτον
1038 1852 1221 1923 θέαμα
1272 1854 1619 1924 προκεῖσθαι.
1675 1850 1844 1918 Οὗτος
1900 1857 2022 1908 ἐπεὶ

2132 1828 2282 1836 -.-ην
2313 1828 2685 1849 ,Ἴννα-ψη---
2720 1828 2889 1836 ηπ---
2915 1828 3334 1851 r-.-r---.------.-
3367 1828 3463 1836 --.ν

2132 1876 2262 1927 siina
2312 1872 2437 1934 lide.
2466 1887 2569 1941 ope
2612 1872 2788 1926 sancti
2857 1872 3171 1939 implorata,
3230 1886 3324 1940 per
3386 1883 3714 1924 nocturnam
3756 1904 3759 1907 -

428 1945 747 2015 ἀδιστάκτῳ
790 1946 972 2000 πίστει
1025 1947 1347 2000 ἐπεκαλεῖτο
1411 1948 1503 2000 τὸν
1546 1947 1721 2014 ἅγιον,
1781 1949 1885 2019 ὁρᾷ
1923 1948 2022 2018 μὲν

428 2039 601 2091 αὑτὸν
636 2039 771 2110 ὄναρ
809 2038 1000 2110 ὥσπερ
1039 2040 1139 2112 τὴν
1181 2040 1367 2093 κλεῖδα
1399 2041 1702 2111 κατέχοντα
1738 2043 1805 2113 τῇ
1841 2042 2018 2111 χειρὶ,

428 2132 534 2184 καὶ
560 2130 764 2204 ταύτην
792 2131 870 2202 τῷ
922 2133 1152 2204 στόματι
1186 2132 1351 2185 αὑτοῦ
1390 2132 1796 2202 ἐπεμϐαλόντα,
1827 2133 1919 2186 καὶ
1947 2133 2024 2196 ὠς

426 2220 600 2293 δῆθεν
629 2223 800 2294 θύραν
833 2225 1148 2293 ἀνοίγοντα,
1179 2225 1499 2296 συστρέψαι,
1551 2225 1644 2277 καὶ
1691 2225 1827 2294 πρὸς
1856 2224 2022 2279 αὑτὸν

429 2316 651 2368 είπεῖν·
687 2317 747 2368 ΕΞ
775 2311 945 2379 οἶδας,
985 2316 1067 2380 τίς
1107 2317 1223 2386 εἰμι
1265 2317 1413 2385 ἐγώ)
1459 2317 1564 2368 Τὸν
1607 2316 1665 2369 δέ
1701 2316 1776 2386 μὴ
1824 2316 2023 2369 εἰδέναι

430 2408 704 2476 φάμενον,
750 2407 984 2461 ἀκοῦσαι
1014 2408 1147 2479 πρὸς
1178 2408 1368 2473 αὑτοῦ,
1400 2408 1668 2473 ὼςάὒτδς
1713 2410 1797 2479 είη
1852 2408 2024 2476 Ἰγνά-

428 2517 553 2564 τιος
581 2502 926 2572 πατριάρχης
946 2518 960 2533 ο
990 2503 1101 2556 Καὶ
1131 2502 1263 2566 ἰδοὺ,
1283 2503 1469 2573 φησιν,
1505 2502 1615 2556 ἀπὸ
1643 2501 1738 2556 τοῦ
1768 2502 1864 2555 νῦν
1890 2498 2025 2555 καθ-

430 2597 680 2665 έστηκας
726 2595 917 2664 ὑγιής·
953 2595 1182 2662 ἔξυπνον
1211 2596 1268 2649 δὲ
1310 2594 1500 2648 τοῦτον
1535 2595 1849 2664 γενόμενον,
1895 2594 2024 2663 ὑγιῆ

430 2686 718 2750 παντελῶς
752 2687 944 2741 ἑαυτὸν
969 2687 1174 2758 εὑρεῖν,
1196 2687 1272 2751 ὡς
1300 2686 1571 2758 μηδέποτε
1603 2687 1750 2759 ἴχνος
1769 2685 2027 2757 τοιαύτης

431 2775 730 2847 ἑωρακότα
763 2774 1086 2839 κακώσεως.

517 2866 712 2931 Ἀλλος
745 2867 910 2920 πάλιν
935 2867 1078 2938 νόσῳ
1111 2867 1362 2939 κοιλιακῇ
1396 2864 1735 2936 περιπεσὼν,
1768 2867 1861 2920 καὶ
1891 2866 2029 2936 πρὸς

430 2961 565 3023 ταῖς
594 2960 852 3028 ἐσχάταις
873 2958 1122 3029 ήγγικὼς
1144 2958 1211 3012 δι’
1237 2960 1407 3030 αὑτὴν
1442 2958 1635 3028 ὥραις,
1660 2957 1760 3027 τῆς
1796 2957 1893 3027 μὲν
1919 2956 2029 3010 ἀπὸ

432 3050 552 3103 τῶν
598 3048 796 3120 ίατρῶν
862 3049 1116 3120 βοηθείας
1167 3049 1355 3103 λοιπὸν
1416 3049 1673 3117 ἀπέγνω,
1728 3048 1821 3100 τὸν
1872 3049 2028 3117 ἅγιον

434 3141 499 3194 δὲ
528 3139 813 3211 πόρρωθεν
851 3140 910 3206 ἐξ
951 3138 1248 3211 ὁλοκλήρου
1285 3140 1522 3203 πίστεως
1558 3138 2023 3209 ἀνακαλούμενος,

438 3233 545 3302 ὁρᾷ
583 3231 682 3301 μὲν
723 3230 912 3285 τοῦτον
950 3231 1085 3303 ὄναρ
1130 3230 1280 3301 αὑτῷ
1330 3230 1681 3301 παρεστῶτα,
1726 3230 1822 3283 καὶ
1863 3230 2028 3283 εὐθυ-
2054 3199 2100 3261 C

442 3322 569 3390 μεῖν
602 3308 1106 3390 ἐπαγγελλόμενον.
1135 3321 1344 3374 Αὐτίκα
1372 3320 1429 3374 δέ
1460 3323 1559 3390 τῆς
1594 3320 1803 3391 ῥύσεως
1830 3318 2030 3389 ἀναξη-

437 3410 735 3483 ρανθείσης
767 3411 866 3481 τῆς
899 3414 1158 3485 γαστρὸς,
1183 3415 1263 3477 είς
1291 3410 1501 3484 τροφῆς
1531 3412 1717 3481 ἔφεσιν
1742 3415 1771 3465 ὁ
1802 3412 2030 3482 κάμνων

432 3502 539 3556 καὶ
569 3503 785 3557 τελείαν
814 3504 1006 3572 ὑγείαν
1032 3503 1489 3558 ἀποκαθίσταται.

514 3595 685 3649 Πάλιν
734 3597 873 3666 γυνή
917 3612 1003 3659 τις
1037 3596 1193 3666 ἀνδρὶ
1227 3595 1476 3667 νομίμως
1531 3592 1888 3659 συνοικοῦσα,
1934 3596 2032 3648 καὶ

432 3686 648 3741 παίδων
706 3688 893 3758 μήτηρ
942 3687 1200 3755 γεγονυῖα
1250 3686 1439 3758 τριῶν,
1478 3685 1652 3757 ξηρὰν
1704 3685 1882 3756 πάντη
1934 3685 2032 3739 καὶ

434 3780 672 3850 ἀνικμον
711 3779 1016 3850 προέὄαλλε
1059 3780 1161 3850 τὴν
1198 3778 1386 3850 θηλὴν,
1429 3778 1570 3831 ὥστε
1602 3778 1671 3832 τὰ
1718 3778 1810 3831 ὑπ’
1855 3779 2029 3849 αὐτῆς

433 3874 739 3944 τικτόμενα
779 3872 954 3943 βρέφη
1003 3872 1260 3942 παραυτά
1298 3871 1479 3936 ξέναις
1516 3869 1820 3924 ἐκδίδοσθαι
1870 3869 2029 3938 τιθη⁴

434 3965 654 4018 νεῖσθαι
682 3966 927 4034 τροφοῖς,
958 3963 1064 4026 ἕως
1089 3962 1183 4016 ἐπὶ
1205 3962 1330 4017 νοῦν
1357 3959 1489 4035 ἦλθε
1525 3964 1639 4025 τοῖς
1666 3964 1889 4025 οἰκείοις
1927 3962 2029 4014 αὑ-

434 4059 542 4129 τῆς
573 4056 651 4127 τῷ
675 4057 819 4128 ἁγίῳ
851 4056 1243 4127 προσδραμεῖν.
1276 4056 1386 4109 Καὶ
1415 4055 1480 4125 δὴ
1517 4055 1630 4108 τῶν
1658 4054 1832 4124 ἁγίων
1861 4053 2030 4109 αὑτοῦ

436 4148 646 4222 τριχῶν
674 4148 1183 4220 ἀπομυρισθεισῶν,
1216 4150 1308 4201 καὶ
1337 4150 1401 4219 τῇ
1447 4150 1720 4219 ἀρτιτόκῳ
1754 4151 1900 4202 πιεῖν
1941 4148 2032 4202 δε-

434 4241 798 4312 δωρημένων,
825 4242 919 4294 ἐπὶ
947 4240 1202 4294 τοσοῦτον
1224 4240 1387 4302 εὐθὺς
1417 4240 1687 4309 γαλοῦχος
1713 4241 2029 4311 ἀπεφάνθη,

434 4336 518 4399 ὡς
552 4336 646 4388 καὶ
682 4336 819 4387 πολὺ
864 4333 1028 4388 πλέον
1055 4334 1158 4403 τῆς
1186 4324 1393 4403 χρείας
1422 4333 1483 4385 τὸ
1511 4332 1657 4401 γάλα
1690 4333 1804 4387 τῶν
1837 4335 2029 4405 μαζῶν

439 4430 768 4500 καταρρεῖν.
840 4428 948 4481 Καὶ
990 4425 1149 4480 τοῦτο
1212 4426 1314 4480 οὐκ
1367 4428 1451 4489 εἰς
1483 4426 1614 4495 μίαν
1675 4426 1848 4497 μόνην
1894 4426 2030 4494 φασί

440 4523 683 4591 γυναῖκα
723 4518 1043 4588 γεγονέναι,
1078 4517 1220 4572 ἀλλά
1266 4519 1361 4571 καὶ
1395 4517 1476 4581 είς
1521 4518 1579 4569 ἐτ

436 4613 593 4683 αὑτῷ
618 4612 937 4682 κάμνουσαν
962 4611 1363 4683 ἀρρωστήματι
1391 4612 1493 4680 τῆς
1525 4609 1771 4680 φύσεως,
1807 4611 1897 4666 διὰ
1921 4611 2026 4682 τῆς

430 4704 633 4776 ὁμοίας
665 4705 776 4758 τῶν
807 4703 980 4771 ἁγίων
1012 4703 1218 4776 τριχῶν
1251 4703 1650 4774 ἀπομυρίσεως
1681 4704 1782 4775 τῆς
1828 4704 2027 4775 ὁμοίας

436 4798 641 4860 ίάσεως
669 4797 881 4867 τυχεῖν.

513 4890 686 4960 Ἀλλη
718 4890 778 4942 δὲ
806 4889 970 4944 πάλιν
997 4886 1135 4959 γυνὴ
1158 4887 1268 4942 τῶν
1292 4887 1532 4956 εὐγενῶν
1561 4889 1658 4942 καὶ⁸
1684 4888 2027 4960 περιφανῶν,

414 4983 539 5036 ,καὶ
572 4980 712 5051 αὑτὴ
758 4980 1008 5051 νομίμως
1053 4979 1212 5051 ἀνδρὶ
1270 4978 1506 5051 ἐπιδόξῳ
1561 4979 1911 5046 συνοικοῦσα,
1972 4983 2031 5037 ἐν

435 5076 589 5127 ἔτεσι
625 5074 836 5128 πλείοσι
871 5076 1060 5144 στεῖρα
1090 5074 1186 5127 καὶ
1214 5073 1383 5137 ἄπαις
1414 5073 1762 5145 ὲγνωρίξετο.
1795 5074 1902 5128 Τοῦ
1931 5076 2029 5129 ἀν-

436 5166 569 5237 δρὸς
592 5166 649 5219 δέ
676 5165 856 5218 πίστει
887 5164 964 5236 τῷ
987 5165 1147 5236 τάφῳ
1173 5166 1673 5235 προσπεπτωκότος
1698 5164 1793 5219 τοῦ
1828 5166 1987 5232 ἀγίου
2009 5206 2025 5231 ,

439 5256 544 5308 καὶ
590 5254 767 5307 ἔλαιον
809 5254 966 5323 ἅγιον
991 5254 1200 5307 ἐκεῖθεν
1231 5254 1517 5324 εἰληφότος
1544 5256 1612 5326 τῇ
1644 5258 1890 5323 γυναικὶ,
1922 5257 2025 5310 κάε-

437 5346 631 5418 κείνης
659 5348 726 5401 ἐκ
749 5348 987 5410 πίστεως
1010 5346 1405 5418 ἀλειψαμένης,
1429 5348 1522 5400 mi.
1546 5349 1643 5417 τὴν
1668 5348 1762 5401 τοῦ
1788 5348 2029 5418 μεγάλου

437 5440 749 5511 ἀρχιερέως
789 5439 956 5511 εὐχὴν
998 5439 1478 5511 ἐπικαλεσαμένης
1502 5481 1517 5505 ,
1569 5441 1885 5509 παραυτίκα
1920 5441 2031 5496 τῶν

438 5532 545 5601 τῆς
567 5530 907 5602 στειρώσεως
928 5532 1176 5603 ἀπελύθη
1205 5532 1438 5602 δεσμῶν,
1483 5532 1576 5586 καὶ
1600 5531 1788 5586 λοιπὸν
1816 5533 2029 5588 τέκνων

438 5622 710 5677 πλειόνων
737 5623 1118 5678 ἀναδείκνυται
1145 5625 1350 5696 μήτηρ.

549 5712 671 5764 AD.’
698 5712 760 5766 οὑ
804 5713 967 5782 μόνον
995 5716 1108 5776 τοῖς
1151 5713 1232 5784 τῷ
1267 5712 1398 5785 ἱερῷ
1424 5714 1583 5787 τάφῳ
1613 5714 1941 5782 πελάζουσιν
1969 5714 2028 5769 αί

445 5804 888 5876 θαυματουργίαι
925 5805 1020 5860 τοῦ
1046 5805 1311 5878 ίεράρχου
1353 5808 1697 5878 πηγάζουσιν
1718 5825 1739 5876 °_
1774 5806 1893 5864 ἀλλ’
1926 5807 2028 5881 ἤδη

2124 1966 2360 2035 speciem
2389 1966 2538 2019 videt
2576 1964 2843 2035 lgnatium
2897 1979 3062 2018 manu
3115 1964 3323 2019 clavem
3383 1972 3714 2032 gestantem,

2122 2060 2177 2106 et
2229 2052 2311 2106 ori
2343 2067 2446 2107 suo
2494 2053 2900 2114 admoventem,
2949 2068 3015 2107 ac
3037 2062 3336 2107 vertentem
3363 2093 3377 2117 ,
3404 2052 3561 2122 quasi
3595 2052 3722 2107 inde

2119 2146 2344 2216 januam
2368 2147 2624 2215 aperiret,
2651 2146 2718 2200 ad
2736 2162 2795 2201 se
2821 2147 3037 2200 dicere:
3067 2144 3272 2201 Nostin’
3298 2146 3389 2214 qui
3422 2145 3568 2201 sim?
3620 2160 3719 2199 ne-

2126 2247 2367 2306 gantem,
2428 2247 2617 2307 postea
2659 2236 2936 2292 audivisse
2985 2240 3053 2291 ab
3103 2238 3217 2300 illo,
3276 2236 3547 2308 lgnatium
3597 2250 3721 2290 esse

2125 2329 2512 2399 patriarcham.
2550 2328 2613 2384 Et
2642 2345 2769 2386 ecce
2796 2331 2908 2400 jam
2944 2347 3112 2390 nunc,
3144 2330 3343 2399 inquit,
3375 2344 3433 2384 es
3469 2337 3714 2384 Corallis.

2127 2421 2323 2475 Postea
2363 2432 2766 2490 experrectum,
2813 2424 2950 2478 adeo
3003 2423 3213 2477 salvum
3254 2431 3309 2478 et
3384 2421 3718 2475 incolumem

2127 2522 2426 2581 repertum,
2482 2516 2558 2567 uti
2610 2529 2680 2569 ne
2735 2514 3022 2585 vestigium
3068 2513 3289 2584 quidem
3340 2513 3392 2567 in
3435 2527 3494 2568 se
3536 2508 3718 2566 morbi

2129 2604 2593 2674 deprehenderet.

2201 2876 2355 2931 Alius
2397 2877 2522 2931 item
2554 2875 2895 2948 dyssenteria
2921 2874 3176 2929 laborans
3201 2875 3313 2944 jam
3346 2873 3399 2927 in
3455 2872 3721 2926 extremis

2131 2983 2268 3036 erat,
2306 2979 2359 3024 ct
2408 2984 2438 3020 a
2501 2970 2729 3025 medicis
2790 2970 3212 3024 conclamatus:
3247 2967 3340 3036 qui
3402 2975 3607 3028 tamen,
3659 2973 3718 3019 ut

2132 3063 2306 3120 sancti
2375 3078 2531 3132 opem
2569 3077 2600 3116 e
2650 3061 2948 3132 longinquo
3000 3061 3157 3130 plena
3206 3059 3311 3113 [ille
3368 3056 3714 3127 implorabat,

2134 3165 2348 3227 spectat
2407 3158 2553 3210 hunc
2593 3170 2688 3225 per
2749 3168 3002 3209 somnum
3044 3152 3149 3208 sibi
3201 3153 3575 3212 assistentem,
3612 3149 3715 3204 bo-

2137 3266 2375 3319 numque
2421 3249 2663 3303 animum
2718 3247 2920 3302 habere
2975 3246 3281 3317 iubentem,
3319 3252 3374 3299 et
3423 3245 3570 3298 illico
3609 3242 3718 3298 sie-

2133 3352 2251 3399 eata
2287 3343 2444 3396 alvus
2484 3340 2750 3403 constitit,
2784 3339 3003 3409 cibique
3035 3338 3221 3393 orexis
3253 3352 3492 3403 reversa,
3536 3335 3721 3389 homi-

2134 3453 2255 3493 nem
2295 3436 2548 3507 perfectae
2568 3435 2806 3490 restituit
2833 3432 3213 3488 incolumitati.

2206 3620 2429 3675 Femina
2462 3633 2685 3689 quoque
2717 3626 2886 3687 nupta
2921 3617 3064 3678 viro,
3104 3615 3382 3683 triumque
3411 3612 3715 3668 liberorum

2134 3728 2356 3783 parens,
2387 3712 2559 3767 aridis
2592 3726 2811 3782 semper
2832 3718 2888 3764 ct
2930 3709 3094 3764 siccis
3132 3717 3245 3762 erat
3292 3705 3529 3776 papillis,
3562 3705 3635 3760 ita
3658 3712 3720 3757 ut

2135 3806 2321 3861 statim
2369 3814 2560 3875 partus
2614 3820 2748 3859 suos
2813 3812 3101 3874 cogeretur
3160 3800 3356 3856 alienis
3402 3798 3717 3855 nutricibus

2136 3898 2364 3953 alendos
2414 3896 2760 3952 committere
2813 3914 2827 3963 ;
2875 3895 3052 3950 donec
3101 3892 3429 3964 propinquis
3472 3891 3624 3946 venit
3659 3891 3717 3945 in

2136 4000 2396 4057 mentem,
2431 4000 2491 4046 ut
2519 3990 2586 4046 ad
2608 3999 2858 4045 sanctum
2895 3995 3292 4060 properarent:
3330 3987 3419 4041 ubi
3467 3986 3719 4041 absterso

2136 4101 2166 4141 e
2194 4083 2367 4140 sancti
2400 4084 2497 4138 viri
2529 4098 2685 4139 coma
2709 4083 2941 4152 liquore,
2977 4090 3031 4135 et
3056 4095 3249 4135 recens
3281 4079 3459 4134 enixae
3479 4078 3547 4133 ad
3598 4093 3719 4133 sor-

2138 4177 2376 4233 bendum
2407 4176 2713 4246 propitiato,
2745 4174 2930 4230 subito
2961 4181 3111 4228 tanta
3134 4171 3291 4228 lactis
3326 4172 3484 4240 cepia
3514 4174 3719 4227 redun-

2136 4270 2269 4326 dare
2310 4269 2428 4324 visa
2455 4278 2560 4330 est,
2592 4279 2650 4323 ut
2674 4268 2800 4339 plus
2847 4283 3012 4337 quam
3041 4265 3203 4321 luerit
3232 4280 3478 4331 necesse,
3507 4265 3722 4335 papilla:

2137 4362 2296 4417 lactis
2327 4361 2755 4439 suppeditarunt.
2787 4359 2966 4428 Atque
2995 4359 3046 4413 id
3076 4373 3185 4413 non
3215 4357 3265 4412 ei
3312 4358 3438 4422 soli,
3490 4357 3585 4412 sed
3641 4357 3723 4412 al-

2140 4453 2240 4509 teri
2271 4468 2489 4524 quoque
2519 4453 2709 4508 eodem
2744 4461 2956 4508 naturae
2984 4452 3252 4507 laboranti
3295 4452 3488 4507 morbo
3529 4465 3724 4506 narra-

1585 4517 1714 4588 ἐραν
1742 4519 1908 4572 πάλιν
1947 4518 2026 4590 τῷ

2138 4558 2225 4602 tur
2268 4547 2553 4610 accidisse,
2589 4561 2710 4616 quae
2759 4546 2962 4615 pariter
2999 4561 3066 4600 ex
3117 4544 3310 4600 eodem
3353 4542 3722 4615 capillamenti

2137 4638 2286 4713 illius
2311 4638 2600 4709 desumpto
2639 4637 2851 4708 liquore
2880 4637 3174 4694 sanitatem
3214 4637 3575 4707 recuperarit.

2206 4902 2323 4957 Alia
2362 4902 2560 4958 nobilis
2582 4902 2709 4957 item
2738 4911 2794 4956 et
2820 4901 3046 4957 illustris
3093 4909 3364 4964 matrona,
3392 4915 3516 4970 quae
3546 4899 3719 4956 nobili

2134 4994 2333 5071 viro,in
2387 4994 2799 5049 matrimonium
2868 4993 3183 5059 collocata,
3241 4993 3494 5064 pluribus
3552 4994 3716 5048 annis

2134 5080 2429 5136 infecunda
2468 5081 2779 5149 sterilisque
2831 5089 2984 5146 erat,
3011 5082 3191 5136 mariti
3228 5081 3331 5136 (ide
3384 5082 3451 5135 ad
3498 5081 3717 5136 cineres

2134 5172 2234 5226 viri
2293 5171 2469 5225 sancti
2530 5171 2942 5241 procumbentis
2979 5212 2995 5238 ,
3045 5172 3276 5244 oleoque
3334 5181 3525 5228 sancto
3586 5173 3723 5228 inde

2134 5265 2291 5320 uxori
2321 5265 2506 5328 allato,
2540 5273 2704 5335 atque
2730 5281 2796 5318 ex
2822 5266 2924 5321 ﬁde
2954 5265 3128 5329 allito,
3181 5266 3273 5320 illa
3299 5281 3498 5335 magno
3528 5266 3725 5335 ponti‘

2135 5357 2237 5413 tice
2274 5357 2588 5426 suppliciter
2639 5358 2927 5425 invocato,
2972 5357 3205 5415 fecunda
3261 5358 3445 5415 subito
3475 5358 3715 5427 reddita,

2131 5448 2337 5519 prolem
2369 5450 2537 5505 edidit
2563 5464 2934 5505 numerosam.

2205 5711 2497 5770 Enimvero
2522 5727 2630 5767 non
2656 5712 2690 5766 ii
2719 5711 3010 5776 duntaxat,
3043 5710 3140 5781 qui
3179 5724 3394 5766 sacram
3440 5709 3730 5781 complexi-

2132 5805 2401 5873 tumbam,
2450 5803 2567 5861 haec
2617 5804 2881 5860 mirarula
2935 5813 3065 5861 sunt
3116 5805 3325 5877 expecti
3355 5803 3719 5876 :percy'inis
