4064 6394
400 355 506 421 563

1591 358 1887 421 NlCET/E
1926 359 2270 421 PAPHLAG
2280 358 2455 420 ONIS

3583 362 3687 429 ibi

398 466 587 529 etiam,
616 474 670 520 et
699 464 892 520 ultima
920 471 1189 521 terrarum
1221 464 1611 531 incolentibus,
1651 465 1763 521 Deo
1791 464 1967 535 plenus

2090 446 2184 518 ίαὶ
2213 467 2328 527 τοῖς
2356 465 2445 518 ἐπ’
2472 466 2782 539 ἀλλοδαπῆς
2826 468 2950 538 γῆς,
2986 470 3080 525 καὶ
3112 470 3179 525 τά
3207 471 3353 543 ἂκρα
3384 472 3485 542 τῆς
3507 474 3685 530 οἰκου-

395 557 564 633 Pater
585 557 741 614 adest
771 557 1114 628 imploratus.
1149 557 1318 628 Cujus
1339 559 1418 615 rei
1445 558 1820 628 amplissimus
1845 556 1967 613 testi

2105 557 2272 626 μίνης
2302 556 2564 621 οίκοῦσιν,
2602 560 3052 631 ἐπικαλουμένοις
3093 563 3125 616 ό
3158 563 3458 633 θεόληπτος
3498 565 3685 639 Πατήρ

390 657 593 718 praetor
616 657 699 703 est
749 648 970 715 Siciliae,
1000 647 1095 718 qui
1124 646 1179 702 id
1211 646 1560 703 sanctissime
1597 647 1815 715 juratus
1856 641 2001 698 afﬁr-

392 734 583 790 mavit.
619 734 677 789 In
705 735 988 803 Agareuos
1030 734 1051 804 (
1084 733 1327 789 Siciliam
1377 731 1729 802 invadentes)
1784 746 1986 803 pugna-

393 836 573 889 turus,
606 842 730 882 eum
763 826 967 897 ingenti
1009 842 1140 882 cura
1176 841 1485 897 pavoreque
1511 834 1820 896 augeretur,
1879 838 1996 879 ma-

392 932 561 986 guum
590 915 859 988 lguatium
896 917 949 972 in
973 918 1240 972 auxilium
1274 918 1598 974 ardentibus
1630 918 1771 973 v0tis
1820 919 1980 972 invo-

388 1018 478 1064 cat
506 1026 520 1065 :
552 1009 649 1079 qui
690 1008 903 1080 (inquit
940 1010 1175 1081 praetor)
1206 1007 1529 1064 manifestus
1564 1009 1616 1062 in
1653 1023 1780 1064 aere
1833 1007 1982 1067 velut

386 1096 512 1157 aibo
563 1102 811 1157 insidens
871 1115 1016 1169 equo
1066 1116 1153 1155 me
1213 1100 1462 1162 monuit.
1505 1110 1565 1154 ut
1599 1101 1650 1154 iu
1693 1100 1979 1156 dexteram

388 1203 596 1265 partem
625 1192 896 1249 flecterem
926 1207 1145 1263 agmen,
1172 1191 1429 1262 illicoque
1478 1191 1706 1263 gloriam
1749 1190 1843 1248 Dei
1892 1207 1982 1249 me

386 1286 658 1341 visurum.
714 1283 870 1352 Quod
939 1300 1063 1340 eum
1120 1282 1414 1356 praefectus
1449 1283 1729 1342 Musilices
1760 1285 1986 1342 nomine

385 1379 630 1445 fecisset,
669 1379 872 1449 ingenti
918 1377 1107 1448 praelia
1140 1377 1388 1433 devictos
1417 1377 1606 1433 hostes
1635 1378 1803 1447 cepit.

2099 649 2469 716 ἐπιφαίνεται.
2498 650 2610 705 Καὶ
2636 652 2829 706 τούτου
2860 654 3073 724 μάρτυς
3111 656 3245 727 ἡμῖν
3270 656 3510 727 ἀψευδὴς
3532 659 3564 712 ό
3586 662 3684 730 τῆς

2097 741 2346 806 Σικελίας
2377 745 2718 815 ξστρατηγδς,
2768 750 3017 816 φρικτοῖς
3064 749 3251 819 ὅρκοις
3296 751 3682 822 πληροφορῶν,

2094 833 2169 896 ὡς
2206 834 2416 904 μέλλων
2456 837 2538 900 είς
2584 837 2824 907 πόλεμον
2873 840 3176 911 συμϐαλεῖν
3226 843 3285 895 ἐν
3322 843 3545 914 Σικελίᾳ
3573 848 3685 909 τοῖς

2105 928 2161 980 Ἀ
2174 930 2455 998 γαρηνοῖς,
2488 934 2582 982 καὶ
2622 931 2794 997 ἀγῶνι
2822 930 3004 1001 πολλῷ
3045 933 3427 1004 συνεχόμενος,
3461 935 3553 988 καὶ
3587 938 3683 989 τὸν

2092 1015 2267 1086 μέγαν
2321 1019 2588 1086 Ἱγνέιτιον
2631 1024 2711 1082 είς
2752 1023 3074 1092 συμμαχίαν
3122 1023 3341 1096 θερμῶς
3388 1026 3682 1081 ἐπικαλού-

2091 1124 2286 1177 μενος,
2323 1107 2503 1176 Εἷδον,
2551 1112 2739 1184 φησιν,
2784 1115 2950 1170 αὐτὸν
2984 1115 3424 1188 όφθαλμοφανῶς
3467 1119 3561 1174 ἐπὶ
3588 1120 3681 1176 τοῦ

2089 1200 2253 1271 ἀέρος
2277 1200 2469 1275 ῶσπερ
2492 1204 2577 1272 ἐφ’
2604 1206 2772 1260 ἵππου
2795 1206 2994 1262 λευκοῦ
3020 1208 3335 1280 καθήμενον
3353 1210 3449 1265 καὶ
3475 1228 3686 1282 παρεγ-

2091 1289 2401 1363 γυώμενον,
2449 1296 2588 1366 πρὸς
2644 1299 2758 1361 τοῖς
2796 1299 2992 1364 δεξιοῖς
3037 1299 3265 1372 μέρεσιν
3324 1302 3544 1372 όδηγεῖν
3590 1302 3684 1355 τὸν

2091 1386 2346 1455 στρατὸν,
2375 1389 2469 1441 καὶ
2506 1389 2607 1459 τὴν
2627 1390 2786 1456 δόξαν
2825 1392 2989 1456 εὐθὺς
3022 1392 3265 1466 καθορᾷν
3294 1393 3389 1449 τοῦ
3422 1393 3585 1451 Θεοῦ.
3616 1394 3684 1449 Ὃ

382 1476 480 1529 καὶ
524 1472 867 1541 πεποιηκότα
903 1472 996 1526 τὸν
1046 1471 1533 1545 στρατοπεδάρχην
1574 1470 1951 1543 (Μουσιλίκης
1990 1472 2049 1527 δὲ
2087 1474 2262 1549 ὅνομα
2300 1480 2382 1553 τῷ
2427 1482 2627 1555 ἀνδρὶ),
2689 1484 3038 1557 κατακράτος
3114 1489 3244 1551 τοὺς
3311 1487 3669 1551 ὑπεναντίους

382 1565 544 1621 ἐλεῖν.

451 1656 574 1724 Quo
625 1661 788 1729 pacto
839 1672 973 1714 vero
1032 1658 1255 1715 feminae
1309 1657 1541 1714 alterius
1585 1655 1971 1712 admirandum

377 1764 568 1805 rasum
598 1789 615 1816 ,
670 1759 729 1805 et
772 1750 1108 1820 stupendum
1172 1750 1410 1821 amplius
1439 1749 1543 1804 viri
1573 1749 1750 1804 sancti
1786 1749 1841 1803 iu
1879 1747 1972 1803 illa

2148 1655 2277 1721 Πῶς
2308 1655 2367 1710 δέ
2394 1655 2457 1710 τὸ
2477 1658 2581 1727 τῆς
2608 1656 2871 1726 γυναικὸς
2899 1656 3118 1729 ἐκείνης
3156 1656 3461 1728 θαυμάσιον
3481 1657 3679 1723 πάθος,

2080 1748 2178 1803 καὶ
2208 1747 2309 1820 τὴν
2351 1748 2817 1820 θαυμασιωτέραν
2851 1750 2941 1804 ἐπ’
2973 1750 3112 1822 αὐτῇ
3142 1749 3239 1805 τοῦ
3287 1751 3447 1818 ἁγίου
3490 1768 3680 1823 παρα-

376 1839 644 1895 auxilium
701 1841 1121 1897 reticehimus?
1175 1839 1308 1908 Quae
1353 1856 1480 1896 cum
1536 1854 1741 1896 marem
1800 1837 1967 1895 ferret

2072 1839 2376 1905 δοξοποιίαν
2398 1840 2819 1912 σιωπήσαιμεν;
2867 1842 3030 1906 Ἤτις
3077 1834 3246 1915 ἄρρεν
3270 1841 3679 1911 ἐγκυμονοῦσα,

375 1941 557 1999 utero,
598 1932 786 2004 etiam
826 1932 1116 1989 doloribus
1133 1943 1323 2004 partus
1361 1933 1631 2005 proximis
1664 1941 1976 2005 urgeretur,

376 2033 519 2089 puer
548 2020 604 2075 in
658 2021 825 2087 pedes
867 2020 1069 2088 editus,
1101 2032 1156 2076 et
1195 2020 1410 2077 hazrcus
1432 2021 1689 2093 progredi
1731 2036 1839 2077 nou
1885 2036 1980 2091 po-

375 2119 486 2167 test
515 2111 787 2182 cmplius:
824 2113 1154 2183 parturienti
1185 2113 1406 2169 interim
1437 2113 1745 2175 acutissimi
1775 2114 1977 2170 intole-

376 2203 647 2273 randique
674 2204 958 2260 cruciatus
984 2214 1272 2274 augentur.
1291 2203 1540 2275 Cumque
1560 2206 1671 2272 jam
1704 2206 1759 2259 in
1786 2220 1851 2259 eo
1888 2220 1976 2261 res

374 2290 543 2358 essét,
568 2302 629 2349 ut
660 2294 861 2351 femina
911 2297 1229 2353 simul'cum
1257 2313 1424 2368 puero
1462 2297 1735 2361 interiret,
1773 2297 1972 2353 medici

375 2386 675 2441 vulnerarii
724 2387 960 2451 adsunt,
1012 2397 1073 2442 ut
1111 2386 1279 2442 fetum
1330 2388 1681 2443 membratim
1732 2388 1971 2444 divisum

375 2490 479 2546 per
517 2487 703 2547 partes
733 2478 1046 2534 extrahant.
1079 2477 1184 2534 Sed
1217 2480 1441 2535 uieliore
1490 2479 1835 2552 providentia
1868 2496 1975 2534 nu-

373 2569 563 2635 minis,
603 2585 860 2641 magnum
901 2581 1150 2627 nostrum
1193 2572 1587 2627 miraculorum
1636 2580 1970 2643 patratorem

374 2659 432 2714 in
482 2663 804 2716 memoriam
854 2674 1132 2721 revocant.
1169 2664 1232 2719 Et
1278 2663 1417 2719 forte
1449 2664 1673 2735 quidam
1709 2679 1774 2719 ex
1834 2679 1973 2735 pra:-

374 2752 628 2810 sentibus
686 2755 971 2810 minimam
1028 2773 1092 2811 ex
1147 2758 1397 2827 reliquiis
1437 2757 1539 2811 veli
1570 2757 1719 2811 illius
1757 2766 1967 2827 partem

375 2845 433 2900 in
473 2845 686 2903 funeris
745 2862 879 2903 cura
936 2858 1064 2905 ante
1122 2850 1336 2920 populis
1393 2850 1644 2906 fidelibus
1690 2849 1968 2906 distributi

373 2936 606 3006 profert,
660 2940 965 3011 lgnaliique
997 2957 1101 3012 ope
1171 2943 1482 3013 implorata,
1519 2943 1589 3000 ad
1629 2943 1720 2998 ilia
1776 2943 1969 2999 admo-

370 3040 480 3091 vet.
516 3031 829 3103 feminaque
878 3043 1019 3090 tacta
1044 3034 1249 3100 solum,
1287 3035 1473 3093 infans
1510 3045 1736 3107 repente
1793 3037 1847 3091 in
1876 3051 1968 3092 ca-

371 3131 471 3192 put
530 3139 741 3190 versus,
796 3125 1035 3196 indeque
1071 3128 1259 3184 salvus
1317 3138 1370 3183 et
1420 3127 1713 3184 incolumis
1762 3128 1964 3193 editus,

2080 1930 2179 1986 καὶ
2217 1930 2487 1987 ὠδίνουσα
2522 1932 2623 2003 ἤδη
2654 1932 2791 2005 πρὸς
2832 1931 2895 1986 τὸ
2924 1934 3127 1997 τεκεῖν,
3161 1932 3350 2002 ἐπειδὴ
3383 1933 3477 1986 ἐπὶ
3506 1933 3678 1998 πόδας

2077 2020 2139 2074 τὸ
2172 2020 2375 2092 βρέφος
2406 2020 2741 2093 κατηνέχθη,
2772 2020 2887 2076 οὔτ’
2916 2022 3051 2077 αὐτὸ
3085 2022 3370 2096 προελθεῖν
3399 2021 3482 2077 ἐτι
3514 2023 3682 2078 δυνα-

2075 2115 2168 2169 τὸν
2193 2108 2285 2185 ἦν,
2321 2116 2418 2169 καὶ
2461 2116 2528 2186 τῇ
2559 2114 2823 2187 τικτούσῃ
2858 2114 3127 2191 ὀξυτάτας
3172 2115 3267 2170 καὶ
3310 2114 3678 2181 ἀνυποίστους

2075 2208 2177 2273 τάς
2206 2206 2511 2279 ἀλγηδόνας
2557 2206 2883 2278 προσετίθη.
2913 2207 3027 2260 Καὶ
3068 2207 3194 2261 ἐπεὶ
3246 2208 3327 2270 είς
3358 2206 3679 2280 ἀμηχανίαν

2075 2298 2343 2368 περιέστη
2381 2301 2442 2352 τὸ
2482 2299 2738 2369 πρᾶγμα.
2803 2298 2892 2351 ῖνα
2926 2298 3002 2369 μὴ
3042 2299 3140 2352 καὶ
3182 2300 3227 2371 ,ἠ
3282 2298 3421 2369 γυνὴ
3466 2315 3681 2352 συναπ-

2073 2388 2283 2459 όληται,
2316 2388 2574 2458 παρῆσαν
2611 2388 2711 2457 μὲν
2739 2388 2915 2460 ἰατροὶ
2945 2404 3025 2460 χει
3034 2389 3289 2460 ρουργεῖν
3317 2387 3380 2441 τὸ
3401 2386 3674 2457 ἔμϐρυον,

2073 2482 2169 2536 καὶ
2190 2481 2434 2548 ἐξέλκειν
2454 2479 2788 2551 τεμνόμενον
2810 2479 3063 2551 μεληδόν.
3088 2479 3323 2551 Προνοίᾳ
3342 2479 3399 2533 δέ
3419 2479 3679 2552 θειοτέρα

2071 2571 2169 2627 τοῦ
2201 2570 2326 2625 καθ’
2368 2571 2518 2643 ἡμᾶς
2567 2569 3001 2642 ὐπεμνήσθησαν
3043 2570 3283 2640 μεγάλου
3319 2570 3677 2642 θαυματουρο

2077 2663 2199 2733 γοῦ.
2233 2662 2345 2716 Καί
2384 2679 2471 2728 τις
2516 2664 2585 2715 ἐκ
2624 2661 2735 2716 τῶν
2787 2662 3077 2736 παρόντων
3120 2660 3376 2733 λείψανον
3405 2660 3548 2732 ἔχων
3575 2659 3676 2716 τοῦ

2070 2756 2282 2810 πέπλου
2314 2754 2679 2828 βραχύτατον,
2703 2754 2797 2808 τοῦ
2830 2754 3101 2834 κατὰήτὴν
3122 2756 3341 2827 ἡμέραν
3364 2754 3462 2826 τῆς
3501 2752 3673 2808 αὐτοῦ

2070 2847 2297 2919 κηδείας
2343 2849 2410 2902 ἐκ
2456 2846 2696 2910 πίστεως
2737 2846 3295 2919 καταμεμερισμένου
3326 2847 3440 2910 τοῖς
3491 2845 3674 2913 λαοῖς,

2069 2936 2355 2993 καὶτοῦτο
2387 2934 2746 3009 προαγαγὼν,
2800 2936 2898 2990 καὶ
2936 2935 3028 2989 τὸν
3062 2933 3219 3003 ἅγιον
3257 2934 3671 3005 ἐπικαλεσάμεο

2068 3047 2180 3096 νος,
2215 3028 2408 3100 ἐπειδὴ
2440 3029 2602 3099 μόνον
2632 3031 2699 3099 τῇ
2750 3028 2917 3096 ὀσφύϊ
2958 3026 3199 3096 περιῆψε
3246 3027 3347 3096 τῆς
3383 3026 3668 3095 γυναικὸς,

2070 3124 2511 3194 περιέστραπται
2565 3118 2669 3188 μὲν
2699 3120 2760 3173 τὸ
2792 3118 2993 3192 βρέφος
3042 3117 3206 3181 εὐθὺς
3252 3118 3348 3172 ἐπὶ
3396 3118 3664 3190 κεφαλὴν,

370 3214 669 3283 lgnatiusa
694 3220 1041 3287 parentibus,
1068 3230 1127 3276 ut
1155 3221 1224 3276 ab
1250 3220 1369 3291 ipso
1419 3222 1644 3275 nomine
1685 3221 1791 3276 sibi
1853 3221 1960 3274 im-

2072 3213 2370 3277 ἀκινδύνως
2397 3215 2454 3269 δὲ
2504 3215 2693 3269 λοιπὸν
2742 3215 3027 3286 γεννηθὲν,
3072 3215 3338 3285 Ἰγνάτιος
3382 3212 3521 3283 πρὸς
3555 3210 3668 3265 τῶν

366 3310 552 3379 posito
579 3310 785 3366 rediret
821 3311 876 3366 in
925 3312 1253 3367 memoriam
1301 3311 1553 3367 miraculi
1585 3327 1615 3366 a
1648 3311 1961 3381 patriarcha

370 3401 696 3470 perpetrati,
756 3410 835 3457 est
892 3403 1221 3472 appellatus.
1256 3403 1319 3456 Et
1344 3403 1448 3456 hoc
1498 3418 1596 3456 cur
1644 3402 1963 3472 apostolicis

374 3492 486 3549 illis
507 3494 770 3564 prodigiis
799 3493 1033 3551 inferius
1064 3496 1337 3551 ducatur?
1363 3496 1501 3563 Quid
1530 3494 1675 3549 Petri
1709 3505 1764 3550 et
1810 3494 1961 3549 Pauli

369 3582 562 3638 virtuti
588 3582 781 3638 cedit?
814 3582 911 3640 Vis
936 3585 1080 3640 enim
1131 3584 1371 3657 Spiritus
1398 3587 1573 3642 sancti
1605 3586 1657 3640 iu
1691 3586 1801 3642 illis
1846 3584 1962 3640 elli-

367 3674 570 3741 eiehat,
624 3682 687 3730 ut
712 3675 935 3733 sudaria
986 3687 1044 3733 ct
1086 3678 1427 3734 semicinctia
1470 3678 1689 3733 illorum
1722 3677 1961 3748 ingentia

368 3767 526 3838 signa
570 3767 813 3826 ederent.
856 3766 985 3824 Haec
1033 3770 1223 3826 eadem
1261 3771 1425 3826 modo
1461 3788 1557 3843 per
1595 3771 1959 3842 apostolicum

369 3859 520 3915 hunc
568 3861 748 3918 virum
780 3903 798 3929 ,
833 3878 1038 3920 novum
1098 3878 1226 3923 vere
1295 3863 1565 3920 deiferum
1597 3905 1615 3931 ,
1656 3865 1861 3931 effecit,
1903 3874 1961 3920 ut

367 3953 675 4010 velamenta
713 3954 925 4022 feretri,
951 3971 1075 4029 qua:
1132 3972 1323 4014 sacras
1379 3960 1501 4016 illas
1540 3960 1801 4032 reliquias
1840 3970 1960 4016 tan-

370 4054 484 4099 tum
515 4046 886 4117 contigerant,
926 4048 1331 4121 compedesque
1375 4049 1588 4115 ferreae,
1617 4051 1821 4121 quibus
1856 4051 1961 4104 im-

366 4135 442 4206 pii
482 4135 737 4192 homines
797 4152 987 4196 saeros
1042 4139 1194 4196 illius
1232 4141 1399 4211 pedes
1456 4151 1814 4212 presserant,
1846 4157 1957 4196 non

366 4226 581 4282 minora
613 4227 683 4282 ad
710 4226 805 4283 Dei
833 4228 1049 4286 laudem
1107 4230 1463 4304 fideliumque
1490 4232 1723 4290 salutem
1761 4230 1960 4289 fecisse

366 4317 683 4375 credantur.

435 4601 594 4660 Mitto
649 4601 853 4664 dicere,
900 4608 1037 4672 quot
1097 4616 1293 4657 renum
1345 4600 1628 4658 doloribus
1674 4600 1957 4658 confectos

365 4703 484 4750 toto
516 4695 704 4749 animo
733 4705 958 4766 rogatus
986 4696 1189 4750 curarit
1220 4734 1236 4761 ,
1286 4705 1422 4766 quot
1449 4682 1956 4766 elaphautieos'seu

366 4786 620 4856 leprosos
646 4787 987 4853 absterserit,
1021 4787 1169 4858 quod
1203 4803 1379 4844 caecos
1417 4788 1726 4853 illustrarit,
1753 4786 1958 4843 fractos

364 4890 420 4935 et
446 4879 696 4950 iacentes
724 4880 985 4946 erexerit,
1020 4890 1075 4934 et
1107 4895 1216 4949 qua
1247 4880 1525 4944 manibus,
1563 4889 1618 4935 et
1643 4895 1750 4949 qua
1801 4878 1956 4950 pedi-

365 4972 471 5028 hus
498 4972 684 5029 aridos
715 4972 1038 5030 reSIituerit.
1089 4973 1365 5027 Praetereo
1418 4972 1739 5039 febrieutes,
1762 4981 1859 5028 aut
1887 4973 1957 5028 ab

366 5063 639 5134 improbis
699 5064 988 5133 spiritibus
1018 5072 1215 5127 tortos,
1253 5075 1390 5134 quot
1419 5064 1646 5130 sauarit,
1687 5065 1958 5133 hodieque

366 5164 545 5217 sanet,
587 5170 651 5209 ac
682 5171 777 5223 per
803 5155 1113 5210 veneranda
1145 5156 1358 5210 vincula
1390 5171 1584 5211 omnes
1614 5172 1780 5226 prope
1810 5171 1957 5211 mor-

364 5247 490 5308 bos.
524 5263 823 5318 omnesque
855 5237 1208 5320 aegritudines
1256 5250 1705 5319 pellateuretque
1761 5266 1955 5307 eorum

366 5341 635 5407 oiunium,
668 5344 761 5412 qui
792 5342 1003 5398 sincera
1037 5343 1141 5398 fide
1173 5342 1239 5397 ad
1273 5358 1492 5399 sacrum
1520 5344 1665 5402 illius
1683 5346 1954 5401 tumulum

367 5432 718 5503 confugiunt.
754 5434 942 5505 Neque
986 5450 1140 5501 sane,
1194 5436 1449 5506 quamvis
1492 5437 1705 5504 volens,
1745 5440 1953 5509 possim

368 5525 555 5579 omnia
591 5528 827 5583 dicendo
857 5543 1202 5599 percensere.
1236 5527 1419 5586 Unum
1458 5541 1643 5588 tamen
1687 5534 1818 5589 illud
1850 5536 1954 5590 mi-

368 5617 619 5673 raculum
658 5621 1037 5692 adjungeutes,
1104 5638 1278 5692 pauca
1309 5639 1376 5679 ex
1412 5625 1481 5682 iis
1511 5643 1638 5696 quae
1672 5636 1794 5697 post
1849 5629 1952 5684 viri

370 5710 551 5765 sancti
610 5721 846 5767 mortem
901 5715 1152 5771 evenisse
1189 5728 1506 5783 narrantur,
1537 5718 1781 5774 historia:
1812 5718 1955 5788 adji-

369 5803 600 5860 eiemus.
653 5803 864 5862 Etenim
905 5822 1015 5877 quo
1071 5816 1231 5877 pacto
1285 5805 1417 5879 Lydi
1469 5808 1617 5866 illius
1652 5809 1951 5869 (sacellarii

2070 3307 2413 3376 γεννητόρων
2442 3307 2890 3378 κατωνόμασται,
2926 3308 3008 3374 είς
3040 3307 3352 3378 ὑπόμνησιν
3391 3306 3548 3377 ἥκων
3575 3304 3670 3360 διὰ

2069 3399 2163 3454 τοῦ
2194 3399 2460 3469 ὀνόματος
2501 3400 2603 3467 τῆς
2633 3400 2721 3454 ἐπ’
2768 3399 2921 3471 αὐτῷ
2953 3400 3257 3471 γενομένης
3309 3397 3401 3452 διὰ
3430 3398 3525 3452 τοῦ
3560 3415 3667 3450 πα-

2068 3491 2332 3561 τριάρχου
2376 3490 2833 3561 θαυματοποιίας.
2855 3491 3028 3545 Τοῦτο
3049 3490 3104 3544 τί
3130 3490 3242 3545 τῶν
3288 3486 3667 3544 ἀποστολικῶν

2068 3583 2315 3654 τεράτων
2351 3584 2743 3651 ἀπολείπεται;
2785 3584 2958 3639 Τοῦτο
3004 3584 3059 3637 τί
3090 3584 3192 3655 τῆς
3241 3586 3300 3638 ἐν
3333 3583 3530 3655 Πέτρῳ
3565 3584 3665 3639 καὶ

2028 3661 2042 3679 ’
2070 3676 2272 3748 Παύλῳ
2319 3675 2606 3747 δυνάμεως
2655 3678 2827 3741 ἐνδεῖς
2873 3678 2937 3731 Ἦ
2985 3679 3096 3750 γὰρ
3129 3679 3188 3732 ἐν
3225 3676 3458 3741 ἐκείνοις
3502 3677 3665 3746 ἐνερ-

2068 3765 2241 3833 γοῦσα
2273 3765 2433 3837 χάρις
2462 3764 2557 3820 τοῦ
2591 3765 2931 3838 Πνεύματος,
2960 3769 3035 3834 ὡς
3072 3768 3169 3822 καὶ
3192 3766 3281 3820 διὰ
3314 3766 3426 3820 τῶν
3474 3766 3665 3819 σουδα-

2071 3857 2205 3927 ρίων
2250 3859 2348 3911 καὶ
2380 3858 2734 3928 σιμικινθίων
2766 3860 2997 3914 ἐκείνων
3043 3857 3476 3929 θαυμασιώτατα
3500 3856 3659 3929 δρᾷν,

2068 3947 2211 4018 αὕτη
2239 3949 2337 4003 καὶ
2381 3948 2479 4005 νῦν
2513 3949 2602 4003 διὰ
2654 3950 2750 4006 τοῦ
2783 3950 3149 4006 ἀποστολικοῦ
3198 3950 3390 4005 τούτου
3435 3949 3661 4019 ἀνδρὸς,

2068 4044 2192 4098 νέου
2250 4043 2329 4107 ὡς
2386 4041 2607 4114 ἀληθῶς
2664 4042 2959 4114 θεοφόρου,
2993 4045 3086 4098 καὶ
3133 4042 3225 4098 διὰ
3273 4041 3384 4096 τῶν
3432 4043 3528 4096 ἐπὶ
3568 4038 3659 4093 τοῦ

2070 4136 2374 4207 σκίμποδος
2424 4137 2659 4207 ἱματίων
2699 4137 2809 4191 τῶν
2862 4136 2941 4209 τῷ
2967 4136 3101 4209 ἱερῷ
3132 4136 3369 4206 λειψάνῳ
3404 4136 3659 4205 ἐγγισάν-

2065 4247 2195 4298 των,
2247 4232 2344 4286 καὶ
2382 4231 2475 4286 διὰ.
2501 4232 2610 4287 τῶν
2657 4232 2893 4303 σιδηρῶν
2922 4231 3140 4299 κλοιῶν,
3188 4226 3270 4296 οἷς
3316 4232 3444 4294 τοὺς
3479 4231 3657 4303 ίεροὺς

2066 4326 2236 4390 πόδας
2276 4326 2471 4398 ἄνδρες
2523 4326 2888 4382 κατέκλεισαν
2943 4326 3185 4392 ἁσεὸεῖς,
3244 4325 3314 4379 τὰ
3358 4325 3524 4395 ὅμοια
3571 4342 3658 4377 πιο

2068 4417 2317 4474 στεύεται
2348 4419 2483 4490 δρᾷν
2510 4421 2593 4482 είς
2612 4419 2713 4491 τὴν
2740 4418 2838 4473 τοῦ
2864 4416 3003 4472 Θεοῦ
3035 4418 3217 4486 δόξαν,
3250 4416 3346 4470 καὶ
3382 4415 3656 4487 σωτηρίαν

2068 4511 2178 4566 τῶν
2219 4510 2450 4565 πιστῶν.

2145 4604 2251 4659 Ἐῶ
2279 4605 2483 4673 λέγειν.
2504 4605 2667 4667 ὅσους
2695 4605 2997 4676 νεφριτικῷ
3026 4605 3477 4675 τετρυχωμένους
3497 4602 3653 4672 νοσή-

2066 4712 2199 4767 ματι
2221 4737 2237 4761 ,
2296 4696 2393 4749 καὶ
2422 4695 2658 4759 ἐκτενῶς
2685 4696 3195 4764 ἐπικαλεσαμένους
3244 4697 3613 4767 ἐθεράπευσεν
3634 4709 3649 4725 ⁸

2058 4789 2218 4852 ὅσους
2237 4788 2474 4858 λεπροὺς
2501 4790 2595 4842 καὶ
2616 4788 3047 4858 ἐλεφαντιῶντας
3081 4790 3402 4856 ἐκαθάρισε,
3434 4787 3532 4841 καὶ
3560 4803 3651 4840 τυ-

2059 4885 2229 4956 φλοὺς
2278 4883 2536 4953 ἐφώτισε,
2586 4885 2681 4940 καὶ
2734 4885 3103 4957 παρειμένους
3169 4883 3505 4955 ἀνώρθωσε,
3556 4882 3649 4936 καὶ

2061 4977 2234 5050 ξηρὰς
2266 4979 2457 5049 χεῖρας
2498 4977 2593 5031 καὶ
2643 4977 2809 5040 πόδας
2863 4977 3091 5049 ἔχοντας
3148 4977 3360 5032 ίάσατο.
3418 4975 3648 5044 Ἀφίττμι

2058 5072 2152 5125 καὶ
2212 5073 2373 5133 ὅσους
2417 5070 2523 5124 ὑπὸ
2574 5071 2817 5143 πυρετοῦ
2862 5071 2959 5125 καὶ
3010 5071 3202 5142 ῥίγους
3251 5068 3645 5139 τρυχομένους,

2058 5165 2154 5219 καὶ
2189 5165 2351 5227 ὅσους
2398 5165 2508 5218 ὑπὸ
2561 5164 2892 5235 πνευμάτων
2961 5162 3221 5233 πονηρῶν
3280 5162 3646 5232 ἐταζομένους

2058 5257 2188 5329 ἄχρι
2217 5258 2314 5313 καὶ
2337 5258 2577 5330 τήμερον
2609 5258 2778 5322 ἰᾶται,
2807 5257 2903 5311 καὶ
2928 5256 3018 5310 διὰ
3052 5256 3154 5326 τῆς
3182 5254 3374 5325 τιμίας
3403 5253 3646 5313 ἁλύσεως

2058 5353 2262 5414 πᾶσαν,
2301 5351 2377 5414 ὡς
2410 5352 2611 5417 εἰπεῖν,
2640 5350 2801 5404 νόσον
2833 5350 2932 5403 καὶ
2969 5350 3153 5403 πᾶσαν
3187 5346 3464 5418 μαλακίαν
3509 5346 3644 5399 ἀπο-

2057 5442 2341 5513 καθαίρων
2370 5442 2479 5495 τῶν
2509 5443 2569 5493 ἐν
2598 5440 2834 5512 ἀληθείᾳ
2860 5441 2955 5494 καὶ
2986 5440 3169 5493 πίστει
3189 5436 3644 5511 προσφευγόντων

2055 5538 2123 5605 τῇ
2156 5534 2290 5605 ἁγίᾳ
2312 5533 2612 5604 θεραπεύει
2648 5532 2816 5604 σορῷ.
2842 5531 2980 5587 Οὐδὲ
3004 5532 3112 5604 γὰρ
3146 5531 3195 5584 εί
3219 5527 3641 5601 βουληθείημεν,

2055 5627 2228 5683 ταῦτα
2255 5626 2334 5697 τῷ
2366 5626 2511 5696 λόγῳ
2552 5625 2779 5679 δυνατὸν
2811 5623 3255 5696 ἐξαριθμεῖσθαι.
3301 5620 3450 5684 Ένὸς
3480 5619 3539 5675 δέ
3564 5617 3644 5671 ἔτι

2060 5719 2538 5791 μνημονεύσαντες
2585 5718 2696 5772 τῶν
2737 5716 3087 5789 θαυμασίων,
3139 5715 3300 5784 όλίγα
3342 5712 3455 5768 τῶν
3507 5708 3642 5782 μετὰ

2054 5809 2154 5883 τὴν
2178 5810 2274 5865 τοῦ
2323 5809 2481 5880 ἁγίου
2528 5809 2784 5883 κοίμησιν
2833 5807 3237 5883 ίστορουμένων
3269 5807 3351 5862 ἔτι
3392 5802 3639 5877 τῷλόγῳ

3398 6003 3429 6018 δ
