4064 6400
324 423 426 486 565

1382 409 1556 471 νιΤΑ
1598 409 1658 466 S.
1697 401 1993 465 lGNATII
2027 402 2133 463 (ΣΡ.
2181 398 2532 458 ARCIIIEP.

3465 389 3570 452 566

320 531 644 599 συνάψομεν.
681 524 798 588 Πῶς
825 524 932 595 γάρ
962 522 1054 574 τοῦ
1083 519 1256 574 Λυδυῦ
1295 517 1656 587 σακελλαρίου
1705 515 1886 583 σιωπῇ

2012 511 2207 565 ’aeinns
2269 506 2488 562 silentio
2519 499 2952 572 praetereamus?
3006 499 3098 568 qui
3146 499 3214 553 ab
3256 499 3576 587 itttptttletttc

317 625 378 678 τὺ
430 622 666 690 πρᾶγμα
727 614 1205 686 παραπέμψομενς
1259 611 1317 674 ὃς
1371 609 1608 678 ὑποϐολῇ
1680 607 1887 660 Φωτίου

318 711 406 768 τοῦ
456 708 707 770 ἀναιδοῦς
758 709 838 769 εἰς
885 707 946 758 τὸ
995 703 1359 773 μοναστήριον
1423 698 1705 763 εἰσελθὼν,
1749 697 1889 751 ὥστε

323 806 525 864 πάντας
543 798 779 868 τοὺς“τῷ
806 797 946 865 ἁγίῳ
998 795 1156 865 τάφῳ
1187 791 1695 864 προσλιπαροῦντας
1727 790 1890 846 ἀσθεο

319 901 421 959 νείς
457 894 597 965 μετὰ
629 891 912 963 μαστίγων
943 889 1145 953 ἐξῶσαι
1185 889 1279 940 καὶ
1313 885 1524 956 ὕϐρεων
1550 900 1563 913 ’
1609 883 1704 937 καὶ
1735 881 1892 935 τοῦτο

313 985 610 1056 δεδρακὼς,
672 982 1002 1052 προστίθησι
1033 979 1202 1032 κακὸν
1244 975 1322 1048 τῷ
1357 975 1535 1042 κακῷ,
1583 975 1677 1026 καλ¹
1727 989 1893 1042 προσ-

311 1081 502 1134 τάσσει
550 1075 920 1146 πλησιαίτατα
959 1072 1054 1126 τοῦ
1104 1071 1250 1142 ἱεροῦ
1288 1070 1460 1138 τάφου
1512 1068 1892 1138 κατορύσσειν,

312 1171 404 1223 καὶ
433 1172 512 1230 είς
551 1166 712 1237 βάθος
749 1163 1119 1217 ἀνασκάπτειν
1167 1160 1268 1229 τὴν
1301 1162 1423 1228 γῆν,
1465 1159 1736 1225 πρόφασιν
1773 1154 1892 1224 μὲν,

311 1261 387 1322 ὡς
419 1263 476 1312 ἐν
507 1259 656 1328 αὐτῷ
702 1257 780 1326 τῷ
830 1255 980 1323 τόπῳ
1027 1251 1220 1322 πρώην
1262 1251 1369 1302 ὑπὸ
1413 1248 1507 1302 τοῦ
1558 1248 1894 1317 πατριάρχου

309 1348 537 1418 χρυσίου
572 1343 1011 1413 κατακρυϐἐντος
1045 1340 1264 1404 πολλοῦ,
1305 1339 1364 1389 τὸ
1386 1337 1432 1390 δ’
1469 1335 1691 1406 ἀληθὲς,
1721 1334 1797 1396 ὡς
1829 1333 1895 1387 ἂν

307 1441 538 1509 ἀτιμίαν
589 1438 668 1507 τῷ
726 1435 916 1506 τιμίῳ,
950 1433 1192 1501 λειψάνῳ
1245 1429 1661 1503 προστρίψαιτο.
1708 1425 1894 1488 Οῦτως

307 1531 467 1599 αὐτῷ
491 1532 518 1582 ὁ
551 1528 746 1597 φθόνος
795 1528 972 1593 πάντη
1019 1519 1539 1591 κατακεκυριευκὼς
1562 1520 1660 1589 τῆς
1695 1514 1898 1586 μανιώ-

303 1621 438 1683 ὃους
487 1619 692 1688 ψυχῆς,
746 1617 869 1670 οὑδέ
919 1615 1057 1685 μετά
1095 1615 1188 1666 τὸν
1233 1613 1465 1665 θάνατον
1518 1610 1750 1679 ἠρεμεῖν
1788 1606 1896 1661 εἷα.

306 1709 472 1778 ’Ἅμα
499 1709 556 1761 δὲ
587 1707 665 1777 τῷ
692 1707 838 1777 λόγῳ
866 1704 960 1758 τοῦ
995 1701 1256 1772 ἀθεμίτου
1293 1701 1506 1754 ἐκείνου
1536 1698 1898 1768 προστάγμα-

301 1819 425 1864 τος,
463 1802 556 1855 καὶ
588 1800 848 1870 θεήλατος
889 1797 982 1851 τὸν
1051 1794 1226 1864 ἀσεϐῆ
1272 1792 1539 1863 μετῆλθεν
1583 1789 1742 1861 ὀργὴ,
1816 1790 1902 1840 ἐν-

1994 601 2190 654 Ρῐιοιίο
2253 597 2562 653 submissus
2605 593 2657 646 in
2716 590 3030 645 emnobium
3092 589 3260 654 venit,
3314 599 3371 643 ιιι
3403 604 3580 658 :ngros

1997 709 2190 748 omnes
2215 693 2280 747 ad
2313 690 2628 760 sepulcrum
2667 685 2812 739 illius
2859 683 3257 753 supplicantes,
3312 683 3580 739 conviciis

1996 796 2050 840 et
2075 783 2257 854 ﬂagris
2279 782 2543 850 exigeret.
2575 775 2698 843 Quo
2731 774 2878 829 facto
2923 773 3108 827 scelus
3155 771 3305 826 addit
3333 773 3526 828 sceleri
3559 791 3575 826 :

1999 889 2195 934 terram
2241 878 2382 932 enim
2435 873 2739 944 proximam
2763 883 2933 926 sacrae
2958 867 3160 923 tumbae
3180 867 3287 920 alte
3309 866 3464 936 jubet
3491 865 3576 920 ef-

1999 973 2148 1035 fodi;
2177 973 2228 1024 in
2265 969 2502 1038 speciem
2535 965 2756 1035 quidem
2776 1003 2792 1026 ,
2820 961 2976 1032 quasi
3009 961 3284 1029 ingentem
3322 959 3440 1012 auri
3470 960 3579 1012 vim

1998 1063 2307 1134 patriarcha
2345 1060 2452 1114 illie
2481 1055 2828 1121 condiderit;
2855 1055 3033 1123 reipsa
3057 1062 3263 1114 autem,
3293 1058 3354 1103 ut
3408 1049 3584 1105 sacris

1999 1155 2220 1209 ossibus
2258 1149 2652 1206 contumeliam
2692 1147 2982 1216 irrogaret,
3024 1143 3160 1198 adeo
3206 1141 3452 1194 animum
3487 1140 3586 1194 ho-

1999 1247 2162 1300 minis
2197 1244 2465 1298 l'uriosum
2502 1240 2700 1294 invidia
2722 1244 3040 1305 occuparat,
3068 1235 3144 1289 ιιιί
3167 1250 3234 1288 ne
3269 1242 3394 1302 post
3436 1246 3586 1285 mor-

1998 1347 2105 1392 tem
2131 1337 2348 1405 quidem
2389 1331 2623 1403 (lgnatii)
2653 1331 2722 1384 ab
2753 1331 2847 1384 illo
2875 1329 3120 1384 cesserit.
3153 1326 3324 1380 Simul
3350 1340 3412 1378 ac
3438 1324 3586 1378 enim

1999 1431 2102 1483 hoc
2143 1429 2232 1481 ille
2273 1427 2440 1480 verbo
2482 1424 2645 1492 impie
2697 1423 2960 1484 edixerat,
3022 1418 3259 1472 vindicta
3337 1416 3590 1471 Numinis

2001 1521 2226 1589 impium
2257 1519 2544 1586 prosecuta
2574 1524 2657 1569 est
2678 1533 2706 1573 ,ε
2741 1513 2834 1568 hic
2863 1513 3129 1565 duntaxat
3180 1509 3271 1562 Dei
3329 1507 3590 1577 patientia

2000 1626 2060 1665 se
2103 1612 2306 1664 diutius
2355 1610 2640 1664 coatinere
2695 1621 2803 1659 non
2874 1605 3071 1672 potuit,
3133 1601 3226 1654 sed
3275 1615 3307 1652 e
3360 1597 3590 1665 vestigio

2001 1703 2213 1771 plagam
2272 1701 2487 1754 inﬂixit.
2551 1698 2693 1767 Ergo
2756 1695 3030 1765 superbus
3093 1694 3183 1745 ille
3254 1690 3589 1743 horrendum

2005 1792 2198 1850 boans.
2231 1800 2282 1844 et
2310 1799 2566 1858 tanquam
2590 1789 2815 1841 victima
2835 1800 3004 1854 supra
3044 1783 3296 1851 infraque
3323 1778 3592 1847 sanguine

300 1892 490 1946 ταῦθα
522 1893 682 1961 μόνον
707 1895 807 1944 οὐκ
837 1888 1214 1960 άνασχομένης
1249 1887 1334 1939 ἐπ’
1356 1883 1504 1953 αὐτῷ
1530 1884 1627 1953 τῆς
1649 1882 1744 1936 τοῦ
1767 1881 1901 1935 Θεοῦ

2012 1882 2278 1943 dilﬂuens,
2329 1881 2665 1948 domumque
2703 1877 2940 1939 delatus,
2979 1873 3214 1942 elinguis
3253 1872 3394 1924 intra
3455 1885 3595 1937 qua-

304 1985 725 2055 μακροουμίας,
761 1981 877 2035 ἀλλ’
907 1980 1173 2049 ὀξυτάτην
1220 1977 1447 2039 ἐνδίκως
1483 1972 1889 2042 ὑπενεγκούσης

2001 1974 2238 2028 triduum
2278 1987 2308 2026 a
2347 1971 2455 2025 Deo
2484 1971 2704 2037 punitus
2730 1967 3048 2036 exspiravit.

299 2053 414 2147 τὴν
443 2053 640 2145 τομήν.
688 2074 860 2136 Εὐθὺς
888 2070 981 2124 οῦν
1031 2070 1244 2140 μεγάλα
1290 2067 1427 2137 βοῶν
1457 2069 1486 2120 ὁ
1517 2065 1749 2136 σοϐαρὸς,
1801 2059 1890 2116 οἷα
1922 2064 2384 2134 σφαγιαζόμενος,
2435 2063 2658 2117 ⁴ἀνωθεῖν
2697 2080 2756 2116 τε
2817 2061 2913 2114 καὶ
2967 2058 3215 2138 κάτωθεν
3266 2058 3345 2127 τῷ
3408 2053 3599 2122 οἰκείῳ

299 2170 511 2239 αἵματι
561 2167 857 2239 κρουνηδδν
919 2163 1433 2237 περιρραινόμενος,
1501 2161 1598 2214 καὶ
1650 2159 1894 2230 φοράδην
1955 2159 2137 2214 οἴκαδε
2198 2160 2555 2230 ἀναγόμενος,
2617 2158 2833 2226 ἄφωνος
2877 2156 2936 2208 ἐν
2997 2157 3239 2226 ἡμέραις
3295 2153 3595 2220 τέσσαρσιν

299 2261 563 2331 άπέψυξε
603 2258 1043 2330 τιμωρούμενος.

387 2355 626 2410 Τοιαῦτα
682 2351 776 2406 τοῦ
826 2351 1095 2422 ἡμετέρου
1132 2348 1342 2417 Πατρὺς
1406 2345 1475 2398 τὰ
1529 2345 1845 2415 διηγήματα
1875 2361 1890 2376 ο

299 2449 544 2504 τοιαῦτα
576 2445 673 2499 τοῦ
712 2443 879 2498 καλοῦ
903 2441 1158 2512 ποιμένος
1191 2440 1258 2490 τά
1279 2437 1695 2508 προτερήματα.
1721 2435 1907 2496 Οῦτως

298 2544 334 2596 ὀ
384 2539 801 2611 μακαριώτατος
848 2535 940 2588 καὶ
990 2534 1097 2598 ζῶν
1146 2532 1241 2584 ἐπὶ
1286 2529 1392 2598 γῆς
1445 2526 1820 2597 ἐννομώτατός
1847 2542 1909 2578 τε

300 2628 386 2703 ἦν
420 2633 514 2684 καὶ
544 2627 1076 2700 χριστοφιλέστατος,
1112 2624 1293 2676 πάντα
1321 2621 1496 2688 λέγων
1531 2621 1626 2672 καὶ
1655 2619 1910 2688 πράττων

302 2730 402 2788 εἰς
445 2725 603 2789 δόξαν
628 2720 764 2776 Θεοῦ
814 2719 908 2773 καὶ
950 2719 1050 2786 τῆς
1096 2714 1420 2785 Ἐκκλησίας
1463 2712 1781 2782 οἰκοδομήν·
1821 2710 1914 2763 καὶ

308 2817 465 2888 πρὸς
508 2814 642 2865 Θεὸν
693 2812 989 2880 μεταστάς,
1027 2804 1454 2875 ὠφελιμώτατος
1495 2805 1590 2856 καὶ
1626 2803 1910 2872 σωτήριος,

305 2910 397 2973 ὡς
426 2907 654 2976 άμέσως
688 2904 1034 2974 ἐντυγχάνων
1063 2901 1203 2967 ὑπὲρ
1233 2895 1391 2967 ἡμῶν
1423 2892 1498 2965 τῷ
1523 2893 1662 2962 Θεῷ.

395 3172 462 3224 Τί
493 3171 550 3225 δὲ
601 3171 628 3223 ὁ
669 3167 966 3237 λεγόμενος
1035 3164 1275 3227 Φώτιοςς
1329 3158 1439 3232 ἆρα
1488 3161 1590 3231 τὴν
1633 3162 1719 3213 ἐπ’
1762 3158 1912 3228 αὐτῷ

326 3265 630 3332 γενομένην
682 3260 866 3328 κρίσιν
901 3259 978 3321 ὡς
1018 3257 1229 3310 ἔνδικον
1283 3254 1746 3322 καταδεξάμενος,
1794 3252 1903 3304 τῶν

321 3356 680 3409 πολυπλόκων
717 3352 990 3421 ἀπέσχετο
1014 3349 1367 3411 διαϐουλίωνς
1399 3347 1432 3418 ἢ
1463 3347 1569 3400 ὑπὸ
1611 3345 1710 3416 τὴν
1762 3363 1900 3414 κρα-

316 3449 485 3502 ταιάν
515 3448 607 3499 τοῦ
629 3444 764 3498 Θεοῦ
799 3446 957 3514 χεῖρα
978 3441 1360 3502 ταπεινωθεὶς,
1390 3439 1488 3507 τῆς
1521 3438 1672 3499 Θείας
1710 3435 1903 3489 ἑαυτὸν

317 3540 501 3611 ῥοπῆς
546 3537 711 3605 ἐξῆψε
743 3535 964 3598 λοιπ6ν;
992 3533 1025 3602 ἦ
1055 3533 1240 3586 τέλεον
1270 3531 1370 3601 μὲν
1395 3531 1495 3598 τῆς
1523 3529 1691 3582 αὑτοῦ
1739 3545 1905 3581 κακο-

316 3627 600 3699 μηχανίας
641 3627 742 3680 οῦκ
803 3624 1020 3694 ἐξέστη,
1056 3621 1423 3692 μετριώτερος
1466 3619 1523 3672 δὲ
1564 3616 1760 3671 ἐαυτοῦ
1814 3618 1906 3670 καὶ

312 3719 730 3786 ἐπιεικέστερος
756 3715 845 3768 διά
868 3715 968 3784 τῆς
1001 3713 1385 3784 κατακρίσεως
1422 3713 1661 3779 κατέστη
1686 3727 1700 3772 ;
1726 3709 1906 3764 Οὐδα-

315 3809 467 3880 μῶς.
509 3809 691 3862 Πάντα
718 3809 774 3861 δὲ
801 3808 892 3860 τὸν
925 3807 1156 3874 δεκαετῆ
1208 3805 1399 3876 χρόνον
1431 3805 1532 3872 τῆς
1583 3803 1904 3873 ὑπερορίας,

313 3901 530 3971 μυρίας
580 3899 721 3953 κατὰ
768 3898 863 3952 τοῦ
917 3899 1076 3964 ἁγίου
1129 3897 1420 3959 κακονοίας
1471 3895 1658 3958 κινῶν,
1717 3894 1907 3964 ἐπειδὴ

312 3994 670 4062 πανταχόθεν
718 3991 991 4044 ἀνάλωτον
1017 3988 1182 4042 αὐτὸν
1218 3987 1368 4059 ἐώρα
1396 3990 1491 4040 καὶ
1522 3986 1786 4054 ἄληπτον,
1813 3983 1908 4037 τοῦ

312 4083 594 4155 βασιλέως
651 4083 737 4151 ἐρ’
806 4083 998 4134 ἐαυτὸν
1063 4079 1163 4151 τὴν
1210 4078 1426 4132 εῦνοιαν
1493 4076 1909 4131 ἐπισπάσασθαι

317 4175 678 4244 μηχανᾶται·
718 4172 813 4223 καὶ
848 4171 1030 4222 πᾶσαν
1073 4169 1172 4238 μὲν
1221 4166 1440 4236 βουλὴν,
1491 4167 1674 4218 πᾶσαν
1706 4166 1762 4218 δὲ
1794 4171 1922 4235 τρι-’

312 4265 430 4334 ὂὴν
460 4263 738 4331 λογισμῶν
780 4261 916 4329 πρὸς
944 4261 1101 4312 τοῦτο
1136 4258 1324 4318 κινῶν,
1357 4250 1518 4329 εῦρεν
1543 4258 1662 4309 ὁδὸν
1702 4257 1909 4319 λοιπὸν,

310 4357 394 4411 δι’
425 4353 494 4427 ἦς
519 4355 618 4425 τῆς
645 4355 964 4424 ἁπλότητος,
1001 4354 1120 4424 ἦτοι
1154 4351 1488 4420 κουφότητος
1515 4351 1912 4421 κατωρχήσατο

307 4451 425 4519 τῆς
458 4447 742 4518 βασιλικῆς
772 4461 786 4476 ’
829 4446 923 4498 καὶ
967 4444 1221 4496 σκοπεῖτε
1263 4443 1339 4505 ὼς
1378 4441 1632 4510 πιθανὴν,
1681 4444 1775 4494 καὶ
1813 4441 1913 4510 τῆς

2036 2385 2039 2391 .
2074 2341 2169 2396 lla:
2224 2345 2352 2393 sunt
2391 2350 2571 2389 rerum
2602 2351 2630 2388 a
2663 2332 2823 2388 Patre
2853 2341 3045 2387 nostro
3092 2343 3370 2404 geSIarum
3407 2347 3602 2388 narra-

2005 2431 2204 2492 tiones,
2245 2429 2359 2481 hatc
2388 2426 2514 2490 boni
2549 2423 2784 2493 pastoris
2832 2423 3224 2492 praerogativae.
3259 2421 3333 2476 Ita
3395 2422 3600 2478 beatis-

2009 2524 2186 2579 simus
2212 2522 2301 2575 ille
2331 2521 2460 2573 dum
2495 2521 2547 2571 in
2580 2517 2741 2571 terris
2771 2523 2982 2586 ageret,
3018 2529 3080 2569 se
3142 2529 3310 2583 quant
3359 2514 3601 2570 sanctis-

2011 2617 2151 2670 sime
2195 2612 2756 2682 reliogiosissimeque
2808 2609 3001 2677 gessit,
3039 2607 3206 2662 rebus
3245 2607 3506 2662 omnibus
3529 2608 3598 2662 ad

2010 2705 2106 2760 Dei
2132 2705 2345 2758 laudem
2409 2711 2463 2757 et
2495 2701 2755 2756 Ecclesia:
2813 2697 3231 2754 aediﬁcationem
3257 2698 3487 2752 relatis:
3542 2708 3600 2753 et

2015 2811 2113 2866 per
2143 2804 2378 2849 mortem
2426 2791 2492 2846 ad
2532 2791 2700 2845 Deum
2730 2789 3031 2860 profectus,
3062 2788 3222 2842 nobis
3247 2791 3388 2858 apud
3446 2788 3602 2843 illum

2017 2886 2279 2941 salutaris
2305 2885 2460 2952 juxta
2493 2899 2558 2937 ac
2589 2882 2918 2936 utilissimus
2939 2889 3026 2934 est
3064 2888 3350 2949 patronus,
3387 2889 3446 2935 ut
3504 2881 3601 2949 qtti

2019 2977 2401 3046 Deopraesens
2450 2977 2586 3032 citra
2626 2974 2797 3028 ullum
2833 2973 3072 3026 medium
3133 2971 3444 3040 interpellat
3502 2988 3606 3042 pro

2019 3071 2198 3124 nobis.

2091 3160 2234 3227 Quid
2263 3170 2445 3213 autem
2484 3158 2530 3214 is
2569 3156 2663 3226 qui
2715 3155 2918 3210 dicitur
2942 3153 3211 3210 Pltotius?
3240 3170 3306 3208 an
3333 3155 3603 3225 judicium

2015 3255 2080 3309 de
2114 3269 2172 3308 se
2204 3253 2305 3306 rite
2335 3251 2538 3306 factum
2571 3258 2656 3304 est
2695 3250 2925 3311 veritus,
2955 3255 3120 3317 atque
3152 3248 3320 3316 impia
3371 3249 3604 3304 consilia

2006 3344 2250 3413 ahjecit?
2280 3345 2362 3397 An
2431 3343 2532 3397 sub
2571 3340 2776 3410 potenti
2822 3354 2989 3393 manu
3023 3339 3118 3393 Dei
3147 3339 3491 3406 humiliatus,
3525 3340 3608 3393 di-

2005 3437 2142 3488 vime
2195 3450 2253 3488 se
2315 3435 2579 3502 deinceps
2634 3432 2906 3485 voluntati
2959 3429 3280 3484 commisit?
3336 3432 3419 3483 An
3479 3446 3607 3499 per-

2007 3525 2277 3580 sevrravit
2341 3524 2558 3592 quidem
2633 3523 2687 3576 in
2759 3520 3030 3589 improbis
3100 3519 3611 3574 machinationibus

2007 3618 2123 3672 suis
2196 3631 2458 3683 semper,
2521 3614 2614 3669 sed
2685 3630 2752 3668 ex
2835 3612 3184 3666 damnatione
3249 3612 3334 3666 sui
3430 3612 3615 3682 scipsn

2007 3713 2216 3779 {Pqttiur
2260 3721 2314 3764 et
2365 3709 2666 3764 modestior
2717 3718 2802 3763 est
2853 3707 3155 3763 redditus?
3198 3706 3342 3762 Nihil
3388 3708 3594 3762 minus.

2010 3803 2150 3856 Toto
2194 3803 2288 3855 illo
2333 3801 2618 3855 decennali
2674 3800 2864 3854 exsilio
2911 3799 3134 3854 insidias
3179 3797 3444 3853 adversus
3483 3814 3612 3853 san-

2007 3904 2156 3948 clmn
2200 3892 2364 3961 impia
2393 3901 2572 3945 mente
2593 3889 2814 3945 molitus
2831 3898 2938 3944 est.
2958 3889 3203 3958 Cumque
3219 3888 3370 3942 illum
3397 3888 3611 3942 irretire

2011 3997 2275 4053 capereve
2319 3981 2475 4036 nullo
2515 3981 2678 4034 modo
2706 3987 2918 4050 posset,
2948 3979 3300 4048 imperatoris
3357 3977 3605 4033 animum

2010 4072 2445 4130 sibLeoneiltare
2491 4079 2682 4127 tentat.
2735 4068 2874 4138 Ergo
2902 4070 3112 4130 artibus
3163 4068 3420 4122 omnibus
3464 4077 3612 4122 stro-

2011 4165 2249 4235 phisque
2279 4164 2338 4216 in
2387 4162 2684 4218 consilium
2729 4160 3011 4218 abhibitis.
3039 4160 3244 4229 reperit
3274 4159 3440 4220 viam.
3499 4174 3610 4228 qua

2013 4255 2364 4326 imperatoris
2395 4254 2802 4324 simplicitatem
2855 4253 3244 4320 levitatemque
3272 4261 3512 4319 caperet,
3556 4261 3614 4307 et

2016 4347 2136 4401 vide
2165 4363 2330 4416 quam
2379 4345 2712 4416 probabilem
2775 4351 2829 4398 et
2883 4343 3056 4413 ipsius
3111 4343 3331 4412 ingenio
3360 4343 3607 4409 dignam.

2015 4438 2335 4495 Observatis
2393 4439 2538 4493 enim
2589 4437 2905 4492 nominibus
2959 4436 3300 4504 singulorum
3333 4474 3348 4496 .
3409 4435 3608 4504 ipsius,

311 4543 538 4596 ἐκείνου
586 4540 768 4610 ψυχῆς
815 4537 993 4602 ἀξίαν.
1043 4536 1163 4588 Τῶν
1208 4533 1490 4603 ὀνομάτων
1520 4534 1628 4604 γάρ
1675 4533 1907 4586 ἕκαστον

2019 4532 2265 4600 inquam,
2329 4529 2681 4600 imperatoris
2749 4528 2954 4593 Basilii,
3011 4537 3066 4581 et
3123 4527 3380 4582 Eudociae
3431 4529 3613 4597 Augu-

313 4634 830 4704 περισκεψάμενος,
849 4628 1013 4683 αὐτοῦ
1030 4646 1111 4695 τε,
1141 4627 1304 4698 φημὶ,
1327 4624 1605 4678 Βασιλείου
1631 4625 1724 4678 τοῦ
1754 4623 1909 4694 βασι-

313 4729 487 4790 λὲως,
521 4725 783 4788 Εὐδοκίας
815 4740 873 4776 τε
899 4725 999 4792 τῆς
1031 4718 1196 4774 αὐτοῦ
1221 4719 1493 4787 γαμετῆς,
1523 4718 1620 4771 καὶ
1648 4717 1759 4769 τῶν
1786 4715 1915 4768 παί-

310 4824 455 4884 δων,
488 4819 920 4879 Κωνσταντίνου,
947 4817 1198 4878 Λέοντος,
1245 4812 1626 4884 Ἀλεξάνδρου,
1666 4813 1762 4867 καὶ
1787 4814 1918 4865 Στε-

312 4913 503 4980 φάνου
523 4927 536 4940 ο
572 4909 630 4973 ἐξ
659 4910 890 4962 ἑκάστου
923 4908 978 4959 δὲ
1007 4907 1067 4959 τδ
1101 4903 1318 4974 πρῶτον
1349 4905 1586 4974 γράμμα
1617 4904 1797 4957 λαϐὼν
1824 4905 1918 4956 καὶ

319 4999 626 5060 συντιθεὶς,
659 4996 913 5050 ἐντεῦθεν
951 4995 1218 5064 λαμόάνει
1244 4995 1344 5064 τῆς
1373 4996 1590 5062 ἀπάτης
1621 4995 1718 5064 τὴν
1751 4995 1918 5063 ἀφορ-

316 5093 462 5161 μήν.
530 5088 796 5156 Ἱστορίαν
833 5087 975 5158 γὰρ,
1027 5087 1148 5156 ἢτοι
1217 5084 1570 5153 γενεαλογίαν
1619 5083 1719 5153 τὴν
1792 5085 1921 5150 μήτ’

315 5177 518 5243 οὖσαν,
546 5174 674 5249 μήτ’
694 5173 787 5232 οῦν
815 5193 946 5230 ποτε
977 5177 1276 5244 γενομένην
1307 5174 1648 5236 ἀναπλάσας,
1681 5173 1920 5242 Τηριδά·

329 5291 443 5341 την
479 5273 578 5343 μὲν
603 5275 812 5325 ἐκεῖνον
855 5269 947 5322 τὸν
986 5268 1161 5338 μέγαν
1208 5267 1511 5337 Ἀρμενίων
1549 5264 1797 5335 βασιλέα,
1832 5264 1924 5314 τὶν

329 5363 434 5416 ἐπὶ
465 5363 556 5415 τοῦ
609 5361 1008 5432 ίερομάρτυρος
1044 5358 1190 5424 λέγω
1229 5357 1556 5427 Γρηγορίου,
1604 5356 1926 5426 προπάτορα

331 5453 547 5506 τίθεται
598 5452 677 5522 τῷ
728 5451 894 5522 λόγῳ,
947 5451 1007 5516 ἐξ
1054 5451 1268 5504 ἐκείνου
1313 5449 1370 5502 δὲ
1411 5448 1511 5518 τὴν
1563 5445 1920 5514 γενεαλογίαν

331 5546 620 5615 ὀνόμασιν,
650 5543 732 5606 οἷς
764 5545 1051 5614 ἠθέλησεν,
1095 5543 1480 5612 ἐπισυνείρων,
1513 5541 1608 5594 καὶ
1640 5539 1835 5601 ἄλλους
1863 5537 1922 5604 ἐξ

334 5639 519 5693 ἄλλων
555 5639 622 5708 τῇ
655 5636 1044 5706 πλασματώδει
1081 5635 1338 5703 κατάγων
1372 5633 1611 5703 ἱστορία,
1663 5632 1829 5702 ἡνίκα
1861 5631 1926 5700 δὴ

337 5730 482 5812 πρὸς
505 5729 596 5782 τὸν
623 5729 838 5800 πατέρα
854 5727 1090 5798 κατῆλθε
1118 5725 1424 5790 Βασὶλείου,
1456 5723 1646 5777 τοῦτον
1664 5722 1924 5793 ἔγραψεν,

343 5822 422 5885 ὡς
446 5820 616 5893 ἄνδρα
664 5821 916 5893 γεννήσει
967 5819 1230 5886 τοιοῦτον,
1284 5814 1396 5883 οἷος
1435 5817 1599 5883 αὐτὸς
1641 5816 1928 5882 Βασίλειος

2019 4637 2121 4681 sue
2198 4623 2472 4693 conjugis,
2548 4624 2979 4689 liherorun‘tqne,
3051 4618 3436 4680 Constantini,
3486 4617 3620 4672 Leo-

2022 4718 2148 4778 nis,
2181 4715 2497 4777 Alexandri,
2551 4713 2817 4782 Stephani
2862 4727 2877 4776 ;
2910 4727 2976 4766 ex
3015 4711 3206 4780 primis
3268 4710 3612 4780 singulorum

2021 4809 2304 4862 nominum
2341 4807 2535 4860 litteris
2575 4804 2898 4872 compositis
2950 4803 3344 4872 componendae
3394 4801 3628 4858 fraudis

2019 4901 2369 4956 occasionem
2405 4899 2617 4967 arripit.
2659 4897 2957 4952 llis-teriam
2999 4896 3173 4958 enim,
3209 4896 3328 4950 sive
3356 4896 3614 4964 genealo-

2025 4994 2193 5064 giam,
2217 5007 2338 5061 quae
2369 5006 2642 5060 nusquam
2689 5000 2792 5051 est,
2827 4986 3061 5048 autfnit,
3089 4998 3388 5041 contexens
3408 5025 3422 5048 ,
3478 4984 3622 5040 Τιτί-

2027 5087 2208 5140 dalem
2252 5085 2399 5137 illum
2434 5084 2701 5153 inclytum
2727 5081 3001 5134 Armenia:
3047 5096 3251 5148 regem,
3284 5079 3378 5146 qtti
3437 5078 3613 5132 sancti

2029 5177 2276 5247 Gregorii
2341 5176 2600 5243 martyris
2650 5189 2766 5226 aevo
2812 5173 3165 5240 imperitavit,
3222 5170 3410 5240 stirpis
3450 5179 3617 5237 caput

2029 5268 2206 5338 lingit.
2234 5268 2306 5320 Ex
2339 5267 2452 5327 illo,
2491 5265 2808 5318 nominibus
2841 5280 2936 5332 pro
2966 5264 3234 5317 arbitratu
3263 5257 3629 5330 excogitauit},

2031 5365 2246 5429 gentem
2279 5355 2524 5414 deducit.
2551 5364 2606 5408 et
2631 5354 2770 5407 alios
2804 5369 2869 5406 ex
2895 5353 3003 5405 alio
3029 5351 3279 5405 fabulosa
3301 5347 3618 5408 narratione

2031 5447 2238 5520 condit.
2267 5445 2499 5512 Quando
2524 5445 2746 5500 demum
2785 5443 2854 5497 ad
2891 5449 3175 5512 parentem
3199 5439 3390 5494 Basilii
3430 5451 3626 5507 pervc-

2032 5541 2132 5603 nit,
2166 5538 2409 5608 scripsit,
2446 5537 2783 5591 nasciturum
2812 5551 2877 5590 ex
2928 5550 2994 5590 eo
3023 5533 3184 5587 talem
3222 5532 3382 5602 plane
3412 5530 3616 5595 virum,

2033 5631 2212 5702 qualis
2242 5631 2356 5698 ipse
2370 5637 2489 5683 erat
2515 5626 2772 5690 Basilius,
2799 5627 2961 5696 eique
2991 5638 3192 5680 nomen
3223 5638 3345 5678 esse
3383 5621 3612 5686 Beclas;

2033 5737 2197 5794 quem
2231 5720 2476 5777 omnium
2507 5729 2655 5774 retro
2685 5734 2872 5787 regum
2925 5715 3239 5773 felicissime
3279 5723 3334 5770 et
3364 5713 3618 5770 diutissi-

2037 5831 2126 5872 me
2159 5825 2519 5887 regnaturum
2553 5811 2883 5870 vaticinatur
2926 5831 2940 5869 :
2973 5811 3372 5880 iuuante-raque
3395 5805 3624 5865 menda-
