4064 6394
543 383 652 445 567
1720 369 2013 431 NICETrE
2049 365 2577 428 PAPIlLAGONIS
3657 359 3742 422 563

540 509 649 557 ria,
689 489 889 561 quibus
912 486 1217 541 auditorem
1248 482 1372 553 capi
1409 481 1765 552 intelligebat,
1797 480 1852 534 in
1917 478 2116 533 librum

2238 472 2285 546 iv
2313 490 2327 503 ο
2355 474 2419 527 το
2444 473 2502 526 δὲ
2546 472 2721 540 ϐνομα
2757 465 2897 521 εἶναι
2926 466 3134 529 Βεκλᾶς
3160 480 3175 495 ’
3210 464 3268 517 ὃν
3296 465 3635 534 εὐτυχέστατα
3668 478 3747 522 καὶ

539 601 703 641 suum
755 581 1157 641 concenturiat,
1182 587 1238 631 et
1273 575 1473 631 litteris
1501 572 1882 628 Alexandrinis
1919 570 1975 624 in
2031 584 2121 623 ve-

2238 561 2699 633 ιτολυχρονιὼτατα
2743 558 2853 611 τῶν
2879 556 2940 621 ἐξ
2970 555 3164 617 αἰῶνος
3201 553 3637 625 βεϐασιλευκοτων
3663 558 3747 629 βα.

542 676 844 732 ιιιειίεείιιιιι
895 673 1081 727 charta
1134 669 1200 723 ad
1256 669 1434 738 ipsa'n
1486 662 1832 734 antiquitatis
1871 660 2111 730 speciem

2238 654 2540 707 πλεύσαντα
2602 647 2954 721 προφητεύει.
3016 646 3250 717 Μυρίοις
3291 644 3348 698 δὲ
3388 644 3639 714 ψεύδεσιν,
3683 644 3751 711 οἷς

540 766 815 837 expressis
867 761 1191 819 conscribit.
1236 734 1401 828 atque
1463 757 1643 817 theca,
1673 769 1771 809 seu
1804 758 2119 822 tegumenta

2238 745 2339 816 ᾔδει
2386 741 2687 811 γάννυσθαι
2747 738 2937 792 τοῦτον
2980 736 3249 790 ἀκούοντα
3284 774 3302 801 ,
3347 734 3410 789 τδ
3456 735 3753 808 σύγγραμμα

540 813 1036 923 exratttiquissimo
1082 851 1271 905 codice
1315 850 1560 903 detracto
1601 845 1780 909 vestit,
1851 852 2016 911 atque
2065 842 2118 894 in

2238 838 2715 910 ιαταρτισάμενος,
2746 836 2839 888 ἐπὶ
2861 833 3239 888 παλαιοτάτων
3263 831 3358 902 μὲν
3376 831 3525 885 τοῦτο
3550 813 3753 902 χαρτίων

542 948 634 1003 illa
696 947 864 1001 nobili
928 944 1277 1014 palatinaque
1334 938 1658 995 bibliotheca
1697 935 1835 990 clam
1887 933 2117 1002 reponit.

2225 932 2550 1003 γράμμασιν
2584 929 3029 1001 Ἀλεξανδρινοῖς,
3052 929 3149 997 τὴν
3172 928 3437 999 ἀρχαϊκὴν
3456 928 3533 980 ὅτι
3554 929 3755 998 μάλιστα

543 1037 883 1109 χειροθεσίαν
932 1034 1347 1105 μιμησάμενος,
1384 1028 1624 1099 γράφει⁶
1669 1023 1997 1095 ἀμφιέννυσι
2059 1023 2117 1076 δὲ
2155 1024 2250 1076 καὶ
2302 1021 2537 1092 πτύχαις
2584 1020 2997 1083 παλαιοτάταις,
3048 1022 3113 1072 ὲκ
3167 1019 3519 1073 παλαιοτάτου
3582 1019 3753 1089 βιϐλίου

543 1132 968 1203 ἀφαιρούμενος,
1016 1124 1309 1193 κάντεῦθεν
1351 1124 1416 1192 τῇ
1451 1120 1665 1193 μεγάλῃ
1696 1118 1854 1172 τοῦτο
1879 1117 1975 1171 τοῦ
2011 1116 2277 1171 παλατίου
2310 1114 2626 1168 ἀποτίθεται
2661 1112 2999 1185 βιϐλιοθήκῃ.

615 1223 955 1277 Administer
978 1228 1033 1273 et
1094 1216 1235 1271 lidus
1276 1216 1347 1269 illi
1381 1215 1437 1268 in
1483 1215 1585 1268 hac
1614 1227 1778 1268 scena
1821 1217 1875 1265 et
1939 1208 2126 1264 fabula

545 1315 903 1385 Theophanes
926 1319 1063 1371 erat.
1109 1309 1382 1378 palatinos
1399 1322 1462 1361 ea
1499 1314 1821 1373 tempestate
1863 1302 2123 1362 clericus,

546 1410 866 1476 habensque
930 1403 1072 1474 apud
1110 1402 1501 1470 imperatorem
1547 1394 1880 1451 eruditionis
1908 1393 2126 1463 opinio-

542 1514 689 1560 nem,
725 1512 789 1550 ac
847 1503 1032 1565 postea
1063 1492 1117 1544 in
1170 1489 1434 1559 improbae
1465 1501 1647 1557 Operae
1706 1484 1986 1551 praamium
2014 1482 2129 1551 epi-

544 1601 745 1657 scopus
777 1584 1041 1639 Caesarea:
1056 1580 1417 1652 Cappadocia:
1452 1586 1693 1633 creatus.
1714 1573 1813 1629 Hic
1839 1586 2125 1628 commen-

541 1681 720 1734 titium
764 1675 1176 1733 hunclibellum
1211 1674 1265 1727 in
1297 1670 1652 1730 bibliotheca,
1694 1675 1753 1722 ιιι
1778 1667 1987 1721 dictum
2020 1672 2129 1726 est,

541 1781 846 1841 repostum,
894 1774 1206 1837 opportuno
1235 1772 1484 1832 tempore
1520 1757 1786 1821 extrahit,
1829 1755 2130 1824 imperato-

2311 1207 2372 1260 Ὀ
2403 1206 2546 1261 κατά
2566 1206 2740 1260 ταῦτα
2761 1204 2818 1258 δὲ
2846 1204 3056 1267 πιστῶς
3086 1204 3543 1275 ὑπηρετούμενος,
3570 1203 3657 1256 καὶ
3675 1202 3758 1272 τὴν

2228 1299 2448 1367 ἀπάτην
2495 1297 2645 1367 αύτῷ
2697 1297 2791 1349 τοῦ
2845 1296 3120 1365 δράματος
3160 1294 3759 1362 συγκατασκευαζόμενος

2227 1391 2508 1458 Θεοφάνης
2541 1391 2747 1450 ἐκεῖνος
2772 1383 2861 1457 ἦν,
2893 1387 3154 1457 κληρικδς
3206 1385 3307 1457 μὲν
3333 1386 3451 1439 τότε
3497 1385 3758 1455 βασιλικὸς,

2228 1481 2325 1533 καὶ
2352 1472 2529 1543 δόξαν⁵
2541 1476 2733 1545 σοφίας
2763 1476 2964 1540 ἱκανῶς
3011 1476 3156 1543 ἔχειν
3186 1474 3337 1547 παρά
3364 1472 3440 1543 τῷ
3469 1472 3662 1541 βασιλεῖ
3687 1491 3751 1526 νο-

2237 1571 2562 1642 μιζόμενος,
2621 1568 2849 1641 ὕστερον
2896 1568 2954 1621 δὲ
3004 1567 3339 1639 Καισαρείας
3408 1565 3763 1627 Καππαδοκίας

2236 1663 2535 1725 ἐπίσκοπος
2580 1660 2856 1730 γεγονὼς,
2912 1656 3077 1714 ἆθλον
3125 1658 3326 1729 δηλαδὴ
3377 1657 3531 1711 τοῦτο
3570 1656 3659 1726 τῆς
3682 1673 3764 1709 κα-

2238 1755 2522 1824 κοτεχνίας
2576 1753 2785 1822 ταύτης
2833 1750 3036 1806 λαϐών.
3074 1750 3269 1804 Λαϐὼν
3321 1749 3431 1819 γὰρ
3456 1747 3515 1801 τὸ
3554 1746 3766 1816 πλασμαο

542 1864 699 1934 rique
720 1836 947 1925 librum,
971 1859 1115 1913 velut
1147 1856 1363 1912 caeteris
1386 1853 1646 1909 omnibus
1670 1845 2133 1905 admirabiliorem

2238 1848 2402 1909 τώδες
2456 1849 2632 1899 ἐκεῖνο
2684 1844 2929 1915 βιϐλίον,
2969 1842 3067 1897 καὶ
3112 1844 3175 1912 τῇ
3224 1839 3569 1911 βιϐλιοθήκῃ.
3617 1836 3766 1899 καθὼς

541 1963 596 2007 et
624 1952 840 2008 arcanis
872 1948 1236 2011 refertiorem,
1265 1944 1489 2000 exhibet
1528 1960 1543 1997 :
1592 1939 1922 2008 simulatque
1964 1948 2140 2003 neque

544 2062 626 2113 sc,
654 2060 831 2116 neque
858 2042 1169 2098 mortalium
1196 2051 1524 2110 quemquam
1554 2035 1676 2102 ejus
1701 2030 1976 2105 mysteria,
2002 2041 2140 2099 prae-

543 2149 629 2195 ter
652 2153 818 2191 ultum
850 2134 1128 2197 Photium,
1148 2131 1368 2201 assequi
1392 2143 1565 2200 posse.
1587 2125 1729 2198 Ergo
1771 2121 2043 2191 extemplo
2068 2117 2137 2173 ad

546 2227 804 2281 Photium
830 2224 1083 2279 mittitur.
1106 2219 1365 2274 Praetexit
1391 2218 1499 2282 ille,
1526 2214 1657 2270 nulli
1684 2227 1841 2284 posse
1871 2222 2134 2265 arcanum

546 2316 703 2377 illud,
755 2313 858 2367 nisi
892 2311 992 2368 soli
1026 2307 1346 2379 imperatori
1385 2304 1679 2367 committi,
1735 2302 1803 2355 de
1837 2314 1947 2369 quo
2002 2296 2136 2352 illud

547 2407 728 2477 ipsqu
754 2402 1124 2474 perscriptum
1152 2407 1322 2453 esset.
1356 2394 1497 2462 Quid
1527 2392 1728 2465 igitur?
1768 2391 1979 2460 capitur
2026 2389 2133 2443 im-

548 2497 820 2565 peratoris
893 2493 1141 2550 salicitas
1179 2490 1286 2546 hac
1326 2488 1532 2551 fabula,
1566 2495 1620 2541 et
1665 2499 1790 2539 cum
1845 2481 2045 2536 Pbotio
2078 2480 2133 2534 in

547 2590 783 2661 gratiam
821 2586 984 2642 redit.
1020 2583 1209 2640 Solent
1242 2583 1389 2638 enim
1423 2580 1637 2642 faustze,
1666 2575 1921 2647 quamvis
1951 2572 2135 2628 vanis-

549 2682 703 2736 simae
765 2678 1179 2750 praedicationes
1215 2674 1489 2731 excelsam
1539 2681 1594 2727 et
1638 2669 1823 2741 gloriae
1875 2673 2136 2737 appeten~

547 2774 746 2829 liorem
784 2769 1017 2824 indolem
1049 2767 1271 2823 eludere
1295 2775 1350 2821 et
1376 2777 1639 2819 enervare
1666 2801 1681 2827 ,
1717 2759 2041 2829 penitusque
2078 2756 2131 2811 in

547 2878 706 2919 suam
744 2870 1071 2931 potestatem
1122 2858 1391 2927 redigere.
1445 2854 1573 2910 Haec
1603 2854 1743 2908 inter
1780 2850 2040 2906 Basiliam
2079 2856 2133 2903 et

546 2955 805 3010 Photium
835 2954 991 3022 origo
1031 2950 1434 3006 familiaritatis.
1491 2948 1632 3002 Hinc
1688 2943 1942 2999 Ecclesiae
1979 2951 2131 2996 tran-

548 3049 754 3113 quilltls
781 3055 957 3101 status
993 3044 1241 3100 funditus
1296 3056 1545 3097 eversus.
1585 3038 1711 3093 Haec
1737 3037 1928 3107 primae
1957 3035 2133 3089 turbae

549 3155 599 3195 et
621 3141 986 3196 dissensionis
1009 3138 1409 3207 rediutegratio.
1430 3136 1570 3191 Hinc
1587 3133 1839 3189 assiduus
1856 3132 1909 3185 in
1929 3129 2131 3199 palatio

550 3232 785 3287 Photius
814 3231 1249 3286 benevolentiam
1274 3226 1627 3299 imperatoris
1688 3224 1877 3279 furtim
1900 3222 2129 3291 collige-

552 3327 667 3389 bat,
701 3334 756 3380 et
794 3323 1015 3380 demum
1056 3325 1175 3379 suis
1204 3320 1502 3391 praestigiis
1528 3328 1584 3374 et
1610 3332 1828 3372 morum
1857 3312 2133 3368 illecebris

555 3427 730 3472 totum
774 3416 877 3470 sibi
935 3415 1113 3470 virum
1164 3411 1484 3467 vindicavit.
1534 3407 1758 3462 Exstitit
1785 3420 1910 3459 mox
1940 3413 1995 3459 et
2028 3403 2134 3456 alia

552 3507 979 3563 nere-situdiuis
1010 3504 1251 3566 occasio,
1270 3503 1596 3556 Theodorus
1622 3501 1712 3554 ille
1743 3497 1934 3552 habitu
1960 3503 2136 3549 veste-

550 3615 661 3661 oue
716 3600 769 3653 in
840 3599 1076 3669 speciem
1128 3594 1455 3657 monachus,
1513 3592 1758 3646 omnium
1803 3596 1984 3642 autem
2037 3586 2138 3639 im-

555 3693 855 3761 proborum
938 3687 1416 3759 improbissimus,
1470 3693 1526 3738 et
1605 3680 1952 3738 versutorum
2014 3692 2137 3732 ver-

550 3786 907 3846 sutissimus,
1006 3768 1459 3839 Santabarcnus.
1529 3779 1790 3849 inquam,
1856 3774 1924 3830 de
1988 3788 2133 3843 quo,

551 3879 769 3946 opinor,
812 3874 1101 3928 audivistis
1136 3886 1349 3926 omnes.
1400 3868 1557 3925 Hunc
1616 3867 1804 3930 nescio
1859 3865 2136 3935 quomodo

548 3966 826 4038 repertum
859 3968 1023 4036 (nam
1087 3980 1270 4037 pares,
1309 3972 1372 4018 ut
1405 3960 1628 4021 dicitur,
1651 3973 1778 4014 cum
1800 3956 2030 4028 paribus
2056 3955 2136 4008 fa-

549 4065 655 4119 cile
695 4064 1145 4134 congregantur),
1191 4067 1253 4114 ut
1292 4057 1471 4113 virum
1514 4052 1778 4125 singulari
1826 4048 2135 4110 sanctitate,

547 4156 917 4228 praescientia,
940 4169 1235 4219 rerumque
1259 4151 1568 4206 futurarum
1590 4146 1905 4218 cognitione
1932 4142 2138 4213 pollen—

548 4249 823 4304 tissimum
846 4266 858 4302 :
882 4248 1081 4317 quibus
1110 4255 1291 4302 tamen
1312 4244 1608 4299 virtutibus
1629 4257 1735 4296 non
1762 4240 1937 4297 solum
1962 4236 2139 4293 caruit

552 4340 813 4395 omnibus
832 4380 847 4405 ,
876 4339 971 4394 scd
1001 4348 1214 4401 contra,
1248 4345 1307 4390 ut
1337 4337 1493 4391 aiunt
1513 4375 1528 4396 ,
1559 4334 1788 4403 magicis
1818 4331 2135 4402 prmstigiis.

553 4439 608 4482 ct
658 4428 965 4489 ariolamli,
1016 4426 1384 4495 conjectandi,
1428 4423 1765 4486 incantandi,
1816 4422 2139 4489 animasque

2241 1938 2414 2003 εἷπον,
2445 1938 2806 2007 ἀποθέμενος,
2840 1932 2961 1988 εἶτα
3007 1934 3158 2005 ὥρας
3192 1932 3415 1986 εὐθέτου
3443 1929 3764 2001 δραξάμενος,

2240 2032 2574 2086 ἐπιδείκνυσι
2600 2029 2679 2101 τῷ
2705 2028 2935 2098 βασιλεῖ,
2960 2027 3035 2090 ὡς
3058 2027 3274 2081 πάντων
3302 2025 3398 2078 καὶ
3426 2021 3630 2093 βιϐλίων
3665 2020 3768 2073 θαυ-

2242 2125 2586 2195 μασιώτατον
2633 2120 2729 2175 καὶ
2769 2116 3179 2191 μυστικώτατον
3207 2116 3291 2172 δν.
3328 2116 3630 2186 Σκήπτεται
3658 2113 3768 2164 ἀπο-

2241 2220 2355 2287 ρεῖν
2375 2255 2389 2280 ,
2447 2215 2548 2268 οὐκ
2580 2212 2740 2276 αὐτὸς
2774 2212 2932 2282 μόνος
2953 2251 2967 2269 .
3002 2209 3117 2262 ἀλλ’
3145 2207 3253 2261 οὐδ’
3281 2206 3444 2268 ἄλλος
3480 2221 3580 2268 τις,
3613 2203 3764 2272 φησὶν,

2238 2308 2567 2379 ἀνθρώπων,
2599 2308 2629 2377 ἢ
2666 2304 2898 2366 Φώτιος,
2950 2302 3109 2356 τοῦτο
3154 2298 3452 2367 διαγνῶναι
3496 2292 3678 2349 δύναιτ’
3698 2291 3763 2346 ἄν.

2238 2400 2427 2454 Τοίνυν
2447 2398 2607 2462 εὐθὺς
2633 2396 3021 2452 ἀποστέλλεται
3043 2392 3177 2461 πρὸς
3197 2389 3384 2445 αὐτόν.
3412 2386 3766 2459 Σχηματίξεται

2237 2497 2463 2559 ἐκεῖνος,
2513 2493 2590 2565 μὴ
2626 2490 2887 2546 δύνασθαι
2925 2489 3062 2560 πρὸς
3099 2488 3258 2542 ἄλλον
3301 2486 3480 2538 εἰπεῖν
3511 2482 3569 2536 τδ
3598 2479 3768 2550 μυστή-

2240 2604 2377 2659 ριον,
2427 2586 2461 2657 ἢ
2503 2584 2641 2655 πρὸς
2688 2582 2850 2636 αὐτὸν
2907 2579 3050 2650 ὑπὲρ
3097 2572 3159 2633 οὗ
3206 2576 3303 2630 καὶ
3356 2575 3655 2644 γέγραπται
3694 2566 3766 2622 τοῦ

2246 2677 2527 2749 βασιλέως.
2558 2676 2625 2728 Τί
2654 2672 2748 2728 οὖν
2776 2691 2792 2739 ;
2821 2673 3051 2742 ἡττᾶται
3083 2669 3272 2723 λοιπὸν
3312 2667 3417 2737 τῆς
3462 2662 3767 2738 ῥᾳδιουργίας

2240 2768 2447 2839 ταύτης
2476 2769 2504 2820 ὀ
2531 2765 2829 2827 Βασίλειος,
2860 2761 3180 2816 ἀποτίθεται
3207 2759 3305 2829 τὴν
3335 2758 3666 2827 δυσμένειαν,
3692 2750 3767 2805 καὶ

2234 2863 2315 2924 είς
2347 2857 2698 2924 καταλλαγὰς
2749 2853 3002 2909 ἐντεῦθεν
3050 2854 3238 2923 χωρεῖ.
3274 2845 3401 2904 Οἵδε
3438 2848 3541 2917 γὰρ
3572 2842 3767 2917 ήᾶγαθὴ

2234 2953 2562 3024 πρίρρησις,
2596 2948 2701 3002 κᾶν
2726 2948 2808 3000 ὅτι
2844 2945 3080 3017 μάλιστα
3124 2942 3324 3012 ψευδὴς
3351 2936 3409 3013 ᾖ,
3443 2932 3768 3007 καταχαυνυῦν

2244 3046 2341 3099 καὶ
2391 3043 2603 3098 ἐκλύειν
2636 3041 2731 3094 καὶ
2764 3039 2892 3109 ὅλην
2938 3035 3138 3104 ἑαυτῆς
3191 3033 3467 3087 ποιεῖσθαι
3514 3028 3607 3098 τὴν
3633 3039 3768 3097 μιγα-

2237 3139 2476 3208 λόφρονα
2550 3136 2645 3189 καὶ
2718 3129 3129 3203 φιλοδοξοτάτην
3213 3124 3417 3195 ψυχήν.
3464 3121 3629 3175 Τοῦτο
3662 3115 3769 3184 πρὸς

2235 3206 2517 3284 Βασίλειον
2561 3229 2660 3297 τῆς
2688 3225 2785 3280 τοῦ
2817 3223 3027 3277 Φωτίου
3077 3218 3262 3290 φιλίας
3291 3218 3469 3288 ἀρχή⁶
3519 3212 3665 3268 τοῦτο
3693 3206 3771 3275 τῆς

2235 3319 2698 3391 ὲκκλησιαστικῆς
2724 3318 2951 3388 εἰρήνης
2984 3312 3303 3372 κατάλυσν,
3341 3310 3439 3362 καὶ
3465 3305 3562 3375 τῆς
3586 3300 3772 3374 πρώτης

2236 3411 2648 3474 ἀκαταστασίας
2701 3407 3022 3469 ἀνανέωσις.
3088 3402 3372 3458 Ἐντεῦθεν
3422 3395 3648 3466 συνεχῶς
3683 3394 3773 3453 τοῖς

2240 3503 2531 3577 βασιλείοις
2564 3502 2592 3553 ὁ
2620 3499 3010 3569 πολυμήχανος
3040 3490 3408 3563 ἑπεχωρίαζε,
3441 3488 3673 3543 κλέπτων
3697 3482 3774 3552 μὲν

2236 3572 2338 3667 τὴν
2372 3594 2587 3649 εὔνοιαν
2614 3590 2708 3645 τοῦ
2739 3589 3090 3659 κρατοῦντος,
3113 3585 3235 3639 ὅλον
3258 3583 3315 3636 δὲ
3344 3582 3480 3652 πρὸς
3512 3576 3687 3632 ἑαυτδιν
3705 3572 3774 3624 τὸν

2239 3663 2410 3759 ἄνδρα
2458 3687 2579 3749 ταῖς
2621 3681 2897 3755 γοητείαις
2931 3679 3037 3733 τῶν
3065 3677 3239 3744 λόγων
3272 3675 3366 3728 καὶ
3404 3671 3669 3742 αἱμυλίαις

2238 3751 2457 3851 τρόπων
2482 3751 3047 3839 κατασκευαζόμενος.
3092 3764 3420 3831 Ἐπεγένετο
3448 3761 3505 3814 δὲ
3534 3758 3624 3812 καὶ
3666 3751 3776 3819 άλλη

2238 3844 2326 3933 τις
2357 3869 2519 3932 εὐθὺς
2557 3864 2886 3926 οίκειώσεως
2934 3858 3182 3930 ἀφορμή.
3210 3854 3489 3923 Θεόδωρον
3534 3851 3637 3920 γάρ
3664 3844 3777 3899 ἐκεῖ·

2241 3980 2331 4016 νον
2361 3960 2489 4030 ἄχρι
2516 3957 2610 4011 τοῦ
2641 3957 2921 4030 σχήματος
2951 3951 3059 4005 τῶν
3094 3946 3328 4019 ἱματίων
3357 3943 3555 4004 ἀϐϐἄν,
3586 3939 3771 3993 πάντων

2239 4054 2298 4107 δὲ
2337 4049 2526 4105 δεινῶν
2577 4048 2704 4102 ὄντα
2733 4044 3056 4107 δεινότατον,
3090 4041 3184 4093 καὶ
3207 4036 3535 4107 πανούργων
3574 4043 3775 4096 πανουρ·

2241 4147 2489 4216 γότατον,
2523 4141 2614 4194 τὸν
2644 4131 3061 4206 Σανταϐαρηνὸν
3092 4128 3188 4186 οἶδ’
3216 4131 3297 4185 ὅτι
3329 4129 3530 4192 πάντες
3552 4121 3774 4216 ἀκούετεο

2240 4209 2432 4293 τοῦτον
2469 4234 2570 4289 οὐκ
2606 4229 2701 4286 οἷδ’
2743 4233 2890 4292 ὅπως
2937 4231 2965 4281 ὁ
3003 4225 3207 4288 Φὼτιος
3237 4219 3491 4293 εὑρηκὼς
3543 4214 3665 4286 (καὶ
3695 4209 3779 4279 γὰρ

2241 4330 2321 4401 τῷ
2349 4328 2522 4401 ὁμοίῳ
2547 4323 2735 4390 αὐτοῦ,
2769 4322 2912 4378 κατά
2933 4322 3034 4393 τὴν
3068 4317 3391 4389 παροιμίαν,
3408 4304 3779 4385 προσκολληθή-

2245 4440 2397 4478 σεται
2424 4419 2609 4491 ἁνὴρ),
2641 4419 2718 4482 ὡς
2755 4415 2924 4485 ἄνδρα
2971 4415 3146 4490 ἅγιον,
3183 4411 3279 4463 καὶ
3338 4401 3778 4491 διορατικὼτατον.

554 4520 819 4575 evocandi
851 4488 1063 4574 artibus
1101 4488 1331 4588 insignis
1370 4488 1674 4573 habebatur
1707 4532 1720 4568 :
1779 4515 1927 4570 hunc
1964 4488 2134 4581 impe-

2243 4515 2337 4566 καὶ
2391 4508 2898 4582 προφητικώτατον,
2921 4488 3097 4558 ταῦτα
3139 4501 3237 4571 μὲν
3288 4500 3394 4553 οὐκ
3439 4497 3587 4559 ὄντα,
3617 4488 3777 4550 mea;

558 4612 726 4665 ratori
781 4613 963 4677 sistit,
1014 4612 1419 4681 'immensisque
1479 4609 1813 4666 celebratum
1879 4606 2134 4661 laudibus

557 4704 928 4759 commendat.
962 4702 1211 4771 Cumque
1239 4702 1353 4772 jam
1388 4702 1716 4768 imperatore
1746 4699 1940 4754 intimo
1980 4694 2139 4751 fami-

556 4795 964 4865 liarissimoque
988 4802 1252 4863 uteretur,
1284 4793 1511 4849 Photius
1536 4808 1633 4862 per
1666 4807 1789 4847 eum
1814 4789 2140 4861 patriarchae

554 4887 768 4957 lgnatio
793 4887 1100 4949 insidiatur,
1118 4886 1412 4958 sedemque
1447 4885 1705 4940 amissam
1736 4883 1951 4937 occulte
1983 4896 2138 4935 recu-

557 4995 751 5049 perare
783 4990 1050 5044 conatur,
1103 4979 1319 5049 sibique
1363 4979 1546 5033 denuo
1588 4976 1825 5031 reditum
1874 4974 2139 5041 sacrilege

555 5080 855 5140 comparat.
884 5070 1041 5137 Quod
1062 5081 1241 5124 tamen
1265 5071 1352 5124 ubi
1382 5069 1499 5123 lore
1519 5068 1734 5123 diﬂicile
1759 5068 1951 5129 sensit,
1979 5080 2138 5134 aper-

544 5172 630 5224 .Ie,
679 5171 740 5218 ut
783 5163 836 5217 in
881 5163 1246 5218 sacerdotium
1290 5163 1686 5223 restitueretur,
1721 5176 1751 5215 a
1794 5159 1909 5214 viro
1944 5166 2139 5213 saneto

544 5252 704 5306 .omni
740 5268 842 5321 ope
879 5253 1186 5307 contendit.
1233 5251 1337 5306 Sed
1367 5252 1676 5323 patriarcha
1714 5265 1986 5305 canonum
2050 5248 2138 5301 di-

553 5346 830 5411 vinorum,
867 5349 1156 5417 legumque
1186 5344 1683 5400 ecclesiasticarum
1723 5341 2141 5398 observantiszsi-

556 5451 700 5501 mus,
740 5437 958 5491 tametsi
988 5437 1339 5491 vehementer
1378 5436 1728 5499 sollicitatus,
1774 5433 1922 5487 illum
1956 5442 2136 5487 tamen

541 5526 704 5582 .haud
736 5528 978 5594 admisit,
1012 5543 1112 5584 nec
1136 5527 1405 5599 grassanti
1440 5527 1567 5596 lupo
1595 5526 1830 5581 reditum
1847 5524 1917 5579 ad
1935 5521 2137 5579 Christi

557 5617 771 5671 caulam
798 5618 1043 5685 indulsit,
1068 5634 1133 5673 ne
1150 5633 1333 5673 secum
1354 5619 1469 5686 ipse
1492 5623 1775 5687 pugnaret,
1793 5629 2031 5684 suasque
2051 5628 2140 5681 0p-

560 5721 824 5777 pugnaret
866 5712 1313 5781 subscriptiones.
1343 5711 1646 5780 meritoque
1679 5707 2136 5776 deindedegradu

553 5801 1246 5871 diSllitatisdeturbarctur.
1264 5804 1395 5861 Nam
1419 5819 1448 5863 a
1476 5804 1683 5874 synodo
1696 5801 1797 5858 rite
1812 5812 2136 5857 exauctora-

2240 4578 2522 4672 mnoG-vs
2553 4578 2649 4657 καὶ
2671 4600 2783 4654 δεῖ·
2823 4597 3087 4680 μαντικῆς
3116 4594 3195 4659 δὲ,
3230 4591 3433 4663 μᾶλλον
3463 4589 3520 4644 δὲ
3549 4578 3780 4680 μαγικῆςο

2241 4696 2395 4764 φασὶ,
2426 4694 2524 4749 καί⁹
2551 4691 3010 4764 ὀνειροκριτικῖκ,
3040 4672 3164 4759 ἦτοι
3195 4684 3581 4757 δαιμονιώδους
3622 4672 3781 4742 σοφίας

2239 4787 2334 4843 καὶ
2356 4788 2592 4858 ψυχικῆς
2627 4783 3002 4855 μετεσχηκότα
3025 4779 3103 4850 τῷ
3131 4777 3498 4847 αὐτοκράτορι
3524 4770 3780 4845 προσάγεις

2239 4879 2333 4933 καὶ
2388 4877 2604 4949 μυρίοις
2672 4875 2914 4937 ἐπαίνοις
2948 4872 3282 4943 προσοικειοί
3312 4886 3326 4902 ο
3381 4869 3477 4924 καὶ
3530 4861 3782 4933 ὲγκόλπιον

2240 4970 2391 5041 αύτῷ
2437 4969 2827 5041 ποιησάμενος,
2857 4965 2934 5037 τῷ
2956 4964 3287 5045 ιπατριάρχῃ
3321 4978 3422 5032 μεν
3462 4954 3781 5015 ἐπεϐούλευε.

2242 5064 2337 5117 καὶ
2371 5062 2471 5133 τὴν
2502 5061 2612 5116 ἀπὸ
2654 5059 2749 5114 τοῦ
2793 5044 3193 5129 πατριαρχείου
3246 5054 3397 5125 ρίψιν
3422 5053 3491 5107 δι’
3524 5048 3677 5107 αὐτοῦ
3707 5044 3786 5114 βα-

2243 5156 2380 5217 θέως
2405 5153 2629 5219 ἐπάγειν
2660 5151 2941 5219 ἐπειρᾶτο,
2971 5147 3149 5219 ἑαυτῷ
3188 5148 3244 5200 δὲ
3272 5142 3431 5208 αὖθις
3469 5143 3673 5212 ἀνόμως
3701 5133 3780 5203 τὴν

2237 5245 2504 5302 ἀνάϐασιν
2540 5246 2761 5315 ὲμνᾶτο.
2832 5244 2984 5295 Ἐπεὶ
3014 5242 3072 5294 δὲ
3119 5239 3278 5294 τοῦτο
3332 5235 3540 5292 συνεῖδε
3580 5226 3780 5298 σκληρὸν

2241 5339 2320 5401 ὃν,
2354 5338 2603 5408 φανερῶς
2631 5339 2710 5400 είς
2747 5334 3049 5406 ἱερωσύνην
3081 5335 3232 5404 παρά
3275 5331 3368 5385 τοῦ
3422 5331 3578 5399 ἁγίου
3612 5320 3774 5393 δεχθῖγ

2241 5450 2348 5495 ναι,
2375 5434 2551 5485 πᾶσαν
2576 5431 2890 5501 ἐμηχανᾶτο
2926 5428 3193 5499 μηχανήν.
3232 5424 3375 5481 Ἀλλ’
3408 5428 3439 5480 ὁ
3469 5419 3780 5492 πατριάρχης

2241 5525 2429 5577 κανόσι
2486 5523 2622 5577 Θεοῦ
2695 5525 2791 5576 καὶ
2837 5522 3059 5591 θεσμοῖς
3142 5515 3612 5590 ὲκκλησιαστικοίς
3669 5510 3781 5563 ἀκοο

2239 5615 2467 5679 λουθῶν,
2495 5615 2673 5668 καίτοι
2714 5631 2778 5683 γε
2813 5613 2986 5668 πολλά
3029 5610 3472 5683 παρενοχληθεὶς,
3500 5607 3559 5660 οὐ
3591 5594 3781 5656 κατεδέ-

2241 5707 2389 5774 ξατο,
2412 5707 2532 5759 οὐδὲ
2561 5704 2639 5775 τῷ
2696 5704 2864 5773 φονίῳ
2896 5703 3045 5774 λύκῳ
3090 5702 3232 5757 κατὰ
3262 5700 3356 5755 τοῦ
3392 5694 3634 5766 ποιμνίου
3662 5686 3780 5755 πάρ·

2241 5802 2359 5854 οδον
2392 5798 2687 5868 παρέσχεν,
2719 5798 2807 5853 ἵνα
2838 5794 2914 5868 μὴ
2946 5794 3108 5861 αὐτὸς
3152 5792 3329 5864 ἑαυτῷ
3355 5784 3672 5861 περιπεσὼν,
3702 5774 3778 5830 καὶ
