4064 6402
305 392 419 458 569

1365 397 1543 457 VITA
1585 395 1646 456 S.
1668 392 1969 455 IGNATII
2006 392 2121 455 CP.
2150 394 2510 463 ABCHIEP.

3340 361 3355 367 ’
3442 392 3550 457 57o

288 510 413 571 ταῖς
440 503 595 569 ἰδίαις
636 503 981 567 ἐναντιωθεὶς
1004 503 1342 573 ὁμολογίαις,
1370 506 1596 569 ἐνδίκως
1628 506 1866 557 ἀποστεο

1971 513 2105 568 tum,
2140 521 2249 560 non
2283 507 2446 561 modo
2470 506 2814 577 provinciali,
2844 506 2939 562 sed
2966 506 3130 562 etiam
3155 505 3419 577 generali,
3450 508 3566 565 imo

298 598 435 669 ρηθῇ
465 597 564 666 τῆς
601 596 792 667 τιμῆς.
845 594 951 650 Τὸν
997 596 1107 668 γὰρ
1153 597 1260 651 ὑπὸ
1305 598 1526 652 συνόδου
1565 596 1870 658 κανονικῶς

297 684 694 758 καθῃρημένον,
721 686 781 738 ού
802 686 1036 755 μρικῆς
1061 687 1244 757 μόνον,
1279 688 1416 742 ἀλλά
1469 691 1567 741 xai.
1608 688 1868 756 οἰκούμε-

302 781 471 846 νικῆς,
529 776 729 847 μᾶλλον
774 776 831 830 δὲ
868 776 944 841 ὡς
997 777 1132 848 μηδὲ
1178 778 1280 849 τὴν
1346 780 1524 849 ἀρχὴν
1593 777 1870 847 ἑνθέσμως

298 873 391 941 τῆς
421 870 705 941 ίεραρχίας
735 869 1016 939 ἁψάμενον
1080 870 1242 924 πλέον
1283 870 1447 924 αὐτὸν
1480 870 1868 939 ἀποκεκηρυγ-

300 965 480 1033 μένον,
510 962 795 1033 ἀμήχανον
825 956 968 1015 εἶναι
996 962 1291 1016 διετείνετο
1318 961 1448 1016 ἀνευ
1502 961 1724 1014 συνόδου
1753 960 1874 1030 μεί-

295 1056 446 1121 ζονος
508 1055 601 1107 καὶ
658 1054 1004 1125 κυριωτέρας
1075 1053 1406 1109 ἀθωοῦσθαι.
1467 1053 1607 1105 Ἀλλ’
1661 1053 1867 1113 ἐκεῖνος

292 1146 502 1207 οὐδενὸς
535 1146 692 1213 λόγον
727 1146 949 1206 κανόνος
988 1145 1020 1216 ἢ
1068 1146 1237 1215 νόμου
1295 1144 1619 1213 ποιούμενος
1647 1183 1661 1204 ,
1693 1140 1870 1211 ἑαυτῷ

290 1240 358 1292 τά
406 1240 505 1302 τῆς
556 1237 861 1308 ἱερωσύνης
917 1239 1187 1307 ἐπέτρεψε
1222 1257 1236 1269 ο
1271 1237 1364 1290 καὶ
1416 1237 1516 1307 ἤδη
1560 1235 1696 1306 πρὸς
1759 1237 1871 1296 τοῖς

295 1329 584 1400 βασιλείοις
616 1329 711 1382 ἐπὶ
733 1332 798 1400 τῇ
821 1329 986 1382 καλου
998 1330 1136 1402 μένῃ
1162 1328 1473 1400 Μαγναύρᾳ
1521 1326 1867 1398 καταμένων,

291 1423 558 1492 ὲξάρχους
600 1439 662 1475 τε
701 1422 1089 1490 προεϐάλλετο,
1140 1421 1579 1492 καὶχειροτονίας
1597 1420 1869 1481 ἐπετέλει,

289 1513 383 1566 καὶ
416 1513 518 1566 ὅσα
550 1513 685 1584 πρὸς
731 1511 889 1582 ὖὸριν
923 1512 1023 1581 μὲν
1058 1516 1157 1583 τῆς
1201 1513 1529 1582 Ἐκκλησίας
1570 1511 1664 1564 τοῦ
1708 1507 1868 1571 Θεοῦ,

290 1599 470 1669 θλίψιν
516 1600 573 1653 δὲ
629 1600 726 1653 τοῦ
780 1599 1144 1670 πατριάρχου,
1181 1598 1460 1653 ἀπώλειαν
1497 1599 1553 1651 δὲ
1587 1599 1687 1666 τῆς
1731 1597 1871 1678 ιδίας

286 1680 488 1758 ψῦχῆς,
517 1687 747 1749 ἀνοσίως
772 1689 800 1740 ὁ
828 1686 1193 1749 ἀνοσιώτατος
1237 1687 1549 1756 εἰργάζετο.
1579 1684 1738 1737 Οὕτω
1770 1682 1871 1751 τῆς

289 1778 578 1849 βασιλικῆς
601 1776 818 1840 εὐθείας
852 1778 1199 1845 κατεφρόνει,
1232 1775 1433 1847 μᾶλλον
1461 1775 1519 1829 δὲ
1544 1776 1645 1845 τῆς
1670 1773 1872 1844 ἀνοχῆς

1975 597 2067 665 qui
2117 613 2214 652 nec
2246 599 2317 653 ab
2360 599 2516 654 initio
2558 597 2778 666 quidem
2812 613 3051 667 unquam
3094 597 3340 666 legitime
3375 600 3562 655 sedem

1976 704 2186 743 sacram
2214 700 2561 758 occupasset,
2581 700 2747 760 atque
2778 691 3005 758 insuper
3033 690 3246 759 publice
3272 689 3567 747 damnatus

1974 794 2140 846 esset,
2165 786 2268 839 nisi
2315 785 2505 855 majori
2553 795 2607 840 et
2665 783 2947 854 amplioris
2974 782 3321 838 auctoritatis
3355 784 3566 855 synodo

1976 888 2086 928 non
2129 888 2288 942 posse
2330 873 2541 928 absolvi
2575 872 2963 928 contendebat.
3011 871 3084 926 At
3127 870 3218 926 ille
3258 871 3565 927 canonibus

1974 963 2296 1035 legibusque
2319 966 2668 1034 contemptis.
2695 964 2947 1032 ultroque
2975 965 3078 1020 sibi
3122 964 3432 1019 sacerdotio
3457 964 3556 1016 de-

1976 1070 2087 1110 nuo
2132 1065 2407 1125 arrugato,
2464 1056 2690 1111 sedebat
2732 1055 2787 1109 in
2840 1054 2984 1120 regia
3043 1053 3338 1125 Magnaura
3395 1053 3565 1114 dicta.

1975 1147 2315 1202 constituens
2343 1150 2631 1209 exarchos,
2667 1156 2722 1201 et
2766 1161 2954 1201 sacros
2984 1146 3207 1199 ordines
3252 1144 3565 1199 conferens.

1976 1234 2109 1288 Nam
2150 1235 2415 1305 quidquid
2463 1236 2529 1290 ad
2586 1235 2843 1290 Ecclesiae
2890 1234 3305 1299 contumeliam,
3353 1235 3568 1303 virique

1975 1324 2149 1379 sancti
2180 1326 2547 1386 atilietionem,
2578 1340 2848 1393 suumque
2876 1325 3049 1394 ipsius
3094 1324 3319 1378 exitium
3352 1332 3568 1392 specta-

1974 1416 2087 1480 bat,
2119 1418 2378 1488 sacrilege
2413 1416 2831 1487 profanissimus
2861 1417 3116 1471 audebat:
3156 1415 3295 1470 adeo
3325 1415 3567 1484 impera-

1975 1510 2112 1564 toris
2138 1510 2507 1579 simplicitate.
2538 1510 2649 1563 imo
2684 1509 2845 1578 longa
2887 1507 2979 1563 Dei
3007 1506 3264 1577 patientia
3301 1517 3356 1561 et
3390 1505 3566 1575 pmni-

1973 1601 2156 1654 tentia:
2216 1601 2622 1669 exspectatione
2708 1601 2913 1654 abusus
2989 1602 3153 1654 homo
3237 1599 3565 1653 ambitiosus

1975 1691 2313 1761 pessimique
2371 1693 2650 1762 exetnpli,
2712 1701 2766 1747 et
2818 1693 3074 1762 palatinis
3129 1693 3390 1747 omnibus
3455 1690 3562 1745 sibi

1977 1783 2308 1846 conciliatis,
2331 1799 2571 1852 suasque
2596 1786 2649 1838 in
2674 1795 2858 1853 partes
2878 1784 3161 1842 traductis.
3194 1785 3395 1838 latente
3419 1783 3568 1838 intus

285 1867 377 1921 τοῦ
422 1866 560 1920 Θεοῦ
588 1866 683 1920 καὶ
717 1866 1103 1937 μακροθυμίας
1130 1867 1161 1920 ό
1192 1865 1491 1936 δοξοχαρὴς
1530 1865 1737 1927 ἐκεῖνος
1774 1865 1866 1918 καὶ

1975 1876 2185 1930 scelere
2231 1875 2402 1928 multo
2436 1891 2600 1944 quam
2635 1884 2797 1949 antea
2838 1876 3011 1943 magis
3047 1877 3400 1944 apertiusque
3435 1890 3565 1945 pro-

287 1958 708 2020 σκανδαλοποιδς
720 1958 1003 2029 ἄνθρωπος
1028 1957 1409 2029 ὑπερφρονῶν,
1427 1958 1522 2011 κοιλ⁵
1541 1957 1649 2011 πᾶν
1661 1956 1722 2010 τὸ
1744 1956 1874 2025 περὶ

284 2052 374 2105 τὸν
394 2050 624 2120 βασιλέα
640 2049 1038 2122 θεραπευτικὸν
1063 2051 1158 2104 καὶ
1178 2049 1402 2103 οἰκίδιον
1417 2048 1870 2117 ὑποποιούμενος,

287 2144 380 2197 καὶ
401 2143 505 2214 τὴν
520 2142 921 2212 ὲνδομυχοῦσαν
941 2141 1089 2212 αὐτῷ
1104 2142 1305 2211 κακίαν
1335 2141 1430 2195 καὶ
1453 2140 1721 2210 πονηρίαν
1737 2139 1872 2195 πολὺ

289 2236 491 2305 μᾶλλον
527 2237 560 2308 ἢ
584 2236 774 2307 πρώην
796 2237 1052 2289 ἐντονωτέ
1062 2252 1160 2305 ραν
1178 2233 1642 2303 ἐπιδεικνύμενος,
1659 2233 1752 2285 καὶ
1773 2232 1873 2300 τὴν

285 2329 391 2381 ἀπὸ
408 2329 512 2395 τῆς
536 2330 809 2397 κοσμικῆς
822 2329 1147 2392 δυναστείας
1194 2327 1375 2397 πολλῷ
1397 2328 1558 2381 πλέον
1586 2326 1873 2395 προσλαμ-

284 2419 579 2489 ϐανόμενος
603 2421 800 2491 ῥοπήν
824 2419 1147 2492 οὖπωτρίτη
1170 2421 1418 2490 μετὰτὴν
1432 2421 1524 2473 τού
1554 2421 1708 2486 ἁγίου
1731 2435 1875 2488 παρα

284 2508 411 2578 ἦλθε
439 2511 774 2581 μετάστασιν
806 2510 1012 2582 ἡμέρα,
1045 2511 1245 2565 καὶτὸν
1264 2511 1659 2581 πατριαρχικὸν
1677 2512 1872 2563 ἐπικα-

287 2603 624 2671 ταλαμϐάνει
643 2604 852 2674 θρόνον,
865 2606 959 2657 καὶ
972 2605 1072 2673 τὴν
1088 2604 1255 2657 πάλαι
1274 2603 1574 2676 λῃστρικὴν
1591 2602 1756 2655 αὑτοῦ
1777 2603 1873 2656 καὶ

284 2695 620 2765 τυραννικὴν
644 2693 893 2765 γνώμην,
918 2695 1014 2749 καὶ
1041 2695 1139 2766 τὴν
1176 2693 1318 2747 κατά
1356 2693 1451 2747 τοῦ
1491 2693 1647 2761 ἁγίου
1672 2691 1872 2745 λύτταν

246 2794 253 2800 “
286 2786 700 2853 ἀνανεούμενος,
718 2789 928 2849 πάντας
947 2788 1044 2858 μὲν
1072 2786 1200 2849 τοὺς
1220 2787 1456 2848 οἰκείους
1479 2785 1688 2839 ἐκείνου
1707 2784 1871 2854 θερα-

287 2881 490 2944 πευτὰς
511 2879 779 2948 φυλακαῖς
810 2883 905 2934 καὶ
924 2881 1160 2951 πληγαῖς
1190 2879 1285 2931 καὶ
1306 2876 1542 2947 ὲξορίαις
1566 2878 1660 2930 καὶ
1684 2877 1868 2947 θλίψε-

289 2991 369 3028 σιν
385 2976 706 3043 ἀνηκέστοις
723 2975 1045 3044 περιέϐαλεν
1064 2988 1079 3003 ο
1108 2973 1318 3034 πάντας
1338 2970 1395 3024 δὲ
1418 2970 1543 3032 τοὺς
1562 2969 1872 3037 ἀντιλέγον-

289 3080 382 3128 τας
408 3062 578 3117 αύτοῦ
610 3066 675 3134 τῇ
704 3065 896 3134 ἀνόδῳ,
933 3065 1010 3127 ὠς
1029 3063 1090 3116 ού
1122 3058 1445 3123 κανονικῶς,
1476 3059 1592 3111 ἀλλ’
1612 3059 1869 3129 άθέσμως

293 3151 383 3206 καὶ
421 3153 759 3223 παρανόμως
793 3154 1087 3226 γενομένῃ,
1153 3153 1373 3223 μυρίαις
1417 3153 1688 3212 ἐπινοίαις
1733 3167 1870 3203 κατ·

1978 1969 2121 2030 dito,
2173 1967 2456 2036 multoque
2510 1967 2717 2037 majore
2762 1982 2928 2037 quam
2976 1975 3134 2020 antea
3183 1966 3232 2019 vi
3285 1966 3568 2020 saecularis

1976 2058 2266 2130 potestatis
2289 2067 2627 2127 comparata,
2653 2074 2762 2112 non
2791 2067 2925 2123 toto,
2954 2073 3117 2125 quam
3141 2057 3381 2127 lgnatius
3410 2057 3568 2111 obie-

1976 2159 2084 2215 rat,
2136 2150 2319 2205 triduo
2361 2149 2572 2218 elapso,
2626 2151 2863 2204 tribunal
2900 2149 3285 2218 patriarchale,
3314 2157 3569 2204 revocata

1974 2240 2204 2310 pristina
2244 2253 2295 2294 et
2326 2241 2630 2310 patricidali
2663 2241 3059 2311 tyrannicaque
3092 2250 3294 2307 mente,
3329 2255 3569 2309 occupa-

1974 2331 2087 2390 vit;
2118 2339 2171 2383 et
2215 2328 2402 2382 furore
2431 2330 2698 2384 adversus
2737 2338 2988 2384 sanctum
3020 2340 3304 2395 renovato,
3338 2339 3571 2383 cunctos

1976 2419 2124 2472 illius
2169 2418 2506 2473 domesticos
2536 2433 2602 2472 ac
2645 2422 2835 2473 servus
2872 2417 3142 2473 custodiis
3166 2457 3181 2480 ,
3217 2418 3560 2482 verberibus,

1973 2508 2205 2573 exsiliis,
2235 2507 2469 2575 aliiSque
2499 2498 2855 2563 intolerandis
2880 2508 3038 2563 malis
3078 2518 3129 2562 et
3167 2508 3434 2563 aerumnis
3463 2524 3564 2577 op-

1972 2598 2192 2669 pressit.
2243 2596 2588 2651 Provectioui
2647 2612 2812 2666 porro
2875 2597 3023 2651 illius
3076 2605 3267 2650 contra
3317 2596 3463 2667 leges
3509 2604 3567 2651 et

1974 2689 2287 2745 sanctiones
2319 2688 2722 2744 ecclesiasticas
2758 2687 2914 2743 facta:
2945 2688 3260 2758 quicunque
3292 2702 3567 2757 repugna-

1974 2782 2127 2848 bant,
2183 2781 2285 2835 hos
2329 2780 2477 2836 mille
2510 2782 2723 2835 artibus
2771 2781 3126 2851 expugnavit.
3183 2780 3334 2835 Alios
3364 2781 3568 2849 quippe

1973 2874 2294 2928 muneribus
2318 2883 2371 2929 et
2417 2873 2723 2928 honoribus
2761 2874 3177 2944 permulcendo.
3218 2873 3300 2926 vel
3351 2873 3567 2928 scdium

1972 2962 2363 3031 episcopalium
2424 2964 2964 3031 permutationibus,
3014 2963 3082 3017 ad
3131 2963 3450 3017 societatem
3510 2970 3570 3016 et

1973 3054 2418 3108 communionem
2461 3054 2707 3108 attraxit.
2740 3054 2894 3110 Alios
2929 3056 3168 3125 primum
3206 3054 3563 3108 criminatio-

1974 3145 2136 3200 nibus
2180 3145 2554 3214 inauditisque
2583 3146 2877 3200 calumniis
2909 3145 3267 3210 traducendo,
3298 3145 3567 3216 graviter-

300 3211 619 3316 εστρατηγει
645 3211 666 3277 ζ
695 3211 1260 3318 ούςΙμὲνὶδώροιςῑκαὶ
1293 3248 1592 3318 ἀξιώμασι,
1625 3211 1722 3299 καὶ
1744 3241 1866 3312 090'-

1977 3251 2084 3305 que
2122 3236 2453 3290 lancinando
2486 3254 2501 3302 ;
2538 3252 2678 3305 quos
2726 3245 2905 3291 tamen
2945 3238 3171 3292 eosdem
3214 3253 3340 3290 mox
3367 3278 3383 3302 ,
3417 3237 3462 3291 si
3506 3250 3568 3291 se

300 3354 397 3388 νων
425 3336 749 3408 μεταθέσεσι
794 3338 931 3409 πρὸς
956 3337 1055 3409 τὴν
1089 3340 1208 3408 μετ’
1250 3339 1416 3393 αὐτοῦ
1450 3336 1733 3391 κοινωνίαν
1771 3337 1870 3387 ἐπ-

294 3431 554 3497 αγόμενος
576 3446 590 3461 ·
617 3429 710 3494 οὒς
738 3430 797 3483 δὲ
826 3431 1201 3499 συκοφαντῶν,
1222 3432 1316 3484 καί
1346 3427 1869 3499 ὲπάἰσχρουργίαις

289 3522 547 3592 ἀρρήτοις
577 3521 849 3591 διασύρων
886 3522 948 3575 τὸ
983 3522 1225 3591 πρῶτον,
1254 3523 1351 3575 καὶ
1376 3521 1588 3590 πικρῶς
1607 3519 1869 3573 διαλοιδο-

292 3609 650 3680 ρούμενος,εῖ
676 3629 758 3675 τις
800 3612 982 3665 αὐτῶν
1027 3614 1178 3684 αὐτῷ
1234 3615 1375 3683 μετά
1433 3613 1612 3665 ταῦτα
1678 3629 1868 3665 κοινω-

288 3700 394 3751 νεῖν
423 3700 875 3771 ἀνωμολόγησεν,
907 3701 1105 3774 αὔραις
1155 3703 1341 3775 φέρειν
1371 3703 1634 3772 ἐξαπίνης
1681 3705 1865 3756 ἐκεῖνα

286 3790 459 3845 πάντα
491 3792 830 3862 παρεχώρει.
864 3794 974 3846 Καὶ
999 3794 1412 3867 συλλειτουργδς
1451 3794 1600 3864 αὐτῷ
1625 3794 1865 3865 σήμερον

284 3887 311 3938 ό
337 3886 611 3956 ἱερόσυλος
634 3886 796 3955 χθέςο
838 3888 934 3940 καὶ
963 3888 1289 3961 ἱεροφάντης
1327 3890 1504 3960 μέγας
1547 3888 1643 3941 καὶ
1686 3888 1864 3958 τίμιος

282 3978 308 4028 ὁ
336 3978 581 4047 κλέπτης
625 3980 721 4031 καὶ
749 3980 947 4047 πόρνος
980 3982 1075 4033 καὶ
1101 3981 1328 4051 βέὸηλος
1350 3981 1545 4053 πρώην
1570 3981 1661 4033 ὑπ’
1692 3979 1862 4041 ,αὐτοῦ

285 4069 399 4139 μεθ’
439 4071 623 4139 ὅρκων
657 4071 1139 4142 ἀποδεικνύμενος.
1166 4072 1275 4136 Οὓς
1301 4074 1356 4126 δὲ
1389 4073 1528 4143 πρὸς
1556 4074 1657 4141 τὴν
1687 4071 1858 4126 αὑτοῦ

282 4161 568 4213 κοινωνίαν
599 4158 751 4230 ἑώρα
778 4160 1023 4232 στερρῶς
1065 4163 1497 4231 ἀνθισταμένους
1559 4163 1862 4233 (ἐνίσταντο

279 4250 333 4303 δὲ
375 4252 602 4317 παντες,
642 4250 759 4304 ὅσοι
803 4252 1021 4322 ἀληθῶς
1062 4256 1163 4324 τῆς
1197 4255 1588 4325 Χριστιανικῆς
1626 4254 1862 4317 πίστεως

279 4343 607 4412 ἀντείχοντο,
639 4342 716 4412 τῷ
744 4344 850 4396 ὑπὸ
868 4344 1031 4412 ἁγίας
1062 4346 1159 4400 καὶ
1190 4346 1582 4415 οἱκουμενικῆς
1640 4346 1862 4399 συνόδου

283 4432 576 4496 κανονικῶς
589 4433 818 4487 ἀνατεθε
825 4452 989 4505 ματισ
994 4437 1141 4508 μένῳ
1159 4438 1251 4491 καὶ
1267 4436 1480 4510 καθῃρη
1489 4439 1634 4508 μένῳ
1653 4440 1858 4490 ἐπικιν-

1979 3332 2047 3387 ad
2075 3331 2194 3401 ejus
2227 3341 2409 3400 partes
2442 3332 2848 3400 adiunxissent,
2882 3348 3051 3387 causa
3078 3342 3185 3387 tota
3216 3332 3394 3388 ventis
3414 3346 3569 3388 com-

1977 3425 2170 3489 missa,
2206 3425 2464 3479 absolvit.
2516 3423 2593 3479 Ita
2633 3426 2728 3495 qui
2763 3426 2927 3480 modo
2959 3426 3038 3480 illi
3078 3426 3385 3496 sacrilegus
3424 3434 3567 3490 erat,

1976 3520 2024 3574 is
2050 3519 2226 3572 eidem
2259 3534 2381 3572 mox
2414 3528 2715 3590 symmysta
2749 3528 2805 3573 et
2837 3518 3217 3573 comminister
3246 3519 3430 3573 (iebat.
3460 3518 3568 3584 Qui

1974 3615 2130 3684 prius
2162 3613 2270 3677 l‘nr,
2300 3614 2535 3678 adulter,
2578 3625 2634 3668 et
2673 3614 2939 3682 profanus
2967 3614 3037 3668 ab
3079 3613 3174 3668 illo
3220 3613 3567 3683 juratissimo

1975 3704 2328 3773 probabatur,
2361 3704 2453 3758 ille
2495 3720 2621 3758 mox
2664 3704 2841 3758 eidem
2879 3720 3111 3774 magnus
3136 3713 3192 3758 et
3219 3705 3568 3761 venerandus

1974 3809 2256 3850 sacrorum
2291 3795 2524 3848 antistes
2566 3793 2890 3849 habebatur.
2941 3793 3092 3859 Quos
3130 3802 3312 3849 autem
3354 3794 3407 3847 iu
3436 3810 3568 3848 sen-

1974 3885 2142 3940 tentia
2167 3884 2354 3939 ﬁrmos
2398 3901 2554 3940 suam
2583 3885 3030 3939 communionem
3065 3884 3279 3951 penitus
3309 3885 3554 3938 aversari

1971 3979 2233 4033 videbat:
2261 3977 2655 4031 aversabantur
2676 3986 2862 4031 autem
2897 3991 3092 4031 omnes
3125 3976 3219 4046 qui
3246 3992 3373 4030 vere
3403 3975 3534 4029 Cbri

1972 4070 2137 4126 stiani
2186 4076 2365 4132 erant,
2397 4069 2604 4137 quique
2642 4082 2967 4135 persuasum
3004 4067 3299 4129 habebant,
3340 4082 3401 4121 se
3438 4081 3566 4121 cum

1969 4175 2036 4215 eo
2061 4160 2153 4229 qui
2183 4175 2212 4213 a
2234 4168 2424 4212 Sancta
2446 4169 2500 4213 et
2521 4158 2862 4213 meumenica
2895 4158 3110 4229 synodo
3132 4158 3242 4211 rite
3265 4167 3567 4226 sancteque

1969 4251 2262 4305 damnatus
2310 4259 2458 4304 esset
2503 4259 2559 4304 et
2599 4249 2919 4318 depositus,
2956 4250 3078 4303 sine
3107 4263 3323 4304 summo
3369 4249 3567 4303 salutis

1968 4342 2212 4412 periculo
2252 4349 2305 4396 et
2345 4340 2515 4395 exitio
2554 4341 2968 4396 communicare
2994 4354 3103 4394 non
3141 4355 3341 4409 posse.
3388 4354 3566 4407 neque

1969 4449 2094 4490 cum
2147 4434 2241 4488 illo
2284 4432 2338 4487 in
2384 4449 2554 4487 unum
2600 4431 2803 4487 Christi
2844 4446 3045 4501 corpus
3091 4433 3433 4498 coalescere,
3468 4430 3566 4501 qui

278 4525 568 4579 δυνῦτατον
615 4526 961 4597 λογιζόμενοι
1009 4529 1105 4582 καὶ⁵
1150 4529 1396 4600 ὀλέθριον
1436 4532 1736 4592 κοινωνεῖν,
1765 4532 1862 4583 καὶ

1971 4526 2172 4581 millies
2197 4525 2565 4580 venerandam
2589 4524 2794 4579 Christi
2828 4539 3047 4579 crucem
3078 4524 3308 4593 pedibus
3333 4525 3560 4579 concul-

279 4618 356 4680 είς
392 4619 451 4669 ἓν
487 4617 649 4685 σῶμα
675 4619 852 4688 τούτῳ
893 4620 1328 4692 συγκεκρᾶσθαι,
1351 4620 1436 4692 τῷ
1475 4623 1737 4692 μυριάκις
1767 4624 1861 4675 τὸν

278 4709 457 4776 τίμιον
506 4706 604 4760 τοῦ
646 4709 885 4776 Χριστοῦ
944 4712 1436 4783 καταπεπατηκότι
1485 4714 1742 4785 σταυρὸν,
1772 4714 1867 4768 καὶ

277 4795 486 4860 πάντας
550 4799 889 4850 καταπατεῖν
970 4798 1061 4853 διὰ
1138 4799 1241 4868 τῆς
1289 4802 1399 4853 τῶν
1467 4801 1859 4872 χειρογράφων

277 4886 634 4959 ἀπαιτήσεως
661 4888 1162 4963 καταϐιαζομένῳ),
1197 4891 1406 4947 τούτων
1444 4890 1538 4948 οὖν
1567 4894 1726 4957 ὅσους
1763 4912 1868 4965 φυη-

278 4975 467 5041 λακαῖς
531 4980 625 5031 καὶ
673 4980 897 5049 μάστιξι
946 4982 1160 5038 πείθειν
1183 4986 1285 5037 οὐκ
1316 4981 1453 5055 εἶχε,
1477 4985 1557 5057 τῷ
1585 4987 1859 5055 ὠμοτάτῳ

278 5068 499 5122 πάντων
572 5070 879 5142 ἀνθρώπων
933 5074 1031 5129 καὶ
1105 5077 1471 5149 ἀπηνεστάτῳ
1524 5079 1860 5150 παρέπεμπε

278 5162 517 5233 γαμὸρῷ
538 5176 551 5191 ·
572 5162 725 5217 Λέων
748 5165 806 5217 δὲ
840 5160 993 5230 οὗτος
1017 5161 1086 5237 ἦν
1108 5169 1137 5221 ὁ
1157 5168 1490 5238 καλούμενος
1512 5170 1857 5238 Κατάκαλος,

279 5254 376 5321 τῆς
411 5254 601 5325 βίγλας
622 5256 986 5329 δρουγγάριος
1015 5259 1107 5313 ὑπ’
1139 5259 1307 5314 αύτοῦ
1338 5261 1729 5332 προδιδασοείς
1752 5279 1766 5293 ο
1801 5263 1861 5328 ὃς

279 5347 377 5414 τῆς
422 5348 591 5418 τιμῆς
648 5351 812 5404 αὐτὸν
862 5351 1251 5422 ἀμειῦόμενος,
1292 5354 1500 5418 πάντας
1547 5355 1677 5419 τοὺς
1722 5357 1859 5428 πρὸς

279 5434 440 5487 αὑτὸν
470 5438 876 5507 πεμπομένους,
932 5440 1022 5494 ἵνα
1044 5440 1226 5511 μικρῷ
1255 5442 1398 5512 λόγῳ
1414 5442 1511 5513 τὴν
1542 5444 1859 5512 μιαιφονίαν

281 5526 643 5596 παραστήσω,
699 5528 791 5581 ἶσα
829 5531 1059 5601 Λικινίῳ
1109 5532 1189 5601 τῷ
1235 5533 1403 5587 πάλαι
1454 5537 1520 5604 τῇ
1555 5534 1696 5588 κατὰ
1747 5535 1857 5589 τῶν

278 5615 450 5680 ἁγίων
486 5618 731 5688 ὠμότητι
784 5622 1006 5692 ἐχρῆτο.
1048 5626 1158 5678 Καὶ
1205 5626 1435 5690 πολλοὺς
1491 5626 1592 5697 μὲν
1645 5628 1857 5681 ἀνεῖλεν

280 5707 410 5776 ἄχρι
435 5710 625 5776 τέλους
657 5712 754 5783 τὴν
804 5714 944 5787 ὑπὲρ
970 5717 1069 5786 τῆς
1100 5718 1360 5789 ἀληθείας
1391 5719 1644 5773 ἔνστασιν
1688 5722 1856 5775 ἔνδεια

285 5796 550 5869 ξαμὲνους
588 5821 601 5836 ⁸
620 5805 850 5871 ’πλείους
870 5808 927 5863 δὲ
958 5809 1067 5865 τῶν
1092 5812 1443 5867 ’ἀνυποίστων
1471 5811 1724 5885 βασάνων
1762 5816 1855 5887 ἠτ-

1968 4626 2170 4680 casset,
2199 4617 2449 4687 aliosque
2495 4631 2691 4670 omnes
2732 4631 2828 4685 per
2856 4617 3221 4686 chirographa
3263 4615 3313 4669 vi
3348 4624 3563 4670 extorta

1977 4710 2305 4766 conculearc
2351 4709 2671 4779 coegisset:
2726 4708 2848 4771 hos,
2877 4707 3122 4777 inquam,
3166 4721 3359 4761 omnes
3400 4716 3566 4775 quot-

1973 4813 2111 4875 quot
2139 4802 2378 4859 vinculis
2407 4800 2706 4871 “agrisque
2733 4799 2983 4871 frangere
3010 4815 3117 4854 non
3145 4800 3377 4869 putei-at,
3413 4797 3563 4852 aﬂini

1967 4912 2072 4953 suo
2097 4893 2268 4951 Leoni
2300 4901 2666 4964 cognomento
2694 4892 2971 4956 Catacalo,
3008 4892 3166 4960 biglae
3222 4906 3318 4946 seu
3350 4891 3566 4962 vigilia-

1965 5006 2087 5045 rum
2123 4988 2402 5060 praefecto,
2434 5002 2597 5057 quem
2631 4987 2746 5055 ipse
2774 4986 2841 5040 ad
2869 5001 2989 5040 eam
3022 4985 3342 5056 dignitatem
3368 4999 3563 5054 prove-

1963 5091 2138 5147 xerat,
2160 5080 2364 5135 homini
2395 5079 2701 5133 saevissimo
2722 5078 3239 5147 immanissimoque
3271 5077 3521 5132 tradebat
3544 5095 3559 5132 :

1960 5173 2055 5243 qui
2083 5182 2141 5226 ut
2182 5186 2243 5225 se
2279 5174 2343 5224 de
2376 5169 2642 5225 beneﬁcio
2671 5178 2886 5240 gratum
2925 5168 3233 5236 exhiberet,
3258 5169 3460 5225 missos
3489 5169 3557 5223 ad

1959 5279 2019 5319 se
2045 5274 2274 5318 cunctos
2311 5264 2395 5333 (ut
2420 5260 2571 5316 brevi
2597 5260 2975 5316 carnificinam
3017 5261 3167 5316 illam
3192 5260 3558 5329 comptehen-

1958 5358 2126 5425 dam)
2172 5353 2454 5410 Liciniana
2502 5354 2742 5424 quadam
2787 5354 3126 5410 immanitate
3177 5352 3555 5409 excruciabat.

1959 5450 2037 5504 Ex
2072 5447 2274 5517 quibus
2301 5448 2506 5502 multos
2538 5461 2636 5516 pro
2660 5447 2888 5503 veritate
2911 5449 2977 5503 ad
3009 5462 3195 5501 necem
3222 5456 3397 5515 usque
3422 5460 3554 5512 pro-

1960 5550 2263 5611 pugnantes
2284 5541 2507 5595 Silallllll
2532 5558 2544 5594 :
2575 5540 2759 5610 plures
2779 5550 2961 5596 tamen
2986 5538 3342 5595 intolerandis
3377 5538 3555 5595 victos

1963 5631 2271 5698 tormentis,
2312 5631 2558 5701 praeclari
2588 5632 2834 5687 muneris
2869 5631 3013 5696 loco,
3043 5631 3278 5686 mittenti
3302 5630 3550 5684 remitte-

1964 5726 2075 5781 bat.
2107 5724 2266 5790 Quis,
2305 5741 2399 5793 per
2443 5724 2613 5780 Deum
2646 5725 3037 5790 immortalem,
3084 5724 3345 5795 temporis
3384 5723 3552 5793 hujus

1959 5826 2336 5890 tempestatem
2383 5828 2437 5876 et
2493 5818 2865 5890 iniquitatem,
2952 5820 3069 5876 imo
3123 5821 3248 5891 quis
3311 5817 3551 5877 tortuosi
