4064 6408
512 386 613 453 571

1696 387 2007 451 .NICETE
2042 386 2575 450 PAPHLAGONIS

3644 399 3737 465 572

506 502 764 561 draconis
812 505 961 560 illius
1004 504 1234 562 insidias
1284 515 1343 580 et
1382 506 1821 563 machinationes
1864 504 2100 561 dicendo

2215 505 2496 576 ιωμένους,
2513 506 2588 571 ὡς
2610 506 2762 579 δῶρα
2781 507 2940 578 τίμια
2969 507 3101 578 πρὸς
3125 506 3218 561 τὸν
3243 507 3521 579 πέμποντα
3544 513 3743 580 τούτους

507 598 891 665 assequatur?
940 595 1141 652 Multos
1185 606 1461 652 veterator
1507 597 1598 651 ille
1639 597 1854 666 perjura
1908 595 2091 665 lingua

506 684 900 753 calumniatus,
936 694 1031 740 aut
1063 702 1157 756 per
1187 687 1354 742 falsas
1385 687 1799 741 criminationes
1831 695 2092 740 exaucto-

507 785 679 838 ratos,
741 792 867 831 mox
916 788 975 831 ιιι
1029 794 1155 833 cum
1209 794 1276 832 eo
1325 794 1545 832 rursum
1588 777 2091 842 communicabant,

507 867 924 923 commendatos
957 870 1299 934 restituebat,
1338 880 1389 924 et
1424 885 1819 940 nonnunquam
1873 870 1941 924 ad
1977 886 2094 924 ma-

503 957 658 1026 jores
689 959 986 1029 dignitates
1018 962 1397 1018 transferebat.
1434 963 1638 1018 Deinde
1662 965 1707 1018 si
1735 964 1861 1033 quis
1896 964 2093 1018 iterum

510 1063 712 1102 vesana
764 1050 910 1105 illius
967 1051 1176 1105 insania
1211 1054 1473 1114 ochusns,
1528 1068 1587 1107 se
1619 1053 1803 1107 denuo
1831 1055 1900 1108 ab
1949 1054 2097 1110 illius

510 1145 774 1198 societate
811 1144 1197 1207 abstinuisset,
1238 1146 1384 1199 hunc
1418 1162 1639 1200 rursum
1674 1145 1973 1201 damnabat
2001 1164 2019 1213 ;
2044 1156 2099 1202 et

509 1238 854 1302 damnatum,
913 1237 961 1290 si
1012 1237 1292 1301 cessisset,
1344 1253 1468 1292 mox
1527 1238 1871 1293 admittebat.
1920 1239 2095 1294 Tanta

510 1328 697 1396 glorim
723 1328 1151 1397 dominandiquc
1184 1328 1277 1383 siti
1311 1331 1601 1395 aestuabat,
1650 1341 1710 1387 ut
1754 1332 1902 1386 illius
1935 1347 2098 1388 causa

508 1432 609 1487 per
639 1419 902 1473 furiosam
933 1420 1289 1475 ambitionem
1312 1421 1460 1491 leges
1486 1423 1865 1492 divinas,jura
1891 1425 2097 1492 omnia,

509 1525 777 1577 sacraque
807 1512 1178 1578 permisceret.
1216 1513 1269 1567 lu
1306 1515 1499 1584 primis
1527 1525 1708 1570 autem
1748 1517 1852 1571 hoc
1886 1517 2099 1585 agebat,

2196 599 2620 655 dwattéatsi.)te.
2649 601 2747 665 Τίς
2791 601 2993 665 ἱκανῶς
3035 600 3131 656 τοῦ
3162 602 3284 655 τότε
3308 602 3497 672 καιροῦ
3532 605 3624 675 τὴν
3655 625 3745 662 κα.

2195 690 2340 756 κίαν,
2378 692 2577 761 μᾶλλον
2606 693 2664 747 δὲ
2701 693 2788 758 τίς
2831 694 2931 747 τοῦ
2977 694 3196 748 σκολιοῦ
3235 693 3520 764 δράκοντος
3554 697 3747 757 ἑκείνου

2194 779 2295 842 τὰς
2327 781 2552 851 ἐνέδρας
2584 780 2791 846 ἐξείποι
2821 782 2918 835 καὶ
2951 782 3201 853 μηχανάς
3227 799 3242 849 ;
3265 781 3494 845 Πολλοὺς
3515 784 3751 853 πολλάκις

2195 872 2224 923 ὁ
2257 870 2431 934 δόλιος
2458 872 2610 944 δολία
2642 873 2867 945 γλώσσῃ
2888 873 3269 944 συκοφαντῶν,
3294 873 3326 943 ἢ
3360 873 3445 926 ἐπ’
3471 876 3751 948 ἐγκλήμασι

2195 961 2358 1033 δῆθεν
2397 964 2700 1034 καθαιρῶν,
2738 967 2787 1018 εί
2830 965 3116 1019 συνέθεντο
3171 965 3312 1034 μετά
3360 966 3535 1019 ταῦτα
3576 984 3749 1022 κοινω-

2197 1053 2328 1114 νεῖν,
2358 1052 2586 1117 τούτους
2630 1050 2786 1118 αὖθις
2833 1054 3180 1123 ἀποκαθίστη
3217 1053 3501 1120 συνιστῶν,
3541 1057 3632 1108 καὶ
3669 1057 3752 1110 επὶ

2202 1143 2423 1214 μείζους
2469 1144 2642 1198 ἐνίοτε
2693 1145 2919 1216 θρόνους
2963 1144 3256 1215 μεθιστῶν.
3291 1146 3397 1198 Καὶ
3429 1146 3564 1215 μετά
3593 1145 3751 1201 ταῦτα

2198 1233 2254 1287 δὲ
2289 1235 2452 1288 πάλιν
2497 1236 2651 1299 εῐτις
2677 1235 2843 1289 αὐτοῦ
2869 1234 3288 1308 προσωχθηκὼς
3338 1238 3460 1300 ταῖς
3496 1237 3753 1301 άπονοίαις

2199 1326 2472 1396 ἀπέσχετο
2498 1327 2597 1395 τῆς
2633 1329 2948 1391 κοινωνίας,
2981 1323 3141 1391 αὖθις
3173 1326 3409 1399 καθῄρει
3447 1326 3649 1391 τοῦτον,
3671 1330 3755 1383 καὶ

2201 1412 2585 1466 ὑποκύπτοντα
2646 1413 2905 1483 προσίετο
2950 1414 3133 1468 πάλιν.
3188 1413 3377 1477 Οὕτως
3450 1414 3661 1484 ἔτρεχεν
3706 1416 3757 1468 ἰν

2199 1498 2344 1569 δίψει
2390 1502 2568 1556 πάντα
2602 1502 2806 1556 κανόνα
2845 1501 2990 1556 θεῖον
3056 1503 3152 1556 καὶ
3192 1503 3375 1555 πᾶσαν
3420 1501 3758 1570 θεσμοθεσίαν

508 1608 571 1657 ut
617 1603 994 1659 ordinationes
1034 1606 1365 1674 patriarclne
1391 1617 1807 1672 transmutaret,
1840 1620 2003 1678 atque
2033 1609 2103 1664 ab

2215 1593 2359 1664 ἱερὰν
2385 1592 2475 1646 διὰ
2504 1594 2603 1663 τῆς
2634 1591 2802 1646 αὑτοῦ
2845 1594 3142 1665 φιλαρχίας
3179 1593 3412 1663 συγχέαι
3441 1594 3532 1647 καὶ
3551 1592 3759 1662 δοξομα-

506 1707 574 1745 eo
603 1692 893 1746 damnatos
921 1694 1149 1748 sedibus
1174 1696 1507 1751 restitueret.
1541 1695 1644 1751 Sed
1678 1712 1804 1751 ettm
1841 1698 1891 1751 itl
1928 1698 2102 1767 impe-

2215 1687 2343 1749 νίας.
2378 1685 2492 1756 Πρὸ
2542 1684 2753 1738 τούτων
2779 1685 2837 1739 δὲ
2872 1686 3087 1739 πάντων
3117 1687 3382 1756 πειρᾶται
3436 1686 3534 1756 τὴν
3552 1684 3642 1738 τοῦ
3668 1702 3759 1739 πα-

515 1783 685 1836 ratori
717 1798 826 1837 non
878 1784 1226 1853 probaretur,
1255 1786 1430 1841 videte
1455 1786 1584 1856 quid
1617 1789 1859 1842 tentarit.
1894 1788 2103 1843 Consc-

2215 1778 2466 1848 ιριάρχου
2505 1777 2853 1847 προχείρισιν
2893 1777 3182 1848 μεθιστᾷν,
3214 1778 3311 1832 καὶ⁸
3338 1777 3467 1841 τοὺς
3491 1777 3760 1867 καέαύτδν

507 1884 692 1928 eratos
724 1889 754 1927 ιι
805 1886 995 1931 saneto
1037 1875 1246 1946 lguatio
1303 1893 1582 1934 reseerare
1632 1888 1888 1935 conatur.
1943 1880 2097 1946 Quod

2215 1869 2633 1940 καθῃρημένους
2665 1870 2789 1932 ταῖς
2837 1868 3158 1939 ἐκκλησίαις
3188 1867 3577 1939 ἀντικαθιστᾷν
3607 1882 3624 1901 ’
3651 1859 3762 1923 ἐπεὶ

509 1980 635 2021 cum
665 1983 819 2036 a'que
845 1983 1035 2036 parum
1069 1975 1387 2024 sueeeleret
1412 2012 1426 2034 ,
1456 1986 1757 2040 omnesque
1785 1971 2101 2040 indignissi-

2215 1961 2268 2014 δὲ
2290 1961 2389 2014 οὐκ
2415 1960 2652 2030 ἧρεσκεν
2674 1957 2818 2012 οὕτω
2844 1959 2924 2029 τῷ
2948 1959 3180 2030 βασιλεῖ,
3199 1961 3367 2029 opm
3416 1952 3526 2013 οἷον
3559 1958 3761 2029 ἐτόλμα·

512 2072 601 2110 me
627 2059 855 2124 ferrent,
885 2068 1051 2129 atque
1074 2071 1525 2127 exsecrarentur;
1562 2078 1627 2115 ne.
1652 2065 1723 2116 ita
1758 2063 1978 2132 quidem
2003 2064 2102 2117 de-

2215 2054 2356 2117 Τοὺς
2406 2053 2511 2106 ὑπὸ
2544 2053 2640 2107 τοῦ
2685 2055 2843 2123 ἀγίου
2893 2051 3314 2122 τετελεσμένους
3358 2053 3610 2122 ἐπειρᾶτο
3648 2051 3760 2105 ἀνα-

510 2142 641 2201 fecit
673 2147 953 2216 iniquitas.
992 2149 1381 2205 llumeraiibus
1409 2161 1464 2205 et.
1495 2152 1712 2214 orariis,
1739 2163 1793 2208 ct
1825 2154 1947 2208 aliis
1986 2166 2100 2208 sta-

2215 2149 2541 2215 χειροτονεῖν
2571 2163 2585 2178 ·
2644 2148 2767 2201 ἐπεὶ
2812 2145 2869 2199 δὲ
2912 2145 3008 2198 καὶ
3060 2143 3223 2197 τοῦτο
3260 2142 3374 2196 τῶν
3425 2142 3767 2197 ἀτοπωτάτων

511 2246 604 2292 tus
629 2239 985 2293 sacci-dozalis
1012 2240 1278 2308 coemptis
1311 2241 1639 2311 insignibus.
1670 2254 1881 2299 secreto
1914 2260 2102 2313 preces

2215 2236 2359 2305 ἔδοξε
2407 2239 2502 2292 καὶ
2544 2239 2858 2303 ἀπευκτῶν,
2899 2238 3010 2291 οὐδ’
3039 2236 3214 2298 οὓτως
3248 2234 3535 2306 ἠπόρησεν
3569 2236 3600 2302 ἠ
3627 2250 3767 2304 νιονη⁴

513 2343 678 2396 super
711 2344 772 2382 ea
797 2330 1068 2398 quasdam
1139 2332 1205 2398 (si
1240 2341 1421 2385 tamen
1455 2348 1665 2402 preces,
1697 2342 1751 2386 rt
1776 2350 1884 2388 non
1918 2336 2102 2405 potius

2216 2328 2308 2399 ρία
2338 2345 2352 2359 ⁸
2378 2329 2666 2401 ὠμοφόρια
2694 2331 2751 2384 δὲ
2795 2328 2889 2383 καὶ
2916 2327 3132 2399 ὼράρια
3160 2326 3473 2395 ὠνούμενος
3496 2363 3512 2390 ,
3540 2324 3629 2378 καὶ
3679 2325 3765 2377 ὅσα

500 2420 646 2478 dira:
675 2422 1078 2476 exsecrationes
1105 2424 1442 2493 appellandae
1475 2428 1624 2493 sunt)
1657 2427 2047 2494 pronuntiabat
2083 2444 2099 2483 :

511 2512 705 2580 sicque
731 2528 793 2566 ea
824 2514 1057 2584 singulis
1076 2515 1195 2571 loco
1220 2517 1465 2571 muneris
1489 2517 1900 2588 largitionisque
1919 2520 2102 2575 dabat.

513 2601 694 2671 Atque
734 2614 793 2657 ut
845 2617 1125 2673 pen-catum
1176 2607 1329 2661 ﬁeret
1364 2622 1530 2674 supra
1577 2610 1800 2663 utolum
1847 2626 2101 2678 peccans,

514 2696 721 2764 ubique
771 2696 1137 2766 jurisjurandi
1185 2711 1551 2767 sacramenta,
1595 2704 1798 2773 ubique
1829 2704 2107 2773 chirogra-

514 2785 627 2856 pba
655 2787 924 2856 exigebat,
965 2790 1078 2844 sive
1112 2790 1350 2847 initiaret
1376 2831 1392 2855 ,
1424 2794 1543 2848 sive
1581 2795 1818 2848 honores
1843 2805 1898 2849 et
1928 2795 2105 2865 digni-

518 2884 659 2931 tates
685 2877 1088 2934 ecelesiasticas
1118 2878 1389 2934 conferret
1415 2923 1430 2947 ,
1464 2883 1577 2937 sive
1605 2885 1951 2952 episcopatus
1979 2900 2105 2952 per-

515 2978 776 3024 mutaret.
820 2970 1253 3042 Quibuseunque
1281 2974 1501 3028 demum
1526 2990 1584 3030 se
1613 2975 1935 3030 beneficium
1971 2992 2108 3046 prae—

515 3070 667 3114 stare
695 3064 975 3126 censebat,
1013 3063 1115 3117 bos
1150 3064 1255 3117 sibi
1296 3065 1693 3133 obstringehat,
1723 3076 1776 3121 et
1815 3068 2107 3123 testatissi-

514 3151 624 3205 mis
651 3152 1033 3223 cbirograpltis
1061 3156 1272 3211 exactis
1315 3158 1419 3210 sibi
1451 3159 1697 3221 cavebat,
1726 3159 1928 3228 ubique
1947 3175 2104 3214 suam

515 3241 782 3297 duntaxat
820 3245 1048 3313 gloriam
1096 3247 1424 3314 aﬁectaudo,
1468 3250 1740 3319 noviSque
1780 3252 1944 3306 rebus
1993 3261 2110 3307 stu-

519 3335 721 3390 dendo.
771 3335 962 3407 Neque
1006 3337 1102 3392 Dei
1145 3349 1279 3394 nutu
1312 3341 1409 3405 νει,
1433 3344 1774 3411 providentia
1817 3344 1921 3398 sibi
1974 3344 2114 3399 bene

517 3414 640 3479 fore
673 3441 914 3495 unquam
943 3428 1220 3495 credebat,
1255 3440 1351 3488 aut
1375 3432 1672 3501 sperabat;
1719 3434 1813 3489 sed
1847 3451 1944 3504 per
1974 3439 2117 3490 mul-

520 3515 690 3582 tiplex
729 3517 1008 3586 ingenium
1050 3535 1210 3575 suum
1253 3537 1350 3577 seu
1386 3523 1678 3579 artiﬁcium
1709 3564 1724 3588 ,
1762 3526 1875 3581 imo
1906 3528 2116 3581 maleﬁ-

518 3608 695 3673 cium,
732 3623 856 3664 sese
883 3612 1329 3669 communiebat:
1374 3616 1617 3686 adeoque
1648 3627 1821 3673 totum
1859 3619 2118 3675 Ecclesiae

519 3710 725 3754 statum
758 3703 1151 3771 permiscebat,
1176 3707 1537 3776 omniumque
1557 3710 1872 3766 mortalium
1900 3712 2116 3768 animos

521 3793 783 3861 pessimis
840 3799 1107 3866 exemplis
1163 3798 1470 3855 oﬁendebat
1514 3816 1528 3865 ;
1588 3811 1755 3871 atque
1803 3812 1861 3857 Ill.
1911 3803 2117 3858 Citriin

517 3897 722 3937 nomen
766 3885 1262 3956 blaspltemaretur,
1310 3891 1492 3962 itnpiis
1520 3892 1731 3949 artibus
1763 3894 1880 3951 suis
1912 3894 2112 3951 cﬂicie-

520 3973 637 4028 bat.

596 4064 738 4134 Ergo
770 4066 860 4122 ubi
897 4068 1093 4123 iterum
1133 4070 1569 4141 patriarcbatum
1609 4077 1832 4143 invasit,
1866 4076 2118 4132 Theodo-

504 4171 647 4223 prum
679 4157 833 4212 illum
859 4159 1044 4229 (quem
1071 4162 1186 4231 ipse
1213 4166 1367 4219 exsul
1398 4165 1686 4222 Pati-arum
1714 4169 2117 4237 metropolitam

2215 2419 2312 2489 τῆς
2346 2420 2629 2491 ἱερατικῆς
2665 2421 2915 2490 σύμϐολα
2944 2417 3280 2490 χρηματίζει
3312 2415 3658 2479 τελειώσεως,
3685 2415 3766 2467 καὶ

2212 2511 2425 2573 τούτοις
2458 2512 2516 2564 ἐν
2549 2513 2835 2583 μυστηρίῳ
2865 2511 3072 2573 οίκείας
3121 2508 3398 2576 ἐπιλέγων
3445 2507 3607 2576 εὐχάς
3627 2522 3642 2538 ο
3668 2506 3765 2573 εἴγε

2213 2601 2417 2665 ταύτας
2444 2603 2632 2671 εὐχὰς,
2661 2602 2774 2656 ἀλλ’
2808 2603 2870 2655 οὐ
2915 2599 3230 2670 δυσφημίας
3267 2599 3488 2667 ἐναγεῖς
3510 2596 3768 2666 ὀνομάζειν

2217 2692 2397 2765 χρεών
2430 2709 2444 2725 ⁸
2485 2694 2658 2758 οὕτως
2682 2696 2900 2764 ἑκάστῳ
2936 2693 3080 2762 λόγῳ
3126 2692 3447 2762 φιλοτιμίας
3494 2689 3656 2743 ἐδίδου
3684 2688 3767 2741 καὶ

2217 2787 2577 2857 χαρίσματος.
2607 2789 2729 2841 Ἴνα
2760 2788 2816 2841 δὲ
2854 2788 2978 2842 καθ’
3006 2785 3319 2856 ὑπερϐολὴν
3346 2780 3668 2855 ἁμαρτωλὸς
3690 2778 3768 2848 γέ-

2216 2896 2375 2948 νηται
2419 2881 2453 2950 ὴ
2498 2880 2766 2951 ἁμαρτία,
2812 2878 3091 2949 πανταχοῦ
3139 2877 3337 2948 ὅρκος,
3368 2872 3638 2945 πανταχοῦ
3679 2869 3772 2925 τῶν

2217 2971 2597 3042 χειρογράφων
2625 2971 2946 3040 ἀπαίτησις,
2970 2972 3028 3022 ἐν
3059 2967 3445 3040 χειροτονίαις,
3474 2968 3531 3019 ἐν
3557 2963 3773 3033 ἀξιώμασ

2221 3080 2324 3126 σιν,
2359 3063 2417 3116 ὲν
2461 3062 2815 3132 μεταθέσεσιν
2842 3077 2856 3092 ο
2883 3065 2942 3117 ὲν
2972 3064 3139 3116 πᾶσιν
3159 3056 3243 3125 οἷς
3273 3061 3588 3132 εὐεργετεῖν
3615 3055 3773 3126 ὲνομίω

2221 3155 2363 3218 ζετο,
2414 3154 2691 3207 κατεδεῖτό
2717 3170 2778 3207 τε
2807 3156 2900 3208 καὶ
2948 3154 3255 3225 ίδιοχείροις
3307 3152 3668 3224 ίσχυροτάτοις
3692 3151 3774 3218 ita-

2217 3245 2493 3316 φαλίζετο,
2538 3247 2880 3315 πανταχόθεν
2919 3247 3023 3300 τὴν
3083 3246 3223 3299 ἰδίαν
3267 3245 3429 3310 δόξαν
3484 3240 3775 3314 ζητῶν,καὶ

2215 3338 2425 3409 χαίρων
2452 3340 2572 3401 ταῖς
2596 3339 2981 3408 καινοτομίαις
3005 3355 3019 3369 ο
3055 3339 3150 3391 καὶ
3172 3337 3236 3391 οὐ
3266 3336 3357 3391 διὰ
3370 3335 3464 3389 τοῦ
3488 3332 3641 3399 Θεοῦ,
3667 3330 3770 3386 οὐδὲ

2217 3431 2304 3484 διά
2330 3432 2431 3500 τῆς
2457 3431 2667 3484 ἐκείνου
2697 3430 2960 3501 συστῆναί
2981 3447 3115 3483 ποτε
3150 3429 3412 3500 προνοίας
3440 3430 3476 3501 ἢ
3505 3424 3774 3488 πιστεύων,

2218 3522 2252 3593 ἢ
2292 3521 2631 3592 προσδοκῶν,
2663 3522 2751 3577 διὰ
2777 3523 2877 3591 τῆς
2899 3522 3110 3584 οἰκείας
3155 3521 3214 3575 δὲ
3249 3520 3607 3591 πολυτεχνίας
3635 3517 3665 3588 ἢ
3689 3531 3777 3570 κα·-

2220 3612 2505 3684 κοτεχνίας
2556 3615 2749 3668 ἑαυτὸν
2810 3613 3107 3685 ἐπιχειρῶν
3163 3615 3447 3685 συνιστᾷν,
3476 3612 3571 3667 καὶ
3619 3610 3777 3663 πᾶσαν

2218 3705 2361 3759 οὕτω
2392 3706 2642 3777 συγχέων
2686 3706 3038 3772 Ἐκκλησίαν,
3063 3706 3158 3760 καὶ
3186 3707 3373 3760 πᾶσαν
3401 3705 3546 3759 οὕτω
3575 3701 3778 3757 σκανδα-

2218 3796 2382 3862 λίζων
2408 3798 2607 3869 ψυχὴν,
2633 3799 2729 3852 καὶ
2753 3800 2814 3852 τὺ
2845 3799 3019 3868 ὄνομα
3058 3798 3154 3851 τοῦ
3181 3797 3421 3868 Χριστοῦ
3464 3793 3777 3868 βλασφημεί-

2220 3890 2344 3944 σθαι
2387 3892 2475 3944 διὰ
2510 3891 2611 3960 τῆς
2672 3889 2839 3945 αὐτοῦ
2903 3888 3323 3963 κακομηχανίας
3385 3881 3779 3960 παρασκευαζό-

2222 3998 2408 4052 μενος.
3236 4003 3239 4006 ‘

2292 4074 2449 4128 Μετά
2476 4072 2606 4141 γοῦν
2637 4074 2699 4127 τὸ
2743 4073 2836 4128 τὸν
2876 4073 3066 4145 θρόνον
3107 4071 3170 4125 τὸ
3220 4070 3483 4143 δεύτερον
3508 4063 3781 4136 κατασχεῖν

2219 4163 2496 4235 Θεόδωρον
2526 4166 2755 4229 ἐκεῖνον,
2785 4163 2844 4217 ὃν
2873 4166 2931 4217 εν
2954 4161 3139 4233 ἐξορία
3152 4161 3470 4230 καθήμενος
3494 4158 3654 4221 αὐτὸς
3684 4155 3772 4226 μιν

520 4247 749 4312 ereavit,
776 4265 938 4319 quem
972 4253 1196 4321 quidam
1230 4252 1403 4310 facete
1440 4258 1859 4327 Aphantopolis,
1886 4259 1993 4315 hoc
2012 4272 2119 4326 est,

524 4353 803 4409 nusquam
858 4345 1130 4399 exstantis
1173 4345 1412 4402 civitatis
1456 4351 1857 4419 metropolitam
1908 4366 2123 4408 nuncu-

524 4431 774 4502 pabant),
802 4433 968 4500 hunc,
995 4436 1244 4504 inquam,
1264 4436 1612 4493 Theodorum
1649 4442 1713 4494 ad
1740 4440 2008 4497 Joannem
2027 4459 2124 4512 pa-

2221 4258 2302 4320 εἰς
2327 4257 2426 4319 τὰς
2442 4257 2666 4326 Πάτρας
2699 4256 3075 4326 ἐχειροτόνησε
3122 4252 3534 4325 μητροπολίτην
3560 4265 3576 4283 ο
3611 4249 3784 4314 Ἀφαν-

2220 4346 2492 4409 τοπόλεως
2522 4346 2581 4399 δὲ
2622 4345 2811 4399 τοῦτον
2849 4344 3084 4407 ἀστείως
3141 4345 3192 4397 οἱ
3239 4342 3376 4413 παρ’
3432 4342 3628 4410 ἐκείνῳ
3660 4352 3780 4391 κατ-

2223 4436 2509 4507 ωνόμαζον
2539 4454 2554 4470 ο
2578 4437 2768 4491 τοῦτον
2797 4436 2936 4508 πρὸς
2967 4435 3224 4504 Ἰωάννην
3245 4434 3341 4489 τὸν
3364 4433 3557 4487 πάπαν
3579 4433 3787 4495 ἀποκρι-

526 4537 651 4591 pam
693 4527 1114 4594 apocrisiarium
1155 4529 1499 4595 destinavit;
1548 4547 1643 4601 per
1666 4547 1830 4601 quem
1874 4535 2110 4604 scripsit,

2229 4528 2440 4599 σιάριον
2495 4529 2914 4601 προεχειρίσατο
2937 4527 3178 4599 γράψας,
3207 4528 3288 4580 ὅτι
3350 4526 3445 4596 βίᾳ
3497 4522 3661 4592 πολλῇ
3702 4518 3786 4611 τῆς

525 4630 587 4669 se
617 4630 710 4684 per
730 4619 837 4670 vim
855 4633 892 4680 a_
904 4627 1014 4674 tota
1036 4618 1271 4675 Ecclesia
1293 4630 1512 4691 totaque
1536 4624 1812 4692 republica
1844 4636 2119 4693 coactum,

531 4708 771 4777 tribunal
845 4726 1063 4767 sacrum
1109 4713 1287 4767 denuo
1331 4714 1660 4782 peri’nvitum
1699 4717 2118 4771 conscendisse.

529 4803 710 4870 Atque
740 4805 1164 4869 ptmendaeium
1198 4805 1250 4859 in
1283 4806 1511 4873 epistola
1539 4808 1803 4875 scriptum
1831 4808 2119 4874 stabiliret,

2242 4620 2576 4686 Ἐκκλησίας
2599 4621 2728 4692 ὅλης
2751 4622 2846 4674 καὶ
2863 4621 2962 4691 τῆς
2988 4620 3269 4683 πολιτείας
3299 4616 3687 4685 ἀναγκασθεὶς,
3710 4610 3789 4664 ἐπὶ

2226 4712 2321 4766 τδν
2342 4712 2533 4784 θρόνον
2567 4713 2768 4784 ἀνῆλθε
2800 4714 2896 4767 καὶ
2940 4714 3017 4782 μὴ
3059 4712 3390 4783 βουλόμενος
3427 4726 3442 4740 ·
3480 4709 3568 4762 ἵνα
3609 4706 3664 4759 δὲ
3709 4703 3788 4774 βε·

2230 4800 2534 4874 βαιώσηται
2566 4804 2629 4856 τὸ
2655 4803 2851 4873 ψεῦδος
2878 4801 2989 4856 τῶν
3034 4799 3352 4861 ἐπιστολῶν,
3378 4799 3470 4853 διά
3499 4797 3597 4867 τοῦ
3619 4807 3791 4865 μυστο-

535 4906 629 4960 per
653 4890 874 4948 Petrum
901 4911 931 4949 a
954 4896 1207 4960 secretis,
1241 4897 1335 4965 qui
1369 4906 1555 4965 postea
1595 4899 1666 4953 ob
1704 4897 1960 4967 ﬁgmenta
1987 4898 2124 4954 Sar-

531 4984 681 5037 dium
712 4984 953 5052 pontifex
989 4987 1195 5055 praemii
1233 4988 1354 5043 loco
1378 4986 1562 5044 dictus
1593 4998 1697 5055 est,
1729 4990 1979 5045 omnium
2008 5005 2124 5044 me-

534 5075 913 5145 tropolitarum
961 5079 1114 5147 signa
1188 5079 1458 5146 furatur;
1518 5081 1765 5151 adeoque
1813 5081 1965 5152 ipsos
2018 5082 2126 5137 sibi

533 5167 910 5236 metropolitas
954 5168 1257 5225 suﬁ'uratur
1297 5172 1517 5240 ignaros
1553 5187 1613 5227 se
1655 5171 1838 5227 libello
1873 5174 2124 5228 subscri-

531 5259 743 5328 psisse,
786 5273 909 5315 cum
951 5276 1209 5317 arcanam
1258 5263 1414 5318 fundi
1445 5265 1779 5334 emptionem
1806 5265 2129 5337 praetendis-

534 5360 639 5410 set.
673 5351 883 5409 Tantus
919 5356 1008 5411 ille
1029 5364 1083 5410 et
1112 5365 1225 5411 tam
1253 5357 1487 5428 insignis
1516 5359 1766 5414 fraudum
1796 5359 2042 5414 omnium
2075 5369 2131 5414 et

534 5444 908 5514 nequitiarum
961 5447 1156 5502 artifex
1210 5459 1348 5505 erat.
1411 5448 1517 5504 Sed
1569 5466 1676 5520 qua
1719 5452 1932 5505 ratione
1980 5450 2129 5504 taciti

537 5548 762 5590 causam
820 5534 1179 5607 Euphemiani
1237 5542 1384 5597 illius
1431 5542 1829 5599 Euehaitarum
1888 5541 2130 5612 episcopi

538 5625 1033 5697 dissimulabimus,
1070 5634 1228 5704 cujus
1269 5635 1644 5705 episcopatum
1675 5647 1894 5706 propter
1927 5611 2110 5690 rvicini-

2233 5633 2516 5701 Εὐχαῖτῶν
2557 5632 2655 5702 μὲν
2689 5630 2987 5692 ἐπίσκοπος
3014 5625 3105 5699 ἦν,
3131 5624 3320 5694 ἐπειδὴ
3367 5623 3429 5676 δὲ
3474 5624 3504 5676 ὁ
3536 5611 3795 5706 Σανταὸξι·

539 5726 709 5774 tatem
742 5700 1156 5783 Sautabarcnus
1185 5700 1475 5798 appetebat.
1509 5728 1532 5781 ?
1562 5700 1720 5785 Hunc
1751 5700 1885 5799 ergo
1911 5727 2110 5798 episeo-

2238 5723 2397 5796 ρηνδς
2419 5724 2516 5794 τῆς
2529 5700 2835 5791 ἐλπισκοπῆς
2865 5719 3078 5789 ἐκείνης
3103 5718 3180 5781 ὡς
3200 5717 3403 5786 γείτων
3433 5711 3692 5819 ῶρέγετρ,
3713 5700 3798 5819 sev

538 5819 670 5883 patu
694 5814 890 5872 cedere
915 5818 1084 5887 cogit,
1110 5831 1167 5878 et
1196 5821 1274 5879 illi
1304 5820 1743 5880 Santabarenum
1772 5819 1988 5878 sullicit.
2019 5819 2110 5878 Nc-

2239 5817 2340 5889 μὲν
2371 5816 2465 5891 βίᾳ
2497 5813 2783 5886 σχολάζειν
2807 5811 3133 5884 ἀναγκάζει,
3154 5808 3247 5865 τὸν
3279 5807 3336 5863 δὲ
3364 5806 3486 5861 ἀντ’
3514 5806 3676 5857 αὐτοῦ
3696 5806 3797 5866 χει-

2228 4896 2445 4967 γράφου
2472 4895 2705 4967 Πέτρου,
2727 4896 2786 4961 ὃς
2821 4893 3037 4959 καὶτὰς
3059 4894 3287 4965 Σάρδεις
3312 4891 3444 4945 ὕστε
3452 4906 3547 4962 ρον
3581 4883 3791 4941 ἔπαθλον

2228 4988 2341 5042 τῶν
2372 4988 2709 5057 πλασμάτων
2763 4988 3055 5057 ἠνέγκατο,
3102 4986 3169 5040 δι’
3221 4983 3393 5040 αὐτοῦ
3448 4982 3670 5036 κλέπτει
3708 4973 3794 5045 μὲν

2228 5067 2347 5141 τὰς’
2383 5078 2684 5148 σφραγῖδας
2720 5077 2828 5130 τῶν
2866 5074 3250 5147 βουλωτηρίων
3288 5072 3397 5126 τῶν
3430 5070 3570 5125 ὅλων
3602 5075 3790 5137 μητρί)⁴

2230 5168 2466 5225 πολιτῶν
2500 5186 2514 5201 ·
2551 5167 2892 5239 συναρπάζει
2916 5166 2975 5220 δὲ
3008 5166 3104 5219 καὶ
3124 5163 3322 5226 αὐτοὺς
3352 5162 3430 5233 μὴ
3456 5160 3664 5220 εἰδότας
3682 5153 3795 5207 ὕπο·

2230 5260 2444 5333 γράψαι
2471 5261 2548 5331 τῷ
2562 5260 2812 5330 λιόέλλῳ,
2839 5259 3115 5330 πρόφασιν
3139 5257 3217 5320 ὡς
3263 5254 3358 5307 ἐπὶ
3412 5250 3649 5324 μυστικῇ
3677 5247 3795 5313 ἀγο-

2235 5355 2401 5427 ρασίᾳ
2421 5371 2436 5387 ο
2461 5353 2717 5416 τοσοῦτος
2746 5352 2844 5423 τὴν
2892 5349 3233 5421 πανουργίαν
3274 5348 3512 5409 ἐκεῖνος,
3548 5343 3642 5397 καὶ
3659 5336 3797 5427 τηλιέ⁹

2233 5423 2424 5510 κοῦτος
2459 5448 2673 5518 ὑπῆρχε
2710 5445 2810 5515 τὴν
2840 5444 3147 5513 δεινότητα.
3182 5441 3308 5503 Πῶς
3342 5438 3403 5491 δὲ
3436 5437 3533 5491 καὶ
3560 5433 3628 5487 τὰ
3672 5423 3797 5481 κατὰ

2231 5539 2327 5593 τὸν
2372 5537 2728 5609 Εὐφημιανδν
2771 5539 2982 5590 ἐκεῖνον
3030 5531 3399 5603 παρέλθωμεν
3448 5527 3625 5596 σιωπῇ
3658 5540 3673 5589 ;
3711 5518 3798 5579 Ὃς
