4064 6398
209 376 313 439 573

213 490 438 567 ροτονεῖ.
470 489 546 542 Οὐ
596 487 758 558 μόνον
785 487 867 553 δὲ,
907 488 1042 543 ἀλλά
1087 490 1180 543 καὶ
1215 487 1521 552 ὲπισκοπάς
1580 489 1646 540 ἐκ
1684 489 1793 541 τῶν

1899 507 2002 560 que
2033 491 2087 547 id
2121 502 2356 562 tantum,
2388 495 2484 551 sed
2514 494 2861 568 episcopatus
2893 500 3084 567 etiam,
3114 515 3478 573 quoscunque
3582 479 3596 491 ’

211 577 627 653 γειτνιαζουσῶν
668 578 1079 648 μητροπόλεων,
1112 579 1244 641 ὅσας
1298 579 1507 641 ἐκεῖνος
1558 577 1781 648 ἢθελεν,

212 670 543 740 ἀφαιρεῖται,
579 668 674 721 καὶ
703 667 916 721 δίδωσιν
943 667 1112 738 αὐτῷ.
1147 668 1257 720 Καὶ
1279 666 1341 720 οὐ
1387 666 1564 720 ταῦτα
1598 664 1782 736 μόνον,

218 763 346 819 ἀλλὰ
373 762 469 815 καὶ
498 760 633 831 παρ’
665 761 846 831 ἑαυτῷ
876 761 1116 827 καθίζων
1165 760 1547 831 πρωτόθρονον
1596 760 1787 816 τοῦτον

222 854 567 923 κατωνόμαζε
597 871 612 886 ·
647 856 740 907 καὶ
758 855 1075 925 Νικηφόρον
1112 855 1210 925 μὲν
1232 854 1473 915 Νικαίας
1509 870 1790 924 μητροπο-

221 947 368 1016 λίτην
401 946 533 999 ὄντα
562 944 812 1017 βιάζεται
856 945 1342 1017 παραιτησάμενον
1381 944 1789 1014 ὀρφανοτρόφον

211 1036 370 1099 εἶναι.
415 1037 769 1107 Ἀμφιλόχιον
791 1037 849 1091 δὲ
877 1036 969 1090 τὸν
997 1036 1239 1099 Κυζίκου
1262 1034 1397 1105 πρὸς
1425 1034 1526 1105 τὴν
1556 1033 1791 1087 Νίκαιαν

210 1129 516 1201 μεθίστησι.
558 1130 668 1182 Καὶ
695 1129 830 1199 ταχὺ
866 1127 1118 1190 θανόντος
1169 1124 1484 1190 αὑτοῦ,οτὸν
1511 1121 1791 1196 Συρακού-

210 1240 320 1275 σιον
351 1221 775 1290 ἀντικαθίστησι
819 1219 1124 1291 Γρηγόριον
1145 1237 1156 1248 ·
1189 1217 1249 1270 ὃν
1288 1216 1381 1270 καὶ
1404 1216 1567 1269 αὐτὸν
1589 1217 1706 1286 μετ’
1728 1215 1792 1268 οὗ

206 1315 339 1367 πολὺ
367 1312 600 1366 θανόντα
629 1313 762 1375 aiat;
789 1312 1085 1382 ἐσέμνυνεν
1112 1311 1442 1378 ἐπιταφίοις,
1467 1308 1540 1371 ὠς
1561 1307 1672 1361 τῶν
1697 1324 1795 1378 με·

202 1406 391 1473 γάλων
420 1405 682 1476 Πατέρων
708 1403 1006 1475 ἐφάμιλλον
1042 1402 1342 1472 βεϐιωκότα
1376 1400 1510 1470 βίον,
1549 1399 1617 1453 δι’
1639 1399 1795 1452 οὐδὲν

199 1496 329 1552 ἄλλο
370 1496 646 1561 τοσοῦτον,
678 1497 801 1550 ὅσον
839 1497 923 1549 ὅτι
980 1495 1122 1549 κατά
1169 1494 1263 1547 τοῦ
1290 1493 1447 1561 ἁγίου
1501 1490 1796 1560 καθώσπερ

204 1588 372 1660 ξυρὸν
401 1589 531 1659 ἄχρι
560 1589 750 1654 τέλους
772 1589 871 1659 τὴν
886 1588 1138 1658 γλῶσσαν
1159 1589 1186 1641 ό
1215 1587 1476 1656 δύστηνος
1497 1584 1794 1656 παρέθηξε.

267 1679 375 1732 Διά
408 1678 584 1733 ταῦτα
619 1679 717 1733 καὶ
744 1679 824 1732 ἔτι
851 1677 1022 1732 πλείω
1047 1677 1253 1731 τούτων
1277 1675 1603 1747 ἀτοπώτερα
1627 1671 1791 1746 ἦλθεν

1311 375 1486 437 VITA
1517 374 1579 435 S.
1608 374 1907 437 IGNATII
1937 378 2047 441 CP.
2082 380 2435 445 ARCHIEP.

3371 380 3481 452 574

1890 583 1980 637 ille
2028 584 2357 654 expetebat,
2404 585 2601 642 vicinis
2641 588 3004 657 metropolitis
3043 598 3293 659 ereptos,
3339 589 3472 646 huic

1886 673 2094 729 donat:
2136 675 2471 747 insuperque
2495 677 2653 748 juxta
2687 678 3018 734 collocatum
3058 680 3344 749 primatem
3381 696 3481 735 no-

1890 766 2158 822 minabat.
2193 767 2462 824 Praeterea
2501 756 2810 840 Nicephoro
2852 769 3047 826 Nicaeae
3095 772 3478 842 metropolitm,

1888 874 1989 929 per
2025 861 2133 916 vim
2180 861 2432 917 abdicato
2457 862 2891 932 orphanotrophi
2931 878 3120 918 curam
3158 878 3223 918 ac
3255 864 3479 918 tutelam

1890 951 2216 1022 pupillorum
2257 953 2572 1008 committit.
2618 953 3066 1022 Amphilochium
3105 969 3237 1010 vero
3288 954 3468 1024 Cyzici

1892 1044 2183 1113 praesulem
2236 1045 2474 1098 Nicaeam
2531 1045 2836 1104 transfert:
2886 1044 2975 1100 cui
3027 1060 3156 1100 mox
3214 1044 3484 1100 exstincto

1892 1134 2217 1206 Gregorium
2243 1135 2648 1207 Syracusanum
2685 1137 2948 1206 suhrogat
2977 1154 2991 1191 :
3022 1151 3187 1208 quem
3220 1147 3274 1191 et
3301 1136 3481 1205 ipsum

1895 1244 2020 1283 mox
2051 1229 2327 1284 sublatum
2378 1229 2692 1300 hujusmodi
2732 1228 2961 1284 Photius
2981 1229 3276 1300 epitaphiis
3313 1244 3484 1285 orna-

1894 1321 1973 1375 vit
1990 1329 2051 1376 ut
2072 1323 2285 1391 magnis
2308 1321 2460 1376 illum
2492 1320 2747 1377 Patribus
2770 1321 2880 1376 vita
2904 1330 2957 1376 et
2981 1321 3182 1376 virtute
3207 1321 3440 1391 aequarit
3465 1336 3483 1378 :

1896 1424 1997 1464 nec
2024 1408 2077 1464 id
2104 1410 2268 1463 aliam
2291 1410 2364 1465 ob
2388 1425 2636 1475 causam,
2658 1426 2825 1480 quam
2851 1411 2996 1480 quod
3023 1408 3210 1465 infelix
3242 1410 3482 1480 linguam

1896 1516 2052 1556 suam
2088 1501 2231 1557 sicut
2253 1502 2577 1557 novaculam
2606 1502 2818 1558 acuerit
2851 1502 2905 1556 in
2935 1512 3184 1575 sanetum
3215 1501 3484 1573 lgnatium

1898 1608 2071 1663 usque
2096 1593 2150 1648 iu
2184 1594 2368 1649 tinem.

1970 1684 2082 1743 llas
2137 1696 2191 1741 et
2224 1686 2312 1741 bis
2343 1686 2516 1741 multo
2543 1686 2730 1755 plures
2761 1698 2826 1741 ac
2847 1685 3150 1741 deteriores
3188 1685 3259 1740 ob
3286 1700 3486 1742 causas

195 1775 228 1842 ἡ
253 1772 402 1844 ὀργὴ
428 1773 524 1826 τοῦ
566 1771 704 1826 Θεοῦ
738 1772 832 1825 ἐπὶ
863 1770 993 1835 τοὺς
1031 1772 1179 1834 υἱοὺς
1221 1770 1324 1838 τῆς
1358 1767 1664 1831 ἀπειθείας·
1700 1768 1795 1823 καὶ

1899 1779 2047 1836 venit
2084 1778 2165 1833 ira
2204 1777 2294 1833 Dei
2316 1793 2481 1848 super
2503 1779 2642 1834 tilios
2667 1777 3003 1834 diﬂidentiaa.
3029 1777 3224 1832 Subito
3246 1793 3486 1848 namque

198 1864 370 1929 εὐθὺς
400 1864 503 1933 μὲν
536 1864 659 1916 τότε
694 1861 771 1934 τῷ
804 1860 1016 1932 βασιλεῖ
1058 1859 1286 1929 τέθνηκε
1316 1860 1729 1922 Κωνσταντῖνος
1761 1860 1790 1911 ὁ

1899 1869 2212 1941 imperatori
2264 1868 2408 1925 ﬁlius
2430 1877 2497 1925 et
2538 1868 2898 1925 charissimus
2946 1878 3002 1923 et
3032 1876 3160 1923 natu
3211 1869 3486 1924 maximus

195 1954 537 2023 τριπόθητος
579 1954 675 2006 καὶ
726 1951 1072 2023 πρωτότοκος
1118 1948 1268 2012 υίὸς,
1311 1948 1371 2001 ὃν
1418 1949 1514 2002 καὶ
1559 1947 1715 2015 ἅγιον
1760 1948 1790 2001 ὁ

195 2045 500 2117 τολμητίας
526 2036 682 2108 οὗτος
736 2046 817 2108 είς
841 2043 940 2114 τὴν
958 2041 1052 2097 τοῦ
1083 2042 1286 2111 πατρὸς
1312 2039 1560 2112 χάριν’ὲξ
1586 2038 1786 2100 ἑαυτοῦ

195 2139 553 2210 χειροτονῶν,
585 2120 974 2208 μοναστηρίοις
1018 2154 1078 2190 τε
1128 2138 1223 2190 καὶ
1252 2138 1403 2200 ναοῖς
1432 2136 1792 2208 ἀνθρωπαρε-

196 2230 328 2300 οκίᾳ
358 2229 542 2300 τιμῶν
567 2231 668 2283 οὐκ
697 2227 1010 2298 ηὖλαὸεῖτο.

265 2321 490 2374 Αὐτίκα
517 2319 575 2373 δὲ
609 2319 706 2373 καὶ
746 2320 780 2390 ἠ
835 2319 1046 2389 μεγάλη
1098 2318 1257 2382 πόλις
1301 2318 1650 2390 Συρακοῦσαι
1689 2320 1793 2390 τὴν

195 2415 440 2483 φρικτὴν
470 2412 639 2467 ὤλετο
671 2411 1081 2483 πανωλεθρίαν’
1128 2413 1225 2466 καὶ
1263 2415 1416 2467 πᾶσα
1462 2413 1648 2483 νῆσος,
1691 2413 1790 2467 καὶ

202 2510 361 2561 πᾶσα
392 2506 551 2570 πόλις
585 2506 677 2560 καὶ
721 2503 875 2576 χώρα
904 2504 1304 2576 προνομεύεται
1351 2504 1445 2558 καὶ
1494 2504 1788 2575 καταφθείιο

198 2617 360 2670 ρεται
399 2599 562 2669 μέχρι
601 2598 697 2651 καὶ
738 2600 979 2667 τήμερον
1007 2599 1122 2660 τοῖς
1152 2598 1366 2667 ἐχθροῖς
1387 2637 1402 2660 ,
1438 2597 1698 2667 οὐδεμιᾶς
1727 2599 1793 2650 ὲκ

196 2692 305 2746 τῶν
343 2690 602 2761 ἱερᾶσθαι
631 2688 931 2742 δοκούντων
969 2687 1290 2757 ίλεουμένης
1319 2689 1411 2742 τὸν
1453 2688 1586 2742 Θεὸν
1618 2705 1793 2757 προσ-

196 2787 408 2857 ευχῆςο
467 2783 604 2839 ἀλλά
650 2781 793 2838 κατά
838 2780 898 2834 τὸ
957 2779 1368 2850 γεγραμμένον,
1436 2780 1795 2849 Ἐγενόμεθα

198 2881 398 2945 ὅντως
426 2877 716 2944 πρόϐατα,
749 2869 841 2940 οἷς
873 2875 985 2928 οὐκ
1017 2874 1151 2926 ἐστι
1194 2872 1441 2940 ποιμήν.
1476 2873 1795 2942 Χρονίσασα

198 2974 313 3044 γὰρ
341 2972 380 3042 ἡ
403 2970 596 3031 κακία,
628 2968 724 3022 καὶ
754 2966 971 3029 πολλοῖς
1014 2964 1382 3034 ὑποδείγμασι
1427 2964 1791 3033 παγιωθεῖσα,

199 3065 374 3134 νόμος
398 3060 716 3130 νενόμισται
737 3060 851 3120 τοῖς
874 3055 1160 3126 ἀνομοῦσι,
1179 3057 1274 3110 καὶ
1307 3056 1369 3109 τὸ
1400 3056 1642 3125 ἄθεσμον
1667 3056 1789 3119 ἔθος

1891 1961 2289 2018 Constantinus
2335 1974 2419 2018 est
2459 1971 2712 2032 ereptus;
2739 1975 2898 2031 quem
2937 1959 3121 2015 audax
3172 1958 3401 2015 t’hotius
3429 1960 3482 2013 in

1893 2050 2127 2120 gratiam
2160 2049 2542 2121 imperatoris,
2600 2065 2698 2120 per
2722 2065 2782 2106 se
2820 2050 2876 2105 in
2911 2057 3226 2106 sanctorum
3256 2063 3484 2103 censum

1891 2143 2146 2209 relatum,
2179 2143 2395 2213 templis
2428 2143 2830 2212 coanobiisqne,
2862 2142 2932 2198 ad
2959 2140 3344 2211 aucupandam
3376 2139 3485 2196 bo-

1893 2235 2101 2289 minum
2134 2236 2390 2305 gratiam,
2419 2235 2602 2290 colere
2626 2234 2765 2290 nihil
2788 2235 2999 2290 veritus
3025 2244 3130 2290 est.

1966 2325 2169 2381 Deinde
2197 2327 2362 2380 etiam
2393 2342 2587 2396 magna
2618 2326 3094 2398 Syracusanorum
3124 2326 3319 2382 civitas
3349 2326 3484 2381 lior-

1892 2420 2061 2475 renda
2092 2419 2244 2473 clade
2262 2420 2459 2488 periit:
2490 2419 2794 2488 insulaeque
2822 2434 3039 2484 omnes,
3067 2431 3120 2474 et
3151 2428 3349 2473 cuncta
3385 2432 3486 2487 op-
3590 2420 3593 2425 ”

1892 2511 2043 2580 pida,
2074 2520 2128 2564 et
2151 2511 2335 2565 omnis
2369 2511 2649 2579 provincia
2680 2510 2863 2564 hostili
2913 2525 3079 2564 manu
3117 2509 3260 2565 foede
3286 2511 3484 2564 ctiam-

1894 2618 2024 2656 num
2089 2602 2253 2656 hodie
2315 2610 2586 2664 vastatur,
2639 2601 2895 2673 diripitur
2952 2610 3010 2656 et
3067 2601 3482 2671 pessnmdatnr.

1895 2690 2043 2743 nullo
2070 2705 2135 2743 ex
2167 2689 2236 2744 iis
2260 2690 2353 2758 qui
2380 2705 2494 2744 rem
2529 2686 2749 2744 sacram
2783 2690 3175 2745 administrare
3204 2688 3484 2757 videntur,

1896 2783 2064 2836 Deum
2109 2781 2360 2852 precibus
2416 2781 2693 2849 placante,
2775 2780 2894 2845 sed,
2955 2789 3016 2835 ut
3071 2779 3337 2851 scriptum
3361 2788 3486 2835 est:

1896 2870 2056 2925 Facti
2076 2885 2260 2924 sumus
2296 2869 2435 2923 sicut
2467 2884 2583 2922 oves
2612 2877 2853 2923 errantes
2884 2869 2997 2922 sine
3037 2859 3252 2937 pasiore
3288 2865 3352 2918 ".
3387 2862 3486 2918 Et-

1892 2965 2035 3017 enim
2064 2963 2361 3014 inveterata
2388 2968 2634 3029 tempore
2664 2957 2950 3027 iniquitas,
2977 2958 3276 3028 multisque
3297 2971 3487 3011 exent-

1896 3054 2000 3123 plis
2020 3053 2400 3117 corroborata,
2440 3067 2541 3122 pro
2594 3051 2712 3122 lege
2763 3050 2947 3120 impiis
2977 3059 3034 3105 et
3068 3048 3349 3119 exlegibus
3382 3048 3485 3102 ha-

203 3157 288 3216 εἰς
328 3151 497 3221 φύσιν
534 3150 735 3221 τρόπον
783 3149 906 3202 τινὰ
945 3150 1061 3210 τοῖς
1117 3149 1564 3218 καταφρονηταῖς
1616 3164 1790 3201 κατα-

1899 3148 2076 3211 betur,
2111 3148 2341 3214 ipsoque
2387 3161 2487 3199 usn
2536 3153 2591 3198 et
2619 3141 3017 3197 consuetudine
3046 3140 3484 3211 corruptelarum

211 3245 375 3308 στὰν,
408 3243 534 3313 ὅλην
564 3243 867 3295 ἐπισπᾶται
896 3238 993 3294 τοῦ
1023 3236 1161 3291 θεοῦ
1190 3238 1288 3306 τὴν
1316 3238 1511 3309 ὀργήν.

295 3426 460 3480 Ἀλλά
488 3425 550 3480 τὸ
578 3424 680 3495 μὲν
722 3423 1062 3479 καθέκαστον
1094 3419 1366 3485 ἐπεξιέναι
1401 3418 1500 3480 τὰς
1549 3435 1797 3472 καινοτο-

205 3519 346 3591 μίας
383 3518 482 3570 καὶ
528 3515 876 3585 παρανομίας
905 3511 1071 3568 αὐτοῦ
1114 3529 1172 3564 τε
1200 3509 1407 3564 Φωτίου
1440 3510 1534 3564 τοῦ
1582 3527 1795 3579 πρωτο-

203 3610 412 3665 στάτου
441 3609 551 3662 τῶν
589 3606 899 3678 ὑποκριτῶν
931 3606 1026 3658 καὶ
1058 3605 1478 3675 σταυρομάχων,
1520 3604 1612 3656 καὶ
1658 3603 1797 3657 πάν-

197 3720 318 3756 των
344 3701 587 3769 καθεξῆς
611 3698 721 3753 τῶν
756 3696 924 3751 αὐτοῦ
957 3696 1221 3766 διαδόχων
1253 3698 1349 3750 καὶ
1370 3696 1472 3764 τῆς
1503 3693 1799 3764 φιλαρχίας

198 3793 512 3858 κοινωνῶν,
548 3787 793 3861 ἱστορίας
829 3789 1013 3860 ἔργον,
1047 3794 1142 3843 καὶ
1184 3790 1246 3842 οὐ
1284 3786 1381 3841 τοῦ
1418 3789 1686 3859 παρόντος
1720 3786 1800 3859 τῷ

193 3888 352 3958 λόγῳ
387 3884 615 3939 σκοποῦ.

282 3979 488 4046 Ἡμεῖς
516 3977 574 4030 δὲ
596 3977 697 4048 τὴν
729 3974 1102 4044 ὑπεράπειρον
1142 3970 1529 4042 μακροθυμίαν
1567 3968 1666 4023 καὶ
1702 3969 1802 4021 ἀν-

192 4072 342 4142 οχὴν
378 4069 680 4140 ὑμνοῦντες
724 4067 821 4121 τοῦ
859 4066 969 4119 τῶν
994 4065 1134 4119 ὃλων
1183 4063 1343 4129 Θεοῦ,
1379 4060 1669 4131 εὐχώμεθα
1700 4058 1802 4129 τῆς

196 4161 438 4232 μερίδος
474 4158 825 4229 ἐξαιρεθῆναι
853 4156 963 4209 τῶν
988 4159 1057 4209 τὰ
1099 4155 1371 4210 σκάνδαλα
1398 4156 1490 4207 καὶ
1527 4153 1625 4216 τὰς
1654 4152 1800 4221 διχο-

193 4251 446 4314 στασίας
486 4250 576 4303 διά
629 4249 730 4320 τῆς
758 4247 1027 4317 κακίστης
1081 4246 1265 4300 αὐτῶν
1322 4244 1619 4313 ἐπιθυμίας
1668 4259 1803 4294 κατ-

193 4340 631 4414 εργαζομένων,
666 4339 915 4393 κοινωνοὶ
949 4338 1007 4393 δὲ
1041 4336 1295 4405 γενέσθαι
1341 4334 1438 4388 τοῦ
1487 4333 1596 4388 τῶν
1631 4333 1803 4401 ἁγίων

191 4437 445 4508 κλήρου,
480 4432 588 4488 τῶν
617 4432 708 4486 διὰ
739 4432 975 4494 πίστεως
1025 4430 1119 4482 καὶ
1153 4428 1376 4496 ἀγάπης
1415 4424 1577 4488 Θεοῦ,
1606 4442 1803 4480 ταπει-

1904 3238 1957 3291 in
1991 3251 2197 3291 morem
2226 3244 2281 3290 et
2308 3244 2558 3289 naturam
2587 3234 2719 3298 abit,
2756 3245 2921 3302 atque
2945 3232 3085 3287 adeo
3122 3231 3263 3286 iram
3312 3231 3370 3286 in
3426 3243 3488 3285 se

1902 3328 1998 3382 Dei
2026 3335 2280 3397 provocat
2300 3327 2635 3380 universam.

1976 3419 2268 3471 Enimvero
2298 3415 2577 3486 sigillatim
2630 3425 2956 3480 percensere
3012 3410 3198 3465 omnia
3232 3423 3358 3479 qua:
3391 3420 3494 3461 no-

1904 3520 2026 3565 vata
2052 3519 2108 3566 et
2136 3509 2301 3578 impie
2328 3515 2481 3578 gesta
2513 3513 2642 3560 sunt
2671 3519 2701 3558 a
2732 3504 2931 3560 Photio
2954 3501 3256 3558 architecto
3281 3509 3339 3555 et
3376 3514 3494 3554 ma-

1906 3603 2073 3673 gistro
2103 3599 2511 3671 hypocritarum
2544 3594 2891 3664 hostiumque
2926 3593 3132 3657 crucis,
3164 3600 3220 3648 et
3236 3589 3495 3645 omnibus

1908 3691 2325 3747 successoribus
2371 3690 2516 3743 illius
2544 3697 2600 3743 et
2643 3687 2811 3744 sociis
2848 3683 3190 3749 ambitionis,
3232 3681 3396 3753 juxta:
3421 3681 3496 3736 sit

1906 3798 2044 3853 cpus
2075 3781 2338 3845 historiae,
2374 3795 2483 3835 non
2515 3776 2682 3849 bujus
2709 3774 2815 3832 loci
2843 3783 3251 3831 arrumentum.

1976 3977 2089 4034 Nos
2123 3991 2251 4032 vero
2278 3975 2548 4031 inﬁnitam
2572 3972 2667 4028 Dei
2689 3971 3009 4043 patientiam
3034 3968 3495 4036 clementiamque

1909 4080 2302 4135 memorantes,
2365 4068 2658 4124 Dominum
2694 4066 3078 4121 universorum
3113 4064 3491 4131 deprecemur,

1910 4165 1987 4220 uti
2009 4179 2111 4219 nos
2141 4178 2172 4217 a
2207 4171 2355 4217 sorte
2381 4173 2573 4215 eorum
2599 4157 2693 4227 qui
2730 4165 2808 4212 tot
2833 4154 3213 4211 scandalornm
3236 4149 3496 4205 oti‘ensio-

1911 4270 2157 4326 numque
2177 4263 2233 4308 et
2252 4251 2659 4307 dissensionum
2682 4247 3079 4320 cupiditatibus
3104 4244 3224 4299 suis
3240 4240 3497 4313 pessimis

1910 4354 2163 4402 auctores
2190 4342 2473 4406 exstitere,
2505 4349 2746 4409 ereptos,
2793 4338 2959 4394 sortis
3007 4341 3347 4394 sanctorum,
3401 4331 3495 4401 qui

1913 4454 2007 4507 per
2038 4437 2197 4492 tidem
2226 4419 2282 4490 et
2313 4434 2641 4489 charitalem
2672 4430 2789 4497 Dei,
2842 4428 3208 4486 humilitatem
3259 4437 3311 4480 et
3340 4439 3501 4479 man-

195 4527 565 4598 νοφροσύνης
586 4540 646 4577 τε
679 4523 777 4577 καὶ
800 4521 1137 4593 πραΰτητος,
1158 4518 1259 4586 τῆς
1291 4516 1618 4587 ἐπουρανίου
1649 4517 1795 4586 βασι-

1902 4528 2285 4591 suetudinem,
2333 4539 2503 4594 regno
2533 4535 2588 4578 et
2638 4520 2950 4578 sacerdotio
3004 4527 3199 4574 sancto
3254 4514 3372 4579 Dei,
3402 4511 3501 4583 qui

189 4620 362 4684 λείας
405 4618 499 4672 καὶ
537 4615 824 4687 ίεραρχίας
861 4613 1023 4683 ἁγίας
1052 4610 1148 4665 τοῦ
1182 4609 1485 4682 ὐπεραγίου
1514 4608 1807 4673 καταξιου-

1910 4630 2228 4678 sanctorum
2259 4626 2426 4688 caput
2454 4627 2541 4671 est
2569 4615 2840 4680 omnium,
2863 4624 2996 4670 sunt
3018 4612 3221 4680 dignati
3242 4627 3269 4689 _;
3321 4606 3505 4677 preci-

98 5534 108 5539 ’
184 5535 283 5605 τῷ
317 5533 560 5601 ἀνάρχῳ
614 5529 814 5600 Πατρὶ,
841 5527 939 5581 καὶ
965 5525 1046 5596 τῷ
1076 5523 1397 5595 συνανάρχῳ
1438 5524 1535 5577 καὶ
1562 5523 1815 5593 ζωοποιῴ

194 4715 424 4784 μένων,
462 4701 782 4780 πρεσϐείαις
821 4707 922 4776 τῆς
960 4705 1273 4775 ὑπεράγνου
1315 4705 1412 4756 καὶ
1457 4700 1795 4772 παναμώμοι

1907 4717 2012 4772 bus
2042 4716 2378 4770 intemerata:
2416 4712 2840 4782 purissimaque
2883 4707 2973 4761 Dei
3007 4704 3222 4766 Matris.
3269 4703 3506 4756 selecto-
3557 4746 3575 4761 ,

188 4798 594 4867 Θεομήτορος,
631 4795 728 4849 καὶ
773 4794 885 4847 τῶν
931 4790 1205 4847 ἐκλεκτῶν
1242 4791 1339 4846 καὶ
1368 4790 1530 4867 tepth
1557 4789 1795 4856 ἀγγέλωι

1909 4822 2143 4878 rumque
2229 4805 2473 4860 coalitum
2559 4802 2903 4872 angelorum,
2981 4792 3503 4867 gloriosissimorum

191 4893 302 4945 καὶ
344 4889 468 4943 τῶν
502 4887 879 4958 πανευφήμων
921 4883 1238 4938 ἀποστόλων
1277 4880 1511 4936 καὶτῶν
1548 4879 1795 4935 πανενδό-

1910 4900 2288 4971 apostolorum
2322 4895 2708 4962 victorumque
2761 4887 3235 4945 nobilissimorum
3295 4888 3501 4950 marty-

191 4983 312 5049 ξων
350 4980 703 5048 ἀθλοφόρων,
740 4976 839 5032 καὶ
880 4975 1021 5031 ὂλων
1056 4975 1167 5028 τῶν
1192 4973 1369 5042 ἁγίων
1400 4974 1521 5033 ταῖς
1565 4974 1795 5041 εὐπροσ-

1912 5009 2059 5059 rum,
2126 4998 2555 5055 sanctorumque
2604 4985 2891 5048 omnium;
2949 4993 3187 5048 cmnque
3242 4973 3506 5031 omnibus

186 5078 431 5136 δέκτοις
472 5073 570 5125 καὶ
601 5072 775 5141 ἱεραῖς
808 5069 1133 5139 ἱκετηρίαις.
1167 5066 1309 5138 Πρὸς
1339 5064 1552 5127 τούτοις
1587 5064 1722 5116 πᾶσι
1751 5061 1795 5115 δὲ

1914 5082 2086 5138 nostri
2119 5081 2291 5136 sancti
2317 5079 2493 5133 Patris
2523 5075 2713 5144 lgnatii
2738 5071 3065 5143 patriarchae
3086 5067 3191 5121 (ΖΡ.
3216 5080 3343 5120 vere
3377 5061 3503 5118 novi

186 5172 300 5225 καὶ
332 5165 441 5221 τοῦ
471 5167 533 5218 ὲν
560 5165 742 5232 ἁγίοις
798 5161 1014 5230 Πατρὸς
1064 5158 1224 5230 ἡμῶν
1257 5156 1516 5226 Ἰγνατίου
1555 5157 1795 5226 ἀρχιεπι-

1913 5169 2247 5227 confessoris
2280 5183 2346 5221 ac
2394 5164 2586 5220 deiteri
2641 5163 2842 5224 Patris,
2892 5167 3181 5216 consortes
3226 5154 3421 5210 cﬂieiat
3448 5151 3505 5206 in

1913 5263 2135 5319 Christo
2165 5260 2295 5316 Iesu
2325 5260 2557 5312 Domino
2584 5266 2814 5311 nostro:
2846 5254 2936 5310 cui
2965 5254 3109 5312 laus.
3144 5252 3344 5312 honor,
3372 5245 3507 5300 ado-

1916 5358 2061 5410 ratio
2083 5369 2208 5410 cum
2238 5363 2444 5409 aeterno
2482 5351 2663 5410 Patre.
2692 5348 3009 5419 pariterque
3034 5353 3245 5399 mterno
3282 5350 3337 5394 et
3365 5336 3503 5391 vivi-

1919 5449 2114 5503 ﬁcante
2149 5447 2322 5518 ipsius
2353 5444 2581 5515 Spiritu,
2617 5457 2764 5497 nunc
2790 5451 2848 5496 et
2876 5452 3119 5508 semper,
3147 5443 3205 5491 et
3224 5434 3283 5491 in
3310 5441 3504 5488 omnes

1918 5542 2163 5596 omnium
2190 5538 2519 5596 sazculorum
2546 5533 2905 5591 aeternitates.
2933 5528 3135 5586 Amen.

186 5259 433 5312 σκόπου
463 5250 1114 5311 Κωνσταντινουπόλειυς,
1145 5245 1241 5301 τοῦ
1276 5247 1399 5301 νέου
1435 5245 1652 5315 ἀληθῶς
1677 5248 1812 5314 ὁμοο

184 5347 455 5419 λογητοῦ
496 5348 593 5400 καὶ
636 5343 924 5415 θεοφόρου,
960 5343 1018 5395 ὲν
1049 5339 1272 5411 Χριστῴ
1313 5337 1487 5406 Ἰησοῦ
1513 5336 1591 5407 τῷ
1621 5335 1813 5406 Κυρίῳ

184 5448 223 5515 ὴ
235 5442 406 5513 μῶν,
430 5432 478 5506 ᾧ
507 5439 541 5508 ἡ
563 5436 692 5503 δόξα
723 5435 819 5490 καὶ
844 5437 877 5505 ἡ
906 5433 1045 5504 τιμὴ
1076 5433 1169 5487 καὶ
1219 5434 1253 5503 ἡ
1288 5431 1660 5504 προσκύνησις
1695 5431 1813 5501 ἅμα

188 5622 397 5683 αὑτοῦ
446 5619 749 5690 Ιινεύματι,
796 5619 892 5673 νῦν
931 5619 1027 5674 καὶ
1060 5616 1149 5674 ἀεὶ
1190 5616 1287 5671 καὶ
1316 5617 1399 5681 εἰς
1440 5616 1568 5680 τοὺς
1611 5617 1815 5685 αἰῶνας

187 5720 323 5775 τῶν
355 5717 603 5771 ἀίώνων.
650 5713 846 5784 Ἀμήν.

327 5831 382 5864 ³³
417 5827 610 5885 Hatth.
648 5842 724 5893 ix,
751 5826 842 5883 56.
