4064 6396
647 373 752 438 575
1841 370 2133 431 NICETAE
2178 369 2201 427 Ι

2305 367 2628 431 'HLAGON
2638 369 2708 428 IS
3757 384 3846 449 ωδ

917 513 3538 545 W

1577 698 2055 791 NICETIE
2131 695 2971 789 PAPHLAGONIS

2078 930 2193 997 QUI
2240 931 2330 986 ET
2386 928 2595 985 DAVID

1276 1110 1800 1170 EXPOSITIONIS
1839 1110 1918 1170 ΙΝ
1963 1108 2461 1170 EVANGELIUM
2503 1106 2714 1166 LUCAS
2767 1103 3236 1164 FRAGMENTA

1644 1303 1781 1365 (MAI,
1810 1299 1995 1366 Script.
2026 1304 2140 1353 νει.
2166 1310 2283 1352 tom.
2306 1299 2389 1360 IX,
2412 1315 2461 1363 p.
2486 1300 2599 1360 668,
2623 1296 2734 1358 670,
2766 1299 2903 1357 702,)

699 1603 831 1672 Cap.
864 1601 950 1667 Vl,
976 1616 1117 1656 vers.
1140 1601 1231 1655 53.
1276 1604 1343 1656 Et
1383 1602 1429 1656 si
1458 1601 1685 1672 diligitis
1703 1617 1790 1656 eos
1815 1602 1907 1671 qui
1938 1617 2024 1656 vos
2072 1602 2201 1655 dili-

2383 1602 2524 1670 Κεφ.
2560 1598 2651 1667 (τ,
2682 1602 2819 1670 στίχ.
2845 1599 2944 1670 λβν.
2984 1601 3091 1654 Kal
3121 1600 3174 1653 εί
3224 1600 3496 1671 ἀγαπᾶτε
3538 1604 3675 1670 τοὺς
3728 1606 3853 1675 dra-

627 1708 778 1767 gunt,
800 1705 908 1751 etc.

702 1786 753 1840 Ν
758 1788 928 1853 irem,
954 1787 1047 1856 qui
1074 1796 1123 1841 et
1149 1787 1343 1842 David.
1377 1784 1453 1841 Ex
1482 1785 1658 1841 tribus
1692 1794 1912 1841 constat
1939 1786 2205 1847 amicitia,

626 1879 956 1934 testantibus
1007 1878 1393 1948 philosophis;
1445 1893 1510 1933 ex
1553 1879 1832 1947 voluptate
1885 1877 2118 1938 scilicet,
2152 1893 2218 1931 ex

630 1971 979 2036 necessitate,
1019 1981 1074 2027 et
1096 1972 1336 2037 virtute;
1383 1988 1618 2043 quarum
1650 1974 1774 2027 dute
1805 1972 2016 2041 priores
2044 1971 2217 2025 insta-

628 2061 771 2118 biles
804 2069 955 2125 sunt,
994 2072 1048 2119 et
1102 2063 1327 2118 minime
1386 2074 1719 2125 constantes.
1771 2064 1970 2134 quippe
2005 2079 2127 2131 quae
2159 2064 2212 2117 in

628 2153 757 2209 ﬁliis
810 2154 1093 2208 hominum
1156 2153 1572 2208 fittidamentmn
1606 2170 1767 2211 suum
1815 2171 1921 2208 non
1952 2154 2210 2207 habeant.

628 2246 732 2302 Ubi
765 2249 908 2299 cnim
944 2246 1180 2315 primum
1219 2248 1465 2315 voluptas
1498 2247 1770 2312 valedixit,
1814 2263 1878 2302 ac
1908 2248 2214 2303 necessitas

625 2341 877 2403 cessavit,
911 2340 1171 2408 pliiitrum
1209 2356 1427 2409 quoque
1457 2341 1796 2395 transvolat:
1845 2355 2015 2409 quare
2041 2341 2209 2395 etiam

624 2430 887 2500 tempnris
913 2442 967 2486 et
993 2433 1152 2501 spatii
1180 2432 1437 2487 distantia
1461 2433 1771 2487 amantibus
1800 2441 1980 2498 nocet,
2013 2434 2212 2487 amici-

623 2523 755 2578 tiam
783 2524 1064 2579 oblivione
1095 2541 1195 2581 ceu
1231 2528 1396 2582 densa
1422 2527 1657 2595 caligine
1687 2528 2013 2583 obvelando.
2033 2529 2212 2583 Econ-

623 2620 706 2668 t-a
750 2631 871 2684 qua:
909 2617 1110 2671 virtute
1141 2618 1333 2672 nititur
1380 2633 1486 2672 non
1519 2619 1636 2688 pari
1685 2619 1845 2674 modo
1883 2620 2208 2687 oil‘uscatur,

625 2703 737 2758 imo
763 2720 857 2773 per
886 2721 1050 2761 omne
1083 2717 1297 2777 tempus
1319 2723 1383 2764 ac
1402 2709 1636 2779 spatium
1661 2709 1821 2764 durat
1853 2710 2208 2773 inconcussa,

622 2806 677 2850 et
698 2798 788 2852 ubi
815 2800 867 2852 in
899 2800 1240 2856 obstaculum
1265 2801 1486 2870 aliquod
1511 2802 1723 2868 incidit,
1750 2802 1800 2856 vi
1832 2813 1886 2857 et
1913 2803 2209 2873 splendore

622 2891 889 2958 augescit.
928 2891 1064 2946 llinc
1089 2894 1200 2959 jam
1236 2908 1342 2947 non
1376 2894 1640 2960 amicitia,
1678 2894 1771 2949 scd
1811 2894 2055 2950 citat-itas
2088 2894 2207 2964 ple-

2319 1692 2561 1758 πῶντας
2606 1691 2780 1758 ὑμᾶς,
2823 1709 2878 1745 κ.
2911 1708 2965 1746 τ.
2995 1691 3046 1748 λ.

2385 1784 2650 1851 Νικήτου
2704 1785 2815 1839 τοῦ
2864 1784 2965 1839 καί
3014 1786 3210 1840 Δαϐίδ.
3257 1786 3369 1859 Τὴν
3406 1789 3588 1859 φιλίαν
3636 1792 3697 1844 ἐκ
3725 1794 3867 1863 τριῶν

2318 1880 2641 1933 συνεστάναι
2684 1878 2911 1944 τούτων,
2959 1878 3172 1947 ἡδονῆς,
3207 1881 3374 1950 φημὶ,
3433 1881 3529 1934 καὶ
3560 1883 3759 1952 χρείας,
3784 1885 3860 1937 καὶ

2315 1971 2538 2042 ἀρετῆς,
2590 1970 2778 2033 παῖδες
2830 1969 3009 2037 σοφῶν
3045 1971 3399 2039 ἀπεφήναντο
3426 1988 3443 2004 ο
3497 1972 3633 2026 ἀλλά
3661 1975 3752 2037 τὰς
3781 1975 3864 2044 μὲν

2315 2060 2541 2132 πρώτας
2566 2061 2661 2115 δύο
2717 2062 2919 2127 αἰτίας,
2957 2064 3275 2130 εὐκινήτους
3305 2059 3470 2125 εἴναι,
3526 2064 3587 2116 ού
3622 2065 3862 2133 μονίμους,

2313 2154 2437 2207 οῦδὲ
2472 2154 2533 2206 τὸ
2563 2153 2783 2222 βέϐαιον
2831 2155 2889 2207 ὲν
2938 2154 3074 2216 υίοῖς
3100 2153 3407 2223 ἀνθρώπιον
3443 2153 3685 2223 ἐχούσας.
3725 2155 3862 2223 Ὁμοῦ

2314 2244 2423 2315 γὰρ
2454 2243 2515 2297 τὸ
2551 2244 2746 2313 ήδῦνον
2776 2244 3077 2305 πέπαυται.
3130 2244 3224 2297 καὶ
3266 2245 3299 2315 ἡ
3352 2244 3513 2314 χρεία
3539 2244 3860 2317 παρελήλυθε,

2315 2338 2408 2390 καὶ
2437 2336 2651 2401 τούτοις
2677 2334 3146 2404 συγκαταλέλυται
3196 2335 3258 2389 τὸ
3301 2336 3548 2407 φίλτρον.
3592 2337 3747 2390 Ὅθεν
3789 2338 3866 2390 καὶ

2313 2429 2505 2499 χρόνου
2544 2428 2640 2482 καὶ
2677 2429 2845 2481 τόπου
2899 2427 3183 2491 διάστασις
3206 2429 3317 2491 τοϊς
3351 2425 3498 2480 οὕτω
3542 2427 3741 2497 φιλοῦσι
3763 2428 3861 2479 ἐπι-

2314 2518 2591 2572 ϐουλεύειν
2615 2515 2747 2580 οἶδε,
2782 2519 2884 2589 τὴν
2920 2518 3103 2585 φιλίαν
3126 2520 3316 2589 ὥσπερ
3339 2519 3545 2592 ὁμίχλῃ
3577 2521 3764 2590 παχείᾳ
3786 2520 3862 2571 καὶ

2315 2607 2486 2679 ζόφῳ,
2516 2612 2582 2681 τῇ
2622 2609 2760 2680 λήθῃ
2791 2608 3271 2676 συγκαλύπτουσα.
3300 2609 3380 2662 Ού
3418 2610 3527 2680 μὴν
3577 2612 3667 2663 καὶ
3694 2612 3724 2680 ή
3753 2611 3866 2664 κατά

2311 2701 2514 2771 ἀρετὴν
2546 2700 2860 2754 συνεστῶσα
2889 2700 2980 2753 τὸν
3003 2701 3118 2755 ίσον
3139 2700 3341 2771 τρόπον
3367 2699 3867 2772 ἀμαυροῦται,ἀδιίι-

2311 2807 2522 2854 πτωτος
2550 2792 2608 2845 δὲ
2640 2792 2731 2844 καὶ
2751 2792 3161 2861 ἀνεπηρέαστος
3187 2792 3352 2843 παντὶ
3381 2790 3577 2861 χρόνον
3603 2793 3691 2844 καὶ
3715 2791 3854 2844 τόπον

2311 2879 2464 2949 μένει
2493 2879 2858 2949 διαστήματι,
2915 2880 3009 2932 καὶ
3040 2879 3152 2933 οὐδ’
3187 2879 3436 2948 ᾑτινιοῦν
3470 2879 3735 2951 προφάσει
3770 2878 3866 2932 δια-

617 2993 851 3049 rumque
868 2996 1231 3051 nuncupatur,
1247 3000 1387 3052 quae,
1402 2984 1700 3040 secundum
1717 2985 2056 3054 Apostolnm,
2070 3001 2201 3039 nun-

2316 2971 2529 3034 πίπτει,
2562 2971 2765 3038 μᾶλλον
2798 2971 2896 3042 μὲν
2924 2965 3018 3024 οὖν
3052 2970 3147 3023 καὶ
3174 2972 3504 3043 ἰσχυροτέρα
3533 2973 3627 3026 καί
3653 2971 3865 3041 λαμπροσ

618 3087 782 3141 quant
836 3074 1040 3131 deficit.
1076 3075 1457 3132 Benevolentia
1489 3078 1634 3132 enim
1668 3078 1925 3134 amicitiae
1986 3078 2206 3133 initium

616 3169 721 3226 est,
766 3162 909 3218 sicut
964 3164 1097 3220 visio
1153 3166 1651 3236 concupiscentiam
1711 3167 1878 3237 parit.
1942 3166 2204 3227 Amicitia

619 3266 783 3323 porro
812 3254 1097 3310 charitatis
1129 3257 1455 3327 principium
1485 3269 1539 3312 et
1559 3258 1721 3325 fons;
1754 3258 1996 3315 cliaritas
2019 3266 2204 3315 autem

618 3356 782 3415 caput
811 3340 897 3401 est
947 3347 1082 3418 legis
1109 3359 1164 3404 et
1195 3350 1608 3421 pr0phetarum.
1660 3351 1714 3405 ld
1749 3351 1973 3422 quidem
2020 3352 2208 3405 multis

618 3438 944 3508 persuasum
996 3448 1100 3507 est,
1154 3444 1451 3498 amicitiam
1505 3446 1762 3503 inanibus
1822 3462 1967 3517 saepe
2028 3448 2208 3502 verbis

620 3540 934 3586 contentam
986 3548 1130 3600 esse,
1153 3536 1477 3591 charitatem
1508 3545 1690 3592 autem
1715 3554 1773 3593 re
1805 3554 1929 3594 vera
1956 3539 2200 3608 probari.

618 3620 889 3688 Quocirca
917 3626 1080 3680 etiam
1114 3642 1255 3682 vera!
1284 3628 1571 3686 charitalis
1616 3631 1920 3701 discipulus
1949 3649 2050 3690 nos
2078 3646 2202 3687 mo-

618 3722 712 3767 nct
738 3725 795 3767 ut
821 3730 879 3769 re
916 3716 1033 3785 ipsa
1059 3734 1125 3773 ac
1147 3719 1432 3787 veraciter,
1454 3737 1555 3778 nec
1579 3724 1864 3781 verborum
1897 3725 2197 3790 illecebris,

614 3820 718 3861 nos
748 3809 1087 3866 adamenius.

680 4065 814 4137 Cap.
841 4067 976 4137 \‘lll,
1000 4085 1143 4127 vers.
1165 4073 1220 4127 5.
1242 4072 1389 4129 Exiit
1413 4077 1505 4148 qui
1536 4080 1759 4133 seminat
1788 4081 2195 4144 seminare,ctc.

2308 3056 2445 3127 τέρα
2468 3057 2679 3125 γίνεται
2712 3058 3093 3130 πολεμονμὲνη
3120 3075 3135 3089 ο
3165 3059 3242 3122 ὡς
3273 3060 3481 3130 μηκέτι
3515 3060 3697 3130 φιλίαν
3734 3060 3864 3130 μόνον

2309 3148 2645 3218 αὐτὴν,άλλά
2672 3151 2763 3203 καὶ
2790 3150 3011 3220 ἀγάπην
3041 3150 3378 3222 κυριώτερον
3408 3152 3792 3224 ὀνομάζεσθαι·
3817 3153 3868 3223 ή-

2308 3257 2393 3304 τις
2424 3240 2565 3295 κατά
2588 3241 2679 3295 τὸν
2723 3242 3068 3305 ’Δτ-Λστολον,
3099 3244 3361 3299 οὐδέποτε
3389 3246 3673 3301 ἐκπίπτει.
3711 3246 3872 3300 Εύνοιι

2309 3332 2411 3403 μὲν
2435 3334 2563 3404 γὰρ,
2594 3334 2772 3403 φιλίας
2803 3335 3067 3407 ἀρχήοὼς
3095 3336 3239 3406 όψις,
3271 3338 3583 3410 ἐπιθυμίας
3604 3358 3618 3372 ·
3657 3340 3791 3409 φιλία
3812 3340 3868 3403 δὲ,

2307 3426 2531 3496 ἀγάπης
2554 3428 2699 3498 ἀρχὴ
2730 3435 2823 3481 καὶ
2852 3429 3003 3499 πηγή
3027 3442 3040 3457 '
3068 3429 3260 3499 ἀγάπη
3285 3429 3367 3495 δὲ,
3399 3431 3465 3485 τὸ
3503 3431 3788 3501 κεφάλαιον
3809 3428 3864 3482 v6-

2309 3534 2411 3588 μου
2436 3518 2532 3573 καὶ
2571 3518 2886 3589 προφητῶν.
2921 3519 3013 3573 Διὸ
3044 3519 3144 3591 τὴν
3179 3521 3300 3591 μὲν,
3356 3523 3457 3577 καὶ
3499 3523 3632 3595 ἀχρι
3676 3521 3864 3593 χειλέων

2306 3611 2489 3680 μόνον,
2527 3611 2621 3665 καὶ
2669 3610 2848 3680 ψιλοῖς
2906 3611 3263 3667 συνίστασθαι
3290 3613 3485 3683 λόγοις
3516 3617 3571 3668 οι
3603 3613 3781 3668 πολλοὶ
3806 3627 3874 3663 νο-

2305 3702 2577 3772 μίζουσιν,
2608 3702 2831 3775 ἀγάπην
2868 3704 2927 3758 δὲ
2955 3703 3035 3775 τῷ
3064 3704 3179 3758 ὄντι
3240 3707 3318 3777 μὴ
3370 3702 3543 3771 εἶναι,
3577 3708 3628 3760 εί
3656 3704 3727 3776 μὴ
3758 3704 3876 3773 ἔργῳ

2301 3795 2396 3848 καὶ
2424 3794 2653 3867 ἀληθείᾳ
2681 3797 3008 3867 μαρτυροίτο
3026 3812 3041 3828 ο
3071 3795 3254 3860 καθὼς
3279 3799 3308 3851 ὀ
3337 3797 3448 3867 τῆς
3473 3796 3735 3868 ἀληθινῆς
3761 3794 3873 3862 ἀγά-

2302 3904 2411 3958 πης
2435 3889 2723 3959 παρεγγυᾷ
2755 3886 3023 3958 μαθητὴς.
3057 3889 3133 3958 μὴ
3168 3890 3398 3960 ἀγαπᾷν
3434 3890 3589 3961 λόγῳ
3618 3885 3881 3956 καιγλὼσ-

2302 3993 2372 4051 σῃ
2404 3978 2822 4049 παραγγέλλων,
2856 3978 2971 4031 ἀλλ’
2996 3978 3145 4050 ἔργῳ
3174 3983 3270 4034 καὶ
3290 3981 3561 4052 ἀληθείᾳ.

2371 4071 2511 4138 Κεφ.
2541 4068 2622 4137 H’,
2655 4068 2779 4141 στίχ
2828 4067 2890 4124 ε’.
2928 4070 3221 4140 Ἐξῆλθεν
3253 4074 3287 4126 ὀ
3310 4074 3597 4142 σπείρων
3616 4070 3724 4126 τοῦ
3752 4062 3886 4122 σπεῖ-

2291 4177 2416 4229 ραι,
2449 4178 2507 4217 κ.
2548 4178 2601 4214 τ.
2627 4160 2680 4215 λ.

683 4239 890 4351 INicetw
928 4243 1304 4318 Paphlagonis.
1332 4249 1469 4307 Vide
1505 4268 1574 4308 ne
1599 4270 1783 4309 semen
1813 4255 2061 4310 divinum
2096 4270 2197 4324 per

2368 4252 2638 4319 Νικήτου
2673 4254 3106 4322 Παφλαγόνων.
3152 4253 3297 4327 "Ops.
3338 4255 3553 4325 μήπως
3608 4253 3641 4324 ἢ
3674 4252 3780 4312 τοῖς
3806 4262 3887 4298 πε-

608 4332 849 4390 volatiiia
884 4338 1030 4405 cali,
1061 4340 1111 4394 id
1136 4351 1218 4397 est
1246 4358 1340 4413 per
1366 4344 1591 4414 spiritus
1616 4346 1901 4413 aethereos,
1938 4345 2194 4403 dissemi-

610 4437 789 4487 netnr.
809 4444 944 4484 neve
960 4432 1142 4489 cordis
1161 4435 1237 4489 tui
1264 4435 1439 4491 fomes
1463 4437 1867 4507 exstinguatur.
1894 4440 1947 4494 Id
1973 4453 2196 4509 quoque

609 4533 741 4574 cura
773 4537 837 4576 ne
866 4524 1092 4592 spiritus
1128 4528 1310 4583 vitalis
1345 4529 1438 4598 qni
1472 4528 1526 4582 in
1556 4537 1606 4583 te
1653 4540 1738 4585 est
1765 4530 2064 4586 aﬂ‘ectuum
2096 4540 2196 4585 aut

607 4613 924 4680 passionum
964 4615 1270 4686 ﬂagrantia,
1326 4633 1426 4678 ceu
1475 4618 1599 4689 igne
1627 4621 1818 4684 solari,
1858 4622 2192 4684 exsiccetur,

606 4716 788 4773 neque
808 4709 1120 4765 committas
1138 4719 1199 4765 ut
1217 4725 1406 4766 semen
1430 4709 1702 4776 divinum,
1724 4711 1912 4774 timor,
1939 4712 2190 4781 inquam,

608 4791 857 4867 Domini;
926 4803 1173 4868 corporis
1247 4800 1325 4854 tui
1388 4799 1627 4854 miseriis
1712 4811 1769 4854 et
1830 4801 1981 4855 curis
2051 4803 2196 4856 sicut

606 4886 828 4945 carduis
858 4898 913 4945 ct
962 4892 1187 4948 sizaniis
1224 4892 1528 4948 delitescat.
1584 4890 1678 4946 Sic
1736 4892 1883 4947 enim
1915 4891 2051 4948 iides
2077 4903 2191 4958 tua,

607 4978 749 5036 sicut
773 4996 1002 5054 campus
1026 4986 1254 5052 sterilis,
1285 4999 1509 5055 pessum
1543 4984 1662 5039 ibit.

678 5154 906 5219 Nicetis.
956 5160 1049 5229 qui
1095 5171 1144 5213 et
1193 5157 1384 5213 David.
1442 5156 1752 5212 Caveamus
1799 5157 1971 5229 igitur
1993 5173 2062 5214 ne
2090 5173 2193 5213 nos

606 5263 827 5318 quoque
872 5249 1186 5318 hujusmodi
1241 5248 1505 5319 periculis
1569 5247 2024 5314 succumbamus,
2080 5248 2194 5302 imo

610 5342 831 5396 mentis
868 5356 1059 5410 agrum
1120 5341 1272 5397 omni
1317 5355 1461 5395 noxa
1518 5352 1837 5407 purgemus.
1899 5339 1993 5396 Sic
2045 5341 2192 5396 enim

612 5434 882 5488 mentibus
900 5434 1105 5491 nostris
1128 5434 1403 5489 culturam
1433 5430 1579 5486 sicut
1603 5429 1841 5499 pluviam
1862 5432 2192 5488 matutinam

612 5540 676 5580 ac
704 5528 1001 5583 serotinam
1034 5527 1427 5593 ini‘nndemus;
1457 5525 1542 5580 sic
1591 5525 1831 5580 calorem
1880 5526 1975 5597 qui
2001 5542 2032 5583 e
2077 5525 2194 5582 sole

605 5613 835 5682 iustitiae
868 5618 1002 5683 iluit,
1047 5619 1304 5691 lacrymis
1350 5615 1557 5674 nostris
1601 5615 1989 5684 mitigabimuso
2023 5619 2185 5682 Hinc.

608 5706 751 5761 sicut
793 5725 923 5780 ager
967 5710 1252 5775 fecundus,
1322 5708 1411 5763 Dei
1468 5706 2188 5782 beneilictionisxompotes

614 5797 840 5865 erimus,
868 5802 1125 5857 virtutum
1155 5811 1471 5857 nostrarum
1502 5797 1762 5866 fructum,
1793 5800 1836 5857 si
1861 5818 1965 5860 non
1995 5810 2185 5860 centu-

2297 4346 2490 4406 τεινοῖς
2520 4343 2615 4396 τοῦ
2641 4343 2897 4416 ούρανοῦ,
2930 4347 3045 4407 τοῖς
3073 4343 3168 4397 τοῦ
3194 4344 3383 4415 ἀέρος,
3413 4345 3590 4414 φημὶ,
3618 4340 3886 4410 πνεύμασιν

2297 4433 2359 4486 τὸ
2381 4434 2521 4487 θεῖον
2551 4436 2774 4506 σπέρμα
2810 4434 3113 4506 διαρπαγῇ.
3164 4434 3349 4489 εἴτουν
3393 4435 3782 4504 ὲναποσδεσθῇ
3815 4447 3890 4484 σου

2294 4522 2397 4592 τῆς
2438 4525 2665 4593 καρδίας
2708 4523 3109 4596 ήθρυαλλίςοῆ
3150 4524 3369 4596 ήλιακῷ
3403 4528 3683 4588 καύσωνι,
3739 4522 3891 4575 show

2296 4612 2586 4684 ἐμπορίοις
2622 4615 2819 4669 πάθεσι
2868 4616 2963 4669 καὶ
3000 4615 3363 4687 ὲνδομυχοῦσι
3415 4621 3711 4688 πιεσμοίς,
3746 4612 3896 4684 ἡξωο

2295 4705 2420 4772 τικὴ
2445 4706 2856 4777 ὲναποξηρανθῇ
2890 4723 2974 4760 σοι
3003 4707 3174 4776 ἰκμάς
3205 4724 3221 4739 ο
3251 4708 3284 4779 ἢ
3328 4710 3551 4780 μήπως
3582 4709 3662 4772 ὡς
3693 4707 3895 4778 ῥάμνοις

2294 4793 2407 4845 τισὶ
2458 4797 2553 4849 καὶ
2604 4798 2871 4861 ἀκάνθαις
2911 4798 3034 4860 ταῖς
3088 4798 3371 4862 ποικίλαις
3444 4799 3759 4870 μερίμναις
3808 4791 3891 4846 καὶ

2294 4886 2542 4953 φροντίσι
2573 4887 2671 4941 τοῦ
2712 4888 2968 4958 σώματος
3010 4888 3070 4942 τὸ
3121 4888 3268 4943 θεῖόν
3319 4907 3411 4945 σοι
3469 4890 3645 4945 τοῦτο
3693 4885 3897 4955 σπέρμα

2292 4973 2385 5026 τοῦ
2438 4976 2604 5045 φόϐου
2645 4977 2852 5048 Κυρίου
2906 4979 3000 5031 καὶ
3041 4978 3144 5048 τῆς
3197 4979 3448 5043 πίστεως
3510 4972 3897 5041 ὲναποπνιγὲνν

2293 5065 2538 5136 ἄκαρπον
2564 5068 2659 5121 καὶ¹
2678 5069 2936 5139 ἀδόκιμον
2966 5069 3243 5140 ἀπελέγξῃ
3271 5069 3354 5140 τῷ
3391 5071 3674 5142 γεωργῷ.

2360 5160 2647 5229 Νικήτου,
2670 5161 2777 5215 τοῦ
2798 5162 2898 5215 καί
2929 5161 3129 5217 Δαϐίδ.
3145 5162 3581 5235 Φυλαττώμεθα
3604 5164 3789 5219 τοίνυν
3814 5157 3895 5214 καὶ

2293 5250 2454 5320 ἡμεῖς
2487 5253 2729 5323 μηδεμιᾷ
2754 5254 2961 5307 τούτων
2979 5252 3326 5307 κινδυνεύσαι
3354 5254 3479 5308 τῶν
3501 5253 3893 5311 ἀποπτώσεωνν

2291 5342 2405 5396 ἀλλ’
2434 5344 2898 5414 άνακαθαίρωμεν
2937 5346 3119 5416 πάσης
3147 5345 3433 5416 ἐπηρείας
3468 5349 3748 5420 τοιαύτης
3771 5386 3786 5412 ,
3816 5344 3902 5413 τῆς

2289 5432 2526 5498 διανοίας
2554 5435 2651 5507 τὴν
2677 5436 2918 5506 ἄρουραν
2941 5452 2955 5465 ’
2982 5437 3080 5491 καὶ
3106 5439 3263 5492 ὑετὸν
3289 5439 3569 5510 πρὼῖμον
3591 5443 3694 5497 καὶ
3716 5438 3899 5509 ὄψιμον

2290 5525 2388 5597 τὴν
2409 5527 2664 5595 ποικίλην
2694 5527 2789 5582 τοῦ
2842 5527 3159 5598 πνεύματος
3188 5529 3428 5603 διδαχὴν
3482 5536 3620 5598 ταῖς
3657 5532 3902 5603 μελέταις

2296 5618 2691 5689 ἐπισπώμενοι,
2719 5619 2815 5673 καὶ
2841 5618 2940 5690 τὴν
2965 5619 3075 5674 ἀπὸ
3104 5620 3201 5674 τοῦ
3230 5621 3388 5692 ήλίου
3425 5622 3538 5694 τῆς
3563 5618 3903 5685 δικαιοσύνης

2294 5711 2609 5785 σύμμετρον
2642 5712 2852 5783 θέρμην
2875 5713 3309 5785 ἀνακαλούμενοι
3323 5712 3644 5789 δάκρυσιν,
3661 5708 3753 5771 οἷα
3780 5708 3905 5778 καλὴ

2296 5805 2388 5861 καὶ
2418 5804 2600 5877 ἀγαθὴ
2619 5805 2716 5876 γῆ,
2742 5805 2842 5876 τῆς
2877 5805 2987 5861 ἀπὸ
3010 5806 3106 5861 τοῦ
3131 5805 3269 5863 Θεοῦ
3301 5806 3589 5878 εὐλογίας
3613 5801 3900 5875 ἐπιτυγχᾶ-
