4064 6424
618 488 624 494 -
670 453 776 515 579

1827 437 2123 501 meare
2158 436 2692 523 pAPHLAGONIs
3783 448 3858 510 530

675 555 946 618 edocti,in
986 554 1137 609 omni
1173 568 1233 609 rc
1277 553 1393 607 suis
1434 554 1675 624 propriis
1721 553 2142 622 cogitationibus
2189 565 2249 606 se

2322 611 2325 619 ι
2352 548 2407 600 δὲ
2444 550 2556 612 τοῖς
2590 549 2739 613 ἰδίοις
2762 547 3157 619 εωτρέψαντες
3183 548 3462 620 λογισμοῖς
3482 549 3551 620 ;),
3580 551 3690 605 οὔτε
3719 554 3765 607 δὲ
3787 561 3863 610 τῶν

673 647 1104 718 permittebant?
1129 661 1307 715 neque
1333 646 1400 699 de
1437 646 1522 699 his
1559 659 1682 713 quae
1707 644 1772 697 ad
1808 642 1975 723 [leum
2019 643 2253 695 attinent

675 739 1007 793 concordem
1044 748 1096 791 et
1133 739 1349 791 firmum
1387 749 1698 789 sermonem
1726 741 1780 787 et
1824 732 2251 788 determinatum

673 844 770 896 per
794 828 1045 882 veritatis
1074 843 1320 882 antorem
1355 825 1658 879 elucubrati
1689 833 1836 878 sunt.

745 919 1111 986 Quamobrem
1171 929 1315 973 certe
1373 917 1648 985 sapienter
1670 927 1721 971 et
1743 926 1890 972 recte
1916 926 2247 987 supernatu-

674 1010 860 1064 raliter
887 1009 1297 1076 supernaturalc
1327 1009 1414 1063 Dei
1445 1008 1622 1063 Patris
1651 1008 1911 1071 Verbum,
1930 1008 2258 1079 utindignos

677 1101 781 1154 tide
802 1107 855 1155 et
906 1102 1125 1154 insanos
1151 1099 1323 1154 factos
1353 1099 1475 1153 illos
1509 1114 1631 1153 esse
1686 1100 1869 1169 arguit
1922 1109 1977 1153 et
2014 1109 2259 1154 contem-

678 1192 917 1259 ptibiles,
940 1192 1208 1258 homoque
1231 1205 1324 1258 per
1345 1189 1554 1259 paterni
1576 1188 1813 1255 Spiritus
1835 1190 1889 1244 in
1908 1190 2254 1259 purissimam

677 1282 903 1336 Mariam
931 1281 1429 1342 obumbrationcm,
1465 1289 1519 1334 et
1549 1282 1670 1335 sine
1699 1291 1919 1350 peccato
1958 1281 2255 1336 humanam

678 1375 958 1444 ingressus
989 1375 1172 1436 vitam,
1208 1373 1553 1426 svrmmtibus
1579 1390 1700 1442 quae
1728 1375 1794 1426 ad
1822 1389 1986 1427 unam
2007 1383 2062 1427 et
2084 1374 2255 1427 solam

679 1466 732 1518 in
775 1466 1037 1521 Trinitate
1069 1465 1308 1518 divinam
1345 1465 1711 1518 bierarcbiam
1739 1466 2071 1527 attinebant,
2102 1481 2257 1518 reve—

675 1556 805 1607 lavit
859 1572 873 1619 ;
910 1571 1032 1623 (pne
1070 1565 1249 1608 autem
1302 1555 1355 1607 in
1399 1556 1517 1623 ipso
1549 1556 1749 1609 fiebant
1790 1567 1878 1609 aut
1916 1556 2055 1611 facta
2101 1570 2260 1614 erant

674 1644 954 1697 similibus
985 1644 1165 1699 verbis
1199 1661 1263 1699 ac
1294 1647 1576 1714 prophetae
1609 1644 1905 1714 patefecit;
1940 1655 1993 1699 ct
2036 1663 2156 1716 qua:
2190 1648 2257 1702 de

672 1752 777 1788 suo
811 1735 918 1790 fine
959 1746 1117 1790 erant
1154 1737 1457 1806 grandibus
1485 1747 1539 1789 et
1563 1738 1741 1807 dignis
1777 1739 2124 1793 sermonibus
2168 1755 2257 1793 re-

674 1839 799 1882 ctas
828 1828 1281 1898 et'intelligentes
1312 1844 1473 1883 aures
1496 1831 1718 1883 edocuit
1748 1847 1763 1892 ;
1790 1830 2048 1899 operibus
2071 1842 2253 1884 autem

674 1920 936 1972 omnibus
961 1928 1015 1971 et
1041 1920 1242 1974 divinis
1277 1920 1450 1989 signis
1474 1935 1608 1974 suos
1639 1935 1922 1974 sermones
1959 1921 2253 1974 conlirma-
2288 1905 2328 1960 Β

674 2011 758 2063 vit
804 2020 857 2063 et
902 2010 1058 2063 fidem
1102 2012 1329 2081 adeptus
1379 2022 1482 2074 est,
1535 2012 1721 2081 itaque
1764 2013 1981 2066 stultam
2033 2027 2250 2066 omnem

677 2101 873 2153 mundi
932 2102 1255 2170 sapientiam
1320 2119 1443 2155 cum
1512 2103 1921 2157 manifestasset
1985 2112 2251 2172 quantum

678 2198 859 2257 potest
880 2189 1076 2259 aliquis
1101 2207 1195 2259 per
1218 2207 1435 2244 crucem
1468 2202 1522 2245 et
1551 2194 1891 2262 sepulturam
1918 2202 1974 2245 ct
2008 2208 2255 2247 resurre-

677 2279 942 2340 ctionem,
996 2281 1061 2332 ad
1116 2281 1328 2334 Patrem
1360 2299 1390 2334 a
1418 2296 1525 2350 quo
1575 2282 1761 2339 exivit.
1793 2290 1847 2335 et
1879 2281 1945 2334 ad
1978 2282 2252 2350 propriam

677 2368 913 2437 gloriam
969 2372 1214 2425 ascendit
1251 2389 1265 2437 ;
1302 2387 1461 2426 suum
1507 2388 1636 2426 vero
1678 2376 1731 2427 in
1784 2374 1964 2427 locum
2006 2373 2252 2443 ejusdem

674 2468 891 2513 natura:
939 2462 1205 2531 Spiritum
1238 2462 1457 2517 famulis
1488 2465 1604 2518 suis
1637 2466 1879 2527 mittens,
1909 2478 2007 2533 per
2040 2479 2254 2529 onmcs,

674 2548 773 2619 qui
805 2551 1017 2605 cunctis
1066 2553 1512 2621 generationibus
1569 2562 1818 2624 surgent,
1874 2567 2067 2608 servos
2099 2568 2250 2618 suos,

683 2651 910 2699 sanctas
960 2651 1016 2699 et
1071 2659 1302 2700 arcanas
1364 2646 1436 2700 de
1485 2645 1596 2698 Deo
1644 2645 2011 2700 revelationes
2060 2653 2117 2699 et
2163 2660 2256 2699 sa-

678 2734 898 2805 pientiae
953 2737 1211 2791 veritates
1258 2744 1312 2790 et
1343 2735 1776 2805 magnificentius
1829 2734 2104 2790 diﬂ'undit.
2163 2735 2255 2788 \‘i-

677 2829 886 2879 dentur
926 2826 1148 2895 quidem
1199 2826 1431 2882 diversae
1459 2826 1708 2896 quaedam
1737 2839 1863 2882 esse
1886 2834 1940 2880 et
1976 2824 2255 2879 multifor-

677 2931 821 2978 mes,
856 2916 1090 2972 fortasse
1120 2918 1284 2971 etiam
1316 2917 1618 2973 contradici
1650 2919 1897 2987 quaedam
1929 2926 2255 2989 reputaren-

679 3016 772 3060 tnr
823 3022 854 3060 a
920 3007 1275 3076 quilmsdam,
1335 3009 1405 3064 de
1458 3008 1568 3063 Deo
1625 3008 1910 3070 doctrinae,
1984 3024 2104 3077 quite
2159 3022 2258 3077 per

674 3098 974 3166 prophetas
1003 3107 1057 3153 et
1086 3099 1361 3165 apostolos
1392 3107 1447 3153 et
1481 3100 1690 3168 hosqui
1716 3100 1888 3154 secuti
1911 3109 2042 3153 sunt
2072 3099 2257 3167 plures

677 3198 906 3243 sanctos
935 3192 1189 3244 doctores
1228 3192 1495 3245 instituta:
1539 3203 1668 3247 sunt
1705 3211 1718 3245 :
1762 3207 1828 3244 ne
1883 3207 1989 3244 una
2036 3189 2255 3259 quidem

685 3279 831 3346 apud
870 3280 990 3333 illos
1021 3280 1114 3349 qui
1148 3294 1330 3334 verant
1368 3280 1597 3349 gloriam
1645 3281 1975 3334 annuntiant
2017 3279 2260 3333 occurrit

675 3370 1064 3424 contradictio.
1128 3366 1332 3426 Omnes
1381 3371 1530 3424 enim
1571 3387 1602 3425 a
1639 3370 1749 3425 Deo
1788 3371 2067 3441 inspiratus
2098 3370 2257 3425 theo-

680 3458 879 3529 logia,
908 3474 977 3514 ex
1010 3475 1120 3513 uno
1176 3470 1231 3516 et
1272 3462 1394 3530 ejus
1426 3470 1621 3517 sancto
1669 3462 1874 3532 Spiritu
1928 3461 2258 3530 principium

679 3561 1049 3617 assumentes,
1114 3561 1170 3607 et
1235 3554 1302 3608 ad
1362 3568 1535 3608 unum
1594 3554 1843 3608 veritatis
1919 3555 2259 3624 propositum

680 3643 991 3704 tendentes,
1019 3645 1319 3699 concordes
1351 3660 1537 3700 secum
1572 3654 1628 3700 et
1672 3660 1798 3699 cum
1828 3645 1953 3699 aliis
2000 3659 2261 3699 consonat)

680 3752 807 3792 esse
863 3737 1111 3804 debent;
1150 3737 1427 3792 veteribus
1477 3750 1697 3807 quoque
1753 3736 2056 3807 Seripturis
2106 3746 2261 3790 novae

678 3827 1049 3897 insequuntur
1076 3837 1132 3884 et
1154 3836 1362 3883 veteres
1401 3831 1557 3884 novis
1580 3829 1951 3892 consentiunt,
1978 3837 2033 3883 et
2055 3828 2260 3883 nullam

679 3921 1002 3978 hominibus
1019 3936 1182 3978 sensu
1204 3923 1451 3993 praeditis
1470 3922 1959 3977 contradictionem
1982 3920 2260 3990 praebent;

678 4010 792 4065 nisi
827 4010 954 4080 quis
978 4011 1051 4066 ab
1078 4011 1200 4066 aliis
1224 4012 1493 4082 theologis
1520 4010 1752 4079 dictum,
1776 4010 1902 4065 aliis
1921 4009 2261 4075 attribuerit;

678 4100 829 4173 quod
878 4102 1022 4172 apud
1076 4103 1371 4173 prophetas
1419 4104 1657 4158 obscure
1689 4110 1745 4158 et
1795 4100 2146 4173 aenigmatice
2175 4099 2265 4155 di-

679 4206 833 4254 ctum
874 4206 961 4254 est
1004 4208 1230 4270 propter
1270 4209 1508 4270 tempus,
1559 4199 1709 4256 clare
1733 4208 1789 4255 et
1816 4198 1939 4255 sine
1990 4195 2267 4268 ambigui-

681 4298 797 4345 tate
831 4305 928 4360 per
948 4291 1313 4359 evangelistas
1334 4291 1583 4358 dicatur;
1613 4300 1731 4356 aut,
1767 4290 1835 4345 ad
1867 4290 1985 4345 haec
2013 4300 2261 4359 quoque,

682 4379 791 4435 nisi
820 4380 951 4450 quid
994 4381 1294 4437 eoneisaet
1316 4380 1507 4450 rapide
1538 4380 1682 4449 apud
1711 4380 1992 4450 apostolos
2026 4379 2260 4439 dictum,

681 4471 990 4541 explicatis,
1021 4472 1220 4543 amplis
1279 4479 1335 4525 et
1373 4470 1590 4525 diffusis
1637 4472 1821 4525 verbis
1863 4484 1960 4539 per
2005 4468 2266 4525 Ecclesia:

683 4556 1102 4621 adiﬁcationem
1128 4580 1160 4619 a
1189 4563 1509 4619 doctoribus
1537 4570 1828 4617 tractatum
1853 4562 1954 4618 sit.

755 4740 818 4798 Si
843 4743 972 4813 quis
999 4741 1163 4814 igitur
1192 4740 1320 4796 talia
1350 4739 1779 4798 discordantiam
1805 4740 1861 4795 in
1888 4738 2064 4794 sacris
2092 4737 2269 4793 Litte-

684 4838 765 4892 ris
794 4835 1150 4905 reputaverit,
1186 4835 1412 4890 omnino
1465 4834 1554 4889 ille
1598 4834 1760 4903 longe
1790 4848 1820 4887 a
1857 4832 2105 4888 veritatis
2133 4845 2267 4898 pro-

686 4927 866 4999 posito
919 4927 1138 4983 decidit.
1168 4926 1288 4985 Non
1315 4941 1448 4998 ergo
1487 4924 1859 4982 discordantia
1890 4925 2138 4995 quaedam
2172 4930 2268 4977 aut

686 5020 1050 5078 contradictio
1103 5021 1245 5076 inest
1275 5022 1328 5075 in
1366 5020 1613 5076 veritatis
1644 5018 1914 5088 theologis
1953 5018 2097 5073 circa
2126 5017 2271 5073 sim-

687 5114 809 5184 plex
858 5122 913 5168 et
956 5129 1125 5169 unum
1154 5113 1403 5169 veritatis
1450 5114 1702 5180 verbum,
1753 5119 1853 5166 aut
1889 5109 1956 5165 ad
2004 5109 2265 5174 invicem,

688 5206 1149 5274 quemadmodum
1184 5205 1239 5260 in
1267 5204 1609 5276 philosophis
1661 5202 1940 5260 extraneis
1995 5217 2118 5258 esse
2169 5200 2269 5257 de-

690 5302 1065 5362 monstratur;
1110 5310 1328 5367 semper
1359 5296 1507 5352 enim
1555 5296 1648 5367 qui
1683 5294 1847 5351 unius
1878 5292 2095 5349 Domini
2136 5300 2269 5348 sunt

689 5385 936 5442 veritatis
987 5387 1215 5457 spiritus
1265 5387 1383 5443 suis
1418 5385 1918 5458 predecessoribus
1964 5384 2020 5440 in
2064 5382 2172 5439 ﬁde
2211 5390 2268 5438 et

691 5478 892 5549 pietate
922 5492 1022 5535 ceu
1054 5479 1300 5550 patribus
1341 5488 1397 5535 et
1425 5478 1655 5534 ducibus
1685 5477 1800 5534 suis
1823 5484 1948 5548 post
1984 5476 2271 5533 Christum

691 5571 886 5626 devote
914 5554 1260 5638 inhaerentes,
1279 5578 1336 5627 et
1365 5570 1581 5629 illorum
1599 5571 1829 5643 gratiam)
1860 5576 1917 5627 et
1942 5570 2267 5641 sapientiam

692 5668 760 5718 ad
788 5679 848 5719 se
877 5663 1232 5729 adducentes,
1262 5671 1318 5718 et
1346 5663 1390 5719 si
1416 5662 1545 5733 quid
1571 5676 1796 5718 necesse
1824 5669 1908 5717 est
1936 5662 2019 5717 vel
2051 5661 2200 5717 aliud
2236 5676 2268 5716 a

693 5770 753 5813 ee
780 5756 967 5824 adjici,
997 5772 1107 5811 non
1148 5756 1252 5812 sibi
1279 5756 1371 5812 sed
1414 5755 1662 5826 patribus
1695 5753 1994 5825 prudenter
2019 5752 2269 5809 referen-

697 5853 801 5913 tes,
834 5847 1026 5902 tuerito
1051 5847 1275 5904 Patrum
1305 5849 1482 5907 laudis
1514 5847 1758 5904 ltaaredes
1790 5855 1846 5904 et
1869 5846 1971 5919 ipsi
2002 5846 2269 5904 exhiben-

2361 640 2516 708 παρά
2547 640 2684 693 Θεοῦ
2712 640 3017 711 γινομένων
3060 643 3352 713 σύμφωνον
3394 644 3489 695 καὶ
3516 644 3709 699 ἑστῶτα
3749 649 3862 717 λόγον

2361 730 2456 783 καὶ
2480 730 2787 803 ὡρισμένον
2818 732 3131 804 φιλαλήθως
3160 733 3566 804 διεπονήσαντο.

2430 909 2522 961 Διὸ
2542 908 2607 980 δὴ
2634 910 2811 978 σοφῶς
2848 927 2910 963 τε
2951 909 3047 963 καὶ
3081 912 3485 983 ἀγαθοπρετοῶς
3532 913 3867 983 ὑπεραυσίωςδ

2361 1001 2688 1073 ὑπερούσιος
2721 1002 2818 1055 τοῦ
2847 1001 2985 1057 Θεοῦ
3038 1004 3249 1073 Πατρδς
3300 1004 3492 1071 Λόγος,
3554 1005 3627 1068 ὡς
3677 1007 3866 1073 ἀναξίους

2362 1092 2600 1149 πίστεως
2624 1092 2721 1146 καὶ
2753 1094 3249 1163 μεματαιωμένους
3271 1094 3467 1157 αὐτοὺς
3497 1094 3784 1164 ἐξελέγχων.
3802 1100 3867 1152 καὶ

2360 1183 2757 1248 ἑξουδενωκὼς,
2812 1185 3110 1255 ἀνδρωθείς
3166 1203 3227 1239 τε
3269 1186 3357 1239 διὰ
3388 1186 3490 1255 τῆς
3538 1187 3630 1240 τοῦ
3662 1193 3864 1259 πατρικοῦ

2362 1274 2680 1343 ιΙνεύματος
2713 1275 2807 1328 ἐπὶ
2831 1274 2930 1345 τὴν
2965 1276 3276 1347 ὑπὲραγνον
3310 1276 3545 1346 Μαριὰμ
3574 1277 3863 1345 ὲπελεύσεως.

2362 1364 2456 1415 καὶ
2487 1364 2659 1435 χωρὶς
2707 1365 2983 1435 ἁμαρτίας
3025 1366 3120 1418 τὸν
3157 1365 3498 1438 ἀνθρώπινον
3527 1367 3750 1421 ὑπελθὼν
3775 1371 3863 1440 βίον,

2359 1456 2541 1524 λόγοις
2591 1458 2691 1526 μὲν
2720 1457 2790 1510 τὰ
2831 1458 3086 1526 περὶτῆς
3130 1460 3258 1527 μιᾶς
3307 1459 3401 1511 καὶ
3438 1458 3603 1527 μόνης
3646 1461 3866 1530 τριαδικῆς
3928 1478 3929 1483 ‘

2362 1550 2622 1619 θεαρχίας
2655 1550 2993 1620 διηγγελκώς
3012 1561 3030 1577 ⁶
3062 1550 3131 1603 τά
3162 1567 3218 1604 τε
3245 1551 3374 1621 περί
3403 1551 3609 1612 τῶνδε
3643 1551 3781 1604 αὐτοῦ
3806 1570 3864 1619 γε·

2322 1642 2616 1709 ογονότων,
2646 1641 2678 1711 ἢ
2711 1644 3015 1710 γινομένων
3068 1642 3346 1710 ὁμολόγως
3387 1641 3467 1710 τῷ
3510 1641 3647 1712 λόγῳ
3690 1644 3865 1708 καὶτοῖς

2361 1733 2670 1801 προφήταις
2702 1733 3083 1802 ἁνηγγελκὼς·
3120 1732 3189 1785 τά
3225 1749 3283 1785 τε
3318 1733 3450 1802 περὶ
3489 1733 3584 1786 τοῦ
3621 1733 3781 1797 τέλους
3800 1737 3863 1788 αὑ-

2358 1824 2454 1876 τοῦ
2488 1824 2923 1895 μεγαλοπρεπῶ;
2957 1825 3051 1877 καὶ
3082 1825 3436 1895 ἀξιοπρεπῶς
3464 1825 3644 1878 εὑθέσι
3670 1828 3751 1878 καὶ
3784 1844 3864 1879 συν-

2358 1920 2498 1979 ετοῖς
2528 1918 2801 1986 ἐνηχήσας
2849 1915 3016 1969 ὠσίν*
3059 1914 3241 1985 ἔργοις
3281 1915 3339 1967 δὲ
3384 1916 3517 1967 πᾶσι
3552 1915 3640 1967 καὶ
3684 1915 3864 1987 σημείοις

2357 2007 2622 2072 ἀξιοθέοις
2656 2006 3069 2077 ὲπισφραγίσας
3114 2006 3244 2069 τοὺς
3298 2006 3470 2059 αὐτοῦ
3503 2006 3686 2074 λόγους
3710 2009 3783 2061 καὶ
3812 2025 3865 2058 :1-

2358 2099 2727 2169 πωσάμενος,
2784 2100 2881 2153 καὶ
2909 2100 3100 2170 μωρὰν
3123 2096 3267 2151 οὕτω
3320 2099 3505 2151 πᾶσαν
3544 2098 3640 2170 τὴν
3664 2100 3863 2167 κοσμικὴν

2360 2193 2554 2260 σοφίαν
2582 2193 2888 2261 ἀποφήνας,
2926 2191 3101 2260 ὁπόση
3122 2208 3207 2254 τις
3239 2190 3329 2243 διὰ
3368 2190 3604 2262 σταυροῦ
3636 2191 3719 2242 καὶ
3740 2190 3862 2257 ταφῆς

2361 2284 2457 2336 καὶ
2481 2283 2854 2344 ἀναστάσεως,
2886 2283 3024 2352 πρὸς
3053 2283 3146 2335 τὸν
3168 2282 3416 2351 Πατέρα,
3442 2283 3570 2352 παρ’
3596 2276 3651 2336 οὗ
3678 2280 3860 2350 ἐξελή).υ‹

2369 2373 2485 2434 θεν,
2519 2373 2613 2426 καὶ
2646 2372 2743 2442 τὴν
2780 2372 2917 2424 ἰδίαν
2944 2371 3218 2440 ὲπανῆλθε
3256 2371 3421 2437 δόξαν
3444 2387 3459 2401 ν
3497 2370 3680 2424 ἑαυτοῦ
3702 2370 3747 2422 δὲ
3777 2372 3860 2421 ἁνι-

2357 2463 2613 2533 ἀλλαγμα
2651 2464 2711 2516 τὸ
2752 2462 2997 2533 συμφυὲς
3032 2462 3261 2530 Πνεῦμα
3306 2462 3424 2524 τοῖς
3448 2461 3665 2523 οἰκείοις
3690 2460 3860 2528 παρεχΰι

2361 2571 2519 2625 μενος
2584 2553 2672 2606 διά
2727 2553 2838 2606 τῶν
2902 2552 2988 2621 ἐφ’
3046 2554 3283 2621 ἑκάστης
3343 2554 3541 2618 γενεᾶς
3602 2551 3860 2620 ὲξεγειρομέο

2359 2659 2465 2696 νων
2488 2642 2652 2696 αὐτοῦ
2690 2643 3068 2714 θεραπευτῶν,
3096 2643 3195 2704 τὰς
3224 2641 3609 2713 ίεροκρυφίους
3630 2641 3858 2710 050mm-

2360 2735 2527 2799 σύνας
2586 2735 2680 2788 καὶ
2734 2734 3103 2805 ἀληθοσοφίας
3158 2733 3325 2787 αὑτοῦ
3392 2732 3493 2786 καὶ
3544 2730 3859 2804 μεγαλουργίας

2357 2826 2621 2897 ἀναφέρει
2640 2842 2656 2857 ο
2688 2826 2905 2880 δοκοῦσι
2956 2826 3055 2896 μὲν
3086 2821 3179 2881 οὖν
3206 2826 3456 2879 ποικίλαι
3489 2824 3631 2887 τινὲς
3663 2820 3774 2876 εἶναι
3801 2822 3858 2874 καὶ

2359 2918 2729 2987 πολυσχεδεῖς,
2785 2919 2916 2981 ῐσως
2962 2918 3019 2972 δέ
3067 2934 3199 2971 ποτε
3247 2918 3344 2971 καὶ
3380 2914 3736 2972 ἐναντιοῦσθαί
3763 2929 3858 2971 τινες

2360 3009 2709 3079 ὕπονοηθείἐν
2746 3026 2908 3074 τισιν,
2954 3008 3015 3063 αἴ
3043 3026 3101 3061 τε
3132 3009 3220 3062 διὰ
3261 3007 3565 3081 προφητῶν
3588 3006 3675 3060 καί
3699 3003 3859 3059 ἀποστό-

2318 3140 2325 3145 ς
2357 3098 2467 3151 λων
2502 3100 2598 3151 καὶ
2636 3098 2743 3151 τῶν
2771 3098 2971 3169 ἑφεξῆς
3009 3098 3350 3153 διδασκάλων
3384 3100 3560 3167 ἁγίων
3586 3095 3757 3150 πλείων
3775 3093 3857 3146 ἀνα-

2359 3184 2686 3260 ταττόιὶεναι
2733 3191 3047 3263 θεηγορίαιο
3080 3190 3310 3262 οὐδεμία
3359 3190 3421 3244 δὲ
3477 3188 3623 3261 παρά
3681 3189 3770 3248 τοῖς
3799 3182 3859 3252 τὴν

2362 3282 2536 3354 ἀληθῆ
2584 3284 2743 3351 δόξαν
2788 3283 3191 3354 πρεσϐεύουσιν
3238 3283 3589 3352 ἐναντιότηςο
3625 3280 3765 3332 πᾶσαι
3792 3274 3858 3343 τᾶρ

2360 3376 2418 3429 αἱ
2456 3376 2802 3433 θεόπνευστοι
2825 3376 3120 3445 θεολογίαι,
3160 3376 3255 3432 ἅτε
3281 3375 3342 3440 ἐξ
3374 3376 3497 3439 ἑνὸς
3536 3374 3628 3427 καὶ
3653 3369 3731 3424 τοῦ
3753 3364 3857 3422 αὐτοῦ

2361 3467 2520 3535 ἁγίου
2553 3468 2868 3538 Πνεύματος
2898 3467 2996 3539 τὴν
3033 3467 3208 3539 ἀρχὴν
3238 3462 3749 3538 ἀφορμώμεναι,καὶ
3774 3458 3858 3528 πρὶς

2360 3558 2456 3611 ινα
2495 3558 2588 3612 τὸν
2623 3559 2723 3628 τῆς
2761 3559 3021 3629 ἀληθείας
3058 3560 3262 3614 σκοπὸν
3329 3563 3743 3629 συντεινόμεναι,
3774 3551 3859 3620 σύμ·

2364 3650 2532 3720 φωνοί
2561 3667 2619 3703 τε
2658 3651 2794 3723 πρὸς
2834 3652 3036 3716 ἑαυτὰς
3074 3653 3168 3705 καί⁵
3203 3651 3467 3722 ἀλλήλαις
3498 3651 3760 3722 ὁμόλογοι·
3782 3644 3860 3703 ταῖς

2362 3758 2422 3794 τε
2453 3742 2719 3806 Παλαιαίς
2761 3742 3009 3815 Γραφαῖς
3039 3745 3092 3796 αἱ
3130 3742 3328 3798 Καιναὶ
3377 3737 3860 3813 συνεπόμεναι,αίτε

2366 3832 2603 3887 Παλαιαὶ
2629 3834 2953 3906 συνᾴδουσαι
2985 3837 3106 3897 ταῖς
3127 3834 3382 3898 Καιναῖς,
3413 3836 3511 3888 καὶ
3543 3831 3777 3904 μηδεμίαν
3792 3826 3861 3885 τοῖς

2364 3940 2429 3993 γε
2459 3923 2589 3977 νοῦν
2628 3925 2844 3995 ἔχουσιν
2872 3925 3194 3981 ἐναντίωσιν
3243 3926 3674 3994 ὕποφαίνουσαι·
3708 3920 3812 3986 πλὴν
3832 3915 3862 3966 εἰ

2368 4014 2444 4084 μή
2477 4031 2562 4076 τις
2593 4014 2656 4067 τὸ
2689 4017 2822 4088 παρ’
2861 4015 3045 4080 ἀλλοις
3089 4015 3200 4070 τῶν
3241 4015 3516 4085 θεολόγων
3550 4014 3717 4085 ῥηθὲν,
3741 4007 3862 4065 ἄλλοις

2363 4105 2423 4159 δὲ
2455 4106 2728 4176 παρεθένο
2767 4109 2868 4175 ⁶καί⁵
2898 4108 2962 4160 τὸ
2986 4106 3143 4179 παρὰ
3172 4109 3288 4170 τοῖς
3312 4099 3626 4177 ’προφήταις
3650 4099 3824 4169 ἀσαφῶς
3841 4093 3863 4164 ἢ

2364 4196 2785 4267 αἰνιγματωδῶς
2836 4199 3126 4271 εἰρημένον
3152 4197 3244 4252 διὰ
3285 4198 3378 4252 τὸν
3422 4197 3632 4268 καιρὸν,
3660 4185 3863 4262 σαφῶςδέ

2363 4290 2461 4345 καὶ
2488 4289 3025 4361 ἀνακεκαλυμμένως
3046 4290 3137 4344 διὰ
3158 4291 3267 4344 τῶν
3296 4286 3705 4361 εὐαγγελιστῶν·
3725 4284 3752 4354 ἢ
3772 4278 3861 4349 πρὸς

2361 4381 2577 4446 τούτοις
2614 4381 2720 4449 ἔτι,
2753 4383 2826 4436 el‘
2849 4382 2913 4437 τὸ
2958 4383 3420 4454 συντετμημένως
3472 4383 3567 4437 καὶ
3611 4375 3787 4450 γοργῶς
3804 4368 3860 4424 διὰ

2364 4473 2474 4527 τῶν
2521 4474 2859 4540 ἀποστόλων,
2912 4473 3321 4545 ἀνηπλωμίνως
3365 4473 3425 4527 δὲ
3472 4473 3568 4529 καὶ
3614 4461 3862 4537 πολυμερῶς

2292 4572 2339 4630 ι)
2366 4564 2679 4630 διεξοδικῶς
2711 4566 2853 4639 πρὸς
2876 4567 2975 4636 τὴν
2996 4564 3289 4638 οἰκοδομὴν
3326 4565 3430 4637 τῆς
3469 4561 3767 4635 Ἐκκλησίας
3795 4551 3863 4608 ὕπδ

2366 4656 2479 4711 τῶν
2510 4658 2849 4714 διδασκάλων
2872 4660 3327 4731 ἐξεργαζόμενον.

2438 4749 2506 4803 Εἴ
2525 4768 2610 4815 τις
2636 4747 2731 4805 οὖν
2748 4750 2817 4805 τὰ
2845 4750 3069 4805 τοιαῦτα
3091 4749 3390 4820 διαφωνίαν
3417 4750 3526 4804 τῶν
3549 4746 3697 4821 ίερῶν
3709 4740 3862 4809 Λογίων

2368 4841 2766 4911 ὑπολογίζοιτο,
2802 4842 3153 4896 παντάπασιν
3202 4843 3230 4894 ὁ
3270 4840 3511 4906 τοιοῦτος
3554 4839 3643 4894 τοῦ
3664 4837 3744 4904 τῆς
3772 4830 3862 4895 ἀλη⁸

2368 4934 2522 4998 θείας
2552 4935 2743 5007 πόρρω
2773 4934 2965 4989 πίπτει
2996 4931 3237 4988 σκοποῦ·
3268 4932 3463 4988 οὔκουν
3492 4927 3736 4999 διαφωνία
3759 4916 3860 5007 nti

2367 5006 2688 5090 ἐναντίωσις
2717 5026 2829 5089 τοῖς
2862 5025 3139 5095 ἀληθινοῖς
3184 5022 3458 5093 θεολόγοις
3488 5022 3613 5094 περί
3637 5016 3719 5072 τοῦ
3742 5006 3862 5068 me

2367 5119 2463 5173 καὶ
2481 5118 2600 5181 ἑνὸς
2621 5117 2724 5188 τῆς
2746 5117 3006 5186 ἀληθείας
3034 5116 3216 5186 λόγου,
3246 5115 3279 5187 ἢ
3312 5117 3448 5188 πρὸς
3475 5113 3732 5186 ἀλλήλους,
3745 5098 3864 5158 καθάσ

2367 5228 2475 5281 περ
2514 5213 2628 5274 τοῖς
2660 5187 2769 5263 τῶν
2807 5209 3042 5281 θύραθεν
3085 5187 3399 5279 φιλοσόφοις
3445 5206 3778 5278 παρίσταται.
3806 5187 3862 5243 ἀεὶ

2366 5301 2478 5373 γὰρ
2502 5302 2549 5354 οἰ
2582 5300 2677 5353 τοῦ
2701 5301 2822 5364 ἑνὸς
2850 5300 3005 5358 ὄντες
3033 5299 3244 5370 Κυρίου
3280 5299 3379 5370 τῆς
3408 5295 3655 5367 ἀληθείας
3675 5283 3862 5353 Πνεῦμα·

2366 5409 2462 5458 τος
2468 5432 2483 5456 ν
2505 5393 2620 5456 τοῖς
2640 5390 2824 5447 αὐτῶν
2845 5390 3244 5465 πρεσϐυτέροις
3272 5392 3338 5462 τῇ
3376 5389 3554 5444 πίστει
3577 5385 3664 5441 καὶ
3682 5383 3736 5451 τῇ
3756 5376 3862 5465 εὐσε-

2369 5482 2517 5555 ϐείᾳ,
2546 5482 2626 5548 ὼς
2645 5462 2920 5555 πατράσιν
2947 5462 3159 5537 ἑαυτῶν
3184 5481 3276 5536 καὶ
3297 5479 3645 5552 καθηγηταῖς,
3675 5462 3861 5555 pars?“

2370 5572 2628 5643 Χριστὸν,
2660 5554 2907 5636 εὐλαϐῶς
2937 5571 3289 5644 ἐφεπόμενοι,
3318 5569 3626 5625 καὶτούτων
3645 5563 3731 5633 τὴν
3751 5554 3861 5628 χάριν

2370 5663 2469 5718 καὶ
2491 5664 2592 5734 τὴν
2629 5663 2825 5733 σοφίαν
2876 5665 2959 5729 εἰς
2998 5665 3226 5729 ἑαυτοὺς
3265 5662 3643 5732 ἐπισπώμενοι,
3677 5648 3756 5707 καὶ
3773 5644 3813 5699 εἰ
3827 5657 3861 5690 τι

2371 5755 2687 5827 προσθεῖναι
2702 5754 2820 5809 δέον
2843 5755 2975 5828 παρ’
3007 5755 3241 5821 ἑαυτῶν,
3264 5753 3549 5819 καὶτοῦτο,
3574 5749 3664 5820 οὐχ
3689 5735 3859 5828 ἑαυτίξῖςε

2371 5825 2510 5902 ἀλλά
2536 5847 2648 5914 τοῖς
2673 5825 2952 5919 Πατράσιν
2981 5847 3341 5920 εὐγνωμόνως
3364 5842 3718 5915 ἀναφέροντες,
3741 5825 3861 5893 ἀξίως
