  <div class='ocr_page' id='page_1' title='image "/cluster/home/n/w/nwhite01/storage/ocr_20150623/105/coo.31924054870096/310.png"; bbox 0 0 4064 6394; ppageno 0'>
   <div class='ocr_carea' id='block_1_1' title="bbox 238 393 333 457">
    <p class='ocr_par' dir='ltr' id='par_1_1' title="bbox 238 393 333 457">
     <span class='ocr_line' id='line_1_1' title="bbox 238 393 333 457; baseline 0.011 -2"><span class='ocrx_word' id='word_1_1' title='bbox 238 393 333 457; x_wconf 78' lang='grc'><strong>581</strong></span> 
     </span>
    </p>
   </div>
   <div class='ocr_carea' id='block_1_2' title="bbox 1084 385 2616 454">
    <p class='ocr_par' dir='ltr' id='par_1_2' title="bbox 1084 385 2616 454">
     <span class='ocr_line' id='line_1_2' title="bbox 1084 385 2616 454; baseline 0.005 -8"><span class='ocrx_word' id='word_1_2' title='bbox 1084 387 1167 447; x_wconf 88' lang='grc' dir='ltr'>ΙΝ</span> <span class='ocrx_word' id='word_1_3' title='bbox 1202 385 1546 448; x_wconf 80' lang='lat' dir='ltr'><strong>CARMINA</strong></span> <span class='ocrx_word' id='word_1_4' title='bbox 1588 385 1884 447; x_wconf 75' lang='lat' dir='ltr'><strong>ARCANA</strong></span> <span class='ocrx_word' id='word_1_5' title='bbox 1927 387 2306 450; x_wconf 82' lang='lat' dir='ltr'>GREGORII</span> <span class='ocrx_word' id='word_1_6' title='bbox 2345 391 2616 454; x_wconf 82' lang='grc' dir='ltr'><strong>ΤΠΕΟῙ...</strong></span> 
     </span>
    </p>
   </div>
   <div class='ocr_carea' id='block_1_3' title="bbox 3384 404 3490 467">
    <p class='ocr_par' dir='ltr' id='par_1_3' title="bbox 3384 404 3490 467">
     <span class='ocr_line' id='line_1_3' title="bbox 3384 404 3490 467; baseline 0.019 -2"><span class='ocrx_word' id='word_1_7' title='bbox 3384 404 3490 467; x_wconf 74' lang='grc'><strong>582</strong></span> 
     </span>
    </p>
   </div>
   <div class='ocr_carea' id='block_1_4' title="bbox 240 499 1811 583">
    <p class='ocr_par' dir='ltr' id='par_1_4' title="bbox 240 499 1804 583">
     <span class='ocr_line' id='line_1_4' title="bbox 240 499 1804 583; baseline -0.001 -27"><span class='ocrx_word' id='word_1_8' title='bbox 240 506 339 558; x_wconf 79' lang='grc' dir='ltr'>τῶν</span> <span class='ocrx_word' id='word_1_9' title='bbox 402 499 690 571; x_wconf 79' lang='grc' dir='ltr'>Πατρικῶν</span> <span class='ocrx_word' id='word_1_10' title='bbox 757 499 1017 567; x_wconf 75' lang='grc' dir='ltr'>εὐλογιῶν</span> <span class='ocrx_word' id='word_1_11' title='bbox 1087 501 1414 572; x_wconf 78' lang='grc' dir='ltr'><strong>κληρονόμοι</strong></span> <span class='ocrx_word' id='word_1_12' title='bbox 1488 503 1583 583; x_wconf 63' lang='grc' dir='ltr'><strong>καὶ</strong></span> <span class='ocrx_word' id='word_1_13' title='bbox 1651 503 1804 556; x_wconf 74' lang='grc' dir='ltr'>αὐτοὶ</span> 
     </span>
    </p>
   </div>
   <div class='ocr_carea' id='block_1_5' title="bbox 1899 499 3491 583">
    <p class='ocr_par' dir='ltr' id='par_1_5' title="bbox 1909 505 3491 583">
     <span class='ocr_line' id='line_1_5' title="bbox 1909 505 3491 583; baseline 0.011 -29"><span class='ocrx_word' id='word_1_14' title='bbox 1909 513 2015 556; x_wconf 90' lang='lat' dir='ltr'><strong>tur.</strong></span> <span class='ocrx_word' id='word_1_15' title='bbox 2069 505 2192 558; x_wconf 84' lang='lat' dir='ltr'><strong>Ideo</strong></span> <span class='ocrx_word' id='word_1_16' title='bbox 2238 515 2292 560; x_wconf 89' lang='lat' dir='ltr'><strong>et</strong></span> <span class='ocrx_word' id='word_1_17' title='bbox 2343 522 2443 562; x_wconf 90' lang='lat' dir='ltr'><strong>nos</strong></span> <span class='ocrx_word' id='word_1_18' title='bbox 2476 509 2568 578; x_wconf 90' lang='lat' dir='ltr'><strong>qtti</strong></span> <span class='ocrx_word' id='word_1_19' title='bbox 2623 509 2705 563; x_wconf 88' lang='lat' dir='ltr'><strong>his</strong></span> <span class='ocrx_word' id='word_1_20' title='bbox 2756 512 3014 570; x_wconf 84' lang='lat' dir='ltr'><strong>omnibus</strong></span> <span class='ocrx_word' id='word_1_21' title='bbox 3064 519 3399 583; x_wconf 89' lang='lat' dir='ltr'><strong>posteriores</strong></span> <span class='ocrx_word' id='word_1_22' title='bbox 3435 529 3491 573; x_wconf 75' lang='lat' dir='ltr'><strong>et</strong></span> 
     </span>
    </p>
   </div>
   <div class='ocr_carea' id='block_1_6' title="bbox 239 574 1798 662">
    <p class='ocr_par' dir='ltr' id='par_1_6' title="bbox 239 574 1798 662">
     <span class='ocr_line' id='line_1_6' title="bbox 239 574 1798 662; baseline -0.003 -14"><span class='ocrx_word' id='word_1_23' title='bbox 239 592 700 649; x_wconf 80' lang='grc' dir='ltr'>καταδείκνυνται.</span> <span class='ocrx_word' id='word_1_24' title='bbox 765 590 858 642; x_wconf 64' lang='lat' dir='ltr'><strong>me</strong></span> <span class='ocrx_word' id='word_1_25' title='bbox 888 591 980 642; x_wconf 78' lang='grc' dir='ltr'><strong>καὶ</strong></span> <span class='ocrx_word' id='word_1_26' title='bbox 1009 590 1171 658; x_wconf 85' lang='grc' dir='ltr'>ἡμεῖς</span> <span class='ocrx_word' id='word_1_27' title='bbox 1221 593 1269 644; x_wconf 88' lang='grc' dir='ltr'><strong>οί</strong></span> <span class='ocrx_word' id='word_1_28' title='bbox 1332 574 1551 645; x_wconf 64' lang='grc' dir='ltr'>πάντων</span> <span class='ocrx_word' id='word_1_29' title='bbox 1581 592 1798 662; x_wconf 77' lang='grc' dir='ltr'><strong>ἔσχατοι</strong></span> 
     </span>
    </p>
   </div>
   <div class='ocr_carea' id='block_1_7' title="bbox 241 682 1800 757">
    <p class='ocr_par' dir='ltr' id='par_1_7' title="bbox 241 682 1800 757">
     <span class='ocr_line' id='line_1_7' title="bbox 241 682 1800 757; baseline -0.001 -17"><span class='ocrx_word' id='word_1_30' title='bbox 241 687 326 740; x_wconf 70' lang='grc' dir='ltr'><strong>καὶ</strong></span> <span class='ocrx_word' id='word_1_31' title='bbox 356 685 688 756; x_wconf 78' lang='grc' dir='ltr'><strong>μικρότεροι,</strong></span> <span class='ocrx_word' id='word_1_32' title='bbox 714 685 848 754; x_wconf 77' lang='grc' dir='ltr'>πρὸς</span> <span class='ocrx_word' id='word_1_33' title='bbox 871 682 961 736; x_wconf 82' lang='grc' dir='ltr'><strong>τὸν</strong></span> <span class='ocrx_word' id='word_1_34' title='bbox 992 684 1133 753; x_wconf 83' lang='grc' dir='ltr'>ὑπὲρ</span> <span class='ocrx_word' id='word_1_35' title='bbox 1169 685 1376 747; x_wconf 87' lang='grc' dir='ltr'>πάντας</span> <span class='ocrx_word' id='word_1_36' title='bbox 1400 687 1528 748; x_wconf 80' lang='grc' dir='ltr'>τοὺς</span> <span class='ocrx_word' id='word_1_37' title='bbox 1563 686 1800 757; x_wconf 77' lang='grc' dir='ltr'>πρεσϐυ-</span> 
     </span>
    </p>
   </div>
   <div class='ocr_carea' id='block_1_8' title="bbox 241 772 1801 846">
    <p class='ocr_par' dir='ltr' id='par_1_8' title="bbox 241 772 1801 846">
     <span class='ocr_line' id='line_1_8' title="bbox 241 772 1801 846; baseline -0.001 -17"><span class='ocrx_word' id='word_1_38' title='bbox 241 778 416 844; x_wconf 84' lang='grc' dir='ltr'>τέρους</span> <span class='ocrx_word' id='word_1_39' title='bbox 440 773 532 826; x_wconf 76' lang='grc' dir='ltr'>καὶ</span> <span class='ocrx_word' id='word_1_40' title='bbox 553 772 908 834; x_wconf 71' lang='grc' dir='ltr'><strong>διδασκάλους</strong></span> <span class='ocrx_word' id='word_1_41' title='bbox 938 775 1304 844; x_wconf 79' lang='grc' dir='ltr'><strong>τετιμημένον</strong></span> <span class='ocrx_word' id='word_1_42' title='bbox 1331 776 1465 845; x_wconf 76' lang='grc' dir='ltr'>ἡμῖν</span> <span class='ocrx_word' id='word_1_43' title='bbox 1497 775 1801 846; x_wconf 84' lang='grc' dir='ltr'>Γρηγὸριον</span> 
     </span>
    </p>
   </div>
   <div class='ocr_carea' id='block_1_9' title="bbox 241 863 1800 936">
    <p class='ocr_par' dir='ltr' id='par_1_9' title="bbox 241 863 1800 936">
     <span class='ocr_line' id='line_1_9' title="bbox 241 863 1800 936; baseline -0.001 -16"><span class='ocrx_word' id='word_1_44' title='bbox 241 869 320 920; x_wconf 72' lang='grc' dir='ltr'>τὸν</span> <span class='ocrx_word' id='word_1_45' title='bbox 345 865 603 933; x_wconf 85' lang='grc' dir='ltr'>Θεολόγον</span> <span class='ocrx_word' id='word_1_46' title='bbox 628 864 720 918; x_wconf 83' lang='grc' dir='ltr'>τὸν</span> <span class='ocrx_word' id='word_1_47' title='bbox 739 863 865 916; x_wconf 82' lang='grc' dir='ltr'><strong>νοῦν</strong></span> <span class='ocrx_word' id='word_1_48' title='bbox 891 865 1374 934; x_wconf 86' lang='grc' dir='ltr'>ὲπερείδοντες,ώς</span> <span class='ocrx_word' id='word_1_49' title='bbox 1397 866 1496 934; x_wconf 86' lang='grc' dir='ltr'><strong>τῆς</strong></span> <span class='ocrx_word' id='word_1_50' title='bbox 1525 866 1800 936; x_wconf 78' lang='grc' dir='ltr'>ἡμετέρας</span> 
     </span>
    </p>
   </div>
   <div class='ocr_carea' id='block_1_10' title="bbox 239 952 1800 1026">
    <p class='ocr_par' dir='ltr' id='par_1_10' title="bbox 239 952 1800 1026">
     <span class='ocr_line' id='line_1_10' title="bbox 239 952 1800 1026; baseline -0.001 -16"><span class='ocrx_word' id='word_1_51' title='bbox 239 955 576 1026; x_wconf 80' lang='grc' dir='ltr'><strong>καθηγεμόνα</strong></span> <span class='ocrx_word' id='word_1_52' title='bbox 622 952 824 1024; x_wconf 82' lang='grc' dir='ltr'>ψυχῆς,</span> <span class='ocrx_word' id='word_1_53' title='bbox 870 954 967 1007; x_wconf 73' lang='grc' dir='ltr'>καὶ</span> <span class='ocrx_word' id='word_1_54' title='bbox 1011 953 1090 1018; x_wconf 85' lang='grc' dir='ltr'><strong>ὡς</strong></span> <span class='ocrx_word' id='word_1_55' title='bbox 1143 955 1546 1026; x_wconf 87' lang='grc' dir='ltr'>περισσοτέρως</span> <span class='ocrx_word' id='word_1_56' title='bbox 1594 956 1658 1008; x_wconf 80' lang='grc' dir='ltr'>ἐκ</span> <span class='ocrx_word' id='word_1_57' title='bbox 1690 955 1800 1008; x_wconf 85' lang='grc' dir='ltr'>τῶν</span> 
     </span>
    </p>
   </div>
   <div class='ocr_carea' id='block_1_11' title="bbox 239 1043 1799 1114">
    <p class='ocr_par' dir='ltr' id='par_1_11' title="bbox 239 1043 1799 1114">
     <span class='ocr_line' id='line_1_11' title="bbox 239 1043 1799 1114; baseline 0 -16"><span class='ocrx_word' id='word_1_58' title='bbox 239 1044 392 1100; x_wconf 81' lang='grc' dir='ltr'>αὐτοῦ</span> <span class='ocrx_word' id='word_1_59' title='bbox 439 1043 729 1112; x_wconf 84' lang='grc' dir='ltr'>θεολογιῶν</span> <span class='ocrx_word' id='word_1_60' title='bbox 774 1043 1238 1114; x_wconf 70' lang='grc' dir='ltr'>οἰκοδομούμενοι,</span> <span class='ocrx_word' id='word_1_61' title='bbox 1275 1044 1490 1112; x_wconf 80' lang='grc' dir='ltr'><strong>ὀλίγους</strong></span> <span class='ocrx_word' id='word_1_62' title='bbox 1529 1046 1685 1108; x_wconf 82' lang='grc' dir='ltr'>τινάς</span> <span class='ocrx_word' id='word_1_63' title='bbox 1734 1047 1799 1098; x_wconf 85' lang='grc' dir='ltr'>ὲκ</span> 
     </span>
    </p>
   </div>
   <div class='ocr_carea' id='block_1_12' title="bbox 233 1133 1798 1208">
    <p class='ocr_par' dir='ltr' id='par_1_12' title="bbox 233 1133 1798 1208">
     <span class='ocr_line' id='line_1_12' title="bbox 233 1133 1798 1208; baseline 0.002 -21"><span class='ocrx_word' id='word_1_64' title='bbox 233 1135 335 1187; x_wconf 83' lang='grc' dir='ltr'>τῶν</span> <span class='ocrx_word' id='word_1_65' title='bbox 359 1133 521 1187; x_wconf 84' lang='grc' dir='ltr'>αὐτοῦ</span> <span class='ocrx_word' id='word_1_66' title='bbox 548 1133 910 1205; x_wconf 84' lang='grc' dir='ltr'>δυσφράστων</span> <span class='ocrx_word' id='word_1_67' title='bbox 932 1133 1025 1186; x_wconf 80' lang='grc' dir='ltr'>καὶ</span> <span class='ocrx_word' id='word_1_68' title='bbox 1045 1134 1440 1207; x_wconf 83' lang='grc' dir='ltr'><strong>δυσθεωρήτων</strong></span> <span class='ocrx_word' id='word_1_69' title='bbox 1462 1136 1657 1205; x_wconf 86' lang='grc' dir='ltr'>λόγων,</span> <span class='ocrx_word' id='word_1_70' title='bbox 1678 1139 1798 1208; x_wconf 72' lang='grc' dir='ltr'>ῆτοι</span> 
     </span>
    </p>
   </div>
   <div class='ocr_carea' id='block_1_13' title="bbox 235 1221 1800 1295">
    <p class='ocr_par' dir='ltr' id='par_1_13' title="bbox 235 1221 1800 1295">
     <span class='ocr_line' id='line_1_13' title="bbox 235 1221 1800 1295; baseline 0.002 -19"><span class='ocrx_word' id='word_1_71' title='bbox 235 1223 574 1292; x_wconf 76' lang='grc' dir='ltr'>θεοφράστων</span> <span class='ocrx_word' id='word_1_72' title='bbox 605 1222 776 1289; x_wconf 76' lang='grc' dir='ltr'>ἐπῶν,</span> <span class='ocrx_word' id='word_1_73' title='bbox 806 1221 874 1274; x_wconf 87' lang='grc' dir='ltr'>τὰ</span> <span class='ocrx_word' id='word_1_74' title='bbox 905 1223 1325 1295; x_wconf 78' lang='grc' dir='ltr'>ἀπορῤητότερα</span> <span class='ocrx_word' id='word_1_75' title='bbox 1367 1227 1462 1278; x_wconf 70' lang='grc' dir='ltr'>καὶ</span> <span class='ocrx_word' id='word_1_76' title='bbox 1508 1228 1621 1289; x_wconf 87' lang='grc' dir='ltr'>τοῖς</span> <span class='ocrx_word' id='word_1_77' title='bbox 1670 1226 1800 1279; x_wconf 87' lang='grc' dir='ltr'>πολ-</span> 
     </span>
    </p>
   </div>
   <div class='ocr_carea' id='block_1_14' title="bbox 232 1311 1795 1386">
    <p class='ocr_par' dir='ltr' id='par_1_14' title="bbox 232 1311 1795 1386">
     <span class='ocr_line' id='line_1_14' title="bbox 232 1311 1795 1386; baseline -0.013 -18"><span class='ocrx_word' id='word_1_78' title='bbox 232 1315 336 1377; x_wconf 86' lang='grc' dir='ltr'>λοῖς</span> <span class='ocrx_word' id='word_1_79' title='bbox 359 1314 664 1368; x_wconf 85' lang='grc' dir='ltr'>ἁνεπίοπτα</span> <span class='ocrx_word' id='word_1_80' title='bbox 707 1314 787 1376; x_wconf 86' lang='grc' dir='ltr'><strong>είς</strong></span> <span class='ocrx_word' id='word_1_81' title='bbox 818 1311 1080 1383; x_wconf 80' lang='grc' dir='ltr'><strong>ἐξήγησιν</strong></span> <span class='ocrx_word' id='word_1_82' title='bbox 1124 1316 1514 1386; x_wconf 78' lang='grc' dir='ltr'>προῦοήκαμεν</span> <span class='ocrx_word' id='word_1_83' title='bbox 1543 1317 1754 1381; x_wconf 66' lang='grc' dir='ltr'><strong>ἑαυτοῖς</strong></span> <span class='ocrx_word' id='word_1_84' title='bbox 1780 1335 1795 1348; x_wconf 93' lang='grc'><strong>.</strong></span> 
     </span>
    </p>
   </div>
   <div class='ocr_carea' id='block_1_15' title="bbox 229 1404 1797 1479">
    <p class='ocr_par' dir='ltr' id='par_1_15' title="bbox 229 1404 1797 1479">
     <span class='ocr_line' id='line_1_15' title="bbox 229 1404 1797 1479; baseline 0.001 -18"><span class='ocrx_word' id='word_1_85' title='bbox 229 1405 356 1477; x_wconf 85' lang='grc' dir='ltr'>ὁμοῦ</span> <span class='ocrx_word' id='word_1_86' title='bbox 409 1405 509 1475; x_wconf 83' lang='grc' dir='ltr'>μὲν</span> <span class='ocrx_word' id='word_1_87' title='bbox 540 1404 631 1458; x_wconf 77' lang='grc' dir='ltr'>τὸν</span> <span class='ocrx_word' id='word_1_88' title='bbox 665 1404 808 1458; x_wconf 88' lang='grc' dir='ltr'>θεῖον</span> <span class='ocrx_word' id='word_1_89' title='bbox 864 1405 1085 1476; x_wconf 84' lang='grc' dir='ltr'>Πατέρα</span> <span class='ocrx_word' id='word_1_90' title='bbox 1126 1409 1244 1470; x_wconf 80' lang='grc' dir='ltr'>ταῖς</span> <span class='ocrx_word' id='word_1_91' title='bbox 1298 1408 1470 1478; x_wconf 82' lang='grc' dir='ltr'>ἱεραῖς</span> <span class='ocrx_word' id='word_1_92' title='bbox 1530 1409 1797 1479; x_wconf 86' lang='grc' dir='ltr'>τιμῶντες</span> 
     </span>
    </p>
   </div>
   <div class='ocr_carea' id='block_1_16' title="bbox 232 1495 1798 1571">
    <p class='ocr_par' dir='ltr' id='par_1_16' title="bbox 232 1495 1798 1571">
     <span class='ocr_line' id='line_1_16' title="bbox 232 1495 1798 1571; baseline 0.003 -23"><span class='ocrx_word' id='word_1_93' title='bbox 232 1495 618 1566; x_wconf 80' lang='grc' dir='ltr'><strong>μνημοσύναις,</strong></span> <span class='ocrx_word' id='word_1_94' title='bbox 637 1496 773 1566; x_wconf 85' lang='grc' dir='ltr'>ὁμοῦ</span> <span class='ocrx_word' id='word_1_95' title='bbox 801 1497 858 1550; x_wconf 85' lang='grc' dir='ltr'>δὲ</span> <span class='ocrx_word' id='word_1_96' title='bbox 898 1497 994 1550; x_wconf 73' lang='grc' dir='ltr'>καὶ</span> <span class='ocrx_word' id='word_1_97' title='bbox 1021 1497 1155 1567; x_wconf 75' lang='grc' dir='ltr'>πρὸς</span> <span class='ocrx_word' id='word_1_98' title='bbox 1181 1498 1273 1550; x_wconf 74' lang='grc' dir='ltr'><strong>τὸν</strong></span> <span class='ocrx_word' id='word_1_99' title='bbox 1299 1499 1510 1551; x_wconf 78' lang='grc' dir='ltr'>ἐκείνου</span> <span class='ocrx_word' id='word_1_100' title='bbox 1542 1500 1798 1571; x_wconf 82' lang='grc' dir='ltr'>θεόσοφον</span> 
     </span>
    </p>
   </div>
   <div class='ocr_carea' id='block_1_17' title="bbox 227 1587 1798 1660">
    <p class='ocr_par' dir='ltr' id='par_1_17' title="bbox 227 1587 1798 1660">
     <span class='ocr_line' id='line_1_17' title="bbox 227 1587 1798 1660; baseline 0.002 -18"><span class='ocrx_word' id='word_1_101' title='bbox 227 1587 344 1642; x_wconf 90' lang='grc' dir='ltr'>νοῦν</span> <span class='ocrx_word' id='word_1_102' title='bbox 369 1588 461 1641; x_wconf 84' lang='grc' dir='ltr'><strong>τὸν</strong></span> <span class='ocrx_word' id='word_1_103' title='bbox 513 1589 715 1641; x_wconf 80' lang='grc' dir='ltr'>οἰκεῖον</span> <span class='ocrx_word' id='word_1_104' title='bbox 768 1589 856 1641; x_wconf 84' lang='grc' dir='ltr'>διὰ</span> <span class='ocrx_word' id='word_1_105' title='bbox 901 1589 1001 1660; x_wconf 88' lang='grc' dir='ltr'><strong>τῆς</strong></span> <span class='ocrx_word' id='word_1_106' title='bbox 1034 1589 1333 1659; x_wconf 80' lang='grc' dir='ltr'>ἑρμηνείας</span> <span class='ocrx_word' id='word_1_107' title='bbox 1383 1591 1480 1660; x_wconf 90' lang='grc' dir='ltr'><strong>τῆς</strong></span> <span class='ocrx_word' id='word_1_108' title='bbox 1512 1591 1710 1658; x_wconf 76' lang='grc' dir='ltr'>λέξεως</span> <span class='ocrx_word' id='word_1_109' title='bbox 1739 1592 1798 1656; x_wconf 84' lang='grc' dir='ltr'>ἐξ</span> 
     </span>
    </p>
   </div>
   <div class='ocr_carea' id='block_1_18' title="bbox 225 1679 1796 1751">
    <p class='ocr_par' dir='ltr' id='par_1_18' title="bbox 225 1679 1796 1751">
     <span class='ocr_line' id='line_1_18' title="bbox 225 1679 1796 1751; baseline 0.001 -17"><span class='ocrx_word' id='word_1_110' title='bbox 225 1679 461 1749; x_wconf 77' lang='grc' dir='ltr'><strong>ἀνάγκης</strong></span> <span class='ocrx_word' id='word_1_111' title='bbox 509 1679 931 1749; x_wconf 84' lang='grc' dir='ltr'>παρενείραντες</span> <span class='ocrx_word' id='word_1_112' title='bbox 980 1681 1014 1750; x_wconf 81' lang='grc' dir='ltr'>ἢ</span> <span class='ocrx_word' id='word_1_113' title='bbox 1066 1681 1529 1751; x_wconf 79' lang='grc' dir='ltr'>παρεκτείναντες</span> <span class='ocrx_word' id='word_1_114' title='bbox 1563 1681 1708 1747; x_wconf 83' lang='grc' dir='ltr'>νοῦν,</span> <span class='ocrx_word' id='word_1_115' title='bbox 1748 1683 1796 1737; x_wconf 82' lang='grc' dir='ltr'><strong>εί</strong></span> 
     </span>
    </p>
   </div>
   <div class='ocr_carea' id='block_1_19' title="bbox 225 1770 1794 1843">
    <p class='ocr_par' dir='ltr' id='par_1_19' title="bbox 225 1770 1794 1843">
     <span class='ocr_line' id='line_1_19' title="bbox 225 1770 1794 1843; baseline 0.002 -20"><span class='ocrx_word' id='word_1_116' title='bbox 225 1770 314 1825; x_wconf 77' lang='grc' dir='ltr'>καὶ</span> <span class='ocrx_word' id='word_1_117' title='bbox 343 1770 560 1841; x_wconf 85' lang='grc' dir='ltr'>άληθῶς</span> <span class='ocrx_word' id='word_1_118' title='bbox 581 1771 642 1824; x_wconf 86' lang='grc' dir='ltr'><strong>τὸ</strong></span> <span class='ocrx_word' id='word_1_119' title='bbox 675 1771 984 1843; x_wconf 71' lang='grc' dir='ltr'>ἐγχείρημα</span> <span class='ocrx_word' id='word_1_120' title='bbox 1016 1771 1290 1842; x_wconf 85' lang='grc' dir='ltr'>τολμηρόν</span> <span class='ocrx_word' id='word_1_121' title='bbox 1311 1789 1328 1803; x_wconf 78' lang='grc' dir='ltr'><strong>ο</strong></span> <span class='ocrx_word' id='word_1_122' title='bbox 1380 1775 1472 1825; x_wconf 68' lang='grc' dir='ltr'><strong>καὶ</strong></span> <span class='ocrx_word' id='word_1_123' title='bbox 1521 1773 1589 1826; x_wconf 79' lang='grc' dir='ltr'>δι’</span> <span class='ocrx_word' id='word_1_124' title='bbox 1629 1773 1794 1826; x_wconf 74' lang='grc' dir='ltr'>αὑτοῦ</span> 
     </span>
    </p>
   </div>
   <div class='ocr_carea' id='block_1_20' title="bbox 224 1861 1870 1934">
    <p class='ocr_par' dir='ltr' id='par_1_20' title="bbox 224 1861 1870 1934">
     <span class='ocr_line' id='line_1_20' title="bbox 224 1861 1870 1934; baseline 0.004 -20"><span class='ocrx_word' id='word_1_125' title='bbox 224 1862 350 1931; x_wconf 79' lang='grc' dir='ltr'>πρὸς</span> <span class='ocrx_word' id='word_1_126' title='bbox 376 1862 436 1914; x_wconf 85' lang='grc' dir='ltr'><strong>τὸ</strong></span> <span class='ocrx_word' id='word_1_127' title='bbox 470 1862 673 1925; x_wconf 78' lang='grc' dir='ltr'>πλάτος</span> <span class='ocrx_word' id='word_1_128' title='bbox 710 1863 808 1932; x_wconf 85' lang='grc' dir='ltr'><strong>τῆς</strong></span> <span class='ocrx_word' id='word_1_129' title='bbox 851 1865 971 1915; x_wconf 82' lang='grc' dir='ltr'>κατ’</span> <span class='ocrx_word' id='word_1_130' title='bbox 1018 1863 1178 1916; x_wconf 78' lang='grc' dir='ltr'>αὐτὸν</span> <span class='ocrx_word' id='word_1_131' title='bbox 1214 1862 1626 1934; x_wconf 84' lang='grc' dir='ltr'>άληθογνωσίας</span> <span class='ocrx_word' id='word_1_132' title='bbox 1661 1883 1791 1918; x_wconf 87' lang='grc' dir='ltr'>κατ·</span> <span class='ocrx_word' id='word_1_133' title='bbox 1825 1861 1870 1921; x_wconf 86' lang='grc' dir='ltr'><strong>Β</strong></span> 
     </span>
    </p>
   </div>
   <div class='ocr_carea' id='block_1_21' title="bbox 223 1951 1795 2024">
    <p class='ocr_par' dir='ltr' id='par_1_21' title="bbox 223 1951 1795 2024">
     <span class='ocr_line' id='line_1_21' title="bbox 223 1951 1795 2024; baseline 0.003 -18"><span class='ocrx_word' id='word_1_134' title='bbox 223 1953 586 2024; x_wconf 79' lang='grc' dir='ltr'>ευθυνόμενοι,</span> <span class='ocrx_word' id='word_1_135' title='bbox 649 1951 792 2008; x_wconf 76' lang='grc' dir='ltr'>οὕτω</span> <span class='ocrx_word' id='word_1_136' title='bbox 835 1953 880 2006; x_wconf 84' lang='grc' dir='ltr'>δ’</span> <span class='ocrx_word' id='word_1_137' title='bbox 912 1954 978 2007; x_wconf 86' lang='grc' dir='ltr'>ἂν</span> <span class='ocrx_word' id='word_1_138' title='bbox 1011 1953 1108 2007; x_wconf 80' lang='grc' dir='ltr'>καὶ</span> <span class='ocrx_word' id='word_1_139' title='bbox 1135 1953 1315 2018; x_wconf 73' lang='grc' dir='ltr'>ἄλλοις</span> <span class='ocrx_word' id='word_1_140' title='bbox 1346 1955 1454 2008; x_wconf 84' lang='grc' dir='ltr'>τῶν</span> <span class='ocrx_word' id='word_1_141' title='bbox 1494 1957 1795 2011; x_wconf 78' lang='grc' dir='ltr'>πεπαιδευ-</span> 
     </span>
    </p>
   </div>
   <div class='ocr_carea' id='block_1_22' title="bbox 225 2044 1795 2116">
    <p class='ocr_par' dir='ltr' id='par_1_22' title="bbox 225 2044 1795 2116">
     <span class='ocr_line' id='line_1_22' title="bbox 225 2044 1795 2116; baseline 0.003 -21"><span class='ocrx_word' id='word_1_142' title='bbox 225 2044 392 2114; x_wconf 80' lang='grc' dir='ltr'><strong>μένων</strong></span> <span class='ocrx_word' id='word_1_143' title='bbox 445 2044 510 2096; x_wconf 83' lang='grc' dir='ltr'>οὐ</span> <span class='ocrx_word' id='word_1_144' title='bbox 565 2044 765 2116; x_wconf 80' lang='grc' dir='ltr'>μικρὰν</span> <span class='ocrx_word' id='word_1_145' title='bbox 815 2044 946 2109; x_wconf 77' lang='grc' dir='ltr'>ἴσως</span> <span class='ocrx_word' id='word_1_146' title='bbox 977 2045 1078 2116; x_wconf 79' lang='grc' dir='ltr'><strong>τὴν</strong></span> <span class='ocrx_word' id='word_1_147' title='bbox 1115 2044 1383 2114; x_wconf 80' lang='grc' dir='ltr'>ὠφέλειαν</span> <span class='ocrx_word' id='word_1_148' title='bbox 1417 2045 1504 2099; x_wconf 80' lang='grc' dir='ltr'><strong>διά</strong></span> <span class='ocrx_word' id='word_1_149' title='bbox 1557 2050 1655 2114; x_wconf 72' lang='grc' dir='ltr'><strong>τῆς</strong></span> <span class='ocrx_word' id='word_1_150' title='bbox 1688 2047 1795 2099; x_wconf 84' lang='grc' dir='ltr'>τῶν</span> 
     </span>
    </p>
   </div>
   <div class='ocr_carea' id='block_1_23' title="bbox 223 2135 1791 2209">
    <p class='ocr_par' dir='ltr' id='par_1_23' title="bbox 223 2135 1791 2209">
     <span class='ocr_line' id='line_1_23' title="bbox 223 2135 1791 2209; baseline 0.002 -21"><span class='ocrx_word' id='word_1_151' title='bbox 223 2135 547 2204; x_wconf 81' lang='grc' dir='ltr'>θεολογικῶν</span> <span class='ocrx_word' id='word_1_152' title='bbox 598 2135 888 2206; x_wconf 78' lang='grc' dir='ltr'><strong>δογμάτων</strong></span> <span class='ocrx_word' id='word_1_153' title='bbox 959 2135 1274 2205; x_wconf 75' lang='grc' dir='ltr'>ἐξηγήσεως</span> <span class='ocrx_word' id='word_1_154' title='bbox 1343 2138 1791 2209; x_wconf 79' lang='grc' dir='ltr'>προξενήσοιμεν.</span> 
     </span>
    </p>
   </div>
   <div class='ocr_carea' id='block_1_24' title="bbox 221 2227 1795 2300">
    <p class='ocr_par' dir='ltr' id='par_1_24' title="bbox 221 2227 1795 2300">
     <span class='ocr_line' id='line_1_24' title="bbox 221 2227 1795 2300; baseline 0.001 -18"><span class='ocrx_word' id='word_1_155' title='bbox 221 2229 509 2300; x_wconf 86' lang='grc' dir='ltr'>Πρόκειται</span> <span class='ocrx_word' id='word_1_156' title='bbox 556 2227 611 2283; x_wconf 79' lang='grc' dir='ltr'>δὲ</span> <span class='ocrx_word' id='word_1_157' title='bbox 644 2229 862 2297; x_wconf 81' lang='grc' dir='ltr'>πρῶτον</span> <span class='ocrx_word' id='word_1_158' title='bbox 895 2229 1027 2300; x_wconf 80' lang='grc' dir='ltr'>ἡμῖν</span> <span class='ocrx_word' id='word_1_159' title='bbox 1057 2227 1186 2291; x_wconf 76' lang='grc' dir='ltr'>ἔπος</span> <span class='ocrx_word' id='word_1_160' title='bbox 1219 2229 1298 2292; x_wconf 82' lang='grc' dir='ltr'>εἰς</span> <span class='ocrx_word' id='word_1_161' title='bbox 1330 2229 1618 2298; x_wconf 75' lang='grc' dir='ltr'>ἐπίσκεψιν</span> <span class='ocrx_word' id='word_1_162' title='bbox 1654 2230 1795 2299; x_wconf 78' lang='grc' dir='ltr'>Περὶ</span> 
     </span>
    </p>
   </div>
   <div class='ocr_carea' id='block_1_25' title="bbox 222 2319 431 2389">
    <p class='ocr_par' dir='ltr' id='par_1_25' title="bbox 222 2319 431 2389">
     <span class='ocr_line' id='line_1_25' title="bbox 222 2319 431 2389; baseline -0.01 -13"><span class='ocrx_word' id='word_1_163' title='bbox 222 2319 431 2389; x_wconf 77' lang='grc' dir='ltr'><strong>ἀρχῶν.</strong></span> 
     </span>
    </p>
   </div>
   <div class='ocr_carea' id='block_1_26' title="bbox 286 2409 1792 2482">
    <p class='ocr_par' dir='ltr' id='par_1_26' title="bbox 286 2409 1792 2482">
     <span class='ocr_line' id='line_1_26' title="bbox 286 2409 1792 2482; baseline 0 -18"><span class='ocrx_word' id='word_1_164' title='bbox 286 2409 347 2464; x_wconf 80' lang='lat' dir='ltr'><strong>Oi</strong></span> <span class='ocrx_word' id='word_1_165' title='bbox 389 2409 493 2479; x_wconf 90' lang='grc' dir='ltr'><strong>τῆς</strong></span> <span class='ocrx_word' id='word_1_166' title='bbox 522 2409 796 2479; x_wconf 83' lang='grc' dir='ltr'>κοσμικῆς</span> <span class='ocrx_word' id='word_1_167' title='bbox 829 2409 1023 2478; x_wconf 78' lang='grc' dir='ltr'>σοφίας</span> <span class='ocrx_word' id='word_1_168' title='bbox 1073 2409 1174 2477; x_wconf 76' lang='grc' dir='ltr'>τὴν</span> <span class='ocrx_word' id='word_1_169' title='bbox 1203 2409 1516 2482; x_wconf 78' lang='grc' dir='ltr'>ἀκροτάτην</span> <span class='ocrx_word' id='word_1_170' title='bbox 1545 2411 1792 2465; x_wconf 82' lang='grc' dir='ltr'>’καταλα-</span> 
     </span>
    </p>
   </div>
   <div class='ocr_carea' id='block_1_27' title="bbox 223 2500 1796 2570">
    <p class='ocr_par' dir='ltr' id='par_1_27' title="bbox 223 2500 1796 2570">
     <span class='ocr_line' id='line_1_27' title="bbox 223 2500 1796 2570; baseline 0.003 -17"><span class='ocrx_word' id='word_1_171' title='bbox 223 2500 331 2554; x_wconf 73' lang='grc' dir='ltr'>ϐεῖν</span> <span class='ocrx_word' id='word_1_172' title='bbox 372 2501 720 2570; x_wconf 84' lang='grc' dir='ltr'>κατοιόμενοι</span> <span class='ocrx_word' id='word_1_173' title='bbox 749 2500 1063 2570; x_wconf 82' lang='grc' dir='ltr'>περιωπὴν,</span> <span class='ocrx_word' id='word_1_174' title='bbox 1100 2500 1281 2554; x_wconf 87' lang='grc' dir='ltr'>πάντα</span> <span class='ocrx_word' id='word_1_175' title='bbox 1326 2501 1396 2554; x_wconf 85' lang='grc' dir='ltr'><strong>τά</strong></span> <span class='ocrx_word' id='word_1_176' title='bbox 1446 2501 1576 2556; x_wconf 73' lang='grc' dir='ltr'>ὄντα</span> <span class='ocrx_word' id='word_1_177' title='bbox 1605 2503 1701 2557; x_wconf 73' lang='grc' dir='ltr'>καὶ</span> <span class='ocrx_word' id='word_1_178' title='bbox 1727 2502 1796 2557; x_wconf 69' lang='grc' dir='ltr'>τὰ</span> 
     </span>
    </p>
   </div>
   <div class='ocr_carea' id='block_1_28' title="bbox 222 2593 1796 2666">
    <p class='ocr_par' dir='ltr' id='par_1_28' title="bbox 222 2593 1796 2666">
     <span class='ocr_line' id='line_1_28' title="bbox 222 2593 1796 2666; baseline 0.001 -19"><span class='ocrx_word' id='word_1_179' title='bbox 222 2594 476 2665; x_wconf 86' lang='grc' dir='ltr'>γινόμενα</span> <span class='ocrx_word' id='word_1_180' title='bbox 518 2597 599 2658; x_wconf 80' lang='grc' dir='ltr'><strong>είς</strong></span> <span class='ocrx_word' id='word_1_181' title='bbox 644 2596 793 2665; x_wconf 80' lang='grc' dir='ltr'>τρεῖς</span> <span class='ocrx_word' id='word_1_182' title='bbox 827 2593 926 2656; x_wconf 80' lang='grc' dir='ltr'><strong>τὰς</strong></span> <span class='ocrx_word' id='word_1_183' title='bbox 960 2594 1307 2665; x_wconf 83' lang='grc' dir='ltr'>κυριωτάτας</span> <span class='ocrx_word' id='word_1_184' title='bbox 1342 2595 1438 2647; x_wconf 69' lang='grc' dir='ltr'>καὶ</span> <span class='ocrx_word' id='word_1_185' title='bbox 1479 2596 1796 2666; x_wconf 88' lang='grc' dir='ltr'>πρωτίστας</span> 
     </span>
    </p>
   </div>
   <div class='ocr_carea' id='block_1_29' title="bbox 222 2684 1793 2757">
    <p class='ocr_par' dir='ltr' id='par_1_29' title="bbox 222 2684 1793 2757">
     <span class='ocr_line' id='line_1_29' title="bbox 222 2684 1793 2757; baseline 0.001 -19"><span class='ocrx_word' id='word_1_186' title='bbox 222 2686 392 2749; x_wconf 84' lang='grc' dir='ltr'>αίτίας</span> <span class='ocrx_word' id='word_1_187' title='bbox 461 2686 558 2738; x_wconf 76' lang='grc' dir='ltr'><strong>καὶ</strong></span> <span class='ocrx_word' id='word_1_188' title='bbox 635 2684 811 2756; x_wconf 85' lang='grc' dir='ltr'>ἀρχὰς</span> <span class='ocrx_word' id='word_1_189' title='bbox 875 2685 1244 2754; x_wconf 84' lang='grc' dir='ltr'>ἀναφέροντες</span> <span class='ocrx_word' id='word_1_190' title='bbox 1315 2685 1793 2757; x_wconf 63' lang='grc' dir='ltr'>ὲκκορυφοῦνταν</span> 
     </span>
    </p>
   </div>
   <div class='ocr_carea' id='block_1_30' title="bbox 222 2769 1795 2848">
    <p class='ocr_par' dir='ltr' id='par_1_30' title="bbox 222 2769 1795 2848">
     <span class='ocr_line' id='line_1_30' title="bbox 222 2769 1795 2848; baseline 0.001 -20"><span class='ocrx_word' id='word_1_191' title='bbox 222 2775 416 2840; x_wconf 86' lang='grc' dir='ltr'>ταύτας</span> <span class='ocrx_word' id='word_1_192' title='bbox 443 2775 506 2828; x_wconf 83' lang='grc' dir='ltr'>δὲ</span> <span class='ocrx_word' id='word_1_193' title='bbox 536 2773 683 2840; x_wconf 90' lang='grc' dir='ltr'>νοῦν,</span> <span class='ocrx_word' id='word_1_194' title='bbox 716 2776 813 2828; x_wconf 77' lang='grc' dir='ltr'>καὶ</span> <span class='ocrx_word' id='word_1_195' title='bbox 849 2773 1005 2848; x_wconf 76' lang='grc' dir='ltr'>ὓλην,</span> <span class='ocrx_word' id='word_1_196' title='bbox 1045 2776 1140 2828; x_wconf 75' lang='grc' dir='ltr'><strong>καὶ</strong></span> <span class='ocrx_word' id='word_1_197' title='bbox 1175 2769 1314 2838; x_wconf 79' lang='grc' dir='ltr'>εἶδος</span> <span class='ocrx_word' id='word_1_198' title='bbox 1337 2774 1795 2848; x_wconf 50' lang='grc' dir='ltr'>καλοῦντεςβυν-</span> 
     </span>
    </p>
   </div>
   <div class='ocr_carea' id='block_1_31' title="bbox 224 2865 1793 2938">
    <p class='ocr_par' dir='ltr' id='par_1_31' title="bbox 224 2865 1793 2938">
     <span class='ocr_line' id='line_1_31' title="bbox 224 2865 1793 2938; baseline -0.001 -16"><span class='ocrx_word' id='word_1_199' title='bbox 224 2868 482 2938; x_wconf 84' lang='grc' dir='ltr'>ανάρχους</span> <span class='ocrx_word' id='word_1_200' title='bbox 535 2868 632 2920; x_wconf 71' lang='grc' dir='ltr'><strong>καὶ</strong></span> <span class='ocrx_word' id='word_1_201' title='bbox 669 2867 976 2930; x_wconf 79' lang='grc' dir='ltr'>συναιτίους</span> <span class='ocrx_word' id='word_1_202' title='bbox 1005 2865 1113 2920; x_wconf 84' lang='grc' dir='ltr'><strong>τῶν</strong></span> <span class='ocrx_word' id='word_1_203' title='bbox 1161 2868 1380 2922; x_wconf 88' lang='grc' dir='ltr'>πάντων</span> <span class='ocrx_word' id='word_1_204' title='bbox 1426 2867 1793 2936; x_wconf 81' lang='grc' dir='ltr'>ὑποτίθενται,</span> 
     </span>
    </p>
   </div>
   <div class='ocr_carea' id='block_1_32' title="bbox 224 2958 1796 3032">
    <p class='ocr_par' dir='ltr' id='par_1_32' title="bbox 224 2958 1796 3032">
     <span class='ocr_line' id='line_1_32' title="bbox 224 2958 1796 3032; baseline 0 -20"><span class='ocrx_word' id='word_1_205' title='bbox 224 2961 336 3012; x_wconf 83' lang='grc' dir='ltr'>κατ’</span> <span class='ocrx_word' id='word_1_206' title='bbox 358 2959 620 3029; x_wconf 77' lang='grc' dir='ltr'>οὐδεμιᾶς</span> <span class='ocrx_word' id='word_1_207' title='bbox 646 2959 854 3029; x_wconf 87' lang='grc' dir='ltr'>τρόπον</span> <span class='ocrx_word' id='word_1_208' title='bbox 904 2958 1117 3022; x_wconf 74' lang='grc' dir='ltr'>ἑννοίας</span> <span class='ocrx_word' id='word_1_209' title='bbox 1147 2960 1179 3032; x_wconf 76' lang='grc' dir='ltr'>ἢ</span> <span class='ocrx_word' id='word_1_210' title='bbox 1205 2958 1380 3030; x_wconf 77' lang='grc' dir='ltr'>ἀρχὴν</span> <span class='ocrx_word' id='word_1_211' title='bbox 1407 2959 1441 3031; x_wconf 76' lang='grc' dir='ltr'><strong>ἢ</strong></span> <span class='ocrx_word' id='word_1_212' title='bbox 1465 2959 1620 3023; x_wconf 84' lang='grc' dir='ltr'>τέλος</span> <span class='ocrx_word' id='word_1_213' title='bbox 1651 2959 1796 3013; x_wconf 87' lang='grc' dir='ltr'>δεδέ-</span> 
     </span>
    </p>
   </div>
   <div class='ocr_carea' id='block_1_33' title="bbox 227 3045 1797 3119">
    <p class='ocr_par' dir='ltr' id='par_1_33' title="bbox 227 3045 1797 3119">
     <span class='ocr_line' id='line_1_33' title="bbox 227 3045 1797 3119; baseline 0.003 -19"><span class='ocrx_word' id='word_1_214' title='bbox 227 3045 396 3114; x_wconf 81' lang='grc' dir='ltr'>ξεσθαι</span> <span class='ocrx_word' id='word_1_215' title='bbox 429 3048 656 3101; x_wconf 84' lang='grc' dir='ltr'>πώποτε</span> <span class='ocrx_word' id='word_1_216' title='bbox 693 3048 1000 3119; x_wconf 80' lang='grc' dir='ltr'>δυναμένας</span> <span class='ocrx_word' id='word_1_217' title='bbox 1034 3049 1066 3118; x_wconf 78' lang='grc' dir='ltr'><strong>ἢ</strong></span> <span class='ocrx_word' id='word_1_218' title='bbox 1105 3050 1479 3119; x_wconf 73' lang='grc' dir='ltr'>δυνησομένοις</span> <span class='ocrx_word' id='word_1_219' title='bbox 1500 3067 1513 3080; x_wconf 89' lang='grc'><strong>·</strong></span> <span class='ocrx_word' id='word_1_220' title='bbox 1545 3051 1636 3103; x_wconf 71' lang='grc' dir='ltr'>τὸν</span> <span class='ocrx_word' id='word_1_221' title='bbox 1669 3050 1797 3104; x_wconf 87' lang='grc' dir='ltr'>νοῦν</span> 
     </span>
    </p>
   </div>
   <div class='ocr_carea' id='block_1_34' title="bbox 231 3141 1792 3214">
    <p class='ocr_par' dir='ltr' id='par_1_34' title="bbox 231 3141 1792 3214">
     <span class='ocr_line' id='line_1_34' title="bbox 231 3141 1792 3214; baseline 0.003 -22"><span class='ocrx_word' id='word_1_222' title='bbox 231 3141 322 3211; x_wconf 77' lang='grc' dir='ltr'>μὲν</span> <span class='ocrx_word' id='word_1_223' title='bbox 349 3143 442 3195; x_wconf 71' lang='grc' dir='ltr'><strong>καὶ</strong></span> <span class='ocrx_word' id='word_1_224' title='bbox 488 3141 624 3194; x_wconf 82' lang='grc' dir='ltr'>Θεὸν</span> <span class='ocrx_word' id='word_1_225' title='bbox 669 3142 1149 3207; x_wconf 84' lang='grc' dir='ltr'>κατωνομάκασιν,</span> <span class='ocrx_word' id='word_1_226' title='bbox 1212 3143 1286 3204; x_wconf 76' lang='grc' dir='ltr'>ὡς</span> <span class='ocrx_word' id='word_1_227' title='bbox 1313 3142 1402 3194; x_wconf 88' lang='grc' dir='ltr'><strong>διὰ</strong></span> <span class='ocrx_word' id='word_1_228' title='bbox 1433 3143 1650 3195; x_wconf 86' lang='grc' dir='ltr'>πάντων</span> <span class='ocrx_word' id='word_1_229' title='bbox 1683 3161 1792 3214; x_wconf 84' lang='grc' dir='ltr'>χω-</span> 
     </span>
    </p>
   </div>
   <div class='ocr_carea' id='block_1_35' title="bbox 238 3231 1793 3303">
    <p class='ocr_par' dir='ltr' id='par_1_35' title="bbox 238 3231 1793 3303">
     <span class='ocr_line' id='line_1_35' title="bbox 238 3231 1793 3303; baseline 0.002 -19"><span class='ocrx_word' id='word_1_230' title='bbox 238 3233 436 3303; x_wconf 81' lang='grc' dir='ltr'>ροῦντα,</span> <span class='ocrx_word' id='word_1_231' title='bbox 474 3234 573 3286; x_wconf 79' lang='grc' dir='ltr'><strong>καὶ</strong></span> <span class='ocrx_word' id='word_1_232' title='bbox 602 3232 1024 3301; x_wconf 86' lang='grc' dir='ltr'>καταθεώμενον</span> <span class='ocrx_word' id='word_1_233' title='bbox 1045 3233 1113 3286; x_wconf 81' lang='grc' dir='ltr'><strong>τὰ</strong></span> <span class='ocrx_word' id='word_1_234' title='bbox 1160 3233 1339 3286; x_wconf 85' lang='grc' dir='ltr'>πάντα</span> <span class='ocrx_word' id='word_1_235' title='bbox 1359 3249 1372 3262; x_wconf 91' lang='grc'><strong>·</strong></span> <span class='ocrx_word' id='word_1_236' title='bbox 1403 3231 1534 3302; x_wconf 77' lang='grc' dir='ltr'>ὓλην</span> <span class='ocrx_word' id='word_1_237' title='bbox 1568 3234 1625 3286; x_wconf 84' lang='grc' dir='ltr'><strong>δέ</strong></span> <span class='ocrx_word' id='word_1_238' title='bbox 1661 3251 1793 3302; x_wconf 84' lang='grc' dir='ltr'>φασι</span> 
     </span>
    </p>
   </div>
   <div class='ocr_carea' id='block_1_36' title="bbox 236 3327 1793 3399">
    <p class='ocr_par' dir='ltr' id='par_1_36' title="bbox 236 3327 1793 3399">
     <span class='ocr_line' id='line_1_36' title="bbox 236 3327 1793 3399; baseline 0 -19"><span class='ocrx_word' id='word_1_239' title='bbox 236 3327 337 3381; x_wconf 83' lang='grc' dir='ltr'><strong>τῶν</strong></span> <span class='ocrx_word' id='word_1_240' title='bbox 358 3329 704 3399; x_wconf 78' lang='grc' dir='ltr'>καλουμένων</span> <span class='ocrx_word' id='word_1_241' title='bbox 732 3329 1015 3397; x_wconf 82' lang='grc' dir='ltr'>στοιχείων</span> <span class='ocrx_word' id='word_1_242' title='bbox 1047 3328 1146 3398; x_wconf 85' lang='grc' dir='ltr'><strong>τὴν</strong></span> <span class='ocrx_word' id='word_1_243' title='bbox 1175 3327 1497 3398; x_wconf 59' lang='grc' dir='ltr'>τετρακτύν</span> <span class='ocrx_word' id='word_1_244' title='bbox 1545 3328 1682 3399; x_wconf 68' lang='grc' dir='ltr'>πρὸς</span> <span class='ocrx_word' id='word_1_245' title='bbox 1735 3327 1793 3380; x_wconf 78' lang='grc' dir='ltr'>δὲ</span> 
     </span>
    </p>
   </div>
   <div class='ocr_carea' id='block_1_37' title="bbox 231 3415 1792 3492">
    <p class='ocr_par' dir='ltr' id='par_1_37' title="bbox 231 3415 1792 3492">
     <span class='ocr_line' id='line_1_37' title="bbox 231 3415 1792 3492; baseline 0 -20"><span class='ocrx_word' id='word_1_246' title='bbox 231 3421 317 3472; x_wconf 77' lang='grc' dir='ltr'>καὶ</span> <span class='ocrx_word' id='word_1_247' title='bbox 361 3419 607 3492; x_wconf 88' lang='grc' dir='ltr'>πέμπτον</span> <span class='ocrx_word' id='word_1_248' title='bbox 645 3420 726 3474; x_wconf 81' lang='grc' dir='ltr'>ἔτι</span> <span class='ocrx_word' id='word_1_249' title='bbox 781 3420 940 3490; x_wconf 84' lang='grc' dir='ltr'>σῶμα</span> <span class='ocrx_word' id='word_1_250' title='bbox 985 3419 1048 3473; x_wconf 81' lang='grc' dir='ltr'><strong>τὸ</strong></span> <span class='ocrx_word' id='word_1_251' title='bbox 1090 3421 1371 3490; x_wconf 71' lang='grc' dir='ltr'>οὐράνιον*</span> <span class='ocrx_word' id='word_1_252' title='bbox 1415 3415 1555 3482; x_wconf 75' lang='grc' dir='ltr'>εἶδος</span> <span class='ocrx_word' id='word_1_253' title='bbox 1597 3420 1654 3472; x_wconf 82' lang='grc' dir='ltr'>δὲ</span> <span class='ocrx_word' id='word_1_254' title='bbox 1693 3419 1792 3488; x_wconf 77' lang='grc' dir='ltr'>τὴν</span> 
     </span>
    </p>
   </div>
   <div class='ocr_carea' id='block_1_38' title="bbox 228 3510 1793 3583">
    <p class='ocr_par' dir='ltr' id='par_1_38' title="bbox 228 3510 1793 3583">
     <span class='ocr_line' id='line_1_38' title="bbox 228 3510 1793 3583; baseline 0 -20"><span class='ocrx_word' id='word_1_255' title='bbox 228 3511 519 3583; x_wconf 85' lang='grc' dir='ltr'>ίδιότροπον</span> <span class='ocrx_word' id='word_1_256' title='bbox 554 3513 788 3568; x_wconf 82' lang='grc' dir='ltr'>ἑκάστου</span> <span class='ocrx_word' id='word_1_257' title='bbox 818 3514 915 3566; x_wconf 79' lang='grc' dir='ltr'><strong>καὶ</strong></span> <span class='ocrx_word' id='word_1_258' title='bbox 943 3513 1413 3583; x_wconf 71' lang='grc' dir='ltr'>συμπληρωτικῆν</span> <span class='ocrx_word' id='word_1_259' title='bbox 1454 3512 1555 3580; x_wconf 84' lang='grc' dir='ltr'><strong>τῆς</strong></span> <span class='ocrx_word' id='word_1_260' title='bbox 1603 3510 1793 3574; x_wconf 81' lang='grc' dir='ltr'>οὐσίας</span> 
     </span>
    </p>
   </div>
   <div class='ocr_carea' id='block_1_39' title="bbox 227 3601 1792 3675">
    <p class='ocr_par' dir='ltr' id='par_1_39' title="bbox 227 3601 1792 3675">
     <span class='ocr_line' id='line_1_39' title="bbox 227 3601 1792 3675; baseline 0 -21"><span class='ocrx_word' id='word_1_261' title='bbox 227 3601 472 3675; x_wconf 73' lang='grc' dir='ltr'>ἰδιότητα,</span> <span class='ocrx_word' id='word_1_262' title='bbox 523 3605 590 3675; x_wconf 78' lang='grc' dir='ltr'><strong>ἢν</strong></span> <span class='ocrx_word' id='word_1_263' title='bbox 629 3605 679 3656; x_wconf 83' lang='grc' dir='ltr'><strong>οἱ</strong></span> <span class='ocrx_word' id='word_1_264' title='bbox 723 3604 825 3674; x_wconf 76' lang='grc' dir='ltr'><strong>μὲν</strong></span> <span class='ocrx_word' id='word_1_265' title='bbox 866 3602 1099 3674; x_wconf 85' lang='grc' dir='ltr'>οὑσιώδη</span> <span class='ocrx_word' id='word_1_266' title='bbox 1147 3603 1444 3672; x_wconf 80' lang='grc' dir='ltr'>ποιότητα,</span> <span class='ocrx_word' id='word_1_267' title='bbox 1479 3603 1530 3655; x_wconf 85' lang='grc' dir='ltr'><strong>οἱ</strong></span> <span class='ocrx_word' id='word_1_268' title='bbox 1558 3601 1615 3655; x_wconf 82' lang='grc' dir='ltr'>δὲ</span> <span class='ocrx_word' id='word_1_269' title='bbox 1649 3601 1792 3654; x_wconf 76' lang='grc' dir='ltr'>ἰδέαν</span> 
     </span>
    </p>
   </div>
   <div class='ocr_carea' id='block_1_40' title="bbox 219 3689 1792 3764">
    <p class='ocr_par' dir='ltr' id='par_1_40' title="bbox 219 3689 1792 3764">
     <span class='ocr_line' id='line_1_40' title="bbox 219 3689 1792 3764; baseline 0.001 -18"><span class='ocrx_word' id='word_1_270' title='bbox 219 3692 532 3764; x_wconf 88' lang='grc' dir='ltr'>ὠνομάκασι</span> <span class='ocrx_word' id='word_1_271' title='bbox 557 3709 572 3723; x_wconf 80' lang='grc'><strong><em>⁸</em></strong></span> <span class='ocrx_word' id='word_1_272' title='bbox 616 3697 769 3764; x_wconf 86' lang='grc' dir='ltr'>τρεῖς</span> <span class='ocrx_word' id='word_1_273' title='bbox 818 3689 913 3750; x_wconf 79' lang='grc' dir='ltr'><strong>οὖν</strong></span> <span class='ocrx_word' id='word_1_274' title='bbox 943 3693 1150 3757; x_wconf 84' lang='grc' dir='ltr'>ταύτας</span> <span class='ocrx_word' id='word_1_275' title='bbox 1189 3693 1298 3747; x_wconf 84' lang='grc' dir='ltr'><strong>τῶν</strong></span> <span class='ocrx_word' id='word_1_276' title='bbox 1340 3694 1510 3748; x_wconf 73' lang='grc' dir='ltr'>ὄντων</span> <span class='ocrx_word' id='word_1_277' title='bbox 1549 3695 1645 3747; x_wconf 77' lang='grc' dir='ltr'><strong>καὶ</strong></span> <span class='ocrx_word' id='word_1_278' title='bbox 1683 3693 1792 3747; x_wconf 85' lang='grc' dir='ltr'><strong>τῶν</strong></span> 
     </span>
    </p>
   </div>
   <div class='ocr_carea' id='block_1_41' title="bbox 218 3786 1791 3857">
    <p class='ocr_par' dir='ltr' id='par_1_41' title="bbox 218 3786 1791 3857">
     <span class='ocr_line' id='line_1_41' title="bbox 218 3786 1791 3857; baseline 0.001 -19"><span class='ocrx_word' id='word_1_279' title='bbox 218 3787 516 3855; x_wconf 81' lang='grc' dir='ltr'>γινομένων</span> <span class='ocrx_word' id='word_1_280' title='bbox 546 3788 726 3851; x_wconf 79' lang='grc' dir='ltr'>αἰτίας</span> <span class='ocrx_word' id='word_1_281' title='bbox 762 3786 1135 3857; x_wconf 85' lang='grc' dir='ltr'>συνανάρχους</span> <span class='ocrx_word' id='word_1_282' title='bbox 1151 3788 1237 3840; x_wconf 79' lang='grc' dir='ltr'><strong>ἀεὶ</strong></span> <span class='ocrx_word' id='word_1_283' title='bbox 1263 3786 1510 3849; x_wconf 78' lang='grc' dir='ltr'>ἑστώσας</span> <span class='ocrx_word' id='word_1_284' title='bbox 1531 3787 1627 3840; x_wconf 78' lang='grc' dir='ltr'>καὶ</span> <span class='ocrx_word' id='word_1_285' title='bbox 1657 3803 1791 3840; x_wconf 89' lang='grc' dir='ltr'>συν-</span> 
     </span>
    </p>
   </div>
   <div class='ocr_carea' id='block_1_42' title="bbox 216 3875 1790 3948">
    <p class='ocr_par' dir='ltr' id='par_1_42' title="bbox 216 3875 1790 3948">
     <span class='ocr_line' id='line_1_42' title="bbox 216 3875 1790 3948; baseline 0.002 -20"><span class='ocrx_word' id='word_1_286' title='bbox 216 3875 435 3942; x_wconf 83' lang='grc' dir='ltr'>αἳδίους,</span> <span class='ocrx_word' id='word_1_287' title='bbox 467 3877 596 3948; x_wconf 82' lang='grc' dir='ltr'>μήτ’</span> <span class='ocrx_word' id='word_1_288' title='bbox 622 3876 797 3948; x_wconf 76' lang='grc' dir='ltr'>ἀρχὴν</span> <span class='ocrx_word' id='word_1_289' title='bbox 830 3878 967 3947; x_wconf 85' lang='grc' dir='ltr'>μήτε</span> <span class='ocrx_word' id='word_1_290' title='bbox 993 3877 1144 3940; x_wconf 81' lang='grc' dir='ltr'>τέλος</span> <span class='ocrx_word' id='word_1_291' title='bbox 1187 3877 1418 3947; x_wconf 79' lang='grc' dir='ltr'>ἐχούσας</span> <span class='ocrx_word' id='word_1_292' title='bbox 1436 3877 1790 3948; x_wconf 81' lang='grc' dir='ltr'>διῃρημένως</span> 
     </span>
    </p>
   </div>
   <div class='ocr_carea' id='block_1_43' title="bbox 216 3963 1792 4039">
    <p class='ocr_par' dir='ltr' id='par_1_43' title="bbox 216 3963 1792 4039">
     <span class='ocr_line' id='line_1_43' title="bbox 216 3963 1792 4039; baseline 0.003 -20"><span class='ocrx_word' id='word_1_293' title='bbox 216 3968 330 4020; x_wconf 82' lang='grc' dir='ltr'>καθ’</span> <span class='ocrx_word' id='word_1_294' title='bbox 390 3969 600 4032; x_wconf 80' lang='grc' dir='ltr'>ἑαυτὰς</span> <span class='ocrx_word' id='word_1_295' title='bbox 654 3969 979 4039; x_wconf 85' lang='grc' dir='ltr'>θεωρεῖσθαι</span> <span class='ocrx_word' id='word_1_296' title='bbox 1033 3969 1397 4039; x_wconf 75' lang='grc' dir='ltr'>διορίζουσινο</span> <span class='ocrx_word' id='word_1_297' title='bbox 1462 3968 1523 4034; x_wconf 81' lang='grc' dir='ltr'><strong>ἐξ</strong></span> <span class='ocrx_word' id='word_1_298' title='bbox 1590 3963 1665 4022; x_wconf 85' lang='grc' dir='ltr'><strong>ὦν</strong></span> <span class='ocrx_word' id='word_1_299' title='bbox 1726 3970 1792 4023; x_wconf 77' lang='grc' dir='ltr'>ἐκ</span> 
     </span>
    </p>
   </div>
   <div class='ocr_carea' id='block_1_44' title="bbox 214 4060 1794 4132">
    <p class='ocr_par' dir='ltr' id='par_1_44' title="bbox 214 4060 1794 4132">
     <span class='ocr_line' id='line_1_44' title="bbox 214 4060 1794 4132; baseline 0.003 -22"><span class='ocrx_word' id='word_1_300' title='bbox 214 4060 501 4130; x_wconf 80' lang='grc' dir='ltr'>ποιητικοῦ</span> <span class='ocrx_word' id='word_1_301' title='bbox 549 4061 737 4113; x_wconf 86' lang='grc' dir='ltr'>ὑλικοῦ</span> <span class='ocrx_word' id='word_1_302' title='bbox 782 4077 843 4113; x_wconf 89' lang='grc' dir='ltr'><strong>τε</strong></span> <span class='ocrx_word' id='word_1_303' title='bbox 889 4061 983 4113; x_wconf 75' lang='grc' dir='ltr'><strong>καὶ</strong></span> <span class='ocrx_word' id='word_1_304' title='bbox 1014 4061 1184 4114; x_wconf 86' lang='grc' dir='ltr'>ίδικοῦ</span> <span class='ocrx_word' id='word_1_305' title='bbox 1216 4061 1417 4124; x_wconf 83' lang='grc' dir='ltr'>αἰτίου,</span> <span class='ocrx_word' id='word_1_306' title='bbox 1467 4060 1794 4132; x_wconf 80' lang='grc' dir='ltr'>ἀνθρώπους</span> 
     </span>
    </p>
   </div>
   <div class='ocr_carea' id='block_1_45' title="bbox 211 4154 1787 4226">
    <p class='ocr_par' dir='ltr' id='par_1_45' title="bbox 211 4154 1787 4226">
     <span class='ocr_line' id='line_1_45' title="bbox 211 4154 1787 4226; baseline 0.002 -21"><span class='ocrx_word' id='word_1_307' title='bbox 211 4168 265 4204; x_wconf 87' lang='grc' dir='ltr'><strong>τε</strong></span> <span class='ocrx_word' id='word_1_308' title='bbox 291 4155 380 4206; x_wconf 76' lang='grc' dir='ltr'><strong>καὶ</strong></span> <span class='ocrx_word' id='word_1_309' title='bbox 417 4154 538 4220; x_wconf 79' lang='grc' dir='ltr'><strong>ζῶα</strong></span> <span class='ocrx_word' id='word_1_310' title='bbox 581 4154 779 4216; x_wconf 88' lang='grc' dir='ltr'>πάντα,</span> <span class='ocrx_word' id='word_1_311' title='bbox 825 4155 921 4207; x_wconf 74' lang='grc' dir='ltr'>καὶ</span> <span class='ocrx_word' id='word_1_312' title='bbox 943 4155 1012 4206; x_wconf 83' lang='grc' dir='ltr'>τὰ</span> <span class='ocrx_word' id='word_1_313' title='bbox 1044 4155 1137 4207; x_wconf 74' lang='grc' dir='ltr'><strong>ἐπὶ</strong></span> <span class='ocrx_word' id='word_1_314' title='bbox 1165 4157 1370 4226; x_wconf 82' lang='grc' dir='ltr'>μέρους</span> <span class='ocrx_word' id='word_1_315' title='bbox 1401 4155 1547 4226; x_wconf 76' lang='grc' dir='ltr'>φυτά</span> <span class='ocrx_word' id='word_1_316' title='bbox 1584 4157 1787 4222; x_wconf 86' lang='grc' dir='ltr'>πάντα,</span> 
     </span>
    </p>
   </div>
   <div class='ocr_carea' id='block_1_46' title="bbox 211 4241 1790 4314">
    <p class='ocr_par' dir='ltr' id='par_1_46' title="bbox 211 4241 1790 4314">
     <span class='ocr_line' id='line_1_46' title="bbox 211 4241 1790 4314; baseline 0.001 -19"><span class='ocrx_word' id='word_1_317' title='bbox 211 4241 391 4295; x_wconf 79' lang='grc' dir='ltr'>ἄλλοτε</span> <span class='ocrx_word' id='word_1_318' title='bbox 418 4243 560 4298; x_wconf 80' lang='grc' dir='ltr'>ἄλλα</span> <span class='ocrx_word' id='word_1_319' title='bbox 589 4242 676 4295; x_wconf 75' lang='grc' dir='ltr'><strong>διὰ</strong></span> <span class='ocrx_word' id='word_1_320' title='bbox 708 4243 975 4310; x_wconf 79' lang='grc' dir='ltr'>γενέσεως</span> <span class='ocrx_word' id='word_1_321' title='bbox 1009 4243 1086 4305; x_wconf 83' lang='grc' dir='ltr'><strong>εἰς</strong></span> <span class='ocrx_word' id='word_1_322' title='bbox 1121 4242 1212 4294; x_wconf 83' lang='grc' dir='ltr'><strong>τὸν</strong></span> <span class='ocrx_word' id='word_1_323' title='bbox 1251 4244 1458 4313; x_wconf 78' lang='grc' dir='ltr'>κόσμον</span> <span class='ocrx_word' id='word_1_324' title='bbox 1499 4244 1588 4297; x_wconf 78' lang='grc' dir='ltr'><strong>άεὶ</strong></span> <span class='ocrx_word' id='word_1_325' title='bbox 1640 4261 1790 4314; x_wconf 82' lang='grc' dir='ltr'>παρ-</span> 
     </span>
    </p>
   </div>
   <div class='ocr_carea' id='block_1_47' title="bbox 212 4330 1785 4404">
    <p class='ocr_par' dir='ltr' id='par_1_47' title="bbox 212 4330 1785 4404">
     <span class='ocr_line' id='line_1_47' title="bbox 212 4330 1785 4404; baseline 0.003 -22"><span class='ocrx_word' id='word_1_326' title='bbox 212 4333 471 4400; x_wconf 84' lang='grc' dir='ltr'>αγόμενα,</span> <span class='ocrx_word' id='word_1_327' title='bbox 505 4331 600 4384; x_wconf 71' lang='grc' dir='ltr'><strong>καὶ</strong></span> <span class='ocrx_word' id='word_1_328' title='bbox 632 4331 720 4383; x_wconf 75' lang='grc' dir='ltr'>διὰ</span> <span class='ocrx_word' id='word_1_329' title='bbox 749 4330 954 4402; x_wconf 75' lang='grc' dir='ltr'>φθορᾶς</span> <span class='ocrx_word' id='word_1_330' title='bbox 985 4331 1342 4402; x_wconf 85' lang='grc' dir='ltr'>άποιχόμενα,</span> <span class='ocrx_word' id='word_1_331' title='bbox 1370 4335 1511 4386; x_wconf 76' lang='grc' dir='ltr'>κατὰ</span> <span class='ocrx_word' id='word_1_332' title='bbox 1535 4349 1785 4404; x_wconf 87' lang='grc' dir='ltr'>συντυχι-</span> 
     </span>
    </p>
   </div>
   <div class='ocr_carea' id='block_1_48' title="bbox 211 4422 1792 4496">
    <p class='ocr_par' dir='ltr' id='par_1_48' title="bbox 211 4422 1792 4496">
     <span class='ocr_line' id='line_1_48' title="bbox 211 4422 1792 4496; baseline 0.003 -22"><span class='ocrx_word' id='word_1_333' title='bbox 211 4425 311 4492; x_wconf 79' lang='grc' dir='ltr'><strong>χήν</strong></span> <span class='ocrx_word' id='word_1_334' title='bbox 347 4441 472 4478; x_wconf 85' lang='grc' dir='ltr'>τινα</span> <span class='ocrx_word' id='word_1_335' title='bbox 510 4424 600 4476; x_wconf 69' lang='grc' dir='ltr'><strong>καὶ</strong></span> <span class='ocrx_word' id='word_1_336' title='bbox 630 4423 858 4496; x_wconf 86' lang='grc' dir='ltr'>ἄπειρον</span> <span class='ocrx_word' id='word_1_337' title='bbox 884 4423 980 4475; x_wconf 73' lang='grc' dir='ltr'>καὶ</span> <span class='ocrx_word' id='word_1_338' title='bbox 1010 4422 1262 4493; x_wconf 82' lang='grc' dir='ltr'>ἀόριστον</span> <span class='ocrx_word' id='word_1_339' title='bbox 1293 4424 1356 4476; x_wconf 84' lang='grc' dir='ltr'>ὲκ</span> <span class='ocrx_word' id='word_1_340' title='bbox 1385 4423 1635 4494; x_wconf 84' lang='grc' dir='ltr'>διαδοχῆς</span> <span class='ocrx_word' id='word_1_341' title='bbox 1656 4425 1792 4496; x_wconf 61' lang='grc' dir='ltr'>ἀναέ</span> 
     </span>
    </p>
   </div>
   <div class='ocr_carea' id='block_1_49' title="bbox 213 4515 1790 4588">
    <p class='ocr_par' dir='ltr' id='par_1_49' title="bbox 213 4515 1790 4588">
     <span class='ocr_line' id='line_1_49' title="bbox 213 4515 1790 4588; baseline 0.001 -20"><span class='ocrx_word' id='word_1_342' title='bbox 213 4515 512 4588; x_wconf 77' lang='grc' dir='ltr'>κύκλησιν⁹</span> <span class='ocrx_word' id='word_1_343' title='bbox 561 4515 738 4579; x_wconf 78' lang='grc' dir='ltr'>οὓτως</span> <span class='ocrx_word' id='word_1_344' title='bbox 782 4517 1034 4586; x_wconf 79' lang='grc' dir='ltr'>άνάρχως</span> <span class='ocrx_word' id='word_1_345' title='bbox 1067 4515 1162 4569; x_wconf 80' lang='grc' dir='ltr'><strong>καὶ</strong></span> <span class='ocrx_word' id='word_1_346' title='bbox 1192 4516 1570 4586; x_wconf 78' lang='grc' dir='ltr'>άτελευτὴτως</span> <span class='ocrx_word' id='word_1_347' title='bbox 1626 4519 1683 4580; x_wconf 80' lang='grc' dir='ltr'>ἐς</span> <span class='ocrx_word' id='word_1_348' title='bbox 1726 4517 1790 4570; x_wconf 86' lang='grc' dir='ltr'>τὺ</span> 
     </span>
    </p>
   </div>
   <div class='ocr_carea' id='block_1_50' title="bbox 208 4568 1870 4679">
    <p class='ocr_par' dir='ltr' id='par_1_50' title="bbox 208 4568 1870 4679">
     <span class='ocr_line' id='line_1_50' title="bbox 208 4568 1870 4679; baseline 0.001 -20"><span class='ocrx_word' id='word_1_349' title='bbox 208 4568 1154 4678; x_wconf 29' lang='grc' dir='ltr'>διηνεκὲς-ἀποτελεῖσθαι..’ἶοιαύτη</span> <span class='ocrx_word' id='word_1_350' title='bbox 1184 4607 1284 4677; x_wconf 85' lang='grc' dir='ltr'>μὲν</span> <span class='ocrx_word' id='word_1_351' title='bbox 1307 4608 1340 4676; x_wconf 86' lang='grc' dir='ltr'><strong>ή</strong></span> <span class='ocrx_word' id='word_1_352' title='bbox 1362 4568 1474 4660; x_wconf 72' lang='grc' dir='ltr'>τῶν</span> <span class='ocrx_word' id='word_1_353' title='bbox 1500 4568 1791 4679; x_wconf 49' lang='grc' dir='ltr'><strong>ᾇιξλξξμό-</strong></span> <span class='ocrx_word' id='word_1_354' title='bbox 1815 4568 1870 4629; x_wconf 77' lang='lat' dir='ltr'><strong>D</strong></span> 
     </span>
    </p>
   </div>
   <div class='ocr_carea' id='block_1_51' title="bbox 210 4698 1789 4770">
    <p class='ocr_par' dir='ltr' id='par_1_51' title="bbox 210 4698 1789 4770">
     <span class='ocr_line' id='line_1_51' title="bbox 210 4698 1789 4770; baseline -0.001 -18"><span class='ocrx_word' id='word_1_355' title='bbox 210 4716 319 4766; x_wconf 74' lang='grc' dir='ltr'>φων</span> <span class='ocrx_word' id='word_1_356' title='bbox 353 4703 680 4770; x_wconf 85' lang='grc' dir='ltr'>ματαιότης,</span> <span class='ocrx_word' id='word_1_357' title='bbox 721 4700 797 4762; x_wconf 82' lang='grc' dir='ltr'>ὡς</span> <span class='ocrx_word' id='word_1_358' title='bbox 847 4701 915 4753; x_wconf 86' lang='grc' dir='ltr'>δι’</span> <span class='ocrx_word' id='word_1_359' title='bbox 953 4701 1152 4768; x_wconf 77' lang='grc' dir='ltr'>ὀλίγων</span> <span class='ocrx_word' id='word_1_360' title='bbox 1191 4700 1527 4770; x_wconf 79' lang='grc' dir='ltr'>ὑπομνῆσαι,</span> <span class='ocrx_word' id='word_1_361' title='bbox 1556 4700 1682 4763; x_wconf 82' lang='grc' dir='ltr'>ἄξια</span> <span class='ocrx_word' id='word_1_362' title='bbox 1709 4698 1789 4770; x_wconf 81' lang='grc' dir='ltr'>τῷ</span> 
     </span>
    </p>
   </div>
   <div class='ocr_carea' id='block_1_52' title="bbox 207 4793 1787 4865">
    <p class='ocr_par' dir='ltr' id='par_1_52' title="bbox 207 4793 1787 4865">
     <span class='ocr_line' id='line_1_52' title="bbox 207 4793 1787 4865; baseline 0 -19"><span class='ocrx_word' id='word_1_363' title='bbox 207 4793 315 4848; x_wconf 74' lang='grc' dir='ltr'>ὄντι</span> <span class='ocrx_word' id='word_1_364' title='bbox 353 4795 455 4864; x_wconf 71' lang='grc' dir='ltr'><strong>τῆς</strong></span> <span class='ocrx_word' id='word_1_365' title='bbox 494 4795 678 4848; x_wconf 81' lang='grc' dir='ltr'>αὐτῶν</span> <span class='ocrx_word' id='word_1_366' title='bbox 711 4795 1005 4865; x_wconf 78' lang='grc' dir='ltr'>ἀθεότητος</span> <span class='ocrx_word' id='word_1_367' title='bbox 1035 4795 1302 4864; x_wconf 82' lang='grc' dir='ltr'>ἀναρχίας</span> <span class='ocrx_word' id='word_1_368' title='bbox 1336 4811 1398 4848; x_wconf 89' lang='grc' dir='ltr'><strong>τε</strong></span> <span class='ocrx_word' id='word_1_369' title='bbox 1433 4795 1527 4847; x_wconf 79' lang='grc' dir='ltr'><strong>καὶ</strong></span> <span class='ocrx_word' id='word_1_370' title='bbox 1561 4793 1787 4858; x_wconf 78' lang='grc' dir='ltr'>ἀταξίας</span> 
     </span>
    </p>
   </div>
   <div class='ocr_carea' id='block_1_53' title="bbox 209 4885 1782 4958">
    <p class='ocr_par' dir='ltr' id='par_1_53' title="bbox 209 4885 1782 4958">
     <span class='ocr_line' id='line_1_53' title="bbox 209 4885 1782 4958; baseline 0.003 -23"><span class='ocrx_word' id='word_1_371' title='bbox 209 4885 574 4956; x_wconf 85' lang='grc' dir='ltr'>ὑποτιθεμὲνη</span> <span class='ocrx_word' id='word_1_372' title='bbox 598 4903 612 4916; x_wconf 91' lang='grc'><strong>·</strong></span> <span class='ocrx_word' id='word_1_373' title='bbox 645 4888 739 4938; x_wconf 77' lang='grc' dir='ltr'><strong>καὶ</strong></span> <span class='ocrx_word' id='word_1_374' title='bbox 773 4889 837 4955; x_wconf 79' lang='grc' dir='ltr'>τῇ</span> <span class='ocrx_word' id='word_1_375' title='bbox 873 4886 1306 4958; x_wconf 82' lang='grc' dir='ltr'>ἀρχηγικωτάτῃ</span> <span class='ocrx_word' id='word_1_376' title='bbox 1336 4886 1446 4938; x_wconf 81' lang='grc' dir='ltr'><strong>τῶν</strong></span> <span class='ocrx_word' id='word_1_377' title='bbox 1474 4885 1610 4938; x_wconf 80' lang='grc' dir='ltr'>ὅλων</span> <span class='ocrx_word' id='word_1_378' title='bbox 1639 4887 1782 4956; x_wconf 83' lang='grc' dir='ltr'>ἀρχῇ</span> 
     </span>
    </p>
   </div>
   <div class='ocr_carea' id='block_1_54' title="bbox 208 4973 1785 5048">
    <p class='ocr_par' dir='ltr' id='par_1_54' title="bbox 208 4973 1785 5048">
     <span class='ocr_line' id='line_1_54' title="bbox 208 4973 1785 5048; baseline 0.001 -21"><span class='ocrx_word' id='word_1_379' title='bbox 208 4977 297 5029; x_wconf 68' lang='grc' dir='ltr'><strong>καὶ</strong></span> <span class='ocrx_word' id='word_1_380' title='bbox 326 4977 480 5046; x_wconf 70' lang='grc' dir='ltr'>αἰτίᾳ</span> <span class='ocrx_word' id='word_1_381' title='bbox 511 4977 570 5030; x_wconf 86' lang='grc' dir='ltr'><strong>τὸ</strong></span> <span class='ocrx_word' id='word_1_382' title='bbox 601 4977 810 5030; x_wconf 85' lang='grc' dir='ltr'>ἁνίδεον</span> <span class='ocrx_word' id='word_1_383' title='bbox 836 4973 1026 5047; x_wconf 78' lang='grc' dir='ltr'>αἶσχος</span> <span class='ocrx_word' id='word_1_384' title='bbox 1056 4976 1156 5048; x_wconf 81' lang='grc' dir='ltr'><strong>τῆν</strong></span> <span class='ocrx_word' id='word_1_385' title='bbox 1190 4975 1343 5046; x_wconf 85' lang='grc' dir='ltr'>ῦλην,</span> <span class='ocrx_word' id='word_1_386' title='bbox 1364 4977 1460 5029; x_wconf 71' lang='grc' dir='ltr'><strong>καὶ</strong></span> <span class='ocrx_word' id='word_1_387' title='bbox 1493 4976 1553 5028; x_wconf 83' lang='grc' dir='ltr'><strong>τὸ</strong></span> <span class='ocrx_word' id='word_1_388' title='bbox 1581 4976 1785 5030; x_wconf 78' lang='grc' dir='ltr'>ἀνυπό-</span> 
     </span>
    </p>
   </div>
   <div class='ocr_carea' id='block_1_55' title="bbox 206 5063 1786 5138">
    <p class='ocr_par' dir='ltr' id='par_1_55' title="bbox 206 5063 1786 5138">
     <span class='ocr_line' id='line_1_55' title="bbox 206 5063 1786 5138; baseline 0.001 -20"><span class='ocrx_word' id='word_1_389' title='bbox 206 5082 397 5120; x_wconf 77' lang='grc' dir='ltr'>στατον</span> <span class='ocrx_word' id='word_1_390' title='bbox 447 5063 584 5130; x_wconf 80' lang='grc' dir='ltr'>εἶδος</span> <span class='ocrx_word' id='word_1_391' title='bbox 625 5067 934 5138; x_wconf 82' lang='grc' dir='ltr'>ὁμοσοενῶς</span> <span class='ocrx_word' id='word_1_392' title='bbox 983 5069 1071 5121; x_wconf 72' lang='grc' dir='ltr'><strong>ἀεὶ</strong></span> <span class='ocrx_word' id='word_1_393' title='bbox 1106 5068 1477 5137; x_wconf 81' lang='grc' dir='ltr'>συνυπάρχειν</span> <span class='ocrx_word' id='word_1_394' title='bbox 1524 5067 1786 5136; x_wconf 81' lang='grc' dir='ltr'>δογματί-</span> 
     </span>
    </p>
   </div>
   <div class='ocr_carea' id='block_1_56' title="bbox 203 5153 1784 5238">
    <p class='ocr_par' dir='ltr' id='par_1_56' title="bbox 203 5153 1784 5228">
     <span class='ocr_line' id='line_1_56' title="bbox 203 5153 1784 5228; baseline 0.001 -20"><span class='ocrx_word' id='word_1_395' title='bbox 203 5155 369 5219; x_wconf 84' lang='grc' dir='ltr'>ζουσα</span> <span class='ocrx_word' id='word_1_396' title='bbox 387 5174 400 5187; x_wconf 93' lang='grc'><strong>·</strong></span> <span class='ocrx_word' id='word_1_397' title='bbox 419 5153 498 5212; x_wconf 81' lang='grc' dir='ltr'><strong>ὧν</strong></span> <span class='ocrx_word' id='word_1_398' title='bbox 528 5159 626 5228; x_wconf 80' lang='grc' dir='ltr'><strong>τῆς</strong></span> <span class='ocrx_word' id='word_1_399' title='bbox 653 5158 965 5228; x_wconf 79' lang='grc' dir='ltr'>παραλόγου</span> <span class='ocrx_word' id='word_1_400' title='bbox 994 5157 1389 5227; x_wconf 84' lang='grc' dir='ltr'>ματαιοσοφίας</span> <span class='ocrx_word' id='word_1_401' title='bbox 1418 5156 1480 5208; x_wconf 80' lang='grc' dir='ltr'><strong>τὸ</strong></span> <span class='ocrx_word' id='word_1_402' title='bbox 1506 5157 1784 5226; x_wconf 82' lang='grc' dir='ltr'>αἴσχιστον</span> 
     </span>
    </p>
   </div>
   <div class='ocr_carea' id='block_1_57' title="bbox 204 5244 1783 5314">
    <p class='ocr_par' dir='ltr' id='par_1_57' title="bbox 204 5244 1783 5314">
     <span class='ocr_line' id='line_1_57' title="bbox 204 5244 1783 5314; baseline 0.002 -21"><span class='ocrx_word' id='word_1_403' title='bbox 204 5245 296 5295; x_wconf 74' lang='grc' dir='ltr'><strong>καὶ</strong></span> <span class='ocrx_word' id='word_1_404' title='bbox 323 5245 641 5314; x_wconf 75' lang='grc' dir='ltr'>παράλογον</span> <span class='ocrx_word' id='word_1_405' title='bbox 671 5245 873 5309; x_wconf 82' lang='grc' dir='ltr'>ἱκανῶς</span> <span class='ocrx_word' id='word_1_406' title='bbox 905 5248 1017 5308; x_wconf 80' lang='grc' dir='ltr'>τοῖς</span> <span class='ocrx_word' id='word_1_407' title='bbox 1052 5244 1324 5311; x_wconf 81' lang='grc' dir='ltr'>θεολόγοις</span> <span class='ocrx_word' id='word_1_408' title='bbox 1357 5244 1783 5314; x_wconf 77' lang='grc' dir='ltr'>ἐξεληλεγμένον</span> 
     </span>
    </p>
   </div>
   <div class='ocr_carea' id='block_1_58' title="bbox 203 5334 1780 5409">
    <p class='ocr_par' dir='ltr' id='par_1_58' title="bbox 203 5334 1780 5409">
     <span class='ocr_line' id='line_1_58' title="bbox 203 5334 1780 5409; baseline 0.003 -25"><span class='ocrx_word' id='word_1_409' title='bbox 203 5334 473 5400; x_wconf 82' lang='grc' dir='ltr'>παρέντες</span> <span class='ocrx_word' id='word_1_410' title='bbox 501 5338 664 5407; x_wconf 74' lang='grc' dir='ltr'>ἡμεῖς</span> <span class='ocrx_word' id='word_1_411' title='bbox 708 5340 774 5409; x_wconf 87' lang='grc' dir='ltr'>τῇ</span> <span class='ocrx_word' id='word_1_412' title='bbox 811 5337 904 5392; x_wconf 86' lang='grc' dir='ltr'><strong>τοῦ</strong></span> <span class='ocrx_word' id='word_1_413' title='bbox 957 5337 1190 5409; x_wconf 75' lang='grc' dir='ltr'>μεγάλου</span> <span class='ocrx_word' id='word_1_414' title='bbox 1222 5334 1443 5406; x_wconf 83' lang='grc' dir='ltr'>θώμεθα</span> <span class='ocrx_word' id='word_1_415' title='bbox 1475 5335 1780 5407; x_wconf 78' lang='grc' dir='ltr'>Γρηγορίου</span> 
     </span>
    </p>
   </div>
   <div class='ocr_carea' id='block_1_59' title="bbox 203 5423 824 5498">
    <p class='ocr_par' dir='ltr' id='par_1_59' title="bbox 203 5423 824 5498">
     <span class='ocr_line' id='line_1_59' title="bbox 203 5423 824 5498; baseline 0.011 -23"><span class='ocrx_word' id='word_1_416' title='bbox 203 5423 560 5498; x_wconf 74' lang='grc' dir='ltr'>ἁληθοσοφίᾳ,</span> <span class='ocrx_word' id='word_1_417' title='bbox 595 5443 650 5481; x_wconf 87' lang='grc' dir='ltr'><strong>κ.</strong></span> <span class='ocrx_word' id='word_1_418' title='bbox 687 5445 739 5483; x_wconf 85' lang='grc' dir='ltr'>τ.</span> <span class='ocrx_word' id='word_1_419' title='bbox 772 5427 824 5482; x_wconf 88' lang='grc' dir='ltr'>λ.</span> 
     </span>
    </p>
   </div>
   <div class='ocr_carea' id='block_1_60' title="bbox 1821 3200 1863 3255">
    <p class='ocr_par' dir='ltr' id='par_1_60' title="bbox 1821 3200 1863 3255">
     <span class='ocr_line' id='line_1_60' title="bbox 1821 3200 1863 3255; baseline 0 0"><span class='ocrx_word' id='word_1_420' title='bbox 1821 3200 1863 3255; x_wconf 91' lang='lat' dir='ltr'><strong><em>C</em></strong></span> 
     </span>
    </p>
   </div>
   <div class='ocr_carea' id='block_1_61' title="bbox 1834 4299 1846 4307">
    <p class='ocr_par' dir='ltr' id='par_1_61' title="bbox 1834 4299 1846 4307">
     <span class='ocr_line' id='line_1_61' title="bbox 1834 4299 1846 4307; baseline 0 0"><span class='ocrx_word' id='word_1_421' title='bbox 1834 4299 1846 4307; x_wconf 67' lang='grc' dir='ltr'><strong>ν</strong></span> 
     </span>
    </p>
   </div>
   <div class='ocr_carea' id='block_1_62' title="bbox 1908 598 3572 671">
    <p class='ocr_par' dir='ltr' id='par_1_62' title="bbox 1908 598 3572 671">
     <span class='ocr_line' id='line_1_62' title="bbox 1908 598 3572 671; baseline 0.01 -21"><span class='ocrx_word' id='word_1_422' title='bbox 1908 598 2068 669; x_wconf 82' lang='lat' dir='ltr'><strong>longe</strong></span> <span class='ocrx_word' id='word_1_423' title='bbox 2119 601 2360 656; x_wconf 90' lang='lat' dir='ltr'><strong>minores</strong></span> <span class='ocrx_word' id='word_1_424' title='bbox 2413 604 2478 656; x_wconf 88' lang='lat' dir='ltr'><strong>ad</strong></span> <span class='ocrx_word' id='word_1_425' title='bbox 2519 604 2693 657; x_wconf 75' lang='lat' dir='ltr'><strong>virum</strong></span> <span class='ocrx_word' id='word_1_426' title='bbox 2745 620 2909 671; x_wconf 82' lang='lat' dir='ltr'><strong>super</strong></span> <span class='ocrx_word' id='word_1_427' title='bbox 2937 623 3130 666; x_wconf 86' lang='lat' dir='ltr'><strong>omnes</strong></span> <span class='ocrx_word' id='word_1_428' title='bbox 3174 626 3388 669; x_wconf 87' lang='lat' dir='ltr'><strong>veteres</strong></span> <span class='ocrx_word' id='word_1_429' title='bbox 3434 625 3490 671; x_wconf 83' lang='lat' dir='ltr'><strong>et</strong></span> <span class='ocrx_word' id='word_1_430' title='bbox 3568 652 3572 666; x_wconf 64' lang='grc' dir='ltr'><strong><em>τ</em></strong></span> 
     </span>
    </p>
   </div>
   <div class='ocr_carea' id='block_1_63' title="bbox 1907 691 3488 777">
    <p class='ocr_par' dir='ltr' id='par_1_63' title="bbox 1907 691 3488 777">
     <span class='ocr_line' id='line_1_63' title="bbox 1907 691 3488 777; baseline 0.01 -33"><span class='ocrx_word' id='word_1_431' title='bbox 1907 691 2158 747; x_wconf 88' lang='lat' dir='ltr'><strong>doctores</strong></span> <span class='ocrx_word' id='word_1_432' title='bbox 2206 693 2365 747; x_wconf 92' lang='lat' dir='ltr'><strong>nobis</strong></span> <span class='ocrx_word' id='word_1_433' title='bbox 2421 695 2748 750; x_wconf 86' lang='lat' dir='ltr'><strong>honoratum</strong></span> <span class='ocrx_word' id='word_1_434' title='bbox 2787 697 3110 768; x_wconf 79' lang='lat' dir='ltr'><strong>Gregorium</strong></span> <span class='ocrx_word' id='word_1_435' title='bbox 3147 703 3488 777; x_wconf 86' lang='lat' dir='ltr'><strong>&#39;l‘heologum</strong></span> 
     </span>
    </p>
   </div>
   <div class='ocr_carea' id='block_1_64' title="bbox 1908 787 3576 859">
    <p class='ocr_par' dir='ltr' id='par_1_64' title="bbox 1908 787 3576 859">
     <span class='ocr_line' id='line_1_64' title="bbox 1908 787 3576 859; baseline 0.01 -24"><span class='ocrx_word' id='word_1_436' title='bbox 1908 793 2146 837; x_wconf 88' lang='lat' dir='ltr'><strong>mentem</strong></span> <span class='ocrx_word' id='word_1_437' title='bbox 2197 793 2441 840; x_wconf 86' lang='lat' dir='ltr'><strong>nostram</strong></span> <span class='ocrx_word' id='word_1_438' title='bbox 2469 787 2886 856; x_wconf 85' lang='lat' dir='ltr'><strong>applicavimus,</strong></span> <span class='ocrx_word' id='word_1_439' title='bbox 2924 801 2983 845; x_wconf 85' lang='lat' dir='ltr'><strong>ut</strong></span> <span class='ocrx_word' id='word_1_440' title='bbox 3009 797 3076 845; x_wconf 81' lang='lat' dir='ltr'><strong>ad</strong></span> <span class='ocrx_word' id='word_1_441' title='bbox 3114 795 3281 850; x_wconf 87' lang='lat' dir='ltr'><strong>animi</strong></span> <span class='ocrx_word' id='word_1_442' title='bbox 3314 799 3486 850; x_wconf 80' lang='lat' dir='ltr'><strong>nostri</strong></span> <span class='ocrx_word' id='word_1_443' title='bbox 3570 853 3576 859; x_wconf 93' lang='lat'><strong>_</strong></span> 
     </span>
    </p>
   </div>
   <div class='ocr_carea' id='block_1_65' title="bbox 1907 874 3576 948">
    <p class='ocr_par' dir='ltr' id='par_1_65' title="bbox 1907 874 3576 948">
     <span class='ocr_line' id='line_1_65' title="bbox 1907 874 3576 948; baseline 0.012 -22"><span class='ocrx_word' id='word_1_444' title='bbox 1907 874 2138 936; x_wconf 87' lang='lat' dir='ltr'><strong>ducem,</strong></span> <span class='ocrx_word' id='word_1_445' title='bbox 2188 886 2244 930; x_wconf 89' lang='lat' dir='ltr'><strong>et</strong></span> <span class='ocrx_word' id='word_1_446' title='bbox 2296 885 2556 948; x_wconf 91' lang='lat' dir='ltr'><strong>tanquam</strong></span> <span class='ocrx_word' id='word_1_447' title='bbox 2601 881 2974 940; x_wconf 73' lang='lat' dir='ltr'><strong>abundantius</strong></span> <span class='ocrx_word' id='word_1_448' title='bbox 3025 900 3090 940; x_wconf 81' lang='lat' dir='ltr'><strong>ex</strong></span> <span class='ocrx_word' id='word_1_449' title='bbox 3139 887 3284 942; x_wconf 85' lang='lat' dir='ltr'><strong>illius</strong></span> <span class='ocrx_word' id='word_1_450' title='bbox 3331 889 3488 945; x_wconf 87' lang='lat' dir='ltr'><strong>libris</strong></span> <span class='ocrx_word' id='word_1_451' title='bbox 3570 880 3576 887; x_wconf 67' lang='grc'><em>’</em></span> 
     </span>
    </p>
   </div>
   <div class='ocr_carea' id='block_1_66' title="bbox 1907 966 3490 1046">
    <p class='ocr_par' dir='ltr' id='par_1_66' title="bbox 1907 966 3490 1046">
     <span class='ocr_line' id='line_1_66' title="bbox 1907 966 3490 1046; baseline 0.011 -27"><span class='ocrx_word' id='word_1_452' title='bbox 1907 966 2224 1036; x_wconf 87' lang='lat' dir='ltr'><strong>theologicis</strong></span> <span class='ocrx_word' id='word_1_453' title='bbox 2256 968 2468 1037; x_wconf 81' lang='lat' dir='ltr'><strong>refecti,</strong></span> <span class='ocrx_word' id='word_1_454' title='bbox 2495 972 2550 1026; x_wconf 90' lang='lat' dir='ltr'><strong>in</strong></span> <span class='ocrx_word' id='word_1_455' title='bbox 2595 975 2785 1041; x_wconf 82' lang='lat' dir='ltr'><strong>paucis</strong></span> <span class='ocrx_word' id='word_1_456' title='bbox 2808 975 3132 1046; x_wconf 84' lang='lat' dir='ltr'><strong>quibusdam</strong></span> <span class='ocrx_word' id='word_1_457' title='bbox 3169 979 3313 1034; x_wconf 87' lang='lat' dir='ltr'><strong>inter</strong></span> <span class='ocrx_word' id='word_1_458' title='bbox 3343 981 3490 1037; x_wconf 90' lang='lat' dir='ltr'><strong>illius</strong></span> 
     </span>
    </p>
   </div>
   <div class='ocr_carea' id='block_1_67' title="bbox 1907 1062 3493 1136">
    <p class='ocr_par' dir='ltr' id='par_1_67' title="bbox 1907 1062 3493 1136">
     <span class='ocr_line' id='line_1_67' title="bbox 1907 1062 3493 1136; baseline 0.009 -25"><span class='ocrx_word' id='word_1_459' title='bbox 1907 1072 2190 1115; x_wconf 90' lang='lat' dir='ltr'><strong>sermones</strong></span> <span class='ocrx_word' id='word_1_460' title='bbox 2225 1062 2365 1132; x_wconf 78' lang='lat' dir='ltr'><strong>stylo</strong></span> <span class='ocrx_word' id='word_1_461' title='bbox 2394 1072 2450 1117; x_wconf 91' lang='lat' dir='ltr'><strong>et</strong></span> <span class='ocrx_word' id='word_1_462' title='bbox 2476 1063 2836 1134; x_wconf 78' lang='lat' dir='ltr'><strong>intelligentia</strong></span> <span class='ocrx_word' id='word_1_463' title='bbox 2869 1067 3111 1123; x_wconf 80' lang='lat' dir='ltr'><strong>diﬂiciles</strong></span> <span class='ocrx_word' id='word_1_464' title='bbox 3136 1112 3152 1136; x_wconf 89' lang='lat'><strong>,</strong></span> <span class='ocrx_word' id='word_1_465' title='bbox 3180 1080 3327 1126; x_wconf 89' lang='lat' dir='ltr'><strong>certe</strong></span> <span class='ocrx_word' id='word_1_466' title='bbox 3353 1072 3493 1126; x_wconf 86' lang='lat' dir='ltr'><strong>divi-</strong></span> 
     </span>
    </p>
   </div>
   <div class='ocr_carea' id='block_1_68' title="bbox 1907 1155 3489 1230">
    <p class='ocr_par' dir='ltr' id='par_1_68' title="bbox 1907 1155 3489 1230">
     <span class='ocr_line' id='line_1_68' title="bbox 1907 1155 3489 1230; baseline 0.01 -26"><span class='ocrx_word' id='word_1_467' title='bbox 1907 1165 2010 1205; x_wconf 92' lang='lat' dir='ltr'><strong>nos</strong></span> <span class='ocrx_word' id='word_1_468' title='bbox 2040 1160 2220 1206; x_wconf 88' lang='lat' dir='ltr'><strong>tamen</strong></span> <span class='ocrx_word' id='word_1_469' title='bbox 2249 1169 2553 1221; x_wconf 85' lang='lat' dir='ltr'><strong>sermones,</strong></span> <span class='ocrx_word' id='word_1_470' title='bbox 2601 1155 2719 1211; x_wconf 90' lang='lat' dir='ltr'><strong>loca</strong></span> <span class='ocrx_word' id='word_1_471' title='bbox 2747 1173 2946 1214; x_wconf 86' lang='lat' dir='ltr'><strong>arcana</strong></span> <span class='ocrx_word' id='word_1_472' title='bbox 2983 1161 3159 1230; x_wconf 73' lang='lat' dir='ltr'><strong>magis</strong></span> <span class='ocrx_word' id='word_1_473' title='bbox 3191 1171 3246 1217; x_wconf 88' lang='lat' dir='ltr'><strong>et</strong></span> <span class='ocrx_word' id='word_1_474' title='bbox 3298 1163 3489 1220; x_wconf 83' lang='lat' dir='ltr'><strong>multis</strong></span> 
     </span>
    </p>
   </div>
   <div class='ocr_carea' id='block_1_69' title="bbox 1906 1242 3492 1317">
    <p class='ocr_par' dir='ltr' id='par_1_69' title="bbox 1906 1242 3492 1317">
     <span class='ocr_line' id='line_1_69' title="bbox 1906 1242 3492 1317; baseline 0.008 -21"><span class='ocrx_word' id='word_1_475' title='bbox 1906 1242 2171 1311; x_wconf 79' lang='lat' dir='ltr'><strong>impervia</strong></span> <span class='ocrx_word' id='word_1_476' title='bbox 2211 1259 2305 1312; x_wconf 89' lang='lat' dir='ltr'><strong>per</strong></span> <span class='ocrx_word' id='word_1_477' title='bbox 2332 1247 2604 1316; x_wconf 83' lang='lat' dir='ltr'><strong>exegesim</strong></span> <span class='ocrx_word' id='word_1_478' title='bbox 2637 1248 3090 1317; x_wconf 83' lang='lat' dir='ltr'><strong>explanavimns;</strong></span> <span class='ocrx_word' id='word_1_479' title='bbox 3138 1253 3304 1308; x_wconf 80' lang='lat' dir='ltr'><strong>simul</strong></span> <span class='ocrx_word' id='word_1_480' title='bbox 3351 1255 3492 1309; x_wconf 81' lang='lat' dir='ltr'><strong>divi-</strong></span> 
     </span>
    </p>
   </div>
   <div class='ocr_carea' id='block_1_70' title="bbox 1907 1333 3490 1414">
    <p class='ocr_par' dir='ltr' id='par_1_70' title="bbox 1907 1333 3490 1414">
     <span class='ocr_line' id='line_1_70' title="bbox 1907 1333 3490 1414; baseline 0.008 -26"><span class='ocrx_word' id='word_1_481' title='bbox 1907 1350 2042 1388; x_wconf 91' lang='lat' dir='ltr'><strong>num</strong></span> <span class='ocrx_word' id='word_1_482' title='bbox 2076 1333 2290 1390; x_wconf 85' lang='lat' dir='ltr'><strong>Patrem</strong></span> <span class='ocrx_word' id='word_1_483' title='bbox 2341 1353 2497 1392; x_wconf 87' lang='lat' dir='ltr'><strong>sacra</strong></span> <span class='ocrx_word' id='word_1_484' title='bbox 2530 1341 2795 1395; x_wconf 86' lang='lat' dir='ltr'><strong>memoria</strong></span> <span class='ocrx_word' id='word_1_485' title='bbox 2829 1341 3182 1410; x_wconf 87' lang='lat' dir='ltr'><strong>honorantes,</strong></span> <span class='ocrx_word' id='word_1_486' title='bbox 3210 1345 3490 1414; x_wconf 86' lang='lat' dir='ltr'><strong>simulque</strong></span> 
     </span>
    </p>
   </div>
   <div class='ocr_carea' id='block_1_71' title="bbox 1905 1425 3486 1509">
    <p class='ocr_par' dir='ltr' id='par_1_71' title="bbox 1905 1425 3486 1509">
     <span class='ocr_line' id='line_1_71' title="bbox 1905 1425 3486 1509; baseline 0.009 -29"><span class='ocrx_word' id='word_1_487' title='bbox 1905 1427 1970 1480; x_wconf 90' lang='lat' dir='ltr'><strong>ad</strong></span> <span class='ocrx_word' id='word_1_488' title='bbox 2017 1428 2164 1482; x_wconf 87' lang='lat' dir='ltr'><strong>illius</strong></span> <span class='ocrx_word' id='word_1_489' title='bbox 2193 1427 2289 1483; x_wconf 85' lang='lat' dir='ltr'><strong>Dei</strong></span> <span class='ocrx_word' id='word_1_490' title='bbox 2335 1430 2605 1499; x_wconf 82' lang='lat' dir='ltr'><strong>sapientia</strong></span> <span class='ocrx_word' id='word_1_491' title='bbox 2653 1425 2866 1500; x_wconf 80' lang='lat' dir='ltr'><strong>plenam</strong></span> <span class='ocrx_word' id='word_1_492' title='bbox 2901 1449 3161 1501; x_wconf 84' lang='lat' dir='ltr'><strong>mentem,</strong></span> <span class='ocrx_word' id='word_1_493' title='bbox 3211 1441 3486 1509; x_wconf 89' lang='lat' dir='ltr'><strong>propriam</strong></span> 
     </span>
    </p>
   </div>
   <div class='ocr_carea' id='block_1_72' title="bbox 1906 1521 3489 1601">
    <p class='ocr_par' dir='ltr' id='par_1_72' title="bbox 1906 1521 3489 1601">
     <span class='ocr_line' id='line_1_72' title="bbox 1906 1521 3489 1601; baseline 0.008 -27"><span class='ocrx_word' id='word_1_494' title='bbox 1906 1535 2003 1589; x_wconf 88' lang='lat' dir='ltr'><strong>per</strong></span> <span class='ocrx_word' id='word_1_495' title='bbox 2031 1521 2533 1590; x_wconf 83' lang='lat' dir='ltr'><strong>interpretationem</strong></span> <span class='ocrx_word' id='word_1_496' title='bbox 2562 1524 2828 1580; x_wconf 88' lang='lat' dir='ltr'><strong>orationis</strong></span> <span class='ocrx_word' id='word_1_497' title='bbox 2861 1529 3168 1584; x_wconf 87' lang='lat' dir='ltr'><strong>necessario</strong></span> <span class='ocrx_word' id='word_1_498' title='bbox 3206 1532 3489 1601; x_wconf 81' lang='lat' dir='ltr'><strong>applican-</strong></span> 
     </span>
    </p>
   </div>
   <div class='ocr_carea' id='block_1_73' title="bbox 1905 1611 3486 1686">
    <p class='ocr_par' dir='ltr' id='par_1_73' title="bbox 1905 1611 3486 1686">
     <span class='ocr_line' id='line_1_73' title="bbox 1905 1611 3486 1686; baseline 0.009 -22"><span class='ocrx_word' id='word_1_499' title='bbox 1905 1619 1988 1665; x_wconf 89' lang='lat' dir='ltr'><strong>tes</strong></span> <span class='ocrx_word' id='word_1_500' title='bbox 2018 1620 2071 1664; x_wconf 92' lang='lat' dir='ltr'><strong>et</strong></span> <span class='ocrx_word' id='word_1_501' title='bbox 2099 1611 2451 1668; x_wconf 88' lang='lat' dir='ltr'><strong>intendentes</strong></span> <span class='ocrx_word' id='word_1_502' title='bbox 2503 1624 2746 1669; x_wconf 87' lang='lat' dir='ltr'><strong>nostram</strong></span> <span class='ocrx_word' id='word_1_503' title='bbox 2785 1628 3019 1672; x_wconf 86' lang='lat' dir='ltr'><strong>mentem</strong></span> <span class='ocrx_word' id='word_1_504' title='bbox 3047 1659 3062 1686; x_wconf 92' lang='lat'><strong>,</strong></span> <span class='ocrx_word' id='word_1_505' title='bbox 3098 1621 3201 1676; x_wconf 86' lang='lat' dir='ltr'><strong>etsi</strong></span> <span class='ocrx_word' id='word_1_506' title='bbox 3227 1639 3356 1677; x_wconf 86' lang='lat' dir='ltr'><strong>vere</strong></span> <span class='ocrx_word' id='word_1_507' title='bbox 3405 1633 3486 1677; x_wconf 87' lang='lat' dir='ltr'><strong>te-</strong></span> 
     </span>
    </p>
   </div>
   <div class='ocr_carea' id='block_1_74' title="bbox 1904 1705 3487 1780">
    <p class='ocr_par' dir='ltr' id='par_1_74' title="bbox 1904 1705 3487 1780">
     <span class='ocr_line' id='line_1_74' title="bbox 1904 1705 3487 1780; baseline 0.006 -22"><span class='ocrx_word' id='word_1_508' title='bbox 1904 1705 2202 1758; x_wconf 90' lang='lat' dir='ltr'><strong>merarium</strong></span> <span class='ocrx_word' id='word_1_509' title='bbox 2247 1705 2408 1758; x_wconf 83' lang='lat' dir='ltr'><strong>fuerit</strong></span> <span class='ocrx_word' id='word_1_510' title='bbox 2459 1715 2775 1774; x_wconf 85' lang='lat' dir='ltr'><strong>susceptum</strong></span> <span class='ocrx_word' id='word_1_511' title='bbox 2831 1727 2844 1763; x_wconf 91' lang='lat'>:</span> <span class='ocrx_word' id='word_1_512' title='bbox 2885 1718 2940 1763; x_wconf 89' lang='lat' dir='ltr'><strong>et</strong></span> <span class='ocrx_word' id='word_1_513' title='bbox 2985 1726 3081 1780; x_wconf 90' lang='lat' dir='ltr'><strong>per</strong></span> <span class='ocrx_word' id='word_1_514' title='bbox 3116 1713 3221 1768; x_wconf 91' lang='lat' dir='ltr'><strong>hoc</strong></span> <span class='ocrx_word' id='word_1_515' title='bbox 3271 1713 3338 1769; x_wconf 92' lang='lat' dir='ltr'><strong>ad</strong></span> <span class='ocrx_word' id='word_1_516' title='bbox 3365 1729 3487 1768; x_wconf 88' lang='lat' dir='ltr'><strong>am-</strong></span> 
     </span>
    </p>
   </div>
   <div class='ocr_carea' id='block_1_75' title="bbox 1903 1794 3488 1864">
    <p class='ocr_par' dir='ltr' id='par_1_75' title="bbox 1903 1794 3488 1864">
     <span class='ocr_line' id='line_1_75' title="bbox 1903 1794 3488 1864; baseline 0.007 -17"><span class='ocrx_word' id='word_1_517' title='bbox 1903 1795 2227 1864; x_wconf 85' lang='lat' dir='ltr'><strong>plitudinem</strong></span> <span class='ocrx_word' id='word_1_518' title='bbox 2291 1794 2622 1864; x_wconf 82' lang='lat' dir='ltr'><strong>cognitionis</strong></span> <span class='ocrx_word' id='word_1_519' title='bbox 2672 1799 2973 1852; x_wconf 88' lang='lat' dir='ltr'><strong>secundum</strong></span> <span class='ocrx_word' id='word_1_520' title='bbox 3031 1801 3186 1855; x_wconf 91' lang='lat' dir='ltr'><strong>illum</strong></span> <span class='ocrx_word' id='word_1_521' title='bbox 3239 1804 3488 1859; x_wconf 81' lang='lat' dir='ltr'><strong>veritatis</strong></span> 
     </span>
    </p>
   </div>
   <div class='ocr_carea' id='block_1_76' title="bbox 1900 1886 3482 1958">
    <p class='ocr_par' dir='ltr' id='par_1_76' title="bbox 1900 1886 3482 1958">
     <span class='ocr_line' id='line_1_76' title="bbox 1900 1886 3482 1958; baseline 0.005 -18"><span class='ocrx_word' id='word_1_522' title='bbox 1900 1887 2114 1953; x_wconf 85' lang='lat' dir='ltr'><strong>directi,</strong></span> <span class='ocrx_word' id='word_1_523' title='bbox 2152 1886 2232 1940; x_wconf 90' lang='lat' dir='ltr'><strong>sic</strong></span> <span class='ocrx_word' id='word_1_524' title='bbox 2267 1886 2387 1940; x_wconf 87' lang='lat' dir='ltr'><strong>aliis</strong></span> <span class='ocrx_word' id='word_1_525' title='bbox 2414 1887 2699 1957; x_wconf 85' lang='lat' dir='ltr'><strong>discipulis</strong></span> <span class='ocrx_word' id='word_1_526' title='bbox 2740 1904 2850 1943; x_wconf 89' lang='lat' dir='ltr'><strong>non</strong></span> <span class='ocrx_word' id='word_1_527' title='bbox 2900 1905 3121 1958; x_wconf 81' lang='lat' dir='ltr'><strong>parvam</strong></span> <span class='ocrx_word' id='word_1_528' title='bbox 3163 1892 3307 1947; x_wconf 82' lang='lat' dir='ltr'><strong>forte</strong></span> <span class='ocrx_word' id='word_1_529' title='bbox 3334 1895 3482 1948; x_wconf 44' lang='lat' dir='ltr'><strong>utili.</strong></span> 
     </span>
    </p>
   </div>
   <div class='ocr_carea' id='block_1_77' title="bbox 1902 1977 3487 2053">
    <p class='ocr_par' dir='ltr' id='par_1_77' title="bbox 1902 1977 3487 2053">
     <span class='ocr_line' id='line_1_77' title="bbox 1902 1977 3487 2053; baseline 0.004 -21"><span class='ocrx_word' id='word_1_530' title='bbox 1902 1987 2064 2032; x_wconf 88' lang='lat' dir='ltr'><strong>tatem</strong></span> <span class='ocrx_word' id='word_1_531' title='bbox 2098 1993 2194 2046; x_wconf 92' lang='lat' dir='ltr'><strong>per</strong></span> <span class='ocrx_word' id='word_1_532' title='bbox 2222 1977 2656 2048; x_wconf 82' lang='lat' dir='ltr'><strong>theologicorum</strong></span> <span class='ocrx_word' id='word_1_533' title='bbox 2698 1979 3016 2050; x_wconf 83' lang='lat' dir='ltr'><strong>dogmatum</strong></span> <span class='ocrx_word' id='word_1_534' title='bbox 3049 1983 3324 2051; x_wconf 78' lang='lat' dir='ltr'><strong>exegesim</strong></span> <span class='ocrx_word' id='word_1_535' title='bbox 3358 1999 3487 2053; x_wconf 84' lang='lat' dir='ltr'><strong>pro-</strong></span> 
     </span>
    </p>
   </div>
   <div class='ocr_carea' id='block_1_78' title="bbox 1901 2069 3491 2144">
    <p class='ocr_par' dir='ltr' id='par_1_78' title="bbox 1901 2069 3491 2144">
     <span class='ocr_line' id='line_1_78' title="bbox 1901 2069 3491 2144; baseline 0.008 -24"><span class='ocrx_word' id='word_1_536' title='bbox 1901 2069 2237 2122; x_wconf 84' lang='lat' dir='ltr'><strong>curabimus.</strong></span> <span class='ocrx_word' id='word_1_537' title='bbox 2299 2069 2634 2138; x_wconf 83' lang='lat' dir='ltr'><strong>Proponitur</strong></span> <span class='ocrx_word' id='word_1_538' title='bbox 2659 2082 2842 2124; x_wconf 87' lang='lat' dir='ltr'><strong>autem</strong></span> <span class='ocrx_word' id='word_1_539' title='bbox 2871 2073 3031 2128; x_wconf 89' lang='lat' dir='ltr'><strong>nobis</strong></span> <span class='ocrx_word' id='word_1_540' title='bbox 3059 2073 3276 2144; x_wconf 89' lang='lat' dir='ltr'><strong>primus</strong></span> <span class='ocrx_word' id='word_1_541' title='bbox 3306 2090 3491 2132; x_wconf 86' lang='lat' dir='ltr'><strong>sermo</strong></span> 
     </span>
    </p>
   </div>
   <div class='ocr_carea' id='block_1_79' title="bbox 1898 2158 2850 2229">
    <p class='ocr_par' dir='ltr' id='par_1_79' title="bbox 1898 2158 2850 2229">
     <span class='ocr_line' id='line_1_79' title="bbox 1898 2158 2850 2229; baseline 0.004 -17"><span class='ocrx_word' id='word_1_542' title='bbox 1898 2158 1964 2212; x_wconf 88' lang='lat' dir='ltr'><strong>ad</strong></span> <span class='ocrx_word' id='word_1_543' title='bbox 1992 2159 2425 2228; x_wconf 83' lang='lat' dir='ltr'><strong>disquisitionem</strong></span> <span class='ocrx_word' id='word_1_544' title='bbox 2450 2159 2527 2212; x_wconf 84' lang='lat' dir='ltr'><strong>De</strong></span> <span class='ocrx_word' id='word_1_545' title='bbox 2551 2161 2850 2229; x_wconf 80' lang='lat' dir='ltr'><strong>principiis.</strong></span> 
     </span>
    </p>
   </div>
   <div class='ocr_carea' id='block_1_80' title="bbox 1973 2409 3487 2490">
    <p class='ocr_par' dir='ltr' id='par_1_80' title="bbox 1973 2409 3487 2490">
     <span class='ocr_line' id='line_1_80' title="bbox 1973 2409 3487 2490; baseline 0.007 -26"><span class='ocrx_word' id='word_1_546' title='bbox 1973 2409 2076 2477; x_wconf 86' lang='lat' dir='ltr'><strong>Qui</strong></span> <span class='ocrx_word' id='word_1_547' title='bbox 2110 2411 2403 2466; x_wconf 76' lang='lat' dir='ltr'><strong>mundanae</strong></span> <span class='ocrx_word' id='word_1_548' title='bbox 2431 2412 2716 2482; x_wconf 83' lang='lat' dir='ltr'><strong>sapientiae</strong></span> <span class='ocrx_word' id='word_1_549' title='bbox 2761 2428 3031 2469; x_wconf 84' lang='lat' dir='ltr'><strong>summam</strong></span> <span class='ocrx_word' id='word_1_550' title='bbox 3075 2416 3323 2488; x_wconf 88' lang='lat' dir='ltr'><strong>accipere</strong></span> <span class='ocrx_word' id='word_1_551' title='bbox 3344 2433 3487 2490; x_wconf 74' lang='lat' dir='ltr'><strong>prae-</strong></span> 
     </span>
    </p>
   </div>
   <div class='ocr_carea' id='block_1_81' title="bbox 1897 2503 3487 2574">
    <p class='ocr_par' dir='ltr' id='par_1_81' title="bbox 1897 2503 3487 2574">
     <span class='ocr_line' id='line_1_81' title="bbox 1897 2503 3487 2574; baseline 0.006 -16"><span class='ocrx_word' id='word_1_552' title='bbox 1897 2512 2124 2558; x_wconf 85' lang='lat' dir='ltr'><strong>sumunt</strong></span> <span class='ocrx_word' id='word_1_553' title='bbox 2145 2503 2537 2574; x_wconf 78' lang='lat' dir='ltr'><strong>cognitionem,</strong></span> <span class='ocrx_word' id='word_1_554' title='bbox 2562 2506 2746 2559; x_wconf 91' lang='lat' dir='ltr'><strong>omnia</strong></span> <span class='ocrx_word' id='word_1_555' title='bbox 2783 2507 2930 2562; x_wconf 88' lang='lat' dir='ltr'><strong>entia</strong></span> <span class='ocrx_word' id='word_1_556' title='bbox 2961 2517 3016 2563; x_wconf 88' lang='lat' dir='ltr'><strong>et</strong></span> <span class='ocrx_word' id='word_1_557' title='bbox 3047 2519 3229 2565; x_wconf 85' lang='lat' dir='ltr'><strong>creata</strong></span> <span class='ocrx_word' id='word_1_558' title='bbox 3261 2510 3329 2566; x_wconf 87' lang='lat' dir='ltr'><strong>ad</strong></span> <span class='ocrx_word' id='word_1_559' title='bbox 3374 2521 3487 2567; x_wconf 90' lang='lat' dir='ltr'><strong>tres</strong></span> 
     </span>
    </p>
   </div>
   <div class='ocr_carea' id='block_1_82' title="bbox 1898 2595 3488 2672">
    <p class='ocr_par' dir='ltr' id='par_1_82' title="bbox 1898 2595 3488 2672">
     <span class='ocr_line' id='line_1_82' title="bbox 1898 2595 3488 2672; baseline 0.007 -24"><span class='ocrx_word' id='word_1_560' title='bbox 1898 2595 2228 2665; x_wconf 87' lang='lat' dir='ltr'><strong>principales</strong></span> <span class='ocrx_word' id='word_1_561' title='bbox 2251 2604 2305 2650; x_wconf 89' lang='lat' dir='ltr'><strong>et</strong></span> <span class='ocrx_word' id='word_1_562' title='bbox 2329 2595 2620 2664; x_wconf 89' lang='lat' dir='ltr'><strong>primarias</strong></span> <span class='ocrx_word' id='word_1_563' title='bbox 2646 2611 2846 2653; x_wconf 88' lang='lat' dir='ltr'><strong>causas</strong></span> <span class='ocrx_word' id='word_1_564' title='bbox 2895 2615 2990 2654; x_wconf 90' lang='lat' dir='ltr'><strong>seu</strong></span> <span class='ocrx_word' id='word_1_565' title='bbox 3039 2600 3306 2672; x_wconf 83' lang='lat' dir='ltr'><strong>principia</strong></span> <span class='ocrx_word' id='word_1_566' title='bbox 3345 2603 3488 2659; x_wconf 79' lang='lat' dir='ltr'><strong>refe-</strong></span> 
     </span>
    </p>
   </div>
   <div class='ocr_carea' id='block_1_83' title="bbox 1898 2687 3485 2760">
    <p class='ocr_par' dir='ltr' id='par_1_83' title="bbox 1898 2687 3485 2760">
     <span class='ocr_line' id='line_1_83' title="bbox 1898 2687 3485 2760; baseline 0.005 -18"><span class='ocrx_word' id='word_1_567' title='bbox 1898 2696 2081 2742; x_wconf 73' lang='lat' dir='ltr'><strong>rentes</strong></span> <span class='ocrx_word' id='word_1_568' title='bbox 2111 2696 2474 2754; x_wconf 85' lang='lat' dir='ltr'><strong>enumerant;</strong></span> <span class='ocrx_word' id='word_1_569' title='bbox 2516 2687 2618 2742; x_wconf 91' lang='lat' dir='ltr'><strong>has</strong></span> <span class='ocrx_word' id='word_1_570' title='bbox 2645 2699 2845 2743; x_wconf 78' lang='lat' dir='ltr'><strong>vocant</strong></span> <span class='ocrx_word' id='word_1_571' title='bbox 2880 2702 3138 2760; x_wconf 88' lang='lat' dir='ltr'><strong>mentem,</strong></span> <span class='ocrx_word' id='word_1_572' title='bbox 3172 2696 3485 2758; x_wconf 85' lang='lat' dir='ltr'><strong>materiam,</strong></span> 
     </span>
    </p>
   </div>
   <div class='ocr_carea' id='block_1_84' title="bbox 1898 2780 3489 2853">
    <p class='ocr_par' dir='ltr' id='par_1_84' title="bbox 1898 2780 3489 2853">
     <span class='ocr_line' id='line_1_84' title="bbox 1898 2780 3489 2853; baseline 0.006 -19"><span class='ocrx_word' id='word_1_573' title='bbox 1898 2789 1952 2834; x_wconf 88' lang='lat' dir='ltr'><strong>et</strong></span> <span class='ocrx_word' id='word_1_574' title='bbox 1980 2780 2237 2847; x_wconf 86' lang='lat' dir='ltr'><strong>speciem,</strong></span> <span class='ocrx_word' id='word_1_575' title='bbox 2271 2793 2408 2848; x_wconf 81' lang='lat' dir='ltr'><strong>quas</strong></span> <span class='ocrx_word' id='word_1_576' title='bbox 2434 2781 2750 2836; x_wconf 87' lang='lat' dir='ltr'><strong>communia</strong></span> <span class='ocrx_word' id='word_1_577' title='bbox 2778 2781 3050 2853; x_wconf 90' lang='lat' dir='ltr'><strong>principia</strong></span> <span class='ocrx_word' id='word_1_578' title='bbox 3081 2793 3136 2840; x_wconf 81' lang='lat' dir='ltr'><strong>et</strong></span> <span class='ocrx_word' id='word_1_579' title='bbox 3163 2801 3489 2844; x_wconf 81' lang='lat' dir='ltr'><strong>communes</strong></span> 
     </span>
    </p>
   </div>
   <div class='ocr_carea' id='block_1_85' title="bbox 1897 2871 3483 2950">
    <p class='ocr_par' dir='ltr' id='par_1_85' title="bbox 1897 2871 3483 2950">
     <span class='ocr_line' id='line_1_85' title="bbox 1897 2871 3483 2950; baseline 0.006 -24"><span class='ocrx_word' id='word_1_580' title='bbox 1897 2886 2098 2926; x_wconf 83' lang='lat' dir='ltr'><strong>causas</strong></span> <span class='ocrx_word' id='word_1_581' title='bbox 2143 2871 2390 2924; x_wconf 87' lang='lat' dir='ltr'><strong>omnium</strong></span> <span class='ocrx_word' id='word_1_582' title='bbox 2423 2882 2762 2941; x_wconf 86' lang='lat' dir='ltr'><strong>supponunt,</strong></span> <span class='ocrx_word' id='word_1_583' title='bbox 2805 2890 2931 2929; x_wconf 88' lang='lat' dir='ltr'><strong>cum</strong></span> <span class='ocrx_word' id='word_1_584' title='bbox 2965 2876 3116 2932; x_wconf 90' lang='lat' dir='ltr'><strong>nullo</strong></span> <span class='ocrx_word' id='word_1_585' title='bbox 3138 2879 3230 2947; x_wconf 91' lang='lat' dir='ltr'><strong>qui</strong></span> <span class='ocrx_word' id='word_1_586' title='bbox 3266 2881 3483 2950; x_wconf 87' lang='lat' dir='ltr'><strong>concipi</strong></span> 
     </span>
    </p>
   </div>
   <div class='ocr_carea' id='block_1_86' title="bbox 1900 2962 3488 3040">
    <p class='ocr_par' dir='ltr' id='par_1_86' title="bbox 1900 2962 3488 3040">
     <span class='ocr_line' id='line_1_86' title="bbox 1900 2962 3488 3040; baseline 0.008 -26"><span class='ocrx_word' id='word_1_587' title='bbox 1900 2969 2067 3030; x_wconf 79' lang='lat' dir='ltr'><strong>queat</strong></span> <span class='ocrx_word' id='word_1_588' title='bbox 2122 2962 2306 3026; x_wconf 87' lang='lat' dir='ltr'><strong>modo,</strong></span> <span class='ocrx_word' id='word_1_589' title='bbox 2343 2971 2439 3016; x_wconf 88' lang='lat' dir='ltr'><strong>aut</strong></span> <span class='ocrx_word' id='word_1_590' title='bbox 2473 2963 2802 3032; x_wconf 89' lang='lat' dir='ltr'><strong>principium</strong></span> <span class='ocrx_word' id='word_1_591' title='bbox 2865 2975 2960 3020; x_wconf 86' lang='lat' dir='ltr'><strong>aut</strong></span> <span class='ocrx_word' id='word_1_592' title='bbox 3010 2968 3173 3022; x_wconf 82' lang='lat' dir='ltr'><strong>tinem</strong></span> <span class='ocrx_word' id='word_1_593' title='bbox 3235 2971 3488 3040; x_wconf 87' lang='lat' dir='ltr'><strong>accipere</strong></span> 
     </span>
    </p>
   </div>
   <div class='ocr_carea' id='block_1_87' title="bbox 1897 3055 3484 3130">
    <p class='ocr_par' dir='ltr' id='par_1_87' title="bbox 1897 3055 3484 3130">
     <span class='ocr_line' id='line_1_87' title="bbox 1897 3055 3484 3130; baseline 0.007 -26"><span class='ocrx_word' id='word_1_594' title='bbox 1897 3067 2141 3122; x_wconf 83' lang='lat' dir='ltr'><strong>unquam</strong></span> <span class='ocrx_word' id='word_1_595' title='bbox 2194 3061 2573 3121; x_wconf 76' lang='lat' dir='ltr'><strong>possuntaut</strong></span> <span class='ocrx_word' id='word_1_596' title='bbox 2621 3062 2903 3123; x_wconf 84' lang='lat' dir='ltr'><strong>poterunt.</strong></span> <span class='ocrx_word' id='word_1_597' title='bbox 2973 3055 3208 3112; x_wconf 83' lang='lat' dir='ltr'><strong>Mentem</strong></span> <span class='ocrx_word' id='word_1_598' title='bbox 3263 3061 3484 3130; x_wconf 87' lang='lat' dir='ltr'><strong>quidem</strong></span> 
     </span>
    </p>
   </div>
   <div class='ocr_carea' id='block_1_88' title="bbox 1898 3143 3488 3217">
    <p class='ocr_par' dir='ltr' id='par_1_88' title="bbox 1898 3143 3488 3217">
     <span class='ocr_line' id='line_1_88' title="bbox 1898 3143 3488 3217; baseline 0.008 -23"><span class='ocrx_word' id='word_1_599' title='bbox 1898 3144 2067 3197; x_wconf 87' lang='lat' dir='ltr'><strong>Deum</strong></span> <span class='ocrx_word' id='word_1_600' title='bbox 2117 3143 2548 3212; x_wconf 86' lang='lat' dir='ltr'><strong>appellaverunt,</strong></span> <span class='ocrx_word' id='word_1_601' title='bbox 2601 3154 2664 3198; x_wconf 88' lang='lat' dir='ltr'><strong>ut</strong></span> <span class='ocrx_word' id='word_1_602' title='bbox 2715 3160 2812 3214; x_wconf 90' lang='lat' dir='ltr'><strong>per</strong></span> <span class='ocrx_word' id='word_1_603' title='bbox 2856 3147 3044 3202; x_wconf 89' lang='lat' dir='ltr'><strong>omnia</strong></span> <span class='ocrx_word' id='word_1_604' title='bbox 3095 3149 3380 3217; x_wconf 75' lang='lat' dir='ltr'><strong>diffusum,</strong></span> <span class='ocrx_word' id='word_1_605' title='bbox 3433 3164 3488 3207; x_wconf 83' lang='lat' dir='ltr'><strong>et</strong></span> 
     </span>
    </p>
   </div>
   <div class='ocr_carea' id='block_1_89' title="bbox 1898 3235 3484 3302">
    <p class='ocr_par' dir='ltr' id='par_1_89' title="bbox 1898 3235 3484 3302">
     <span class='ocr_line' id='line_1_89' title="bbox 1898 3235 3484 3302; baseline 0.004 -12"><span class='ocrx_word' id='word_1_606' title='bbox 1898 3235 2084 3290; x_wconf 89' lang='lat' dir='ltr'><strong>omnia</strong></span> <span class='ocrx_word' id='word_1_607' title='bbox 2115 3247 2588 3302; x_wconf 89' lang='lat' dir='ltr'><strong>commoventem;</strong></span> <span class='ocrx_word' id='word_1_608' title='bbox 2615 3239 2898 3292; x_wconf 87' lang='lat' dir='ltr'><strong>materiam</strong></span> <span class='ocrx_word' id='word_1_609' title='bbox 2928 3255 3058 3295; x_wconf 86' lang='lat' dir='ltr'><strong>vero</strong></span> <span class='ocrx_word' id='word_1_610' title='bbox 3083 3240 3275 3297; x_wconf 89' lang='lat' dir='ltr'><strong>dicunt</strong></span> <span class='ocrx_word' id='word_1_611' title='bbox 3294 3258 3484 3297; x_wconf 89' lang='lat' dir='ltr'><strong>eorum</strong></span> 
     </span>
    </p>
   </div>
   <div class='ocr_carea' id='block_1_90' title="bbox 1897 3327 3467 3402">
    <p class='ocr_par' dir='ltr' id='par_1_90' title="bbox 1897 3327 3467 3402">
     <span class='ocr_line' id='line_1_90' title="bbox 1897 3327 3467 3402; baseline 0.004 -23"><span class='ocrx_word' id='word_1_612' title='bbox 1897 3341 2019 3394; x_wconf 70' lang='lat' dir='ltr'><strong>qua:</strong></span> <span class='ocrx_word' id='word_1_613' title='bbox 2053 3336 2319 3380; x_wconf 88' lang='lat' dir='ltr'><strong>vocantur</strong></span> <span class='ocrx_word' id='word_1_614' title='bbox 2374 3327 2671 3390; x_wconf 88' lang='lat' dir='ltr'><strong>elementa,</strong></span> <span class='ocrx_word' id='word_1_615' title='bbox 2704 3329 3167 3398; x_wconf 89' lang='lat' dir='ltr'><strong>quaternitatcm;</strong></span> <span class='ocrx_word' id='word_1_616' title='bbox 3214 3331 3467 3402; x_wconf 90' lang='lat' dir='ltr'><strong>quintum</strong></span> 
     </span>
    </p>
   </div>
   <div class='ocr_carea' id='block_1_91' title="bbox 1897 3417 3486 3492">
    <p class='ocr_par' dir='ltr' id='par_1_91' title="bbox 1897 3417 3486 3492">
     <span class='ocr_line' id='line_1_91' title="bbox 1897 3417 3486 3492; baseline 0.004 -20"><span class='ocrx_word' id='word_1_617' title='bbox 1897 3427 2078 3472; x_wconf 89' lang='lat' dir='ltr'><strong>autem</strong></span> <span class='ocrx_word' id='word_1_618' title='bbox 2118 3417 2374 3485; x_wconf 85' lang='lat' dir='ltr'><strong>adjicitur</strong></span> <span class='ocrx_word' id='word_1_619' title='bbox 2410 3432 2611 3486; x_wconf 89' lang='lat' dir='ltr'><strong>corpus</strong></span> <span class='ocrx_word' id='word_1_620' title='bbox 2665 3419 2890 3473; x_wconf 70' lang='lat' dir='ltr'><strong>cmleste</strong></span> <span class='ocrx_word' id='word_1_621' title='bbox 2921 3436 2935 3472; x_wconf 88' lang='lat'><strong>:</strong></span> <span class='ocrx_word' id='word_1_622' title='bbox 2968 3421 3208 3489; x_wconf 89' lang='lat' dir='ltr'><strong>speciem</strong></span> <span class='ocrx_word' id='word_1_623' title='bbox 3241 3423 3486 3492; x_wconf 89' lang='lat' dir='ltr'><strong>denique</strong></span> 
     </span>
    </p>
   </div>
   <div class='ocr_carea' id='block_1_92' title="bbox 1897 3508 3488 3582">
    <p class='ocr_par' dir='ltr' id='par_1_92' title="bbox 1897 3508 3488 3582">
     <span class='ocr_line' id='line_1_92' title="bbox 1897 3508 3488 3582; baseline 0.008 -26"><span class='ocrx_word' id='word_1_624' title='bbox 1897 3508 2175 3578; x_wconf 78' lang='lat' dir='ltr'><strong>propriam</strong></span> <span class='ocrx_word' id='word_1_625' title='bbox 2231 3510 2462 3563; x_wconf 82' lang='lat' dir='ltr'><strong>formam</strong></span> <span class='ocrx_word' id='word_1_626' title='bbox 2500 3508 2771 3579; x_wconf 86' lang='lat' dir='ltr'><strong>cujusque</strong></span> <span class='ocrx_word' id='word_1_627' title='bbox 2795 3520 2850 3566; x_wconf 90' lang='lat' dir='ltr'><strong>et</strong></span> <span class='ocrx_word' id='word_1_628' title='bbox 2880 3510 3178 3582; x_wconf 81' lang='lat' dir='ltr'><strong>perfectam</strong></span> <span class='ocrx_word' id='word_1_629' title='bbox 3224 3514 3488 3569; x_wconf 88' lang='lat' dir='ltr'><strong>substan-</strong></span> 
     </span>
    </p>
   </div>
   <div class='ocr_carea' id='block_1_93' title="bbox 1897 3600 3488 3674">
    <p class='ocr_par' dir='ltr' id='par_1_93' title="bbox 1897 3600 3488 3674">
     <span class='ocr_line' id='line_1_93' title="bbox 1897 3600 3488 3674; baseline 0.004 -20"><span class='ocrx_word' id='word_1_630' title='bbox 1897 3601 1986 3654; x_wconf 73' lang='lat' dir='ltr'><strong>tia:</strong></span> <span class='ocrx_word' id='word_1_631' title='bbox 2018 3600 2450 3670; x_wconf 85' lang='lat' dir='ltr'><strong>proprietatem,</strong></span> <span class='ocrx_word' id='word_1_632' title='bbox 2481 3614 2648 3669; x_wconf 89' lang='lat' dir='ltr'><strong>quam</strong></span> <span class='ocrx_word' id='word_1_633' title='bbox 2696 3601 3116 3658; x_wconf 84' lang='lat' dir='ltr'><strong>substantialem</strong></span> <span class='ocrx_word' id='word_1_634' title='bbox 3162 3605 3488 3674; x_wconf 89' lang='lat' dir='ltr'><strong>qualitatem</strong></span> 
     </span>
    </p>
   </div>
   <div class='ocr_carea' id='block_1_94' title="bbox 1895 3693 3486 3766">
    <p class='ocr_par' dir='ltr' id='par_1_94' title="bbox 1895 3693 3486 3766">
     <span class='ocr_line' id='line_1_94' title="bbox 1895 3693 3486 3766; baseline 0.005 -18"><span class='ocrx_word' id='word_1_635' title='bbox 1895 3694 2013 3760; x_wconf 83' lang='lat' dir='ltr'><strong>alii,</strong></span> <span class='ocrx_word' id='word_1_636' title='bbox 2043 3696 2134 3749; x_wconf 84' lang='lat' dir='ltr'><strong>alii</strong></span> <span class='ocrx_word' id='word_1_637' title='bbox 2171 3695 2350 3750; x_wconf 85' lang='lat' dir='ltr'><strong>ideam</strong></span> <span class='ocrx_word' id='word_1_638' title='bbox 2373 3693 2824 3752; x_wconf 84' lang='lat' dir='ltr'><strong>nominaverunt.</strong></span> <span class='ocrx_word' id='word_1_639' title='bbox 2862 3697 2996 3753; x_wconf 88' lang='lat' dir='ltr'><strong>Tres</strong></span> <span class='ocrx_word' id='word_1_640' title='bbox 3033 3699 3199 3766; x_wconf 72' lang='lat' dir='ltr'><strong>igitur</strong></span> <span class='ocrx_word' id='word_1_641' title='bbox 3233 3700 3352 3755; x_wconf 88' lang='lat' dir='ltr'><strong>illas</strong></span> <span class='ocrx_word' id='word_1_642' title='bbox 3386 3715 3486 3755; x_wconf 87' lang='lat' dir='ltr'><strong>en-</strong></span> 
     </span>
    </p>
   </div>
   <div class='ocr_carea' id='block_1_95' title="bbox 1897 3787 3487 3862">
    <p class='ocr_par' dir='ltr' id='par_1_95' title="bbox 1897 3787 3487 3862">
     <span class='ocr_line' id='line_1_95' title="bbox 1897 3787 3487 3862; baseline 0.005 -23"><span class='ocrx_word' id='word_1_643' title='bbox 1897 3787 2050 3840; x_wconf 69' lang='lat' dir='ltr'><strong>tium&#39;</strong></span> <span class='ocrx_word' id='word_1_644' title='bbox 2083 3796 2137 3842; x_wconf 88' lang='lat' dir='ltr'><strong>et</strong></span> <span class='ocrx_word' id='word_1_645' title='bbox 2187 3796 2495 3842; x_wconf 87' lang='lat' dir='ltr'><strong>creatorum</strong></span> <span class='ocrx_word' id='word_1_646' title='bbox 2533 3803 2730 3844; x_wconf 87' lang='lat' dir='ltr'><strong>causas</strong></span> <span class='ocrx_word' id='word_1_647' title='bbox 2795 3790 3217 3859; x_wconf 86' lang='lat' dir='ltr'><strong>coprincipales,</strong></span> <span class='ocrx_word' id='word_1_648' title='bbox 3270 3807 3487 3862; x_wconf 83' lang='lat' dir='ltr'><strong>semper</strong></span> 
     </span>
    </p>
   </div>
   <div class='ocr_carea' id='block_1_96' title="bbox 1897 3879 3482 3955">
    <p class='ocr_par' dir='ltr' id='par_1_96' title="bbox 1897 3879 3482 3955">
     <span class='ocr_line' id='line_1_96' title="bbox 1897 3879 3482 3955; baseline 0.006 -22"><span class='ocrx_word' id='word_1_649' title='bbox 1897 3879 2223 3933; x_wconf 75' lang='lat' dir='ltr'><strong>exsistentes</strong></span> <span class='ocrx_word' id='word_1_650' title='bbox 2252 3889 2308 3934; x_wconf 91' lang='lat' dir='ltr'><strong>et</strong></span> <span class='ocrx_word' id='word_1_651' title='bbox 2338 3891 2640 3937; x_wconf 65' lang='lat' dir='ltr'><strong>coaeternas</strong></span> <span class='ocrx_word' id='word_1_652' title='bbox 2662 3922 2678 3947; x_wconf 93' lang='lat'><strong>,</strong></span> <span class='ocrx_word' id='word_1_653' title='bbox 2713 3897 2889 3951; x_wconf 86' lang='lat' dir='ltr'><strong>neque</strong></span> <span class='ocrx_word' id='word_1_654' title='bbox 2923 3882 3254 3952; x_wconf 84' lang='lat' dir='ltr'><strong>principium</strong></span> <span class='ocrx_word' id='word_1_655' title='bbox 3299 3901 3482 3955; x_wconf 88' lang='lat' dir='ltr'><strong>neque</strong></span> 
     </span>
    </p>
   </div>
   <div class='ocr_carea' id='block_1_97' title="bbox 1895 3970 3484 4046">
    <p class='ocr_par' dir='ltr' id='par_1_97' title="bbox 1895 3970 3484 4046">
     <span class='ocr_line' id='line_1_97' title="bbox 1895 3970 3484 4046; baseline 0.004 -22"><span class='ocrx_word' id='word_1_656' title='bbox 1895 3971 2060 4024; x_wconf 80' lang='lat' dir='ltr'><strong>linem</strong></span> <span class='ocrx_word' id='word_1_657' title='bbox 2095 3970 2358 4026; x_wconf 79' lang='lat' dir='ltr'><strong>habentes</strong></span> <span class='ocrx_word' id='word_1_658' title='bbox 2387 3973 2646 4028; x_wconf 87' lang='lat' dir='ltr'><strong>distincte</strong></span> <span class='ocrx_word' id='word_1_659' title='bbox 2689 3989 2787 4043; x_wconf 88' lang='lat' dir='ltr'><strong>per</strong></span> <span class='ocrx_word' id='word_1_660' title='bbox 2821 3988 2882 4028; x_wconf 90' lang='lat' dir='ltr'><strong>se</strong></span> <span class='ocrx_word' id='word_1_661' title='bbox 2912 3973 3280 4029; x_wconf 88' lang='lat' dir='ltr'><strong>demonstrari</strong></span> <span class='ocrx_word' id='word_1_662' title='bbox 3311 3991 3484 4046; x_wconf 82' lang='lat' dir='ltr'><strong>expo—</strong></span> 
     </span>
    </p>
   </div>
   <div class='ocr_carea' id='block_1_98' title="bbox 1895 4063 3484 4136">
    <p class='ocr_par' dir='ltr' id='par_1_98' title="bbox 1895 4063 3484 4136">
     <span class='ocr_line' id='line_1_98' title="bbox 1895 4063 3484 4136; baseline 0.004 -21"><span class='ocrx_word' id='word_1_663' title='bbox 1895 4071 2067 4124; x_wconf 82' lang='lat' dir='ltr'><strong>nunt;</strong></span> <span class='ocrx_word' id='word_1_664' title='bbox 2101 4077 2131 4116; x_wconf 90' lang='lat' dir='ltr'><strong>e</strong></span> <span class='ocrx_word' id='word_1_665' title='bbox 2167 4063 2366 4132; x_wconf 79' lang='lat' dir='ltr'><strong>quibus</strong></span> <span class='ocrx_word' id='word_1_666' title='bbox 2400 4073 2529 4119; x_wconf 87' lang='lat' dir='ltr'><strong>sunt</strong></span> <span class='ocrx_word' id='word_1_667' title='bbox 2569 4081 2633 4119; x_wconf 82' lang='lat' dir='ltr'><strong>ex</strong></span> <span class='ocrx_word' id='word_1_668' title='bbox 2682 4063 2858 4119; x_wconf 84' lang='lat' dir='ltr'><strong>activa</strong></span> <span class='ocrx_word' id='word_1_669' title='bbox 2903 4063 3132 4119; x_wconf 90' lang='lat' dir='ltr'><strong>materia</strong></span> <span class='ocrx_word' id='word_1_670' title='bbox 3174 4074 3229 4120; x_wconf 87' lang='lat' dir='ltr'><strong>et</strong></span> <span class='ocrx_word' id='word_1_671' title='bbox 3263 4067 3484 4136; x_wconf 89' lang='lat' dir='ltr'><strong>propria</strong></span> 
     </span>
    </p>
   </div>
   <div class='ocr_carea' id='block_1_99' title="bbox 1896 4151 3485 4223">
    <p class='ocr_par' dir='ltr' id='par_1_99' title="bbox 1896 4151 3485 4223">
     <span class='ocr_line' id='line_1_99' title="bbox 1896 4151 3485 4223; baseline 0.003 -18"><span class='ocrx_word' id='word_1_672' title='bbox 1896 4165 2090 4215; x_wconf 86' lang='lat' dir='ltr'><strong>causa,</strong></span> <span class='ocrx_word' id='word_1_673' title='bbox 2118 4151 2371 4208; x_wconf 88' lang='lat' dir='ltr'><strong>homines</strong></span> <span class='ocrx_word' id='word_1_674' title='bbox 2407 4162 2460 4208; x_wconf 90' lang='lat' dir='ltr'><strong>et</strong></span> <span class='ocrx_word' id='word_1_675' title='bbox 2492 4153 2757 4207; x_wconf 89' lang='lat' dir='ltr'><strong>animalia</strong></span> <span class='ocrx_word' id='word_1_676' title='bbox 2788 4166 3008 4215; x_wconf 86' lang='lat' dir='ltr'><strong>cuncta,</strong></span> <span class='ocrx_word' id='word_1_677' title='bbox 3039 4161 3094 4208; x_wconf 87' lang='lat' dir='ltr'><strong>et</strong></span> <span class='ocrx_word' id='word_1_678' title='bbox 3123 4155 3485 4223; x_wconf 82' lang='lat' dir='ltr'><strong>particulares</strong></span> 
     </span>
    </p>
   </div>
   <div class='ocr_carea' id='block_1_100' title="bbox 1895 4242 3484 4314">
    <p class='ocr_par' dir='ltr' id='par_1_100' title="bbox 1895 4242 3484 4314">
     <span class='ocr_line' id='line_1_100' title="bbox 1895 4242 3484 4314; baseline 0.006 -21"><span class='ocrx_word' id='word_1_679' title='bbox 1895 4255 2085 4295; x_wconf 88' lang='lat' dir='ltr'><strong>omnes</strong></span> <span class='ocrx_word' id='word_1_680' title='bbox 2113 4242 2331 4310; x_wconf 69' lang='lat' dir='ltr'><strong>plantae.</strong></span> <span class='ocrx_word' id='word_1_681' title='bbox 2363 4253 2418 4298; x_wconf 87' lang='lat' dir='ltr'><strong>et</strong></span> <span class='ocrx_word' id='word_1_682' title='bbox 2462 4244 2682 4299; x_wconf 84' lang='lat' dir='ltr'><strong>aliunde</strong></span> <span class='ocrx_word' id='word_1_683' title='bbox 2710 4245 2815 4298; x_wconf 87' lang='lat' dir='ltr'><strong>alia</strong></span> <span class='ocrx_word' id='word_1_684' title='bbox 2845 4259 2944 4314; x_wconf 91' lang='lat' dir='ltr'><strong>per</strong></span> <span class='ocrx_word' id='word_1_685' title='bbox 2979 4245 3395 4314; x_wconf 88' lang='lat' dir='ltr'><strong>productionem</strong></span> <span class='ocrx_word' id='word_1_686' title='bbox 3426 4247 3484 4302; x_wconf 92' lang='lat' dir='ltr'><strong>in</strong></span> 
     </span>
    </p>
   </div>
   <div class='ocr_carea' id='block_1_101' title="bbox 1895 4332 3484 4404">
    <p class='ocr_par' dir='ltr' id='par_1_101' title="bbox 1895 4332 3484 4404">
     <span class='ocr_line' id='line_1_101' title="bbox 1895 4332 3484 4404; baseline 0.004 -18"><span class='ocrx_word' id='word_1_687' title='bbox 1895 4332 2164 4386; x_wconf 88' lang='lat' dir='ltr'><strong>mundum</strong></span> <span class='ocrx_word' id='word_1_688' title='bbox 2218 4347 2435 4403; x_wconf 87' lang='lat' dir='ltr'><strong>semper</strong></span> <span class='ocrx_word' id='word_1_689' title='bbox 2479 4334 2737 4398; x_wconf 86' lang='lat' dir='ltr'><strong>inducta,</strong></span> <span class='ocrx_word' id='word_1_690' title='bbox 2791 4345 2846 4388; x_wconf 89' lang='lat' dir='ltr'><strong>et</strong></span> <span class='ocrx_word' id='word_1_691' title='bbox 2901 4350 2998 4404; x_wconf 89' lang='lat' dir='ltr'><strong>per</strong></span> <span class='ocrx_word' id='word_1_692' title='bbox 3055 4335 3484 4392; x_wconf 88' lang='lat' dir='ltr'><strong>destructionem</strong></span> 
     </span>
    </p>
   </div>
   <div class='ocr_carea' id='block_1_102' title="bbox 1895 4425 3484 4496">
    <p class='ocr_par' dir='ltr' id='par_1_102' title="bbox 1895 4425 3484 4496">
     <span class='ocr_line' id='line_1_102' title="bbox 1895 4425 3484 4496; baseline 0.003 -19"><span class='ocrx_word' id='word_1_693' title='bbox 1895 4434 2244 4493; x_wconf 87' lang='lat' dir='ltr'><strong>consumpta,</strong></span> <span class='ocrx_word' id='word_1_694' title='bbox 2278 4426 2580 4480; x_wconf 90' lang='lat' dir='ltr'><strong>secundum</strong></span> <span class='ocrx_word' id='word_1_695' title='bbox 2629 4425 2909 4481; x_wconf 80' lang='lat' dir='ltr'><strong>fortuitam</strong></span> <span class='ocrx_word' id='word_1_696' title='bbox 2943 4427 3264 4496; x_wconf 89' lang='lat' dir='ltr'><strong>quamdam,</strong></span> <span class='ocrx_word' id='word_1_697' title='bbox 3297 4427 3484 4482; x_wconf 83' lang='lat' dir='ltr'><strong>inﬁni-</strong></span> 
     </span>
    </p>
   </div>
   <div class='ocr_carea' id='block_1_103' title="bbox 1896 4517 3483 4588">
    <p class='ocr_par' dir='ltr' id='par_1_103' title="bbox 1896 4517 3483 4588">
     <span class='ocr_line' id='line_1_103' title="bbox 1896 4517 3483 4588; baseline 0.004 -19"><span class='ocrx_word' id='word_1_698' title='bbox 1896 4524 2006 4570; x_wconf 91' lang='lat' dir='ltr'><strong>tam</strong></span> <span class='ocrx_word' id='word_1_699' title='bbox 2042 4526 2096 4570; x_wconf 88' lang='lat' dir='ltr'><strong>et</strong></span> <span class='ocrx_word' id='word_1_700' title='bbox 2145 4517 2474 4571; x_wconf 84' lang='lat' dir='ltr'><strong>illimitatam</strong></span> <span class='ocrx_word' id='word_1_701' title='bbox 2539 4517 2867 4573; x_wconf 87' lang='lat' dir='ltr'><strong>circularem</strong></span> <span class='ocrx_word' id='word_1_702' title='bbox 2928 4519 3376 4588; x_wconf 85' lang='lat' dir='ltr'><strong>successionem;</strong></span> <span class='ocrx_word' id='word_1_703' title='bbox 3408 4521 3483 4575; x_wconf 86' lang='lat' dir='ltr'><strong>ita</strong></span> 
     </span>
    </p>
   </div>
   <div class='ocr_carea' id='block_1_104' title="bbox 1895 4605 3479 4681">
    <p class='ocr_par' dir='ltr' id='par_1_104' title="bbox 1895 4605 3479 4681">
     <span class='ocr_line' id='line_1_104' title="bbox 1895 4605 3479 4681; baseline 0.005 -23"><span class='ocrx_word' id='word_1_704' title='bbox 1895 4605 2104 4673; x_wconf 85' lang='lat' dir='ltr'><strong>absque</strong></span> <span class='ocrx_word' id='word_1_705' title='bbox 2134 4607 2400 4677; x_wconf 89' lang='lat' dir='ltr'><strong>principio</strong></span> <span class='ocrx_word' id='word_1_706' title='bbox 2425 4618 2481 4663; x_wconf 89' lang='lat' dir='ltr'><strong>et</strong></span> <span class='ocrx_word' id='word_1_707' title='bbox 2507 4609 2613 4664; x_wconf 79' lang='lat' dir='ltr'><strong>line</strong></span> <span class='ocrx_word' id='word_1_708' title='bbox 2646 4609 2702 4663; x_wconf 90' lang='lat' dir='ltr'><strong>in</strong></span> <span class='ocrx_word' id='word_1_709' title='bbox 2731 4611 3053 4665; x_wconf 88' lang='lat' dir='ltr'><strong>continuum</strong></span> <span class='ocrx_word' id='word_1_710' title='bbox 3093 4612 3479 4681; x_wconf 81' lang='lat' dir='ltr'><strong>perﬁciuntur.</strong></span> 
     </span>
    </p>
   </div>
   <div class='ocr_carea' id='block_1_105' title="bbox 1896 4697 3482 4773">
    <p class='ocr_par' dir='ltr' id='par_1_105' title="bbox 1896 4697 3482 4773">
     <span class='ocr_line' id='line_1_105' title="bbox 1896 4697 3482 4773; baseline 0.005 -22"><span class='ocrx_word' id='word_1_711' title='bbox 1896 4697 2047 4754; x_wconf 86' lang='lat' dir='ltr'><strong>Talis</strong></span> <span class='ocrx_word' id='word_1_712' title='bbox 2098 4699 2318 4770; x_wconf 86' lang='lat' dir='ltr'><strong>quidem</strong></span> <span class='ocrx_word' id='word_1_713' title='bbox 2370 4709 2454 4755; x_wconf 91' lang='lat' dir='ltr'><strong>est</strong></span> <span class='ocrx_word' id='word_1_714' title='bbox 2506 4701 2701 4756; x_wconf 87' lang='lat' dir='ltr'><strong>borum</strong></span> <span class='ocrx_word' id='word_1_715' title='bbox 2751 4703 3114 4773; x_wconf 88' lang='lat' dir='ltr'><strong>superborum</strong></span> <span class='ocrx_word' id='word_1_716' title='bbox 3149 4704 3383 4770; x_wconf 84' lang='lat' dir='ltr'><strong>insania,</strong></span> <span class='ocrx_word' id='word_1_717' title='bbox 3421 4715 3482 4759; x_wconf 87' lang='lat' dir='ltr'><strong>ut</strong></span> 
     </span>
    </p>
   </div>
   <div class='ocr_carea' id='block_1_106' title="bbox 1894 4792 3482 4862">
    <p class='ocr_par' dir='ltr' id='par_1_106' title="bbox 1894 4792 3482 4862">
     <span class='ocr_line' id='line_1_106' title="bbox 1894 4792 3482 4862; baseline 0.004 -18"><span class='ocrx_word' id='word_1_718' title='bbox 1894 4793 2084 4860; x_wconf 90' lang='lat' dir='ltr'><strong>paucis</strong></span> <span class='ocrx_word' id='word_1_719' title='bbox 2138 4805 2470 4857; x_wconf 83' lang='lat' dir='ltr'><strong>memorem,</strong></span> <span class='ocrx_word' id='word_1_720' title='bbox 2531 4792 2607 4846; x_wconf 89' lang='lat' dir='ltr'><strong>illi</strong></span> <span class='ocrx_word' id='word_1_721' title='bbox 2661 4794 2754 4862; x_wconf 92' lang='lat' dir='ltr'><strong>qui</strong></span> <span class='ocrx_word' id='word_1_722' title='bbox 2809 4804 2897 4849; x_wconf 87' lang='lat' dir='ltr'><strong>est</strong></span> <span class='ocrx_word' id='word_1_723' title='bbox 2954 4795 3116 4861; x_wconf 69' lang='lat' dir='ltr'><strong>digna</strong></span> <span class='ocrx_word' id='word_1_724' title='bbox 3169 4797 3482 4852; x_wconf 88' lang='lat' dir='ltr'><strong>attribuens</strong></span> 
     </span>
    </p>
   </div>
   <div class='ocr_carea' id='block_1_107' title="bbox 1891 4882 3480 4959">
    <p class='ocr_par' dir='ltr' id='par_1_107' title="bbox 1891 4882 3480 4959">
     <span class='ocr_line' id='line_1_107' title="bbox 1891 4882 3480 4959; baseline 0.006 -24"><span class='ocrx_word' id='word_1_725' title='bbox 1891 4882 2142 4936; x_wconf 70' lang='lat' dir='ltr'><strong>atheista:</strong></span> <span class='ocrx_word' id='word_1_726' title='bbox 2159 4898 2349 4938; x_wconf 89' lang='lat' dir='ltr'><strong>eorum</strong></span> <span class='ocrx_word' id='word_1_727' title='bbox 2369 4885 2644 4940; x_wconf 70' lang='lat' dir='ltr'><strong>anarchiaz</strong></span> <span class='ocrx_word' id='word_1_728' title='bbox 2667 4897 2720 4940; x_wconf 88' lang='lat' dir='ltr'><strong>et</strong></span> <span class='ocrx_word' id='word_1_729' title='bbox 2749 4887 3124 4954; x_wconf 80' lang='lat' dir='ltr'><strong>confusionis;</strong></span> <span class='ocrx_word' id='word_1_730' title='bbox 3150 4898 3202 4942; x_wconf 84' lang='lat' dir='ltr'><strong>et</strong></span> <span class='ocrx_word' id='word_1_731' title='bbox 3219 4904 3480 4959; x_wconf 71' lang='lat' dir='ltr'><strong>supremo</strong></span> 
     </span>
    </p>
   </div>
   <div class='ocr_carea' id='block_1_108' title="bbox 1891 4974 3477 5048">
    <p class='ocr_par' dir='ltr' id='par_1_108' title="bbox 1891 4974 3477 5048">
     <span class='ocr_line' id='line_1_108' title="bbox 1891 4974 3477 5048; baseline 0.004 -20"><span class='ocrx_word' id='word_1_732' title='bbox 1891 4974 2138 5028; x_wconf 89' lang='lat' dir='ltr'><strong>omnium</strong></span> <span class='ocrx_word' id='word_1_733' title='bbox 2200 4975 2469 5045; x_wconf 89' lang='lat' dir='ltr'><strong>principio</strong></span> <span class='ocrx_word' id='word_1_734' title='bbox 2523 4985 2578 5030; x_wconf 89' lang='lat' dir='ltr'><strong>ct</strong></span> <span class='ocrx_word' id='word_1_735' title='bbox 2626 4992 2804 5032; x_wconf 85' lang='lat' dir='ltr'><strong>causae</strong></span> <span class='ocrx_word' id='word_1_736' title='bbox 2853 4993 3053 5048; x_wconf 88' lang='lat' dir='ltr'><strong>per...</strong></span> <span class='ocrx_word' id='word_1_737' title='bbox 3083 4979 3477 5034; x_wconf 78' lang='lat' dir='ltr'><strong>contumeliam</strong></span> 
     </span>
    </p>
   </div>
   <div class='ocr_carea' id='block_1_109' title="bbox 1895 5066 3481 5141">
    <p class='ocr_par' dir='ltr' id='par_1_109' title="bbox 1895 5066 3481 5141">
     <span class='ocr_line' id='line_1_109' title="bbox 1895 5066 3481 5141; baseline 0.006 -23"><span class='ocrx_word' id='word_1_738' title='bbox 1895 5066 2206 5131; x_wconf 86' lang='lat' dir='ltr'><strong>materiam,</strong></span> <span class='ocrx_word' id='word_1_739' title='bbox 2240 5076 2295 5122; x_wconf 82' lang='lat' dir='ltr'><strong>et</strong></span> <span class='ocrx_word' id='word_1_740' title='bbox 2329 5067 2448 5123; x_wconf 83' lang='lat' dir='ltr'><strong>sine</strong></span> <span class='ocrx_word' id='word_1_741' title='bbox 2475 5069 2778 5128; x_wconf 87' lang='lat' dir='ltr'><strong>substantia</strong></span> <span class='ocrx_word' id='word_1_742' title='bbox 2826 5073 3062 5140; x_wconf 80' lang='lat' dir='ltr'><strong>speciem</strong></span> <span class='ocrx_word' id='word_1_743' title='bbox 3114 5072 3232 5141; x_wconf 88' lang='lat' dir='ltr'><strong>pari</strong></span> <span class='ocrx_word' id='word_1_744' title='bbox 3277 5073 3481 5127; x_wconf 87' lang='lat' dir='ltr'><strong>virtute</strong></span> 
     </span>
    </p>
   </div>
   <div class='ocr_carea' id='block_1_110' title="bbox 1892 5160 3477 5232">
    <p class='ocr_par' dir='ltr' id='par_1_110' title="bbox 1892 5160 3477 5232">
     <span class='ocr_line' id='line_1_110' title="bbox 1892 5160 3477 5232; baseline 0.004 -19"><span class='ocrx_word' id='word_1_745' title='bbox 1892 5173 2108 5226; x_wconf 77' lang='lat' dir='ltr'><strong>semper</strong></span> <span class='ocrx_word' id='word_1_746' title='bbox 2139 5160 2442 5214; x_wconf 87' lang='lat' dir='ltr'><strong>consociari</strong></span> <span class='ocrx_word' id='word_1_747' title='bbox 2475 5161 2882 5230; x_wconf 87' lang='lat' dir='ltr'><strong>dogmatizans;</strong></span> <span class='ocrx_word' id='word_1_748' title='bbox 2908 5179 3141 5232; x_wconf 89' lang='lat' dir='ltr'><strong>quorum</strong></span> <span class='ocrx_word' id='word_1_749' title='bbox 3174 5165 3353 5220; x_wconf 71' lang='lat' dir='ltr'><strong>stulta:</strong></span> <span class='ocrx_word' id='word_1_750' title='bbox 3385 5182 3477 5219; x_wconf 85' lang='lat' dir='ltr'><strong>sa-</strong></span> 
     </span>
    </p>
   </div>
   <div class='ocr_carea' id='block_1_111' title="bbox 1891 5250 3476 5324">
    <p class='ocr_par' dir='ltr' id='par_1_111' title="bbox 1891 5250 3476 5324">
     <span class='ocr_line' id='line_1_111' title="bbox 1891 5250 3476 5324; baseline 0.004 -22"><span class='ocrx_word' id='word_1_751' title='bbox 1891 5250 2111 5318; x_wconf 86' lang='lat' dir='ltr'><strong>pientiae</strong></span> <span class='ocrx_word' id='word_1_752' title='bbox 2139 5250 2534 5320; x_wconf 81' lang='lat' dir='ltr'><strong>turpitudinem</strong></span> <span class='ocrx_word' id='word_1_753' title='bbox 2565 5262 2618 5307; x_wconf 91' lang='lat' dir='ltr'><strong>et.</strong></span> <span class='ocrx_word' id='word_1_754' title='bbox 2657 5254 2945 5308; x_wconf 89' lang='lat' dir='ltr'><strong>stultitiam</strong></span> <span class='ocrx_word' id='word_1_755' title='bbox 2977 5255 3174 5311; x_wconf 83' lang='lat' dir='ltr'><strong>merito</strong></span> <span class='ocrx_word' id='word_1_756' title='bbox 3205 5255 3476 5324; x_wconf 85' lang='lat' dir='ltr'><strong>theologis</strong></span> 
     </span>
    </p>
   </div>
   <div class='ocr_carea' id='block_1_112' title="bbox 1891 5342 3476 5413">
    <p class='ocr_par' dir='ltr' id='par_1_112' title="bbox 1891 5342 3476 5413">
     <span class='ocr_line' id='line_1_112' title="bbox 1891 5342 3476 5413; baseline 0.003 -17"><span class='ocrx_word' id='word_1_757' title='bbox 1891 5343 2312 5396; x_wconf 84' lang='lat' dir='ltr'><strong>condemnatam</strong></span> <span class='ocrx_word' id='word_1_758' title='bbox 2363 5342 2712 5413; x_wconf 89' lang='lat' dir='ltr'><strong>linquentes,</strong></span> <span class='ocrx_word' id='word_1_759' title='bbox 2768 5361 2870 5401; x_wconf 92' lang='lat' dir='ltr'><strong>nos</strong></span> <span class='ocrx_word' id='word_1_760' title='bbox 2925 5347 2993 5401; x_wconf 84' lang='lat' dir='ltr'><strong>ad</strong></span> <span class='ocrx_word' id='word_1_761' title='bbox 3058 5360 3243 5401; x_wconf 85' lang='lat' dir='ltr'><strong>veram</strong></span> <span class='ocrx_word' id='word_1_762' title='bbox 3292 5344 3476 5413; x_wconf 78' lang='lat' dir='ltr'><strong>magni</strong></span> 
     </span>
    </p>
   </div>
   <div class='ocr_carea' id='block_1_113' title="bbox 1891 5431 3060 5506">
    <p class='ocr_par' dir='ltr' id='par_1_113' title="bbox 1891 5431 3060 5506">
     <span class='ocr_line' id='line_1_113' title="bbox 1891 5431 3060 5506; baseline 0.004 -17"><span class='ocrx_word' id='word_1_763' title='bbox 1891 5431 2135 5504; x_wconf 81' lang='lat' dir='ltr'><strong>Gregorii</strong></span> <span class='ocrx_word' id='word_1_764' title='bbox 2163 5435 2485 5505; x_wconf 83' lang='lat' dir='ltr'><strong>sapientiam</strong></span> <span class='ocrx_word' id='word_1_765' title='bbox 2520 5436 2926 5506; x_wconf 86' lang='lat' dir='ltr'><strong>incumbamus,</strong></span> <span class='ocrx_word' id='word_1_766' title='bbox 2953 5447 3060 5494; x_wconf 84' lang='lat' dir='ltr'><strong>etc.</strong></span> 
     </span>
    </p>
   </div>
  </div>
