4064 6414
1443 362 1764 425 NICETAS
1806 361 2303 423 BYZANTINUS.
2329 385 2393 395 ’-
2439 363 2775 426 ΝΟΤΙΤΙΑ.

2475 513 2540 529 2d

3645 377 3752 441 586

2550 515 3738 548 n———————_____—___.

1061 681 1210 767 DE
1287 680 1826 769 SCRIPTIS
1922 680 2397 771 NICETJE
2472 683 3175 774 BYZANTINI.

631 870 734 942 (Ex
790 867 990 927 Leonis
1044 870 1226 926 Allatii
1259 867 1506 923 Diatriba
1529 867 1592 920 de
1618 866 1844 932 Nicetis,
1881 883 1967 938 ap.
1997 867 2219 935 Maium,
2253 865 2512 923 Biblioth.
2542 888 2662 927 nov.
2699 871 2845 925 Patr.
2883 882 3016 928 tom.
3051 872 3141 937 VI,
3181 886 3319 943 part.
3349 893 3410 940 ιι,
3441 893 3494 947 ιι.
3533 879 3610 950 8).

559 1189 840 1247 Habelur:
874 1191 1088 1262 Νικήτα
1118 1191 1414 1256 Βυζαντίου
1449 1192 1740 1263 φιλοσόφου
1777 1194 1996 1256 ἐκθεσις
2027 1195 2505 1266 κατασκευαστικῆ
2540 1196 2658 1264 μετ’
2692 1194 3018 1259 ἀποδείξεως
3051 1193 3146 1246 τοῦ
3192 1195 3582 1264 Χριστιανικοῦ
3633 1196 3759 1264 δόγ⁹

482 1306 681 1364 ματος,
731 1291 795 1343 ἐκ
843 1288 1038 1342 κοινῶν
1066 1288 1308 1356 ἐννοιῶν,
1341 1289 1436 1341 καὶ
1471 1289 1818 1359 διαλεκτικῆς
1852 1290 2105 1362 μεθόδου,
2145 1290 2240 1343 καὶ
2269 1289 2515 1359 φυσικῶν
2555 1292 3026 1361 ἐπιχειρημάτων,
3059 1289 3154 1343 καὶ
3176 1289 3595 1360 συλλογιστικῆς
3658 1308 3758 1342 πο-

483 1383 769 1456 λυτεκνίας
801 1384 1185 1456 προαγομένηο
1217 1385 1312 1439 καὶ
1349 1385 1672 1457 ἀντίρρησις
1722 1387 1821 1457 τῆς
1885 1386 2177 1458 σταλείσης
2208 1387 2506 1452 ,ἐπιστολῆς
2537 1388 2600 1439 ἐκ
2624 1387 2734 1440 τῶν
2781 1386 3104 1458 ’Λγαρηνῶν
3141 1386 3279 1455 πρὸς
3337 1386 3559 1457 Μιχαὴλ
3596 1386 3759 1456 βασι-

482 1480 586 1533 Αέα
617 1480 730 1533 υίὺν
773 1476 1053 1547 Θεοφίλου,
1083 1478 1176 1532 ἐπὶ
1195 1477 1413 1549 διαϐολῇ
1438 1479 1540 1550 τῆς
1572 1480 1683 1532 τῶν
1714 1481 2059 1551 Χριστιανῶν

2168 1497 2330 1544 στεως
2363 1498 2377 1511 ·
2411 1479 2614 1536 Nicette
2636 1481 2922 1551 Byzantini
2954 1478 3246 1548 philosophi
3277 1480 3532 1546 expositio
3562 1478 3761 1547 conﬁr—

485 1587 638 1624 mans
673 1587 792 1625 cum
821 1569 1270 1626 demonstratione
1297 1567 1660 1624 Christianum
1694 1570 1888 1641 dogma
1913 1585 1980 1624 ea:
2018 1571 2384 1626 communibus
2415 1573 2736 1636 nationibus,
2763 1583 2809 1626 et
2838 1573 3117 1627 dialectica
3168 1572 3434 1637 methodo,
3460 1579 3508 1624 et
3534 1581 3759 1624 natura-

478 1662 626 1717 libus
659 1663 1006 1732 argumentis,
1035 1671 1083 1714 et
1149 1660 1380 1730 artiﬁcio
1418 1661 1744 1731 syllogistico
1789 1662 2070 1731 producta.
2111 1662 2178 1716 Et
2211 1664 2509 1733 confutatio
2539 1666 2778 1734 epistola:
2807 1665 2870 1718 ab
2905 1664 3163 1729 Aqarenis
3187 1665 3256 1718 ad
3298 1663 3609 1716 Michaelem
3652 1655 3758 1715 inf-

476 1764 819 1822 peratorem,
866 1749 1169 1820 Theophila
1200 1765 1304 1805 non
1346 1749 1764 1823 Theophylacti,
1831 1761 1891 1807 ut
1939 1753 2270 1809 Possevinus
2329 1763 2383 1810 et
2439 1753 2836 1824 Epitomatorcs
2891 1755 3210 1810 Gt-sneriani
3271 1753 3529 1823 vertunt)
3585 1753 3758 1822 ﬁlium

478 1847 681 1909 misste,
722 1861 827 1914 qua
861 1842 1224 1899 Christianam
1263 1843 1415 1900 tidem
1443 1846 1936 1903 calumniabantur.
1975 1847 2037 1904 P.

2168 1849 2460 1922 iaﬂﬁpato'v
2488 1869 2540 1905 τι
2568 1851 2758 1922 χρῆμα
2783 1850 3030 1921 ἀλήθεια,
3060 1850 3158 1905 καὶ
3188 1849 3315 1913 τούς
3343 1867 3406 1919 γε
3456 1849 3580 1902 λίαν
3628 1850 3756 1915 ὀξυ-

475 1957 789 2004 ωπουντας.

553 2031 708 2086 Alius
722 2040 806 2087 est
827 2030 1072 2102 ejusdem
1109 2040 1373 2090 tractatus
1401 2053 1415 2089 :
1451 2035 1818 2107 ’Avslppqatq,
1848 2035 1943 2088 καὶ
1967 2035 2060 2089 ἀνα

2168 2036 2250 2107 ιπὴ
2287 2036 2386 2106 τῆς
2411 2036 2667 2109 δευτέρας
2706 2037 2996 2107 ἐπιστολῆς
3028 2037 3126 2107 τῆς
3152 2033 3440 2102 σταλείσης
3471 2033 3620 2104 παρὰ
3647 2033 3758 2086 τῶν

492 2127 812 2197 Ἀγαρηνῶν
837 2127 972 2199 πρὸς
1000 2127 1220 2198 Μιχαὴλ
1251 2127 1477 2199 βασιλέα
1503 2130 1618 2184 υἱὸν
1660 2129 1948 2198 Θεοφίλου,
1977 2131 2068 2183 ἐπὶ
2094 2131 2316 2203 διαϐολῇ
2367 2135 2466 2203 τῆς
2505 2131 2616 2185 τῶν
2666 2132 3013 2201 Χριστιανῶν
3061 2131 3294 2194 πίστεως
3317 2146 3331 2162 °
3364 2129 3676 2199 Confutatio
3707 2137 3759 2181 et

468 2219 679 2273 eversio
700 2218 941 2273 secunda:
965 2219 1197 2288 epistola:
1225 2220 1290 2273 ab
1309 2219 1563 2289 Agarenis
1588 2222 1658 2274 ad
1679 2221 1729 2274 Μ
1737 2221 1986 2275 ichaclem
2004 2222 2370 2290 imperatorem
2385 2221 2654 2292 Theophili
2674 2223 2846 2293 ﬁlium
2864 2225 3060 2287 missrc,
3088 2240 3190 2292 qua
3218 2222 3373 2286 ﬁdem
3395 2221 3760 2276 Christianam

473 2305 970 2364 calumniabantur.
1021 2306 1133 2363 P.:
1178 2309 1537 2382 Ἐϐουλόμην,
1585 2305 1633 2366 ὧ
1675 2310 1868 2381 φίλος,
1916 2313 2008 2366 τὸν
2042 2330 2060 2365 1

2168 2352 2173 2365 .
2224 2315 2462 2379 πίστεως
2493 2315 2675 2386 ἡμῶν,
2703 2314 2798 2369 τοῦ
2849 2313 3237 2386 Χριστιανικοῦ
3269 2313 3414 2382 λέγω
3459 2313 3758 2383 δόγματοέ,

470 2404 662 2473 λόγον.

554 2495 764 2554 Tertius
793 2507 910 2554 est:
947 2498 1255 2572 Ἀνατροπὴ
1294 2500 1394 2571 τῆς
1434 2499 1586 2570 παρὰ
1612 2496 1705 2552 τοῦ
1745 2495 1986 2568 ’Ἄραϐος
2021 2497 2060 2550 Μ

2169 2496 2268 2566 μεο
2306 2495 2615 2568 γραφείσης
2657 2497 2843 2568 βίϐλου
2899 2501 2958 2552 ἐν
2985 2498 3306 2568 κεφαλαίοις
3367 2498 3414 2551 λ’
3443 2514 3458 2530 ·
3486 2497 3758 2567 Refutatio

466 2578 606 2646 libri
633 2592 700 2648 ab
731 2593 905 2648 Arabe
933 2592 1237 2650 Mohameto
1263 2594 1580 2663 conscripti,
1641 2591 1902 2662 capitibus
1956 2593 2057 2662 tiig

2168 2609 2196 2646 t.
2229 2591 2290 2646 P.
2326 2608 2340 2645 :
2402 2591 2672 2660 Μεγάλων
2695 2593 2790 2645 καὶ
2843 2591 2951 2647 τῶν
2985 2593 3127 2662 ὑπὲρ
3159 2595 3307 2663 ἡμᾶς
3365 2591 3534 2659 ἀξίων
3579 2590 3730 2660 ὕπαρ

470 2684 707 2754 χόντων.
738 2684 848 2741 Hos
887 2694 1154 2742 tractatus
1201 2695 1396 2742 contra
1451 2686 1736 2754 Agarenos
1786 2684 1980 2740 dicunt
2011 2683 2282 2741 asservari
2325 2684 2382 2737 in
2439 2684 2770 2740 bibliotheca
2808 2684 3069 2740 Vaticana
3095 2684 3463 2752 Posscvinus,
3519 2697 3575 2741 et
3625 2687 3758 2760 Ept-

469 2786 780 2834 tomatores
816 2777 915 2846 (a).

547 2868 646 2925 Est
667 2878 930 2939 praetcrea
964 2884 1061 2940 pro
1096 2869 1308 2938 synodo
1338 2869 1773 2926 Clialccdoncnsi
1801 2869 2068 2925 adversus
2107 2867 2395 2936 epistolam
2427 2867 2701 2922 Armeniae
2733 2867 2898 2938 regis,
2930 2883 3039 2938 qua
3102 2868 3192 2922 illc
3219 2868 3424 2922 dictam
3487 2868 3758 2940 synodum

467 2965 749 3021 haereseos
771 2966 1022 3020 incusare
1042 2966 1246 3021 veritus
1276 2980 1384 3020 non
1421 2963 1602 3020 fuerat
1634 2983 1647 3019 :
1683 2964 1900 3034 Νικήτα
1936 2964 2060 3028 Βυζε

2168 2963 2234 3016 ἴου
2276 2963 2571 3033 φιλοσόφου
2600 2963 2697 3017 καὶ
2729 2963 3056 3018 διδασκάλου
3101 2963 3324 3035 ἐλεγχος
3348 2965 3441 3017 καὶ
3477 2965 3758 3035 ἀνατροπὴ

464 3058 576 3128 τῆς
602 3058 890 3128 σταλείσης
945 3059 1237 3129 ἐπιστολῆς
1259 3060 1324 3112 ἐκ
1343 3056 1437 3112 τοῦ
1477 3058 1737 3128 ἄρχοντος
1789 3056 1891 3127 τῆς
1932 3055 2257 3125 Ἀρμενίας,
2311 3056 2405 3108 ἐπὶ
2453 3055 2674 3126 διαϐολῇ
2699 3056 2800 3125 τῆς
2852 3056 3134 3127 ὀρθοδόξου
3163 3057 3322 3126 ἡμῶν
3365 3057 3619 3122 πίστεως,
3663 3057 3760 3110 καὶ
3832 3083 3839 3091 ·

468 3154 575 3222 τῆς
610 3152 770 3222 ἁγίας
800 3153 894 3206 καὶ
923 3153 1308 3223 οίκουμενικῆς
1338 3151 1608 3224 τετάρτης
1647 3150 1892 3215 συνόδου,
1925 3151 1984 3216 ἐξ
2027 3151 2335 3221 ἐπιτροπῆς
2384 3151 2478 3204 τοῦ
2531 3151 2882 3222 φιλοχρίστου
2925 3152 3019 3207 καὶ
3049 3152 3444 3207 εὐσεϐεστάτου
3494 3153 3759 3222 βασιλέως

476 3241 656 3313 ἡμῶν.
695 3243 944 3314 Ἐγράφη
972 3243 1029 3297 δὲ
1053 3245 1188 3314 πρὸς
1214 3243 1304 3297 τὸν
1320 3243 1557 3314 ἄρχοντα
1581 3244 1645 3296 ἐκ
1672 3241 1965 3313 προσώπου
1984 3241 2060 3295 τοῐ

2168 3243 2471 3314 ιτριάρχουο
2499 3242 2548 3296 Ν
2558 3245 2707 3298 icette
2724 3243 3014 3314 Byzantini
3033 3243 3331 3312 philosophi
3354 3252 3402 3296 et
3423 3242 3656 3296 doctoris
3672 3257 3759 3294 re-

475 3334 673 3404 futatio
697 3334 938 3404 epistola:
970 3339 1034 3387 ab
1071 3335 1338 3388 Armenia:
1370 3334 1605 3404 principe
1635 3333 1833 3399 missw,
1870 3349 1971 3402 qua
1998 3333 2253 3386 invidiose
2275 3333 2432 3403 fidem
2451 3344 2687 3388 nostram
2709 3335 3078 3398 orthodoxam,
3099 3344 3146 3388 et
3174 3343 3415 3388 sanctam
3443 3345 3595 3404 atque
3615 3350 3760 3389 tecu-

470 3429 730 3482 menicam
759 3435 1011 3498 quartam
1049 3427 1310 3498 synodum
1345 3427 1686 3492 criminatur,
1731 3426 1891 3494 jussu
1948 3425 2152 3480 Christi
2205 3427 2442 3479 amantis
2475 3435 2523 3479 et
2563 3427 2790 3496 piissimi
2836 3428 3006 3480 nostri
3039 3428 3399 3496 imperatoris.
3439 3425 3654 3496 Scripta
3682 3439 3759 3483 est

466 3528 545 3579 ad
577 3523 886 3590 principem,
918 3531 968 3576 et
1017 3521 1380 3591 patriarcham
1408 3520 1608 3574 inducit
1645 3519 1962 3588 loquentem.
1993 3518 2290 3586 Epistolam
2345 3519 2484 3571 ltauc
2536 3517 2916 3574 doctissimam
2955 3529 3068 3572 tum
3113 3528 3564 3588 argumentorum
3602 3519 3760 3589 copia

464 3625 528 3669 et
558 3615 635 3676 vi,
664 3622 780 3667 tum
832 3611 1235 3666 sententiarum
1268 3611 1557 3682 gravitate,
1593 3619 1648 3664 et
1688 3616 2009 3665 sanctorum
2040 3609 2268 3664 Patrum
2309 3609 2735 3665 auctoritatibus
2777 3609 3219 3673 refertissimam,
3260 3620 3312 3665 et
3351 3625 3479 3665 vere
3511 3625 3756 3670 auream,

468 3726 588 3766 non
624 3723 820 3780 passus
854 3709 995 3762 inter
1033 3722 1167 3762 mea:
1197 3706 1474 3762 litterariae
1532 3705 1886 3776 supellectilis
1913 3707 2149 3759 latebras
2199 3705 2406 3759 diutius
2434 3704 2741 3768 immorari,
2769 3704 3065 3758 Latinitate
3105 3706 3386 3771 donatam,
3423 3705 3510 3760 edl
3567 3706 3760 3760 curavi

465 3807 531 3860 in
561 3803 744 3873 primo
769 3809 919 3856 tonio
948 3799 1278 3869 scriptorum
1307 3797 1533 3853 Grazcia:
1568 3797 1878 3852 orthodoxa:
1913 3797 2002 3852 hic
2054 3795 2240 3851 Roma:
2279 3796 2421 3868 typis
2456 3811 2631 3853 sacrae
2664 3797 3116 3868 Congregationis
3149 3797 3218 3854 de
3277 3797 3383 3852 ﬁde
3413 3798 3760 3868 propaganda

466 3914 624 3957 anno
654 3897 812 3964 1652,
841 3897 894 3951 in
916 3897 974 3961 4,
1004 3895 1194 3950 Graece
1213 3905 1268 3950 et
1293 3893 1508 3950 Latine.

549 3995 808 4064 Ejusdem
842 3992 1008 4048 etiam
1040 4001 1170 4047 sunt
1205 4010 1219 4047 :
1274 3991 1686 4062 Προλεγόμενα,
1733 3993 1829 4045 καὶ
1860 3991 2060 4062 ἐξήγηα

2168 3989 2260 4044 ιῶν
2293 3989 2453 4044 πέντε
2483 3989 2676 4060 φωνῶν
2700 4006 2714 4020 ·
2744 3988 3126 4060 Prolegomena
3155 4001 3204 4046 et
3231 3989 3500 4060 expositio
3527 3991 3759 4064 quinque

464 4105 682 4143 vocum.
715 4087 774 4143 P.
803 4107 819 4146 :
854 4088 1157 4153 Μέλλοντες
1188 4089 1284 4142 σὺν
1315 4089 1435 4160 Θεῷ
1461 4089 1748 4160 ἄρχεσθαι.
1785 4089 1842 4142 1η
1874 4089 2060 4144 bibliol

2172 4088 2218 4143 is
2248 4087 2469 4142 Italicis.

553 4270 643 4350 (a)_
669 4269 855 4326 Mirari
881 4265 1026 4350 licet,
1060 4285 1318 4350 magnum
1372 4270 1653 4337 Allatium,
1692 4271 1842 4350 loqui
1901 4283 2057 4350 nunc
2087 4275 2132 4333 Α
2159 4267 2363 4350 Ιξίίσοιω
2388 4268 2753 4350 Aquileiensis
2792 4268 3059 4350 episcopi,
3085 4283 3264 4339 neque
3290 4269 3564 4350 nobilium
3605 4271 3758 4350 ejus-

467 4355 545 4395 εκ
577 4344 751 4412 aliena
787 4346 968 4412 potius
1016 4340 1232 4412 notitia,
1275 4357 1440 4412 quam
1485 4356 1552 4394 ex
1613 4340 2055 4412 pro-priaLAtqui

466 4414 648 4466 codex
685 4410 978 4467 Vaticanus
1007 4411 1181 4465 DCLX
1196 4410 1336 4477 XXI,
1361 4412 1452 4482 qui
1486 4412 1575 4466 illa
1611 4410 1814 4475 Nicetae
1842 4410 2056 4481 Byzan—

469 4482 578 4536 tini
609 4482 873 4537 adversus
913 4483 1282 4536 Moltanietum
1323 4485 1714 4552 Agarenosque
1736 4496 1900 4552 opera
1927 4495 2060 4552 con-

467 4553 640 4618 tinet,
669 4553 883 4620 jamdiu
931 4554 1179 4608 exstabat
1199 4563 1325 4608 ante
1355 4551 1611 4605 Altatintn
1642 4554 1695 4606 in
1733 4551 2060 4620 biblimheca

469 4618 766 4690 Vaticana,
791 4633 850 4677 ut.
871 4639 969 4677 nos
994 4623 1232 4677 diximus
1250 4625 1302 4676 in
1335 4623 1435 4676 hac
1452 4638 1586 4676 nova
1609 4621 1829 4675 Patrum
1848 4621 1954 4674 bibl
1975 4618 2059 4674 .T.

470 4689 568 4764 iV,
595 4703 732 4762 part.
765 4710 804 4756 ι,
823 4693 1014 4764 ρ.5Ξ.Ι,
1039 4694 1128 4764 ubi
1150 4703 1329 4748 tamen
1356 4701 1541 4764 nostra
1559 4693 1740 4764 aliqua
1762 4693 2064 4764 secundum

470 4759 624 4817 lianc
641 4759 1280 4818 Allatii'dissertationem
1301 4759 1938 4817 relormanda'videntur.
1963 4759 2066 4816 Ne-

467 4836 764 4904 queenim
792 4835 878 4888 hic
907 4834 1233 4904 Byzantinus
1256 4834 1470 4904 Nicetes
1493 4833 1634 4904 idem
1653 4845 1738 4886 est
1765 4846 1828 4886 ac
1847 4830 2064 4904 Nicetas

474 4901 650 4974 David
675 4905 855 4974 ;quod
878 4901 1000 4957 cuin
1020 4905 1074 4957 in
1105 4905 1256 4960 calce
1276 4905 1407 4958 tomi
1437 4903 1454 4956 l
1501 4901 1720 4956 Crwcia:
1757 4903 2063 4974 orthodox-az

468 4971 810 5029 aliinnasset
837 4974 1090 5038 Allatius,
1131 4989 1341 5043 nosque
1365 4988 1488 5028 cum
1543 4974 1737 5028 sectati
1771 4971 2058 5036 fuerimus,

469 5058 631 5097 nunc
660 5045 798 5098 idem
837 5045 996 5100 aliter
1037 5046 1224 5108 sentit,
1250 5047 1410 5112 eique
1435 5059 1538 5098 nos
1561 5044 1664 5112 ipsi
1695 5043 2061 5112 obsequenter

470 5128 677 5168 rursus
744 5116 1142 5169 consentimus.
1173 5143 1244 5152 —
1283 5111 1427 5168 Idem
1499 5111 1730 5168 Allatius
1761 5111 2060 5183 ignoravit

467 5183 729 5254 codicem
784 5185 1037 5239 Latinum
1078 5183 1351 5248 CCCXIV,
1386 5183 1480 5253 qui
1526 5186 1731 5254 pariter
1757 5182 1827 5235 in’
1858 5182 2058 5236 biblio—

470 5261 644 5310 theca
686 5251 945 5310 Vaticana
1006 5255 1215 5326 jamdiu
1261 5251 1562 5320 exstabat}
1620 5255 1851 5322 ideoque
1884 5266 2059 5323 neque

819 5874 1098 5940 Punct.
1131 5875 1250 5936 Gn.
1286 5873 1410 5938 CV.

2164 4341 2284 4394 dem
2335 4341 2669 4407 scriptorum
2719 4341 2989 4404 meminit,
3042 4355 3164 4409 quae
3205 4355 3328 4402 nos.
3385 4342 3492 4395 Deo
3551 4341 3756 4396 laberi-

2165 4410 2271 4464 bus
2303 4409 2530 4480 nostris
2560 4410 2994 4480 lavente,_illinc
3033 4409 3498 4480 deprompsimus,
3542 4413 3756 4467 scilicet

2166 4481 2231 4533 de
2261 4482 2469 4534 ratione
2496 4479 2643 4547 ﬁdei,
2696 4480 2758 4548 de
2795 4477 3031 4548 Spiritus
3071 4477 3243 4533 sancti
3267 4477 3545 4548 potentia,
3593 4492 3644 4535 et
3690 4484 3758 4536 de

2168 4551 2388 4605 diversis
2432 4549 2646 4620 Christo
2690 4547 2916 4602 Domino
2961 4547 3384 4620 convenientibus
3439 4551 3756 4620 appellatio-

2173 4621 2348 4675 nibus.
2377 4619 2707 4688 —-Denique
2743 4619 2976 4674 Allatins
3007 4620 3210 4674 nullam
3242 4619 3370 4674 facit
3416 4619 3752 4676 mentionem

2173 4690 2376 4745 Nicetze
2428 4690 2669 4760 epiSCOpi
2693 4687 2956 4760 Naupacti
2987 4729 3002 4753 ,
3040 4706 3215 4760 quem
3253 4691 3458 4757 pariter
3527 4693 3754 4746 omnino

2172 4761 2392 4830 ignorat
2433 4757 2734 4830 Lequinius
2764 4757 2959 4830 inOr.
2990 4757 3073 4813 ch;
3105 4759 3168 4813 Τ.
3205 4759 3269 4824 ll,
3305 4761 3410 4814 col.
3449 4761 3550 4815 198
3585 4776 3702 4830 seq.
3734 4801 3752 4824 ,

2175 4829 2268 4886 ubi
2317 4829 2708 4900 scribit’jllius
2773 4829 2924 4884 urbis
2968 4830 3274 4900 episcOpos.
3325 4832 3489 4899 Atqui
3537 4829 3753 4900 ego’in
3829 4889 3838 4897 _

2173 4901 2505 4956 bibliotheca
2548 4898 2813 4955 Vaticana
2846 4899 3101 4952 manibus
3151 4898 3259 4953 non
3307 4898 3478 4954 semel
3533 4898 3755 4956 ctintre-

2169 4971 2311 5026 ctavi
2339 4985 2442 5025 ms.
2487 4971 2554 5025 ad
2588 4978 2826 5040 quatuor
2855 4967 3144 5040 Evangelia
3187 4979 3236 5023 et
3265 4969 3331 5040 ad
3377 4970 3750 5040 apostolorum

2166 5042 2337 5097 Actus
2374 5037 2659 5109 copiosum
2687 5038 2938 5094 Grazcum
2972 5038 3174 5093 Nicetae
3202 5038 3445 5108 episcopi
3485 5037 3753 5108 Naupacti

2165 5112 2644 5176 commentarium,
2675 5111 2822 5177 quod
2847 5109 3126 5177 egregium
3151 5123 3288 5178 Opus
3308 5118 3566 5164 accurate
3599 5121 3754 5178 post-

2165 5197 2230 5237 ea
2289 5181 2634 5244 describam,
2691 5179 2924 5248 ejusque
2973 5178 3206 5246 aliquem
3263 5179 3458 5233 saltem
3510 5178 3751 5235 fructum

2167 5265 2291 5308 cum
2321 5249 2566 5306 Ecclesia
2587 5249 2801 5320 publice
2826 5249 3268 5305 communicabo.
3291 5250 3358 5304 A.
3391 5249 3463 5303 Μ.

3315 5865 3390 5935 l9
