4064 6448
1377 723 1646 837 ΝΙΚ
1663 718 1973 830 ΗΤΑ

1255 938 1868 1029 ΕΛΕΓΧΟΣ
1995 938 2217 1021 ΚΑΙ

986 1127 1124 1181 ΤΗΣ
1174 1127 1553 1180 ΣΤΛΛΕΙΣΗΣ
1597 1120 1984 1176 ΕΠΙΣΤΟΛΙΙΣ
2046 1119 2139 1172 ΕΚ
2197 1118 2334 1170 ΤΟΥ
2369 1118 2739 1170 ΛΡΧΟΝΤΟΣ

1721 413 1732 434 ε
1790 401 2080 460 ΝΙΕΕΤ.Ε
2122 397 2516 458 ΒΥΖᾹΧΤῘΝΙ
3679 400 3764 462 .538

2103 709 2951 826 ΒΥΖΑΝΤΙΟΥ

2364 937 3084 1022 ΑΝΑΤΡΟΠΗ

2805 1118 2942 1170 ΤΗΣ
2987 1117 3132 1169 ΛΡΜ
3145 1112 3352 1168 ΕΝΙΑΣ

1342 1241 1453 1294 ΕΠΙ
1515 1239 1809 1309 ΔΙΑΒΟΛῌ
1842 1235 1980 1288 ΤΗΣ
2029 1233 2426 1287 ΟΡΘΟΔΟΞΟΥ
2457 1233 2654 1286 ΗΜΩΝ
2692 1233 2981 1287 ΠΙΣΤΕΩΣ

1156 1357 1272 1410 ΚΑΙ
1300 1357 1435 1410 ΤΗΣ
1465 1356 1667 1409 ΑΓΙΑΣ
1700 1355 1819 1409 ΚΑΙ
1872 1351 2408 1407 ΟΙΚΟΥΜΕΝΙΚΗΣ
2434 1350 2797 1404 ΤΕΤΔΡΤΗΣ
2831 1349 3173 1408 ΣΥΝΟΔΟΥ.

1919 1494 2002 1546 ΕΞ
2036 1493 2401 1543 ΕΠΙΤΡΟΠΗΣ

1258 1612 1384 1658 ΤΟΥ
1407 1608 1841 1658 ΦΙΛΟΧΡΙΣΤΟΥ
1866 1607 1974 1655 ΚΑΙ
2025 1606 2508 1655 ΕΥΣΕΒΕΣΤΑΤΟΥ
2534 1601 2838 1652 ΒΑΣΙΛΕΩΣ
2865 1602 3062 1650 HMQN.

1053 1740 1321 1811 Ἐγριίφη
1377 1739 1446 1792 δὲ
1489 1738 1644 1808 πρὸς
1690 1737 1798 1792 τὸν
1849 1736 2111 1806 ἄρχοντα
2173 1736 2240 1788 ἐκ
2311 1735 2640 1803 προσώπου
2707 1733 2814 1788 τοῦ
2876 1731 3278 1802 πατριάρχου.

1491 2062 1707 2170 NlC
1737 2065 2021 2166 ΕΤᾹΞ
2136 2061 2842 2169 BYZANTINI

1695 2273 2129 2336 REFUTATIO
2162 2273 2258 2333 ΕΤ
2298 2275 2626 2336 EVERSIO

1028 2442 1556 2524 EPISTOLAB
1639 2445 1764 2518 AB
1855 2439 2344 2525 ABMENIE
2404 2443 2889 2526 PBINCIPE
2963 2446 3296 2528 MISSE

1397 2642 1536 2698 QUE
1578 2645 1902 2690 INVIDIOSE
1954 2647 2143 2692 FIDEM
2170 2649 2462 2694 NOSTRAM
2491 2648 2927 2694 ORTHODOXAH

1142 2764 1222 2810 ET
1247 2766 1529 2813 SANCTAM
1556 2768 1634 2812 ET
1678 2769 2098 2814 (ECUMENICAM
2129 2772 2427 2824 QUARTAM
2459 2773 2759 2818 SYNODUM
2795 2773 3181 2820 CRIMINATUR

2068 2897 2094 2940 J
2101 2898 2258 2943 USSU

1316 3019 1567 3064 CHRISTI
1615 3021 1891 3065 AMANTIS
1919 3021 1996 3065 ΕΤ
2023 3019 2269 3064 PIISSIMI
2301 3021 2526 3066 NOSTRI
2553 3023 2992 3069 IMPERATORIS.

1225 3161 1439 3235 Scripta
1475 3175 1552 3220 est
1587 3165 1658 3219 ad
1687 3164 2002 3234 principem,
2037 3175 2088 3218 et
2129 3166 2500 3234 patriarcham
2524 3167 2730 3222 inducit
2761 3177 3086 3238 coquentem.

1417 3299 1511 3362 (Ex
1548 3299 1736 3349 Leonis
1758 3301 1955 3350 Αιιιτιι
1985 3299 2178 3352 ercia
2217 3301 2492 3353 orthodoxa
2527 3309 2562 3352 t.
2590 3302 2630 3365 Ι,
2651 3317 2700 3367 p.
2723 3303 2856 3367 663.)

591 3597 645 3654 Ι.
671 3594 811 3653 Cum
844 3594 936 3651 Dei
984 3595 1348 3661 humanitate,
1385 3606 1442 3652 et
1469 3597 1667 3652 divinis
1697 3597 1922 3670 judiciis
1947 3638 1961 3663 ,
1985 3614 2112 3654 nec-
2140 3606 2184 3666 Α

2285 3606 2355 3654 α’.
2379 3597 2515 3653 Θεοῦ
2544 3593 2949 3670 φιλανθρωπίᾳ,
2982 3599 3076 3656 καὶ
3094 3600 3261 3666 θείοις
3294 3603 3559 3674 κρίμασι,
3592 3605 3678 3660 καὶ
3702 3604 3775 3658 εὓ-

524 3707 637 3747 non
688 3688 1068 3762 piissimorum
1122 3695 1288 3758 atque
1326 3686 1760 3743 orthodoxorum
1788 3697 2098 3744 nostrorum

518 3784 911 3854 imperatorum
951 3780 1287 3850 benignitate
1355 3795 1670 3852 supremam
1747 3780 2100 3851 pontiﬁcatus

515 3877 700 3932 sedem
749 3874 950 3944 reginae
991 3873 1209 3928 urbium
1258 3873 1564 3943 gubernare
1588 3874 1753 3928 inme
1776 3873 2095 3944 receperim,

513 3969 664 4024 omni
692 3967 875 4023 studio
915 3966 1193 4038 animique
1219 3966 1502 4024 alacritate
1535 3966 1768 4021 rationis
1787 3976 2097 4036 compotem

513 4075 732 4132 gregem
764 4057 968 4114 Christi
995 4058 1193 4123 nostri,
1229 4057 1374 4112 inter
1429 4067 1684 4126 pastores
1712 4055 1992 4126 primarii,
2019 4054 2097 4108 uti

511 4152 598 4207 fas
631 4160 734 4215 est,
771 4164 958 4220 regere
993 4148 1338 4221 dirigereque
1388 4149 1627 4212 adnitor,
1655 4156 1710 4203 et
1735 4159 1795 4202 ut
1820 4149 1966 4203 vires
1995 4147 2099 4201 mi-

513 4244 768 4310 nistrant,
793 4252 849 4299 et
874 4242 1051 4298 oratio
1083 4241 1138 4298 in
1172 4243 1288 4296 oris
1313 4245 1595 4312 apertione
1619 4241 1689 4296 ab
1714 4241 2097 4296 universorum

515 4335 748 4390 Domino
765 4335 1092 4404 suggeritur,
1113 4333 1316 4388 divinis
1351 4347 1723 4403 saepenumero
1751 4333 2100 4404 dogmatibus

515 4427 786 4484 instruere
809 4427 1190 4488 contendo,nc
1206 4425 1545 4482 zizaniorum
1578 4424 1745 4480 satori
1775 4423 2012 4480 daemoni
2044 4426 2100 4479 in

515 4519 731 4575 sincero
767 4524 832 4572 ac
847 4518 1142 4587 purissimo
1159 4517 1455 4582 frumento,
1475 4531 1602 4571 vera
1622 4516 2103 4586 scilicetrectaque

515 4610 621 4665 ﬁde
650 4618 701 4664 et
724 4603 998 4674 doctrina,
1027 4623 1372 4678 superquam
1392 4608 1547 4663 ﬁrma
1591 4607 2103 4678 atqueinconcussa

515 4698 785 4757 catholica
806 4706 860 4754 et
886 4697 1184 4770 apostolica
1204 4697 1447 4755 Ecclesia
1467 4697 1695 4754 fundata
1713 4707 1816 4764 est,
1843 4699 2102 4762 zizanias,

515 4791 802 4848 haeretica;
825 4805 1022 4861 nempe
1039 4791 1324 4861 opiniones
1357 4791 1774 4858 disseminandi,
1797 4806 2107 4860 noxamque

512 4882 701 4939 divino
713 4883 859 4956 gregi
879 4881 1161 4947 aﬂ'erendi,
1178 4883 1332 4936 locus
1355 4884 1447 4938 sit.
1465 4881 1582 4954 Qua
1591 4892 1810 4953 propter
1828 4883 1954 4938 licet
1973 4898 2106 4938 non.

2205 3690 2394 3761 μενείᾳ
2421 3689 2529 3743 τῶν
2557 3689 2908 3745 πανευσεϐῶν
2941 3691 3036 3746 καὶ
3085 3690 3395 3762 ὀρθοδόξων
3459 3695 3614 3764 ήμῶν
3645 3694 3771 3764 βασις

2200 3781 2361 3844 λέων,
2389 3783 2481 3837 τὸν
2500 3782 2888 3854 ἀρχιερατικδν
2926 3781 3137 3853 βαθμὸν
3166 3784 3267 3854 τῆς
3285 3784 3573 3854 βασιλίδος
3599 3787 3772 3846 πόλεως

2201 3873 2581 3944 πηδαλιουχεῖν
2607 3872 3054 3944 ἀναδεδεγμένος,
3087 3874 3240 3946 πάσῃ
3269 3879 3488 3950 σπουδῇ
3530 3881 3624 3934 καὶ
3665 3894 3772 3946 προ·

2202 3963 2372 4036 θυμία
2391 3965 2451 4018 τὸ
2495 3964 2714 4033 λογικὸν
2761 3964 3018 4034 ποίμνιον
3045 3966 3140 4021 τοῦ
3189 3968 3596 4040 ἀρχιποίμενος
3643 3967 3771 4039 ἡμῶν

2201 4053 2438 4125 Χριστοῦ
2470 4054 2710 4125 ἐννόμως
2763 4055 2971 4109 διέπειν
3023 4057 3117 4110 καὶ
3169 4057 3438 4114 διιθύνειν
3468 4062 3766 4128 ἐπείγομαι·

2201 4148 2318 4210 καὶ,
2348 4146 2425 4210 ὼς
2449 4148 2482 4217 ἡ
2507 4147 2734 4217 δύναμις
2769 4149 3021 4220 ἐγχωρεῖ,
3059 4150 3153 4203 καὶ
3181 4150 3338 4218 λόγος
3383 4154 3443 4204 ὲν
3476 4153 3666 4216 ἀνοίξει
3697 4149 3766 4201 τοῦ

2204 4239 2472 4308 στόματος
2519 4239 2671 4309 παρὰ
2697 4239 2790 4293 τοῦ
2819 4239 2929 4294 τῶν
2950 4240 3088 4294 ὅλων
3113 4245 3466 4314 χορηγεῖται,
3515 4246 3606 4298 καὶ
3636 4243 3768 4300 θείοις

2200 4333 2435 4401 δῦγμασι
2459 4331 2811 4400 καταρτίζειν
2837 4331 3056 4395 πυκνῶς
3085 4333 3246 4387 τοῦτο
3270 4336 3608 4399 ἐσπούδακα,
3629 4336 3694 4397 ὡς
3719 4333 3770 4384 ἄν

2201 4422 2385 4493 χώραν
2419 4422 2493 4492 μὴ
2516 4421 2656 4492 λάϐῃ
2683 4423 2711 4474 ὁ
2731 4421 2842 4474 τῶν
2872 4423 3132 4488 ζιζανίων
3158 4427 3402 4496 σπορεὺς
3422 4426 3676 4488 διὰδολος,
3694 4425 3766 4475 καὶ

2202 4515 2281 4583 τῷ
2315 4513 2487 4584 ἀδόλῳ
2519 4514 2618 4568 καὶ
2678 4513 3056 4585 καθαρωτάτῳ
3090 4514 3243 4585 σίτῳ,
3281 4518 3536 4571 τουτέστι
3562 4521 3625 4588 τῇ
3665 4514 3768 4568 εἰλι-

2204 4609 2383 4676 κρινεῖ
2414 4606 2509 4660 καὶ
2535 4606 2671 4679 ὀρθῇ
2713 4606 2896 4659 πίστει
2923 4605 3018 4659 καὶ
3049 4605 3398 4678 διδασκαλίᾳ,
3437 4610 3496 4662 ὲν
3603 4605 3766 4676 βεϐαία

2206 4699 2302 4751 καὶ
2326 4698 2674 4768 ἀσάλευτοςὴ
2706 4697 2971 4767 καθολικὴ
2999 4699 3095 4752 καὶ
3123 4699 3464 4770 ἁποστολικὴ
3501 4697 3765 4765 Ἐκκλησά

2205 4791 2425 4861 ἕστηκε.
2463 4791 2700 4856 ζιζάνια,
2735 4791 2901 4861 ἧγουν
2928 4791 3211 4860 αἱρετικάς
3236 4808 3393 4855 τινας
3437 4791 3635 4853 ἑννοίας
3660 4791 3762 4840 ἑπι-

2211 4883 2430 4956 σπείρῃ,
2459 4884 2553 4937 καί
2573 4901 2725 4947 τινας
2750 4881 2846 4937 τοῦ
2870 4882 3015 4936 θείου
3038 4883 3292 4954 ποιμνίου
3319 4883 3759 4954 καταλυμήνητιιι.

513 4960 648 5026 ιιίιιιί
666 4970 846 5026 aulam
863 4968 1081 5026 Domini
1115 4970 1380 5041 ingressi,
1415 4979 1844 5040 nostrorumque
1867 4986 2102 5027 arcano-
2135 4977 2175 5032 Β
2203 5020 2204 5024 η

2204 4975 2303 5028 Διά
2325 4991 2408 5029 τοι
2437 4974 2620 5037 τοῦτο,
2666 4975 2717 5028 εἰ
2747 4975 2840 5028 καί
2869 4991 3012 5037 τινες
3046 4973 3148 5044 τῆς
3179 4975 3352 5044 αὐλῆς
3397 4975 3600 5046 Κυρίου
3636 4968 3761 5028 ἐντὸς

509 5077 635 5122 rum
667 5061 958 5133 participes
977 5060 1131 5126 facti,
1167 5071 1356 5132 postea
1393 5062 1462 5116 ab
1489 5061 1768 5131 aliquibus
1791 5062 2099 5118 temerariis

512 5152 832 5209 hominibus
885 5153 1115 5219 seducti,
1147 5153 1263 5208 sive
1312 5168 1380 5207 ex
1406 5153 1750 5224 ignorantia,
1793 5152 1908 5207 sive
1957 5152 2098 5207 avita

511 5243 829 5302 morosltate
852 5245 1255 5316 oppressi,non
1292 5247 1365 5302 ita
1401 5253 1549 5301 recte
1569 5245 1902 5316 exquisitam
1957 5247 2098 5300 veri-

511 5339 637 5396 tatis
665 5338 956 5406 rationem,
981 5354 1285 5410 puramque
1299 5339 1737 5395 Christianorum
1770 5339 2098 5394 sententiam

511 5432 835 5502 proﬁtentur
853 5475 868 5501 ,
905 5434 1006 5490 bos
1031 5449 1178 5490 nunc
1199 5433 1423 5504 quidem
1455 5443 1718 5489 consueta
1755 5433 1867 5487 oris
1892 5433 2100 5487 allocu-

513 5523 659 5580 tione
673 5527 968 5598 corrigere,
985 5535 1042 5582 et
1063 5525 1119 5581 in
1138 5525 1386 5583 veritatis
1425 5526 1669 5596 rectique
1691 5524 1963 5595 dogmatis
1977 5540 2107 5579 nor-

511 5629 602 5670 ma
615 5617 962 5673 constabilire
980 5617 1374 5684 incumbimus,
1397 5631 1545 5672 nunc
1563 5632 1694 5673 vero
1725 5631 1840 5679 eos,
1865 5631 2004 5687 quos
2037 5616 2106 5669 ob

512 5705 735 5777 longum
764 5708 1009 5766 locorum
1040 5710 1387 5766 intervallum
1420 5718 1718 5781 praesentes
1748 5709 1952 5780 alloqui
1987 5724 2096 5764 non

2203 5068 2506 5135 γενόμενοι,
2534 5069 2628 5120 καὶ
2667 5066 2760 5119 τοῦ
2805 5067 2928 5120 καθ’
2961 5069 3111 5136 ἡμᾶς
3155 5065 3462 5137 μυστηρίου
3505 5061 3761 5135 μετασχεῖν

2206 5155 2654 5221 καταξανθέντες,
2689 5149 2810 5209 εἶτα
2839 5156 2944 5208 ὑπὸ
2964 5172 3128 5210 τινων
3149 5156 3375 5209 είκαίων
3398 5154 3602 5226 ἀνδρῶν
3622 5165 3759 5203 κατα-

2210 5246 2537 5316 συρέντες,ῆ
2569 5250 2663 5299 καὶ
2703 5245 2762 5311 ἐξ
2816 5245 3170 5317 ἀμαθείας,ἢ
3211 5246 3306 5304 καὶ
3354 5249 3418 5302 ὲκ
3463 5238 3757 5317 προγονικῆς

2205 5337 2533 5407 δυστροπίας
2583 5339 3009 5408 κεκρατημένοι,
3049 5342 3142 5393 καὶ
3181 5341 3257 5410 μὴ
3308 5340 3431 5394 λίαν
3483 5337 3648 5409 ὀρθῶς
3684 5330 3755 5381 τὸν

2207 5429 2411 5499 ἀκριϐῆ
2439 5428 2596 5496 λόγον
2645 5432 2746 5500 τῆς
2795 5430 3052 5501 ἀληθείας
3083 5431 3179 5484 καὶ
3231 5432 3478 5501 καθαρᾶς
3504 5428 3649 5493 δόξης
3669 5420 3754 5474 τῶν

2209 5521 2549 5590 Χριστιανῶν
2607 5523 3007 5594 πρεσϐεύοντες
3058 5524 3404 5592 τυγχάνοιεν,
3460 5510 3750 5577 τούτουςπῆ

2210 5613 2308 5681 μὲν
2329 5617 2395 5684 τῇ
2418 5614 2582 5682 ίκατὰ
2615 5617 2789 5686 στόμα
2834 5616 3021 5686 ὁμιλίᾳ
3073 5615 3433 5686 ἐπανορθοῦν,
3468 5613 3554 5665 καὶ
3599 5604 3752 5660 ἐπιϐε-

2201 5706 2389 5761 ϐαιοῦν
2425 5710 2504 5772 εἰς
2533 5708 2626 5762 τὸν
2668 5710 2766 5779 τῆς
2812 5709 3073 5777 ἀληθείας
3097 5709 3192 5762 καὶ
3218 5708 3311 5761 τοῦ
3340 5705 3496 5779 ὀρθοῦ
3519 5703 3747 5770 δόγματα

511 5811 806 5868 possumus
828 5804 857 5870 ,ξ
881 5815 981 5873 per
1010 5802 1270 5876 epistolas
1309 5801 1638 5860 conﬁrmare
1683 5799 1999 5868 studemus,
2043 5809 2093 5856 et
2198 5800 2204 5852 1

2204 5800 2357 5869 λόγον
2378 5802 2832 5874 προθυμούμεθα·
2873 5803 2950 5874 πῆ
2974 5803 3020 5857 δ’
3058 5797 3140 5866 οἷς
3175 5802 3317 5857 κατὰ
3352 5801 3624 5871 πρόσωπον
3648 5789 3746 5856 ὁμιο
