4064 6446
346 423 455 487 589

1206 419 1642 481 REFUTATIO
1684 417 2070 478 EPISTOL‘E
2114 416 2349 476 REGIS
2384 417 2774 476 ARMENI/li.

3510 421 3614 483 50

344 534 476 600 λε’ἰν,
513 532 590 598 ὡς
622 531 810 602 πόρῤω
837 548 937 584 που
966 531 1277 596 διεστῶτες,
1316 532 1772 604 ἐξαδυνατουμεν,
1802 535 1927 586 τού-

2045 540 2093 585 ut
2125 530 2295 585 verbo
2338 530 2601 585 extricetn
2634 530 2893 584 universo
2925 531 3127 599 populo
3160 541 3406 605 accepto,
3440 545 3497 590 et
3528 552 3614 591 rc-

343 643 468 689 τους
490 626 580 680 διὰ
611 624 956 695 γραμμάτων
994 625 1373 695 ἐπιστηρίζειν
1397 625 1774 696 σπουδάζομεν
1793 641 1805 656 ο
1832 628 1925 680 καὶ

341 718 529 783 ἁπλῶς
552 719 750 783 εἰπεῖν,
785 718 962 772 πάντα
986 716 1076 772 τὸν
1106 717 1420 788 περιούσιον
1442 718 1591 785 λαὸν,
1621 720 1715 772 καὶΙ
1736 719 1799 772 τὸ
1830 718 1925 787 βαο

346 811 542 863 σίλειον
566 809 863 881 ἱεράτευμα
886 810 1234 880 χρηματίσαν
1256 809 1488 880 Κυρίου,
1520 812 1613 863 καὶ
1637 810 1927 880 δεομένους

339 903 611 971 ὠφελείας
648 904 745 973 τῆς
793 901 1126 973 κρείττονος.
1161 902 1237 966 ῶς
1267 898 1380 956 οἷόν
1421 920 1507 967 τε,
1537 903 1752 973 ὁδηγεῖν
1781 905 1927 973 ἡμᾶς

338 995 676 1063 ἐπάναγκες.
732 994 896 1047 Τουτὶ
950 996 1061 1064 γὰρ
1100 995 1259 1064 χρέος
1310 995 1704 1065 ἀφωσιωμένον
1737 996 1927 1065 ἀρχιεα

344 1083 532 1154 ρεῦσιν
560 1082 648 1136 ἀεὶ
671 1083 999 1154 καθέστηκε.
1030 1083 1216 1157 Ταύτῃ
1243 1100 1328 1137 τοι
1356 1083 1594 1138 διαθέσει
1624 1084 1804 1155 ψυχῆς
1833 1086 1929 1139 καὶ

344 1174 482 1243 πρὸς
519 1173 621 1246 τὴν
651 1172 905 1230 εύκλειαν
950 1175 1048 1228 τοῦ
1105 1174 1488 1245 πεποθημὲνου
1521 1175 1677 1245 ήμῶν
1708 1175 1929 1239 τέκνου,

343 1268 439 1320 καὶ
465 1265 685 1336 χρονίας
708 1267 841 1337 ἡμῖν
877 1267 1101 1338 ἀγάπης
1141 1265 1280 1336 πρὸς
1308 1266 1471 1319 αὑτὸν
1497 1266 1928 1336 καθισταμένης,

343 1359 439 1411 καὶ
464 1358 753 1423 πλείστων,
780 1358 859 1422 ὡς
882 1358 1050 1421 είκὸς,
1090 1358 1227 1429 πρὸς
1272 1357 1333 1410 τὸ
1368 1358 1602 1429 γράφειν
1634 1358 1768 1428 ἡμῖν
1802 1375 1931 1411 συν-

340 1449 652 1513 ωθούντων,
696 1449 844 1515 εδοξε
895 1448 1096 1519 μᾶλλον
1127 1448 1217 1502 διὰ
1263 1449 1344 1512 τὸ,
1393 1450 1494 1501 οὐκ
1535 1442 1633 1501 οἷδ’
1662 1449 1832 1513 ὅπως,
1868 1448 1933 1499 ὲκ

345 1542 545 1597 πολλοῦ
575 1544 770 1612 χρόνου
797 1543 853 1596 ἑν
881 1544 992 1606 τοῖς
1022 1543 1118 1613 τῆς
1150 1541 1444 1612 Ἀρμενίας
1474 1540 1707 1613 κλίμασι
1729 1541 1935 1611 δόγμα-

342 1650 436 1697 τος
457 1635 555 1686 οὐκ
576 1631 739 1704 ὀρθοὖ
765 1632 1150 1703 ὲπεισρυάντος
1176 1634 1269 1686 καὶ
1299 1633 1725 1703 ἐπισκήψαντος,
1761 1630 1935 1701 Σεϐή-

348 1739 444 1791 ρου
468 1720 631 1787 τινὸς,
660 1724 824 1793 φημὶ,
851 1723 1206 1793 αἱρεσιάρχου
1237 1721 1331 1776 καὶ
1359 1723 1486 1785 τοὺς
1516 1723 1695 1774 ἐκεῖσε
1724 1720 1937 1782 πάντας

344 1811 869 1884 καταλυμηναμένου
918 1814 1056 1884 πρὸς
1111 1814 1173 1867 τὸ
1220 1815 1456 1885 γράφειν
1480 1812 1933 1884 παρορμηθῆναι.

2028 628 2117 698 gio
2152 627 2460 682 sacerdotio
2488 666 2505 692 ,
2542 626 2688 694 quoi
2728 624 2906 681 fuerat
2944 626 3200 697 Domini,
3238 645 3450 687 necnon
3518 647 3617 703 po-

2028 719 2184 774 tioris
2211 718 2460 773 utilitatis
2480 717 2741 789 indigenti
2774 732 2874 786 pro
2911 718 3121 774 viribus
3140 720 3283 775 viam
3330 738 3618 779 common-

2030 819 2207 865 strare
2240 811 2749 866 nccessariumesr:
2781 811 2884 866 hoc
2907 813 3105 866 etenim
3142 824 3452 884 semperest
3490 832 3620 888 pro-

2030 902 2209 971 prium
2257 902 2563 956 antistitum
2600 916 2800 956 munus
2830 911 2995 971 atque
3044 903 3302 962 oliicium.
3330 906 3619 976 Propterea

2032 998 2146 1043 tum
2179 988 2533 1045 inclinatione
2550 988 2841 1044 voluntatis
2869 1004 2974 1059 qua
2996 992 3061 1045 ad
3077 992 3305 1062 gloriam
3325 996 3500 1050 nostri
3525 996 3620 1051 de-

2031 1081 2413 1137 sideratissimi
2435 1081 2530 1135 lilii
2554 1081 2970 1152 propendemus,
2997 1093 3108 1138 tum
3140 1100 3327 1140 amore
3340 1086 3620 1155 diuturno,

2032 1189 2142 1242 quo
2161 1188 2285 1228 eum
2314 1174 2717 1243 prosequimur,
2755 1174 3032 1245 plerisque
3057 1176 3224 1231 etiam
3256 1178 3322 1233 ad
3355 1180 3617 1249 scriptio-

2034 1279 2157 1317 nem
2188 1264 2658 1332 compellentibus,
2698 1265 2874 1319 visum
2918 1276 3002 1322 est
3023 1269 3221 1335 satius,
3254 1282 3477 1340 propter
3523 1285 3623 1326 ne—

2035 1355 2152 1408 scio
2174 1368 2282 1424 qua
2324 1355 2535 1409 ratione
2554 1355 2724 1409 multo
2743 1355 2812 1410 ab
2826 1357 2952 1411 hinc
2971 1368 3211 1426 tempore
3235 1360 3290 1414 in
3311 1360 3624 1431 regionibus

2036 1448 2400 1502 Armenorum
2435 1448 2631 1519 dogma
2669 1464 2776 1503 non
2815 1459 3025 1505 rectum
3050 1491 3064 1515 ,
3101 1450 3287 1507 Severi
3327 1453 3614 1523 cujusdam

2038 1538 2419 1594 haeresiarchas
2445 1539 2558 1608 jam
2606 1555 2702 1609 per
2744 1557 2937 1598 omnes
2992 1558 3086 1597 eas
3129 1553 3313 1613 partes
3357 1546 3613 1601 introdu-

2037 1635 2211 1692 ctum,
2252 1627 2396 1696 quod
2428 1630 2729 1683 desaeviens
2773 1643 2967 1686 omnes
2999 1632 3070 1686 ibi
3114 1632 3422 1690 habitantes
3470 1649 3624 1690 snm-

2040 1734 2261 1790 mopere
2311 1718 2477 1781 iaalit,
2527 1719 2594 1773 ad
2639 1721 2991 1777 scribendum
3029 1724 3271 1778 animum
3308 1726 3622 1795 ‘applicare,

2041 1812 2237 1867 utinde
2259 1820 2462 1867 nostrae
2489 1811 2733 1882 epistola:
2756 1813 3033 1885 plerisque
3051 1816 3626 1874 demonstratiouibus

345 1903 510 1956 Ὅθεν
530 1903 598 1974 δὴ
623 1902 723 1973 τῆς
752 1904 1026 1974 ἡμετέρας
1058 1904 1347 1973 ἐπιστολῆς
1366 1902 1592 1966 πολλαῖς
1614 1900 1931 1966 ἀποδείξεσι

2045 1903 2141 1965 usi,
2161 1903 2361 1973 quibus
2399 1904 2725 1973 quantocius
2755 1919 2854 1959 vos
2889 1908 2954 1958 ad
2981 1905 3055 1971 id,
3087 1907 3235 1976 quod
3269 1922 3486 1976 aequum
3516 1917 3623 1975 est,

345 1992 706 2065 χρησάμενοι,
762 1993 824 2045 ἐν
852 1985 940 2055 αἷς
981 1991 1175 2045 θᾶττον
1230 1992 1368 2063 πρὸς
1399 1992 1462 2045 τὸ
1498 1992 1620 2045 δέον
1658 1993 1753 2046 καὶ
1787 1992 1933 2062 ὑμᾶς

346 2083 739 2154 πεισθήσεσθαι
784 2083 1023 2147 ἐδόκουν,
1055 2085 1148 2136 καὶ
1176 2083 1594 2156 άναμυηθέντας
1632 2085 1695 2137 τὸ
1730 2082 1932 2155 ἀληθὲς

346 2176 445 2245 τῆς
470 2173 704 2246 ἀμώμου
734 2175 826 2228 καὶ
856 2176 1105 2245 καθαρᾶς
1136 2177 1371 2238 πίστεως
1412 2173 1508 2230 τοῦ
1533 2176 1670 2229 κατὰ
1697 2174 1933 2243 Χριστὸν

346 2270 656 2339 μυστηρίου
688 2268 808 2338 μεθ’
838 2269 997 2339 ἡμῶν
1037 2269 1258 2339 στῆναι·
1286 2269 1381 2323 καὶ
1412 2268 1528 2337 ἅμα
1554 2268 1649 2322 τὸν
1666 2267 1763 2322 ἕνα
1794 2268 1932 2336 Χρι-

350 2361 477 2413 στὸν
503 2359 597 2415 καὶ
625 2360 851 2431 Κύριον,
889 2362 984 2417 καὶ
1012 2359 1147 2413 Θεὸν
1175 2360 1332 2430 ἡμῶν
1360 2359 1452 2413 τδν
1479 2360 1545 2413 ἐκ
1576 2358 1672 2413 δύο
1694 2358 1930 2429 φύσεων,

348 2452 448 2507 καὶ
472 2454 531 2505 ὲν
554 2451 649 2507 δύο
684 2452 902 2523 φύσεσι.
927 2455 1022 2508 καὶ
1048 2452 1140 2507 δύο
1166 2452 1358 2522 φύσεις
1387 2451 1601 2522 ἔχοντα,
1635 2452 1736 2523 μιᾷ
1778 2451 1834 2504 δὲ
1866 2453 1933 2524 τῇ

347 2541 652 2595 ὑποστάσει
679 2541 808 2596 ὄντα
839 2543 1046 2613 κυρίως
1073 2542 1319 2606 δοξάσαι.
1349 2541 1527 2611 Ὅπερ
1554 2540 1821 2596 ἀνέκαθεν
1841 2542 1936 2594 καὶ

348 2634 541 2706 σχεδὸν
568 2636 745 2689 εἰπεῖν
791 2635 825 2706 ή
881 2633 1108 2705 ὑφήλιος
1137 2636 1311 2699 πᾶσα,
1348 2635 1443 2689 καὶ
1469 2634 1519 2686 oi
1557 2632 1936 2704 άρχιερατικοὶ

348 2729 517 2782 πέντε
539 2727 716 2797 θρόνοι
744 2726 844 2797 τῆς
870 2724 1167 2795 ηθολικῆς
1186 2725 1283 2780 καὶ
1302 2724 1665 2795 ἁποπολικῆς
1703 2722 1938 2793 Ἐκκληο

348 2818 480 2882 σίας
530 2817 593 2872 τὸ
635 2817 895 2889 τηνικάδε
950 2819 1009 2873 ὲν
1057 2820 1125 2890 τῇ
1177 2817 1567 2889 Χαλκηδονέων
1608 2814 1939 2887 μητροπόλει

350 2908 859 2980 συναθροισθέντες,
908 2908 1003 2963 καὶ
1052 2909 1193 2964 κατὰ
1220 2908 1402 2964 πάντα
1432 2908 1625 2962 ὀπαδοὶ
1657 2909 1750 2962 καλ⁵
1805 2905 1941 2976 ὁμό-

350 3018 552 3075 φρονες
584 3005 707 3065 ταῖς
727 3000 920 3073 πρώην
947 3001 1332 3072 τρισὶνζάγίαις
1368 3000 1607 3064 συνόδοις
1631 2999 1938 3070 γενόμενοι,

349 3094 493 3149 κατὰ
531 3093 698 3166 μηδὲν
732 3094 1177 3165 διαφωνήσαντες
1206 3092 1496 3156 συνοδικῶς
1515 3091 1724 3164 ῶρισάν
1755 3109 1815 3145 τε
1849 3094 1942 3148 καὶ

351 3184 669 3242 ὲθὲσπισαν.
699 3185 1002 3258 Τοιγαροῦν
1022 3186 1209 3240 ἔκτοτε
1242 3187 1336 3239 καὶ
1370 3185 1532 3256 μέχρι
1572 3185 1672 3256 τῆς
1702 3185 1943 3256 σήμερον

2034 1994 2223 2050 reduci
2265 1995 2524 2050 existimo
2568 2013 2582 2049 :
2617 2003 2671 2050 et
2701 1996 2770 2052 de
2801 2011 2946 2053 novo
3015 1999 3298 2053 veritatem
3334 1999 3628 2071 inculpata:

2032 2084 2372 2154 sinceimqne
2402 2084 2839 2141 ﬁdeiClnristiani
2865 2088 3106 2159 mysterii
3137 2089 3313 2145 edocti
3353 2105 3460 2145 una
3495 2108 3622 2147 cum

2034 2176 2192 2231 nobis
2226 2177 2497 2242 sentiatis,
2535 2187 2591 2232 et
2624 2178 2788 2233 simul
2819 2195 2991 2234 unum
3039 2179 3321 2236 Christum
3356 2192 3411 2237 et
3442 2180 3631 2239 Domi-

2035 2282 2191 2332 num,
2224 2274 2279 2321 et
2308 2266 2480 2322 Deum
2515 2277 2788 2336 nostrum,
2825 2270 2918 2339 qui
2950 2285 3014 2325 ex
3056 2271 3281 2327 duabus
3313 2272 3547 2339 naturis,
3577 2281 3634 2327 et

2036 2359 2091 2413 in
2116 2359 2329 2414 duabus
2355 2361 2589 2423 naturis,
2612 2370 2668 2415 et
2708 2360 2845 2417 duas
2877 2373 3104 2418 naturas
3148 2363 3311 2419 habet
3351 2379 3476 2418 eum
3506 2365 3632 2419 uni-

2035 2464 2099 2504 ca
2127 2449 2427 2520 liypostasi,
2456 2450 2533 2504 uti
2552 2459 2656 2518 est,
2696 2453 2949 2519 teneatis,
2983 2454 3128 2520 quod
3146 2453 3215 2508 ab
3232 2454 3457 2523 antiquo
3481 2465 3629 2510 tem-

2036 2557 2192 2614 pore,
2240 2553 2293 2598 et
2317 2543 2450 2608 fere,
2468 2552 2525 2598 ut
2548 2544 2622 2598 ita
2641 2544 2845 2610 dicam,
2862 2544 3152 2599 universus
3166 2551 3437 2598 terrarum
3454 2543 3629 2609 orbis,

2040 2647 2094 2690 et
2129 2637 2373 2705 quinque
2389 2635 2766 2690 archieratica:
2783 2634 2938 2690 sedes
2963 2635 3243 2690 catholica:
3253 2645 3307 2689 ct
3319 2635 3633 2705 apostolicae

2038 2726 2299 2783 Ecclesia:
2324 2726 2518 2783 tumin
2547 2725 3080 2783 Cbaicedonensium
3111 2727 3401 2798 metropoli
3428 2729 3631 2789 coacti,

2041 2821 2095 2875 in
2135 2821 2393 2876 omnibus
2441 2831 2731 2877 consortes
2776 2834 2840 2876 ac
2880 2821 3185 2877 concordes
3231 2858 3247 2885 ,
3282 2830 3335 2875 et
3376 2834 3404 2873 a
3440 2819 3634 2890 primis

2042 2910 2222 2965 tribus
2255 2909 2482 2981 synodis
2532 2910 2759 2966 minime
2815 2910 2871 2965 in
2908 2910 3100 2981 aliquo
3138 2910 3517 2981 discrepantes
3561 2926 3634 2966 ex

2044 3001 2241 3072 synodi
2299 3001 2572 3057 sententia
2628 3002 2994 3056 decreverunt
3065 3009 3121 3056 et
3172 3000 3630 3056 determinarunt.

2045 3094 2392 3165 Quapropter
2422 3108 2489 3150 et
2519 3108 2586 3149 eo
2612 3103 2860 3164 tempore
2887 3094 2955 3147 ad
2992 3096 3139 3148 hunc
3172 3092 3340 3159 diem,
3370 3093 3463 3163 qui
3489 3107 3637 3148 recte

2047 3189 2245 3258 pieque
2283 3201 2409 3242 cum
2444 3186 2714 3242 catholica
2741 3195 2795 3241 et
2822 3185 3129 3256 apostolica
3176 3186 3419 3241 Ecclesia
3453 3186 3637 3240 vivere

356 3280 408 3332 oi
448 3278 621 3351 ὀρθῶς
656 3280 753 3333 καὶ
785 3279 1027 3343 εὐσεϐῶς
1061 3278 1201 3349 μετὰ
1229 3278 1331 3346 τῆς
1364 3276 1660 3347 καθολικῆς
1692 3277 1785 3330 καὶ
1806 3276 1943 3329 ἀπο-

2049 3288 2330 3349 satagunt,
2357 3279 2431 3335 ibi
2454 3286 2702 3334 coactam
2720 3278 2991 3349 synodum
3018 3288 3286 3343 sanctam,
3313 3286 3368 3333 et
3390 3292 3636 3332 oecume-

358 3370 611 3443 στολικῆς
678 3370 1006 3442 Ἐκκλησίας
1058 3369 1207 3441 βιοῦν
1256 3368 1559 3435 ἐθέλοντες,
1612 3367 1712 3440 τὴν
1763 3369 1943 3421 huic:

354 3463 826 3537 συγκροτηθεῖσαν
850 3464 1067 3519 σύνοδον
1092 3463 1253 3532 άγίαν
1283 3463 1378 3518 καὶ
1423 3461 1813 3533 οἰκουμενικὴν
1855 3476 1947 3513 τεο

350 3557 565 3628 τάρτην
592 3558 731 3628 πρὸς
753 3558 875 3621 ταῖς
895 3555 1084 3622 ἄλλαις
1121 3557 1299 3628 τρισὶν
1325 3554 1579 3626 ἁσμένως
1611 3553 1947 3624 ὑποδεχόμε-

347 3667 461 3715 νοι,
506 3649 802 3714 διαπαντὸς
845 3651 1086 3705 σέϐουσι.
1109 3651 1387 3718 Μενοῦνγε
1433 3648 1590 3712 ἐλπὶς
1626 3649 1759 3719 ἡμῖν
1779 3647 1879 3718 οὐχ
1908 3647 1942 3718 ἠ

348 3741 592 3814 τυχοῦσα
621 3746 825 3814 παρῆν,
878 3742 1025 3807 ὅπως
1081 3744 1145 3796 ὲκ
1177 3743 1277 3812 τῆς
1330 3740 1604 3812 ἡμετέρας
1648 3736 1941 3807 ἐπιστολῆς

352 3833 696 3900 πεισθέντες,
735 3835 820 3888 ὅτι
866 3834 1098 3905 τάχιστα
1145 3835 1245 3904 τῆς
1289 3833 1535 3903 χείρονος
1587 3831 1749 3901 δόξης
1776 3846 1942 3901 μετα·

353 3928 608 3996 σταίητε,
662 3927 760 3980 καὶ
814 3926 953 3996 πρὸς
1001 3924 1065 3981 τὸ
1098 3924 1407 3996 παρ’ἠμῶν
1427 3923 1590 3995 ὀρθὸν
1639 3921 1817 3992 δόγμα
1842 3921 1943 3992 τῆς

2049 3372 2226 3428 nicam
2253 3380 2529 3442 quartam.
2561 3386 2673 3442 pra:
2694 3371 2817 3426 aliis
2842 3371 3021 3427 tribus
3042 3371 3297 3426 lubenter
3326 3368 3635 3426 exosculati

2050 3478 2145 3534 per
2177 3465 2363 3519 omnia
2392 3471 2746 3519 venerantur.
2778 3462 2916 3535 Spes
2950 3462 3136 3533 itaque
3161 3471 3309 3519 certa
3335 3477 3434 3519 nos
3464 3468 3635 3528 tenet,

2049 3571 2151 3612 vos
2183 3566 2372 3613 nostra
2396 3556 2499 3611 hac
2552 3556 2783 3626 epistola
2852 3568 3170 3628 persuasos,
3222 3555 3435 3627 abiecta
3483 3555 3634 3609 omni

2047 3649 2397 3706 cunctatione
2422 3664 2453 3704 a
2471 3649 2706 3720 pessima
2721 3658 2901 3705 vestra
2928 3648 3203 3705 sententia
3225 3662 3560 3711 recessuros,
3581 3656 3639 3701 et

2048 3740 2117 3796 ad
2152 3748 2362 3796 rectum
2404 3740 2656 3796 veritatis
2690 3740 2910 3810 dogma,
2945 3740 3091 3810 quod
3128 3754 3235 3795 nos
3286 3739 3632 3808 proﬁtemur,

2050 3844 2247 3900 nempe
2276 3831 2332 3885 in
2357 3831 2668 3886 (economia
2690 3828 2898 3885 Christi
2928 3828 3067 3885 duas
3094 3836 3345 3896 naturas,
3379 3837 3435 3884 et
3467 3845 3634 3885 unam

2052 3920 2392 3993 hypostasim
2426 3935 2572 3989 esse,
2604 3920 2751 3976 facili
2784 3921 3003 3990 negotio
3034 3919 3364 3989 relapsuros.

348 4017 618 4090 ἀληθείας
648 4017 1109 4088 πρεσϐευόμενον,
1142 4017 1309 4087 ἤγουν
1330 4014 1393 4069 τὸ
1433 4013 1680 4080 δοξάζειν
1715 4011 1812 4065 δύο
1834 4011 2026 4081 φύσεις
2053 4014 2150 4066 καὶ
2199 4011 2331 4082 μίαν
2380 4010 2679 4065 ὑπόστασιν
2731 4009 2824 4063 ἐπὶ
2872 4009 2972 4079 τῆς
3012 4008 3325 4079 οἰκονομίας
3372 4006 3638 4081 Χριστοῦν

350 4115 617 4188 εὐμαρῶς
650 4115 1028 4186 μεταπέσοιτε.

430 4208 500 4279 β’.
531 4208 686 4264 Ἐπεὶ
716 4206 811 4261 οὖν
836 4207 898 4261 τὸ
954 4204 1309 4274 ἐλπιζόμενον
1363 4203 1500 4273 ἡμῖν
1538 4202 1617 4265 εἰς
1640 4200 1814 4271 πέρας
1844 4200 1945 4252 οὐκ

353 4300 687 4370 ἐκϐέϐηκεν,
719 4298 855 4355 ἀλλὰ
879 4299 973 4352 καὶ
1002 4297 1134 4369 πρὸς
1152 4296 1220 4350 τὰ
1245 4293 1530 4365 γραφέντα
1559 4292 1942 4362 ιδυσχέραναςο

355 4392 460 4445 καὶ
491 4390 551 4442 οὐ
583 4390 743 4461 μόνον
771 4389 944 4453 τουτί,
985 4386 1122 4442 ἀλλὰ
1175 4387 1271 4439 καὶ
1306 4385 1583 4439 ἀντειπεῖν
1631 4381 1731 4435 καὶ
1761 4381 1947 4451 άντιρο

357 4484 629 4558 ρητικοὺς
658 4484 789 4553 ἡμῖν
812 4481 1005 4550 λόγους
1029 4479 1239 4551 γράψαι
1271 4475 1593 4548 ὶπειράθης,
1624 4473 1817 4529 τούτου
1844 4473 1947 4544 χά-

2120 4197 2177 4250 ει.
2217 4196 2353 4251 Cum
2387 4210 2539 4267 ergo,
2577 4197 2722 4265 quod
2751 4210 2853 4251 nos
2897 4194 3274 4265 sperabamus,
3314 4195 3474 4249 linem
3526 4210 3637 4251 non

2053 4288 2329 4351 habuerit,
2368 4286 2479 4340 imo
2513 4287 2736 4357 scriptis
2795 4287 2959 4341 etiam
3017 4285 3223 4342 nostris
3278 4294 3637 4355 exasperatus

2055 4388 2171 4434 tum
2192 4387 2247 4432 et
2270 4388 2460 4433 contra
2493 4376 2666 4443 ire,et
2688 4377 3062 4432 refutatoriam
3089 4390 3308 4446 quoque
3325 4375 3636 4431 orationem

2058 4470 2299 4525 scribere
2333 4477 2566 4522 conatus
2592 4481 2675 4534 es,
2696 4466 2819 4522 ideo
2846 4466 3031 4521 divino
3059 4466 3177 4521 zelo
3213 4464 3494 4533 succensi,
3522 4466 3637 4521 cri-

357 4535 452 4651 Et;
483 4535 759 4647 πυρῶθὲις
800 4535 897 4645 τῷ.
930 4535 1263 4644 θείωιζίίλῳ,
1312 4535 1412 4624 καί
1454 4535 1685 4639 τὴν-*τῆς
1735 4535 1948 4637 σιωπῆς

2057 4578 2179 4616 men
2209 4559 2410 4617 silentii
2460 4568 2513 4614 et
2543 4560 2949 4614 accusationem
2975 4558 3319 4629 elfugieutes,
3371 4565 3427 4612 te
3454 4558 3641 4629 negle-

357 4670 721 4739 ὑφορώμενος
770 4664 964 4736 δίκην,
1009 4663 1119 4717 οὐδ’
1179 4661 1428 4719 ἐνταυθοῖ
1481 4658 1822 4730 ἀτημέλητόν
1885 4673 1947 4711 σε

353 4762 461 4819 καὶ
494 4758 871 4828 ἀθεράπευτον
902 4754 1222 4811 καταλιπεῖν
1265 4751 1545 4824 ᾠήθημεν.
1591 4750 1685 4803 Διὸ
1715 4750 1816 4805 ὅσα
1850 4748 1949 4818 μὲν

355 4858 422 4906 ἐν
456 4852 537 4922 τῷ
573 4848 863 4922 γράμματί
892 4865 984 4901 σου
1012 4847 1104 4901 ἰπὶ
1152 4843 1372 4914 διαϐολῇ
1394 4842 1493 4912 τῆς
1514 4841 1789 4913 ἡμετέρας
1817 4839 1949 4907 άλη-

355 4942 523 5007 θινῆς
573 4939 855 5008 ὁμολογίας
899 4936 1223 5007 ἐμφέρεται,
1278 4933 1373 4988 καὶ
1400 4931 1529 4996 ἄξια
1567 4931 1750 4993 ποσῶς
1788 4929 1949 4997 λόγου

356 5034 521 5097 ὄντα,
548 5031 721 5084 ταῦτα
744 5032 822 5092 εἰς
876 5029 1038 5099 μέσον
1066 5025 1391 5094 ἀγαγόντες,
1424 5022 1728 5093 ἀνατρέψαι
1753 5036 1951 5090 πειρα-

362 5123 600 5196 σόμεθα.
622 5123 910 5193 Τοιγάρτοι
941 5120 1135 5190 μικρὸν
1161 5117 1299 5189 μετὰ
1334 5117 1396 5171 τὸ
1423 5116 1709 5187 προοίμιον
1732 5114 1832 5183 τῆς
1855 5110 1954 5181 σῆς

363 5216 664 5287 ἐπιστολῆς
692 5215 855 5269 οἱονεὶ
884 5215 1227 5281 ὲπισφίγγων
1256 5211 1351 5266 καὶ
1381 5206 1713 5261 ὲπισυνδέων
1742 5204 1837 5275 τὴν
1858 5204 1956 5273 τῆς

362 5311 596 5381 ἀγάπης
627 5310 821 5381 κτῆσιν
843 5308 982 5378 μετὰ
1000 5308 1100 5375 τὴν
1125 5309 1206 5371 είς
1236 5306 1364 5375 μίαν
1387 5301 1677 5374 ὁμολογίαν
1699 5300 1797 5368 τῆς
1824 5300 1956 5371 άλη-

367 5405 533 5474 θινῆς
564 5405 659 5458 καὶ
693 5404 996 5473 ἀμωμήτου
1024 5399 1282 5462 πίστεως,
1318 5393 1636 5457 σπουδάζων
1672 5393 1798 5454 τοὺς
1826 5394 1958 5460 ὁμο-

370 5496 615 5568 τρόπους
645 5498 702 5549 ὲν
727 5495 864 5565 οἴκῳ
886 5494 1093 5562 Κυρίου
1119 5489 1447 5562 φωτίζεσθαι
1481 5505 1540 5541 τε
1572 5488 1665 5540 καὶ
1697 5483 1959 5555 καταρτία

375 5589 573 5655 ζεσθαι
594 5606 609 5622 ο
665 5588 734 5644 El
764 5587 861 5643 καί
906 5602 1066 5652 τινες
1102 5583 1456 5652 ἀπέδρασαν
1484 5581 1555 5633 ἐκ
1600 5580 1822 5644 ταύτης
1849 5575 1962 5643 τῆς

2054 4666 2205 4710 ctum
2238 4663 2289 4707 et
2321 4654 2628 4707 incuratum
2652 4653 2904 4707 deserere
2926 4665 3104 4722 opera:
3123 4650 3361 4721 pretium
3382 4664 3503 4705 esse
3532 4665 3641 4703 non

2057 4746 2336 4802 duximus.
2364 4743 2546 4811 Quare
2567 4758 2908 4815 quaecunque
2944 4744 2998 4797 in
3023 4743 3255 4812 cpistola
3282 4751 3373 4796 tua
3395 4751 3637 4795 nostram

2058 4851 2244 4891 veram
2278 4835 2670 4905 professionem
2711 4834 3079 4889 calumniatus
3124 4832 3423 4896 attexuisti,
3456 4833 3641 4901 aliquo

2061 4938 2243 4984 tamen
2270 4928 2432 4982 modo
2457 4943 2566 4981 non
2599 4926 2820 4995 indigna
2850 4922 3288 4977 consideratione
3315 4922 3369 4975 in
3402 4922 3640 4975 medium

2063 5018 2383 5082 alierentes,
2440 5019 2765 5087 redarguere
2836 5015 3180 5069 conabimur.
3236 5014 3397 5080 Atqui
3480 5017 3643 5084 paulo

2063 5122 2188 5183 post
2242 5122 2350 5165 tua:
2385 5109 2628 5180 epistola
2673 5108 3025 5179 prooemium,
3061 5108 3217 5177 quasi
3250 5107 3560 5173 astringe-ns
3590 5117 3648 5159 et

2065 5206 2294 5274 alligans
2324 5212 2570 5256 mutuam
2599 5199 2895 5254 amicitiam
2925 5215 3048 5253 cum
3078 5214 3183 5252 una
3210 5213 3350 5252 verte
3374 5210 3429 5251 et
3457 5198 3649 5249 intuta-

2067 5297 2265 5353 celatas
2296 5293 2417 5348 ﬁdei
2449 5292 2814 5362 professione,
2859 5292 3197 5361 stridensque
3228 5299 3289 5344 ut
3323 5289 3400 5343 tui
3438 5288 3648 5342 similes

2070 5391 2123 5443 in
2156 5390 2319 5442 domo
2338 5385 2553 5441 Domini
2586 5385 2964 5439 iiininiacntur
2995 5395 3050 5440 et
3095 5386 3441 5437 inStruantur
3466 5399 3479 5433 :
3507 5379 3651 5432 Licet

2070 5479 2331 5543 nonnulli,
2378 5478 2478 5544 ais,
2512 5493 2575 5530 ex
2607 5477 2773 5545 proba
2806 5476 2904 5529 hac
2934 5487 3176 5546 rertaqne
3211 5473 3538 5543 professione
3572 5486 3654 5524 re-

2070 5572 2339 5634 cesserint,
2362 5584 2520 5638 quam
2551 5569 2722 5621 sancti
2745 5568 2972 5634 apostoli
2995 5565 3347 5628 tradiderunt,
3380 5572 3429 5616 et
3456 5571 3656 5616 δαμείω

373 5652 580 5751 stabit;
628 5680 728 5734 καὶ
768 5678 951 5750 ὀρθῆς
1007 5676 1347 5746 ὁμολογίας,
1395 5669 1470 5742 ἧς
1513 5668 1865 5739 παρέδωκαν
1910 5670 1956 5720 ol

2074 5675 2177 5715 tres
2216 5660 2406 5729 synodi
2454 5658 2804 5726 perfecerunt,
2836 5664 2967 5717 elc.,
3002 5653 3448 5709 manifestissime
3496 5652 3644 5706 nobi‘

370 5775 534 5845 ἅγιοι
563 5774 915 5838 ἀπόστολοι,
954 5771 1053 5824 καὶ
1088 5767 1488 5837 κατώρθωσαν
1512 5765 1573 5817 αἱ
1622 5761 1780 5830 ἅγιαι
1810 5759 1956 5826 τρεῖς

2076 5769 2171 5823 per
2198 5755 2310 5806 haec
2343 5762 2488 5806 tuam
2523 5750 2835 5819 opinionem
2890 5748 3165 5811 iudicasti,
3195 5745 3453 5800 laudibus
3482 5743 3657 5799 estol-

373 5837 656 5927 σύνοδοι,
682 5863 776 5916 καὶ
812 5862 879 5915 τὰ
907 5860 1052 5929 ἑξῆς,
1080 5858 1435 5930 ἁριδηλότατα
1480 5855 1610 5925 ἡμῖν
1643 5852 1729 5905 διὰ
1761 5850 1956 5904 τούτων

2076 5846 2193 5899 lens
2220 5856 2272 5899 et
2309 5845 2499 5900 beatos
2530 5860 2628 5901 eos
2657 5843 3004 5909 existimans,
3065 5837 3422 5912 quibuscum
3470 5837 3658 5894 divino
