4064 6414
459 392 562 460 591

1727 376 2019 449 ΝΙΕΕΤίΕ
2052 390 2454 451 BYZANTINI

3617 398 3720 463 592

450 522 637 564 amore
665 520 803 560 vera:
831 504 950 559 ﬁdei
976 501 1247 574 professio
1278 516 1385 557 una
1406 510 1510 558 est.
1548 500 1612 556 At
1635 517 1884 572 quaenam
1908 502 2024 557 haec

2130 504 2396 574 ἐνέφηνας
2417 503 2516 576 τὴν
2544 503 2774 558 σεαυτοῦ
2795 504 2953 570 δόξαν
2979 506 3391 577 ἀποσεμνύνων,
3419 509 3512 562 καὶ
3544 527 3719 579 μακα-

449 601 615 658 fuerit
648 597 932 654 verissima
974 593 1264 668 professio,
1316 609 1479 665 quam
1508 594 1739 663 apostoli
1788 594 2029 649 tradide-

449 701 596 759 runt,
638 698 695 746 et
728 702 840 746 tres
866 698 1069 745 sanctae
1115 688 1307 760 synodi
1348 686 1857 751 constabilivernnt,
1902 687 2031 743 licet.

448 784 616 854 aliqui
650 799 719 838 ex
764 782 868 838 hac
915 791 1062 837 recta
1095 781 1199 835 ﬁde
1238 780 1574 843 rebellarint,
1609 779 1835 834 omnino
1881 779 2030 834 dices

449 883 620 936 tuam,
648 889 771 943 quae
797 872 961 927 unius
990 880 1200 926 naturae
1229 885 1399 924 unum
1433 868 1713 923 Christum
1760 881 1814 921 et
1844 866 2028 934 [Deum

450 976 698 1021 nostrum
731 982 797 1020 ex
848 965 1078 1019 diversis
1113 963 1324 1017 naturis
1372 970 1494 1031 post
1525 961 1785 1015 unionem
1819 960 2029 1015 factum

452 1058 751 1127 proﬁtetur,
783 1067 835 1112 ct
866 1074 927 1112 ex
956 1057 1169 1112 duabus
1210 1056 1422 1110 naturis
1447 1063 1502 1109 et
1525 1055 1663 1110 duas
1687 1064 1914 1109 naturas
1935 1055 2031 1108 ha-

450 1152 577 1207 bere
605 1153 658 1206 in
692 1168 798 1206 una
828 1150 1101 1222 hypnstasi
1131 1158 1410 1219 pernegat.
1439 1149 1597 1203 Hunc
1630 1148 1774 1202 enim
1801 1162 2029 1217 compo-

451 1245 668 1299 sitionis
699 1245 920 1298 modum
960 1244 1012 1296 in
1059 1242 1228 1297 divini
1262 1241 1424 1296 Verbi
1459 1241 1664 1296 unione
1693 1257 1818 1295 cum
1863 1255 2030 1296 carne

451 1335 654 1390 factum
710 1335 879 1390 fuisse
917 1335 1092 1404 palam
1126 1333 1266 1389 intra
1300 1333 1597 1389 declamas.
1633 1332 1747 1387 lleu
1777 1349 1890 1388 rem
1925 1334 2030 1387 mi-

450 1429 600 1481 raml
629 1425 871 1492 Quanam
900 1436 956 1480 tu
990 1424 1198 1480 ratione
1227 1434 1394 1480 testes
1431 1425 1680 1480 oculatus
1734 1434 1789 1479 et
1814 1425 2027 1479 divinos

447 1519 690 1572 veritatis
712 1532 1011 1587 praecones,
1035 1532 1250 1574 necnon
1289 1526 1510 1572 sanctos
1528 1532 1591 1571 ac
1617 1514 1853 1571 deiferos
1883 1515 2028 1571 viros

445 1608 565 1662 aliis
605 1617 771 1678 atque
812 1608 939 1664 aliis
972 1610 1313 1680 temporibus
1354 1608 1423 1663 ad
1455 1608 1697 1679 synodos
1734 1622 2031 1676 congrega-

447 1712 532 1756 tos
582 1700 802 1756 tandem
861 1701 1053 1771 culpas
1102 1710 1158 1755 et
1211 1699 1544 1756 contumelia
1598 1698 1843 1753 oneras?
1893 1696 2028 1763 Quis

441 1793 589 1848 enim
613 1810 680 1849 ex
707 1794 799 1859 iis,
833 1794 927 1864 qui
953 1809 1040 1849 res
1063 1791 1400 1863 diiudicandi
1432 1790 1625 1862 peritia
1655 1790 1879 1861 pollent,
1912 1799 2028 1845 tra-

2142 599 2358 668 ριστοὺς
2388 593 2528 650 εἶναι
2558 598 2826 669 οἰόμενος,
2860 594 2943 663 οἷς
2983 600 3049 653 ἂν
3086 602 3226 671 μετά
3248 602 3346 672 τῆς
3373 603 3559 657 ἐνθέου
3586 607 3722 674 ἀγά-

2138 706 2249 760 πης
2283 690 2377 743 καὶ
2403 691 2439 757 ἡ
2469 690 2568 760 τῆς
2604 690 2842 761 ἀληθοῦς
2872 691 3110 756 πίστεως
3158 694 3420 764 ὁμολογία
3453 696 3552 766 μία
3581 698 3717 768 πάρ-

2137 798 2276 835 εστι.
2333 782 2431 845 Τίς
2483 782 2541 836 δὲ
2592 781 2733 853 αῦτη
2767 784 2801 854 ή
2856 783 3200 854 ἀληθεστάτη
3251 784 3534 856 ὁμολογία,
3578 788 3645 858 ἢν
3674 789 3724 842 οι

2135 874 2423 927 ἀπόστολοι
2471 875 2818 946 παρέδωκαν,
2848 877 2943 930 καὶ
2984 877 3042 932 αἱ
3096 877 3251 945 ἆγιαι
3316 881 3465 948 τρεῖς
3521 879 3724 934 σύνοδοι

2136 965 2529 1038 κατώρθωσαν,
2583 969 2631 1020 εί
2661 969 2755 1020 καί
2778 985 2926 1030 τινες
2971 969 3035 1021 ὲκ
3062 968 3270 1038 ταύτης
3300 970 3401 1039 τῆς
3434 970 3601 1042 ὀρθῆς
3634 973 3724 1024 πί-

2137 1075 2310 1122 στεως
2363 1058 2851 1130 ἀπεδυσπέτησαν;
2886 1061 3108 1124 Πάντως
3155 1063 3298 1132 ἐρεῖς
3342 1063 3443 1129 τὴν
3474 1063 3721 1127 σεαυτοῦ,

2134 1150 2257 1221 ἥτις
2289 1151 2419 1220 μιᾶς
2449 1150 2664 1219 φύσεως
2686 1152 2778 1204 τὸν
2804 1151 2900 1204 ἕνα
2922 1151 3157 1224 Χριστὸν
3188 1152 3281 1204 καὶ
3318 1151 3452 1205 Θεὸν
3480 1153 3639 1223 ἡμῶν
3662 1156 3723 1207 ὲκ

2134 1239 2410 1310 διαφόρων
2459 1240 2676 1307 φύσεων
2741 1241 2879 1310 μετά
2912 1241 3013 1311 τὴν
3053 1240 3253 1295 ἕνωσιν
3287 1240 3725 1297 ἀποτελεσθέντα

2134 1331 2407 1400 ὁμολογεῖ,
2434 1333 2526 1383 καὶ
2556 1334 2620 1384 ἐκ
2648 1330 2741 1384 δύο
2767 1332 3004 1400 φύσεων,
3042 1333 3138 1386 καὶ
3164 1332 3259 1385 δύο
3293 1333 3488 1401 φύσεις
3532 1333 3725 1404 ἔχοντα

2134 1422 2193 1473 ὲν
2223 1422 2322 1492 μιᾷ
2379 1421 2677 1473 ὑποστάσει
2727 1421 2855 1475 ὄντα
2896 1423 3163 1492 ἀρνεῖται.
3224 1422 3430 1476 Τοῦτον
3467 1425 3574 1496 γὰρ
3634 1426 3725 1478 τὸν

2132 1513 2338 1583 τρόπον
2364 1512 2465 1582 τῆς
2517 1512 2822 1577 συνθέσεως
2869 1512 3228 1585 παρακατιὼν
3266 1516 3324 1568 ὲν
3346 1517 3414 1587 τῇ
3446 1515 3542 1569 τοῦ
3577 1516 3722 1570 θείου

2134 1603 2311 1671 Λόγου
2344 1604 2476 1674 πρὸς
2512 1604 2691 1675 σάρκα
2725 1604 2917 1658 ὲνώσει
2951 1605 3283 1676 γεγενῆσθαι
3334 1607 3520 1677 σαφῶς
3542 1607 3727 1673 διαγο-

2138 1694 2337 1766 ρεύεις.
2366 1695 2542 1749 Βαϐαῖ
2561 1696 2656 1749 τοῦ
2682 1696 2990 1766 θαύματοςι
3020 1697 3141 1760 Πῶς
3168 1699 3250 1761 εἰς
3280 1698 3409 1761 τοὺς
3448 1700 3727 1764 αὐτόπτας

2135 1787 2227 1840 καὶ
2250 1786 2429 1851 θείους
2458 1789 2707 1857 κήρυκας
2727 1790 2825 1860 τῆς
2854 1788 3133 1859 ἀληθείας,
3166 1788 3301 1842 ἀλλά
3343 1789 3451 1861 μὴν
3479 1791 3572 1843 καὶ
3599 1791 3727 1855 τοῦς

441 1887 611 1939 ditam
644 1900 788 1950 esse,
826 1879 922 1940 aut
948 1885 1335 1940 conﬁrmatam
1367 1885 1511 1941 dicet
1541 1885 1684 1955 apud
1721 1883 1881 1940 Verbi
1924 1885 2024 1939 mi-

2129 1879 2273 1934 κατά
2303 1880 2599 1951 διαςόρους
2656 1880 2886 1950 χρόνους
2921 1880 3219 1945 συνοδικῶς
3278 1882 3726 1952 συνειλεγμένους

442 1976 671 2043 nistros,
703 1987 799 2032 aut
821 1975 1010 2032 Patres
1047 1977 1285 2042 divinos,
1323 1993 1489 2048 quam
1515 1986 1574 2032 tu
1601 1977 1873 2047 proﬁteris
1904 1992 2031 2031 scn-

2135 1969 2445 2038 ἀγίους,καὶ
2492 1971 2786 2042 θεοφόρους
2839 1974 3039 2040 ἄνδρας
3085 1973 3339 2027 τοσοῦτον
3369 1975 3609 2043 ὲπιχέεις
3631 1975 3726 2028 τὸν

444 2069 691 2136 tentiam,
728 2084 851 2140 qua:
884 2078 1113 2135 asserat,
1156 2069 1436 2126 Christum
1468 2069 1628 2125 unius
1675 2078 1880 2124 natura:
1907 2078 2024 2139 post

2133 2061 2365 2132 μῶμον;
2397 2063 2495 2126 Τίς
2524 2065 2634 2135 γάρ
2658 2063 2767 2118 τῶν
2798 2063 2967 2133 ὑγιῶς
3019 2067 3228 2136 κρίνειν
3265 2065 3507 2132 εἰδότων,
3538 2083 3722 2136 παρα-

444 2161 705 2216 uninnem
732 2178 877 2228 esse,
906 2171 962 2218 et
986 2178 1053 2218 ex
1078 2162 1286 2217 duabus
1317 2162 1576 2218 unionem
1612 2160 1940 2223 confectam,
1972 2161 2028 2215 in

440 2251 655 2309 duabus
687 2269 838 2321 vero,
878 2254 1133 2309 autduas
1164 2270 1286 2310 esse
1324 2262 1554 2309 naturas
1595 2262 1717 2323 post
1765 2253 2027 2308 unionem

442 2340 760 2397 inﬁcietur?
789 2341 1080 2413 Propterea
1116 2344 1341 2400 accedat
1368 2345 1622 2415 princeps
1651 2343 2026 2413 apostolorum

440 2430 636 2487 Petrus
659 2448 758 2503 per
777 2448 934 2488 suam
966 2434 1395 2500 confessionem,
1420 2442 1474 2490 te
1491 2449 1615 2505 qua!
1634 2433 1819 2490 dixisti
1835 2448 2026 2489 emen-

441 2524 600 2579 titum
627 2539 749 2581 esse
774 2525 1066 2581 manifesto
1088 2526 1347 2583 evinceus
1362 2537 1435 2593 et,
1460 2542 1560 2597 per
1579 2542 1703 2581 eum
1734 2525 2027 2581 universus

440 2617 818 2685 apostolorum
865 2627 1066 2673 coetus.
1116 2616 1329 2673 Etenim
1357 2618 1610 2674 Christus
1656 2616 1921 2673 Dominus
1968 2624 2025 2671 et

441 2707 587 2766 Deus
612 2718 797 2765 noster
824 2711 967 2766 dixit
1001 2711 1379 2781 apostolorum
1414 2710 1650 2781 principi
1701 2709 1861 2765 Petro
1893 2725 1908 2763 :
1945 2708 2025 2763 Tu

438 2818 494 2857 es
525 2802 741 2869 Petrus;
771 2814 821 2858 et
846 2821 1005 2875 super
1030 2806 1165 2860 hanc
1190 2815 1398 2874 petram
1423 2805 1699 2875 aediﬁcabo
1728 2803 2022 2858 Ecclesium

440 2911 632 2962 meam,
684 2905 734 2951 et
771 2905 938 2965 parta:
989 2896 1148 2965 inferi
1206 2911 1310 2949 non
1359 2894 1717 2964 prwvalebunt
1769 2896 2022 2949 adversus

438 3002 555 3042 eam
588 2986 627 3041 ⁸.
659 2985 782 3043 Haec
811 3003 975 3057 porro
1007 2986 1270 3043 Dominus
1302 2986 1463 3043 Petro
1490 2988 1721 3054 dixerat,
1753 3001 1879 3042 cum
1913 2986 2023 3041 Do-

440 3080 589 3133 mino
658 3080 1016 3149 semetipsum
1081 3080 1360 3135 hominem
1422 3079 1764 3150 nuncupanti
1821 3079 2023 3135 Petrus

2127 2143 2399 2219 δεδόσθαι,
2429 2155 2461 2226 ἢ
2487 2143 2839 2225 βεϐαιοῦσθαι
2870 2157 3066 2227 φήσειε
3096 2156 3250 2227 παρά
3272 2159 3385 2220 τοῖς
3417 2157 3724 2228 ὑπηρέταις

2127 2245 2224 2322 τοῦ
2271 2245 2454 2315 λόγου,
2489 2248 2523 2318 ἢ
2573 2249 2688 2312 τοῖς
2721 2248 2888 2313 θείοις
2919 2248 3170 2318 Πατράσι
3203 2249 3304 2320 τὴν
3340 2250 3541 2303 οὑτωσὶ
3572 2251 3724 2322 παρά

2131 2319 2228 2392 σοῦ
2257 2340 2706 2412 πρεσϐευομένην
2723 2341 2903 2408 δόξαν,
2920 2343 3020 2413 τὴν
3038 2319 3353 2410 φάσκουσαν
3377 2341 3467 2396 τὸν
3487 2319 3724 2426 Χριστὸν

2130 2432 2263 2502 μιᾶς
2291 2432 2507 2502 φύσεως
2534 2432 2673 2502 μετά
2703 2432 2803 2505 τὴν
2826 2433 3023 2488 ἕνωσιν
3052 2429 3217 2499 εῖναι,
3259 2436 3353 2488 καὶ
3402 2437 3466 2488 ἐκ
3503 2435 3598 2489 δύο
3625 2436 3722 2504 μὲν

2126 2523 2583 2579 ἀποτελεσθεῖσαν
2609 2524 2709 2595 τὴν
2735 2524 2953 2591 ἕνωσιν,
2990 2526 3050 2578 ὲν
3078 2525 3172 2580 δύο
3198 2526 3276 2594 δὲ,
3309 2526 3342 2596 ἢ
3368 2525 3462 2580 δύο
3493 2522 3635 2579 εἶναι
3662 2528 3723 2579 τδ

2127 2614 2289 2685 φύσει
2309 2617 2448 2685 μετά
2470 2617 2569 2687 τὴν
2589 2616 2784 2670 ἕνωσιν
2799 2616 3278 2689 ἀπαγορεύουσαν;
3305 2617 3396 2671 Διὸ
3412 2618 3724 2688 εἰσαχθήτω

2124 2712 2153 2765 6
2181 2712 2475 2780 κορυφαῖος
2519 2709 2629 2764 τῶν
2667 2709 2982 2765 ἀποστόλων
3031 2709 3259 2781 Πέτρος,
3283 2710 3371 2763 διὰ
3398 2709 3497 2780 τῆς
3527 2708 3721 2764 ἑαυτοῦ

2123 2801 2416 2872 ὁμολογίας
2458 2801 2903 2874 ψευδηγοροῦντά
2927 2820 2987 2856 σε
3003 2802 3286 2864 δεικνύων,
3311 2802 3405 2855 καὶ
3420 2801 3489 2855 δι’
3512 2802 3722 2855 ἐκείνου

2123 2891 2268 2957 ἀπας
2298 2895 2327 2947 ό
2347 2894 2457 2946 τῶν
2482 2895 2800 2948 ἀποστόλων
2836 2894 3117 2963 σύλλογος.
3150 2893 3263 2947 Καὶ
3285 2895 3394 2964 γὰρ
3425 2893 3665 2964 Χριστὸς
3693 2894 3720 2946 6

2124 2984 2328 3054 Κύριος
2351 2986 2444 3038 καὶ
2476 2985 2612 3049 Θεὸς
2639 2986 2798 3057 ἡμῶν
2818 2985 2898 3057 τῷ
2931 2986 3041 3039 τῶν
3067 2985 3387 3040 ἀποστόλων
3414 2986 3517 3055 ἔφη
3554 3001 3718 3055 κορυσ

2124 3071 2270 3143 φαίῳ
2302 3073 2533 3143 Πέτρην
2589 3074 2674 3128 Σὺ
2727 3074 2788 3127 εἷ
2846 3073 3090 3142 Πέτρος,
3154 3073 3255 3127 καὶ
3293 3075 3390 3127 ἐπὶ
3432 3076 3620 3143 ταύτῃ
3647 3072 3721 3143 τῇ

438 3176 795 3233 enuntiasset,
847 3166 926 3221 'l'u
959 3185 1012 3223 es
1054 3167 1297 3224 Christus
1335 3167 1512 3224 Filius
1543 3167 1643 3223 Dei
1670 3169 1771 3224 vivi
1800 3169 1844 3223 ².
1879 3169 2018 3224 Tum

2128 3163 2310 3232 πέτρᾳ
2327 3165 2704 3234 οὶκοδομήσω
2715 3184 2835 3237 μου
2858 3168 2974 3235 τὴν
3001 3168 3395 3234 Ἐκκλησίαν,
3416 3166 3513 3220 καὶ
3531 3167 3720 3221 πύλαι

437 3273 569 3313 vero
597 3260 652 3313 in
676 3259 897 3315 Christo
924 3259 1161 3315 Domino
1181 3269 1233 3316 et
1263 3260 1374 3317 Deo
1394 3269 1588 3317 nostro
1609 3260 1726 3316 haec
1747 3261 1856 3317 duo
1877 3261 2023 3317 dicta

2128 3256 2276 3323 ᾅδου
2297 3259 2371 3312 οὐ
2388 3259 2881 3327 κατισχύσουσιν
2903 3257 3117 3327 αὐτῆς.
3149 3259 3350 3311 Τοῦτον
3367 3258 3422 3311 δὲ
3443 3258 3534 3335 τὸν
3561 3256 3720 3326 λόγον

438 3350 694 3420 copulata
728 3361 878 3414 sunt,
913 3350 1413 3422 conlirmatumque
1442 3360 1548 3417 est,
1583 3360 1639 3407 et
1667 3351 1839 3407 Deum
1878 3366 2023 3418 esse,

438 3448 496 3497 et
526 3440 825 3496 hominem.
856 3440 913 3497 Si
943 3442 1129 3512 itaque
1163 3442 1338 3496 amba:
1369 3442 1451 3498 hae
1486 3442 1709 3498 deitatis
1749 3452 1805 3496 et
1831 3442 2025 3496 huma-

441 3530 632 3587 nitatis
688 3531 956 3598 rationes,
1005 3545 1129 3586 cum
1187 3530 1443 3588 Christus
1486 3531 1754 3588 Dominus
1784 3540 1838 3588 et
1883 3531 2026 3589 Dens

439 3628 631 3676 noster
664 3634 810 3675 unus
841 3621 1090 3687 exsistat,
1126 3634 1249 3692 post
1277 3620 1451 3692 ipsius
1482 3621 1742 3676 unionem
1772 3620 2026 3677 deeodi-

439 3720 665 3779 cuntur,
696 3720 750 3767 et
777 3728 919 3769 unus
951 3723 1005 3768 et
1028 3713 1169 3769 idem
1191 3722 1277 3770 est
1307 3713 1673 3785 sempiternus
1701 3713 1872 3771 Filius
1898 3723 2026 3771 ante

438 3805 625 3861 omnia
656 3807 854 3862 saecula
903 3821 935 3862 a
976 3805 1137 3862 Patre
1176 3807 1293 3862 sine
1336 3817 1580 3879 tempore
1619 3819 1675 3864 et
1722 3811 2027 3867 mutatione

437 3908 764 3970 prognatus,
786 3901 882 3971 qui
924 3907 1009 3956 est
1057 3915 1163 3955 una
1212 3900 1576 3956 sanctissimae
1602 3900 1887 3959 Trinitatis
1924 3901 2025 3974 hy-

441 3992 701 4063 postasis,
718 3990 862 4047 Deus
883 3990 1032 4046 Patri
1056 3992 1356 4048 secundum
1380 3993 1744 4049 aeternitatem
1766 3993 2019 4063 aqualis,

437 4092 724 4156 paternam
747 4085 1042 4141 essentiam
1073 4091 1129 4140 et
1153 4093 1405 4140 naturam
1447 4085 1504 4140 in
1539 4100 1598 4141 se
1625 4095 1889 4157 perpetuo
1918 4086 2021 4142 ha-

437 4176 711 4242 bens,sed
729 4177 820 4248 qui
837 4177 1099 4235 extremis
1121 4177 1457 4248 temporibus
1498 4193 1563 4233 ex
1588 4176 1794 4248 Spiritu
1828 4185 2022 4235 sancto

435 4268 675 4325 ctMaria
700 4268 919 4341 Virgine
938 4284 1161 4324 carnem
1181 4279 1239 4325 et
1280 4269 1675 4325 humanitatem
1695 4270 2018 4341 assumpsit,

437 4361 530 4417 hic
559 4370 795 4417 aeternus
829 4359 1002 4417 Filius
1044 4360 1167 4416 sine
1196 4360 1304 4415 ulla
1336 4361 1640 4418 mutatione
1665 4360 1861 4431 jactus
1901 4373 2023 4418 tan-

437 4467 602 4525 quam
633 4468 777 4507 unus
812 4467 881 4508 ex
911 4452 1250 4520 hominibus,
1279 4468 1374 4523 per
1403 4453 1586 4510 omnia
1618 4468 1731 4525 pra:
1758 4470 1868 4510 uno
1903 4470 2024 4525 pec-

439 4554 587 4612 cato,
637 4553 850 4613 nostra,
891 4559 1059 4615 quam
1103 4544 1219 4616 ipse
1261 4560 1369 4601 non
1403 4546 1662 4614 habebat,
1693 4556 1887 4603 natura
1926 4561 2021 4603 ac-

2125 3348 2154 3399 6
2188 3346 2392 3418 Κύριος
2437 3348 2541 3417 ἔφη
2592 3348 2673 3419 τῷ
2729 3349 2943 3420 Πέτρῳ,
3001 3349 3165 3419 ἡνίκα
3198 3349 3334 3418 πρὸς
3359 3349 3448 3403 τὸν
3490 3350 3717 3422 Κύριον,

2127 3437 2316 3492 ἑαυτὸν
2343 3439 2472 3493 Υιὸν
2528 3439 2822 3511 ἀνθρώπου
2874 3441 3205 3513 κεκληκότα,
3242 3444 3451 3513 Πέτρος
3485 3443 3682 3513 εἴρηκε
3703 3456 3716 3472 ⁶

2126 3528 2211 3582 Σὺ
2240 3525 2354 3584 ald
2398 3532 2657 3600 Χριστὸς
2709 3535 2745 3587 ὁ
2797 3532 2933 3600 Υἱὸς
2992 3533 3100 3588 τοῦ
3141 3533 3292 3589 Θεοῦ
3325 3535 3432 3588 τοῦ
3472 3534 3710 3601 ζῶντος.

2127 3621 2236 3674 Καὶ
2263 3623 2610 3695 συνήχθησαν
2667 3625 2760 3679 ἐπὶ
2792 3625 3031 3699 Χριστοῦ
3062 3626 3156 3681 τοῦ
3204 3628 3411 3699 Κυρίου
3439 3628 3536 3681 καὶ
3579 3627 3716 3682 Θεοῦ

2123 3716 2282 3788 ἡμῶν
2332 3719 2630 3790 ἀμφότεροι
2658 3721 2707 3773 οἱ
2739 3719 2911 3789 λόγοι,
2947 3722 3042 3775 καὶ
3076 3722 3445 3789 πεπίστωται,
3500 3723 3584 3776 ὅτι
3621 3724 3715 3778 καὶ

2124 3809 2257 3875 Θεὸς
2282 3811 2378 3865 καὶ
2400 3810 2688 3885 ἄνθρωπός
2720 3815 2888 3869 ἐστιν.
2921 3815 2985 3868 Εἰ
3012 3814 3107 3869 οῦν
3129 3789 3433 3887 ἀμτφότεροι
3457 3819 3507 3871 οῖ
3539 3817 3712 3885 λόγοι,

2123 3902 2225 3974 τῆς
2246 3905 2522 3975 θεότητος,
2555 3906 2722 3976 φημὶ,
2754 3905 2850 3959 καὶ
2891 3906 2992 3978 τῆς
3017 3906 3437 3979 ἀνθρωπότητος
3460 3909 3557 3963 τοῦ
3590 3907 3713 3971 ὲνὸς

2123 3994 2276 4060 ὄντος
2313 3996 2551 4068 Χριστοῦ
2575 3997 2672 4052 xui.
2702 3996 2912 4068 Κυρίου
2946 3999 3042 4053 καὶ
3066 3998 3202 4052 Θεοῦ
3231 4000 3410 4070 ἡμῶν,
3450 4001 3590 4071 μετὰ
3615 4000 3714 4073 τὴ)

2122 4087 2319 4141 ἕνωσιν
2370 4087 2536 4142 αὐτοῦ
2575 4084 3037 4160 κατηγοροῦνται,
3099 4089 3194 4143 καὶ
3221 4085 3304 4155 εἷς
3347 4092 3443 4146 καὶ
3493 4092 3522 4144 6
3550 4093 3715 4156 αύτός

2123 4179 2271 4232 ἐστιν
2324 4180 2354 4233 ό
2382 4178 2551 4242 ἀίδιος
2584 4178 2734 4245 Υἱὸς,
2766 4181 2797 4233 6
2851 4180 2958 4252 πρὸ
3008 4181 3228 4235 πάντων
3251 4181 3362 4236 τῶν
3395 4182 3609 4238 αἰώνων
3650 4184 3714 4238 ἐκ

2121 4268 2219 4323 τοῦ
2248 4271 2463 4341 Πατρός
2506 4270 2753 4342 ἀχρόνως
2784 4272 2881 4326 καὶ
2926 4273 3156 4337 ἀπαθῶς
3202 4277 3625 4347 ⁴γεγεννημένος,
3654 4277 3715 4340 ὃς

2123 4359 2272 4413 ἔστιν
2300 4360 2600 4424 ὑπόστασις
2648 4361 2749 4432 μία
2799 4362 2899 4432 τῆς
2930 4363 3092 4432 ἀγίας
3116 4363 3369 4433 Τριάδος,
3406 4364 3541 4429 Θεὸς
3601 4366 3715 4429 ἴσος

2123 4448 2201 4520 τῷ
2238 4451 2413 4522 Πατρὶ
2442 4452 2584 4506 κατά
2607 4452 2707 4523 τὴν
2734 4453 3032 4525 ἀῖδιότητα,
3076 4453 3175 4527 τὴν
3202 4454 3479 4527 πατρικὴν
3525 4456 3714 4510 οὐσίαν

2124 4542 2223 4595 καὶ
2246 4540 2409 4611 φύσιν
2434 4542 2621 4607 ἀῖδίως
2653 4544 2711 4597 ὲν
2738 4543 2920 4614 ἑαυτῷ
2945 4544 3106 4614 ἔχων,
3139 4546 3228 4599 ἐπ’
3258 4547 3506 4617 ὲσχάτων
3526 4547 3584 4600 δὲ
3605 4547 3715 4600 τῶν

439 4643 621 4708 cepta,
674 4638 729 4690 tn
783 4611 851 4692 eo
876 4611 1085 4704 divina,
1111 4611 1272 4709 quam
1320 4637 1389 4694 ab
1431 4611 2015 4710 aeterno-possidebat,

2128 4631 2351 4702 ἡμερῶν
2388 4632 2455 4691 ἔκ
2482 4632 2797 4704 Πνεύματος
2827 4611 3104 4702 ἁγίου-καὶ
3133 4611 3356 4708 Μαρίας
3381 4637 3481 4707 τῆς
3510 4634 3716 4706 Παρθέ·

438 4737 814 4798 permanente,
850 4728 1203 4787 manifestum
1231 4738 1334 4799 est,
1366 4730 1423 4786 in
1456 4731 1668 4787 duabus
1695 4731 1930 4797 naturis,
1961 4738 2018 4787 et

439 4822 578 4875 duas
602 4831 828 4876 naturas
851 4821 1151 4892 possidere,
1169 4823 1263 4894 qui
1287 4838 1429 4879 unus
1454 4832 1538 4880 cst
1559 4823 1838 4894 hypostasi
1858 4821 2018 4879 Chri-

441 4917 562 4967 stus
590 4918 716 4982 post
742 4911 1023 4977 unionem,
1059 4913 1106 4969 si
1130 4913 1291 4968 modo
1322 4914 1771 4989 compellationes
1800 4912 1943 4967 Deus
1965 4922 2022 4968 et

440 5012 596 5061 homo
624 5014 852 5062 naturas
882 5006 1147 5073 indicant,
1189 5014 1450 5077 tanquam
1487 5021 1609 5077 qua:
1636 5005 1704 5060 de
1722 5005 1908 5060 multis
1934 5004 2020 5059 di-

438 5110 663 5156 cuntur.
736 5099 1111 5156 Confessionis
1176 5098 1359 5170 itaque
1417 5097 1486 5154 de
1535 5097 1754 5153 Christo
1824 5111 2018 5152 verum

439 5187 706 5260 dogmain
734 5187 1079 5245 Chalcedone
1098 5188 1382 5244 celebratae
1420 5186 1619 5242 divinae
1645 5184 1839 5256 synodi
1891 5198 2021 5239 san-

438 5290 651 5335 ctorum
670 5279 893 5336 Patrum
925 5279 1172 5335 deﬁnitio
1196 5285 1338 5332 recte
1358 5274 1909 5341 decernit,Christum
1928 5273 2024 5328 de-

440 5372 761 5438 terminans,
802 5387 970 5427 unam
1025 5385 1145 5426 esse
1185 5384 1252 5424 ex
1296 5376 1496 5423 sancta“
1535 5366 1802 5421 'l‘rinitate
1856 5366 2016 5434 hypo-

437 5466 630 5523 stasim
660 5466 797 5521 duas
844 5473 1073 5520 naturas
1105 5461 1421 5527 habentem,
1464 5467 1719 5515 naturam
1775 5456 2017 5512 divinam

435 5571 489 5615 et
520 5567 772 5614 naturam
799 5559 1117 5613 humanam.

2124 4741 2217 4778 νου
2269 4724 2598 4794 σαρκωθεὶς,
2658 4727 2752 4779 καὶ
2786 4726 3238 4800 ὲνανθρωπήσας,
3288 4721 3445 4792 οὗτος
3482 4731 3512 4783 6
3544 4729 3713 4791 ἀΐδιος

2126 4815 2255 4881 Υἱὸς
2276 4816 2566 4887 ἀτρέπτως
2595 4817 2688 4872 καὶ
2714 4817 3110 4887 ἀναλλοιὼτως,
3143 4823 3241 4876 καὶ
3261 4820 3502 4890 γεγονὼς
3535 4823 3611 4885 ῶς
3631 4816 3712 4883 εἷς

2125 4907 2235 4963 τῶν
2265 4907 2571 4978 ἀνθρώπων
2603 4911 2746 4966 κατὰ
2771 4910 2970 4978 πάντα,
3011 4914 3183 4985 χωρὶς
3215 4915 3513 4986 ἁμαρτίας,
3539 4930 3710 4983 προσ-

2122 4997 2363 5071 ειληφὼς
2383 4999 2481 5069 τὴν
2507 5001 2803 5071 ἡμετέραν,
2837 5003 2908 5075 ἢν
2940 5004 3040 5058 οὐκ
3067 5000 3202 5076 εἶχε,
3247 5006 3433 5074 φύσιν,
3471 5022 3710 5076 μεμενη-

2122 5091 2284 5156 κυίας
2335 5090 2483 5162 αὑτῷ
2537 5093 2637 5164 τῆς
2665 5093 2836 5162 θείας,
2866 5096 2936 5167 ἢν
2974 5098 3162 5161 ἀῖδίως
3192 5100 3435 5169 προεῖχε,
3470 5098 3707 5167 φύσεωςο

2123 5181 2379 5254 φανερὸν,
2409 5183 2491 5237 ὅτι
2521 5186 2579 5237 ἐν
2605 5184 2698 5239 δύο
2722 5185 2918 5255 φύσεσι
2946 5188 3157 5242 καὶδύο
3180 5188 3371 5258 φύσεις
3403 5188 3543 5259 ἔχων
3565 5187 3712 5240 ἐστὶν

2126 5275 2156 5328 6
2183 5270 2265 5338 εἷς
2289 5278 2355 5347 τῇ
2384 5276 2680 5332 ὑποστάσει
2707 5279 2943 5350 Χριστὸς
2968 5281 3110 5351 μετὰ
3141 5282 3241 5352 τὴν
3287 5282 3486 5335 ἕνωσιν
3504 5298 3518 5312 ’
3554 5281 3713 5350 εἴπερ

2126 5365 2188 5419 τὸ
2220 5369 2364 5434 Θεὸς
2390 5367 2560 5439 ὄνομα
2581 5369 2678 5423 καὶ
2701 5370 3014 5438 ἅνθρωπος
3041 5372 3260 5442 φύσεῶν
3280 5375 3387 5427 εἱσι
3412 5371 3707 5442 δηλωτικὰ.

2126 5459 2200 5523 ὡς
2230 5459 2371 5513 κατὰ
2389 5461 2601 5514 πολλῶν
2618 5462 2916 5533 φερόμενα.
2934 5464 3142 5518 Οὐκοῦν
3161 5465 3223 5518 τὸ
3251 5465 3349 5535 τῆς
3375 5466 3456 5529 είς
3479 5461 3712 5536 Χριστὸν

2127 5551 2419 5622 ὁμολογίας
2448 5552 2542 5606 τοῦ
2586 5552 2915 5607 Ἀποστόλου
2970 5554 3224 5627 ἀληθινὸν
3248 5556 3427 5626 δόγμα
3472 5558 3501 5610 6
3520 5556 3618 5625 τῆς
3649 5554 3709 5604 ἐν

436 5649 741 5720 Χαλκηδόνι
766 5647 1283 5721 συγκεκροτημένης
1305 5644 1454 5708 θείας
1473 5644 1690 5700 συνόδου
1711 5644 1820 5699 τῶν
1848 5643 2020 5713 ἁγίων
2058 5644 2320 5713 Πατέρων
2366 5644 2493 5714 ὄρος
2543 5644 2853 5717 ὀρθοτομεῖ,
2911 5646 3003 5700 τὸν
3048 5649 3284 5719 Χριστὸν
3336 5646 3536 5718 ὁρίζων
3579 5644 3711 5719 μίαν

438 5741 738 5794 ὑπόστασιν
788 5741 854 5793 ὲκ
898 5740 998 5811 τῆς
1034 5740 1195 5811 ἁγίας
1251 5739 1478 5808 Τριάδοθ
1505 5736 1668 5808 εἶναι,
1700 5738 1793 5794 δύο
1828 5738 2019 5810 φύσεις
2045 5738 2259 5809 ἔχοντα,
2302 5739 2465 5808 φύσιν
2484 5739 2637 5795 θείαν
2667 5741 2761 5797 καὶ
2783 5741 2947 5811 φύσιν
2975 5742 3348 5814 ἀνθρωπίνην.

510 5847 527 5878 ι
554 5846 747 5903 Matth.
789 5864 902 5914 xw,
936 5850 1025 5904 18.
1099 5853 1119 5883 ⁸
1149 5850 1399 5908 lbid.16.
