4064 6394
335 343 437 407 593

1182 338 1617 402 REFUTATIO
1656 336 2042 399 EPISTOLEE
2076 335 2309 398 REGIS
2349 334 2736 396 ΛΒΜΕΝΙᾸΞ.

3496 338 3605 405 595
3666 340 3667 343 “

397 450 467 521 γ’,
490 450 603 504 Καὶ
630 448 797 518 σαφὲς
830 449 1021 501 τούτου
1072 449 1444 519 παράδειγμα,
1478 452 1525 502 εἰ
1558 449 1734 510 θέλεις
1788 462 1915 499 συν·
1945 471 1956 503 λ

2087 446 2140 498 5.
2174 442 2236 496 Ει
2266 444 2586 512 prmelarum
2646 441 2874 514 hujusce
2918 445 2994 499 rei
3053 446 3388 518 exemplum,
3441 448 3601 505 dum;

333 543 484 614 ορᾷν,
513 537 615 595 ὧδε
645 556 658 570 ·
685 540 1106 611 Προκείσθωσαν
1132 539 1224 593 οῦν
1248 540 1493 609 χρύσινοι
1530 542 1717 610 τρεῖς,
1760 541 1791 591 ὀ
1834 535 1914 602 εἷς

331 633 627 705 ὲμὸληθεὶς
660 634 813 702 πυρὶ,
848 633 944 685 καὶ
968 632 1242 701 πυρωθεὶς
1272 633 1490 699 ἐγένετο
1517 631 1648 701 πῦρ,
1679 648 1916 701 μεμενη-

330 726 442 790 κὼς
474 727 696 797 χρυσὸς,
728 719 838 790 οἷος
882 720 970 797 ἦν.
1026 726 1098 779 Σὺ
1135 720 1227 778 οῦν
1260 726 1310 777 εί
1342 725 1491 794 θείης
1531 727 1588 777 ὲν
1617 724 1775 811 μέρει
1818 724 1917 794 μὲν

329 819 455 882 τοὺς
483 819 677 881 ἄλλους
702 818 796 872 δύο
826 818 1139 889 χρυσίνους,
1179 817 1238 869 ἐν
1279 817 1435 887 μέρει
1476 817 1532 869 δὲ
1561 816 1789 881 πολλοὺς
1820 815 1917 870 ἄν·

328 911 541 983 θρακας
573 911 854 983 πυρίνους,
886 907 1005 964 εἶτα
1035 911 1125 963 τὸν
1158 908 1416 980 χρύσινον
1441 908 1532 960 τὸν
1572 907 1912 979 πυρωθέντα,

328 1004 426 1056 καὶ
447 1001 560 1072 πῦρ
591 1003 885 1072 γενόμενον
936 1002 1140 1072 μεταξὺ
1181 1000 1289 1053 τῶν
1319 1000 1496 1055 ἄλλων
1520 999 1615 1054 δύο
1647 1000 1918 1070 χρυσίνων

330 1098 425 1148 καὶ
443 1094 553 1147 τῶν
590 1094 900 1164 ἀνθράκων,
930 1095 1022 1148 τὸν
1050 1094 1306 1162 διάμεσον
1331 1092 1427 1145 ἐὰν
1468 1092 1639 1163 θεάσῃ
1664 1090 1920 1162 χρύσινον

328 1187 526 1257 ἔχοντα
547 1188 648 1257 τήν
678 1204 737 1239 τε
765 1185 929 1255 φύσιν
949 1186 1058 1239 τῶν
1081 1185 1256 1240 ἄλλων
1276 1183 1371 1239 δύο
1393 1183 1664 1255 χρυσίνων
1682 1182 1919 1248 τελείαν,

326 1281 610 1336 τουτέστιν
656 1280 786 1333 ὄντα
837 1280 1062 1350 χρυσον,
1112 1279 1188 1342 ὡς
1213 1280 1326 1331 τοῖν
1358 1277 1502 1330 δυοῖν
1555 1276 1785 1329 ἐκείνοιν
1807 1276 1922 1327 τοῖν

328 1373 608 1444 χρυσίνοιν
637 1373 918 1442 ἑκάτερον,
942 1370 1038 1425 καὶ
1062 1371 1175 1425 τῶν
1205 1369 1496 1439 ἀνθράκων
1526 1368 1711 1437 φύσιν,
1733 1364 1923 1435 ἐπειδὴ

332 1466 446 1537 πῦρ
485 1467 657 1529 ἐστιν,
712 1463 903 1534 ὥσπερ
957 1464 1065 1517 τῶν
1096 1462 1274 1518 ἄλλων
1305 1461 1597 1530 ἀνθράκων
1653 1460 1920 1520 ἕκαστος’

330 1559 425 1611 τὸν
460 1557 623 1611 αὐτον
655 1557 718 1626 δὴ
749 1557 948 1627 τρόπον
974 1558 1001 1608 ὁ
1031 1555 1201 1618 ἀΐδιος
1254 1553 1384 1615 Υἱὸς
1414 1552 1474 1618 ἐξ
1499 1549 1732 1622 ούρανοῦ
1757 1566 1926 1601 κατα-

329 1649 457 1716 ϐὰς,
493 1650 592 1719 οὺχ
632 1649 931 1702 ὑπόστασιν
988 1646 1047 1712 ἐξ
1098 1646 1277 1718 ἡμῶν,
1325 1645 1461 1698 ἀλλᾶ
1514 1644 1614 1713 τὴν
1649 1642 1927 1712 ἡμετέραν

2019 538 2181 591 tnodo
2202 536 2255 590 id
2289 551 2396 589 non
2429 551 2650 601 renuas,
2678 536 2773 590 tibi
2804 536 3017 592 habeto.
3041 537 3163 594 Sitit
3193 539 3346 594 aurei
3387 540 3602 595 nummi

2019 638 2127 682 tres
2158 646 2171 682 :
2212 643 2355 682 unus
2386 628 2441 681 in
2474 627 2651 698 ignem
2684 627 2967 698 coniectus
2995 641 3048 685 et
3080 631 3284 701 ignitus
3316 631 3492 687 factus
3520 641 3606 687 est

2020 719 2184 788 ignis,
2216 735 2505 773 remanens
2524 719 2574 773 id
2607 719 2751 788 quod
2777 719 2929 788 prius
2950 731 3068 774 erat
3096 736 3309 775 aurum.
3335 721 3416 774 'l‘u
3443 736 3607 791 porro

2020 813 2065 868 si
2130 812 2442 881 seposueris
2500 813 2639 868 alios
2690 813 2832 869 duos
2862 829 3121 888 nummos
3167 830 3367 871 aureos
3404 818 3457 870 in
3495 831 3606 871 una

2020 913 2194 973 parte,
2223 913 2278 958 et
2322 918 2386 957 ex
2425 903 2529 957 alia
2561 905 2764 960 multos
2799 906 3070 961 carbones
3107 906 3328 977 ignitos,
3366 916 3610 976 postmo-

2020 995 2151 1049 dum
2211 995 2441 1064 ignitum
2475 996 2625 1050 illum
2667 1011 2920 1059 aureum,
2946 1004 3000 1051 et
3048 997 3227 1068 ignem
3253 997 3366 1067 jam
3405 997 3609 1052 factum

2024 1088 2167 1142 inter
2198 1088 2336 1143 alios
2365 1090 2504 1144 duos
2547 1105 2748 1145 aureos
2777 1101 2829 1145 et
2857 1091 3128 1147 carbones
3155 1091 3445 1160 conjicias.
3496 1106 3612 1146 tne—

1998 1175 2174 1249 qdium
2195 1192 2478 1230 nummum
2511 1192 2735 1231 aureum
2766 1177 3062 1233 intueberis
3091 1186 3343 1232 naturam
3376 1177 3620 1233 aliorum
3652 1198 3663 1204 ν

2023 1266 2258 1320 duorum
2316 1260 2607 1323 aureorum
2671 1268 2959 1322 habentem
2997 1267 3317 1337 perfectam,
3350 1277 3619 1337 tanquam

2025 1358 2119 1427 qui
2168 1373 2359 1412 aurum
2392 1368 2494 1422 est,
2536 1358 3000 1429 quemadmodum
3030 1369 3085 1414 et
3132 1359 3250 1413 duo
3284 1359 3375 1414 alii
3436 1359 3614 1425 aurei,

2026 1451 2326 1506 carbonum
2356 1467 2578 1520 quoque
2610 1460 2888 1516 naturam,
2918 1450 3139 1521 quando
3165 1452 3306 1522 ignis
3340 1460 3445 1515 est,
3475 1451 3620 1506 sicut

2026 1553 2082 1599 et
2135 1559 2199 1599 ex
2251 1544 2374 1599 aliis
2412 1544 2745 1599 carbonibus
2798 1544 3048 1614 quilibet.
3091 1543 3208 1596 Non
3257 1543 3362 1597 alia
3403 1543 3617 1597 ratione

2029 1636 2395 1704 sempiternus
2430 1634 2603 1690 Filius
2634 1636 2702 1690 de
2724 1636 2866 1690 coelo
2893 1634 3235 1690 descendens
3261 1650 3366 1688 non
3399 1648 3429 1688 a
3456 1634 3618 1689 nobis

330 1741 498 1808 φύσιν
528 1741 711 1802 9.165,
750 1741 844 1794 καὶ
867 1739 1092 1808 γέγονεν
1114 1740 1189 1801 ὡς
1220 1734 1302 1803 εἷς
1331 1738 1391 1804 ἐξ
1418 1736 1597 1807 ἡμῶν,
1621 1735 1697 1798 ὡς
1723 1737 1751 1789 ὁ
1781 1733 1926 1797 θεῖος

2041 1727 2393 1796 hypostasim,
2431 1729 2523 1783 sed
2549 1737 2797 1781 naturam
2825 1728 3058 1796 accepit,
3090 1737 3140 1780 et
3174 1726 3350 1781 factus
3382 1737 3464 1781 est
3489 1739 3615 1780 tan-

327 1834 630 1896 ἀπόστολος
668 1832 881 1895 Παῦλος
910 1832 1081 1899 λέγει,
1110 1828 1510 1895 πεπειρᾶσθαι
1542 1825 1695 1881 κατὰ
1726 1824 1927 1881 πάντα
1954 1830 1956 1835 ’

2041 1834 2195 1888 quam
2229 1834 2370 1873 unus
2393 1833 2459 1873 ex
2500 1818 2682 1873 nobis.
2719 1818 2784 1872 Et
2817 1818 3037 1872 divinus
3085 1818 3286 1872 Paulus
3331 1817 3617 1887 apostolus

327 1925 471 1980 καθ’
499 1923 796 1994 ἡμετέραν
819 1922 1133 1993 ὁμοιότηία
1161 1920 1342 1992 χωρὶς
1386 1919 1702 1990 ἁμαρτίαςδ
1732 1918 1927 1972 Τοίνυν

326 2014 431 2069 οῦν
468 2018 497 2070 ὁ
526 2016 698 2079 ἀΐδιος
752 2014 879 2077 Υἱὸς
909 2013 1022 2087 ἔχει
1054 2014 1155 2084 τήν
1184 2029 1245 2066 τε
1292 2011 1387 2064 τοῦ
1441 2009 1655 2082 [ἰατρὸς
1703 2008 1798 2063 καὶ
1830 2007 1924 2061 τοῦ

330 2108 494 2171 ἁγίου
519 2109 563 2162 Π
572 2107 659 2161 νεύ
670 2124 858 2177 ματος,
887 2105 955 2177 ἠν
976 2105 1064 2160 ἀεὶ
1082 2106 1303 2174 προεῖχε
1325 2102 1512 2171 φύσιν,
1529 2101 1628 2171 τὴν
1648 2101 1927 2171 ἡμετέραν

330 2198 687 2268 ἀνθρωπίνην
749 2197 912 2266 φύσιν
955 2198 1092 2265 μετὰ
1123 2194 1219 2248 καὶ
1268 2193 1365 2264 τὴν
1398 2190 1593 2246 ἑαυτοῦ
1625 2191 1924 2261 σάρκωσιν,

334 2291 441 2358 μία
472 2290 732 2361 ὑπάρχων
762 2289 827 2341 ὲκ
847 2289 945 2358 τῆς
978 2286 1140 2355 ἁγίας
1181 2285 1416 2355 Τριάδος
1449 2283 1772 2346 ὑπόστασις,
1828 2282 1929 2351 τῆς

328 2384 503 2451 ἁγίας
558 2381 786 2452 Τριάδος
832 2379 1155 2452 προσθήκην
1182 2379 1283 2432 οὐκ
1334 2374 1747 2445 είσδεξαμένης.
1781 2374 1845 2427 Ei
1872 2373 1929 2427 δὲ

329 2475 498 2530 ⁸τοῦτο
527 2475 760 2546 φανερὸν
814 2472 908 2527 καὶ
959 2474 1075 2534 τοῖς
1107 2470 1278 2541 μικρὰ
1327 2467 1648 2537 δυναμένοις
1699 2467 1931 2536 συνορᾷν

332 2568 511 2632 ἐστιν,
533 2567 615 2620 ὅτι
652 2565 751 2638 τὴν
783 2563 1013 2618 σεαυτοῦ
1054 2561 1231 2628 δόξαν,
1270 2562 1369 2632 τὴν
1392 2563 1523 2630 περὶ
1555 2561 1684 2630 μιᾶς
1715 2560 1932 2628 φύσεως

333 2661 438 2716 τοῦ
472 2661 733 2731 Χριστοῦ,
757 2658 882 2712 οῦτε
909 2657 1019 2711 τῶν
1044 2657 1360 2711 ἀποστόλων
1380 2658 1408 2709 ό
1427 2655 1589 2727 χορὸς
1618 2653 1933 2727 παραδέδω-

337 2772 464 2820 κεν,
498 2751 622 2806 οὕτε
651 2753 760 2823 μὴν
783 2754 838 2804 αἰ
866 2751 1021 2818 ἅγιαι
1058 2751 1209 2819 τρεῖς
1259 2747 1490 2812 σύνοδοι,
1535 2747 1594 2800 αἱ
1650 2745 1794 2800 κατὰ
1822 2744 1935 2797 δια-

339 2848 547 2918 φόρους
575 2845 802 2915 καιροὺς
834 2841 965 2912 παρ’
989 2841 1231 2894 εὐσεϐῶν
1255 2839 1520 2911 βασιλέων
1548 2836 1775 2908 προνοίᾳ
1798 2834 1932 2889 Θεοῦ

344 2938 845 3009 συναθροισθεῖσαι,
880 2929 968 2997 αἷς
998 2935 1090 2987 καὶ
1112 2933 1276 2995 αὐτὸς
1304 2931 1393 2985 διὰ
1419 2929 1516 2983 τοῦ
1552 2928 1647 2983 σοῦ
1669 2928 1935 3000 γράμμα-

341 3051 438 3097 τος
464 3030 869 3103 συνομολογεῖς,
905 3028 999 3081 καὶ
1030 3025 1294 3097 ἀποδέχῃ,
1329 3023 1452 3078 ἐπεὶ
1482 3022 1805 3093 καθαιρέσει
1836 3019 1937 3089 μὲν

1964 1913 1969 1918 ’
2031 1910 2664 1975 asseverat,‘tentatum
2719 1910 2884 1981 fuisse
2951 1925 3043 1979 per
3098 1911 3279 1963 omnia
3331 1909 3621 1962 secundum

2031 2010 2269 2056 nostram
2293 2001 2696 2055 similitudinem
2732 2001 2925 2071 absque
2957 2009 3171 2070 peccato
3200 2000 3242 2053 ³.
3277 1999 3446 2070 Igitur
3480 2015 3623 2054 sem-

2029 2095 2280 2165 piternus
2341 2092 2515 2150 Filius
2566 2094 2729 2149 habet
2787 2092 2968 2150 Patris
3016 2102 3071 2149 et
3125 2093 3367 2164 Spiritus
3420 2093 3636 2155 sancti,

2031 2204 2194 2258 quam
2223 2204 2435 2258 semper
2456 2197 2615 2242 antea
2643 2187 2982 2257 possederat,
3002 2195 3276 2249 naturain,
3297 2190 3352 2239 et
3381 2192 3635 2237 nostram

2032 2281 2351 2344 humanam,
2380 2289 2500 2347 post
2534 2295 2688 2335 suam
2717 2277 3155 2333 incarnationem
3179 2316 3195 2342 ,
3226 2290 3352 2331 cum
3395 2274 3476 2330 sit
3516 2290 3626 2330 una

2033 2381 2236 2428 sauctm
2277 2371 2562 2428 Trinitatis
2606 2371 2938 2441 hypostasis,
2968 2370 3119 2424 nullo
3162 2378 3365 2423 sanctae
3410 2366 3635 2421 Triadis

2034 2463 2426 2522 additamento.
2454 2463 2509 2517 ιιι
2560 2463 2605 2517 si
2654 2463 2726 2516 ita
2759 2469 2865 2525 est,
2912 2459 3263 2515 manifestum
3312 2458 3382 2514 sit
3407 2456 3495 2521 iis,
3529 2459 3625 2527 qui

2034 2555 2232 2627 pusilla
2256 2554 2420 2608 etiam
2443 2568 2640 2621 capere
2676 2558 2929 2621 possunt,
2974 2558 3125 2605 tuam
3165 2548 3233 2603 de
3281 2563 3388 2602 una
3419 2546 3628 2602 Christi

2037 2658 2235 2703 natura
2275 2644 2621 2708 sententiam,
2662 2658 2838 2713 neque
2868 2639 3242 2712 apostolorum
3273 2645 3497 2703 emtum,
3529 2651 3630 2690 ne-

2036 2755 2141 2809 que
2171 2748 2283 2794 tres
2306 2747 2526 2793 sanctas
2562 2735 2802 2808 synodos
2825 2731 3062 2787 diversis
3097 2729 3438 2800 temporibus
3463 2743 3492 2781 a
3525 2727 3637 2797 piis

2040 2828 2467 2898 imperatoribus
2488 2826 2673 2882 divina
2706 2821 3055 2878 Providentia
3082 2827 3463 2891 congregatas,
3492 2830 3639 2886 quas

2038 2931 2091 2976 et
2119 2921 2235 2991 ipse
2263 2936 2359 2990 per
2383 2927 2531 2975 tuam
2567 2916 2855 2987 epistolam
2887 2915 3104 2984 recipis,
3137 2921 3192 2968 et
3231 2911 3421 2967 eodem
3468 2919 3643 2980 atque

2040 3030 2143 3070 nos
2206 3011 2393 3067 animo
2454 3010 2845 3077 voluntateque
2901 3005 3138 3075 probas,
3189 3000 3499 3056 tradidisse.
3549 3000 3645 3052 Ad

346 3131 449 3199 τῆς
494 3126 589 3180 τοῦ
660 3124 896 3193 Ἀρείου,
959 3122 1054 3176 καί
1092 3117 1458 3180 Μακεδονίου,
1513 3115 1609 3170 καὶ
1640 3111 1938 3184 Νεστορίου

2042 3104 2369 3162 refellendas
2414 3100 2665 3172 equidem
2698 3098 2836 3163 Arii,
2860 3092 3161 3152 Macedonii
3189 3100 3243 3148 et
3269 3089 3503 3147 Nestorii
3536 3103 3634 3144 ve-

354 3220 672 3285 κακοδοξίας
696 3217 914 3288 πρῶτον
940 3214 1150 3268 σύνοδοι
1197 3207 1702 3279 συναγηγερμέναι,
1752 3207 1805 3259 αἱ
1841 3204 1940 3274 μὲν

358 3312 616 3384 πρότεραι
667 3285 762 3363 δύο
806 3308 907 3378 τὴν
970 3308 1063 3359 ἐπὶ
1136 3302 1389 3373 θεολογίᾳ
1434 3300 1623 3372 ὀρθὴν
1651 3285 1941 3368 ὁμολογίαν

351 3403 665 3475 ἐτράνωσάν
692 3419 753 3455 τε
787 3400 883 3454 καὶ
909 3398 1228 3459 ὲθέσπισαν,
1275 3394 1383 3475 τοῦ.
1410 3393 1693 3464 ὁμολογεῖν
1726 3391 1943 3462 ἀληθῶς

348 3473 446 3550 τὸν
472 3495 643 3548 ἀΐδιον
674 3493 802 3546 Υἱὸν
831 3490 929 3545 καὶ
958 3490 1132 3557 Λόγον
1165 3486 1259 3540 τοῦ
1282 3473 1419 3539 Θεοῦ
1454 3485 1551 3538 καὶ
1591 3482 1827 3557 Πατρδς,
1850 3482 1945 3534 καὶ

349 3589 415 3641 τὸ
446 3585 670 3657 Πνεῦμα
698 3584 760 3637 τὸ
783 3583 940 3650 ἆγιον
974 3567 1241 3652 δμοούσια
1260 3578 1339 3647 τῷ
1368 3577 1543 3647 Πατρὶ
1579 3575 1675 3629 καὶ
1704 3556 1945 3645 ὁμοῴυῆ,

350 3679 455 3734 καὶ
480 3679 579 3749 τῆς
596 3677 769 3745 αὐτῆς
796 3675 891 3729 καὶ
921 3675 1053 3744 μιᾶς
1072 3672 1351 3742 θεότητος,
1382 3668 1643 3731 ίσοκλεῶς
1668 3666 1743 3737 τῷ
1772 3663 1947 3735 Πατρὶ

351 3759 449 3825 τὸν
476 3770 609 3823 Υίδν
663 3766 758 3821 καὶ
808 3765 871 3818 τὸ
930 3764 1086 3831 ἆγιον
1148 3760 1380 3830 Πνεῦμα
1417 3758 1690 3830 μετέχειν,
1725 3757 1818 3810 καὶ
1852 3756 1951 3809 ἕνα

350 3850 491 3939 θεὸν
518 3860 588 3914 τὰ
616 3859 744 3932 τρία
793 3855 1060 3922 δοξάζειν,
1092 3854 1197 3908 κᾶν
1250 3853 1377 3923 τρία
1426 3853 1543 3914 ταῖς
1586 3850 1816 3919 ἰδιότησι
1851 3865 1950 3901 πι-

356 3953 640 4024 στεύηται,
655 3951 752 4006 καὶ
774 3949 1069 4021 μηδέτερον
1091 3950 1173 4011 εἰς
1195 3947 1402 4016 κτίσμα
1424 3945 1630 3999 τούτων
1663 3941 1949 4008 κατάγειν.

396 4040 530 4124 τῦται
551 4044 608 4099 δὲ
634 4042 766 4114 περὶ
792 4042 921 4113 μιᾶς
945 4039 1160 4110 φύσεως
1188 4037 1285 4093 τοῦ
1311 4037 1453 4091 κατὰ
1476 4034 1714 4108 Χριστὸν
1748 4050 1956 4105 μυστη-

361 4139 481 4211 ρίου
503 4134 757 4207 οὐδαμῶς
785 4131 1083 4188 ὲθὲσπισάν
1111 4148 1171 4185 τε
1195 4130 1292 4185 καὶ
1318 4129 1547 4200 ὥρισαν.
1594 4127 1657 4181 Ἦ
1681 4127 1738 4180 δὲ
1761 4125 1954 4196 πρώτη

360 4228 466 4301 μὲν
488 4230 546 4281 ὲν
566 4224 980 4296 Ἐφέσφ,τρίτη
1002 4222 1061 4276 δὲ
1090 4220 1227 4293 πρὸς
1253 4222 1375 4282 ταῖς
1418 4218 1571 4271 δυσὶν
1600 4213 1956 4286 οἱκουμενικὴ

358 4320 498 4390 ἁγία
518 4319 758 4383 σύνοδος,
787 4316 928 4387 αῦτη
955 4315 1055 4387 μὲν
1080 4314 1178 4384 τὴν
1197 4312 1293 4367 τοῦ
1319 4310 1618 4379 Νεστορίου
1638 4305 1958 4372 κακοδοξίαν

362 4410 806 4486 θριαμὸεύσασα,
836 4409 958 4478 ἥτις
987 4407 1080 4460 τὸν
1111 4406 1207 4460 ἕνα
1233 4404 1468 4476 Χριστὸν
1493 4403 1586 4456 καὶ
1624 4390 1830 4471 Κύριον
1862 4399 1957 4454 καὶ

360 4505 501 4560 Θεὸν
529 4503 688 4573 ἡμῶν
737 4503 817 4566 εἰς
868 4500 963 4555 δύο
991 4499 1143 4562 υἱοὺς
1187 4498 1285 4551 καὶ
1315 4495 1409 4550 δύο
1439 4494 1708 4565 πρόσωπα
1729 4509 1960 4546 κατατε-

367 4601 492 4670 μεῖν
519 4596 811 4666 ὲτόλμησε,
836 4593 931 4647 καὶ
956 4591 1058 4663 τὴν
1093 4590 1372 4657 πάναγνον
1401 4588 1495 4641 καὶ
1539 4585 1704 4654 ἁγίαν
1745 4583 1960 4655 Παρθέ-

364 4706 462 4743 νον
494 4688 787 4742 Θεοτόκον
829 4684 1016 4739 καλεῖν
1067 4678 1613 4753 ἁπηρυθριασμένως
1667 4679 1695 4730 ὁ
1728 4676 1963 4738 δείλαιος

364 4781 472 4835 οὐκ
500 4779 676 4851 ὴξίου,
733 4776 934 4850 μᾶλλον
968 4776 1066 4847 μὲν
1115 4770 1211 4828 οῦν
1239 4773 1668 4842 Χριστοτόκον,
1700 4769 1777 4832 ὡς
1808 4766 1963 4837 ψιλὸν

367 4872 662 4942 ἄνθρωπον
687 4870 1050 4940 γεννήσασαν.
1078 4868 1188 4930 Τὰς
1216 4867 1327 4937 γὰρ
1358 4865 1453 4919 δύο
1475 4863 1666 4934 φύσεις
1690 4860 1783 4915 τοῦ
1833 4861 1964 4930 Ἐμ-

374 4960 646 5033 μανουὴλ,
662 4959 723 5027 ὲξ
748 4953 823 5013 ὧν
840 4960 935 5013 καὶ
962 4959 1021 5012 ὲν
1048 4952 1137 5020 αἶς
1155 4958 1185 5011 ό
1212 4956 1447 5028 Χριστὸς
1470 4954 1777 5025 ἐθεωρεῖτο,
1793 4952 1961 5022 ἤγουν

372 5052 478 5124 τὴν
495 5051 747 5122 θεότητα,
770 5051 933 5120 φημὶ,
968 5049 1064 5104 καὶ
1081 5049 1182 5120 τὴν
1203 5047 1617 5118 ἀνθρωπότητα,
1648 5041 1753 5097 ἀνὰ
1796 5041 1861 5112 μέ
1872 5057 1962 5111 ρος

374 5144 574 5210 τιθεὶς,
606 5144 701 5198 καὶ
737 5142 1120 5203 ἰδιοσυστάτως
1148 5141 1356 5201 ταύτας
1405 5134 1707 5208 ὁμολογῶν,
1738 5134 1833 5186 καὶ
1862 5131 1968 5202 φύ-

309 5223 343 5289 ῖ
379 5253 467 5313 σιν
487 5236 817 5307 ἀπρόσωπον
860 5234 937 5305 μὴ
989 5231 1248 5300 δοξάζων,
1292 5231 1387 5284 καὶ
1425 5229 1513 5284 διὰ
1532 5226 1690 5282 τοῦτο
1710 5225 1837 5280 ὅσαι
1872 5223 1971 5294 μὲν

378 5329 440 5383 αἱ
457 5328 672 5398 φύσεις,
697 5327 935 5381 τοσαῦτα
960 5326 1056 5379 καὶ
1087 5326 1157 5379 τὰ
1185 5324 1453 5395 πρόσωπα
1484 5318 1849 5385 συνεισάγων,
1878 5315 1973 5370 καὶ

384 5412 643 5497 σχετικὴν
671 5418 865 5472 ἕνωσιν
888 5416 982 5471 τοῦ
1008 5415 1143 5470 Θεοῦ
1181 5415 1355 5484 Λόγου
1392 5414 1528 5485 πρὸς
1552 5411 1645 5466 τὸν
1661 5412 1725 5464 ὲκ
1748 5400 1970 5476 Μαρίας

382 5510 717 5582 γεννηθέντα
738 5509 1029 5581 ὡμολόγει.
1058 5508 1354 5579 Τοιγάρτοι
1389 5504 1582 5559 τοῦτον
1640 5497 1971 5570 ἀναθεματί-

388 5618 552 5671 σασα,
583 5601 839 5659 ὲθέσπισέ
875 5618 935 5655 τε
971 5600 1067 5655 καὶ
1112 5598 1361 5672 ἐκύρωσε
1390 5596 1490 5669 τὴν
1520 5594 1641 5649 καθ’
1672 5593 1972 5669 ὑπόστασιν

501 5784 521 5815 ³
553 5780 720 5838 Hebr.
751 5799 825 5848 tv,
863 5780 950 5836 15.

2044 3196 2517 3266 sanas-opiniones
2550 3192 2656 3248 illa:
2689 3199 2897 3247 coacta:
2930 3195 3086 3252 sunt,
3122 3185 3312 3257 primae
3343 3185 3463 3239 dum
3502 3197 3636 3252 pro-

2043 3288 2338 3345 fessionem
2370 3286 2438 3342 de
2461 3286 2570 3341 Deo
2597 3294 2802 3340 rectam
2845 3286 3254 3351 exposuerunt,
3295 3284 3349 3331 et
3374 3274 3640 3330 decreve-

2045 3391 2193 3447 runt,
2223 3389 2282 3436 ut
2307 3394 2499 3435 omnes
2546 3391 2675 3433 vere
2704 3374 3061 3447 proﬁtentur,
3114 3368 3507 3440 sempiternum
3543 3363 3640 3420 Fi-

2047 3474 2178 3529 lium
2213 3482 2268 3527 et
2292 3470 2534 3527 Verbum
2559 3467 2655 3524 Dei
2700 3475 2757 3523 et
2782 3465 2982 3530 Patris,
3017 3476 3230 3518 necnon
3285 3468 3340 3515 et
3387 3466 3652 3514 sanctum

2050 3567 2315 3637 Spiritum
2378 3562 2622 3634 ejusdem
2671 3558 2925 3615 essentia:
2972 3562 3292 3622 naturaeque
3340 3565 3464 3605 esse
3510 3562 3655 3602 cum.

2048 3660 2233 3726 Patre,
2257 3668 2311 3714 et
2361 3656 2609 3713 eamdem
2640 3662 2694 3710 et
2718 3668 2882 3709 unam
2926 3648 3266 3704 divinitatem
3300 3641 3494 3713 :equali
3524 3641 3644 3711 glo-

2051 3756 2129 3810 ria
2167 3768 2291 3809 cum
2336 3751 2497 3807 Patre
2524 3747 2726 3804 Filium
2780 3755 2836 3801 et
2880 3742 3145 3812 Spiritum
3188 3743 3446 3794 sanetum
3469 3735 3657 3803 parti--

2051 3847 2254 3916 cipare,
2281 3853 2337 3898 et
2366 3857 2537 3897 unum
2563 3838 2735 3892 Deum
2778 3834 2884 3890 tria
2913 3832 3031 3886 haec
3059 3827 3332 3892 conﬁteri,
3371 3823 3497 3880 licet
3520 3837 3649 3892 pro-

2052 3937 2378 4010 prietatibus
2407 3935 2512 3990 tria
2543 3945 2668 3987 esse
2718 3928 3034 3988 credantur,
3062 3931 3119 3977 et
3144 3937 3209 3976 ex
3263 3919 3353 3973 his
3382 3924 3641 3971 neutrum

2055 4006 2121 4086 ad
2155 4036 2439 4084 creaturas
2459 4021 2695 4079 deferre.
2729 4018 2798 4074 Et
2826 4019 2910 4073 ha:
2936 4018 3003 4070 de
3020 4028 3139 4079 ,una
3171 4019 3365 4066 natura
3400 4006 3655 4079 mysterii:

2055 4123 2356 4179 secundum
2382 4117 2662 4174 Christum
2687 4111 2822 4168 nihil
2848 4106 3219 4170 saneiverunt,
3265 4110 3360 4156 aut
3387 4099 3647 4156 delinire-

2058 4225 2207 4269 runt.
2259 4209 2441 4264 Prima
2501 4216 2683 4260 autem
2747 4197 3043 4272 Ephesina,
3097 4195 3193 4250 sed
3248 4191 3405 4248 tertia
3453 4187 3663 4243 ordine

2059 4301 2400 4362 memnenica
2434 4305 2625 4355 sancta
2655 4293 2919 4367 synodus,
2948 4286 3187 4344 Nestorii
3220 4281 3412 4338 haeresi
3452 4278 3643 4335 debel-

2063 4399 2208 4461 lata,
2253 4393 2346 4462 qui
2379 4405 2550 4445 unum
2607 4386 2884 4442 Christum
2915 4390 2970 4436 et
3021 4376 3312 4433 Dominum
3369 4381 3424 4427 et
3473 4369 3645 4422 Deum

1982 4450 2037 4511 D
2355 4485 2410 4537 iu
2460 4482 2600 4536 duos
2634 4477 2798 4540 ﬁlios,
2840 4482 2896 4528 et
2923 4470 3063 4527 duas
3115 4478 3381 4539 personas
3406 4459 3651 4517 dividere

2063 4594 2274 4642 ausus,
2322 4567 2894 4629 immaculatissimam
2951 4567 3313 4627 sanctamque
3368 4551 3649 4624 Virginem

2062 4672 2303 4727 vocitare
2337 4666 2624 4735 Deiparam
2659 4653 3027 4714 inverecunde
3058 4648 3227 4706 nimis
3255 4645 3418 4700 miser
3458 4655 3651 4698 renue-

2062 4765 2174 4826 bat,
2210 4760 2303 4817 sed
2335 4758 2517 4827 potius
2549 4752 2966 4820 Christiparam,
2991 4753 3277 4811 tanquam,
3309 4749 3433 4805 quae
3450 4744 3649 4827 purum

2063 4824 2350 4910 hominem
2367 4847 2648 4919 genuisset
2679 4860 2692 4896 :
2728 4852 2962 4907 namque
2995 4835 3134 4888 duas
3157 4824 3533 4884 Etnmanuelis
3555 4835 3653 4876 na-

2069 4956 2245 5009 tui-as,
2267 4958 2330 4997 ex
2369 4911 2580 5011 quibus
2608 4944 2664 4990 et
2683 4934 2737 4988 in
2772 4928 2973 5000 quibus
3002 4922 3283 4980 Christum
3314 4911 3649 4982 centenipla-

2071 5049 2216 5097 mur,
2228 5030 2492 5099 deitatem
2523 5034 2717 5092 nempe
2737 5027 2792 5073 et
2833 5011 3223 5074 humanitatem
3250 5020 3349 5099 per
3463 5013 3629 5055 unam

2071 5086 2348 5200 quamque
2380 5086 2669 5187 separans,
2694 5116 2749 5166 et
2770 5118 2925 5176 atque
2961 5116 3026 5156 ac
3049 5099 3095 5155 si
3124 5095 3347 5169 propria
3377 5086 3656 5163 hypostasi

2071 5189 2438 5277 subsisterent
2469 5214 2811 5263 asseverans,
2841 5206 2895 5251 et
2917 5194 3123 5259 absque
3148 5198 3380 5258 persona
3405 5189 3655 5236 naturam

2075 5308 2281 5366 nullam
2305 5309 2629 5372 agnoscens,
2659 5300 2716 5347 et
2759 5297 3047 5359 propterea
3081 5288 3159 5334 tot
3204 5276 3658 5372 personas,“quot

2076 5360 2235 5458 erant
2263 5360 2491 5453 naturae.
2522 5360 2900 5442 introducens,
2928 5369 3231 5430 secundum
3279 5360 3656 5421 habitudinem

2078 5456 2341 5549 unionem
2363 5482 2457 5539 Dei
2482 5476 2645 5537 Verbi
2676 5472 2742 5528 ad
2773 5484 2920 5529 eum,
2948 5461 3041 5533 qui
3069 5474 3134 5515 ex
3168 5456 3337 5549 Maria
3358 5456 3659 5549 prognatus

2081 5543 2555 5650 erat,assercbat,
2586 5564 2837 5626 eumdem
2869 5556 3214 5615 anathemate
3271 5546 3438 5613 feriit,
3464 5543 3655 5600 decre-
