4064 6454
407 407 514 471 595

1678 401 1972 462 ΝῘΟΕΤᾸΞ
2010 401 2415 461 ΒΥΖΑΝΤΙΝΙ

3574 388 3681 453 596

402 523 594 592 vitque
647 531 701 577 et
757 519 1043 576 constituit
1094 518 1359 573 unionem
1408 514 1754 570 essentintcm
1798 521 1853 567 et
1902 528 1990 567 se-

2120 514 2188 567 ιαὶ
2210 510 2447 580 ούσιώδη
2502 510 2703 564 ἕνωσιν
2729 507 2836 563 τῶν
2872 506 2968 561 δύο
3003 507 3241 577 φύσεων,
3275 507 3373 576 τῆς
3399 504 3676 575 θεότητος.

405 613 645 671 cundum
701 598 1034 683 hypostasim
1089 608 1323 663 duarum
1368 615 1726 665 naturarum,
1777 602 1996 657 deitatis

408 703 618 759 scilicet
648 710 703 757 et
730 701 1108 764 humanitatis,
1163 700 1217 753 in
1250 713 1361 753 uno
1393 698 1630 759 Christo,
1661 710 1767 749 una
1797 708 1993 762 nempe

409 795 690 868 hypostasi
723 794 1026 851 observari.
1079 790 1242 845 Nullo
1271 791 1456 860 itaque
1496 789 1657 843 modo
1687 797 1872 841 sancta
1905 803 1996 858 sy—

411 888 611 955 nodus,
634 886 835 954 vesani:
851 884 1085 941 Nestorii
1110 883 1447 954 opinionem,
1470 894 1592 949 qum
1619 879 1754 933 duas
1770 878 1825 931 in
1846 877 2000 933 Chri-

294 996 303 1003 ‘
411 987 499 1033 sto
539 990 803 1045 personas
821 975 1122 1037 astruebat,
1156 972 1549 1036 condemnans,
1572 985 1733 1023 unam
1761 971 1813 1023 in
1837 968 1999 1024 Chri—

414 1079 503 1125 sto
563 1078 815 1123 naturam
876 1080 1100 1135 prorsus
1149 1063 1499 1119 asserendam
1554 1075 1677 1117 esse
1729 1060 1994 1115 decernit.

414 1160 632 1217 Etenim
665 1174 840 1230 neque
868 1158 1039 1228 prima
1068 1164 1256 1212 saneta
1280 1155 1539 1227 synodus,
1562 1168 1685 1224 quae
1706 1162 1817 1208 tres
1845 1160 2002 1207 natu-

418 1267 512 1310 ras
540 1252 598 1307 in
624 1251 843 1315 divinis,
873 1266 997 1320 quae
1024 1257 1139 1304 erat
1169 1247 1285 1301 Arii
1311 1246 1521 1315 opinio,
1562 1245 1804 1309 sustulit,
1833 1244 2005 1313 proti-

419 1358 526 1400 nus
584 1351 643 1399 et
701 1341 929 1398 triadem
996 1339 1357 1409 hypostaseon
1430 1337 1736 1406 denegavit.
1803 1334 1894 1389 Sic
1951 1343 2005 1388 et

421 1432 697 1503 Ephesius
728 1432 882 1486 tertia
931 1431 1173 1501 synodus
1223 1430 1291 1484 de
1336 1428 1553 1483 duabus
1609 1426 1999 1499 hypnstasihns

420 1524 742 1583 sententiam
757 1523 1102 1579 anathemate
1122 1523 1343 1585 feriens,
1365 1535 1473 1576 non
1497 1520 1681 1575 statim
1701 1525 1754 1572 et
1778 1527 2005 1572 natura-

423 1633 544 1670 rum
577 1616 945 1671 diversitatem
979 1613 1382 1670 condemnavit.
1421 1611 1683 1679 Quinimo
1735 1610 1801 1664 ad
1834 1609 2006 1664 stshi-

420 1706 655 1762 liendam
688 1705 990 1762 secundum
1028 1705 1363 1777 hypostasim
1392 1712 1447 1759 et
1467 1701 1812 1758 essentialt-m
1847 1699 2008 1754 unio—

421 1814 547 1853 nem
588 1808 912 1853 naturarum
951 1798 1120 1853 unius
1156 1796 1385 1859 Christi,
1412 1794 1634 1849 deitatis
1671 1800 1725 1847 et
1757 1789 2010 1846 humani-

2096 605 2262 673 λέγω,
2295 604 2389 657 καὶ
2454 602 2550 671 τῆς
2583 597 3005 670 ἀνθρωπότητος
3058 597 3116 649 ὲν
3171 595 3250 666 τῷ
3304 596 3385 648 ἐνὶ
3434 593 3678 665 Χριστῷ,

2096 698 2265 769 ἧγουν
2284 699 2349 768 τῇ
2385 697 2485 767 μιᾷ
2522 695 2820 749 ὑποστάσει
2846 688 3193 763 θεωρεῖσθαι.
3228 687 3496 758 Οὐδαμῶς
3525 684 3676 756 οὖνὴ

2097 791 2401 863 ἀναιροῦσα
2422 789 2551 858 ἁγία
2580 788 2795 851 σύνοδος
2822 787 2883 840 τὺ
2913 784 3007 838 τοῦ
3041 781 3446 854 ματαιόφρονος
3467 779 3669 832 Νεστο-

2101 886 2218 958 ρίου
2245 882 2520 954 φρόνημα,
2537 880 2598 934 τὸ
2618 879 2841 944 δοξάζον
2879 877 2971 930 ἐπὶ
2992 872 3231 945 Χριστοῦ
3255 872 3350 926 δύο
3377 869 3672 940 πρόσωπα.

2102 975 2412 1037 συνεισάγει
2462 971 2760 1039 ὲξάπαντος
2811 968 2872 1022 τὸ
2925 968 3055 1037 μίαν
3109 966 3272 1035 φύσιν
3302 964 3395 1017 ἐπὶ
3445 960 3681 1033 Χριστοῦ

2099 1069 2403 1139 ὁμολογεῖν.
2434 1064 2673 1134 Καὶγᾶρ
2703 1063 2795 1114 ἐπὶ
2823 1060 2923 1129 τῆς
2953 1055 3255 1125 θεολογίας,
3309 1054 3408 1125 οὑχ
3456 1056 3487 1122 ἡ
3526 1053 3680 1105 ἀναι-

2106 1161 2273 1230 ροῦσα
2300 1158 2496 1231 πρώτη
2527 1155 2661 1225 ἀγία
2692 1153 2908 1216 σύνοδος
2931 1151 2992 1205 τὸ
3018 1149 3238 1222 τρισσὸν
3261 1147 3361 1217 τῆς
3393 1144 3683 1216 ὁμολογίας

2100 1252 2211 1307 τῶν
2241 1251 2461 1320 φύσεων
2513 1249 2575 1301 τὸ
2625 1246 2721 1299 τοῦ
2766 1244 2984 1317 Ἀρείου
3037 1243 3317 1312 φρόνημα,
3352 1238 3454 1307 ἢδη
3504 1237 3595 1288 καὶ
3627 1234 3687 1286 τὸ

2102 1343 2326 1416 τρισσὸν
2372 1341 2470 1411 τῆς
2533 1337 2885 1400 ὑποστάσεως
2942 1335 3157 1407 ἀνῄρει.
3221 1330 3407 1393 Οὕτως
3437 1328 3592 1396 καὶὴ
3631 1328 3688 1379 ἐν

2116 1438 2327 1506 Ἐφέσῳ
2354 1435 2483 1503 άγία
2513 1433 2671 1504 τρίτη
2707 1429 2923 1492 σύνοδος
2956 1422 3406 1495 ἀναθεματίσασα
3424 1420 3497 1477 sb
3516 1419 3688 1473 διττὶν

2104 1530 2213 1584 τῶν
2244 1525 2595 1582 ὑποστάσεων
2624 1522 2901 1595 φρόνημα,
2946 1519 3047 1573 οὑκ
3095 1516 3198 1590 ῆίη
3228 1515 3322 1569 καὶ
3368 1512 3431 1567 τὺ
3457 1511 3565 1565 τῶν
3589 1509 3690 1579 φύ-

2109 1639 2247 1675 σεων
2273 1619 2529 1690 διάφορον
2553 1615 2754 1671 ἀνεῖλε.
2787 1611 3069 1679 Μενοῦνγε
3095 1608 3233 1679 πρὸς
3264 1603 3557 1677 βεϐαίωσιν
3590 1601 3689 1669 τῆς

2107 1716 2231 1769 καθ’
2258 1713 2554 1765 ὑπόστασιν
2589 1710 2683 1762 καὶ
2709 1705 3005 1766 οὐσιὼδους
3038 1699 3285 1764 ὲνώσεως
3328 1695 3441 1752 τῶν
3475 1693 3692 1763 φύσεων

2108 1807 2205 1862 τοῦ
2245 1806 2364 1867 ἐνδς
2396 1802 2661 1874 Χριστοῦ,
2694 1799 2837 1870 φημὶ
2856 1797 2913 1850 δὲ
2940 1796 3038 1865 τῆς
3070 1793 3325 1862 θεότητος
3360 1788 3457 1844 καὶ
3479 1786 3690 1857 ἀνθρωο

423 1889 573 1952 tatis,
596 1889 836 1945 hominis
863 1888 1173 1960 exemplum
1204 1887 1509 1957 usurpavit,
1541 1885 1634 1955 qui
1680 1900 1744 1938 ex
1793 1882 2010 1937 duabus

2120 1901 2372 1972 πότητος,
2397 1899 2491 1953 καὶ
2514 1897 2607 1950 τόν
2637 1912 2759 1949 τινα
2787 1892 3073 1963 ἄνθρωπον
3105 1886 3504 1957 ὑποδείγματος
3528 1881 3694 1954 χάριν

423 1980 662 2045 naturis,
721 1996 988 2051 corporea
1042 1990 1208 2049 atquc
1266 1979 1582 2047 incorporea
1622 1976 1915 2037 conflatus,
1956 1974 2012 2026 in

376 2096 379 2101 ·
426 2072 644 2129 duabus
673 2073 885 2127 naturis
906 2072 1308 2137 consideratur,
1341 2071 1467 2126 licet
1525 2084 1629 2122 una
1672 2076 1881 2122 tantum
1917 2066 2013 2136 hy-

425 2166 666 2237 postasis
694 2166 766 2221 sit
794 2166 1107 2235 quicunque
1137 2166 1318 2219 homo.
1345 2163 1411 2218 Et
1436 2162 1688 2233 quamvis
1707 2159 2012 2228 exemp‘um

426 2259 495 2314 dt:
530 2257 752 2313 homine
783 2258 1101 2327 particulsri
1147 2272 1254 2311 non
1284 2256 1338 2309 in
1379 2253 1634 2309 omnibus
1676 2251 2015 2307 assimilatur

428 2348 620 2403 unioni
646 2346 884 2411 Christi,
935 2362 1002 2401 eo
1038 2356 1217 2400 tamen
1268 2342 1614 2399 solummodo
1642 2341 1712 2397 ad
1764 2342 2013 2395 insanam

427 2434 665 2493 Nestorii
706 2436 1016 2505 opinionem
1056 2435 1406 2490 refellendam
1440 2449 1539 2488 usa
1560 2443 1665 2496 est,
1705 2432 1795 2500 qui
1835 2431 2013 2502 palam

428 2524 735 2581 aﬂirmabst
765 2525 970 2581 nullam
994 2540 1118 2581 esse
1145 2525 1354 2595 absque
1385 2523 1605 2595 propria
1642 2536 1874 2592 persona
1918 2538 2016 2575 net-

429 2626 637 2682 turam,
662 2616 893 2685 fierique
939 2631 1050 2671 non
1093 2630 1275 2685 posse,
1307 2624 1368 2669 ut
1408 2616 1530 2669 duae
1570 2623 1781 2669 naturae
1816 2627 2017 2668 secun-

431 2706 562 2761 dum
595 2704 930 2776 hypostasim
958 2712 1015 2760 et
1045 2704 1593 2760 essentialiterunitaa
1628 2703 1684 2757 in
1705 2719 1813 2758 una
1845 2704 2016 2774 hypo-

430 2798 566 2857 stasi
601 2796 984 2859 observentur,
1028 2810 1152 2866 qua:
1200 2809 1310 2851 non
1358 2795 1679 2851 inferantet
1707 2798 1842 2851 duas
1890 2808 2017 2865 per-

432 2905 620 2954 sonas,
653 2888 801 2956 quod
854 2888 1113 2943 unionem
1172 2888 1492 2952 schetiram,
1544 2889 1663 2944 sive
1713 2887 2015 2944 secundum

432 2981 836 3042 habitudinem.
888 2979 1074 3047 edicit,
1121 2979 1357 3051 ideoque
1410 2980 1553 3035 duos
1597 2979 1738 3034 ﬁlios
1776 2992 1831 3034 et
1875 2978 2018 3033 duos

430 3075 685 3130 Christos
709 3074 876 3129 miser
901 3073 1319 3143 depraadicabat.
1365 3073 1519 3128 lianc
1571 3074 1762 3129 falsam
1798 3072 2016 3143 opinio-

2114 1992 2502 2067 προσείληφεν,
2565 1989 2624 2054 δς
2658 1989 2722 2042 ἐκ
2752 1985 2846 2041 δύο
2882 1985 2978 2057 μὲν
3010 1983 3249 2052 φύσεων,
3309 1975 3567 2048 σώματός
3611 1991 3692 2040 τε,

2116 2086 2280 2157 φημὶ,
2327 2084 2423 2138 καὶ
2463 2081 2779 2152 ἀσωμάτου,
2832 2077 2933 2149 τὴν
2986 2074 3234 2129 σύνθεσιν
3263 2069 3487 2141 ἔσχηκε,
3520 2068 3613 2157 καὶ
3640 2067 3697 2157 ἐν

2244 2174 2452 2244 φύσεσι
2497 2151 2805 2241 θεωρεῖται,
2850 2166 2948 2238 μία
3001 2182 3087 2229 τις
3140 2162 3444 2224 ὑπόστασις
3494 2151 3630 2212 οὖσα
3670 2156 3697 2209 ό

2116 2266 2436 2321 καθέκαστα
2465 2263 2774 2335 ἄνθρωπος.
2814 2259 2924 2315 Καὶ
2944 2259 3006 2313 οὑ
3031 2254 3174 2311 κατά
3206 2256 3386 2309 πάντα
3421 2246 3698 2321 ἐξομοιού-

2121 2374 2283 2429 μενον
2316 2356 2378 2410 τὸ
2415 2354 2771 2426 παράδειγμα
2800 2351 2895 2407 τοῦ
2931 2365 3078 2414 τινος
3108 2345 3403 2420 ἀνθρώπου
3437 2341 3576 2413 πρὸς
3600 2339 3698 2410 τὴν

2116 2448 2260 2504 κατὰ
2315 2446 2552 2518 Χριστὸν
2582 2445 2799 2509 ἕνωσιν,
2842 2442 2982 2497 ἀλλὰ
3046 2441 3208 2512 μόνον
3266 2438 3405 2509 πρὸς
3458 2434 3557 2507 τὴν
3603 2431 3697 2487 τοῦ

2117 2540 2418 2612 Νεπορεου
2445 2537 2739 2593 κακόνοιαν
2773 2533 3193 2603 άποτεινομένη,
3228 2530 3287 2595 δς
3317 2525 3529 2602 τρανῶς
3564 2522 3697 2595 εφα-

2121 2650 2242 2699 σκε,
2274 2632 2349 2703 μὴ
2375 2626 2516 2684 εἶναι
2564 2629 2726 2699 φύσιν
2773 2628 2944 2699 χωρὶς
3000 2624 3202 2679 οἰκείου
3256 2620 3575 2695 προσώπου,
3605 2614 3701 2669 καὶ

2121 2723 2385 2779 ἀδύνατόν
2413 2724 2560 2777 ἐστιν
2596 2720 2725 2774 ἰδεῖν
2752 2718 2847 2774 δύο
2884 2717 3076 2788 φύσεις
3110 2713 3233 2768 καθ’
3261 2711 3583 2770 ὑπόστασιν,
3602 2706 3696 2760 καὶ

2122 2814 2397 2878 οὑσιωδῶς
2441 2810 2730 2884 ἡνωμένας
2778 2812 2838 2864 ἐν
2876 2810 2974 2880 μιᾷ
3027 2805 3343 2865 ὑποστάσει,
3377 2799 3452 2873 μὴ
3485 2813 3698 2852 συνεισε-

2121 2905 2364 2976 αγούσας
2388 2904 2483 2958 καὶ
2510 2902 2606 2957 δύο
2629 2902 2921 2974 πρόσωπα,
2950 2900 3088 2970 ὅπερ
3111 2897 3254 2951 ποιεί
3278 2889 3537 2964 σχετικὴν
3565 2888 3697 2943 ἒνωο

2124 3015 2229 3056 σιν.
2267 2996 2361 3050 καὶ
2405 2995 2495 3050 διὰ
2541 2992 2700 3048 τοῦτο
2752 2993 2845 3047 δύο
2872 2990 3044 3055 υἱοὺς,
3084 2990 3179 3042 καὶ
3212 2988 3306 3041 δύο
3352 2982 3642 3057 Χριστοὺς,
3672 2980 3703 3033 ὁ

2122 3090 2354 3153 δείλαιος
2376 3089 2668 3160 ἐκήρυττε.
2700 3085 2881 3157 Ταύτῃ
2911 3102 2991 3138 τοι
3016 3083 3115 3138 τὴν
3145 3080 3313 3153 ψευδῆ
3359 3075 3520 3143 δόξαν
3549 3076 3699 3130 ἀναι-

431 3181 559 3223 nem
592 3165 881 3230 dirimens,
923 3165 1163 3221 hominis
1192 3165 1503 3236 exemplum
1558 3166 1864 3234 usurpavit.
1904 3162 2015 3217 lmo

432 3260 719 3282 ..ΙΑ----ηΑ
753 3258 983 3282 ,1-ΣΙΑ-μ.
1022 3257 1210 3282 ηιμ.--
1257 3260 1313 3282 ε..
1367 3268 1554 3282 --_-n-
1596 3260 1750 3282 n-..a2-
1808 3257 2015 3282 -....Α.ΙΑ

2125 3182 2297 3255 ροῦσα
2344 3180 2425 3252 τῷ
2456 3197 2602 3245 τινος
2648 3178 2942 3250 ἀνθρώπου
2969 3174 3377 3248 παραδείγματι
3407 3171 3698 3282 ἐχρήσατρ.

432 3260 721 3330 plerosque
748 3258 985 3314 deiferos
1021 3257 1213 3315 Patres
1257 3260 1315 3314 in
1366 3268 1559 3316 sancta
1596 3260 1752 3314 tertia
1807 3257 2020 3330 synodo

431 3351 708 3422 Ephesius
729 3352 890 3407 divus
916 3351 1159 3423 Cyrillns
1191 3351 1248 3406 in
1291 3354 1533 3408 medium
1564 3352 1814 3414 adduxit,
1847 3349 2022 3406 stabi-

432 3445 575 3500 lieus
596 3443 900 3500 secundum
934 3444 1269 3514 hypostasim
1321 3445 1580 3499 unionem
1619 3446 1670 3498 in
1707 3460 1814 3498 una
1847 3445 2021 3514 hypo-

434 3535 594 3598 stasi,
623 3534 718 3605 qui
751 3544 837 3589 est
863 3534 1120 3590 Christus
1148 3535 1205 3591 in
1233 3534 1466 3590 diversis
1523 3536 1736 3589 naturis
1783 3534 2023 3604 agnitus.

434 3624 595 3693 Quod
627 3639 761 3679 vero
791 3624 848 3678 in
883 3622 1118 3679 diversis
1149 3624 1357 3679 naturis
1401 3624 1739 3694 agnoscitur,
1796 3625 2026 3678 omnino

437 3718 496 3772 in
532 3717 640 3773 illis
660 3725 762 3780 est,
799 3715 856 3770 in
881 3716 1086 3786 quibus
1104 3715 1443 3786 agnoscitur.
1469 3717 1606 3772 Cum
1638 3717 1822 3786 itaque
1850 3717 2026 3772 ora'io

436 3808 897 3865 demonstraverit
915 3809 983 3863 de
1016 3825 1126 3864 una
1154 3808 1358 3865 Christi
1383 3818 1578 3864 natura
1599 3810 2022 3873 confessionem,

436 3911 617 3967 neque
647 3898 715 3952 ab
753 3898 1015 3968 apostolis
1034 3897 1205 3953 fuisse
1226 3906 1518 3963 asset-tam,
1539 3913 1717 3967 neque
1745 3913 1777 3952 a
1813 3899 2024 3953 sanctis

438 3989 614 4046 tribus
642 3989 866 4061 synodis
896 3989 1328 4057 constabilitam,
1369 3990 1576 4047 frustra
1604 3990 1739 4047 falsa
1761 3989 2026 4047 fabularis

435 4084 755 4150 euuntians,
788 4099 910 4140 eam
954 4099 985 4139 a
1038 4085 1246 4140 sanctis
1293 4084 1559 4155 apostolis
1586 4084 1866 4149 traditam,
1899 4092 1953 4138 et
1994 4099 2024 4136 a

438 4174 645 4231 sanctis
674 4164 850 4230 tri'bus
914 4175 1141 4247 synodis
1205 4175 1378 4231 fuisse
1419 4177 1845 4233 conﬁrmatam:
1896 4190 2022 4229 nam

438 4269 617 4324 oratio
645 4269 830 4337 potius
858 4278 1180 4325 naturarum
1209 4270 1583 4325 diversitatem
1615 4271 1671 4324 in
1725 4285 1836 4325 uno
1864 4270 2025 4325 Chri-

440 4366 530 4417 sto
555 4360 987 4430 repraesentavit.
1038 4361 1179 4418 illud
1233 4371 1416 4417 autem
1478 4376 1699 4418 rursum
1754 4376 2023 4427 asserere,

440 4452 545 4507 etsi
590 4451 835 4506 nonnulli
865 4467 932 4506 es
970 4452 1071 4507 hac
1121 4455 1382 4508 sententia
1435 4468 1631 4525 nempe
1684 4454 2021 4518 afﬁrmante,

2138 3275 2299 3329 Ἀλλά
2342 3275 2439 3330 καὶ
2470 3272 2699 3336 πολλοὺς
2746 3270 2854 3326 τῶν
2890 3267 3166 3338 θεοφόρων
3206 3264 3469 3336 Πατέρων
3498 3260 3578 3324 είς
3606 3258 3703 3329 τὴν

2125 3370 2247 3424 κατ’
2283 3369 2520 3438 Ἔφεσον
2547 3365 2710 3434 ἁγίαν
2738 3362 2931 3437 τρίτην
2976 3360 3196 3416 σύνοδον
3237 3354 3649 3429 προκεκόμικεν
3675 3353 3702 3405 δ

2126 3463 2184 3514 ὲν
2231 3460 2406 3530 ἁγίοις
2462 3456 2752 3528 Κύριλλος,
2803 3452 3069 3509 συνιστῶν
3106 3451 3205 3523 τὴν
3256 3448 3379 3503 καθ’
3401 3446 3704 3501 ὑπόστασιν

2127 3553 2322 3606 ἕνωσιν
2361 3553 2418 3604 ὲν
2471 3550 2571 3620 μιᾷ
2617 3548 2935 3612 ὑποστάσει,
2990 3546 3049 3609 δς
3116 3546 3263 3597 ἐστιν
3300 3543 3329 3596 ό
3362 3539 3601 3610 Χριστὸς
3650 3536 3706 3588 ἐν

2126 3644 2406 3714 διαφόροις
2454 3640 2651 3710 φύσεσι
2704 3639 3131 3710 γνωριζόμενος.
3167 3634 3242 3687 To
3268 3632 3312 3686 δ’
3348 3633 3406 3686 εν
3429 3629 3705 3700 διαφόροις

2130 3735 2327 3803 φύσεσι
2358 3729 2764 3804 γνωριζόμενον
2800 3729 3018 3791 πάντως
3058 3727 3153 3783 καὶ
3185 3724 3243 3778 ὲν
3265 3721 3503 3784 ἐκείναις
3539 3720 3703 3784 ιστὶν,

2128 3830 2188 3882 ὲν
2213 3821 2303 3890 αἷς
2317 3825 2411 3879 καὶ
2427 3821 2777 3895 γνωρίζεται.
2810 3820 2968 3874 Ἐπεὶ
2992 3812 3085 3872 οὖν
3106 3818 3135 3870 ὁ
3158 3816 3316 3884 λόγος
3339 3812 3705 3885 παρέστησεν,

2127 3918 2210 3970 ὅτι
2247 3914 2346 3987 τὴν
2376 3913 2506 3984 περὶ
2534 3913 2666 3983 μιᾶς
2717 3909 2933 3979 φύσεως
2980 3902 3076 3959 τοῦ
3130 3901 3368 3976 Χριστοῦ
3396 3897 3705 3987 ὁμολογίαν,

2128 4004 2252 4060 οὔτε
2296 3984 2381 4067 τις
2427 4003 2539 4055 τῶν
2568 3999 2885 4055 ἀποστόλων
2917 3997 3162 4068 εἴρηκεν,
3206 3991 3331 4047 οὔτε
3377 3988 3484 4060 μὴν
3516 3987 3584 4042 ἑκ
3600 3984 3709 4039 τῶν

2130 4098 2300 4167 ἁγίων
2325 4092 2491 4167 τριῶν
2521 4092 2755 4148 συνόδων
2787 4086 3114 4158 ἐδεδαιώθη,
3137 4084 3334 4154 Μάτην
3373 4078 3709 4153 ψευδοεπεῖς,

2128 4190 2326 4259 λέγων,
2381 4189 2577 4256 ὅτιπερ
2621 4184 2687 4237 ὲκ
2725 4181 2833 4236 τῶν
2864 4179 3035 4249 ἁγίων
3061 4173 3375 4232 ἀποστόλων
3413 4169 3707 4243 παρεδόθη,

2128 4286 2195 4339 ὲκ
2244 4282 2302 4338 δὲ
2327 4281 2436 4335 τῶν
2461 4278 2633 4347 ἁγίων
2658 4276 2828 4347 τριῶν
2860 4271 3091 4328 συνόδων
3121 4265 3427 4337 ἐϐεϐαιώθη
3447 4281 3463 4299 ο
3496 4267 3526 4319 ό
3555 4263 3710 4331 λόγος

2128 4375 2239 4447 γὰρ
2272 4372 2471 4445 μᾶλλον
2504 4368 2613 4424 τῶν
2641 4366 2859 4438 φύσεων
2887 4365 2948 4420 τδ
2975 4363 3231 4435 διάφορον
3257 4363 3315 4415 ὲν
3343 4359 3425 4431 τῷ
3464 4357 3546 4412 ἑνὶ
3577 4355 3711 4428 Χρι-

2130 4464 2242 4537 στῷ
2272 4464 2605 4536 παρέστησε.
2638 4460 2713 4515 Τὸ
2737 4456 2794 4512 δὲ
2824 4456 2988 4512 πάλιν
3016 4455 3321 4528 είρηκέναι,
3343 4453 3395 4506 ei
3430 4449 3534 4506 καί
3556 4462 3710 4513 τινες

440 4541 610 4597 unius
638 4554 764 4598 esse
791 4552 1001 4599 natura
1018 4543 1296 4599 Christum
1327 4555 1452 4615 post
1476 4546 1754 4611 unionem,
1779 4544 2015 4616 transfu-

2132 4561 2203 4615 ἐκ
2227 4558 2449 4626 ταύτης
2474 4555 2665 4628 (ἤγουν
2692 4553 2792 4624 τῆς
2819 4549 3001 4621 δόξης,
3024 4548 3124 4621 τῆς
3156 4547 3423 4617 λεγούσης
3449 4546 3578 4615 μιᾶς
3609 4541 3709 4611 φύ-

442 4640 648 4702 gerunt,
681 4632 748 4687 ad
782 4646 878 4688 eos
907 4633 1133 4701 scilicet,
1184 4636 1277 4705 qui
1314 4637 1453 4693 duas
1484 4646 1707 4693 naturas
1739 4637 2021 4694 Christum

443 4723 648 4779 habere
669 4733 790 4793 post
809 4724 1067 4781 unionem
1098 4726 1445 4798 profitentur,
1472 4743 1739 4799 quosnam
1764 4731 2025 4800 ignoran-

442 4814 534 4870 tia
559 4816 819 4871 terminos
864 4830 975 4872 non
1004 4821 1344 4889 exsuperat?
1370 4821 1506 4887 Quis
1534 4822 1677 4876 enim
1725 4836 1833 4876 non
1873 4821 2026 4875 novit

441 4914 651 4973 partem
672 4921 706 4961 a
736 4915 871 4974 toto,
898 4909 1081 4966 minus
1105 4924 1134 4964 a
1169 4912 1483 4969 multes‘imo
1504 4913 1805 4969 decedere?
1826 4913 1889 4966 Et
1917 4928 2026 4968 non

444 5000 655 5051 contra.
685 4995 1031 5068 Quapropter
1053 4999 1149 5070 qui
1175 5011 1372 5058 vestra:
1402 5012 1531 5058 sunt
1545 5004 1851 5071 sententiae,
1880 5004 1926 5059 si
1955 5005 2025 5058 ad

443 5098 562 5151 eos,
592 5086 688 5155 qui
737 5096 940 5144 nostra;
968 5099 1115 5159 sunt,
1172 5102 1582 5163 comparentur,
1617 5094 1900 5149 minimam
1940 5103 2028 5149 nt-

443 5188 552 5246 que
583 5176 826 5235 intimam
852 5189 1060 5248 partem
1082 5194 1355 5252 occupare
1378 5186 1807 5256 eomperientur.
1840 5185 2026 5253 Quare

444 5265 702 5326 indecore
719 5268 837 5355 agis
862 5269 1052 5327 dicens
1096 5286 1201 5328 nos
1227 5288 1296 5330 ex
1336 5288 1533 5355 vestra!
1563 5278 1831 5333 sententia
1864 5278 2025 5332 antu-

444 5354 606 5424 gisse.
632 5345 807 5424 Quin;
828 5366 891 5414 ut
917 5361 1101 5430 potius
1132 5376 1324 5418 verum
1374 5346 1584 5432 dicam,
1631 5382 1734 5423 vos
1781 5382 1814 5422 a
1860 5369 2022 5425 nobis

446 5443 783 5505 decessistis.

518 5642 573 5698 4.
612 5644 765 5700 Infra
793 5646 957 5702 etiam
994 5646 1047 5703 in
1075 5647 1305 5720 epistola
1337 5657 1428 5707 tua
1459 5650 1654 5710 nolens
1691 5664 1937 5712 sanetam
1969 5663 2024 5712 et

450 5733 810 5793 universalem
838 5739 1103 5812 synodum
1128 5741 1434 5810 admittere,
1448 5732 1614 5816 quam
1639 5762 1739 5803 nos
1770 5747 1914 5803 inter
1941 5764 2026 5805 re-

446 5817 629 5892 liquas
679 5826 819 5884 alias
863 5840 1082 5889 sanctas
1132 5841 1243 5890 tres
1299 5837 1536 5905 synodos
1570 5852 2019 5910 annumeramus,

2135 4668 2273 4715 σεως
2289 4644 2429 4704 εἶναι
2444 4649 2538 4703 τὸν
2559 4645 2794 4720 Χριστὸν
2819 4642 2959 4717 μετὰ
2980 4642 3080 4715 τὴν
3097 4639 3317 4710 ἕνωσιν)
3336 4638 3707 4706 ἀπέδρασαν,

2132 4743 2209 4807 ὡς
2235 4740 2396 4814 δῆθεν
2416 4740 2542 4803 τοὺς
2561 4736 2655 4792 δύο
2687 4735 2880 4807 φύσεις
2899 4734 2989 4788 τὸν
3015 4731 3252 4805 Χριστὸν
3279 4731 3425 4802 ἔχειν
3453 4728 3592 4801 μετὰ
3614 4729 3709 4799 τὴν

2137 4836 2331 4890 ἕνωσιν
2351 4828 2768 4903 ὁμολογοῦντας,
2796 4826 2856 4892 ἐξ
2885 4825 3064 4882 αὑτῶν
3086 4822 3537 4894 ἀποδεδρακέναι,
3556 4821 3710 4885 ποίας

2136 4928 2380 5001 ἀμαθίας
2405 4924 2709 4994 ἀνάμεστον
2736 4921 2836 4974 οὐκ
2861 4918 2927 4989 ἂν
2947 4918 3032 4990 εἴη
3054 4934 3069 4983 ;
3091 4917 3187 4980 Τίς
3217 4916 3326 4985 γὰρ
3356 4915 3421 4969 οὑ
3454 4914 3707 4977 σύνοιδεν,

2135 5019 2307 5077 ὅτιτὸ
2343 5018 2512 5089 μέρος
2548 5015 2614 5068 ὲκ
2643 5010 2737 5067 τοῦ
2763 5011 2910 5078 ὅλου,
2940 5010 3001 5063 τὸ
3034 5007 3313 5076 ὀλιγοστὸν
3349 5006 3414 5060 ὲκ
3456 5006 3552 5060 τοῦ
3586 5005 3709 5059 πολ-

2135 5110 2329 5168 λοστοῦ
2356 5108 2599 5179 ἀποδρᾷν
2628 5104 2851 5158 εἴωθεν·
2888 5102 2948 5155 οὑ
2988 5100 3093 5171 μὴν
3125 5098 3399 5170 ἔμπαλιν;
3432 5100 3523 5152 Διδ
3547 5100 3596 5152 οἱ
3618 5096 3707 5166 τῆς,

2135 5201 2409 5273 ὑμετέρας
2432 5196 2591 5267 δόξης
2620 5193 2759 5264 πρὸς
2779 5190 2906 5253 τοὺς
2937 5188 3038 5260 τὴν
3076 5188 3351 5259 ἡμετέραν
3380 5187 3709 5258 πρεσϐεύον-

2132 5310 2235 5357 τας
2277 5293 2329 5345 si
2356 5285 2780 5361 παραδληθείεν,
2824 5284 2888 5338 τὸ
2915 5281 3191 5350 ὀλιγοστὸν
3219 5279 3286 5334 ἂν
3309 5280 3406 5349 καὶ
3435 5280 3709 5351 ἐλάχιστον

2137 5384 2327 5457 μόριον
2358 5381 2573 5454 ἔχοντες
2609 5382 2850 5450 φανεῖεν.
2901 5379 3066 5434 ’Ὥστε
3094 5379 3155 5433 ού
3185 5378 3266 5433 δεῖ
3315 5371 3710 5446 ἀποφαίνεσθαί

2135 5493 2217 5544 σε,
2249 5476 2398 5548 ἡμᾶς
2425 5474 2848 5545 ἀποδεδρακέναι
2874 5474 2937 5528 ὲκ
2958 5472 3057 5542 τῆς
3081 5470 3351 5543 ὑμετέρας
3373 5470 3552 5541 δόξης,
3578 5466 3710 5524 ἀλλὰ

2140 5568 2342 5641 μᾶλλον
2371 5566 2602 5639 τάληθὲς
2630 5567 2826 5631 εἰπεῖν,
2862 5566 3003 5636 ὑμᾶς
3040 5565 3098 5632 ἐξ
3128 5564 3306 5635 ήμῶν.

2206 5658 2270 5716 δ’.
2301 5659 2667 5732 Παρακατιὼν
2697 5660 2754 5714 δὲ
2781 5661 2839 5713 ἐν
2874 5661 2953 5732 τῷ
2981 5658 3273 5732 γράμματι
3302 5673 3417 5724 σου,
3454 5657 3547 5710 καὶ
3572 5655 3705 5708 ἀπο·

2133 5727 2413 5808 δυσπετῶν
2453 5727 2590 5823 πρδς
2640 5753 2736 5821 τὴν
2767 5727 3039 5823 ἁποδιλχῆν
3205 5750 3365 5818 ἁγίας
3406 5748 3500 5802 καὶ
3534 5750 3707 5801 οἱκουο

2138 5841 2365 5913 μενικῆς
2399 5842 2664 5914 τετάρτης
2690 5843 2931 5914 συνόδου,
2959 5842 3046 5896 διὰ
3075 5841 3133 5896 τὸ
3178 5841 3323 5911 ἡμᾶς
3355 5837 3703 5911 συναρίθμιον
