4064 6402
321 390 424 455 597

1157 382 1593 445 REFUTATIO
1618 384 2001 446 EPISTOL/E
2038 388 2272 450 REGIS
2310 391 2706 452 ARMENIE.

3461 391 3575 454 598

319 497 539 567 ποιῆσαι
571 492 651 563 τῷ
678 490 905 563 ἀριθμῷ
939 491 1049 545 τῶν
1083 491 1287 547 λοιπῶν
1347 493 1518 563 ἁγίων
1537 496 1724 567 τριῶν
1755 513 1883 551 συν-
1914 525 1924 556 Α

2008 500 2145 568 ιυαεί
2165 516 2233 555 ex
2257 501 2568 557 rationabili
2592 514 2760 557 causa
2788 514 2909 555 eam
2942 516 3166 573 respuas
3191 501 3388 559 similia
3430 505 3572 558 seri-

318 588 473 649 ὀδων,
510 586 604 637 καὶ
626 581 817 654 ῶσπερ
853 581 914 649 ἐξ
935 581 1159 651 εὐλόγου
1177 582 1352 647 αἰτίας
1375 583 1580 656 ταύτην
1600 587 1891 641 ἀπαναινό-

316 674 499 748 μενος,
557 673 736 727 τοιάδε
786 674 1014 745 γράφεις
1037 689 1052 703 ⁸
1090 670 1233 728 Οἶδα
1271 675 1407 744 μὲν,
1456 675 1547 729 ὅτι
1588 678 1700 731 οὐκ
1758 677 1892 734 ἔστι

318 766 722 838 κεκρυμμένος
776 768 865 835 είς
919 764 1077 837 ὑμᾶς
1118 769 1151 821 ό
1185 770 1403 836 τρόπος
1443 767 1556 837 τῆς
1607 769 1892 838 τετάρτης

316 860 604 925 συνόδου,
636 860 725 915 ὅτι
750 861 821 914 ἐν
848 859 931 927 τῷ
956 861 1247 931 γράμματι
1285 860 1476 929 αὐτῆς
1510 862 1550 931 ἠ
1587 862 1891 932 ἀγιωσύνη

315 970 434 1008 σου
463 952 735 1024 ἐμνήσθη
782 955 1010 1022 ταύτην
1044 954 1161 1023 τὴν
1200 952 1487 1020 σύνοδον,
1536 955 1634 1010 καί
1678 955 1895 1021 ἔταξεν

313 1044 512 1113 αὐτὴν
524 1045 676 1116 μετὰ
706 1043 826 1100 τῶν
855 1045 1086 1100 λοιπῶν
1112 1045 1289 1115 τριῶν
1324 1047 1626 1116 συνόδων,
1661 1049 1760 1104 καί
1804 1049 1895 1105 θέ-

313 1139 410 1191 λει
442 1136 542 1192 καὶ
571 1136 731 1207 ἡμᾶς
772 1138 1003 1207 ταύτην
1029 1137 1333 1208 δέχεσθαι,
1362 1136 1442 1208 ἣν
1467 1143 1580 1195 οὐκ
1608 1140 1894 1208 ἐδέξαντο

314 1231 372 1283 oi
401 1227 657 1297 Πατέρες
686 1228 874 1299 ἡμῶν,
903 1227 1043 1283 οὔτε
1075 1232 1131 1283 ot
1158 1228 1515 1286 διδάσκαλοι
1545 1231 1734 1301 ήμῶν,
1765 1232 1895 1286 ἐπι-

315 1318 603 1391 στάμενοι
642 1323 757 1390 τὴν
788 1324 1162 1392 κενοφωνίαν
1187 1321 1376 1391 αὐτῆς
1411 1323 1480 1379 ἐκ
1516 1324 1636 1378 τῶν
1665 1324 1897 1379 λοιπῶν

312 1411 496 1482 τριῶν
520 1412 818 1482 συνόδων,
858 1414 980 1469 τῶν
1020 1413 1528 1485 διαγνωσθέντων,
1573 1416 1672 1471 καὶ
1716 1434 1897 1485 κηρυ-

313 1505 557 1570 ξάντων
579 1506 700 1571 ὅλῳ
727 1506 807 1572 τῷ
841 1508 1050 1577 κόσμῳ
1080 1507 1188 1563 τὸν
1210 1507 1319 1562 ἕνα
1337 1508 1598 1577 Χριστὸν
1623 1508 1724 1563 καί
1759 1510 1898 1563 Υὶὸν

312 1598 416 1650 καὶ
453 1598 690 1666 Κύριον,
746 1597 1042 1656 ἑνωθέντα
1082 1600 1151 1653 ἐκ
1178 1598 1287 1654 δύο
1317 1600 1582 1669 φύσεων,
1628 1600 1897 1669 ἀσυγχύ-

310 1707 454 1755 τως,
503 1691 601 1744 καὶ
644 1691 966 1759 ἀτρέπτως,
1002 1690 1103 1746 καὶ
1153 1692 1521 1760 ἀχωρΙστως.
1563 1692 1674 1762 τῆς
1708 1690 1898 1761 αὐτῆς

1993 591 2079 647 bis
2114 610 2129 647 :
2172 590 2270 647 Sat
2310 594 2430 648 novi
2461 595 2603 663 apud
2627 610 2715 649 vos
2745 609 2849 647 non
2891 610 3005 649 esse
3050 595 3106 649 in
3134 597 3340 651 occulto
3365 605 3572 667 quarta

1992 684 2179 754 synodi
2212 685 2447 753 modum,
2478 686 2632 755 cujus
2656 686 2912 739 sanctitas
2957 693 3051 759 tua
3072 687 3130 740 in
3166 686 3392 756 epistola
3423 704 3571 742 men-

1994 776 2187 830 tionem
2210 777 2443 846 induxit,
2463 794 2681 848 eamque
2710 794 2817 832 una
2850 793 2969 831 cum
2996 778 3119 833 aliis
3165 779 3333 833 tribus
3356 779 3572 848 synodis

1993 869 2269 924 collocavit
2296 884 2315 923 :
2357 871 2598 941 cupitque
2650 887 2745 925 nos
2776 886 2894 925 eam
2927 871 3188 940 recipere,
3217 888 3377 941 quam
3408 886 3575 942 neque

1993 958 2206 1024 Patres,
2229 977 2389 1032 neque
2410 962 2648 1017 doctores
2674 964 2840 1016 nostri
2870 971 3196 1032 receperunt,
3214 963 3433 1017 scientes
3456 978 3575 1017 eam

1994 1053 2118 1108 aliis
2154 1055 2320 1109 tribus
2349 1055 2588 1126 synodis,
2621 1071 2739 1126 qua:
2775 1055 3220 1121 determinarunt,
3256 1064 3305 1109 et
3332 1056 3578 1110 universo

1998 1154 2259 1200 terrarum
2284 1147 2399 1201 orbi
2422 1153 2850 1218 promulgarunt,
2878 1163 3043 1201 unum
3098 1146 3370 1200 Christum
3392 1157 3442 1201 et
3472 1146 3574 1201 Fi-

1995 1235 2128 1289 lium
2178 1245 2227 1291 et
2261 1220 2545 1292 Dominum
2586 1237 2794 1291 unitum
2821 1251 2885 1291 ea:
2907 1234 3111 1290 duabus
3145 1236 3354 1291 naturis
3392 1235 3577 1289 incon-

1997 1326 2134 1396 [ατε.
2183 1327 2585 1385 immutabiliter
2658 1339 2708 1383 et
2779 1327 3228 1396 inseparabiliter,
3273 1326 3472 1380 absona
3513 1342 3579 1379 ac

1996 1417 2203 1471 diversa
2232 1418 2516 1481 censuisse,
2537 1433 2656 1472 cum
2690 1426 2895 1472 asserat
2922 1417 3060 1471 duas
3093 1425 3317 1471 naturas
3353 1416 3577 1479 divisas,

1996 1515 2048 1559 et
2071 1508 2420 1576 operationes,
2436 1516 2482 1561 et
2502 1507 2824 1575 voluntates,
2857 1506 3106 1561 Nestorio
3137 1507 3262 1578 ipsi,
3297 1506 3434 1560 duas
3458 1523 3580 1576 per-

1997 1617 2155 1655 sonas
2182 1602 2228 1655 si
2266 1602 2524 1671 excipias,
2560 1603 2919 1666 consentiens;
2948 1601 3040 1655 ille
3054 1601 3191 1656 enim
3221 1600 3419 1670 fatetur
3438 1600 3576 1654 duas

1998 1710 2270 1764 personas,
2304 1695 2539 1763 synodus
2575 1711 2757 1759 unam,
2822 1695 2997 1764 sicque
3046 1692 3361 1749 orthodoxis
3395 1692 3577 1762 fucum

310 1782 590 1837 συνόδου
617 1785 705 1849 εις
727 1783 837 1837 δύο
861 1785 1078 1853 φύσεις
1104 1785 1551 1854 κεχωρισμένας
1572 1787 1895 1856 λεγούσης,

2008 1788 2203 1856 faciens
2252 1786 2404 1856 quasi
2451 1802 2555 1840 non
2606 1786 2899 1840 consentiat
2955 1783 3227 1839 Nestorio.
3277 1784 3585 1839 Admiratio

309 1871 412 1925 καὶ
449 1872 769 1942 ἐνεργείας,
814 1875 914 1929 καί
972 1877 1275 1944 θελήσεις,
1318 1877 1770 1946 ὀμοςρωνήσασα
1819 1876 1901 1945 τῷ

308 1965 640 2033 Νεστορίῳ,
692 1965 861 2034 πλὴν
894 1969 982 2033 εἰς
1032 1967 1104 2021 τὰ
1150 1969 1263 2023 δύο
1304 1970 1626 2037 πρόσωπα·
1663 1970 1899 2025 ἐκείνου

304 2055 433 2125 μὲν
467 2055 755 2126 λέγοντος
779 2058 892 2113 δύο
933 2060 1244 2128 πρόσωπα,
1289 2059 1480 2129 αὐτῆς
1509 2061 1579 2114 δὲ
1622 2060 1900 2126 δοξαζού-

306 2163 440 2215 σης·
465 2148 556 2216 ἐν,
596 2150 695 2203 καὶ
748 2151 847 2205 διὰ
875 2152 1051 2206 τοῦτο
1098 2152 1243 2218 τοὺς
1274 2152 1635 2220 όρθοδόξους
1678 2152 1900 2221 χλευά-

308 2257 507 2307 σασα,
541 2243 630 2297 ὅτι
664 2246 735 2299 οὐ
763 2245 1079 2315 συμφωνεῖ
1109 2245 1188 2311 τῷ
1231 2247 1551 2315 Νεστορίῳ.
1587 2244 1900 2315 Θαυμάζειν

312 2352 409 2404 μοι
479 2332 659 2389 ἔπεισι
698 2335 924 2390 τοιαῦτα
964 2338 1265 2408 γράφοντός
1304 2354 1399 2391 σου
1425 2355 1439 2369 ο
1474 2337 1597 2390 οὐδὲ
1631 2338 1740 2408 γὰρ
1775 2355 1900 2390 συν-

310 2426 485 2497 ῆκας,
515 2428 590 2493 ὥς
621 2430 685 2498 γέ
721 2447 812 2500 μοι
858 2429 1008 2483 δοκεῖ
1052 2431 1117 2484 ἐκ
1162 2430 1269 2482 τῶν
1302 2430 1411 2483 σῶν
1462 2431 1746 2502 ῥημάτων,
1795 2430 1897 2500 τῆς

312 2519 488 2586 ἁγίας
529 2519 798 2589 τετάρτης
856 2519 1075 2573 συνόδου
1132 2522 1193 2573 τό
1235 2537 1296 2573 τε
1346 2520 1592 2591 βούλημα
1653 2522 1745 2573 καὶ
1800 2520 1903 2591 τὴν

314 2612 732 2683 πραγματείαν.
763 2612 1015 2683 Οὑδαμοῦ
1045 2612 1152 2684 γὰρ
1181 2613 1432 2682 φαίνεται
1465 2615 1500 2684 ἡ
1519 2613 1742 2683 τοιαύτη
1770 2613 1904 2681 ἁγία

316 2700 564 2767 σύνοδος,
597 2701 688 2754 δύο
719 2701 909 2770 φύσεις
948 2705 1359 2775 κεχωρισμένας
1406 2702 1786 2766 ίδιοσυστάτως
1814 2700 1904 2756 οὔ·

319 2810 451 2858 σας,
478 2795 572 2847 καὶ
598 2794 719 2847 καθ’
743 2796 941 2859 ἑαυτὰς
968 2796 1071 2849 ἀνὰ
1107 2796 1272 2866 μέρος
1300 2795 1654 2866 ὑπαρχούσας
1685 2795 1777 2847 ἐπὶ
1807 2792 1903 2847 τοῦ

317 2885 472 2938 κατὰ
514 2885 745 2956 Χριστὸν
784 2887 1083 2958 μυστηρίου
1133 2887 1453 2953 δοξάζουσα,
1497 2889 1545 2940 εί
1584 2889 1676 2941 καὶ
1703 2886 1906 2949 ἀδίκως

320 2978 458 3048 παρ’
488 2978 642 3049 ὑμῶν
680 2981 1114 3049 συκοφαντεῖται,
1150 2980 1351 3049 μᾶλλον
1392 2981 1489 3051 μὲν
1516 2980 1610 3035 οὖν
1643 2981 1743 3044 τὰς
1772 2982 1904 3054 παρ’

321 3070 564 3140 ἑκάτερα
596 3069 695 3139 τῆς
722 3071 1039 3142 μεσότητος,
1083 3072 1248 3143 ἧγουν
1276 3072 1375 3144 τῆς
1413 3072 1695 3142 ἀληθείας.
1725 3073 1909 3141 δόξας,

2000 1894 2134 1935 sane
2160 1894 2245 1935 me
2268 1887 2433 1944 tenet,
2488 1888 2540 1932 te
2580 1877 2779 1933 similia
2819 1877 3076 1933 scribere.
3104 1875 3292 1947 Neque
3320 1877 3462 1930 enim
3492 1877 3580 1930 in-

2001 1971 2221 2042 telligis,
2247 1982 2306 2026 ut
2329 1971 2443 2041 ipse
2465 1985 2531 2025 ex
2556 1971 2665 2026 tuis
2678 1969 2857 2025 verbis
2874 1968 3132 2040 eonjicio,
3156 1978 3359 2024 saneta:
3372 1977 3584 2037 quarte

2000 2065 2190 2136 synodi
2220 2080 2396 2135 neque
2421 2064 2783 2135 propositum,
2813 2077 2991 2133 neque
3019 2076 3265 2132 scopum.
3300 2060 3582 2130 Siquidem

2000 2164 2189 2214 sancta
2226 2157 2339 2211 haec
2360 2156 2603 2227 synodus
2648 2154 2785 2210 duas
2818 2163 3046 2209 naturas
3073 2167 3140 2208 ex
3186 2167 3247 2209 se
3277 2152 3585 2208 subsisten-

2002 2256 2084 2305 tes
2149 2249 2550 2318 scparatimque
2593 2247 2920 2303 exsistentes
2963 2245 3017 2300 in
3069 2244 3271 2301 Christi
3324 2244 3587 2314 mysterio

2001 2354 2282 2409 nunquam
2315 2336 2508 2402 tenuit,
2542 2336 2669 2391 licet
2690 2351 2789 2391 vos
2822 2335 2969 2390 illam
3001 2349 3111 2388 non
3142 2332 3264 2389 sine
3291 2331 3587 2387 calumniae

2002 2430 2302 2502 ignominia
2331 2430 2726 2496 criminamini,
2761 2427 3012 2499 quinimo
3042 2426 3185 2480 inter
3203 2435 3447 2481 extrema
3475 2439 3586 2479 mc-

2002 2523 2152 2578 dium
2184 2522 2425 2578 veritatis
2454 2520 2725 2576 duntaxat
2769 2533 3026 2588 sequens,
3058 2532 3347 2573 excessum
3386 2526 3440 2573 et
3482 2517 3582 2572 de-

2005 2615 2229 2679 fectum,
2267 2629 2389 2684 quae
2441 2621 2571 2670 sunt
2623 2627 2654 2668 ε
2715 2610 2897 2666 medio
2946 2610 3294 2677 diverticula,
3351 2608 3589 2679 ideoque

2005 2707 2143 2761 falsa
2190 2706 2533 2776 abjudicans,
2572 2704 2809 2758 medium
2844 2702 3026 2756 locum
3078 2710 3439 2770 occupantem
3466 2715 3587 2756 sen-

2005 2798 2230 2853 tentiam
2267 2796 2481 2852 veritati
2513 2796 2757 2850 innixam
2790 2794 3180 2851 constabilivit.
3214 2792 3588 2859 Quemadmo-

2005 2890 2136 2946 dum
2173 2888 2319 2943 enim
2365 2889 2419 2943 in
2486 2887 2690 2942 divinis
2745 2886 2986 2942 medium
3033 2885 3241 2940 obtinet
3272 2900 3459 2940 verum
3496 2894 3589 2939 ea-

2006 2982 2220 3038 tholieae
2244 2990 2300 3036 et
2351 2980 2661 3050 apostolica:
2697 2977 2953 3033 Ecclesiae
2971 2977 3190 3048 dogma,
3228 2975 3301 3030 ita
3328 2990 3593 3032 excessus

2008 3083 2064 3131 et
2090 3073 2332 3128 defectus
2371 3072 2590 3127 falsum.
2633 3069 2737 3137 Qui
2767 3085 3028 3140 namque,
3055 3077 3277 3138 propter
3327 3066 3588 3138 byposta-

324 3163 473 3232 φημὶ
500 3162 565 3234 δὴ
619 3161 709 3216 τὸν
748 3163 1086 3235 πλεονασμὸν
1114 3165 1209 3218 καὶ
1252 3164 1349 3235 τὴν
1378 3164 1604 3231 ἔνδειαν,
1635 3166 1905 3237 ἐκτροπὰς

2009 3180 2139 3220 seen
2171 3164 2396 3218 triadem
2428 3176 2494 3217 ac
2511 3161 2905 3227 diversitatem,
2938 3169 3261 3215 naturarum
3292 3158 3419 3214 item
3453 3160 3588 3213 tria-

329 3253 493 3316 οὔσας
526 3255 627 3325 τῆς
676 3255 994 3327 μεσότητος.
1032 3256 1127 3309 καὶ
1165 3256 1253 3311 διὰ
1297 3257 1455 3311 τοῦτο
1482 3258 1697 3328 ψευδεῖς
1742 3257 1909 3323 οὔσας

329 3343 784 3417 ὲξοστρακίαασα,
812 3348 910 3419 τὴν
941 3350 1114 3422 μέσην
1150 3350 1304 3415 τάξιν
1331 3350 1558 3421 ἔχουσαν
1576 3351 1756 3416 δόξαν,
1777 3352 1911 3423 ἀλη-

329 3438 484 3501 θείας
533 3439 798 3510 ἐχομένην
840 3440 1126 3511 ἐκράτυνε.
1173 3442 1281 3496 Καὶ
1318 3442 1428 3513 γὰρ
1463 3443 1651 3513 ὥσπερ
1681 3444 1911 3513 ὲπὶ.τῆς

327 3529 611 3599 θεολογίας
634 3534 668 3599 ἡ
702 3532 938 3603 μεσότης
963 3532 1212 3603 φαίνεται
1246 3534 1443 3606 ἔχουσα
1470 3535 1701 3606 τάληθὲς
1737 3536 1914 3606 δόγμα

326 3619 432 3690 τῆς
479 3620 775 3693 καθολικῆς
829 3623 921 3676 καὶ
962 3625 1327 3696 άποστολικῆς
1382 3627 1736 3699 Ἐκκλησίας,
1780 3629 1808 3681 ὁ
1854 3628 1915 3682 δὲ

327 3713 675 3784 πλεονασμὸς
708 3713 805 3767 καὶ
842 3716 873 3785 ἡ
903 3714 1079 3769 ἔνδεια
1122 3717 1183 3769 τὸ
1220 3716 1412 3786 ψεῦδος
1443 3719 1530 3789 (ὃς
1566 3719 1676 3791 γὰρ
1727 3720 1816 3775 διὰ
1854 3721 1916 3774 τὸ

325 3804 555 3875 τρισσὸν
586 3804 687 3874 τῆς
724 3805 1076 3871 ὑποστάσεως
1106 3808 1200 3861 καὶ
1226 3808 1503 3881 διάφορον,
1536 3812 1630 3865 καὶ
1671 3812 1732 3865 τὸ
1763 3830 1916 3884 τρισ-

329 3898 425 3951 σὸν
480 3885 590 3951 τῶν
628 3897 844 3967 φύσεων
892 3899 1156 3965 δοξάσειε,
1207 3903 1296 3955 ναὶ
1346 3903 1453 3972 μὴν
1494 3903 1589 3958 καὶ
1635 3904 1695 3967 ὃς
1736 3904 1827 3959 διὰ
1855 3906 1916 3959 τὸ

328 3989 539 4044 ὲνιαίον
565 3990 664 4059 τῆς
711 3990 949 4061 φύσεως,
992 3993 1086 4049 καὶ
1119 3993 1180 4046 τὸ
1221 3993 1510 4062 μοναδικδν
1548 3995 1646 4066 τῆς
1677 3994 1915 4051 ὑποστά-

331 4098 479 4145 σεως
524 4083 888 4151 συνεισφέροι,
918 4083 1061 4153 τάχα
1107 4102 1198 4153 μοι
1249 4085 1397 4138 δοκεῖ
1429 4085 1525 4139 καὶ
1551 4089 1617 4157 τῇ
1664 4086 1917 4159 ἀληθείᾳ,

329 4177 397 4246 τῇ
437 4173 582 4228 κατὰ
614 4175 953 4246 πλεονασμὸν
998 4177 1094 4230 καὶ
1124 4177 1335 4231 ἔνδειαν
1362 4176 1490 4250 δόξῃ
1542 4178 1914 4248 νενοσηκέναι.

333 4265 521 4336 Ὅπερ
559 4263 827 4320 πέπονθεν
855 4266 1075 4338 ’Λρειός
1108 4284 1168 4320 τε
1210 4265 1306 4319 καὶ
1339 4266 1625 4331 Σαὸἐλλιος
1660 4269 1687 4321 ὁ
1728 4267 1916 4332 Λίϐυς,

332 4357 404 4411 τὰ
448 4358 515 4409 ὲκ
541 4355 835 4427 διαμέτρου
875 4358 1042 4419 κακὰ,
1088 4358 1184 4412 καὶ
1220 4358 1455 4429 ὁμότιμα
1502 4357 1600 4428 τὴν
1640 4358 1916 4412 ἀσέϐειαν.

344 4449 414 4503 Ἦ
467 4449 525 4502 δὲ
557 4448 656 4518 τῆς
705 4450 961 4519 ἀληθείας
994 4449 1111 4511 ὁδὸς
1162 4450 1299 4521 μέση
1349 4466 1432 4513 τις
1482 4445 1636 4513 οὖσα,
1668 4448 1763 4503 καὶ
1825 4449 1919 4503 τοῦ

336 4542 442 4613 μὲν
475 4541 534 4594 τὸ
569 4541 792 4611 τρισσὸν
838 4540 946 4596 τῶν
995 4544 1232 4611 φύσεων,
1264 4542 1356 4595 τοῦ
1398 4542 1453 4595 δὲ
1497 4541 1557 4595 τὸ
1590 4542 1918 4613 σηχυτικὺν

334 4635 432 4687 καὶ
477 4632 765 4703 μοναδικδν
812 4636 912 4704 τῆς
946 4634 1294 4697 ὑποστάσεως
1340 4632 1794 4704 ὲξοστρακίσασα,
1824 4634 1920 4686 ’ἐνα

332 4724 516 4787 Θεὸν,
569 4724 739 4794 ἤγουν
794 4724 923 4794 μίαν
976 4724 1168 4779 οὐσίαν
1220 4726 1315 4778 καὶ
1382 4725 1579 4795 φύσιν,
1640 4725 1734 4779 καὶ
1774 4727 1924 4795 τρεῖς

334 4817 672 4880 ὑποστάσεις
726 4817 1044 4887 ὁμοουσίους
1090 4819 1182 4872 ἐπὶ
1224 4820 1322 4889 τῆς
1378 4819 1658 4890 θεολογίας
1710 4819 1924 4892 τρανῶς

334 4906 733 4977 ἀνακηρύττει.
785 4907 961 4981 Ὅπερ
1005 4909 1244 4976 εὐσεϐῶς
1304 4912 1339 4981 ἡ
1382 4910 1514 4980 ἁγία
1579 4912 1674 4965 καὶ
1741 4913 1924 4965 οἰκου-

339 4999 545 5071 μενικὴ
609 4998 803 5073 πρώτη
856 5001 1074 5067 σύνοδος
1121 5002 1377 5057 ὲθέσπισέ
1431 5021 1491 5056 τε
1551 5005 1645 5059 καὶ
1706 5005 1923 5075 ὥρισεν

338 5093 434 5146 τὸν
470 5092 635 5145 αὐτὸν
687 5091 753 5164 δὴ
805 5094 1006 5165 τρόπον
1044 5095 1139 5149 καὶ
1186 5096 1278 5148 ἐπὶ
1308 5096 1408 5165 τῆς
1450 5096 1611 5165 ἁγίας
1659 5098 1927 5166 τετάρτης

340 5184 571 5237 συνόδου
620 5185 845 5257 θεωρεῖν
875 5186 1072 5242 ἔνεστι.
1111 5187 1218 5241 Τοῦ
1254 5189 1362 5259 γὰρ
1400 5188 1697 5260 Νεστορίου
1744 5188 1833 5241 διὰ
1868 5188 1929 5241 τὸ

340 5274 533 5328 δισσὸν
558 5277 653 5345 τῆς
682 5278 973 5347 ὁμολογίας
1000 5280 1109 5332 τῶν
1136 5279 1369 5345 φύσεων.
1407 5280 1502 5334 καὶ
1539 5280 1599 5332 τὸ
1625 5280 1806 5333 δισσὸν
1829 5281 1929 5349 τῆς

342 5366 703 5432 ὑποστάσεως
728 5369 1060 5437 είσάγοντος,
1092 5373 1185 5425 καὶ
1219 5372 1308 5425 διὰ
1336 5371 1495 5426 τοῦτο
1531 5371 1625 5425 δύο
1659 5372 1807 5435 υίοὺς
1836 5373 1929 5424 ἐπὶ

341 5459 450 5527 τῆς
475 5460 786 5531 οἰκονομίας
816 5461 1152 5527 δοξάζοντος,
1176 5463 1270 5517 τοῦ
1291 5481 1355 5533 γε
1382 5464 1491 5535 μὴν
1518 5464 1809 5535 Εὑτυχοΰς,
1837 5464 1932 5518 καὶ

347 5548 670 5620 Διοσκόρου,
703 5550 796 5603 καὶ
827 5551 1069 5621 Σεὸήρου
1100 5554 1195 5606 καὶ
1236 5555 1333 5622 τῆς
1364 5553 1503 5623 ἀμφ’
1528 5554 1691 5606 αὑτὸν
1722 5570 1935 5623 συμμο·

350 5640 501 5711 ρίας,
531 5641 618 5696 διὰ
647 5642 708 5696 τὸ
738 5645 938 5697 ὲνιαῖον
968 5644 1066 5714 τῆς
1100 5645 1472 5709 ὑποστάσεως,
1505 5643 1677 5697 καὶτὸ
1717 5643 1934 5715 μοναδι-

351 5731 454 5786 nov
476 5732 578 5803 τῆς
621 5733 835 5803 φύσεως
869 5732 1151 5803 λέγοντοςο
1191 5734 1425 5805 φανερὸν
1463 5734 1747 5806 δήπουθεν,
1783 5736 1865 5788 ὅτι
1906 5735 1936 5788 6

354 5824 461 5893 μὲν
487 5828 552 5899 τῇ
603 5827 743 5882 κατὰ
796 5828 1131 5899 πλεονασμὸν
1160 5827 1348 5897 ψευδεῖ
1383 5827 1508 5899 δόξῃ
1562 5828 1872 5900 νενόσηκεν,
1906 5830 1934 5882 ό

2002 3256 2125 3312 dent
2158 3254 2516 3325 persenserit,
2545 3253 2628 3308 vel
2670 3260 2892 3323 propter
2921 3260 3129 3306 natura:
3169 3251 3431 3305 Imitatem
3472 3250 3588 3303 sin-

2000 3348 2186 3419 gulare
2215 3347 2377 3401 etiam
2423 3345 2778 3416 hypostaseos
2829 3343 3218 3403 introduxerit,
3252 3357 3335 3396 me
3360 3341 3408 3396 is
3449 3340 3588 3394 mihi

2000 3438 2214 3494 videtur
2239 3453 2268 3493 a
2292 3437 2542 3493 veritatis
2577 3436 2840 3506 opinione
2888 3435 2943 3490 in
2987 3450 3072 3501 ea,
3105 3450 3226 3504 quae
3262 3449 3327 3490 ex
3356 3448 3594 3489 excessu

1999 3540 2056 3588 et
2084 3530 2298 3587 defectu
2326 3528 2685 3599 consequitur
2705 3567 2721 3593 ,
2774 3526 3015 3583 falsitate
3045 3526 3284 3598 graviter
3311 3525 3590 3579 aberrare.

2001 3623 2157 3691 Quod
2189 3622 2428 3694 perpessi
2459 3629 2589 3677 sunt
2629 3619 2794 3677 Arius
2849 3630 2905 3676 et
2951 3618 3081 3674 Afer
3126 3616 3422 3684 Sahellius,
3447 3614 3591 3671 mala

2001 3731 2067 3771 ex
2089 3714 2357 3769 diametro
2405 3727 2464 3768 se
2501 3711 2738 3768 invicem
2775 3709 3145 3774 adversantia,
3186 3708 3377 3781 juncta
3408 3717 3595 3762 tamen

2004 3806 2299 3878 impietate.
2324 3805 2429 3861 Sed
2464 3805 2710 3860 veritatis
2738 3804 2823 3858 via
2856 3800 3054 3867 media,
3089 3814 3145 3858 et
3180 3800 3345 3871 hujus
3376 3799 3592 3868 quidem

2005 3898 2179 3954 triade
2232 3906 2578 3961 naturarum,
2629 3895 2778 3950 illius
2820 3892 3054 3951 confuso
3114 3909 3180 3948 ac
3233 3892 3596 3964 hyposnaseos

2005 3991 2271 4061 singulari
2314 3988 2658 4061 proscriptis,
2707 4003 2877 4042 unum
2916 3985 3111 4050 Deum,
3167 4000 3331 4039 unam
3386 3984 3595 4040 scilicet

2003 4081 2321 4143 essentiam,
2349 4086 2404 4133 et
2426 4085 2700 4142 naturam,
2724 4084 2779 4132 et
2828 4088 2939 4131 tres
2978 4075 3224 4146 ejusdem
3251 4086 3464 4130 natura:
3492 4075 3594 4147 hy-

2003 4183 2251 4245 postases
2277 4172 2329 4228 in
2358 4169 2560 4227 divinis
2595 4170 2774 4242 palam
2802 4168 3154 4240 deprazdicat,
3186 4168 3332 4237 quod
3356 4165 3444 4238 pie
3465 4182 3596 4221 san-

2004 4274 2092 4320 cta
2141 4273 2195 4318 et
2235 4262 2572 4319 tecumenica
2617 4259 2794 4331 prima
2837 4258 3074 4332 synodus
3123 4258 3364 4313 decrevit
3414 4267 3469 4312 et
3501 4256 3599 4311 dc-

2007 4356 2337 4421 terminavit.
2376 4354 2554 4409 Simili
2607 4354 2818 4409 ratione
2846 4362 2901 4409 ct
2928 4353 2996 4408 de
3041 4358 3231 4407 sancta
3261 4359 3455 4421 quarta
3509 4366 3601 4421 sy-

2006 4450 2152 4505 nodo
2178 4446 2678 4519 philosophandum
2731 4454 2836 4502 est.
2881 4441 3343 4515 Namﬁestorio,
3380 4453 3604 4514 propter

2024 4539 2293 4609 geminam
2321 4547 2592 4599 naturam,
2626 4536 2897 4608 geminam
2932 4533 3098 4589 etiam
3148 4533 3484 4605 hypostasim
3522 4533 3604 4586 in-

2028 4629 2369 4692 troducente,
2420 4626 2651 4695 ideoque
2682 4624 2822 4680 dnos
2856 4624 2995 4681 ﬁlios
3031 4624 3085 4679 in
3116 4623 3422 4680 (economia
3458 4638 3606 4677 assc-

2026 4729 2179 4776 rente
2208 4737 2222 4775 :
2248 4718 2495 4792 Eutyche
2531 4733 2660 4774 vero
2680 4733 2744 4773 ac
2787 4716 3063 4785 Dioscoro,
3106 4730 3320 4771 necnon
3375 4714 3604 4781 Severo,

2026 4814 2258 4885 aliisque
2288 4814 2531 4885 ejusdem
2552 4812 2817 4867 doctrinae
2843 4809 3211 4872 consortibus,
3242 4815 3463 4878 propter
3482 4806 3608 4860 uni-

2029 4919 2197 4963 tatem
2231 4907 2558 4979 hypostasis,
2605 4904 2883 4975 singulare
2919 4917 3137 4973 quoque
3192 4912 3400 4954 naturae
3431 4899 3608 4952 faten-

2030 5003 2195 5067 tibus,
2230 4998 2577 5055 manii‘estum
2623 5006 2732 5063 est,
2792 4996 2939 5050 hunc
2989 4994 3205 5064 quidem
3254 5007 3320 5047 ex
3353 5006 3605 5054 excessu,

2029 5096 2164 5148 alios
2194 5109 2257 5146 ex
2288 5090 2500 5146 defectu
2546 5088 2686 5142 mala
2714 5086 2970 5156 opinione
3008 5082 3309 5138 laborasse.
3338 5078 3443 5134 Sed
3474 5080 3609 5133 deii-

2032 5185 2166 5238 nitio
2185 5190 2389 5237 sanctae
2421 5175 2883 5233 Chalcedonensis
2912 5173 3103 5245 synodi
3134 5171 3370 5227 mediam
3401 5170 3607 5225 verita-

2033 5277 2101 5329 tis
2147 5273 2287 5327 viam
2315 5271 2582 5340 ingressa,
2611 5277 2966 5335 sanctamque
2992 5273 3048 5319 et
3074 5261 3473 5319 (ccumenieam
3494 5258 3609 5329 pri-

2033 5380 2176 5419 mam
2208 5361 2472 5433 synodum
2496 5369 2702 5422 secuta,
2735 5369 2858 5426 quae
2913 5355 3145 5409 mediam
3174 5349 3420 5408 veritatis
3462 5349 3607 5402 viam

2034 5451 2418 5515 constabilivit,
2449 5449 2683 5505 absurda
2710 5462 2878 5517 penes
2906 5455 3169 5509 extrema,
3200 5441 3397 5511 duplex
3416 5452 3612 5508 nempe

2035 5549 2412 5618 hypostaseos,
2474 5542 2617 5611 quod
2649 5540 2788 5595 duos
2824 5538 2963 5592 ﬁlios
2993 5534 3124 5589 facit
3173 5542 3227 5588 et
3257 5539 3394 5586 duos
3447 5528 3612 5585 Chri-

2035 5650 2167 5702 stos,
2200 5636 2343 5709 ιμιοιι
2380 5645 2463 5690 est
2512 5646 2611 5703 per
2629 5645 2935 5694 excessum,
2973 5629 3082 5683 imo
3111 5636 3165 5683 et
3188 5625 3485 5689 deiectum,
3519 5622 3613 5692 qui

2036 5743 2258 5803 propter
2285 5726 2558 5797 singulare
2583 5721 2911 5793 hypostasis,
2942 5729 3152 5773 natura:
3184 5730 3403 5788 quoque
3436 5715 3617 5769 unita-

2041 5834 2147 5880 tem
2188 5820 2425 5884 exhibet,
2456 5815 2752 5885 corrigens,
2776 5810 3021 5867 veritatis
3044 5810 3205 5879 viam,
3227 5823 3347 5880 quae
3372 5806 3609 5862 medium
