4064 6414
472 408 577 475 599

1741 405 2039 471 NICETIS
2080 408 2482 477 BYZANTINI

3655 413 3755 482 600

466 532 700 595 occupat
724 522 1099 589 conﬁrmavit,
1152 528 1207 580 et
1237 523 1416 591 palam
1446 522 1740 580 conﬁtetur
1764 523 1819 578 in
1852 524 2039 579 uniom

2163 523 2220 576 δὲ
2242 530 2308 599 τῇ
2336 529 2457 583 κατ’
2485 529 2713 585 ἔνδειαν.
2738 529 2804 584 Ἦ
2825 529 2884 584 δὲ
2908 530 3009 601 τῆς
3040 531 3099 584 ἐν
3118 522 3426 601 Χαλκηδόνι
3444 530 3607 600 ἀγίας
3636 548 3754 585 συν-

468 621 669 678 christi
709 619 1014 677 secundum
1047 620 1409 692 bypostasim,
1442 623 1579 677 duas
1608 630 1835 675 naturas
1858 634 2064 675 conve-

468 715 619 774 uisse
645 716 881 788 partium
916 716 1097 773 locum
1123 717 1177 772 in
1225 732 1336 773 uno
1357 716 1575 771 Christo
1609 716 1974 780 continentes,
2005 727 2063 771 et

468 821 636 863 unam
664 806 1003 880 hypostasim
1027 824 1041 862 :
1068 806 1292 878 quando
1308 805 1546 861 medium
1576 805 1781 874 aliquid
1812 805 2063 861 obtineat

466 914 593 957 cum
634 900 899 956 extremis
923 913 1239 963 commune,
1272 907 1327 955 et
1354 900 1409 954 in
1438 898 1625 969 aliquo
1644 898 1883 965 diﬂ‘erat,
1915 907 1971 954 et
2004 900 2057 953 in

464 990 672 1061 quibus
702 1005 828 1046 cum
846 1005 1072 1046 excessu
1107 989 1471 1055 disconvenit,
1517 1005 1644 1046 cum
1673 990 1889 1046 delectu
1918 1006 2055 1046 con-

465 1082 693 1150 cordat;
727 1083 780 1138 in
815 1084 1017 1154 quibus
1054 1092 1236 1138 autem
1266 1099 1296 1138 a
1342 1082 1557 1139 defectu
1595 1084 1895 1149 discordat,
1933 1100 2059 1141 cum

464 1187 697 1230 excessu
720 1174 995 1229 convenit.
1032 1172 1278 1244 Exempli
1310 1191 1515 1230 causa:
1551 1175 1809 1231 Ecclesiae
1845 1178 2055 1246 opinio,

461 1276 589 1333 qum
609 1262 681 1317 ab
706 1264 856 1334 Aria;
880 1263 1183 1317 secundum
1226 1272 1455 1318 naturas
1485 1264 1762 1330 dissentit,
1788 1280 1913 1319 eum
1951 1265 2053 1320 Sa-

459 1354 627 1410 bellio
657 1370 822 1410 unam
859 1364 1105 1410 naturam
1125 1365 1403 1411 a=serente
1434 1357 1744 1423 consentit;
1777 1373 1898 1427 qua:
1927 1374 2054 1413 eum

462 1445 704 1501 Sabelliu
730 1456 936 1517 pugnat
988 1448 1294 1502 secundum
1353 1448 1633 1518 singulare
1673 1460 1727 1503 et
1757 1447 2053 1504 confusum

456 1538 786 1609 hypostasis,
816 1554 923 1595 non
963 1540 1223 1596 abhorret
1245 1541 1315 1595 ab
1333 1540 1466 1596 Ario
1487 1541 1791 1596 secundum
1825 1542 2054 1597 triadem

453 1630 845 1701 hypostaseon.
887 1634 983 1689 Sic
1009 1634 1179 1689 etiam
1238 1634 1662 1689 diseurrendum
1702 1645 1788 1689 est
1817 1635 1870 1689 in
1899 1646 2055 1690 teco-

452 1727 637 1780 nomia
666 1727 737 1782 de
764 1726 945 1782 media
976 1728 1088 1793 \ia,
1122 1727 1375 1783 veritatis
1409 1742 1605 1796 nempe
1638 1729 1967 1782 sententiam
1998 1729 2053 1783 in

448 1818 639 1886 aliquo
666 1832 792 1872 cum
816 1819 1079 1873 extremis
1106 1820 1464 1882 concordare,
1510 1820 1565 1873 in
1595 1820 1783 1889 aliquo
1812 1819 2051 1881 diﬂ‘erre.

446 1906 581 1961 etin
618 1905 824 1978 quibus
839 1906 1023 1963 diﬂcrt
1050 1909 1120 1964 ab
1149 1925 1402 1977 excessu,
1425 1926 1548 1965 rum
1582 1911 1796 1968 defectu
1822 1927 2056 1967 concor-

447 1996 611 2065 dare,
650 2001 706 2054 in
738 2000 944 2071 quibus
985 2017 1016 2056 a
1044 2000 1283 2064 defectu,
1344 2018 1470 2059 cum
1521 2018 1775 2060 excessu.
1833 2005 1917 2059 Sit
1953 2020 2055 2075 pro

448 2093 728 2163 exetnplo.
761 2092 1043 2150 Punantur
1074 2096 1387 2165 opiniones,
1419 2097 1680 2163 Nestorii,
1717 2097 1968 2167 inquam.
1999 2107 2055 2153 et

448 2184 796 2256 Eutychetis,
837 2196 894 2242 et
922 2186 1132 2250 Severi,
1163 2204 1396 2259 quarum
1442 2191 1613 2245 altera
1651 2191 1792 2246 duas
1823 2203 2053 2247 naturas

445 2287 505 2331 et
532 2278 675 2333 duas
706 2295 973 2346 personas
1019 2280 1220 2335 fatetur
1241 2321 1258 2346 ,
1287 2282 1456 2336 altera
1488 2299 1653 2337 unam
1705 2294 1958 2339 naturam
1996 2295 2053 2341 et

446 2382 617 2425 Unam
649 2372 988 2442 hypostasim
1018 2373 1236 2428 asserit.
1280 2371 1625 2429 Manifestum
1652 2376 1793 2432 ister
1834 2393 1930 2433 eas
1964 2393 2052 2432 se-

442 2464 688 2519 cundum
706 2480 996 2521 excessum
1012 2474 1178 2537 atque
1199 2467 1471 2522 defectum
1490 2468 1720 2523 nimium
1755 2470 2046 2537 interesse,

441 2557 721 2627 siquidem
761 2574 953 2613 earum
988 2558 1304 2629 longissime
1330 2560 1546 2615 diversa
1586 2561 1725 2616 ratio
1746 2569 1850 2625 est,
1883 2563 2049 2617 nihil-

439 2662 556 2718 que
579 2657 684 2711 est,
706 2663 816 2718 quo
847 2658 1066 2716 natura,
1098 2649 1180 2703 vel
1204 2650 1512 2720 hypostasis
1540 2650 1682 2704 inter
1707 2666 1768 2705 se
1800 2666 2051 2707 commu-

442 2743 653 2797 nicent.
677 2741 861 2808 Quare
886 2749 1203 2796 assumatur
1250 2756 1315 2796 ea
1364 2742 1574 2812 Opinio,
1629 2759 1753 2813 qua:
1799 2743 2044 2800 medium

439 2835 696 2891 veritatis
727 2847 989 2905 occupat;
1022 2851 1086 2891 ea
1114 2837 1341 2891 omnino
1395 2838 1450 2892 in
1483 2838 1671 2906 aliquo
1705 2854 1830 2893 cum
1858 2853 2040 2895 extre-

438 2925 552 2984 mis
578 2929 875 2984 comenire
904 2930 1086 2990 debet.
1122 2939 1176 2985 et
1216 2930 1270 2985 in
1321 2932 1505 3001 aliquo
1542 2932 1873 3004 discrepare.
1905 2950 1959 2992 ct
1988 2936 2044 2993 in

437 3019 648 3091 quibus
674 3022 744 3077 ab
765 3036 997 3077 excessu
1016 3022 1387 3087 disconvenit,
1411 3040 1536 3079 cum
1565 3025 1783 3083 defeetu
1806 3044 2044 3084 consen-

436 3112 567 3182 tire,
598 3115 650 3170 in
672 3116 877 3187 quibus
904 3114 1141 3171 defeclui
1164 3132 1272 3171 non
1308 3119 1630 3185 concordat,
1659 3136 1784 3175 cum
1808 3138 2040 3178 excessu

2166 620 2288 674 όδου
2325 620 2656 692 θεσμοθεσία
2695 623 2872 694 μέσην
2900 624 3022 677 ὁδδν
3050 624 3150 694 τῆς
3180 623 3443 695 ἀληθείας
3467 624 3751 693 βαδίσασα,

2167 715 2263 767 καὶ
2292 713 2647 786 μιμησαμένη
2680 715 2781 786 τὴν
2805 714 2969 784 ἁγίαν
2990 717 3088 768 καὶ
3113 713 3505 786 οίκουμενικῇν
3529 716 3751 787 πρώτην

2167 804 2407 870 σύνοδον,
2454 806 2579 877 ἥτις
2628 806 2728 878 τήν
2778 808 2952 879 μέσην
3002 804 3124 861 όδδν
3175 808 3274 877 τῆς
3323 804 3587 877 ἀληθείας
3636 806 3753 860 ἐδε-

2164 897 2391 963 δαίωσε,
2420 899 2517 951 καὶ
2538 899 2681 970 αὑτὴ
2717 899 2787 953 τά
2817 900 2947 972 παρ’
2974 898 3219 971 ἑκάτερα
3253 898 3455 964 ἄτοπα,
3480 899 3545 953 τδ
3573 897 3753 954 δισσὸν

2161 989 2274 1045 τῶν
2298 990 2674 1059 ὑποστάσεων,
2701 994 2840 1065 ὅπερ
2864 996 3011 1047 ποιεῖ
3050 993 3148 1048 δὺο
3189 995 3343 1058 υίοὺς
3373 994 3470 1047 καὶ
3506 993 3604 1047 δύο
3636 1011 3754 1064 χρι-

2164 1087 2345 1152 στοὺς,
2373 1085 2403 1139 δ
2446 1088 2563 1139 ἐστι
2610 1086 2753 1141 κατά
2780 1086 3142 1158 πλεονασμὸν,
3192 1087 3330 1143 ἀλλὰ
3359 1087 3472 1157 μὴν
3509 1087 3604 1140 καὶ
3655 1085 3753 1157 τὴν

2162 1176 2396 1243 ἔνδειαν,
2426 1178 2565 1249 ὅπερ
2589 1177 2679 1233 διά
2707 1178 2767 1232 τδ
2797 1180 3000 1233 ἐνιαῖον
3028 1180 3129 1251 τῆς
3168 1179 3527 1244 ὑποστάσεως
3552 1181 3623 1251 τῇ
3652 1179 3754 1248 φύ-

2162 1287 2245 1322 σει
2289 1272 2352 1323 τὸ
2389 1271 2679 1340 μοναδικδν
2733 1271 2938 1337 δίδωσι,
2971 1272 3072 1342 τὴν
3115 1272 3290 1342 μέσην
3334 1271 3491 1337 τάξιν
3522 1270 3754 1341 ἔχουσαν

2159 1360 2278 1415 ὁδὸν
2323 1352 2584 1432 ἀληθείας
2628 1362 2916 1432 ἐκράτυνε,
2964 1362 3061 1415 καὶ
3098 1360 3469 1433 ἀνακηρύττει
3514 1361 3612 1413 ἐπὶ
3656 1360 3756 1431 τῆς

2159 1451 2283 1505 καθ’
2315 1451 2616 1505 ὑπόστασιν
2641 1450 2890 1515 ένὼσεως
2920 1450 3017 1504 τοῦ
3063 1450 3302 1522 Χριστοῦ
3329 1449 3424 1503 δύο
3451 1449 3650 1519 φύσεις
3689 1450 3755 1503 τά

2160 1544 2505 1611 συνελθόντα,
2540 1543 2724 1615 μερῶν
2751 1542 2906 1609 τάξιν
2933 1544 3126 1613 ἔχοντα
3159 1545 3218 1595 ἐν
3248 1541 3328 1615 τῷ
3375 1544 3457 1595 ένῖ
3503 1540 3755 1613 Χριστῷ,

2160 1634 2373 1706 μίανδὲ
2411 1636 2511 1707 τὴν
2552 1635 2873 1689 ὑπόστασιν.
2918 1633 3142 1704 Ἐπειδὴ
3185 1634 3219 1705 ή
3262 1634 3500 1704 μεσότης
3553 1634 3651 1686 ἐπί
3703 1650 3756 1685 τι

2157 1730 2407 1781 κοινωνεῖ
2429 1729 2542 1791 τοῖς
2567 1727 2781 1797 ἄκροις,
2813 1728 2908 1781 καὶ
2945 1726 3038 1780 ἐπί
3066 1743 3121 1780 τι
3148 1726 3424 1798 διαφέρει,
3455 1724 3555 1779 καὶ
3589 1727 3652 1778 ὲν
3674 1719 3759 1788 οἷς

2156 1818 2575 1891 διαφέρεταιτῷ
2603 1819 2951 1890 πλεονασμῷ,
2988 1822 3238 1873 κοινωνεῖ
3262 1822 3326 1891 τῇ
3351 1818 3556 1889 ἐνδείᾳ,
3585 1818 3646 1871 ἑν
3675 1810 3759 1879 οἷς

2155 1911 2210 1965 δὲ
2258 1912 2580 1983 διαφέρεται
2622 1914 2689 1983 τῇ
2725 1912 2928 1983 ἐνδείᾳ,
2971 1912 3221 1966 κοινωνεῖ
3266 1910 3345 1981 τῷ
3396 1906 3754 1980 πλεονασμῷ.

2155 1997 2283 2056 Οἷόν
2307 2001 2360 2057 τί
2382 2017 2555 2073 φημι’
2589 2001 2663 2055 Τὸ
2694 2005 2795 2074 τῆς
2831 2000 3159 2073 Ἐκκλησίας
3187 2002 3473 2073 φρόνημα,
3494 1999 3758 2072 διαφερῧ-

2156 2112 2321 2163 μενον
2352 2094 2430 2164 τῷ
2459 2091 2553 2148 τοῦ
2596 2094 2806 2165 Ἀρείου
2845 2093 2989 2147 κατὰ
3017 2094 3117 2156 τὰς
3155 2093 3370 2163 φύσεις,
3402 2091 3758 2161 κοινωνεῖτῷ

2153 2185 2471 2253 Σαϐελλίου,
2499 2186 2579 2257 τῷ
2621 2187 2752 2256 μῖαν
2796 2184 2963 2255 φύσιν
3000 2184 3281 2252 δοξάζειν*
3313 2183 3412 2238 τοῦ
3440 2184 3500 2237 δὲ
3537 2185 3606 2254 δὴ
3643 2185 3756 2237 Σα-

2153 2277 2368 2331 ϐελλίου
2397 2277 2793 2350 διαφερόμενον
2823 2279 2967 2333 κατὰ
3000 2280 3062 2332 τὸ
3104 2278 3394 2348 μοναδεκδν
3421 2276 3521 2331 καὶ
3552 2295 3759 2350 συγχυ-

2152 2371 2305 2423 τικδν
2342 2371 2442 2441 τῆς
2490 2370 2868 2435 ὑποστάσεως,
2917 2372 3226 2442 συμφρονεῖ
3266 2369 3348 2441 τῷ
3392 2370 3491 2423 τοῦ
3534 2370 3756 2439 Ἀρείου

2151 2463 2295 2516 κατὰ
2348 2464 2413 2516 τὸ
2464 2461 2690 2534 τρισσὸν
2727 2454 2837 2518 τῶν
2895 2464 3269 2519 ὑποστάσεων.
3316 2463 3514 2527 Οὕτως
3572 2463 3758 2516 ἔνεστι

2152 2558 2377 2610 σκοπεῖν
2436 2556 2531 2610 καὶ
2556 2557 2649 2610 ἐπὶ
2681 2556 2782 2627 τῆς
2812 2558 3126 2628 οἰκονομίας
3163 2557 3262 2629 τὴν
3298 2557 3477 2628 μέσην
3509 2557 3634 2611 ἐδδν
3656 2557 3758 2627 τῆς

2149 2649 2412 2719 ἀληθείας
2455 2649 2635 2716 δόξαν,
2675 2650 2768 2703 ὲπί
2808 2668 2860 2703 τι
2906 2653 3187 2704 κοινωνεῖν
3234 2652 3333 2704 καὶ
3384 2650 3757 2722 διαφέρεσθαι

2148 2744 2262 2806 τοῖς
2298 2742 2489 2815 ἄκροις
2511 2759 2525 2773 ⁸
2578 2744 2673 2796 καὶ
2703 2737 2871 2807 ἐνόίς
2903 2742 3221 2814 διαφέρεται
3263 2742 3344 2814 τῷ
3393 2743 3755 2813 πλεονασμῷ,

2149 2837 2401 2887 κοινωνεῖ
2432 2835 2499 2906 τῇ
2536 2835 2734 2907 ἐνδείᾳ,
2777 2837 2836 2889 έν
2867 2829 2950 2899 οἷς
2986 2835 3043 2889 δὲ
3082 2835 3402 2907 διαφέρεται
3433 2838 3504 2908 τῇ
3549 2836 3752 2906 ἐνδείᾳ,

2147 2928 2400 2980 κοινωνεί
2419 2925 2495 2996 τῷ
2523 2926 2868 2997 πλεονασμῷ.
2890 2922 3015 2981 Οῗόν
3041 2944 3094 2981 τι
3114 2927 3259 2995 λέγω
3279 2942 3293 2956 ⁸
3315 2926 3759 2998 Προκείσθωσαν

2145 3016 2318 3083 δόξαι,
2355 3016 2447 3071 τοῦ
2482 3016 2803 3088 Νεστορίου,
2837 3018 3006 3088 φημὶ,
3045 3019 3139 3071 καὶ⁵
3172 3017 3474 3089 Εὐτυχοῦς,
3519 3019 3620 3071 καὶ
3653 3020 3753 3070 Σει-

2148 3109 2319 3180 6ήρου
2343 3109 2418 3179 ,ἠ
2453 3109 2551 3178 μὲν
2589 3108 2684 3163 δύο
2728 3109 2920 3178 φύσεις
2956 3110 3053 3162 καὶ
3083 3108 3178 3163 δύο
3232 3108 3508 3180 πρόσωπα
3539 3111 3752 3177 κηρῖτ-

434 3208 721 3278 conjungi.
756 3206 907 3263 Talis
942 3217 1030 3263 est
1071 3220 1275 3263 saneta:
1318 3219 1530 3280 quartae
1582 3213 1775 3284 synodi
1819 3224 2039 3269 senten—

2146 3217 2340 3265 τουσα,
2374 3201 2409 3270 ἡ
2450 3201 2507 3254 δὲ
2563 3201 2695 3271 μίαν
2731 3200 2895 3271 φύσιν
2935 3201 3030 3255 καὶ
3074 3199 3203 3271 μίαν
3238 3200 3553 3254 ὑπόστασιν
3600 3202 3755 3265 δοξά-

435 3298 538 3361 tia,
579 3299 634 3353 in
662 3296 888 3354 Christo
922 3300 1062 3354 duas
1112 3309 1342 3355 naturas
1394 3309 1447 3355 et
1478 3319 1644 3358 unam
1700 3304 2035 3385 hypnstasim

435 3390 772 3453 enuntians,
805 3405 926 3458 qua:
976 3404 1007 3444 a
1062 3387 1319 3446 Nestor-io
1355 3395 1658 3449 secundum
1694 3395 2035 3466 hypustasim

434 3477 776 3536 dissentiens
799 3479 915 3551 (ille
940 3478 1085 3535 enim
1124 3480 1286 3548 duas,
1328 3483 1445 3538 hate
1486 3502 1649 3539 uuam
1700 3486 2033 3558 profitetur),

434 3587 566 3627 eum
620 3570 868 3642 Eutyche
906 3583 1068 3641 atatte
1100 3573 1306 3630 Severo
1332 3579 1627 3641 consentit,
1674 3579 1820 3649 quod
1848 3591 1899 3635 cl.
1933 3581 2036 3650 ipsi

436 3672 608 3715 unam
664 3660 1000 3733 hypostasjm
1039 3664 1392 3721 conﬁtentur.
1446 3666 1551 3723 Sed
1605 3685 1824 3725 rursum
1859 3687 1888 3726 a
1918 3673 2038 3727 Dio-

434 3767 621 3818 scnto,
658 3759 715 3808 ct
748 3752 1010 3825 Eutyche,
1052 3768 1108 3810 ct
1137 3755 1342 3813 Severo
1379 3758 1799 3818 disconveniens
1835 3780 2035 3821 secun-

430 3851 567 3904 dum
599 3859 897 3916 naturam,
938 3846 1086 3919 quod
1121 3849 1201 3905 illi
1232 3838 1396 3907 unam
1431 3862 1685 3909 naturam
1718 3856 2029 3914 iu'wcono-

432 3937 545 3995 mia
593 3950 868 4008 asseram,
923 3942 1013 3996 illa
1045 3940 1208 4009 duas,
1252 3958 1361 3998 non
1397 3944 1631 4000 dissidet
1677 3961 1709 4002 a
1754 3943 2028 4015 Nestorio,

429 4031 531 4105 qui
561 4032 697 4090 duas
729 4034 1116 4090 tantummodo
1168 4045 1394 4093 naturas
1437 4037 1490 4092 in
1552 4036 1773 4095 Christo
1822 4041 2026 4111 posuit.

432 4122 718 4199 Nemoquc
756 4140 821 4183 ex
865 4142 934 4183 eo
969 4127 1115 4197 quod
1169 4127 1222 4183 in
1259 4125 1444 4195 aliquo
1489 4130 1614 4200 quis
1658 4135 2029 4189 communicat

429 4235 558 4274 rum
596 4219 721 4285 alio,
748 4219 975 4272 omnino
1002 4235 1127 4273 eum
1177 4234 1242 4274 eo
1288 4219 1701 4277 communicare
1744 4220 2024 4293 opinetur,

429 4321 487 4369 et
516 4322 775 4381 tauquam
803 4328 908 4365 una
933 4310 1259 4367 sentientem
1288 4328 1436 4378 eum,
1465 4315 1556 4384 qui
1600 4315 1654 4370 in
1691 4315 1876 4386 aliquo
1901 4333 2025 4373 cum

429 4406 695 4476 quopiam
754 4404 940 4465 sentit,
974 4401 1027 4458 in
1058 4404 1251 4459 eodem
1313 4401 1533 4468 habeat,
1581 4415 1745 4476 atque
1782 4424 2027 4465 exsecre-

432 4507 551 4561 tur;
589 4490 1034 4564 quandoquidem
1066 4497 1121 4547 et
1164 4508 1292 4547 vera
1328 4492 1587 4550 Ecclesiae
1635 4496 1842 4567 opinio,
1878 4501 2023 4570 quod

2147 3294 2339 3357 ζουσα.
2383 3293 2623 3363 Φανερδν
2672 3292 2755 3346 ὅτι
2805 3293 2946 3346 κατὰ
2989 3290 3338 3361 πλεονασμὸν
3385 3293 3485 3344 καὶ
3540 3293 3755 3346 ἔνδειαν

2145 3382 2361 3437 ἔσονται
2396 3383 2773 3453 ἀντικείμεναι
2794 3401 2807 3416 ·
2840 3384 3001 3456 εἴπερ
3034 3385 3101 3438 τὰ
3130 3385 3335 3439 οὑτωσὶ
3372 3386 3560 3457 πάντη
3600 3386 3750 3439 ἀντέ-

2147 3494 2379 3540 κεινται,
2408 3477 2500 3530 καὶ
2532 3475 2792 3549 οὐδεμίαν
2826 3477 3117 3532 κοινωνίαν
3162 3477 3383 3547 φύσεως
3439 3477 3472 3550 ἢ
3506 3479 3744 3533 ὑποστά-

2145 3586 2283 3635 σεως
2305 3572 2441 3642 πρὸς
2469 3570 2709 3643 ἀλλήλας
2752 3570 3071 3640 κέκτηνται.
3099 3569 3311 3624 Οὐκοῦν
3357 3571 3641 3643 ληφθητω
3671 3590 3753 3636 τις

2141 3663 2353 3735 δόξα,ή
2404 3661 2467 3717 τδ
2500 3664 2666 3734 μέσον
2702 3663 2804 3733 τῆς
2849 3662 3108 3735 ἀληθείας
3156 3662 3359 3734 ἔχουσα
3390 3680 3404 3693 ·
3455 3664 3610 3737 αὕτη
3658 3661 3752 3719 οὖν

2139 3758 2234 3811 ὲπί
2266 3776 2318 3812 τι
2351 3760 2463 3821 τοῖς
2494 3758 2686 3828 ἄκροις
2715 3757 3065 3827 ἐποφείλεται
3096 3760 3403 3823 κοινωνεῖν,
3435 3760 3538 3813 καὶ
3571 3760 3671 3813 ὲπί
3696 3777 3748 3812 τι

2137 3851 2439 3924 διαφέρειν,
2468 3850 2562 3905 καὶ
2583 3851 2642 3904 ὲν
2669 3844 2750 3915 οἷς
2775 3850 3095 3923 διαφέρεται
3124 3850 3203 3922 τῷ
3237 3850 3601 3922 πλεονασμῷ,
3632 3870 3747 3905 κοι-

2139 3946 2329 3997 νωνεῖν
2355 3944 2420 4015 τῇ
2452 3943 2653 4016 ἐνδείᾳ,
2682 3944 2742 3997 ἐν
2768 3939 2850 4008 οἷς
2871 3944 2926 4022 δε
2944 3944 3263 4013 διαφέρεται
3292 3947 3359 4016 τῇ
3393 3945 3604 4015 ἐνδείᾳ,
3630 3962 3745 3997 κοιο

2137 4037 2328 4089 νωνεῖν
2372 4033 2448 4106 τῷ
2503 4034 2850 4106 πλεονασμῷ.
2879 4031 3119 4107 Τοιαῦτη
3158 4037 3246 4101 τίς
3292 4039 3412 4090 ἐστι
3446 4038 3545 4091 καὶ
3577 4038 3612 4109 ἡ
3647 4038 3741 4107 τῆς

2138 4129 2302 4198 ἁγίας
2352 4130 2627 4199 τετάρτης
2671 4129 2890 4183 συνόδου
2947 4131 3041 4184 ἐπὶ
3086 4131 3354 4203 Χριστοῦ,
3398 4132 3497 4185 δύο
3544 4131 3743 4201 φύσεις

2136 4223 2231 4275 καὶ
2267 4221 2396 4291 μίαν
2429 4222 2727 4275 ὑπόστασιν
2775 4222 3146 4293 κηρύττουσα,
3196 4222 3321 4293 ἥτις
3358 4222 3743 4296 διαφερομένῃ

2133 4315 2213 4387 τῷ
2250 4312 2532 4386 Νεστορίῳ
2585 4315 2726 4368 κατά
2762 4315 2859 4386 τὴν
2889 4314 3192 4369 ὑπόστασιν
3226 4316 3329 4384 (ὅτι
3365 4317 3394 4369 δ
3422 4317 3525 4386 μὲν
3557 4316 3675 4379 δύο,
3704 4318 3740 4386 ἡ

2132 4407 2191 4461 δὲ
2217 4406 2353 4477 μίαν
2386 4405 2697 4477 κηρύττει),
2719 4409 2968 4460 κοινωνεῖ
2995 4404 3073 4479 τῷ
3100 4407 3333 4476 Εὑτυχεῖ
3362 4408 3459 4460 καὶ
3484 4402 3742 4478 Σιόήρῳ,
3816 4388 3826 4401 ⁸

2133 4500 2279 4554 κατὰ
2308 4500 2366 4554 τὸ
2409 4500 2538 4571 μίαν
2574 4500 2869 4553 ὑπόστασιν
2904 4501 3187 4571 ὁμολογεῖν
3218 4501 3318 4554 καὶ
3351 4501 3581 4565 αὑτούς.
3629 4502 3745 4555 Πά-

432 4589 486 4641 in
523 4584 709 4657 aliquo
741 4599 865 4639 cum
889 4584 1152 4640 extremis
1179 4578 1647 4656 concorda't,Ario
1671 4598 1722 4645 et
1763 4590 2022 4659 Sabellio,

2146 4604 2215 4647 ttv
2244 4594 2289 4647 δ’
2313 4592 2382 4648 αὑ
2407 4594 2778 4666 διαφερομένη
2804 4594 2880 4662 τῷ
2897 4595 3195 4666 Διοσκόρω,
3222 4595 3316 4649 καὶ
3346 4595 3610 4665 Εὑτυχεῖ,
3646 4595 3749 4650 καὶ

433 4691 495 4733 ιιι
536 4676 717 4733 oratio
747 4674 1145 4747 comprobavit,
1192 4679 1594 4747 proscribetur.
1633 4679 1699 4737 Et
1736 4685 1862 4755 quis
1894 4696 2019 4741 tan-

431 4785 543 4827 tam
585 4769 986 4836 blasphemiam
1018 4770 1158 4825 ferre
1186 4772 1422 4841 poterit?
1457 4767 1583 4828 Pari
1616 4776 1829 4833 ratione
1858 4788 1914 4834 et
1953 4779 2020 4835 de

430 4872 619 4918 sancta
654 4873 849 4933 quarta
895 4861 1107 4932 synodo
1158 4862 1245 4932 pie
1299 4863 1684 4921 disserendum
1738 4879 1841 4925 est.
1884 4871 2023 4938 Quia

428 4950 792 5012 rousemitjn
851 4953 1037 5022 aliquo
1074 4968 1201 5008 cum
1245 4952 1519 5021 Ncstorio,
1574 4956 1768 5013 ideonc
1820 4970 1873 5015 et
1912 4977 2021 5016 una

428 5064 556 5104 cum
587 5063 654 5101 eo
686 5045 893 5102 sentire
919 5042 1212 5102 dicemus?
1241 5052 1448 5117 Apage.
1511 5044 1638 5106 liaac
1699 5050 1884 5124 itaque
1926 5070 2019 5125 sy-

431 5136 608 5195 nodus
666 5139 768 5193 hoc
795 5132 957 5192 modo
997 5136 1230 5193 mediam
1282 5138 1531 5195 veritatis
1578 5143 1721 5197 viam
1762 5144 2025 5216 evulgaus

428 5251 535 5290 non
592 5242 678 5290 est
718 5233 973 5304 improbo
1011 5232 1279 5297 consilio,
1331 5243 1385 5290 et
1431 5251 1647 5291 summa
1683 5236 2026 5309 ignoratione

425 5326 836 5392 ralumniauda,
876 5324 1369 5397 abjudicandaque,
1403 5329 1497 5383 sed
1532 5331 1714 5399 ponus
1746 5332 1836 5387 ubi
1870 5332 2025 5401 prius

426 5434 636 5481 rectum
664 5423 839 5494 ipsius
880 5421 1076 5492 dogma
1116 5420 1402 5491 amplexus
1454 5421 1644 5489 fueris,
1699 5425 2026 5479 exosculan-

425 5518 527 5579 da,
575 5513 1107 5585 annumerandaque
1154 5528 1277 5569 cum
1323 5514 1449 5570 aliis
1479 5516 1688 5573 sanctis
1720 5517 1898 5572 tribus
1929 5532 2025 5587 sy-

428 5601 607 5664 nodis,
636 5603 805 5672 quod,
834 5611 891 5657 ut
916 5603 1096 5658 oratio
1125 5601 1699 5666 demonstravitmihil
1747 5620 1857 5673 pra:
1902 5605 2026 5660 aliis

431 5695 638 5750 sanctis
660 5698 834 5752 tribes
863 5696 1425 5768 synodisiunovmitj;
1455 5698 1727 5769 qninimo,
1760 5699 1804 5753 si
1836 5714 2023 5754 verum

436 5777 599 5833 lateri
644 5787 921 5852 volumus,
986 5789 1174 5843 eadem
1230 5805 1479 5856 prorsus,
1523 5806 1789 5860 mquuque
1839 5791 2025 5848 omnia

2136 4686 2361 4757 Σεόήρῳ
2386 4685 2533 4739 κατά
2559 4685 2660 4755 τὴν
2699 4685 2863 4754 φύσιν
2896 4687 2999 4756 (ὅτι
3031 4689 3079 4740 oi
3117 4686 3217 4756 μὲν
3269 4687 3401 4758 μίαν
3445 4688 3617 4756 φύσιν
3647 4689 3750 4742 ἐπὶ

2132 4781 2234 4851 τῆς
2261 4778 2580 4850 οἰκονομίας
2610 4777 2995 4849 κηρύττουσιν,
3030 4780 3062 4849 ή
3095 4780 3148 4834 δὲ
3192 4780 3335 4848 δύο),
3368 4787 3634 4839 κοινωνεῖ
3665 4784 3750 4855 τῷ

2134 4872 2436 4942 Νεστορίῳ,
2477 4870 2619 4924 κατὰ
2648 4869 2710 4923 τὸ
2740 4868 2839 4932 τὰς
2881 4870 2975 4923 δύο
3012 4871 3108 4924 καὶ
3151 4873 3313 4942 μόνον
3343 4873 3543 4943 φύσεις
3574 4876 3748 4943 sagi-

2135 4964 2250 5030 ζειν
2279 4966 2371 5019 ἐπὶ
2406 4962 2667 5036 Χριστοῦ.
2697 4964 2806 5017 Καὶ
2841 4963 2903 5016 οὑ
2936 4962 3017 5016 δεῖ
3046 4966 3110 5016 ἐκ
3131 4964 3226 5018 τοῦ
3270 4968 3416 5021 κατά
3446 4987 3500 5023 τι
3535 4988 3747 5023 κοινω-

2134 5058 2266 5123 νεῖν,
2321 5059 2418 5112 καὶ
2471 5056 2534 5111 τὸ
2577 5056 2765 5120 ἁπλῶς
2794 5060 3074 5111 κοινωνεῖν
3124 5057 3468 5126 λογίζεσθαι,
3520 5064 3622 5117 καὶ
3666 5066 3749 5125 ὡς

2134 5150 2411 5220 ὁμόφρονα
2456 5150 2548 5203 τὸν
2604 5148 2748 5203 κατά
2795 5165 2849 5201 τι
2900 5148 3270 5203 κοινωνοῦντα
3323 5168 3467 5219 τινι,
3538 5156 3749 5209 ταυτὸν

2132 5239 2328 5309 ἐκείνῳ
2382 5236 2694 5310 λογίζεσθαι
2733 5238 2826 5292 καὶ
2886 5240 3282 5309 μυσάττεσθαι.
3322 5242 3484 5297 Ἐπεὶ
3529 5246 3631 5300 καὶ
3681 5245 3751 5298 τὸ

2130 5331 2330 5403 ἀληθὲς
2353 5334 2609 5405 φρόνημα
2628 5331 2731 5401 τῆς
2770 5331 3120 5403 Ἐκκλησίας,
3147 5333 3283 5387 διότι
3316 5336 3415 5389 ἐπί
3444 5355 3494 5391 τι
3539 5357 3752 5391 κοινωο

2130 5426 2212 5476 νεῖ
2238 5424 2347 5487 τοῖς
2375 5425 2587 5495 ἄκροις,
2632 5423 2850 5495 Ἀρείῳ,
2881 5424 3046 5494 φημὶ,
3077 5424 3173 5477 καὶ
3205 5425 3513 5499 Σαϐελλίῳ,
3549 5430 3750 5493 καθὼς

2128 5515 2158 5567 δ
2194 5515 2353 5581 λόγος
2400 5516 2765 5588 παρέστησεν,
2796 5514 3346 5589 ἀποκηρυχοήσεται.
3381 5520 3495 5574 Καὶ
3534 5522 3626 5586 τίς
3672 5520 3751 5577 ἂν

2131 5607 2329 5681 ὑποίσῃ
2348 5606 2408 5660 τὸ
2442 5608 2794 5679 βλάσφημονς
2825 5607 3041 5660 Οὑτωσὶ
3084 5608 3179 5663 καὶ
3218 5610 3316 5663 ἐπὶ
3350 5612 3452 5683 τῆς
3486 5614 3549 5668 ὲν
3580 5612 3746 5668 Χαλ-

2131 5700 2313 5772 κηδόνι
2363 5701 2523 5767 ἁγίας
2574 5701 2845 5773 τετάρτης
2906 5699 3128 5755 συνόδου
3186 5701 3437 5768 εὐσεϐῶς
3496 5706 3746 5777 συνορᾷν

2130 5794 2305 5849 ἔνεστι
2325 5812 2338 5825 ⁸
2371 5794 2503 5849 διότι
2531 5797 2779 5848 κοινωνεῖ
2808 5793 2903 5848 ἐπί
2927 5811 2978 5848 τι
3021 5793 3101 5867 τῷ
3127 5794 3434 5869 Νεστορίῳ,
3465 5799 3569 5872 ἤδη
3596 5801 3741 5870 δμο-
