4064 6404
300 386 412 454 601

1158 396 1593 461 REFUTATIO
1631 403 2017 467 EPISTOL/E
2047 405 2194 468 REG
2207 408 2277 468 IS
2307 410 2701 474 ARMENIE.

3471 386 3587 485 (σε

299 505 528 606 ςρρονεῖν
566 504 866 606 ,δώσομεκ
924 508 1223 581 Οὖμενουν.
1283 514 1495 569 Οὐκοῦν
1541 516 1642 588 τὴν
1692 521 1893 574 οὑτωσὶ

2006 525 2230 588 stmluit,
2249 534 2303 579 et
2328 528 2675 582 concorditer
2694 527 2862 582 voluit
2883 544 3004 583 cum
3031 531 3158 597 illis,
3183 541 3439 605 tanquam
3464 551 3591 606 qua:

300 592 473 661 ἁγίαν
519 593 759 661 σύνοδον,
792 597 893 669 τὴν
928 599 1100 672 μέσην
1144 602 1262 656 ὁδὸν
1290 605 1390 675 τῆς
1418 606 1678 678 ἀληθείας
1716 611 1892 681 κηρύ-

2000 616 2236 670 mediam
2265 618 2509 673 veritatis
2537 620 2678 673 viam
2710 620 2914 674 inierit.

301 685 499 787 ξασαν,
526 690 585 742 οὐ
624 691 706 744 δεῖ
747 694 1078 767 κακοϐουλίᾳ
1111 698 1206 751 καὶ
1244 699 1483 771 ἀμαθεία
1534 707 1890 772 συκοφαντεῖν
1950 709 2045 762 καὶ
2092 709 2543 779 ἀποπέμπεσθαι,
2588 712 2724 768 ἀλλὰ
2776 714 2977 784 μᾶλλον
3022 716 3082 769 cs
3162 717 3366 787 ταύτης
3431 717 3593 787 ὀρθὸν

303 780 483 881 δογμα
531 787 969 881 δμολογήσαντα,
1020 792 1402 864 ἀποδέχεσθαι,
1456 799 1552 852 καὶ
1602 801 1743 869 μετὰ
1810 802 1919 856 τῶν
1992 803 2197 859 λοιπῶν
2267 807 2436 876 ἁγίων
2487 808 2655 880 τριῶν
2722 780 2956 863 συνόδων
3005 780 3383 881 καταριθμεῖν.
3437 780 3526 864 διὸ
3564 811 3593 863 ὁ

305 874 466 944 λόγος
516 878 686 943 ἔδειξε
741 882 1014 953 μηδεμίαν
1073 888 1412 955 κενοφωνίαν
1441 891 1770 959 εἰσάγουσαν
1823 895 1922 967 τὴν
1979 896 2142 964 ἁγίαν
2202 874 2472 971 τετάρτην
2522 874 2744 955 σύνοδον
2794 902 2929 973 πρὸς
2983 905 3104 965 ταῖς
3151 874 3368 965 λοιτεαῖς
3409 902 3596 969 ἁγίαις

298 973 475 1068 τρισὶγ
508 974 770 1038 συνόδοις,
828 976 1028 1047 μᾶλλον
1061 978 1140 1044 δὲ,
1173 982 1222 1034 εἰ
1272 985 1379 1054 χρὴ
1409 982 1644 1056 τάληθὲς
1690 988 1889 1055 εἰπεῖν,
1928 990 2193 1065 μεγίστην
2215 996 2539 1064 συμφωνίαν
2565 994 2734 1050 διὰτὸ
2755 997 2848 1050 καί⁵
2878 996 3050 1068 αὐτὴν
3104 996 3204 1068 τὴν
3236 997 3409 1068 μέσην
3476 998 3596 1050 ὁδὸν

295 1066 406 1135 τῆς
430 1067 691 1137 ἀληθείας
714 1070 951 1141 βαδίσαι,
983 1072 1171 1147 ὥσπερ
1202 1076 1431 1131 ἐκεῖναι.

374 1157 440 1214 ε’.
477 1160 695 1213 Ἐνεστι
720 1163 778 1216 δὲ
823 1168 1048 1219 σκοπεῖν
1077 1167 1174 1221 καὶ
1210 1167 1271 1235 ἐξ
1303 1171 1476 1238 αὐτῆς
1517 1173 1616 1244 τῆς
1647 1175 1892 1238 συνόδου,

293 1251 353 1304 τί
386 1252 500 1324 ἄρα
537 1253 787 1325 βούλεται
836 1258 1130 1329 κηρύττειν
1172 1263 1266 1316 ἐπὶ
1310 1247 1572 1335 Χριστοῦ.
1616 1266 1891 1340 Ἐπομένη

294 1345 435 1414 γὰρ,
493 1348 568 1411 ὡς
617 1348 754 1420 αὐτή
790 1367 944 1420 φησι,
1002 1354 1114 1418 τοῖς
1155 1354 1423 1426 Πατράσι,
1449 1358 1592 1412 κατὰ
1616 1358 1759 1424 λέξιν
1787 1354 1891 1414 ὧδε

295 1435 540 1504 φάσκεν
576 1438 713 1493 Ἕνα
762 1441 857 1494 καὶ
902 1441 993 1495 τὸν
1027 1443 1190 1498 αὐτὸν
1234 1446 1441 1518 Κύριον
1484 1450 1642 1520 ἡμῶν
1675 1451 1892 1522 Ἰησοῦν

296 1530 548 1601 Χριστὸν
609 1532 918 1602 συμφώνως
943 1535 1227 1604 ὁμολογεῖν
1276 1538 1627 1594 ἐκδιδάσκει·
1670 1542 1760 1597 διὰ
1793 1544 1893 1614 μὲν

292 1621 398 1676 τοῦ
427 1623 765 1693 συμφώνως
792 1627 1011 1698 ἐκείνην
1052 1626 1154 1700 τὴν
1198 1630 1434 1700 ὑποψίαν
1488 1635 1899 1705 προῦποτεμνο-

297 1713 466 1785 μένη,
497 1716 598 1787 τὴν
632 1717 732 1770 οὐκ
757 1718 823 1771 ὲκ
865 1719 1088 1772 πάντων
1111 1721 1366 1791 οἰομένην
1397 1723 1506 1777 τῶν
1547 1741 1893 1798 συναγηγερ·

296 1806 486 1877 μένων
521 1807 838 1862 ἐπισκόπων
876 1810 935 1863 ὲν
966 1809 1100 1881 αὐτῇ
1133 1811 1234 1884 τὴν
1276 1814 1648 1887 ὑποκειμένην
1677 1817 1895 1872 ἔκθεσιν

294 1873 610 1966 γεγονέναι,
642 1899 760 1953 ἀλλ’
801 1900 862 1967 ἐξ
890 1873 1202 1967 ἐνίων,“οί’ς’
1230 1905 1324 1958 καί⁵
1358 1873 1545 1976 μόνοις
1591 1873 1790 1978 ύιρέσαι
1815 1913 1887 1964 τὰ
1928 1873 1968 1927 Β

294 1990 595 2059 εἰρημένα.
641 1991 799 2046 Μετὰ
846 1993 902 2046 δὲ
957 1993 1118 2048 τοῦτο
1169 1994 1361 2068 ὥσπερ
1412 2000 1891 2069 συνεκτικωτάτην

294 2081 515 2155 πλάνην
549 2083 843 2156 ὲξιωμένη,
893 2084 1037 2154 λέγω
1078 2087 1144 2157 δὴ
1172 2088 1270 2159 τὴν
1315 2088 1418 2159 τῆς
1456 2089 1550 2144 τοῦ
1590 2091 1890 2163 Νεστορίου

292 2172 625 2238 δυσσεϐείας
677 2175 974 2247 διαίρεσιν,
1025 2179 1467 2253 ὲπεισαγομένην
1516 2185 1582 2254 τῇ
1634 2183 1893 2256 ἀχράντῳ

298 2265 616 2338 οἰκονομίᾳ.
674 2267 766 2321 Διὸ
804 2268 991 2336 λέγει,
1024 2270 1121 2323 ἕνα
1165 2271 1262 2325 καὶ
1289 2273 1383 2325 τὸν
1411 2274 1574 2328 αὐτὸν
1606 2275 1891 2345 ὁμολογεῖν

295 2358 434 2411 Υἰὸν
457 2359 550 2413 τὸν
578 2359 783 2432 Κύριον
809 2361 968 2431 ἡμῶν
1006 2363 1214 2432 Ἰησοῦν
1247 2364 1486 2435 Χριστόν
1505 2382 1519 2397 ο
1551 2366 1640 2421 διὰ
1669 2369 1769 2439 τῆς
1795 2369 1889 2423 τοῦ

294 2451 426 2513 ἑνὸς
456 2452 551 2505 καὶ
588 2451 682 2505 τοῦ
716 2453 881 2507 αὑτοῦ
912 2455 1308 2527 προσηγορίας,
1337 2458 1635 2529 ⁴πρόρριζον
1661 2460 1760 2531 τὴν
1790 2462 1894 2531 τῆς

294 2546 625 2616 διαιρέσεως
655 2546 947 2618 ἑξαίρούσα
985 2548 1143 2614 δόξαν
1163 2566 1176 2579 ·
1209 2550 1305 2604 καὶ
1341 2552 1540 2621 μᾶλλον
1562 2554 1647 2606 διὰ
1672 2556 1770 2625 τῆς
1793 2556 1893 2626 ἁρ-

295 2642 529 2712 ρενικῆς
587 2643 892 2712 προφορᾶς.
931 2642 1086 2698 Ἕνα
1141 2644 1251 2716 γὰρ
1274 2641 1451 2711 εἶπεν,
1498 2644 1598 2717 οὐχ
1646 2645 1743 2700 ἕν’
1798 2646 1894 2701 καὶ

292 2735 479 2807 ταύτῃ
531 2734 631 2806 τὴν
675 2735 805 2807 ὅλην
839 2736 1087 2790 σύνθεσιν
1142 2739 1635 2809 ἀποσημαίνουσα,
1683 2741 1779 2794 καὶ
1830 2742 1892 2795 οὐ

294 2828 447 2883 κατὰ
472 2828 637 2898 μέρος
656 2830 847 2899 αὐτῆς,
871 2830 1008 2899 ὅπερ
1035 2831 1183 2890 εἰκὸς
1209 2826 1278 2903 ἦν
1302 2832 1401 2903 τὴν
1427 2833 1595 2904 ἄλλην
1623 2835 1896 2888 ἐνδείκνυ-

296 2924 429 2978 σθαι
466 2925 770 2995 προφορὰν,
804 2925 909 2977 κάν
942 2924 1119 2995 τούτῳ
1154 2927 1466 2997 μιμουμένη
1509 2927 1600 2979 τὸν
1628 2927 1688 2980 ὲν
1720 2925 1894 2995 ἁγίοις

294 3016 637 3087 Γρηγόριον·
662 3017 750 3071 διὰ
783 3017 884 3087 μὲν
907 3017 1024 3081 τοῦ,
1067 3017 1263 3083 ἄλλος
1303 3017 1403 3072 καί
1432 3017 1645 3084 ἄλλος,
1683 3020 1743 3071 τὸ
1770 3019 1892 3072 ὅλον

300 3107 667 3178 σημαίνουσα,
702 3108 791 3162 διὰ
841 3108 897 3162 δὲ
938 3108 1056 3173 τοῦ,
1082 3109 1236 3163 ἄλλο
1273 3108 1371 3163 καί
1417 3110 1594 3172 ἄλλο,
1627 3111 1696 3164 τὰ
1726 3111 1890 3182 μέρη.

2075 1177 2130 1233 5.
2153 1175 2460 1234 Possumus
2500 1178 2663 1234 etiam
2725 1195 2791 1235 ex
2824 1179 3013 1235 eadem
3066 1178 3276 1250 synodo
3310 1178 3592 1248 colligere.

2000 1270 2131 1339 quid
2161 1271 2274 1340 ipsa
2308 1272 2375 1324 de
2397 1270 2619 1326 Christo
2650 1273 2993 1342 proﬁteatur.
3043 1272 3263 1327 Patrum
3295 1274 3434 1327 enim
3456 1274 3594 1326 insi-

1999 1370 2141 1414 stens
2190 1362 2442 1431 vestigiis,
2516 1371 2576 1417 ut
2605 1363 2722 1433 ipsa
2761 1365 2825 1419 ad
2861 1364 3085 1419 verbum
3119 1365 3307 1431 refert,
3335 1383 3499 1421 unum
3540 1376 3591 1419 et

1998 1454 2235 1507 eumdem
2262 1452 2547 1508 Dominum
2572 1466 2811 1509 nostrum
2845 1457 3029 1511 Jesum
3061 1456 3335 1513 Christum
3367 1476 3588 1513 concor-

1999 1546 2136 1599 diter
2155 1546 2414 1615 conﬁteri,
2451 1564 2550 1603 nos
2574 1548 2807 1604 edocet:
2857 1566 2953 1620 per
2986 1552 3210 1605 verlmm
3254 1554 3592 1607 concorditer

1998 1638 2368 1707 suspicionem
2402 1638 2548 1692 illam
2602 1641 2827 1707 tollens,
2877 1657 2984 1711 qua
3020 1643 3440 1698 existimabatur
3475 1660 3587 1698 non

1998 1729 2068 1784 ab
2119 1730 2376 1785 omnibus
2428 1731 2701 1801 episc0pis
2758 1733 2948 1789 eodem
2999 1736 3207 1790 coactis
3236 1737 3585 1806 prmpositam

2002 1818 2124 1874 lidei
2173 1821 2575 1889 expositionem
2636 1822 3023 1893 compositam,
3083 1824 3178 1880 sed
3208 1826 3276 1880 ab
3305 1826 3586 1896 aliquibus

2001 1915 2402 1980 tantummodo,
2467 1916 2670 1985 quibus
2727 1932 2788 1970 ea
2850 1916 2995 1972 dicta
3050 1917 3103 1971 in
3135 1918 3347 1988 integro
3411 1918 3583 1974 fuere.

1996 2006 2354 2061 Postmodum
2382 2008 2545 2062 veluti
2582 2008 2868 2078 primario,
2915 2018 2969 2063 et
3025 2009 3263 2078 reliquos
3288 2009 3588 2065 continenti

1996 2114 2140 2154 erro:
2157 2100 2196 2164 i,
2221 2099 2369 2169 impii
2389 2099 2655 2154 duntaxat
2678 2098 2912 2155 Nestorii
2939 2102 3218 2168 divisioni,
3238 2102 3291 2155 in
3319 2102 3589 2155 immacu-

1997 2189 2161 2243 latam
2195 2190 2557 2244 oeconomiam
2587 2191 2802 2245 intruso
2824 2192 3092 2246 medicina
3122 2192 3441 2253 admovens.
3467 2192 3543 2246 ait
3569 2210 3585 2246 :

2004 2279 2179 2334 Unum
2204 2290 2251 2333 ct
2270 2280 2507 2334 eumdem
2528 2281 2774 2350 conﬁteri
2809 2280 3009 2334 Filium
3039 2282 3319 2335 Dominum
3345 2291 3589 2336 nostrum

1997 2371 2183 2427 Jesum
2240 2371 2550 2434 Clu-istum,
2584 2373 2743 2428 unius
2786 2372 3126 2444 ejusdemque
3170 2375 3590 2445 compellatione

2002 2461 2250 2518 funditus
2282 2462 2571 2519 divisionis
2595 2464 2908 2533 opinionem
2943 2476 3220 2530 evertens,
3272 2481 3326 2519 et
3364 2466 3590 2535 potissi-

2002 2571 2149 2609 mmn
2191 2556 2493 2610 masculine
2544 2556 2909 2626 pronuntians
2945 2574 2959 2610 :
2990 2574 3127 2611 unus
3159 2556 3304 2611 enim
3338 2557 3412 2611 illi
3447 2558 3588 2612 dici-

2002 2654 2112 2715 tur,
2141 2662 2248 2702 non
2281 2663 2467 2709 imum,
2502 2655 2670 2717 atque
2702 2647 3013 2702 universam
3035 2648 3588 2718 compositionem,et

2001 2754 2110 2793 non
2145 2747 2354 2808 partem
2390 2740 2562 2810 ipsius
2593 2740 3034 2810 exprimit,quod
3063 2740 3330 2796 insinuari
3365 2754 3590 2796 necesse

2001 2841 2143 2898 erat,
2168 2831 2212 2886 si
2247 2833 2403 2886 aliter
2429 2833 2754 2898 extulisset;
2787 2833 2842 2886 in
2875 2833 2980 2887 hoc
3003 2832 3427 2903 quoqueldivum
3450 2830 3588 2887 Grc-

2002 2924 2214 2993 gorium
2243 2932 2450 2986 secuta,
2481 2939 2580 2993 per
2607 2925 2761 2988 illud,
2795 2924 2936 2979 alius
2966 2933 3016 2978 et
3045 2925 3209 2990 alius,
3243 2932 3438 2984 totum,
3490 2938 3590 2993 per

2002 3012 2159 3077 illud,
2195 3012 2346 3066 aliud
2369 3022 2417 3066 et
2440 3013 2611 3073 aliud.
2641 3022 2823 3083 partes
2860 3014 3142 3069 indicavit.
3182 3012 3375 3069 Postea
3399 3010 3591 3066 adver-

2003 3121 2077 3161 sae
2116 3121 2293 3176 pravae
2336 3104 2611 3174 opinionis
2641 3105 2984 3175 suSpiciones
3045 3106 3183 3162 tollit
3231 3106 3438 3169 dicens,
3468 3121 3589 3173 per-

298 3202 462 3256 Μετὰ
506 3200 682 3255 ταῦτα
729 3201 788 3255 δὲ
814 3201 915 3271 τῆς
963 3201 1027 3254 ὲκ
1067 3202 1160 3254 τοῦ
1209 3202 1452 3255 ἐναντίου
1481 3202 1692 3275 φαύλης
1735 3203 1894 3271 δόξης

2006 3197 2201 3266 fectum
2256 3198 2429 3266 ipsum
2480 3197 2536 3250 iu
2571 3197 2786 3264 deitate,
2825 3207 2873 3252 et
2924 3198 3217 3269 perfectum
3250 3198 3489 3251 eumdem
3532 3197 3590 3251 in

303 3294 580 3357 ὑπονοίας,
607 3294 764 3364 φησί,
793 3294 1030 3347 Τέλειον
1050 3292 1159 3347 τὸν
1185 3293 1377 3348 αὐτὸν
1415 3294 1484 3349 ἐν
1513 3296 1766 3364 θεότητι,
1795 3295 1894 3350 καί

296 3387 541 3442 τέλειον
572 3389 681 3441 τὸν
705 3387 894 3441 αὐτὸν
920 3386 992 3440 ἐν
1021 3387 1455 3456 ἁνθρωπότητι,
1484 3386 1689 3458 ἕτερον,
1715 3383 1892 3458 οἶμαι,

294 3483 542 3552 λέγουσα
571 3481 746 3549 οὐδὲν,
783 3483 832 3535 εἰ
872 3481 946 3553 μή
979 3498 1033 3534 τι
1066 3481 1266 3554 νομίσῃ
1294 3498 1378 3544 τις
1406 3481 1496 3535 διὰ
1522 3482 1622 3552 τῆς
1652 3480 1745 3535 τοῦ
1778 3480 1897 3545 ἐνὸς

294 3576 714 3648 προσηγορίας,
768 3576 802 3646 ἢ
862 3576 1076 3646 γυμνὴν
1126 3574 1476 3646 ἀνθρωπίνης
1528 3575 1745 3646 φύσεως
1798 3574 1898 3646 τὴν

295 3671 545 3742 θεότητα
585 3668 874 3740 πληρῶσαι
910 3666 1009 3740 τὴν
1052 3668 1452 3739 οἰκονομίαν,ἢ
1500 3670 1710 3740 τροπὴν
1756 3670 1894 3722 ὑπο·

298 3763 579 3835 μείνασαν
621 3762 700 3825 εἰς
728 3759 1021 3827 ἀνθρώπου
1050 3760 1235 3829 φύσιν,
1272 3759 1410 3814 ἀλλὰ
1452 3760 1659 3813 τέλειον
1683 3761 1774 3814 τὸν
1800 3766 1901 3816 αὐ-

294 3859 399 3912 τὸν
445 3857 568 3909 κατ’
598 3854 764 3925 ἄμφω
812 3854 1147 3924 ὑπάρχοντα,
1180 3853 1283 3923 τήν
1325 3869 1385 3905 τε
1427 3852 1675 3923 θεότητα.
1729 3852 1898 3924 φημὶ,

296 3950 405 4006 καί¹
436 3950 538 4021 τὴν
579 3946 1000 4016 ἀνθρωπότητα,
1048 3945 1123 4008 ὡς
1148 3944 1268 3999 ὅλον
1313 3945 1370 3997 ὲν
1397 3945 1511 4007 τοῖς
1552 3943 1772 4007 οἰκείοις
1805 3944 1902 4013 μέ-

301 4059 433 4116 ρεσι
465 4040 870 4110 γνωριζόμενον
903 4038 1035 4091 Θεὸν
1057 4036 1294 4109 ἀληθῶς,
1327 4036 1420 4090 καὶ
1450 4034 1738 4108 ἄνθρωπον
1767 4035 1902 4106 ἁλη-

297 4135 445 4199 θῶς,
478 4133 658 4186 τὸνὲκ
700 4129 881 4201 ψυχῆς
930 4127 1158 4198 λογικῆς
1202 4128 1297 4181 καὶ
1342 4126 1627 4197 σώματος·
1671 4125 1766 4179 καὶ
1802 4127 1902 4196 οὐχ

299 4223 503 4287 ἁπλῶς
527 4222 592 4292 δὴ
622 4221 777 4284 Θεὸν,
804 4221 838 4291 ἦ
862 4219 1174 4289 ἄνθρωπον,
1208 4217 1326 4272 ἀλλ’
1364 4217 1649 4288 ὁμοούσιον
1676 4218 1755 4288 τῷ
1791 4218 1905 4270 Πα-

297 4315 404 4388 τρὶ
436 4313 580 4368 κατὰ
599 4311 701 4384 τὴν
735 4313 987 4382 θεότητα,
1022 4310 1117 4365 καὶ
1149 4312 1284 4381 ἡμῖν
1325 4311 1467 4365 κατὰ
1491 4309 1590 4382 τὴν
1618 4309 1905 4380 ἀνθρωπό-

300 4425 456 4479 τητα
484 4406 577 4461 τὸν
604 4404 789 4459 αὐτόν.
820 4404 932 4457 Καὶ
957 4406 1069 4466 τοῖς
1096 4402 1194 4472 μὲν
1220 4401 1396 4473 ὀρθῶς
1426 4399 1756 4472 προσέχουσι
1792 4402 1904 4463 τοῖς

303 4498 653 4570 εἰρημένοις,
682 4496 833 4551 οὐδὲν
873 4495 951 4549 ἔτι
984 4490 1054 4566 ἦν
1095 4495 1177 4558 εἰς
1215 4493 1474 4564 ἐξήγησιν
1511 4491 1906 4563 ὑπολελειμμέ-

2000 3292 2334 3346 humanitate
2370 3311 2387 3346 :
2427 3290 2807 3345 tantummodo
2847 3305 3122 3354 asserens,
3153 3290 3262 3344 nisi
3317 3289 3589 3359 quispiam

1999 3381 2399 3438 existimaverit
2433 3397 2526 3452 per
2558 3381 2720 3436 unius
2747 3381 3187 3451 appellationem,
3224 3391 3320 3434 aut
3349 3380 3590 3435 humana

2001 3484 2196 3529 natura
2247 3475 2577 3530 denudatam
2638 3473 2934 3537 deitatem,
2992 3471 3360 3528 oeconomiam
3413 3470 3593 3526 adim-

2001 3569 2199 3637 plesse,
2232 3577 2326 3622 aut
2358 3566 2715 3621 mutationem
2760 3579 2977 3636 passam
3016 3563 3071 3618 in
3130 3563 3369 3618 hmnana
3400 3570 3597 3618 natura

2000 3659 2303 3732 perfectum
2334 3659 2590 3715 eumdem
2623 3658 2929 3713 secundum
2957 3665 3192 3726 utraque
3214 3655 3593 3713 exsistentem.

1999 3751 2291 3815 deitatem,
2326 3748 2575 3818 inquam,
2620 3755 2675 3802 et
2718 3745 3140 3807 humanitatem,
3198 3754 3459 3814 tanquam
3502 3743 3596 3809 qui

2002 3850 2152 3897 totus
2183 3855 2249 3895 ac
2293 3838 2572 3910 perfectus
2604 3838 2657 3891 in
2690 3838 2927 3908 pr0priis
2969 3835 3222 3907 partibus
3258 3834 3595 3905 agnosceba-

2003 3944 2117 3996 tur,
2141 3948 2267 3988 vere
2300 3933 2490 3998 Deum,
2517 3939 2571 3985 ct
2597 3945 2722 3985 vere
2752 3945 2818 3984 ex
2841 3928 3029 3984 animo
3055 3926 3287 3981 rationis
3311 3933 3589 3994 compote,

2001 4036 2056 4083 et
2087 4040 2315 4095 corpore
2366 4023 2666 4086 hominem,
2701 4035 2879 4091 neque
2909 4019 3227 4088 simpliciter
3273 4015 3463 4079 Deum,
3497 4026 3597 4073 aut

2007 4118 2310 4182 hominem,
2343 4116 2438 4174 sed
2478 4115 2640 4171 unius
2678 4128 2801 4168 cum
2830 4112 2990 4167 Patre
3017 4110 3268 4167 essentia:
3293 4108 3599 4167 secundum

2006 4211 2263 4267 deitatem
2286 4248 2302 4276 ,
2350 4216 2404 4264 et
2441 4207 2601 4262 nobis
2627 4206 2879 4262 eumdem
2919 4202 3225 4260 secundum
3285 4202 3602 4258 humanita-

2007 4313 2148 4370 tem;
2183 4311 2243 4357 ut
2273 4301 2365 4372 qui
2417 4309 2566 4356 recta
2602 4308 2788 4355 mente
2846 4297 3008 4353 dictis
3031 4295 3278 4349 animum
3338 4293 3597 4363 applicat,

2011 4397 2150 4452 nihil
2181 4406 2444 4467 prmterea
2474 4394 2539 4449 ad
2562 4392 2855 4464 perfecmm
2882 4390 3247 4447 immaculata;
3277 4389 3605 4445 (economiaz

2010 4488 2411 4559 expositionem
2439 4502 2470 4541 a
2499 4485 2709 4557 synodo
2732 4483 3028 4540 desideret.
3066 4483 3199 4550 Quae
3220 4484 3363 4539 ultra
3394 4497 3605 4552 praeco-

304 4613 407 4652 νον
440 4596 540 4665 τῆς
570 4591 840 4663 ἀχράντου
876 4588 1188 4659 οἰκονομίας
1214 4590 1281 4659 τῇ
1311 4587 1534 4657 συνόδῳ,
1571 4586 1695 4657 ἥτις
1733 4586 1827 4642 καὶ
1852 4587 1912 4638 τὸ

2016 4594 2285 4651 gnoscens
2348 4578 2644 4633 nonnullos
2701 4592 2803 4632 nec
2834 4576 3103 4647 passioni,
3161 4592 3263 4632 nec
3291 4576 3475 4642 morti,
3501 4591 3606 4630 nec

311 4686 518 4760 μέλλον
571 4682 1003 4756 προῢπιδομένη,
1035 4681 1179 4749 λέγω
1218 4681 1283 4752 δὴ
1324 4679 1385 4734 τὸ
1411 4679 1619 4744 ἀπαθὲς
1657 4680 1753 4734 καὶ
1780 4679 1915 4733 ἀθά-

309 4794 483 4834 νατον
513 4775 688 4838 ένίους
719 4774 813 4826 καὶ
836 4772 1113 4841 ἄφθαρτον
1143 4774 1207 4825 ὲκ
1228 4770 1451 4841 πρώτης
1485 4767 1820 4837 συλλήψεως,
1855 4765 1916 4819 τὸ

313 4864 469 4919 θεῖον
509 4862 686 4915 ἐκεῖνο
713 4860 812 4915 καὶ
841 4860 1110 4931 ἄχραντον
1147 4858 1240 4912 τοῦ
1282 4859 1488 4928 Κυρίου
1521 4857 1680 4928 σῶμα
1708 4856 1916 4927 τολμᾷν

314 4953 628 5025 ὁμολογεῖν,
666 4951 762 5004 καὶ
797 4949 971 5020 ταύτῃ
1014 4948 1344 5017 ἀνατρέπειν
1391 4946 1493 5015 τὴν
1539 4944 1668 5014 ὃλην
1705 4944 1916 4997 οἰκονο-

320 5047 479 5119 μίαν,
502 5044 685 5110 λέγει’
722 5040 887 5099 Κατὰ
912 5039 1109 5095 πάντα
1129 5039 1335 5108 ὅμοιον
1362 5037 1507 5107 ἡμῖν
1533 5037 1709 5107 χωρὶς
1733 5037 1916 5106 ἁμαρ-

318 5144 480 5206 τίας.
510 5140 690 5210 Ὅπερ
734 5139 833 5208 τῆς
881 5138 978 5206 μὲν
1007 5134 1165 5203 ἁγίας
1195 5136 1311 5188 ἐστὶ
1351 5133 1598 5205 Γραφῆς,
1640 5131 1917 5198 εὐκαίρως

318 5233 381 5286 δὲ
436 5231 689 5301 κείμενον
720 5228 976 5291 ἐνταῦθα,
1025 5226 1370 5296 ἐπιστομίζει
1419 5226 1548 5289 τοὺς
1582 5224 1649 5278 τὰ
1695 5223 1943 5278 τοιαῦτα.

322 5324 684 5397 φρονοῦντας.
719 5323 784 5377 Εἰ
807 5322 915 5393 γὰρ
942 5320 1064 5375 οὔτε
1093 5320 1262 5383 πάθος
1291 5318 1565 5387 σώματος,
1596 5316 1719 5371 οὔτε
1751 5315 1919 5370 θάνα-

319 5434 442 5479 τος,
465 5413 589 5469 οὔτε
620 5414 725 5486 μὴν
748 5414 1013 5478 διάλυσις,
1042 5412 1109 5484 ἢν
1138 5412 1202 5482 δὴ
1236 5410 1443 5482 φθορὰν
1479 5409 1626 5472 ἰδίως
1657 5408 1918 5479 ἀξιοῦμεν

332 5507 640 5566 καλεῖσθαι,
673 5506 939 5577 ἁμαρτία*
972 5505 1141 5575 χωρὶς
1178 5503 1235 5557 δὲ
1263 5505 1429 5572 μόνης
1464 5500 1739 5572 ἁμαρτίας
1779 5499 1922 5554 κατὰ

334 5601 514 5656 πάντα
532 5600 598 5653 τὰ
615 5599 749 5654 ἄλλα
764 5600 863 5669 τῆς
880 5598 1049 5667 αὐτῆς
1065 5597 1197 5667 ἡμῖν
1219 5593 1433 5664 φύσεώς
1451 5595 1569 5646 ἐστι
1586 5592 1644 5645 τὸ
1656 5594 1923 5662 ἄχραντον

337 5694 513 5749 έκεῖνο
546 5692 644 5747 καὶ
665 5691 933 5761 πανάγιον
964 5689 1126 5761 σῶμα
1146 5704 1158 5718 '
1204 5687 1425 5757 εὔδηλον
1456 5687 1537 5740 ὅτι
1565 5687 1592 5738 ὁ
1624 5685 1922 5754 εὐδοκήσας

337 5787 469 5851 Θεὸς
494 5788 594 5858 τὴν
630 5786 905 5858 ἡμετέραν
946 5782 1220 5854 πτωχείαν
1263 5780 1470 5843 λαὸεἴν,
1500 5772 1758 5848 τοιαύτην
1802 5777 1924 5833 έλα-

336 5877 452 5945 6εν,
500 5878 570 5950 ἢν
614 5877 706 5931 καὶ
757 5875 1030 5947 πτωχείαν
1080 5870 1362 5929 καλεῖσθαι
1408 5868 1654 5936 δικαίως,
1708 5867 1922 5923 ἅπαντα

2018 4670 2361 4742 corruptioni
2407 4670 2708 4725 obnoxium
2742 4669 2811 4723 ab
2843 4668 2959 4738 ipsa
2996 4670 3171 4738 prima
3222 4669 3606 4736 conceptione.

2018 4762 2264 4817 divinum
2324 4761 2457 4817 illud
2529 4769 2586 4816 et
2637 4760 2803 4816 nullis
2862 4760 3120 4816 sordibus
3169 4760 3605 4816 contaminatum

2018 4853 2237 4909 Domini
2273 4868 2476 4924 corpus
2510 4860 2780 4918 astruere,
2825 4851 3016 4922 sicque
3042 4860 3212 4907 totam
3238 4853 3607 4908 meonomiam

2018 4955 2264 5002 evertere
2293 4961 2530 5001 ausuros
2559 4945 2823 5012 annectit,
2848 4962 2941 5015 per
2978 4945 3156 4998 omnia
3191 4945 3339 5000 nobis
3377 4946 3607 5000 similem

2019 5038 2215 5106 absque
2239 5046 2475 5106 peccato.
2509 5036 2666 5103 Quod
2690 5052 2864 5094 sacra:
2887 5036 3187 5106 Scriptura:
3210 5047 3318 5105 est,
3342 5048 3609 5108 opportu-

2020 5144 2199 5199 neque
2232 5129 2322 5184 bic
2363 5129 2675 5199 appositum
2709 5130 2912 5185 similia
2960 5130 3315 5185 sentientium
3346 5131 3608 5186 etlrenem

2020 5220 2428 5276 contumaciam
2483 5222 2754 5291 reprimit.
2806 5221 3022 5278 Etenim
3079 5224 3126 5281 si
3184 5241 3362 5295 neque
3423 5226 3610 5294 passio

2020 5311 2291 5383 corporis,
2319 5327 2497 5383 neque
2528 5328 2701 5380 mors,
2724 5329 2903 5385 neque
2930 5315 3243 5384 dissolutio,
3281 5333 3446 5387 quam
3482 5332 3610 5385 pro-

2021 5404 2138 5475 pric
2157 5404 2566 5474 corruptionem
2592 5408 2868 5478 appellare
2890 5412 3297 5474 consuevimus,
3326 5419 3607 5481 peccatum

2021 5506 2126 5561 εει,
2177 5498 2385 5569 absque
2434 5513 2566 5554 vero
2621 5501 2740 5556 solo
2775 5512 2998 5572 peccato
3030 5520 3127 5574 per
3181 5504 3389 5574 reliqua
3421 5503 3607 5557 omnia

2022 5591 2269 5661 ejusdem
2318 5607 2441 5647 cum
2473 5594 2868 5651 nobisnaturae
2895 5601 3022 5660 fest,
3076 5596 3436 5667 purissimum
3474 5596 3608 5650 illud

2024 5692 2079 5738 et
2124 5682 2532 5738 sanctissimum
2588 5698 2813 5755 corpus,
2868 5684 3217 5742 manifestum
3277 5686 3378 5753 ﬁt,
3413 5687 3606 5753 Deum,

2027 5771 2114 5827 cui
2145 5779 2403 5847 nostram,
2414 5773 2733 5844 pauperiem
2760 5790 3044 5834 assumere
3066 5776 3422 5848 complacuit,
3443 5777 3608 5834 talem

2028 5869 2418 5941 assumpsisse,
2458 5886 2624 5943 quam
2679 5887 2789 5929 non
2820 5872 2961 5931 male
2992 5889 3093 5932 nos
3122 5874 3437 5946 pauperiem
3467 5887 3607 5929 nun-
