4064 6428
567 395 673 459 503

1828 388 2120 453 ΝιρΕτ.νΕ
2153 389 2559 453 ΒΥΖΛΝΤΙΝΙ
3671 394 3754 456 θθι

568 501 912 573 cupabimus,
963 500 1218 556 omnibus
1266 501 1468 557 nostris
1494 502 1833 557 naturalibus
1870 503 2140 571 passioni-

2252 501 2471 566 ἑξουσαν
2521 500 2591 553 τὰ
2620 496 2824 567 φυσικὰ
2858 497 3004 566 πάθη
3054 494 3212 566 ἡμῶν
3262 498 3352 550 καὶ
3392 498 3650 571 ἰδιώματα.
3679 503 3757 559 At:

565 596 669 650 bus
723 605 887 663 atque
912 595 1337 664 proprietatibus
1377 596 1695 651 obnoxiam.
1742 595 2142 666 Propterraque

567 687 725 751 dixit,
758 685 858 740 Per
883 688 1060 740 omnia
1086 686 1309 740 similem
1337 687 1484 742 nobis
1514 687 1705 756 absque
1729 697 1961 755 peccato.
1999 686 2143 742 Rur-

574 790 671 829 sus
728 790 858 829 vero
889 791 1012 830 cum
1063 774 1400 830 Nestorianis
1427 792 1534 829 non
1592 777 1825 843 placeret
1861 776 2142 845 De‘param

565 881 689 920 esse
720 866 1126 920 immaculatam
1152 864 1711 935 Virginem,subdidit
1741 884 1754 920 :
1779 868 1913 921 Ante
1944 867 2147 921 stet-uta

569 970 635 1008 ea:
664 954 825 1010 Patre
877 958 1143 1027 genitum,
1194 944 1627 1024 postremis'vero
1666 957 1848 1012 diebus
1907 960 2144 1013 eumdem

569 1058 780 1115 propter
825 1064 918 1101 nos
954 1057 1006 1102 et
1056 1059 1291 1102 nostram
1333 1047 1561 1103 salutent
1601 1065 1668 1103 ea:
1706 1048 1886 1103 Maria
1933 1048 2146 1121 Virgine

569 1147 621 1192 et
684 1139 912 1209 Deipara
949 1148 1263 1209 prognatum
1299 1140 1585 1194 secundum
1635 1141 2042 1196 humanitatem.
2080 1140 2147 1196 Et

572 1245 748 1300 pauca
773 1230 885 1285 haec
911 1246 975 1285 ex
1002 1239 1193 1300 quarta
1226 1230 1460 1301 synodo,
1484 1246 1550 1286 ne
1569 1232 1867 1301 prolixiora
1898 1231 2144 1298 aﬂ‘eram,

573 1322 707 1377 satis
735 1322 867 1378 sint.
898 1320 1107 1376 Poterit
1139 1337 1271 1377 vero
1294 1322 1522 1393 quilibet
1554 1322 1728 1377 multo
1756 1324 1935 1394 plura,
1974 1326 2020 1379 si
2053 1340 2149 1380 vo-

572 1412 756 1477 luerit,
782 1426 846 1466 ex
874 1426 937 1466 ea
965 1412 1246 1482 colligere,
1276 1413 1481 1482 quibus
1510 1413 1786 1468 constabit
1818 1417 2145 1484 compertis-

573 1503 731 1569 sime,
764 1503 910 1558 nulla
941 1503 993 1558 in
1026 1519 1086 1560 re
1113 1519 1143 1558 a
1197 1505 1374 1561 tribus
1432 1505 1639 1562 sanctis
1665 1506 1889 1578 synodis
1936 1507 2147 1563 discre-

570 1611 750 1666 passe,
786 1596 882 1651 sed
926 1596 979 1651 in
1011 1598 1270 1654 omnibus
1312 1600 1662 1667 concordem,
1692 1601 1942 1656 eumdem
1975 1616 2147 1657 unum

566 1687 869 1754 Christum,
893 1696 948 1745 et
966 1687 1277 1753 Dominum,
1297 1700 1351 1746 et
1381 1691 1549 1746 Deum
1573 1700 1822 1748 nostrum
1844 1691 2148 1763 professam

573 1794 637 1835 ex
668 1779 903 1845 duabus,
937 1788 994 1836 et
1035 1780 1092 1835 in
1124 1780 1340 1837 duabus
1391 1781 1622 1848 naturis,
1659 1790 1715 1837 et
1759 1782 1895 1838 duas
1926 1792 2150 1838 naturas

2242 593 2404 647 τοῦτό
2442 609 2527 645 τοι
2585 591 2723 661 ἔφη·
2756 589 2918 646 Κατά
2963 588 3162 643 πάντα
3210 588 3412 659 ὅμοιον
3455 592 3588 661 ἡμῖν
3616 595 3762 661 χωρίς

2243 685 2554 753 ἁμαρτίας.
2603 683 2769 737 Πάλιν
2810 682 2859 736 δ’
2887 678 2958 735 αὖ
2985 682 3069 733 ὅτι
3095 682 3207 742 τοῖς
3228 680 3336 734 ἀπὺ
3367 681 3638 753 Νεστορίου
3654 685 3759 737 θεο-

2242 776 2399 839 τόκος
2430 775 2529 828 οὐκ
2550 773 2724 827 ἐδόκει
2761 774 2796 843 ἡ
2822 774 3091 842 ἄχραντος
3139 767 3281 823 εἶναι
3320 771 3596 843 Παρθένος,
3626 788 3766 841 προσ.

2245 866 2411 936 έθηκε
2430 881 2446 895 ⁸
2503 865 2615 920 Τὸν
2646 864 2763 931 πρὸ
2793 863 3023 918 αἰώνων
3057 862 3129 916 ἐκ
3194 861 3300 915 τοῦ
3340 862 3557 928 Πατρός
3585 880 3765 932 τεννη-

2246 958 2447 1025 θέντα,
2477 957 2569 1011 ἐπ’
2597 957 2872 1024 ἐσχάτων
2901 954 2971 1010 δὲ
2998 954 3116 1009 τῶν
3137 953 3372 1023 ἡμερῶν
3397 955 3500 1007 τὸν
3526 955 3691 1009 αὑτὸν
3707 957 3766 1011 δι’

2246 1047 2404 1120 ἡμᾶς
2438 1048 2537 1103 καί
2584 1046 2683 1101 διὰ
2709 1046 2824 1115 τὴν
2843 1045 3137 1115 ἡμετέραν
3163 1045 3460 1113 σωτηρίαν
3483 1046 3549 1099 ἐκ
3576 1048 3769 1115 Μαρίας

2246 1141 2359 1211 τῆς
2382 1139 2686 1209 Παρθένου
2712 1138 2813 1191 καί
2839 1138 3133 1193 Θεοτόκου
3149 1136 3506 1206 γεννηθέντα
3525 1137 3659 1190 κατὰ
3678 1138 3768 1205 τὴν

2246 1229 2697 1299 ἁνθρωπότητα.
2733 1228 2844 1281 Καὶ
2874 1227 3047 1283 ταῦτα
3074 1228 3174 1297 μὲν
3212 1226 3368 1294 ὀλίγα
3399 1229 3462 1280 ἐκ
3490 1228 3582 1296 τῆς
3606 1230 3768 1300 τετάρ-

2247 1338 2347 1390 της
2382 1320 2601 1373 συνόδου
2647 1319 2735 1373 διὰ
2775 1319 2840 1372 τὸ
2873 1318 3049 1389 μῆκος
3086 1316 3183 1372 τοῦ
3233 1319 3425 1386 λόγου·
3474 1318 3591 1370 ἐπεὶ
3627 1319 3770 1374 ἔνεστι

2248 1413 2473 1466 πλεῖστα
2498 1412 2619 1476 ὅσα,
2648 1412 2702 1465 εί
2720 1428 2805 1475 τις
2836 1410 3111 1481 βούλεται,
3151 1411 3212 1477 ἐξ
3247 1410 3415 1480 αὐτῆς
3436 1410 3771 1477 ἀναλέγεσθαι,

2247 1507 2305 1559 ἐν
2335 1498 2416 1568 οἷς
2438 1504 2744 1576 τρανότατα
2784 1503 3033 1572 φαίνεται
3076 1505 3198 1565 ταῖς
3250 1502 3432 1572 τρισὶν
3461 1503 3632 1571 ἁγίαις
3673 1521 3773 1558 συν-

2248 1597 2390 1660 όδοις
2443 1596 2583 1651 κατὰ
2613 1595 2778 1667 μηδὲν
2819 1594 3230 1665 διαφωνήσασα,
3284 1595 3399 1648 ἀλλ’
3443 1596 3629 1659 ὁπαδδς
3663 1599 3776 1650 κατὰ

2249 1688 2428 1741 πάντα
2456 1686 2747 1758 γενομένη,
2775 1686 2865 1740 τὸν
2893 1686 3059 1741 αὐτὸν
3095 1686 3194 1740 ἕνα
3217 1686 3454 1757 Χριστὸν
3488 1686 3574 1740 καὶ
3610 1686 3775 1756 Κύριον

2251 1779 2345 1832 καὶ
2368 1776 2501 1832 Θεὸν
2532 1777 2690 1849 ἡμῶν
2720 1777 3004 1849 κηρύττει,
3027 1779 3094 1832 ἐκ
3119 1778 3213 1832 δύο
3242 1778 3477 1847 φύσεων,
3505 1777 3592 1829 καὶ
3615 1779 3668 1830 ὲν
3686 1778 3773 1842 δύο,

571 1878 700 1940 post
752 1873 1035 1937 unionem,
1063 1882 1307 1926 extrema
1345 1885 1376 1924 a
1417 1871 1594 1927 medio
1634 1871 1816 1940 inepta
1843 1871 2143 1927 absurdita-

2253 1870 2350 1923 καὶ
2384 1870 2478 1925 δύο
2511 1871 2703 1940 φύσεις
2737 1866 2878 1924 εἶναι
2903 1870 3043 1939 μετὰ
3075 1870 3173 1942 τὴν
3194 1870 3413 1935 ἒνωσιν,
3442 1871 3532 1923 καὶ
3562 1869 3649 1933 τὰς
3669 1872 3773 1941 παρ’

570 1972 786 2032 tesque,
817 1978 1159 2033 quaecunque
1188 1952 1299 2018 illaa‘
1324 1963 1548 2027 fuerint,
1586 1965 1775 2034 procul
1798 1965 2149 2030 amaudasse,

573 2054 962 2125 mansisseque
1019 2056 1072 2109 in
1106 2056 1353 2112 veritatis
1396 2057 1575 2112 medio
1606 2058 1817 2111 tirmam
1873 2066 2035 2127 atque
2068 2058 2150 2112 in-

572 2159 925 2201 concussam.
984 2144 1077 2200 ilis
1107 2161 1137 2200 a
1163 2153 1357 2216 quarta
1391 2157 1582 2202 sancta
1616 2149 1826 2218 synodo
1857 2149 2153 2218 ipsissimis

572 2234 756 2292 verbis
787 2236 1034 2305 sancitis,
1075 2240 1378 2295 enuntiatis
1436 2251 1490 2295 et
1516 2242 1870 2312 promulgatis
1900 2241 1966 2296 de
1989 2242 2151 2297 Chri-

574 2325 645 2382 sti
673 2329 953 2393 mvsterio,
988 2328 1268 2399 quisnam,
1299 2329 1597 2386 dummodo
1620 2346 1728 2386 non
1760 2332 1967 2390 delirus
1992 2342 2152 2389 estet

568 2426 754 2472 mente
786 2430 997 2489 captus.
1056 2422 1389 2477 asseverabit
1451 2433 1701 2492 quartam
1743 2424 2012 2496 synodum
2042 2441 2151 2481 una

569 2523 697 2563 cum
720 2507 973 2565 Nestorio
991 2514 1214 2576 sentire,
1233 2514 1381 2568 illius
1401 2514 1535 2569 ialsa
1558 2515 1817 2586 opinione
1840 2518 2153 2587 deceptam?

572 2599 709 2654 lilud
751 2601 934 2670 potius
965 2605 1388 2660 asseverandum
1446 2616 1553 2673 est,
1587 2608 1657 2662 ab
1685 2608 1874 2663 eadem
1919 2610 2150 2665 anathe-

573 2699 721 2746 male
742 2692 898 2758 ictos,
926 2701 980 2748 et
1012 2693 1351 2762 Dioscorum,
1399 2706 1453 2751 et
1501 2696 1834 2766 Nestorium,
1871 2710 1926 2756 et
1982 2702 2151 2774 Euty-

574 2780 758 2849 chem,
788 2798 849 2837 ex
889 2783 1158 2841 diametro
1184 2801 1304 2843 sese
1342 2785 1713 2857 adversantia,
1750 2792 1843 2848 sed
1873 2793 2153 2864 impietate

575 2871 718 2927 mala
742 2874 917 2943 paria.

645 3055 699 3110 6.
732 3053 963 3122 Quando
992 3070 1122 3114 vero
1168 3067 1222 3115 te
1269 3057 1468 3130 duplex
1508 3070 1828 3118 naturarum
1861 3066 2065 3131 turbat,
2099 3074 2155 3122 et

571 3147 787 3202 numeri
847 3149 1024 3206 dualis
1074 3151 1384 3208 enuntiatio
1443 3156 1627 3209 statim
1663 3155 1759 3211 tibi
1793 3172 1977 3212 rerum
2014 3158 2154 3213 divi-

568 3238 780 3291 sionem
811 3240 1075 3309 suggerit,
1112 3241 1466 3312 opinarisque
1489 3259 1708 3300 omnem
1742 3261 2029 3302 numerum
2058 3264 2153 3317 per
2179 3223 2225 3284 ο

572 3338 699 3382 sese
744 3328 1105 3386 subsistentes
1164 3331 1433 3398 iudicare,
1472 3333 1723 3405 ignavius
1755 3338 1959 3407 potius
1985 3355 2151 3410 quam

573 3417 894 3486 prudenter,
954 3420 1405 3490 determiuemus,
1466 3426 1561 3481 sed
1604 3427 1865 3498 breviter,
1914 3445 2152 3501 quonam

569 3508 739 3562 modo
775 3509 842 3564 de
871 3509 1087 3567 biuario
1126 3520 1180 3567 et
1209 3514 1421 3584 reliquo
1447 3518 1595 3571 omni
1624 3533 1854 3574 numero
1881 3521 2154 3590 exquisita

570 3599 815 3669 cognitio
846 3601 1032 3657 haberi
1084 3606 1274 3674 possit.
1304 3605 1576 3663 Numerus
1616 3609 1905 3680 dupliciter
1930 3612 2152 3680 dicitur,

572 3690 715 3746 alius
743 3691 1086 3762 simpliciter,
1109 3708 1164 3751 et
1197 3712 1292 3766 per
1338 3713 1398 3753 se
1420 3699 1569 3755 solus
1596 3720 1609 3755 :
1636 3701 1780 3757 alius
1810 3703 1862 3758 in
1891 3703 2155 3760 relatione

569 3791 626 3836 et
657 3783 821 3841 rebus
844 3787 1243 3855 consideratur,
1278 3792 1738 3861 quemadmodum
1787 3797 1971 3851 album
2007 3796 2155 3851 albe-

569 3874 755 3929 dinem
809 3885 861 3931 ct
887 3878 1141 3934 albedine
1176 3883 1461 3951 praulitum
1488 3892 1663 3939 notat.
1701 3883 1904 3940 Natura
1934 3887 2152 3941 numeri

569 3980 667 4035 per
691 3982 752 4023 se
786 3983 960 4038 neque
993 3973 1312 4042 conjungit,
1344 3990 1522 4046 neque
1551 3976 1769 4044 dividit,
1801 3994 1978 4048 neque
2006 3980 2152 4034 enim

570 4056 735 4111 habet
761 4072 850 4114 res
882 4060 985 4115 sibi
1017 4062 1295 4133 subjectus
1328 4082 1342 4120 :
1370 4080 1496 4121 nam
1531 4081 1794 4124 numerus
1825 4067 1940 4137 ipse
1966 4083 2065 4139 per
2093 4083 2155 4125 se

566 4160 750 4217 neque
775 4149 1015 4218 copulat,
1040 4166 1217 4222 neque
1251 4161 1489 4224 separat,
1516 4154 1610 4211 sed
1642 4162 1938 4226 utrumque
1955 4155 2156 4213 admit-

568 4241 656 4303 tit,
675 4240 765 4294 tali
788 4242 867 4295 vel
885 4241 978 4297 tali
1023 4254 1293 4313 respectu,
1318 4246 1482 4302 veluti
1512 4246 1779 4312 binarius,
1796 4256 1853 4304 et
1868 4258 2157 4316 quaterna—

564 4330 684 4385 rius
701 4347 980 4397 numerus,
1005 4333 1047 4388 si
1070 4335 1309 4392 unitates
1324 4337 1607 4407 respicias,
1635 4353 1702 4393 ex
1722 4338 1921 4409 quibus
1935 4354 2157 4409 compo-

568 4422 741 4483 nitur.
761 4423 814 4476 in
833 4437 928 4479 eas
945 4425 1235 4492 dividitur;
1261 4424 1306 4482 si
1330 4429 1591 4483 unitatem
1621 4430 1814 4485 borum
1850 4431 2071 4500 quaeris,
2088 4444 2154 4485 ex

569 4512 641 4567 iis
656 4514 1002 4583 componitur
1020 4533 1034 4570 :
1049 4516 1158 4571 duo
1173 4518 1439 4587 etenimfet
1458 4518 1590 4581 duo,
1605 4520 1651 4575 si
1671 4520 1745 4576 ita
1761 4520 2004 4585 fuerit,in
2020 4536 2154 4591 qua-

570 4614 700 4661 tuor
717 4607 850 4671 abit,
873 4617 1109 4676 quatuor
1125 4624 1254 4665 vero
1277 4611 1327 4665 in
1344 4612 1456 4667 duo
1484 4613 1662 4669 etduo
1678 4613 1956 4669 dividitur.
1973 4613 2153 4681 Quare

568 4697 915 4752 verissimum
940 4700 1104 4754 fuerit
1127 4711 1372 4758 naturam
1393 4706 1603 4782 numeri
1625 4705 1758 4760 nihil
1778 4706 2151 4775 praescriptum

572 4785 793 4851 habere,
829 4802 1005 4858 neque
1026 4805 1553 4863 separatum,nequc
1576 4794 1813 4857 unitum.
1850 4796 1944 4852 sed
1972 4796 2025 4850 in
2066 4811 2152 4851 rc-

568 4892 693 4933 rum
726 4881 1009 4950 complexu
1040 4894 1094 4939 et
1116 4887 1509 4955 compositione
1526 4889 1732 4944 subire.
1755 4887 1948 4944 inscite
1970 4890 2153 4959 itaque

568 4972 642 5025 im
649 4973 924 5044 probeque
939 4974 1388 5035 determinaveris
1403 4987 1654 5035 naturam
1670 4980 1881 5035 numeri
1899 4995 2152 5036 necessa-

567 5062 652 5115 rio
682 5077 863 5118 rerum
881 5065 1208 5123 divisionem
1234 5070 1515 5140 subsequi,
1539 5080 1594 5126 et
1615 5086 1723 5126 non
1750 5087 1933 5126 rerum
1963 5071 2149 5135 unitas,

567 5161 665 5208 aut
693 5155 884 5212 divisse
926 5168 1135 5215 naturae
1174 5177 1488 5226 numerum,
1521 5172 1580 5217 ut
1607 5173 1739 5232 quot
1768 5162 1878 5217 sint
1909 5161 2153 5232 subjecta

568 5244 937 5315 innotescant,
983 5251 1203 5320 signum
1252 5263 1513 5322 statuere,
1549 5271 1675 5311 cum
1734 5257 1839 5310 alia
1898 5256 2059 5322 ratio,
2098 5264 2155 5311 et

568 5351 679 5391 non
734 5354 999 5405 numerus
1057 5357 1122 5397 ea
1171 5344 1484 5399 subdividat
1528 5356 1580 5400 et
1630 5346 1866 5416 copulet.
1908 5345 2153 5416 Namque

570 5428 759 5483 decem
795 5430 954 5486 ulnas
1000 5432 1131 5503 ligni
1169 5436 1438 5502 continui,
1472 5437 1518 5492 si
1553 5437 1625 5492 ita
1658 5436 1844 5501 fuerit,
1892 5439 2152 5504 dicimus,

571 5532 681 5574 non
727 5535 958 5578 numero
1007 5524 1311 5582 dividentes
1361 5529 1639 5596 unionem,
1683 5546 1805 5601 quae
1856 5531 1911 5586 iu
1966 5533 2150 5588 dccem

571 5606 822 5665 ulnarum
851 5612 998 5683 ligno
1018 5626 1139 5681 est;
1170 5631 1514 5687 rursumque,
1540 5619 1729 5675 decem
1764 5620 1977 5678 modios
2021 5623 2152 5677 dum

573 5698 835 5769 dicimus,
867 5705 1073 5762 divisos
1115 5723 1212 5764 eos
1257 5711 1625 5779 agnoscimus.
1652 5712 1726 5769 Ita
1771 5728 1858 5768 res
1894 5728 1953 5768 sc
1992 5714 2154 5769 habet

577 5796 627 5840 et
663 5791 825 5850 rebus
856 5795 913 5850 in
935 5798 1074 5854 aliis.
1104 5800 1159 5855 Si
1187 5817 1443 5861 numerus
1467 5804 1534 5859 de
1558 5805 1769 5860 naturis
1802 5805 2146 5876 praedicetur,

2252 1962 2491 2031 ἑκάτερα
2522 1961 2622 2031 τῆς
2676 1961 2971 2032 μεσότητος
3013 1959 3267 2029 ἀτοπίας,
3298 1962 3423 2016 ὅσαι
3468 1961 3533 2016 ἂν
3560 1961 3647 2015 καὶ
3673 1958 3774 2023 εἷεν,

2250 2050 2649 2123 ὲξοστρακίζει.
2684 2053 2783 2107 καὶ
2815 2055 2968 2124 μένει
2998 2054 3193 2125 βεϐαία
3214 2055 3308 2108 καὶ
3337 2053 3707 2125 άμετακίνητος
3731 2056 3778 2107 ἐν

2248 2146 2319 2215 τῇ
2351 2146 2451 2214 τῆς
2488 2143 2747 2214 ἀληθείας
2798 2143 3079 2215 μεσότητι.
3118 2145 3164 2197 Τ
3167 2146 3307 2198 αὕτα
3344 2146 3492 2215 παρὰ
3532 2145 3624 2216 τῆς
3650 2147 3778 2214 ἁγίας

2249 2237 2518 2308 τετάρτης
2576 2236 2796 2290 συνόδου
2846 2237 3036 2301 αὐταῖς
3094 2237 3307 2303 λέξεσιν
3362 2238 3655 2309 ὁρισθέντα,
3707 2239 3780 2292 καὶ

2250 2328 2654 2398 ὲκφωνηθέντα,
2696 2329 2791 2382 καὶ
2821 2328 3163 2399 κηρυχθέντα
3198 2332 3331 2401 περὶ
3373 2331 3470 2383 τοῦ
3504 2331 3636 2384 κατὰ
3673 2332 3780 2400 Χρι-

2253 2419 2377 2471 στὸν
2404 2417 2729 2493 μυστηρίου,
2758 2418 2842 2482 τίς
2866 2421 3012 2472 ἐστιν
3040 2418 3119 2484 ὃς,
3153 2419 3249 2474 καὶ
3286 2420 3461 2489 ὑγιεῖς
3497 2419 3591 2484 τὰς
3616 2422 3781 2491 φρένας

2251 2509 2412 2580 ἔχων,
2452 2510 2667 2581 φήσειε,
2696 2509 2795 2581 τὴν
2838 2511 3109 2582 τετάρτην
3143 2510 3366 2564 σύνοδον
3399 2514 3704 2582 συμφρονείν
3723 2510 3781 2579 τῷ

2252 2602 2553 2670 Νεστορίῳ,
2599 2600 2693 2655 καὶ
2718 2604 2786 2673 τῇ
2831 2601 2926 2655 ἀπ’
2960 2601 3124 2655 αὑτοῦ
3177 2603 3473 2675 κακοδοξίᾳ
3514 2603 3779 2668 συναπάγε-

2252 2692 2411 2759 σθαι;
2447 2692 2647 2763 μᾶλλον
2680 2692 2779 2763 μὲν
2807 2688 2900 2747 οὖν
2929 2693 3034 2747 ὑπὸ
3063 2693 3269 2764 ταύτης
3294 2695 3398 2764 τῆς
3444 2694 3649 2748 συνόδου
3677 2694 3782 2746 ἀνα-

2253 2787 2650 2858 θεματισθέντα
2687 2789 2779 2842 τόν
2819 2807 2879 2843 τε
2913 2790 3225 2861 Διόσκορον,
3259 2793 3359 2845 καὶ
3391 2791 3684 2861 Νεστόριον,
3712 2790 3784 2842 καί

2252 2879 2521 2949 Εὑτυχέα,
2574 2880 2643 2935 τὰ
2689 2882 2753 2935 ὲκ
2793 2880 3088 2953 διαμέτρου
3139 2882 3286 2936 κακὰ
3325 2884 3424 2937 καὶ
3465 2884 3683 2953 ὁμότιμα
3709 2883 3787 2952 τὴν

2253 2969 2413 3023 άσέδε
2426 2987 2532 3024 ιαν.

2326 3060 2399 3125 ς’.
2430 3063 2493 3115 Et
2521 3062 2578 3115 δέ
2611 3079 2670 3116 σε
2689 3063 2750 3117 τὸ
2773 3063 2954 3117 δισσὸν
2977 3064 3087 3119 τῶν
3116 3065 3333 3134 φύσεων
3368 3066 3692 3136 ἐκταράττει,
3713 3064 3787 3116 καὶ

2254 3153 2288 3223 ἡ
2314 3153 2414 3224 τῆς
2441 3153 2630 3219 δυάδος
2656 3155 2753 3208 τοῦ
2791 3154 3030 3227 ἀριθμοῦ
3070 3155 3387 3227 ὲκφώνησις
3424 3156 3715 3227 παραυτίκα
3741 3153 3788 3206 τὸ

2255 3244 2581 3316 διῃρημένον
2606 3246 2714 3300 τῶν
2741 3247 3083 3317 πραγμάτων
3114 3248 3406 3319 ὑποτίθησί
3453 3265 3513 3302 σε
3541 3250 3687 3310 νοεῖν,
3715 3245 3790 3299 καὶ

2254 3338 2466 3410 λογίζῃ,
2488 3338 2570 3392 ὅτι
2608 3340 2716 3403 πᾶς
2744 3339 2973 3411 ἀριθμὸς
3020 3338 3132 3394 τῶν
3164 3340 3548 3396 ίδιοσυστάτων
3575 3338 3789 3410 πραγμά-

2252 3446 2361 3482 των
2393 3429 2511 3483 ὲστὶ
2549 3428 2865 3500 δηλωτικδς,
2907 3429 3298 3501 ἀμαθαίνοντός
3326 3434 3442 3485 ἐστι
3483 3431 3650 3492 τοῦτο,
3677 3428 3790 3499 ἥπερ

2253 3520 2477 3586 εἰδότος.
2525 3521 2736 3575 Οὐκοῦν
2779 3522 3145 3593 διορισώμεθα
3184 3522 3273 3577 διὰ
3303 3522 3572 3593 βραχέων,
3600 3521 3704 3583 πῶς
3729 3519 3791 3571 δεῖ

2255 3613 2385 3684 περὶ
2410 3613 2597 3676 δυάδος
2637 3612 2733 3666 καὶ
2768 3611 2861 3666 τοῦ
2902 3613 3091 3667 λοιποῦ
3117 3613 3318 3676 παντὸς
3361 3611 3594 3684 ἀριθμοῦ
3624 3608 3789 3679 ἀκριϐῆ

2254 3703 2462 3758 ἔννοιαν
2493 3704 2658 3775 ἔχειν.
2694 3705 2754 3759 '0
2784 3704 2892 3776 γὰρ
2924 3704 3156 3777 ἀριθμὸς
3188 3703 3383 3769 διττῶς
3409 3704 3642 3774 λέγεται,
3667 3704 3690 3755 ὁ
3714 3699 3793 3770 μέν

2253 3813 2337 3859 τις
2365 3797 2548 3859 ἁπλῶς
2581 3797 2677 3852 καὶ
2710 3794 2828 3851 καθ’
2857 3796 3068 3863 ἑαυτὸν,
3094 3798 3124 3851 ό
3153 3796 3211 3850 δὲ
3249 3798 3307 3849 ὲν
3334 3795 3519 3867 σχέσει
3563 3794 3651 3849 καὶ
3679 3790 3792 3861 πρά·

2254 3903 2429 3955 γματι
2474 3885 2872 3957 θεωρούμενος,
2914 3885 3105 3957 ὥσπερ
3140 3886 3357 3952 λευκὸν,
3406 3886 3443 3957 ἦ
3478 3903 3535 3940 τε
3572 3883 3793 3949 λευκότης

2255 3979 2349 4030 καὶ
2405 3977 2467 4030 τὸ
2510 3976 2962 4049 λελευκασμένον.
3021 3977 3169 4048 Αὐτὴ
3213 3977 3397 4032 τοίνυν
3440 3979 3473 4049 ἡ
3529 3976 3678 4045 φύσις
3721 3971 3792 4026 τοῦ

2252 4066 2490 4138 ἀριθμοῦ
2517 4065 2639 4123 καθ’
2675 4068 2874 4138 ἑαυτὴν
2898 4067 3021 4122 οὔτε
3044 4068 3328 4130 συνάπτει,
3360 4066 3485 4121 οὔτε
3512 4064 3719 4135 διαιρεῖ·
3745 4061 3792 4114 οὐ

2253 4159 2364 4227 γὰρ
2392 4157 2506 4228 ἔχει
2540 4158 2878 4228 ὑποκείμενα
2906 4158 3231 4230 πράγματα.
3274 4158 3386 4211 Καὶ
3408 4156 3516 4228 γὰρ
3546 4158 3573 4210 ό
3600 4150 3794 4225 ἀριθμὸς

2254 4251 2417 4315 αὐτὸς
2446 4248 2568 4304 καθ’
2593 4249 2805 4316 ἑαυτὸν,
2834 4248 2957 4303 οὕτε
2992 4250 3276 4314 συνάπτει,
3308 4247 3437 4301 οὔτε
3469 4248 3676 4318 διαιρεῖ,
3702 4242 3793 4297 ἀλλ’

2254 4342 2543 4413 ἀμφότερα
2577 4341 2789 4413 δέχεται
2818 4343 2887 4413 τῇ
2916 4342 3046 4413 ποιᾷ
3077 4341 3281 4410 σχέσει.
3306 4334 3435 4394 Οἷον
3452 4342 3485 4410 ἡ
3506 4340 3653 4403 δυὰς,
3674 4334 3794 4403 καὶὴ

2252 4435 2473 4506 τετρὰς,
2497 4435 2547 4487 εἰ
2566 4435 2664 4504 μὲν
2679 4432 2777 4497 τὰς
2796 4433 3028 4503 μονάδας
3049 4433 3297 4503 θεωρεϊς,
3313 4433 3372 4499 ἐξ
3391 4425 3467 4485 ὧν
3483 4432 3795 4499 συνέστηκεν.

2255 4528 2334 4589 εἰς
2351 4524 2553 4589 ταύτας
2572 4526 2882 4592 διαιρεῖταιο
2904 4525 2953 4577 εί
2974 4524 3029 4577 δέ
3052 4523 3150 4595 τὴν
3179 4523 3381 4594 μονάδα
3402 4524 3604 4577 τούτων
3626 4519 3794 4590 ζητεῖς.

2252 4618 2318 4670 ἐκ
2337 4617 2540 4671 τούτων
2566 4617 2896 4672 συνάπτεται
2915 4630 2932 4646 ·
2963 4614 3055 4669 δύο
3090 4616 3197 4687 γὰρ
3233 4616 3327 4669 καὶ
3350 4616 3465 4679 δύο,
3487 4617 3536 4669 εί
3556 4613 3714 4682 τύχοι,
3733 4608 3796 4667 εἰς

2251 4708 2495 4781 τέσσαρα
2516 4709 2864 4773 συνάπτεται,
2880 4707 2946 4760 τὰ
2966 4706 3024 4760 δὲ
3046 4706 3287 4778 τέσσαρα
3303 4708 3381 4770 είς
3395 4706 3489 4759 δύο
3518 4706 3606 4759 καὶ
3625 4701 3709 4755 δύο
3731 4697 3794 4750 δι·

2252 4803 2506 4871 αιρεῖται.
2533 4800 2700 4853 ’Ὥστε
2723 4800 2923 4862 παντὸς
2955 4798 3319 4868 ἀληθέστερον
3348 4797 3524 4850 εἰπεῖν
3551 4796 3645 4863 τὴν
3665 4791 3797 4861 φύσιν

2251 4891 2346 4947 τοῦ
2374 4890 2607 4962 ἀριθμοῦ
2634 4891 2800 4962 μηδὲν
2819 4889 3200 4963 ἀφωρισμένον
3223 4889 3388 4959 ἔχειν,
3417 4890 3553 4959 μήτε
3580 4888 3637 4939 τδ
3656 4899 3798 4953 κεχω-

2257 4982 2533 5053 ρισμένον,
2566 4984 2703 5053 μήτε
2735 4981 2796 5035 τὸ
2830 4983 3130 5053 ἡνωμένον,
3164 4984 3221 5036 ὲν
3253 4982 3308 5035 δὲ
3340 4985 3408 5053 τῇ
3435 4982 3545 5034 τῶν
3575 4973 3797 5050 πραγμά-

2252 5091 2359 5127 των
2416 5074 2684 5145 ὲπιπλοκῇ
2765 5076 2860 5129 καὶ
2944 5075 3192 5128 συνθέσει
3250 5074 3410 5127 τοῦτο
3482 5068 3795 5141 ὑφίστασθαι.

2266 5166 2498 5234 Ἀμαθὲς
2546 5163 2640 5220 οὖν
2674 5168 2736 5220 τδ
2768 5167 2834 5238 τῇ
2888 5165 3047 5238 φύσει
3103 5165 3198 5220 τοῦ
3239 5165 3475 5237 ἀριθμοῦ
3520 5160 3797 5230 ἁναγκσῖιος

2252 5259 2350 5329 τὴν
2392 5259 2655 5330 διαίρεσιν
2699 5258 2807 5313 τῶν
2842 5260 3184 5331 πραγμάτων
3230 5259 3461 5312 ’ἐπεσοαι
3498 5252 3795 5324 νομοθετεῖν,

2252 5351 2389 5404 ἀλλὰ
2416 5351 2571 5423 μὴτῇ
2594 5351 2701 5408 τῶν
2726 5354 3063 5424 πραγμάτων
3087 5351 3340 5424 ἡνωμένη
3363 5368 3449 5420 γε.
3469 5350 3502 5421 ἦ
3526 5342 3797 5418 διῃρημένη

2253 5441 2437 5510 φύσει,
2469 5442 2561 5494 τὸν
2589 5441 2824 5512 ἀριθμὸν
2851 5445 3077 5512 σημεῖον
3107 5445 3379 5497 ποιεῖσθαι
3407 5444 3501 5497 τοῦ
3530 5440 3686 5496 ποσοῦ
3708 5436 3796 5490 τῶν

2256 5533 2653 5602 ἑποκειμένων,
2675 5533 2836 5587 ἄλλου
2871 5534 3034 5604 λόγου
3065 5536 3159 5589 καὶ
3179 5535 3239 5589 οὖ
3276 5536 3367 5590 τοῦ
3393 5534 3625 5607 ἀριθμοῦ
3647 5529 3795 5585 ταῦτα

2252 5621 2586 5690 διαιροῦντος
2627 5625 2718 5677 καὶ
2755 5626 3136 5689 συνάπτοντος.
3196 5627 3307 5680 Καὶ
3344 5627 3450 5698 γὰρ
3477 5627 3606 5679 δέκα
3633 5624 3797 5692 πήχεις

2252 5713 2487 5783 λέγομεν
2515 5714 2613 5768 τοῦ
2650 5716 2926 5787 συνεχοῦς,
2960 5718 3008 5771 εί
3056 5718 3231 5788 τύχοι,
3275 5717 3452 5785 ξύλου,
3488 5718 3547 5771 οὐ
3588 5714 3795 5769 συνδιαι-

2258 5804 2474 5875 ροῦντες
2506 5806 2581 5876 τῷ
2610 5807 2829 5879 ἀριθμῷ
2860 5809 2950 5863 καὶ
2982 5809 3077 5881 τὴν
3109 5811 3334 5881 ἑνότητα
3359 5810 3457 5880 τὴν
3487 5809 3542 5861 ὲν
3571 5806 3644 5875 τῷ
3665 5804 3794 5857 δεκα-
