4064 6404
256 370 350 435 605
1076 368 1510 433 REFUTATIO
1543 372 1811 433 EPISTO

1918 373 1927 433 ε
1955 375 2185 436 REGIS
2225 377 2618 440 ARMENLK

3397 388 3511 455 606

255 484 394 552 πήχει
447 478 603 550 ξύλῳ.
657 479 750 532 καὶ
787 479 948 533 πάλιν
1000 479 1130 532 δέκα
1174 481 1388 550 μοδίους
1442 481 1714 549 λέγοντες,
1755 483 1814 535 ἐν

1921 500 2028 538 ιιοιι
2065 501 2255 541 earnm
2289 489 2653 558 quantitatem
2688 490 3091 558 antccedentcr,
3125 494 3220 550 sed
3253 506 3502 553 naturam

255 575 494 646 διαιρέσει
540 571 763 635 τούτους
796 572 1162 642 ἐπιστάμεθα.
1211 575 1397 638 Οὕτως
1444 570 1538 628 οῦν
1589 575 1681 628 καὶ
1725 576 1818 627 ἐπὶ

254 667 346 719 τῶν
374 665 574 735 ἐτέρων
604 663 718 734 ἔχει
745 663 1120 734 πραγμάτων·
1153 665 1203 718 εἰ
1251 665 1352 736 μὲν
1388 668 1417 720 ό
1453 665 1685 737 ἀριθμὸς
1714 666 1816 732 φύ-

253 776 382 812 σεσιν
420 755 786 827 ὲπεφημισθῇ,
819 757 880 810 οὐ
928 758 988 810 τὸ
1021 758 1186 810 ποσὸν
1237 758 1418 812 αὐτῶν
1464 760 1817 831 προηγουμέ-

254 867 361 912 νως.
391 849 524 902 ἀλλὰ
560 849 622 902 τὸ
676 850 990 918 ὲτερογενὲς
1038 851 1388 920 παρίστησιν.
1434 853 1632 905 Ἵππου
1684 855 1814 924 γὰρ,

251 943 331 996 καὶ
357 941 669 1012 ἀνθρώπου,
702 941 798 995 καί
829 941 951 1012 βοὸς
979 943 1128 1012 τρεῖς
1154 941 1402 1011 λέγοντες
1432 943 1646 1013 φύσεις,
1672 947 1732 999 ού
1755 945 1816 998 τὸ

245 1033 558 1103 διῃρημένον
597 1034 777 1087 αὐτῶν
816 1034 958 1088 κατὰ
1005 1034 1065 1088 'tb
1104 1037 1292 1100 ποσὸν,
1325 1035 1462 1090 ἀλλὰ
1492 1036 1553 1090 τὸ
1603 1038 1817 1108 παρηλ-

244 1126 500 1196 λαγμένον
543 1125 686 1179 κατά
718 1126 781 1178 τὸ
824 1119 965 1190 εἶδος
1001 1127 1341 1197 σημαίνομεν
1367 1147 1379 1160 ο
1414 1131 1563 1200 τρεῖς
1611 1130 1668 1184 δὲ
1719 1131 1814 1183 ἀν·-

243 1219 520 1289 ορὼπους,’
547 1219 595 1270 εἰ
625 1218 801 1288 τύχοι,
835 1219 1065 1289 Πέτρον,
1095 1220 1191 1273 καί.
1221 1219 1453 1289 Παῦλον,
1486 1223 1582 1276 καὶ
1630 1223 1810 1276 Ἰωάν-

239 1287 330 1384 νην
371 1313 431 1366 τὸ
476 1312 809 1383 διῃρημένον
834 1287 1013 1366 αὐτῶν
1050 1287 1273 1384 μᾶλλοῦ,
1319 1314 1412 1368 καὶ
1439 1315 1521 1368 ὅτι
1550 1316 1718 1377 τόσοι,
1753 1316 1817 1370 οὗ

234 1405 459 1459 τοιοῦτοι
509 1405 588 1468 δὲ,
616 1404 994 1476 παριστῶμεν.
1037 1404 1195 1458 Οὕτω
1242 1407 1335 1459 καί
1362 1406 1452 1458 ἐπὶ
1481 1407 1580 1472 τῆς
1614 1408 1820 1460 οἰκονο-

240 1495 362 1566 μίας
392 1496 485 1549 δύο
515 1495 762 1562 λέγοντες
792 1495 891 1560 τὰς
938 1495 1151 1566 φύσεις,
1185 1495 1247 1550 τδ
1283 1497 1578 1567 ἑτεροειδὲς
1611 1497 1817 1564 αὐτῶν,

235 1587 296 1638 ού
331 1587 390 1642 τὸ
445 1587 852 1657 κεχωρισμένον
881 1587 1175 1656 δηλοῦμεν,
1230 1588 1586 1653 ἐκϐάλλοντες
1627 1590 1683 1642 δὲ
1715 1591 1817 1642 ab-

232 1678 363 1742 τῶν,
395 1680 442 1732 Ii
473 1678 566 1732 καί
614 1679 689 1748 μὴ
726 1673 836 1732 εἶεν
879 1680 1255 1747 ὲνυπόστατοι,
1299 1680 1392 1733 τὸν
1437 1680 1546 1733 τῶν
1579 1680 1816 1735 ὑποστά-

233 1788 372 1825 σεων
425 1769 677 1841 ἀριθμὸν,
727 1770 786 1823 εὖ
835 1772 980 1841 μάλα
1038 1771 1259 1835 εἰδότες,
1293 1773 1375 1826 ὅτι
1422 1773 1528 1826 οὐδ’
1570 1774 1663 1828 ἐπὶ
1707 1773 1816 1826 τῶν

230 1865 531 1918 ὑποστάσει
578 1865 672 1917 καί
705 1864 865 1937 οὐσίᾳ
900 1867 1348 1936 κεχωρισμένων,
1387 1863 1498 1921 οἷον
1535 1868 1690 1922 τοῦδε
1721 1868 1815 1921 τοῦ

231 1955 426 2016 ἵππου.
455 1956 548 2010 καὶ
571 1955 724 2008 τοῦδε
751 1956 846 2009 τοῦ
875 1957 995 2026 βοὸς
1023 1960 1055 2026 ἡ
1083 1956 1265 2026 φύσις,
1290 1959 1352 2011 οὗ
1378 1960 1437 2012 τδ
1465 1959 1810 2032 διῃρημένον,

227 2049 367 2101 ἀλλὰ
398 2049 457 2101 τὸ
481 2047 758 2117 διάφορον,
795 2047 985 2120 ὥσπερ
1013 2049 1109 2101 καὶ
1140 2050 1174 2120 ἡ
1207 2050 1507 2114 ὑπόστασις
1529 2051 1590 2104 τὸ
1622 2052 1816 2123 διῃρη-

230 2138 418 2208 μένον,
457 2139 666 2210 ἦπουγε
718 2139 813 2192 ἐπὶ
847 2138 956 2190 τῶν
1004 2140 1078 2210 μὴ
1115 2140 1236 2193 καθ’
1267 2141 1434 2194 ἑαυτὰ
1481 2143 1817 2212 ἐμφαινομέ-

223 2247 360 2294 νων,
395 2229 530 2283 ἀλλὰ
577 2231 697 2299 ἅμα
747 2247 806 2284 τε
847 2232 940 2285 καὶ
985 2232 1041 2284 ὲν
1086 2232 1337 2302 ἀλλήλοις
1369 2233 1540 2288 ὄντων
1595 2236 1695 2305 μὲν
1725 2237 1818 2288 καί.

222 2322 552 2391 γινομένων,
605 2324 638 2392 ἡ
686 2322 868 2393 φύσις,
900 2324 960 2376 ού
1000 2323 1063 2377 τὸ
1111 2326 1540 2396 κεχωρισμένον,
1585 2326 1722 2381 ἀλλὰ
1755 2327 1816 2379 τὸ

220 2414 485 2485 διάφορον
528 2414 778 2485 δηλώσει,
825 2417 936 2468 εἴτε
983 2416 1076 2468 ἐπὶ
1112 2416 1410 2485 θεολογίας,
1440 2417 1552 2471 εἴτε
1598 2419 1692 2471 ἐπὶ
1716 2419 1816 2488 τῆς

221 2510 566 2578 οἰκονομίας,
597 2510 707 2562 εἴτε
738 2509 832 2562 ἐπὶ
860 2511 1060 2574 παντὸς
1106 2512 1392 2582 πράγματι
1405 2530 1449 2575 ς.
1478 2514 1584 2565 Καὶ
1617 2513 1816 2578 ἄλλως,

217 2602 308 2654 ὄτι
349 2602 398 2652 εἰ
445 2600 540 2654 καὶ
578 2600 921 2672 ἀριθμοῦμεν
959 2601 1056 2666 τὰς
1084 2603 1178 2655 τοῦ
1207 2603 1443 2674 Χριστοῦ
1477 2603 1568 2656 δύο
1604 2604 1814 2673 φύσεις,

216 2692 319 2745 δύο
351 2692 557 2754 ταύτας
598 2691 868 2761 λέγοντες,
901 2694 1002 2747 ούκ
1035 2694 1328 2765 εἰσάγομεν
1349 2694 1636 2766 διαίρεσιν,
1662 2698 1814 2763 ἐνερ-

213 2783 355 2855 γείᾳ
379 2781 490 2835 τῶν
529 2782 744 2852 φύσεων
772 2784 865 2838 καὶ
903 2785 1012 2839 τῶν
1053 2785 1351 2856 ἰδιοτήτων.
1395 2787 1509 2851 Πᾶς
1540 2787 1651 2858 γάρ
1687 2789 1816 2857 ἀρι-

214 2875 373 2944 Θμὸς
411 2875 520 2928 τῶν
551 2875 920 2948 διαφερόντων
945 2877 1066 2931 ὲστί
1088 2894 1101 2908 ·
1132 2862 1238 2931 καί
1253 2860 1514 2933 ἀδύνατον
1556 2881 1815 2950 ἀριθμεῖ-

215 2968 356 3020 σθαι
379 2969 449 3020 τά
471 2969 611 3022 κατὰ
631 2969 799 3040 μηδὲν
825 2969 1169 3041 διαφέροντα,
1197 2969 1322 3024 καθ’
1351 2970 1379 3023 ὃ
1397 2971 1456 3024 δὲ
1474 2971 1814 3042 διαφέρουσι,

210 3064 370 3118 κατὰ
401 3064 559 3117 τοῦτο
589 3065 684 3119 καὶ
706 3065 1096 3136 ἀριθμοῦνται·
1125 3064 1237 3119 οἷον
1262 3068 1291 3120 ό
1317 3067 1540 3137 Πέτρος,
1566 3067 1598 3136 ἢ
1624 3067 1651 3118 ὁ
1676 3067 1817 3118 Παῦ-

211 3158 339 3220 λος,
373 3158 492 3210 καθ’
526 3157 553 3210 ὃ
589 3156 689 3228 μὲν
715 3158 976 3228 ἧνωνται,
1017 3158 1118 3212 οὐκ
1142 3158 1533 3230 ἀριθμοῦνται·
1559 3159 1638 3230 τῷ
1672 3159 1815 3229 λόγῳ
1843 3194 1886 3253 C

215 3249 342 3318 γὰρ
372 3249 465 3317 τῆς
499 3249 686 3312 ούσῐας
743 3251 1032 3320 ἡνωμένοι,
1083 3249 1178 3304 δύο
1219 3250 1412 3319 φύσεις
1455 3251 1516 3304 οὐ
1560 3251 1814 3304 δύνανται

215 3337 506 3404 λέγεσθαι,
552 3338 675 3392 καθ’
708 3339 1008 3393 ὑπόστασιν
1049 3341 1108 3394 δὲ
1149 3341 1521 3412 διαφέροντες,
1561 3342 1654 3395 δύο
1686 3344 1816 3395 ὑπο-

213 3430 455 3493 στάσεις
490 3430 761 3498 λέγονται.
789 3432 954 3483 Ὥστε
983 3433 1011 3484 ὁ
1037 3433 1272 3503 ἀριθμὸς
1307 3431 1814 3502 τῶν’διαφερόντων

203 3523 364 3586 ἐστὶ,
396 3521 492 3575 καὶ
527 3515 570 3589 ᾧ
593 3522 779 3594 τρόπῳ
805 3523 1123 3592 διαφέρουσι
1155 3525 1224 3576 τὰ
1263 3524 1616 3595 διαφέροντα,
1641 3525 1815 3594 τούτῳ

204 3611 297 3683 τῷ
348 3613 539 3684 τρόπῳ
593 3613 686 3665 καὶ
731 3613 1117 3684 ἀριθμοῦνται.
1148 3615 1426 3668 Ἥνωνται
1479 3616 1580 3684 μὲν
1629 3615 1814 3668 αἰτοῦ

199 3703 434 3774 Κυρίου
465 3704 656 3773 φύσεις
677 3704 1001 3775 ἀσυγχύτως
1025 3705 1148 3759 καθ’
1177 3705 1499 3770 ὑπόστασιν,
1532 3705 1814 3776 διῄρηνται

197 3796 266 3850 δὲ
306 3797 641 3867 ἀδιαιρέτως
665 3797 809 3868 λόγῳ
843 3799 939 3850 καὶ
969 3797 1157 3868 τρόπῳ
1179 3798 1279 3866 τῆς
1308 3797 1591 3868 διαφορᾶς.
1625 3798 1732 3851 Καὶ
1768 3789 1810 3864 ᾧ

201 3890 322 3960 μὲν
360 3889 549 3959 τρόπῳ
577 3889 835 3960 ἦνωνται,
878 3891 980 3942 οὐκ
1015 3888 1408 3960 άριθμοῦνταν
1452 3890 1512 3941 οὐ
1538 3889 1647 3958 γὰρ
1692 3887 1812 3941 καθ’

196 3980 529 4033 ὑπόστασιν
555 3980 648 4033 δύο
687 3981 867 4051 φαμὲν
896 3977 1038 4034 εἶναι
1070 3982 1169 4043 τὰς
1211 3980 1403 4050 φύσεις
1429 3979 1524 4032 τοῦ
1550 3979 1808 4051 Χριστοῦ.

196 4067 285 4145 ⁷ῼ
310 4074 374 4126 δὲ
403 4074 588 4143 τρόπῳ
609 4074 932 4143 ἁδιαιρέτως
966 4073 1270 4144 διῄρηνται,
1303 4071 1664 4144 ἀριθμοῦνται
1686 4089 1698 4102 ⁸
1722 4073 1815 4126 δύο

193 4169 328 4236 γάρ
356 4169 497 4220 εἰσιν
528 4168 584 4220 αἰ
618 4166 809 4236 φύσεις
839 4166 932 4220 τοῦ
957 4167 1195 4235 Χριστοῦ
1222 4167 1366 4236 λόγῳ
1389 4165 1485 4219 καὶ
1510 4165 1696 4236 τρόπῳ
1716 4166 1815 4235 τῆς

191 4260 516 4329 διαφορᾶς,
541 4259 816 4330 ἡνωμέναι
854 4258 952 4328 μὲν
987 4257 1108 4310 καθ’
1141 4257 1464 4322 ὑπόστασιν,
1503 4257 1596 4310 καὶ
1632 4256 1730 4328 τὴν
1758 4259 1815 4309 ὲν

189 4349 488 4419 ἀλλήλαις
515 4348 892 4420 περιχώρησιν
918 4349 1165 4420 ἔχουσαι,
1211 4347 1530 4418 ἀσυγχύτως
1554 4349 1813 4418 ἥνωνται,

187 4443 314 4512 τὴν
353 4441 565 4494 οἰκείαν
600 4441 806 4512 ἑκάστη
838 4441 1076 4510 φυσικὴν
1118 4440 1384 4510 διαφοράν
1420 4437 1810 4502 διασώζουσαι.

1919 575 2193 631 diversam
2223 580 2484 648 impurtat
2510 580 2670 650 :equi
2698 582 2843 635 enim
2882 592 2936 637 ct
2969 585 3231 651 hominis.
3265 599 3317 643 et
3349 591 3505 646 bovis

1917 675 2027 721 II‘C‘S
2059 679 2281 724 naturas
2299 679 2627 734 asserentes,
2648 686 2756 725 non
2785 688 2973 728 eorum
3007 678 3304 733 secundum
3332 696 3508 750 quan-

1917 757 2125 812 titatem
2184 758 2531 826 divisionem,
2571 762 2666 816 sed
2713 763 3024 832 seiunctum
3088 781 3153 822 ac
3189 781 3502 839 separatum

1916 847 1971 901 in
2001 850 2180 918 specie
2209 851 2582 920 signiﬁcamus
2609 871 2622 906 :
2655 863 2765 910 tres
2795 872 2924 911 vero
2960 859 3211 915 homines
3235 862 3501 930 dicentes,

1918 940 1963 994 si
1995 940 2219 1007 fuerint,
2256 941 2498 1011 Petrum,
2533 954 2589 999 et
2633 945 2887 1015 Paulum,
2916 960 2970 1004 et
2998 949 3288 1016 Joannem,
3312 969 3505 1010 eorum

1916 1032 2095 1100 potius
2123 1033 2469 1099 divisionem,
2497 1045 2553 1090 et
2593 1045 2669 1090 tot
2697 1052 2792 1093 eos
2826 1054 2968 1107 esse,
2999 1057 3106 1096 non
3143 1044 3279 1099 tales
3309 1053 3502 1098 osten-

1917 1127 2124 1183 dimus.
2147 1127 2240 1183 Sic
2263 1131 2318 1184 et
2363 1131 2418 1184 in
2449 1132 2758 1188 mconomia
2795 1134 2932 1190 duas
2979 1146 3247 1205 ponentes
3278 1148 3507 1192 naturas

1916 1218 2186 1274 diversam
2226 1221 2540 1276 eorumdem
2605 1223 2872 1290 formam,
2925 1241 3031 1281 non
3102 1229 3504 1297 separationem

1916 1312 2296 1383 exprimimus,
2324 1329 2390 1368 ex
2421 1299 2559 1384 ipsis
2587 1316 2892 1385 ejicientes.
2931 1319 3058 1374 licet
3089 1322 3300 1392 absque
3333 1323 3506 1392 hypo-

1917 1404 2049 1458 stasi
2090 1419 2199 1459 non
2243 1415 2446 1470 essent,
2484 1407 2847 1477 hypostaseon
2911 1427 3238 1478 numerum,
3276 1416 3506 1484 pulchro

1917 1494 2177 1552 callentes
2241 1497 2296 1551 in
2356 1497 2638 1569 hypostasi
2680 1509 2734 1555 et
2775 1504 3016 1558 essentia
3065 1505 3290 1571 divisis,
3341 1507 3504 1576 hujus

1916 1587 2124 1642 scilicet
2146 1589 2293 1656 equi,
2325 1599 2382 1644 et
2417 1589 2581 1658 hujus
2621 1591 2776 1646 bovis
2803 1603 3056 1649 naturam
3093 1613 3196 1650 non
3242 1597 3502 1663 divisum,

1918 1678 2012 1733 sed
2065 1679 2365 1745 diversum,
2401 1682 2862 1749 quemadmodum
2915 1694 2970 1739 et
3013 1687 3325 1757 hypostasis
3365 1691 3504 1745 divi-

1919 1779 2138 1836 sum,et
2173 1771 2345 1826 multo
2398 1773 2572 1841 magis
2604 1773 2655 1826 in
2683 1773 2770 1840 iis,
2799 1791 2922 1844 quae
2953 1792 3020 1830 ex
3051 1793 3170 1832 sese
3202 1795 3309 1834 non
3338 1795 3504 1851 appa-

1922 1872 2062 1926 rent,
2097 1863 2192 1917 sed
2223 1871 2354 1918 sunt
2383 1863 2567 1929 simul,
2599 1881 2880 1936 unumque
2935 1868 3028 1922 alii
3061 1871 3235 1935 lnest",
3261 1882 3310 1927 et
3346 1874 3500 1938 ﬁunt,

1920 1963 2172 2009 naturam
2215 1971 2321 2010 non
2370 1956 2792 2024 separationem,
2825 1959 2918 2013 sed
2963 1960 3333 2016 diversitatem
3365 1965 3505 2017 indi-

1919 2058 2186 2110 caturam,
2215 2055 2332 2102 tum
2365 2049 2419 2102 in
2453 2049 2674 2114 divinis,
2705 2060 2818 2104 tum
2855 2052 2909 2106 in
2944 2055 3276 2121 mcenomia,
3305 2064 3417 2108 tum
3450 2057 3504 2109 in

1918 2153 2245 2208 quacunque
2270 2140 2376 2195 alia
2407 2156 2483 2194 re.
2515 2141 2669 2209 Item,
2700 2141 2829 2197 licet
2857 2159 2956 2198 nos
2994 2160 3350 2202 numeremus
3369 2149 3506 2203 duas

1917 2231 2121 2286 Christi
2155 2243 2404 2295 naturas,
2436 2233 2575 2289 duas
2620 2235 2743 2290 illas
2771 2236 3036 2303 dicentes,
3070 2253 3176 2292 non
3216 2240 3338 2293 ideo
3376 2250 3503 2294 actu

1921 2325 2236 2382 inducimus
2271 2327 2592 2382 divisionem
2629 2335 2953 2383 naturarum
3009 2341 3064 2385 et
3089 2333 3500 2400 proprietatum.

1918 2415 2109 2472 Omnis
2141 2417 2286 2471 enim
2347 2431 2610 2472 numerus
2661 2432 2856 2473 eorum
2909 2429 3011 2483 est,
3042 2434 3166 2489 quae
3213 2421 3500 2481 diﬂ'erttnt,

1920 2508 2218 2578 nequitque
2270 2509 2407 2574 ﬁeri,
2441 2520 2501 2564 ut
2539 2526 2772 2566 numero
2811 2512 3354 2582 comprehendantur
3405 2527 3504 2579 ea,

1919 2615 2038 2667 quae
2075 2615 2168 2669 per
2193 2600 2378 2654 omnia
2414 2601 2516 2655 sibi
2559 2602 2757 2656 similia
2787 2613 2937 2666 sunt,
2974 2618 3163 2658 verum
3202 2603 3503 2657 secundum

1921 2693 2125 2762 id,qu0
2144 2691 2427 2759 diﬂ‘erunt,
2445 2709 2674 2749 numero
2699 2695 3088 2764 subjiciuntur,
3111 2693 3278 2750 veluti
3310 2690 3506 2749 Petrus

1920 2789 2001 2843 vel
2033 2789 2234 2843 Paulus
2286 2789 2590 2844 secundum
2655 2788 2732 2854 id,
2764 2804 2876 2858 quo
2916 2789 3324 2859 coniunguntur
3348 2829 3363 2852 ,
3397 2803 3504 2840 non

1919 2882 2124 2936 cadunt
2181 2883 2285 2936 sub
2322 2897 2551 2937 numero
2588 2900 2602 2936 :
2635 2881 2845 2937 ratione
2884 2883 3029 2936 enim
3077 2882 3332 2936 essentthe
3370 2881 3504 2932 uniti

1917 2988 2025 3027 non
2041 2983 2272 3044 possunt
2294 2973 2415 3028 dua:
2438 2982 2648 3029 natura;
2665 2974 2773 3029 dici
2798 2991 2811 3028 :
2834 2974 2927 3030 sed
2952 2974 3233 3044 hypostasi
3252 2971 3507 3026 diﬂ'eren-

1919 3072 2033 3126 tes.
2080 3065 2203 3119 duae
2257 3064 2579 3134 hypostases
2617 3065 2896 3130 dicuntur,
2951 3065 3087 3120 adeo
3127 3072 3186 3119 ut
3237 3079 3504 3118 numerus

1917 3154 2287 3210 differentium
2328 3155 2421 3220 sit,
2442 3165 2496 3210 et
2527 3156 2710 3221 modo,
2747 3159 2860 3226 quo
2892 3153 3154 3210 diﬂ’erunt
3173 3153 3501 3218 diﬂ'crcntia,

1917 3250 2107 3304 eodem
2143 3258 2197 3302 et
2223 3257 2601 3303 numerentur.
2643 3246 2856 3303 Iunctae
2881 3257 3010 3303 sunt
3038 3246 3260 3302 Domini
3296 3255 3505 3300 naturae

1919 3342 2206 3398 inconluse
2241 3343 2542 3398 secundum
2594 3342 2954 3413 hyposlasim,
2979 3341 3172 3397 divisae
3203 3355 3338 3394 vero
3376 3349 3505 3395 sunt

1922 3435 2150 3488 indivise
2181 3435 2394 3488 ratione
2440 3437 2710 3502 modoque
2733 3432 3054 3488 differentiae
3077 3451 3093 3499 ;
3113 3447 3222 3503 quo
3242 3433 3508 3486 uninntnr

1918 3527 2078 3581 modo
2107 3541 2214 3578 non
2246 3534 2608 3579 numerantur
2645 3543 2660 3580 :
2704 3539 2811 3580 non
2843 3525 2992 3580 enim
3021 3525 3159 3580 duas
3200 3523 3502 3579 secundum

1916 3616 2258 3686 hypostasim
2280 3614 2519 3670 dicimus
2556 3629 2679 3671 esse
2703 3615 2906 3671 Christi
2936 3625 3162 3670 naturas
3190 3632 3202 3666 :
3229 3629 3336 3685 quo
3371 3627 3501 3668 vero

1917 3708 2077 3762 modo
2104 3707 2339 3763 indivise
2367 3719 2713 3776 separantur,
2738 3716 3129 3762 numerantur:
3157 3706 3278 3760 dua:
3302 3705 3506 3759 etenim

1916 3807 2042 3852 sunt
2077 3797 2283 3853 Christi
2336 3805 2547 3851 naturae
2593 3797 2807 3850 ratione
2864 3796 3134 3864 modoque
3163 3795 3503 3860 diﬂ’erentize,

1914 3889 2121 3958 junctae
2143 3888 2360 3956 quidem
2394 3887 2694 3942 secundum
2727 3885 3087 3957 hypostasim,
3123 3894 3175 3939 et
3212 3897 3332 3939 sese
3365 3884 3504 3937 invi-

1918 3996 2036 4036 cem
2100 3989 2446 4048 penetrantes
2477 3977 2765 4034 inconl‘use
2811 3978 3100 4039 uniuntur,
3145 3985 3198 4030 et
3225 3974 3500 4044 propriam

1916 4069 2144 4137 singulae
2196 4067 2497 4120 naturalem
2541 4064 2907 4119 differentiam
2953 4071 3300 4118 conservant.
3347 4061 3506 4114 Modo

1917 4159 2103 4228 itaque
2135 4157 2452 4212 dim-rentia:
2475 4157 2856 4212 tantummodo
2880 4171 2908 4208 ιι
2936 4155 3092 4209 nobis
3117 4163 3504 4215 numerantur,

1917 4267 2025 4306 non
2065 4252 2383 4306 dividuntur
2443 4260 2568 4305 actu
2627 4259 2682 4303 et
2742 4248 3083 4314 exsistentia,
3147 4255 3207 4301 ut
3258 4246 3374 4316 ipse
3407 4244 3510 4298 tibi

1915 4341 2097 4412 ﬁngis.
2131 4340 2305 4395 Aliter
2345 4341 2510 4395 etiam
2545 4338 2613 4394 de
2651 4340 2756 4394 hoc
2790 4339 2980 4393 eodem
3031 4337 3511 4406 philosophamur.

1915 4431 2034 4487 Non
2051 4433 2232 4489 omnis
2253 4447 2518 4488 numerus
2547 4448 2634 4488 res
2653 4447 2745 4503 per
2779 4446 2841 4486 se
2875 4431 3239 4486 subsistentes
3263 4428 3464 4482 indicat
3488 4445 3512 4482 τ

187 4537 302 4604 Τῷ
327 4535 523 4606 τρόπῳ
545 4534 832 4606 τοιγαροῦν
853 4537 952 4606 τῆς
971 4537 1234 4608 διαφορᾶς
1254 4533 1351 4587 καὶ
1375 4533 1532 4604 μόνον
1553 4531 1813 4602 ἀριθμού‹

1921 4526 2083 4596 idque
2143 4524 2494 4580 manifestum
2553 4525 2657 4578 erit
2695 4539 2759 4578 ex
2806 4522 3182 4592 sequentibus.
3227 4519 3510 4588 Quidquid

191 4643 389 4697 μεναι
424 4625 514 4694 ὑφ’
545 4625 721 4696 ἡμῶν,
749 4627 811 4679 οὐ
851 4625 1184 4698 διαιροῦνται
1217 4627 1471 4696 ἐνεργείᾳ
1513 4626 1608 4678 καὶ
1638 4624 1815 4694 ὑπάρ-

185 4721 314 4787 ξει,
351 4719 452 4772 καὶ
477 4719 551 4782 ὡς
583 4721 647 4773 σὺ
682 4719 951 4782 ὑπονοεῖς.
996 4720 1107 4773 Καὶ
1138 4719 1315 4783 ἄλλως
1350 4719 1432 4782 εἰς
1461 4716 1521 4770 τὸ
1551 4717 1708 4783 αὐτὸ,
1734 4717 1816 4770 ὅτι

185 4813 341 4882 οὐχὶ
381 4812 491 4874 πᾶς
519 4810 751 4882 ἀριθμὸς
776 4811 884 4864 τῶν
918 4811 1300 4865 ἰδιοσυστάτων
1331 4811 1674 4882 πραγμάτων
1695 4789 1817 4861 beri.

184 4903 524 4974 δηλωτικός
548 4920 563 4936 ·
595 4904 689 4957 καὶ
720 4902 878 4955 τοῦτο
909 4902 1066 4973 δῆλον
1105 4901 1377 4956 ἐντεῦθεν.
1407 4901 1475 4955 Εἰ
1499 4918 1552 4954 τι
1585 4902 1684 4971 μὲν
1708 4902 1817 4971 γὰρ

189 4993 598 5047 ἰδιοσύστατόν
627 4996 766 5052 ἐστι,
791 4991 950 5046 τοῦτο
976 4994 1194 5055 πάντως
1223 4995 1281 5047 ἐν
1303 4993 1525 5064 ἀριθμῷ
1557 4993 1815 5062 τυγχάνει

183 5087 262 5138 δν
283 5103 300 5117 ο
352 5087 418 5140 οὐ
453 5088 563 5140 πᾶν
597 5087 655 5140 δὲ
684 5086 744 5139 τὸ
774 5088 833 5139 ἐν
862 5084 1082 5156 ἀριθμῷ
1123 5085 1414 5156 τυγχάνον,
1446 5083 1817 5138 ίδιοσύστατον

187 5176 273 5230 ἂν
319 5177 440 5246 εἴη.
477 5177 560 5231 Τά
615 5177 746 5245 γοῦν
783 5179 841 5230 ἰν
882 5179 993 5239 τοῖς
1046 5175 1348 5242 συνθέτοις,
1381 5176 1470 5230 ἵνα
1517 5175 1593 5245 μὴ
1647 5175 1817 5228 πολλὰ

185 5268 393 5336 λέγω,
427 5269 544 5332 ἑνὸς
568 5269 699 5322 ὄντα
732 5267 1193 5339 συμπληρωτικὰ,
1227 5268 1321 5321 καὶ
1355 5266 1500 5320 κατὰ
1528 5267 1656 5336 μίαν
1684 5282 1817 5332 συγ-

188 5359 462 5429 κείμενα
515 5359 614 5431 τὴν
653 5363 957 5430 συνέχειαν,
993 5361 1142 5428 ὅμως
1183 5357 1324 5410 αὐτὰ
1358 5358 1458 5427 μὲν
1489 5357 1573 5426 ἐφ’
1607 5354 1816 5410 ἑαυτῶν

193 5449 364 5504 ἰδίαν
400 5448 636 5522 ὓπαρξιν
664 5452 764 5504 οὐκ
811 5451 960 5520 ἔχει’
996 5450 1115 5512 ἑνὸς
1143 5450 1198 5502 δὲ
1247 5446 1688 5519 συμπίηρωτικὰ
1722 5463 1817 5514 γε-

189 5541 430 5613 νόμενα
456 5543 512 5594 ὲν
534 5542 610 5613 τῷ
635 5543 880 5613 συλλόγῳ
900 5542 998 5610 τὴν
1028 5542 1235 5596 οἰκείαν
1263 5541 1495 5613 ὓπαρξιν
1522 5540 1816 5598 ἐπιδείκνυ-

187 5649 327 5688 ται.
381 5634 590 5706 Ὥσπερ
637 5635 828 5704 ἀμέλει
866 5637 924 5687 τὸ
951 5634 1111 5700 ζῶον,
1144 5634 1204 5687 τὸ
1247 5633 1487 5701 λογικὸν,
1512 5632 1573 5684 τὸ
1602 5631 1816 5700 θνητὸν,

187 5726 264 5778 οὗ
310 5725 433 5796 μὴν
486 5726 567 5781 ἔτι
615 5745 678 5795 γε
718 5728 812 5780 καί
845 5729 968 5780 καθ’
1026 5728 1162 5780 αὐτὰ
1208 5726 1521 5797 ὑπάρχοντα
1579 5725 1814 5791 ὁρᾶται,

189 5815 334 5870 ἀλλ’
381 5818 440 5873 ἐν
473 5818 553 5887 τῷ
577 5819 682 5888 ὅλῳ
710 5835 772 5885 γε
798 5817 876 5888 τῷ
903 5818 1198 5888 ἀνθρώπῳ,
1226 5818 1390 5887 φημὶ,
1424 5816 1568 5885 σαφῆ
1608 5815 1705 5885 τὴν
1735 5817 1814 5867 οἰ-

1919 4623 2068 4677 cnim
2118 4636 2216 4691 per
2262 4636 2321 4676 se
2376 4619 2653 4683 subsistit,
2683 4619 2734 4673 id
2782 4618 3010 4677 omnino
3041 4625 3095 4671 et
3126 4615 3230 4671 sub
3275 4627 3510 4669 numero

1919 4724 2023 4778 est,
2059 4731 2166 4768 non
2201 4722 2383 4768 autem
2420 4727 2584 4768 omne
2631 4711 2777 4782 quod
2824 4711 2928 4766 sub
2963 4723 3192 4764 numero
3238 4717 3342 4775 est,
3375 4708 3506 4761 item

1917 4821 2013 4876 per
2046 4821 2104 4861 se
2131 4805 2436 4859 subsistere
2481 4803 2711 4858 dicetur.
2751 4802 2882 4868 Quae
2916 4815 3050 4871 ergo
3089 4801 3143 4853 in
3181 4798 3509 4868 compositis

1919 4907 2070 4960 sunt,
2107 4912 2175 4951 ne
2245 4897 2496 4966 pluribus
2537 4911 2650 4950 rem
2704 4910 2885 4964 agam,
2931 4908 3055 4947 cum
3125 4905 3295 4945 unum
3354 4904 3505 4944 com-

1918 4985 2130 5056 pleaut,
2167 4994 2221 5040 et
2277 5001 2384 5039 una
2424 4984 2786 5039 continuitate
2852 4989 3138 5039 constent,
3176 4995 3240 5034 ex
3299 4988 3505 5034 semet-

1919 5077 2054 5144 ipsis
2129 5076 2486 5131 nihilominus
2537 5075 2814 5145 propriam
2867 5071 3243 5128 exsistentiam
3296 5071 3502 5124 nullam

1920 5168 2144 5232 habent,
2175 5167 2272 5223 sed
2326 5183 2496 5222 unum
2554 5165 2684 5220 dum
2739 5165 3084 5220 constituunt
3150 5165 3202 5218 iu
3266 5163 3508 5216 coitione

1920 5261 2192 5330 propriam
2219 5259 2596 5315 exsistentiam
2619 5266 3076 5318 commonstrant,
3138 5255 3501 5325 quemadmo-

1918 5355 2048 5408 dum
2101 5355 2304 5410 animal
2355 5352 2586 5408 rationis
2633 5366 2880 5420 compos,
2923 5350 3153 5404 mortale
3186 5363 3334 5401 :nou
3366 5359 3504 5414 prte-

1920 5454 2066 5500 terea
2101 5460 2233 5499 vero
2273 5453 2328 5499 et
2378 5459 2474 5512 per
2515 5457 2638 5498 sese
2689 5441 3009 5497 exsistentia
3063 5436 3500 5506 conspiciuntur,

1920 5535 2013 5591 sed
2063 5535 2118 5588 in
2187 5543 2299 5589 toto
2344 5534 2561 5589 homine
2628 5541 2870 5601 apertam
2935 5538 3317 5598 patentemque
3376 5539 3504 5594 pro-

1919 5625 2094 5694 priam
2139 5625 2224 5680 sui
2267 5621 3085 5679 cxsistentiam-ostendunt:ct
3119 5617 3333 5672 ratione
3384 5629 3506 5668 mo--

1920 5718 2099 5786 doque
2148 5715 2465 5771 dill'erentiae
2517 5723 2830 5777 numerata,
2877 5709 3202 5765 divisionem
3261 5705 3503 5762 hominis

1921 5824 2028 5864 non
2065 5808 2396 5878 important;
2427 5819 2606 5877 partes
2643 5804 2790 5862 enim
2831 5802 3080 5859 dicentur
3113 5798 3377 5863 hominis,
3407 5795 3501 5853 scd
