4064 6400
578 369 684 436 601
1140 349 1144 353 ’
1862 368 2154 430 ΝΙεΕτι-ιε
2199 369 2600 431 BYZANTINI
3693 393 3775 455 δα,

579 499 690 536 non
740 497 835 552 per
863 495 982 535 sese
1018 479 1396 535 exsistcntiam
1439 479 1735 534 habebunt.
1767 478 1942 542 Quare
1988 480 2164 532 Inani-

2198 491 2238 544 Α
2271 483 2425 532 κείαν
2465 479 2706 550 ὓπαρξιν
2727 480 3129 544 ἐπιδείκνυται,
3164 482 3258 536 καὶ
3292 484 3645 560 ἀριθμούμενα
3677 495 3789 568 λόγῳ

577 573 779 628 festum
815 574 908 637 iit,
937 587 1041 626 non
1089 589 1308 627 onmem
1356 585 1644 626 numerum
1683 585 1772 624 res
1811 585 1903 640 per
1941 585 1999 626 se
2027 571 2162 625 sub-

2274 571 2369 623 καὶ
2410 572 2599 642 τρόπῳ
2633 571 2732 640 τῆς
2777 571 3063 643 διαφορᾶς,
3099 571 3366 644 διαίρεσιν
3407 576 3498 630 τοῦ
3525 557 3793 656 *ἀνθρώποῦ

575 667 836 720 sistentes
870 666 1134 720 indicare.

2268 663 2368 716 οὑκ
2399 665 2704 730 εἰσάγουσι.
2740 663 2898 733 Μέρη
2932 663 3032 733 μὲν
3059 663 3167 734 γάρ
3203 665 3414 736 ρηθεϊεν
3442 669 3725 743 ἀνθρώπου,
3748 683 3793 734 οὐ

575 758 747 826 δήπου
783 758 882 826 μὲν
931 758 1024 810 καὶ
1055 759 1176 810 καθ’
1205 757 1374 812 ἐαυτά
1413 758 1511 829 τὴν
1544 758 1776 830 ὕπαρξιν
1821 758 1956 830 ἔχει.
1994 759 2156 811 Ὥστε
2199 756 2380 826 δῆλον,
2409 759 2491 811 ὅτι
2518 760 2580 811 ού
2603 760 2710 821 πᾶς
2735 757 2968 830 ἀριθμὸς
2988 759 3098 812 τῶν
3161 759 3536 817 ίδιοσυστάτων
3592 776 3801 842 πραγμά,

574 873 686 908 των
717 855 832 908 ἐστί
860 855 1178 925 δηλωτικός.

654 946 708 997 7.
741 946 879 999 Cum
915 958 1097 1000 autem
1131 956 1390 1015 praeterea
1453 954 1680 1016 propter
1705 945 2032 1001 divisionem
2068 963 2169 1003 na-

2351 944 2415 1009 ξ,
2461 941 2683 1013 Ἐπειδὴ
2726 940 2783 994 δέ
2829 940 2923 994 καὶ
2957 940 3087 1011 περὶ
3136 939 3451 1012 διαιρέσεως
3492 945 3592 998 τῶν
3622 949 3797 1017 φύσεων

580 1046 824 1092 turarutn
848 1048 902 1092 et
930 1040 1342 1108 proprietatum,
1392 1050 1639 1093 sanctam
1692 1051 1745 1094 et
1775 1041 2169 1094 meumeuiram

2279 1037 2373 1089 καὶ
2417 1035 2525 1087 τῶν
2560 1034 2842 1105 ίδιοτήτων
2865 1032 3058 1104 μῶμον
3091 1032 3334 1102 συνῆψας
3367 1037 3433 1105 τῇ
3476 1037 3596 1109 ἁγίᾳ
3627 1043 3709 1094 καὶ
3740 1048 3800 1098 οξ-

579 1137 834 1196 quartam
861 1129 1128 1198 synodum
1155 1127 1448 1182 criminose
1476 1129 1858 1193 calumniaris,
1886 1131 2045 1200 quasi
2076 1131 2168 1186 illa

2277 1145 2376 1182 κου
2389 1130 2583 1199 μενικῇ
2635 1129 2875 1200 τετάρτῃ
2933 1126 3159 1196 συνόδῳ,
3193 1127 3268 1190 ὡς
3300 1125 3456 1198 δῆθεν
3487 1127 3701 1199 λέγουσα
3730 1137 3800 1191 δύο

581 1219 820 1287 probans
853 1218 990 1274 duas
1042 1227 1268 1274 naturas
1313 1229 1366 1273 et
1401 1220 1762 1288 proprietates
1816 1229 2162 1285 naturarum,

2275 1221 2468 1290 φύσεις
2517 1220 2612 1272 καὶ
2655 1219 2927 1290 ἰδιότητας
2967 1219 3078 1272 τῶν
3113 1218 3354 1288 φύσεων,
3393 1219 3674 1289 ἐξάπαντος
3697 1244 3799 1298 συμ-

583 1310 916 1365 omnimodis
949 1326 1071 1365 cum
1100 1310 1353 1366 Nestorio
1388 1313 1700 1376 conveniat,
1728 1323 2050 1367 naturarmn
2081 1313 2167 1367 di-

2273 1314 2443 1380 φωνεί
2461 1310 2541 1382 τῷ
2565 1309 2860 1382 Νεστορίῳ,
2883 1311 3145 1382 διαίρεσιν
3165 1311 3274 1364 τῶν
3297 1311 3506 1380 φύσεων
3526 1317 3799 1386 ἐμποιοῦσα,

582 1403 845 1458 visionem
872 1405 1243 1470 introdueens,
1267 1415 1662 1476 proptereaque
1694 1421 1801 1460 non
1836 1421 1960 1462 esse
2023 1407 2167 1463 hanc

2271 1403 2370 1455 καὶ
2402 1403 2490 1455 διά
2521 1401 2681 1455 τοῦτο
2725 1403 2826 1455 οὑκ
2853 1402 2998 1455 ἔστιν
3025 1402 3332 1456 άποδεκτέα
3370 1403 3504 1474 αῦτη
3556 1407 3587 1476 ὴ
3629 1406 3801 1475 σύνοδος

580 1495 846 1564 synodum
882 1511 911 1548 a
949 1495 1105 1550 nobis
1158 1497 1549 1566 recipiendam,
1600 1511 1697 1552 nos
1742 1498 2161 1567 respondentes,

2271 1512 2346 1547 πα
2358 1495 2404 1564 ρ’
2455 1493 2638 1564 ήμῶν,
2673 1494 3250 1565 ὑπεραπολογούμενοι
3271 1491 3386 1561 οῦν,
3414 1497 3505 1548 καὶ
3530 1498 3802 1568 διασαφοῦν-

578 1598 635 1644 ct
660 1591 946 1646 divisionis
998 1592 1457 1664 proprietatisque
1491 1595 1757 1649 rationem
1783 1596 2161 1666 explanantes,

2266 1603 2355 1649 τες
2388 1585 2479 1639 τὸν
2514 1586 2643 1656 περὶ
2686 1585 3007 1657 διαιρέσεως
3057 1587 3153 1641 καὶ
3226 1587 3486 1658 ἰδιότητος
3528 1589 3691 1658 λόγον,
3723 1611 3801 1661 φα-

575 1677 812 1733 dicimus
855 1678 1060 1737 Christi
1114 1691 1362 1742 naturas.
1419 1684 1674 1738 deitatem
1721 1700 1916 1755 nempe
1966 1695 2020 1741 et
2067 1686 2163 1741 hu-

2269 1682 2390 1750 μὲν,
2439 1679 2540 1744 τὰς
2568 1680 2760 1750 φύσεις
2802 1680 2898 1734 τοῦ
2943 1678 3207 1751 Χριστοῦ,
3242 1681 3413 1751 ἤγουν
3443 1684 3580 1753 φημὶ
3604 1684 3690 1755 τὴν
3711 1685 3801 1738 θεό-

577 1771 923 1838 manitatem,
960 1789 1024 1828 ex
1079 1775 1282 1844 quibus
1310 1785 1365 1830 et
1399 1777 1452 1830 in
1485 1777 1687 1846 quibus
1716 1779 1938 1833 unicum
1990 1781 2155 1848 hypo-

2200 1840 2234 1848 _
2263 1790 2401 1844 τητα
2447 1772 2540 1826 καὶ
2573 1775 2674 1842 τὴν
2708 1771 3128 1842 άνθρωπότητα,
3167 1771 3228 1837 ἐξ
3287 1766 3363 1826 ὧν
3389 1775 3481 1826 καὶ
3514 1775 3569 1827 ἐν
3591 1769 3671 1839 αἷς
3698 1771 3805 1840 όείς

578 1869 794 1917 staseos
827 1863 996 1917 veluti
1033 1840 1209 1918 totum
1252 1840 1714 1934 contemplamur,
1747 1867 1792 1921 si
1838 1868 1963 1936 quis
2001 1840 2161 1921 intel-

2195 1840 2240 1901 Β
2269 1840 2368 1936 ei];
2398 1840 2753 1928 ὑποστάσεως
2798 1840 2875 1927 ῶς
2918 1840 3039 1928 ὅλος
3089 1863 3480 1934 ἐνθεωρεῖται,
3535 1867 3579 1918 εί
3621 1867 3706 1936 μὲν
3752 1870 3800 1937 τῇ

577 1951 721 2008 lectu
751 1962 806 2008 et
857 1957 1091 2019 ratione,
1118 1956 1505 2026 proprietates,
1536 1957 1782 2027 inquam,
1807 1974 1931 2012 eum
1953 1960 2166 2015 naturis

2267 1954 2486 2026 ἐπινοίᾳ
2538 1971 2624 2016 τις
2665 1952 2760 2006 καὶ
2793 1953 2876 2034 τῶ
2903 1953 3050 2022 λόγῳ
3085 1952 3186 2016 τὰς
3222 1952 3494 2022 ἰδιότητας
3554 1954 3680 2024 μετὰ
3721 1955 3805 2008 τῶν

577 2040 851 2108 diviserit,
882 2058 990 2097 non
1025 2059 1156 2098 vero
1205 2047 1529 2100 exsistentia
1561 2056 1617 2101 et
1665 2058 1810 2113 actu,
1862 2063 2038 2118 neque
2071 2051 2166 2104 ab-

2266 2045 2484 2114 φύσεων
2514 2045 2735 2117 διαιρεῖ,
2773 2044 2870 2098 καὶ
2919 2043 3018 2115 οὑχ
3051 2044 3282 2115 ὑπάρξει
3327 2045 3424 2098 καὶ
3456 2045 3703 2116 ἐνεργείᾳ,
3725 2047 3803 2100 οὐκ

577 2130 767 2196 surde,
816 2147 994 2202 neque
1045 2134 1318 2190 inerudite
1363 2135 1584 2203 fecerit;
1638 2136 1742 2193 hoc
1783 2139 1952 2204 enim,
2005 2149 2064 2194 ut
2089 2140 2162 2195 ita

2265 2135 2372 2201 ἐξω
2409 2136 2504 2190 τοῦ
2549 2137 2759 2200 εἰκότος
2803 2135 3263 2206 ποιήσειεοτοῦτο
3312 2136 3424 2206 γάρ
3465 2137 3642 2206 σχεδὸν
3669 2139 3809 2190 εἰπεῖν

579 2223 780 2288 dicam,
807 2239 999 2280 omnes
1028 2226 1218 2284 Patres
1259 2241 1446 2299 aperte
1475 2231 1737 2287 clamant.
1779 2232 1920 2287 Audi
1954 2233 2164 2302 Grego-

2266 2226 2468 2288 πάντες
2515 2227 2567 2280 οἱ
2605 2226 2852 2296 Πατέρες
2907 2225 3208 2296 διαρρήδην
3245 2225 3572 2296 κεκράγασι.
3601 2226 3696 2279 Καὶ
3723 2227 3804 2296 γὰρ

578 2312 720 2367 rium
748 2313 1084 2386 Theologum
1117 2319 1389 2374 dicentem
1423 2338 1437 2375 :
1472 2321 1605 2375 Cum
1635 2332 1845 2377 natum
1874 2325 2161 2395 cogitatio-

2263 2318 2568 2390 Γρηγορίου
2597 2317 2692 2371 τοῦ
2723 2317 2987 2386 Θεολόγου
3037 2317 3270 2372 ἄκουσον
3325 2318 3594 2386 ).έγοντος’
3637 2317 3805 2372 Ἢνίκα

579 2404 735 2459 nibus
781 2419 1120 2478 separantur,
1177 2411 1586 2466 subdividuntur
1631 2425 1682 2468 et
1714 2417 1952 2479 nomina,
2001 2419 2160 2487 quasi

2262 2415 2375 2484 τὰρ
2397 2417 2456 2468 al
2477 2416 2698 2484 φύσεις
2719 2415 3056 2468 διίστανται
3082 2414 3210 2480 ταῖς
3236 2414 3551 2480 ἐπινοίαις,
3579 2414 3803 2467 συνδιαι-

582 2495 810 2563 diceret,
852 2501 996 2570 quod
1031 2503 1360 2572 cogitatione
1400 2506 1671 2562 asseritur
1701 2507 1762 2562 tit
1796 2509 1863 2562 ad
1906 2509 2163 2564 diﬂ'eren-

2255 2509 2505 2576 ροῦνται
2533 2508 2628 2561 καὶ
2662 2508 2734 2561 τὰ
2755 2509 3036 2576 ὀνόματα,
3068 2507 3144 2572 ὡς
3173 2501 3316 2560 εἶναι
3355 2508 3508 2576 τδςτῇ
3533 2507 3723 2576 ἐπινοίᾳ
3741 2505 3805 2557 λε-

575 2588 709 2642 tiam
739 2589 1049 2658 divisionis,
1080 2609 1205 2664 quae
1246 2605 1376 2650 actu
1436 2607 1492 2652 et
1537 2599 1858 2656 exsisteutia
1891 2611 1994 2666 est,
2015 2618 2158 2670 eam,

2261 2601 2514 2672 γόμενον,
2548 2605 2684 2671 προς
2718 2601 3127 2671 ἁντιδιαστολὴν
3171 2604 3270 2671 τῆς
3304 2600 3428 2654 κατ’
3463 2601 3722 2669 ἐνέργειαν
3737 2597 3809 2650 καὶ

577 2697 747 2751 quam
781 2684 1104 2755 longissime
1142 2687 1468 2757 abjicientes
1508 2699 1632 2746 artu
1664 2692 1885 2762 quidem
1933 2704 2160 2751 naturas

2263 2693 2500 2766 ὓπαρξιν
2550 2694 2890 2765 διαιρέσεως,
2939 2696 3006 2766 ἥν
3032 2695 3107 2758 ὡς
3140 2696 3492 2767 πορρωτάτω
3523 2692 3806 2758 ἀποπεμψά-

575 2788 704 2829 esse
739 2785 793 2829 et
821 2776 928 2831 dici
961 2778 1202 2843 tradunt,
1235 2779 1432 2835 harum
1455 2798 1584 2837 vero
1610 2783 1936 2840 divisionem
1961 2785 2163 2856 cogita-

2263 2801 2414 2855 μενοι
2443 2786 2509 2853 τῇ
2563 2784 2662 2854 μὲν
2700 2783 2952 2854 ἐνεργείᾳ
2981 2783 3080 2845 τὰς
3109 2782 3300 2850 φύσεις
3353 2777 3496 2834 εἷναί
3527 2797 3583 2831 τε
3625 2778 3707 2830 καὶ
3733 2793 3809 2828 κα·

579 2865 730 2920 tione
749 2878 1086 2937 acceperunt
1117 2889 1131 2924 :
1168 2886 1288 2940 qua:
1313 2871 1478 2928 rebus
1507 2873 1642 2942 ipsis
1670 2874 1846 2930 divisa
1873 2889 1981 2930 non
2006 2885 2156 2940 sunt,

2260 2876 2470 2930 λεῖσθαί
2515 2893 2668 2946 φασι,
2695 2875 2794 2946 τὴν
2848 2876 2903 2927 δέ
2937 2873 3141 2927 τούτων
3181 2873 3449 2942 διαίρεσιν
3477 2870 3811 2925 κατ’ἐπίνοιιν

579 2960 840 3022 tauquam
876 2955 1047 3010 divisa
1085 2957 1296 3014 ratione
1325 2973 1698 3032 supponeutes
1722 2974 1943 3034 propter
1965 2966 2162 3021 immu-

2261 2969 2490 3036 ἔλαϐον,
2520 2970 2591 3022 τὰ
2658 2968 2734 3038 μὴ
2797 2967 3102 3038 διῃρημένα
3151 2967 3263 3028 τοῖς
3311 2965 3628 3035 πράγμασιν
3669 2960 3733 3022 ὡς
3756 2959 3811 3009 δι-

577 3039 796 3094 tabilem
834 3043 1148 3112 unitorum,
1186 3047 1352 3103 etiam
1399 3061 1520 3119 post
1571 3053 1855 3119 unionem,
1900 3055 2160 3110 diﬁ'eren-

2261 3062 2520 3136 ῃρημένα
2555 3059 2631 3131 τῷ
2689 3060 2831 3129 λόγῳ
2887 3057 3288 3126 ὑποτιθέμενοι,
3349 3055 3440 3110 διὰ
3472 3056 3567 3126 τὴν
3594 3053 3811 3124 ἄτρεπτον

576 3133 707 3186 tiam
743 3144 798 3188 et
837 3141 1264 3206 proprietatem;
1316 3153 1373 3196 ut
1399 3142 1511 3212 jam
1571 3146 1780 3200 clarum
1812 3147 1904 3214 sit,
1950 3148 2054 3203 dici
2091 3148 2159 3202 de

2208 3197 2226 3218 ,
2261 3133 2371 3206 τῶν
2405 3150 2838 3216 ἐνωθέντων,καὶ
2873 3150 3010 3222 μετὰ
3041 3149 3138 3220 τὴν
3159 3141 3378 3215 ἕνωσιν,
3397 3146 3650 3218 διαφοράν
3665 3161 3714 3196 τε
3744 3158 3813 3197 ut

576 3227 793 3282 naturis
824 3239 878 3284 et
908 3233 1336 3301 proprietatibus
1366 3235 1716 3303 divisionem,
1749 3255 1873 3309 quae
1894 3257 1958 3294 ex
1999 3241 2161 3295 intel-

2208 3231 2232 3254 ³
2273 3244 2704 3314 ίδιότητα.”Ωστε
2723 3242 2882 3312 δῆλόν
2905 3243 3021 3296 ἐστι
3048 3241 3228 3309 λέγειν
3251 3240 3346 3294 ἐπὶ
3396 3239 3505 3292 τῶν
3531 3237 3734 3306 φύσεων
3746 3233 3813 3287 καὶ

575 3316 720 3371 lectu
746 3330 848 3385 est,
880 3337 1057 3391 neque
1087 3323 1140 3377 in
1187 3340 1466 3395 quoquam
1501 3343 1532 3382 a
1577 3345 1706 3384 vero
1764 3333 2163 3400 aberrabimus,

2265 3335 2376 3390 τῶν
2399 3336 2677 3406 ίδιοτήτων
2695 3334 2979 3405 διαίρεσιν,
3002 3332 3099 3404 τὴν
3121 3334 3240 3386 κατ’
3264 3333 3511 3385 ἐπίνοιαν
3538 3329 3809 3397 λεγομένην,

577 3405 709 3459 licet
737 3408 804 3462 de
857 3425 921 3464 ea
949 3421 1139 3466 sancta
1169 3421 1224 3467 et
1270 3417 1613 3473 aecumeuica
1673 3428 1869 3486 quarta
1926 3422 2167 3491 synodus

2269 3429 2367 3482 καὶ
2419 3405 2574 3480 οὐδὲν
2602 3427 2697 3481 τοῦ
2755 3427 2964 3491 εἰκότος
2995 3427 3474 3497 ἀποσφαλοίμεθα,
3506 3427 3554 3478 εἰ
3591 3425 3678 3476 καὶ
3721 3418 3816 3488 περὶ

581 3495 719 3550 nihil
743 3499 1005 3565 tradidit;
1041 3503 1405 3560 nihilominus
1435 3523 1536 3562 nos
1558 3508 1793 3564 dicimus
1823 3527 1836 3562 :
1865 3527 1990 3565 cum
2019 3513 2165 3567 enim

2267 3519 2472 3588 ταύτης
2501 3521 2533 3588 ὴ
2560 3519 2690 3588 άγία
2711 3520 2802 3572 καὶ⁵
2827 3495 3180 3589 οίκουμενικὴ
3201 3495 3443 3590 τετάρτη
3476 3517 3679 3577 σύνοδος
3697 3511 3813 3567 οὐδὲν

579 3586 944 3658 integritatem
973 3593 1278 3664 hypostasis
1298 3598 1497 3655 Christi
1517 3603 1976 3671 contemplemur,
1995 3614 2166 3659 totum

2269 3586 2617 3682 éEscptthcs,
2640 3612 2779 3681 πλὴν
2810 3606 2904 3665 οὖν
2955 3586 3119 3683 ἡμεῖς
3139 3586 3395 3682 λέγομεν.
3418 3586 3585 3664 ’Ὅταν
3629 3606 3725 3677 γὰρ
3758 3605 3815 3665 εἰς

585 3680 773 3734 animo
807 3683 1102 3752 agitamus,
1133 3689 1352 3757 quando
1377 3699 1548 3746 totum
1579 3709 1644 3747 ex
1677 3695 1927 3763 partibus
1963 3695 2167 3750 cunila-

2268 3705 2367 3774 τὴν
2387 3705 2617 3774 ὁλότητα
2642 3705 2739 3773 τῆς
2756 3704 2957 3775 κατὰιΧ
2967 3703 3148 3775 ριστὸν
3169 3703 3524 3765 ὑποστάσεως
3545 3697 3813 3764 ἀποϐλέψω-

583 3779 697 3835 tur,
727 3775 872 3828 etin
924 3778 1168 3845 partibus
1201 3781 1602 3848 consideratur,
1663 3794 1718 3839 ct
1773 3794 1886 3841 tum
1949 3789 2170 3858 potissi-

2273 3811 2396 3864 μεν,
2440 3794 2502 3847 τὸ
2551 3794 2673 3847 ὅλον
2702 3794 3168 3863 ἀνασκοποῦντες,
3200 3795 3391 3866 ἐπειδὴ
3433 3795 3493 3848 τὸ
3530 3794 3644 3847 ὅλον
3670 3791 3725 3842 ἑκ
3746 3801 3815 3855 με·

585 3879 736 3917 mum
793 3881 917 3920 cum
980 3884 1045 3921 ex
1095 3869 1456 3927 dissimilibus
1513 3877 1882 3946 componitur,
1935 3881 2171 3936 servatis

2276 3886 2385 3956 ρῶν
2443 3885 2753 3954 σύγκειται,
2799 3887 2894 3939 καὶ
2928 3888 2989 3940 ἐν
3023 3888 3134 3950 τοῖς
3173 3886 3368 3956 μέρεσι
3419 3885 3713 3954 θεωρεῖται,
3749 3876 3817 3930 καὶ

582 3969 783 4026 nempe
839 3957 1130 4015 iuconl‘use
1181 3963 1430 4031 partibus
1488 3967 1541 4020 in
1582 3969 1804 4035 unione,
1859 3972 2079 4040 quando
2116 3981 2173 4028 et

2276 3978 2516 4048 μάλιστα
2545 3979 2676 4032 ὅταν
2725 3977 2785 4042 ἐξ
2828 3978 3246 4048 άνομοιομερῶν
3301 3979 3591 4047 σύγκειται
3630 3975 3685 4026 τὺ
3709 3971 3817 4026 ὅλον.

581 4054 799 4113 partes,
853 4065 978 4120 quae
1037 4051 1092 4105 in
1143 4062 1255 4108 toto
1302 4065 1460 4121 sunt,
1515 4059 1680 4115 totius
1728 4070 2071 4130 reputantur,
2120 4072 2174 4118 et

2276 4069 2602 4140 σωζομένων
2649 4069 2896 4138 δηλονότι
2957 4069 3282 4139 άσυγχύτως
3315 4069 3429 4122 τῶν
3475 4067 3653 4140 μερῶν
3695 4066 3743 4116 ἐν
3771 4060 3817 4126 τῇ

585 4139 945 4207 proprietates
1013 4145 1249 4211 partium
1308 4147 1477 4204 totius
1539 4151 1976 4219 reputabuntur,
2050 4154 2176 4210 licet

2275 4160 2486 4222 ἐνὼσει,
2518 4160 2706 4230 ἐπειδὴ
2743 4161 2812 4214 τά
2846 4161 2986 4232 μέρη
3014 4161 3072 4212 ἐν
3097 4160 3176 4231 τῷ
3205 4160 3313 4230 ὅλῳ
3365 4139 3729 4230 ἐνυπάρχοντα
3751 4146 3820 4203 τοῦ

585 4231 821 4298 partium
856 4237 1073 4304 propria
1103 4252 1286 4293 sermo
1306 4241 1638 4309 cogitatione
1661 4244 1914 4301 dividens
1935 4246 2170 4316 judicat.

2277 4254 2404 4307 ὅλου
2463 4252 2795 4322 λογίζονται,
2833 4255 2927 4306 καὶ
2965 4231 3035 4305 τά
3082 4252 3353 4323 ἰδιώματα
3410 4252 3522 4304 τῶν
3562 4238 3820 4321 μερῶντοῦ

591 4322 758 4378 Verbi
796 4329 971 4394 gratia
1000 4346 1015 4383 :
1053 4328 1218 4386 Visus
1259 4335 1312 4386 in
1346 4337 1611 4401 sensorio.
1645 4339 1806 4393 oculo
1833 4355 2028 4409 nempe
2057 4342 2173 4398 ﬁeri

2276 4345 2400 4400 ὅλου
2428 4343 2867 4413 λογισθήσονται,
2903 4344 2952 4395 εί
2997 4342 3092 4395 καὶ
3127 4342 3236 4394 τῶν
3263 4342 3452 4412 μερῶν
3481 4341 3556 4403 ὡς
3589 4338 3689 4389 ἴδια
3714 4326 3820 4384 εἶναι

587 4418 750 4482 solet,
779 4420 861 4475 sic
892 4421 1056 4476 etiam
1097 4425 1400 4483 ambulatio
1427 4429 1478 4484 in
1505 4431 1786 4496 cruribus,
1817 4435 1910 4489 sed
1935 4451 2046 4490 non
2089 4437 2175 4491 di-

2277 4439 2306 4490 ὁ
2330 4437 2485 4504 λόγος
2514 4440 2578 4506 τῇ
2609 4437 2823 4506 ἐπινοίᾳ
2850 4435 3080 4504 διαιρῶν
3119 4435 3315 4505 κρίνει’
3347 4429 3464 4486 οἷόν
3518 4433 3569 4484 τί
3600 4442 3744 4499 φημν
3776 4421 3821 4472 Ἦ

587 4509 766 4566 cinms
797 4524 892 4566 aut
917 4519 1141 4571 oculum
1174 4521 1382 4588 videre,
1411 4534 1506 4578 aut
1533 4540 1694 4581 crura
1718 4525 2000 4582 ambulare
2025 4547 2039 4595 ;
2073 4529 2168 4584 sed

2216 4535 2245 4589 D
2274 4529 2464 4600 ὅρασις
2497 4531 2555 4581 ἐν
2590 4527 2668 4598 τῷ
2704 4527 3072 4597 αἰσθητηρίῳ.
3105 4527 3275 4596 ἦγουν
3325 4523 3406 4594 τῷ
3432 4518 3710 4593 ὀφθαλμῷ,
3747 4511 3821 4565 πέ-

590 4599 778 4667 homo,
809 4605 903 4672 qui
932 4622 994 4660 ea
1033 4617 1292 4678 tanquam
1320 4624 1503 4680 partes
1527 4616 1790 4684 possidet,
1822 4617 2009 4673 videre
2037 4620 2173 4674 dici-

2277 4599 2416 4687 ιρυκε
2447 4617 2717 4686 γίνεσθαι,
2767 4615 3030 4679 ὡσαύτως
3071 4615 3128 4668 δέ
3183 4615 3275 4667 καὶ
3315 4616 3348 4684 ἡ
3395 4613 3602 4683 βάδισις
3649 4612 3700 4661 ἐν
3739 4604 3821 4662 τοῖς

590 4705 681 4748 tur
725 4705 782 4750 et
814 4699 1113 4755 ambulare.
1157 4702 1356 4759 Eodem
1406 4706 1567 4761 modo
1621 4715 1676 4761 et
1716 4708 1783 4762 de
1827 4708 2033 4764 Christi
2069 4709 2172 4780 hy-

2277 4709 2549 4763 σκέλεσιν·
2585 4709 2699 4762 άλλ’
2731 4709 2792 4760 οὑ
2826 4707 3078 4778 λέγομεν,
3109 4709 3192 4760 ὅτι
3232 4707 3260 4758 ὁ
3290 4705 3571 4776 ὀφθαλμὸς
3591 4702 3704 4772 ὁρᾷ.
3727 4697 3753 4766 ἢ
3775 4690 3824 4745 τὶ

589 4791 793 4857 postasi
813 4808 826 4842 :
850 4807 1084 4862 namque
1119 4794 1183 4848 ad
1210 4795 1574 4867 integritatem
1607 4799 1752 4868 illius
1775 4800 1974 4855 mentis
1997 4801 2170 4856 aciem

2278 4799 2444 4870 σκέλη
2479 4800 2708 4870 βαδίζει,
2727 4800 2842 4853 ἀλλ’
2874 4800 3162 4869 ἄνθρωπος
3188 4799 3216 4850 ὁ
3243 4799 3420 4852 ταῦτα
3451 4797 3589 4868 ἔχων
3619 4793 3689 4855 ὡς
3716 4789 3822 4858 μέρη

592 4883 816 4951 ligentes
846 4884 1078 4941 dicimus
1105 4886 1359 4954 Ejusdem
1387 4893 1550 4946 unius
1575 4901 1780 4946 sancta:
1809 4891 2026 4948 Triadis
2051 4892 2174 4946 Filii

2275 4893 2497 4960 λέγεται
2529 4892 2748 4961 βλέπειν
2797 4892 2891 4944 καὶ
2951 4892 3209 4961 βαδίζειν.
3247 4891 3465 4943 Οὑτωσὶ
3512 4888 3606 4940 καὶ
3637 4883 3720 4937 ἐπὶ
3752 4878 3824 4944 τῆς

589 4972 685 5028 Dei
711 4987 839 5054 sunt
867 4987 921 5031 et
956 4995 1044 5034 res
1067 4981 1388 5036 mirabiliter
1409 4993 1594 5051 gestae,
1628 4993 1682 5038 et
1705 4985 2013 5054 passiones.
2052 4985 2170 5039 Etsi

2279 4985 2630 5046 ὑποστάσεως
2650 4982 2744 5036 τοῦ
2771 4983 3035 5054 Χριστοῦ.
3071 4985 3244 5036 Ὅταν
3273 4982 3379 5051 γὰρ
3398 4981 3480 5044 είς
3512 4979 3610 5048 τὴν
3638 4973 3824 5038 ὀλότητα

591 5051 892 5120 secundum
922 5069 1084 5122 aliam
1118 5080 1324 5138 partem
1362 5074 1645 5142 passiones
1685 5074 1853 5138 subit,
1909 5074 2168 5129 humaui-

2277 5078 2446 5146 αὐτῆς
2462 5075 2774 5145 βλέπωμεν,
2801 5051 3054 5144 λέγομεν,
3091 5072 3265 5125 Αὑτοῦ
3290 5071 3385 5123 τοῦ
3419 5070 3540 5132 ἐνὸς
3572 5066 3664 5134 τῆς
3697 5059 3825 5126 dii“;

591 5167 756 5211 tatem
780 5158 1010 5225 scilicet,
1035 5163 1337 5216 secundum
1365 5164 1529 5217 aliam
1567 5165 1703 5220 mira
1734 5166 1919 5227 eiiieit,
1948 5177 2007 5220 ut
2035 5169 2177 5237 ejus-

2279 5169 2530 5239 Τριάδος,
2578 5167 2829 5221 τουτέστι
2880 5166 2974 5219 τοῦ
3025 5163 3156 5218 Υίοῦ
3201 5163 3296 5216 τοῦ
3339 5161 3505 5223 Θεοῦ,
3548 5158 3651 5212 εἰσὶ
3688 5153 3748 5205 τά
3783 5161 3827 5250 τε

589 5251 712 5305 dem
750 5265 959 5307 natura:
1021 5271 1147 5308 curn
1201 5255 1312 5310 Deo
1348 5266 1404 5312 et
1452 5257 1629 5325 Patre,
1687 5270 1742 5313 et
1804 5261 2008 5330 Spiritu
2067 5271 2173 5316 est.

2279 5261 2556 5331 θαύματα,
2596 5261 2692 5312 καὶ
2723 5259 2790 5312 τά
2841 5257 3017 5328 πάθη.
3054 5258 3103 5310 εἰ
3156 5257 3248 5310 καὶ
3298 5254 3419 5309 κατ’
3452 5253 3582 5308 ἄλλο
3610 5249 3757 5320 μέρος
3776 5249 3827 5291 τά

592 5339 808 5399 Rursus
830 5355 1032 5414 partes,
1071 5348 1363 5415 exquibus
1407 5359 1579 5404 totum
1617 5353 1990 5417 constituitur,
2044 5369 2178 5408 euu-

2280 5354 2430 5424 πάθη
2461 5353 2781 5423 ἀναδέχεται
2817 5353 2960 5406 κατὰ
2999 5353 3059 5404 τὸ
3102 5349 3471 5418 ἀνθρώπινον,
3507 5345 3628 5399 κατ’
3656 5339 3769 5431 mf

593 5436 825 5490 servatis
859 5437 967 5492 illis
998 5438 1287 5494 inconfuse
1322 5440 1374 5493 in
1411 5442 1613 5497 unione
1643 5439 2080 5506 considerantes,
2116 5454 2170 5498 et

2279 5447 2348 5499 τὰ
2399 5447 2602 5514 σημεῖα
2655 5445 2820 5507 ποιεῖ,
2853 5442 2930 5504 ὡς
2983 5441 3301 5511 ὅμοούσιος,
3333 5437 3582 5526 δηλονότι
3737 5426 3829 5526 Θεξῐ)

593 5527 956 5583 diil'erentiam
985 5531 1039 5584 in
1070 5532 1274 5586 unione
1313 5533 1673 5600 invenientes,
1711 5536 1802 5590 ubi
1847 5552 1976 5589 vero
2023 5538 2178 5591 diﬂ'v-

2281 5539 2376 5590 καὶ
2407 5537 2605 5607 Ila-cpi,
2650 5536 2744 5590 καὶ
2772 5536 2852 5607 τῷ
2880 5533 3185 5604 Πνεύματι.
3217 5533 3386 5584 Ὅταν
3418 5529 3464 5582 δ’
3510 5525 3578 5580 αὖ
3607 5521 3752 5576 πάλιν
3770 5527 3829 5618 εις

596 5622 796 5685 rentia,
833 5623 1031 5678 ibidem
1069 5627 1296 5679 omnino
1318 5633 1372 5680 et
1399 5643 1662 5683 numerus
1686 5629 2073 5695 introducitur,
2102 5639 2182 5684 tot

2281 5631 2348 5682 τὰ
2390 5629 2554 5698 μέρη,
2589 5628 2648 5692 ἐξ
2690 5621 2765 5681 ὧν
2799 5627 2860 5680 τὸ
2910 5627 3028 5679 ὅλον
3057 5625 3360 5694 σύγκειται.
3407 5617 3721 5687 σωζομένων
3750 5617 3803 5658 αυ

598 5713 834 5768 dicimus
851 5727 1031 5783 partes
1047 5735 1190 5782 esse,
1216 5719 1426 5774 ratione
1445 5719 1808 5784 discriminis,
1835 5739 1936 5777 nec
1959 5741 1988 5776 a
2011 5739 2179 5790 sropo

2282 5721 2392 5774 τῶν
2419 5721 2663 5792 δηλονότι
2713 5719 3039 5791 άσυγχύτως
3087 5720 3144 5772 ἐν
3184 5719 3251 5788 τῇ
3301 5715 3495 5768 ἐνώσει
3550 5703 3829 5792 σκοπῶμεν,

603 5804 940 5863 aberramus.
995 5810 1446 5878 Quandoquidem
1479 5814 1610 5871 unio
1639 5823 1722 5869 est
1779 5830 1994 5879 eorum,
2056 5831 2177 5884 quin

2286 5815 2378 5868 καὶ
2423 5816 2526 5894 ξτῆς
2565 5814 2827 5885 διαφορᾶς
2857 5815 2914 5867 ἐν
2945 5815 3011 5883 τῇ
3040 5809 3254 5879 ἐνώσει,
3283 5801 3676 5877 εὐρισκομένης
3703 5791 3828 5863 (ὅπου
