4064 6424
330 372 460 448 609

1254 384 1692 447 REFUTATIO
1718 386 2104 449 EPISTOLIE
2134 389 2366 450 REGIS
2399 390 2796 455 ARMENLE.

3519 408 3628 476 610

326 493 399 548 δὲ
443 490 699 567 διαφορά.
739 490 859 547 ius?
888 492 1108 571 πάντως
1143 494 1236 550 καὶ
1267 496 1297 549 ό
1337 496 1573 569 ἀριθμὸς
1618 498 1937 567 συνεισάγε-

2044 501 2110 555 ad
2138 501 2347 572 aliquid
2371 512 2503 561 sunt
2532 521 2549 560 :
2580 508 2716 562 unio
2741 508 2889 563 enim
2913 524 3129 580 eorum,
3168 530 3287 585 qua!
3339 519 3628 592 uuiuntur,

333 591 495 662 ται)·
520 591 766 662 δηλονότι
805 592 941 648 τόσα
973 593 1208 666 λέγομεν
1258 595 1329 648 τά
1362 593 1507 665 μέρη
1554 595 1826 666 ὑπάρχειν
1857 595 1937 666 τῷ

337 681 495 755 λόγῳ
531 684 633 753 τῆς
679 683 969 755 διαφορᾶς,
1015 685 1112 740 καὶ
1155 685 1307 741 οὐδὲν
1341 686 1673 757 σφάλλομεν.
1716 685 1938 757 Ἐπειδὴ

349 777 392 846 ἡ
426 775 522 847 μὲν
551 775 747 840 ἔνωσις
773 775 884 830 τῶν
918 777 1057 848 πρός
1104 777 1159 831 τί
1203 779 1342 833 ἐστι.
1374 778 1487 831 Καὶ
1529 777 1638 850 γὰρ
1672 779 1707 849 ἠ
1745 777 1940 842 ἓνωσις

351 868 666 939 ἐνουμένων
721 869 869 922 ἐστὶν
922 870 1152 935 ἓνωσις,
1202 870 1297 923 καὶ
1340 870 1409 924 τὰ
1441 869 1708 940 ἑνούμενα
1746 869 1940 926 ὲνώσει

342 959 614 1013 ἑνοῦνταυ
648 959 912 1025 ὡσαύτως
942 961 1000 1015 δὲ
1034 963 1129 1016 καὶ
1165 961 1225 1015 τὸ
1253 960 1373 1016 ὅλον
1392 1001 1408 1027 ,
1454 960 1637 1032 μερῶν
1670 961 1811 1027 ὅλον,
1844 961 1940 1016 καὶ

335 1055 417 1107 τά
455 1054 596 1125 μέρη
623 1054 748 1107 ὅλου
806 1055 970 1125 μέρη.
1025 1055 1107 1109 Τά
1160 1055 1219 1108 δὲ
1260 1054 1395 1125 πρός
1446 1072 1522 1119 τι,
1577 1054 1672 1109 ἐὰν
1710 1054 1940 1125 θάτερον

338 1146 608 1217 ἐνεργείᾳ
650 1141 719 1220 ᾗ,
766 1148 956 1199 καὶτὸ
1013 1147 1200 1219 ἕτερον
1247 1146 1491 1219 δηλονότι
1552 1145 1614 1212 ἐξ
1669 1148 1938 1218 ἀνάγκης.

353 1236 520 1290 Ἐπεὶ
550 1237 644 1291 οὑν
670 1240 705 1309 ὴ
730 1239 872 1292 κατὰ
909 1239 1145 1309 Χριστὸν
1172 1238 1363 1310 ὀλότης
1388 1239 1482 1293 καὶ
1513 1240 1547 1310 ή
1567 1239 1760 1303 ἒνωσις
1785 1241 1940 1309 ἐνερ-

335 1329 477 1400 γείᾳ
508 1329 768 1398 πρόσεστι
816 1331 910 1384 καὶ
941 1331 1011 1385 τὰ
1042 1331 1184 1401 μέρη
1214 1331 1473 1402 ἐνεργείᾳ
1493 1330 1730 1395 ἔσονται,
1773 1330 1870 1384 καὶ
1899 1332 1932 1401 ή

333 1420 552 1473 τούτων
606 1420 865 1490 διαφορά.
914 1422 999 1475 Εί·
1027 1421 1086 1475 δὲ
1134 1420 1293 1475 τοῦτο
1335 1421 1556 1493 ἀληθὲς,
1605 1420 1796 1493 ὥσπερ
1847 1420 1942 1476 οὖν

333 1514 441 1566 καὶ
468 1512 689 1584 ἀληθὲς,
731 1516 760 1567 ό
798 1513 874 1585 μὴ
906 1514 1185 1586 ὁμολογῶν
1208 1516 1278 1568 τά
1302 1515 1446 1586 μέρη
1486 1515 1622 1568 τόσα
1655 1510 1815 1581 εἶναι,
1850 1514 1944 1585 δη-

332 1604 522 1659 λονότι
549 1605 670 1659 οὐδὲ
715 1605 776 1659 τὸ
802 1606 924 1661 ὅλον
965 1608 1193 1679 φήσειεν
1240 1607 1308 1661 ἂν
1336 1603 1499 1670 εἶναι,
1533 1606 1669 1661 ἀλλά
1697 1607 1806 1661 τῶν
1842 1623 1941 1678 με⁶

339 1699 461 1767 ρῶν
506 1700 604 1770 τῆς
646 1699 915 1769 διαφορᾶς
945 1700 1370 1771 ἀναιρουμένης,
1400 1700 1493 1755 καὶ
1537 1699 1599 1753 τδ
1641 1700 1764 1754 ὅλον
1810 1699 1943 1770 φθα-

338 1794 597 1863 ρήσεται.
630 1792 742 1845 Καὶ
773 1791 855 1855 τίς
884 1790 951 1844 ἂν
982 1792 1046 1845 οὐ
1079 1793 1301 1862 συνήσει
1332 1791 1395 1845 τὸ
1431 1792 1668 1858 ἄτοπον;
1698 1790 1941 1862 Φανερὸν

334 1886 473 1953 ἄρα,
504 1885 586 1937 ὅτι
635 1887 752 1939 ὅσοι
785 1882 887 1954 τὴν
935 1883 1066 1953 μίαν
1115 1884 1419 1938 ὑπόστασιν
1451 1883 1549 1937 τοῦ
1579 1881 1822 1955 Χριστοῦ
1857 1882 1936 1945 ὡς

2039 592 2173 678 unio
2187 600 2292 660 est,
2311 600 2499 665 ethua‘.
2512 597 2805 666 uniuntur,
2826 602 3028 659 unione
3043 606 3323 664 uniuntur.
3346 610 3437 666 Sic
3457 615 3625 669 etiam

2039 690 2211 738 totum
2233 685 2472 755 partium
2500 695 2673 742 totum
2706 695 2812 755 est,
2838 700 2891 746 et
2920 701 3104 762 partes
3130 696 3295 752 totius
3318 709 3518 767 partes.
3552 703 3629 759 Ea

2037 789 2200 845 porro
2223 792 2347 846 quae
2376 778 2444 834 ad
2478 779 2686 850 aliquid
2710 791 2862 849 sunt,
2898 787 2943 840 si
2976 802 3148 842 unum
3178 804 3243 843 ex
3272 789 3338 846 iis
3360 801 3482 847 acto
3519 800 3629 859 est,

2039 881 2266 923 necesse
2283 880 2388 936 est,
2421 879 2475 925 et
2498 872 2732 927 alterum
2754 888 2895 929 esse.
2922 875 3060 931 Cum
3106 879 3290 950 itaque
3307 881 3513 939 Christi
3545 883 3631 939 in-

2038 952 2265 1030 tegritas
2322 971 2377 1016 et
2420 964 2554 1019 unio
2599 976 2723 1020 actu
2759 976 2863 1033 est,
2894 978 3059 1024 erunt
3093 978 3148 1025 et
3190 982 3374 1042 partes
3407 978 3634 1030 omnino

2038 1061 2188 1117 actu,
2218 1061 2486 1109 eteorum
2510 1056 2827 1112 discrimen.
2864 1057 2977 1116 Hoc
3012 1062 3058 1116 si
3091 1077 3279 1118 verum
3302 1077 3404 1129 est,
3439 1083 3634 1137 quent-

2038 1142 2333 1199 admodum
2381 1161 2569 1201 verum
2635 1157 2739 1213 est,
2809 1151 2901 1221 qui
2945 1168 3054 1207 non
3111 1155 3403 1212 confitetur
3452 1169 3635 1229 partes

2043 1242 2123 1289 tot
2150 1250 2292 1303 esse,
2326 1252 2508 1308 neque
2535 1247 2709 1295 totum
2750 1240 3019 1298 fatebitur
3048 1260 3192 1310 esse,
3240 1249 3335 1303 scd
3387 1250 3625 1319 partium

2041 1325 2348 1383 diﬁcrentia
2380 1330 2618 1400 sublata,
2650 1341 2823 1388 totum
2847 1350 3069 1407 quoque
3097 1339 3362 1395 destruet.
3405 1343 3468 1397 Et
3499 1344 3631 1413 quis

2042 1418 2346 1475 absurdum
2410 1423 2487 1477 rei
2536 1425 2895 1499 ineptumque
2924 1445 3033 1486 non
3067 1432 3285 1501 rapiet?
3321 1433 3475 1491 Patet
3524 1438 3632 1493 ita-

2041 1527 2148 1581 que
2169 1530 2285 1579 eos,
2310 1514 2405 1584 qui
2437 1531 2604 1571 unam
2632 1518 2838 1577 Christi
2866 1521 3227 1592 hypostasim,
3252 1528 3420 1581 veluti
3451 1536 3629 1584 totum

2042 1607 2316 1677 quoddam
2362 1626 2429 1665 ex
2499 1613 2702 1669 deitate
2754 1622 2809 1670 et
2864 1614 3205 1672 humanitate
3264 1623 3628 1690 compositum

2044 1701 2394 1771 profitentur,
2433 1715 2617 1773 partes
2648 1707 2786 1763 duas
2815 1708 3027 1765 scilicet
3052 1720 3277 1769 naturas
3309 1717 3628 1771 necessario

2044 1790 2313 1858 fassuros,
2350 1793 2477 1849 licet
2503 1809 2600 1851 vos
2624 1797 2677 1851 id
2712 1798 2990 1855 abnuatis.
3041 1800 3196 1866 Quod
3246 1813 3434 1859 sancta
3465 1804 3632 1860 Chal-

2040 1883 2366 1939 cedonensis
2405 1888 2648 1956 synodus
2675 1887 3277 1962 palam-promulgavit.

331 1979 466 2033 ὅλον
500 1996 554 2032 τι
583 1980 650 2032 ὲκ
691 1977 947 2048 θεότητος
996 1978 1089 2032 καὶ
1124 1976 1565 2050 Ιάνορωπότητος
1633 1976 1999 2049 συγκειμένην
2032 1976 2382 2048 ὁμολογοῦσι,
2427 1980 2521 2034 καὶ
2566 1981 2637 2035 τά
2681 1982 2824 2054 μέρη
2873 1984 2968 2037 δύο
3004 1984 3196 2053 φύσεις
3245 1986 3451 2044 εἴποιεν
3476 1990 3542 2045 ἂν
3571 1992 3633 2058 ἐξ

333 2073 611 2142 ἀνάγκης,
643 2072 750 2126 κᾶν
784 2073 946 2144 ὑμεῖς
982 2072 1060 2145 μὴ
1113 2072 1402 2144 βούλησθε,
1450 2073 1587 2143 ὅπερ
1619 2073 1652 2144 ἡ
1696 2074 1756 2125 ὲν
1793 2071 2101 2143 Χαλκηδόνι
2135 2071 2265 2140 ἁγία
2310 2073 2533 2139 σύνοδος
2566 2076 2785 2146 τρανῶς
2818 2074 3152 2150 ὲξεφὼνησε.

318 2202 329 2208 -
414 2165 488 2240 η’.
518 2167 591 2220 Τὸ
618 2166 677 2221 δὲ
712 2166 876 2222 πάλιν
915 2166 1223 2237 λέγειν,ὅτι
1260 2167 1331 2223 Ἠ
1375 2165 1625 2237 τετάρτη
1665 2165 1931 2231 σύνοδος

2106 2166 2164 2222 8.
2194 2166 2466 2223 Ρτωιετεε
2513 2168 2649 2223 illud
2710 2171 2863 2237 item,
2924 2181 3169 2241 quartam
3222 2173 3483 2242 synodum
3526 2191 3633 2230 una

330 2258 661 2328 συμφωνεῖ
682 2259 763 2325 τῷ
787 2257 1115 2329 Νεστορ[ῳ’,
1146 2259 1237 2314 ὅτι
1269 2258 1380 2314 δύο
1402 2259 1623 2329 φύσεις
1644 2258 1938 2325 λέγουσα,

334 2352 622 2418 κάκεῖνος
656 2352 943 2418 ὡσαύτως
968 2352 1079 2407 δύο
1104 2353 1323 2422 φύσεις
1350 2352 1547 2421 λέγων
1563 2390 1579 2415 ,
1619 2347 1942 2419 ὁμοφρονεῖ

333 2446 426 2511 τῷ
482 2444 806 2513 Νεστορίῳ.
865 2443 1044 2513 Πλὴν
1087 2442 1477 2512 διαφέρονται
1536 2444 1628 2508 είς
1697 2443 1771 2494 τὰ
1823 2439 1936 2494 δύο

334 2534 660 2603 πρόσωπα,
699 2533 938 2588 ἐκείνου
971 2532 1096 2603 ⁷μὲν
1145 2534 1437 2603 λέγοντος
1481 2533 1593 2587 δύο
1621 2533 1937 2602 πρόσωπα,

334 2622 538 2692 αὐτῆς
581 2623 649 2676 δὲ
683 2622 1059 2691 δοξαζούσης
1102 2622 1206 2677 ἓν·
1255 2624 1357 2678 καί
1404 2624 1505 2679 διὰ
1562 2623 1740 2678 τοῦτο
1795 2622 1940 2690 τοὺς

335 2714 714 2782 ὀρθοδόξους
751 2713 1139 2786 χλευάσασα,
1200 2714 1293 2769 ὅτι
1355 2716 1429 2770 οὐ
1476 2714 1822 2784 συμφρονεῖ
1859 2714 1940 2780 τῷ

331 2806 682 2874 Νεστορίῳ,
741 2804 969 2860 αὐτόθεν
1029 2806 1422 2878 φανερωτάτην
1473 2806 1590 2877 ἔχει
1651 2807 1751 2877 τὴν
1814 2808 1940 2861 ἐπί-

336 2897 514 2969 ληψιν
573 2900 640 2951 ὲκ
714 2894 813 2951 τοῦ
889 2914 984 2950 σου
1055 2897 1254 2967 λόγου,
1324 2897 1408 2951 ὅτι
1481 2900 1584 2968 οὑχ
1644 2898 1942 2969 ὁμοφρονεϊ

337 2993 427 3063 τῷ
491 2990 807 3065 Νεστορίῳ,
865 2989 1051 3055 καθὼς
1100 2991 1420 3062 ψευδοεπῶν
1468 2995 1823 3062 κατηγορεῖς.
1873 2991 1939 3046 Ei

338 3086 459 3158 γάρ
506 3086 535 3138 ό
564 3087 663 3156 μὲν
710 3086 804 3140 δύο
852 3086 1123 3157 πρόσωπα
1166 3086 1401 3153 δοξάζει,
1436 3085 1679 3156 δηλονότι
1714 3085 1939 3150 καὶτὰς

334 3178 441 3231 δύο
462 3177 653 3248 φύσεις
693 3177 1112 3249 κεχωρισμένας
1161 3175 1566 3239 ίδιοσυστάτους
1597 3174 1764 3238 οὑσας
1802 3176 1934 3246 ὁμο-

339 3269 514 3339 λογεῖ,
544 3270 633 3324 διά
669 3287 753 3324 τοι
778 3269 939 3323 τοῦτο
967 3270 1062 3322 καὶ
1080 3269 1180 3341 τὴν
1212 3269 1410 3323 ἕνωσιν
1443 3267 1649 3321 τούτων
1680 3267 1938 3338 σχετικὴν

337 3362 516 3431 λέγει.
561 3362 628 3414 Ἦ
657 3361 713 3415 δὲ
742 3361 877 3429 ἁγία
904 3360 1146 3424 σύνοδος,
1178 3360 1254 3424 ὼς
1287 3362 1353 3414 σὺ
1386 3361 1515 3432 φὴς,
1550 3359 1611 3413 ἓν
1645 3359 1937 3428 πρόσωπον

334 3451 440 3505 καὶ
484 3450 616 3521 μίαν
648 3449 949 3504 ὑπόστασιν
1000 3448 1357 3515 Θεσπίζουσα,
1409 3448 1647 3519 φανερὸν
1695 3450 1781 3501 ὅτι
1835 3447 1937 3509 τὰς

2010 2273 2016 2277 ·
2045 2274 2166 2312 cum
2217 2256 2469 2313 Nestorio
2501 2261 2717 2323 sentire,
2752 2261 2896 2331 quod
2926 2263 3062 2317 duas
3090 2276 3316 2319 naturas
3345 2266 3583 2334 fateatur
3612 2283 3633 2322 :

2038 2350 2289 2404 similiter
2315 2352 2480 2405 etiam
2528 2354 2649 2405 cuiu
2693 2353 2942 2408 Nestorio
2970 2356 3293 2410 concordare
3334 2359 3635 2430 quicunque

2016 2440 2180 2494 Aduas
2234 2452 2461 2498 naturas
2514 2444 2715 2513 fatetur
2746 2460 2765 2500 :
2796 2447 2851 2500 in
2882 2465 2943 2502 eo
2979 2453 3344 2504 tantummodo
3392 2452 3631 2522 diﬂ‘erre,

2038 2536 2178 2604 quod
2206 2535 2296 2589 ille
2321 2535 2475 2602 duas,
2513 2538 2750 2607 synodus
2786 2556 2946 2592 unam
2976 2551 3186 2595 tantum
3227 2559 3509 2612 personam
3545 2556 3627 2599 te-

2014 2633 2186 2687 .neat,
2220 2634 2270 2678 et
2308 2641 2400 2693 per
2428 2624 2482 2678 id
2518 2625 2702 2693 fucum
2733 2628 3043 2682 orthodoxis
3079 2630 3286 2699 fecisse,
3320 2630 3543 2698 jactans
3571 2648 3627 2684 se

2040 2730 2073 2766 a
2108 2713 2364 2768 Nestorio
2392 2714 2698 2781 dissentire,
2728 2730 2794 2769 ex
2849 2724 2941 2770 tua
2990 2717 3165 2786 ipsius
3200 2718 3450 2771 oratione
3478 2733 3636 2787 apere

2040 2807 2253 2862 tissime
2288 2806 2556 2862 refellitur
2577 2847 2594 2874 ,
2626 2806 3128 2879 comprobaturque
3166 2824 3287 2864 eam
3317 2824 3345 2863 a
3377 2807 3636 2863 Nos-torio

2042 2900 2374 2967 discrepare,
2415 2899 2518 2955 etsi
2557 2899 2675 2969 ipse
2723 2899 2864 2955 falso
2891 2916 3011 2954 eam
3051 2899 3385 2956 criminaris.
3419 2900 3633 2953 Etenim

2039 2988 2350 3045 Nestorium
2381 2990 2523 3046 duas
2569 3000 2795 3047 naturas
2841 2992 3247 3047 existimantem
3306 2992 3486 3061 palam
3548 3001 3634 3045 est

2039 3083 2179 3138 duas
2210 3091 2437 3138 naturas
2462 3083 2712 3139 diversas
2760 3100 2857 3154 per
2907 3099 2967 3138 se
3018 3078 3383 3139 subsistentes
3428 3084 3630 3139 fateri:

2040 3174 2274 3245 ideoque
2303 3188 2495 3229 eorum
2557 3176 2817 3229 unionem
2884 3175 3191 3231 secundum
3251 3176 3632 3230 habitudinem

2041 3276 2222 3322 vocat.
2265 3267 2463 3322 Sancta
2522 3284 2653 3322 vero
2680 3270 2947 3340 synodus,
2985 3279 3041 3324 ut
3074 3278 3128 3324 tu
3167 3270 3269 3336 ais,
3305 3284 3469 3323 unam
3503 3285 3630 3339 per-

2010 3376 2233 3416 sonam
2269 3372 2323 3415 et
2382 3376 2546 3415 unam
2586 3362 2926 3432 hypostasim
2970 3362 3245 3427 sanciens,
3300 3362 3439 3417 duas
3472 3371 3636 3416 natu-

2010 3465 2137 3505 .ras
2167 3451 2220 3504 in
2283 3466 2391 3505 una
2442 3466 2675 3520 persona
2723 3467 2820 3521 per
2872 3453 3172 3506 essentiam
3223 3462 3277 3507 et
3331 3453 3636 3507 secundum

332 3542 537 3611 φύσεις
558 3543 619 3596 ὲν
667 3540 745 3613 τῷ
772 3542 855 3595 ἐνὶ
883 3539 1165 3612 προσώπῳ
1202 3540 1478 3606 οὑσιωδῶς
1512 3542 1608 3595 καὶ
1648 3539 1772 3595 καθ’
1803 3539 1939 3594 ὑπό·-

2046 3544 2395 3615 hypostasim
2442 3545 2644 3609 unitas,
2686 3555 2746 3598 ut
2791 3545 2909 3613 ipse
2942 3544 3074 3599 mihi
3110 3546 3439 3615 persuadeo,
3476 3562 3630 3601 asse-

333 3652 536 3689 στασιν
560 3633 848 3706 ἡνωμένας
870 3635 1007 3705 φαίη
1034 3634 1120 3690 ἄν’
1157 3635 1216 3688 οὑ
1241 3634 1351 3705 γὰρ
1373 3634 1440 3689 ἂν
1469 3634 1645 3698 άλλως
1677 3633 1934 3704 ἐγχωρεῖ,

331 3725 438 3781 δύο
470 3725 660 3796 φύσεις
698 3725 881 3795 λέγειν
911 3727 968 3779 ἐν
1002 3726 1084 3778 ἑνὶ
1120 3725 1400 3797 προσώπῳ
1445 3727 1543 3781 καὶ
1579 3728 1680 3797 μιᾷ
1706 3729 1774 3796 τῇ
1806 3727 1939 3779 ὑποο

306 3819 555 3885 -στάσει,
601 3820 651 3872 εί
689 3818 765 3890 μὴ
816 3816 941 3871 καθ’
979 3817 1281 3872 ὑπόστασιν
1320 3817 1416 3872 καὶ
1457 3816 1733 3879 οὑσιωδῶς
1765 3817 1939 3887 ἥνων-

330 3928 479 3968 ται.-
506 3912 571 3966 Εἰ
616 3910 675 3964 δὲ
706 3910 887 3977 τοῦτο,
925 3911 1160 3983 φανερὸν
1183 3910 1454 3966 δέδεικται
1490 3910 1557 3964 ὲκ
1589 3908 1686 3964 τοῦ
1718 3909 1815 3963 σοῦ
1845 3910 1936 3964 λό-

331 4020 466 4074 γον,
512 4004 596 4058 ὅτι
626 4003 687 4057 οὑ
727 4003 1148 4074 κεχωρισμένας
1178 4003 1279 4068 τὰς
1305 4003 1498 4073 φύσεις
1528 4003 1623 4058 καὶ
1649 4002 1749 4065 τὰς
1783 4002 1937 4073 ἐνερ-

331 4096 499 4166 γείας
550 4097 647 4150 ἐπὶ
691 4096 935 4168 Χριστοῦ
986 4096 1199 4169 λέγειή
1243 4096 1379 4167 ἁγία
1424 4098 1521 4153 καὶ
1571 4094 1934 4167 οίκουμενικὴ

340 4189 585 4260 τετάρτη
642 4187 860 4253 σύνοδος
883 4229 900 4256 ,
954 4188 1071 4244 ἀλλ’
1102 4190 1393 4261 ὴνωμὲνας
1446 4188 1573 4244 καθ’
1610 4189 1932 4243 ὑπόστασιν.

338 4280 460 4335 Καὶ
487 4280 667 4345 άλλως
713 4280 776 4333 τὸ
800 4280 956 4335 αὑτόο
1018 4280 1082 4335 Ei
1121 4280 1209 4334 διὰ
1260 4280 1358 4353 τὴν
1385 4280 1582 4335 ἕνωσιν
1610 4280 1707 4335 καὶ
1741 4281 1933 4351 μόνην,

333 4371 492 4441 λέγω
532 4372 598 4444 δὴ
639 4372 740 4444 τὴν
793 4372 914 4427 καθ’
958 4373 1259 4427 ὑπόστασιν
1284 4413 1298 4438 ,
1354 4373 1405 4426 οἱ
1445 4373 1546 4443 τῆς
1607 4372 1936 4443 Ἐκκλησίας

332 4460 598 4535 τρόφιμοι
637 4462 994 4537 διαφέρονται
1018 4462 1098 4534 τῷ
1141 4463 1445 4533 Νεστορίῳ,
1481 4460 1667 4526 καθὼς
1698 4467 1796 4516 καὶ
1820 4463 1849 4515 ό
1874 4464 1933 4516 ὲν

302 4556 523 4625 -άγὶοις
554 4554 825 4626 Κύριλλος
856 4556 1077 4625 φάσκει,
1107 4557 1203 4610 καὶ
1242 4555 1304 4609 οὑ
1325 4554 1415 4609 διὰ
1442 4553 1544 4618 τὰς
1571 4553 1667 4609 δύο
1716 4552 1932 4624 φύσεις,

304 4648 408 4702 -σῦ
455 4646 513 4700 δὲ
549 4646 712 4711 αὐτὸς
761 4647 919 4717 ἔφης,
975 4647 1057 4700 ὃτι
1114 4647 1149 4717 ἡ
1203 4645 1422 4709 σύνοδος
1483 4644 1807 4716 διαφέρεται
1853 4644 1935 4716 τῷ

332 4738 627 4809 Νεστορίῳ
655 4738 800 4792 κατὰ
826 4738 887 4791 τὸ
921 4737 980 4792 ἓν
1019 4738 1332 4807 πρόσωπον,
1380 4736 1477 4791 καὶ
1528 4736 1598 4791 τὰ
1639 4735 1752 4801 δύο,
1793 4736 1932 4807 ὅπερ

304 4832 490 4884 ’ποιεῖ
525 4830 587 4882 τὸ
624 4829 723 4900 μὲν
759 4828 839 4896 ἓν,
869 4829 984 4883 τῶν
1018 4828 1237 4899 φύσεων
1268 4829 1368 4900 τὴν
1400 4828 1617 4895 ἕνωσιν,
1651 4828 1721 4883 τὰ
1745 4828 1804 4882 δὲ
1834 4828 1933 4883 δύο

330 4922 439 4993 τὴν
470 4920 761 4993 διαίρεσιν
793 4920 1030 4993 φανερὸν
1075 4921 1158 4974 ὅτι
1191 4920 1334 4974 κατὰ
1360 4919 1422 4973 τὸ
1448 4919 1609 4991 ὀρθὸν
1654 4920 1928 4991 τῆςμἘκ-
1961 4919 2010 4945 "-

2006 5017 2263 5073 'tentiam
2299 5016 2568 5087 synodum
2616 5012 2872 5069 Nestorio
2904 5009 3207 5077 adversari,
3240 5022 3418 5079 eoque
3475 5015 3628 5076 patet

2001 5108 2449 5165 ‘evidentissime
2476 5105 2724 5162 eamdem
2751 5119 2876 5160 cum
2911 5119 2978 5159 eo
3008 5117 3119 5157 non
3155 5100 3472 5157 convenire.
3513 5097 3620 5151 lm—

333 5014 575 5084 κλησίας
617 5012 938 5084 διαφέρεται
968 5014 1003 5084 ἡ
1045 5011 1267 5077 σύνοδος
1299 5012 1378 5083 τῷ
1430 5011 1737 5083 Νεστορίῳ.
1773 5013 1836 5066 El
1870 5012 1929 5065 δὲ

328 5104 518 5168 τοῦτο,
571 5103 815 5176 δηλονότι
846 5104 969 5158 οὐδὲ
1020 5107 1322 5176 συμφωνεῖ.
1360 5104 1586 5168 ’Λδίκως
1627 5103 1737 5176 ἄρα
1777 5104 1929 5176 παρὰ

332 5195 439 5249 σοῦ
471 5200 915 5265 συκοφαντεῖται.
953 5197 1064 5250 Καὶ
1098 5197 1180 5251 ὅτι
1215 5196 1372 5251 τοῦτο
1402 5196 1623 5268 ἀληθὲς,
1657 5196 1934 5267 Κυρίλλου

330 5289 577 5343 ἄκουσον
598 5288 737 5359 πρὸς
772 5288 1031 5358 Εὑλόγιον
1059 5289 1126 5342 δι’
1156 5289 1450 5359 ἐπιστολῆς
1478 5289 1670 5352 αὑταῖς
1698 5287 1930 5353 λέξεσινο

342 5380 895 5450 Ἐπιλαμσὰνονταί
911 5398 1072 5448 τινες
1087 5381 1199 5450 τῆς
1209 5381 1523 5447 ἐκθέσεως,
1541 5378 1624 5449 ἢν
1635 5380 1927 5448 πεποίην-

220 5474 229 5478 ’
326 5489 435 5528 ται
457 5475 510 5527 οι
550 5474 917 5528 Ἀνατολικοί
936 5491 951 5505 ·
990 5475 1091 5528 και
1122 5491 1309 5544 φασι*
1350 5473 1455 5529 Διά
1482 5473 1541 5527 τί
1564 5472 1676 5527 δύο
1707 5472 1926 5542 φύσεις

324 5564 750 5634 ὀνομαζόντων
791 5565 1013 5632 αὐτῶν,
1055 5566 1355 5638 ἠνέσχετο
1409 5565 1508 5620 καί
1543 5566 1848 5635 ἐπῄνεσεν
1894 5569 1928 5622 ό

323 5657 449 5724 τῆς
484 5657 941 5728 Ἀλεξανδρείας
956 5675 976 5725 ;
994 5661 1060 5713 0i
1085 5657 1153 5712 δὲ
1180 5660 1252 5714 τὰ
1275 5659 1604 5728 Νεστορίου
1626 5657 1924 5729 φρονοῦν-

323 5767 436 5816 τες
487 5750 743 5820 λέγουσι
788 5752 1072 5808 κάκεῖνον
1114 5752 1271 5806 οὕτω
1301 5750 1569 5822 φρονεῖν,
1617 5750 1923 5821 συναρπά-

325 5841 540 5921 ζοντες
568 5845 713 5913 τοὺς
742 5846 855 5902 οὐκ
885 5845 1121 5912 ειδότας
1150 5845 1216 5901 τὸ
1239 5844 1501 5915 ἀκριϐές.
1536 5844 1661 5914 Χρὴ
1700 5841 1770 5898 δὲ
1798 5842 1924 5909 τοῖς

2006 3647 2301 3691 ~veratura
2332 3646 2412 3692 est
2441 3656 2454 3690 :
2486 3652 2664 3706 neque
2691 3636 2838 3691 enim
2876 3637 2992 3692 fieri
3046 3646 3225 3709 potest
3294 3638 3432 3693 duas
3463 3648 3631 3692 natu-

2043 3744 2133 3783 ras
2167 3729 2222 3783 in
2256 3743 2364 3782 una
2392 3744 2631 3798 persona
2696 3737 2752 3784 et
2787 3743 2897 3784 una
2934 3731 3217 3800 hypostasi
3262 3731 3468 3797 dicere,
3523 3730 3631 3785 uisi

2040 3835 2120 3876 ea:
2176 3822 2479 3875 secundum
2522 3821 2859 3892 bypostasim
2903 3833 2958 3877 et
2990 3822 3287 3877 essentiam
3342 3823 3626 3876 uniantur.

2040 3914 2194 3981 Quod
2225 3913 2270 3967 si
2306 3914 2356 3967 id
2392 3915 2596 3967 nemini
2622 3913 2852 3967 dubium
2884 3921 2987 3975 est,
3018 3927 3085 3967 ex
3133 3922 3223 3967 tua
3276 3912 3450 3982 ipsius
3510 3927 3631 3967 ora-

2041 4007 2190 4063 tione
2212 4007 2644 4070 demonstratur,
2676 4019 2786 4057 non
2806 4012 3093 4073 separatas
3140 4013 3366 4059 naturas
3392 4011 3445 4057 et
3470 4013 3629 4058 actus

2040 4099 2095 4155 in
2119 4099 2341 4153 Christo
2366 4099 2549 4152 dicere
2570 4104 2817 4151 sanctam
2863 4106 2916 4149 et
2944 4094 3339 4149 meumenicam
3372 4104 3625 4164 quartam

2038 4190 2333 4262 synodum,
2383 4187 2480 4243 sed
2528 4187 2714 4242 unitas
2741 4185 3044 4240 secundum
3108 4184 3468 4256 hypostasim.
3504 4184 3624 4239 Alia

2036 4282 2202 4338 etiam
2224 4280 2439 4335 ratione
2463 4278 2515 4333 id
2536 4278 2677 4333 idem
2705 4278 2992 4348 probatur.
3024 4275 3081 4331 Si
3109 4284 3332 4348 propter
3358 4276 3619 4331 unionem

2038 4372 2238 4439 solam,
2260 4385 2381 4426 eam
2415 4370 2702 4437 duntaxat,
2735 4384 2859 4439 qua:
2919 4368 3224 4423 secundum
3278 4368 3618 4440 bypostasim

2006 4472 2141 4530 'est,
2165 4473 2220 4519 et
2249 4478 2358 4519 non
2388 4474 2611 4533 propter
2645 4463 2783 4518 duas
2812 4470 3042 4518 naturas
3092 4459 3352 4517 Ecclesiae
3406 4462 3617 4515 alumni

2036 4572 2164 4614 cum
2199 4554 2454 4612 Nestorio
2483 4556 2839 4619 altereantur,
2891 4564 2954 4610 ut
2997 4562 3225 4610 sanctus
3263 4552 3500 4624 Cyrillus
3532 4566 3623 4607 re-

2038 4649 2165 4716 fert,
2200 4658 2256 4703 tu
2286 4663 2506 4720 quoque
2546 4648 2667 4719 ipse
2728 4645 3012 4702 allirmasti
3069 4645 3342 4719 synodum
3376 4643 3445 4700 de
3492 4659 3623 4714 pcr-

2008 4754 2174 4797 -sona
2208 4739 2366 4795 unica
2408 4749 2463 4794 et
2522 4739 2648 4794 bina
2702 4753 2827 4794 cum
2885 4737 3141 4793 Nestorio
3198 4737 3349 4792 litem
3399 4735 3622 4800 habere,

2036 4846 2270 4903 quarum
2304 4846 2412 4886 una
2456 4831 2715 4886 unionem
2749 4841 3072 4885 naturarum
3128 4826 3311 4894 ellicit,
3343 4828 3452 4881 duo
3483 4826 3623 4881 divi-

2039 4927 2275 4990 sionem,
2302 4925 2481 4997 palam
2503 4934 2610 5000 εει,
2644 4924 2947 4979 secundum
2978 4930 3180 4977 rectam
3209 4918 3469 4973 Ecclesia:
3496 4933 3628 4972 sen-

2035 5201 2237 5257 merito
2271 5201 2457 5270 itaque
2490 5200 2587 5253 abs
2620 5205 2674 5251 te
2702 5203 2757 5250 et
2812 5194 3156 5251 calumniose
3216 5188 3620 5263 proscinditur.

2033 5294 2151 5350 Hoc
2172 5307 2338 5363 porro
2366 5306 2555 5346 verum
2587 5304 2711 5344 esse
2764 5287 2893 5343 audi
2929 5302 2960 5342 a
3012 5285 3219 5358 Cyrillo
3266 5280 3497 5354 epistola
3550 5281 3622 5334 ad

2006 5384 2326 5456 Eulogium
2376 5384 2463 5439 bis
2501 5382 2691 5441 iisdem
2748 5381 2934 5437 verbis
2961 5381 3270 5448 loquentem
3301 5393 3315 5429 :
3350 5375 3616 5429 Accusant

2035 5476 2285 5534 nonnulli
2340 5475 2743 5545 expositionem,
2807 5490 2968 5544 quam
3005 5469 3310 5527 Orientales
3358 5469 3615 5537 fecerunt,

2034 5572 2309 5639 aiuntque,
2344 5567 2519 5633 Quam
2545 5567 2609 5620 ob
2641 5582 2860 5620 causam
2899 5566 3034 5618 duas
3074 5571 3296 5616 naturas
3327 5559 3439 5613 illis
3468 5572 3619 5611 asse-

2036 5659 2275 5717 rentibus
2298 5659 2577 5720 sustinuit,
2628 5670 3003 5726 assensumqne
3039 5653 3266 5724 praebuit
3300 5648 3620 5706 Alexandri-

2033 5753 2184 5809 nus?
2218 5752 2326 5816 Qui
2365 5766 2484 5805 vero
2520 5748 2832 5804 NestOrium
2855 5757 3167 5818 sequuntur,
3225 5744 3467 5806 tradunt,
3497 5756 3619 5795 eum

2032 5846 2129 5900 hoc
2160 5844 2298 5899 idem
2326 5851 2518 5909 tenere,
2548 5858 2657 5907 eos,
2687 5841 2777 5912 qui
2826 5856 2932 5896 rem
2959 5855 3157 5895 merum
3188 5855 3290 5895 non
3339 5841 3616 5898 noverunt,
