4064 6410
255 364 347 430 613

1125 359 1560 422 REFUTATIO
1596 357 1982 418 EPISTOLE
2025 358 2253 418 REGIS
2291 359 2680 421 ARMENL’E.

3409 359 3513 423 614

255 479 326 530 ἐνὶ
350 474 529 542 Λόγῳ,
557 473 726 542 ἦγουν
769 471 827 523 ὲν
865 473 932 542 τῇ
972 471 1072 542 μιᾷ
1113 470 1408 524 ὑποστάσει
1441 469 1704 540 Χριστοῦ,
1733 471 1822 523 ἀλ-

1930 479 2019 522 aut
2049 470 2327 539 proprium
2367 471 2682 532 consilium,
2711 479 2807 523 aut
2832 469 3226 537 bcncplacitum
3247 469 3512 527 fateretur

253 569 314 622 λὰ
349 566 484 620 κατὰ
529 562 816 634 ἀναφοράν
851 564 946 618 καὶ
995 563 1251 633 σχετικὴν
1282 563 1498 627 ἕνωσιν,
1527 563 1646 632 ἦτοι
1679 561 1822 614 κατὰ

1928 576 2050 616 esse
2082 560 2241 617 Verbi
2270 562 2336 617 ad
2372 578 2616 628 carnem,
2648 571 2703 618 et
2723 577 2818 616 eas
2843 565 3182 633 postmodum
3211 566 3510 620 secundum

254 661 478 727 ἀξίωμα,
511 657 544 728 ἢ
574 655 1002 722 ταυτοϐουλίαν,
1057 655 1093 724 ἢ
1143 655 1396 710 εὐδοκίαν
1448 655 1636 724 ἔλεγεν
1681 651 1821 708 εῖναι

256 751 338 805 τοῦ
367 751 538 818 Λόγου
585 747 722 818 πρὸς
754 746 855 817 τὴν
897 746 1100 816 σάρκα,
1133 748 1226 800 καὶ
1279 747 1382 801 άνὰ
1431 748 1598 818 μέρος
1648 746 1824 801 ταῦτα

261 841 410 897 ποιῶν
437 841 628 911 ἕτερον
677 835 816 894 εἶναι
862 839 956 892 τὸν
1005 840 1180 908 Λόγον
1218 839 1448 909 ἔφασκε,
1505 840 1596 893 καὶ
1637 839 1824 910 ἕτερον

258 933 335 986 τὸν
377 933 442 984 ὲκ
491 930 735 1002 Μαρίας,
767 930 862 982 καὶ
892 930 1255 1001 προσωπικὴν
1290 930 1483 982 ἕνωσιν
1519 929 1724 997 λέγων,
1759 929 1822 982 οὑ

250 1028 307 1079 τὸ
332 1025 714 1095 ταυτιζόμενον
761 1025 828 1093 τῇ
883 1023 1178 1077 ὑποστάσει
1207 1023 1522 1092 πρόσωπον,
1553 1023 1689 1092 ὅπερ
1731 1022 1826 1074 ἐπὶ

247 1115 336 1172 τοῦ
365 1117 708 1170 καθέκαστον
741 1116 1026 1186 ἁρμόττει,
1057 1115 1172 1169 ἀλλ’
1202 1117 1405 1186 ἑτέρως
1457 1116 1600 1168 κατὰ
1639 1115 1702 1167 τὸ
1747 1116 1827 1167 ol-

249 1213 384 1265 κεῖον
415 1209 665 1280 βούλημα
710 1206 965 1272 ὶδόξάζεν
1032 1202 1167 1278 (οἷον
1222 1207 1299 1271 ὡς
1347 1209 1478 1262 ὅταν
1507 1225 1592 1272 τις
1639 1209 1701 1262 τὸ
1729 1207 1824 1261 τοῦ

245 1304 426 1372 ἐτέρου
487 1300 856 1370 ὑποδυόμενος
931 1301 1270 1372 πρόσωπον,
1320 1301 1435 1354 ἀντ’
1473 1301 1641 1355 αὑτοῦ
1695 1304 1825 1364 τοὺς

243 1393 379 1464 ὑπὲρ
406 1391 569 1446 αὑτοῦ
597 1393 821 1461 ποιῆται
851 1392 1065 1461 λόγους,
1097 1392 1162 1463 ἢν
1191 1394 1253 1446 οὑ
1285 1392 1367 1445 δεῖ
1394 1393 1600 1464 κυρίως
1629 1394 1824 1448 ἕνωσιν

242 1487 510 1558 ἡγεῖσθαι,
560 1485 698 1540 ἀλλά
738 1485 997 1556 σχετικὴν
1038 1485 1234 1539 ἕνωσιν
1280 1485 1342 1538 τὸ
1393 1485 1534 1541 ὅλον.
1582 1486 1824 1540 Καλοῦσι

240 1579 348 1649 γάρ
397 1596 545 1643 τινες
591 1578 863 1650 πρόσωπα
909 1580 1009 1648 τήν
1061 1595 1225 1631 τινων
1282 1577 1466 1648 σχέσιν
1501 1577 1638 1646 πρὸς
1664 1577 1826 1648 ἀλλή-

238 1670 380 1734 λους.
419 1671 535 1725 Οὐκ
580 1671 769 1739 ἀγνοεῖ
798 1669 856 1722 δὲ
900 1670 934 1740 ἡ
979 1667 1241 1739 συνήθεια
1282 1667 1479 1722 τούτου
1513 1667 1610 1722 τοῦ
1655 1685 1822 1738 προσ-

235 1761 387 1816 ώπου
431 1762 492 1814 τὸ
527 1761 952 1833 σημαινόμενον.
993 1760 1242 1830 Λέγομεν
1267 1759 1378 1831 γὰρ
1425 1759 1516 1812 τὸν
1560 1759 1821 1829 ἄρχοντα,

1929 662 2111 723 partes
2172 654 2419 710 dividens
2443 692 2459 717 ,
2513 655 2661 708 aliud
2703 669 2825 709 esse
2846 653 3082 710 Verbum
3117 657 3429 724 atlirmaret,
3455 668 3512 713 et

1931 747 2101 812 aliud,
2146 747 2292 817 quod
2349 763 2417 802 ex
2473 746 2644 802 Maria
2679 757 2832 803 ortus
2877 763 3009 805 suos
3063 761 3406 819 agnosceret,
3454 762 3510 805 et

1932 839 2277 908 personalcm
2340 841 2604 895 unionem
2656 839 2958 896 decantatis
3034 855 3144 896 non
3191 856 3510 912 personam,

1931 946 2053 1000 qua:
2095 946 2205 986 una
2261 945 2384 984 cum
2417 930 2702 1000 hypostasi
2737 938 2844 996 est,
2877 941 2932 986 et
2951 931 3182 1002 singulis
3232 933 3510 997 convenit,

1933 1021 2027 1076 sed
2086 1021 2196 1076 alio
2248 1022 2431 1084 modo,
2461 1031 2520 1076 ut
2570 1022 2646 1076 illi
2680 1021 2986 1086 videbatur,
3022 1024 3314 1093 conlingat.
3347 1021 3512 1078 Verbi

1931 1115 2130 1184 gratia,
2165 1114 2332 1169 veluti
2357 1131 2480 1170 cum
2517 1116 2642 1185 quis
2668 1115 2896 1170 alterius
2921 1130 3212 1185 personam
3253 1115 3508 1181 induens,

1932 1206 2054 1260 loco
2103 1206 2246 1262 illitis
2291 1217 2344 1261 et
2405 1223 2503 1278 pro
2560 1206 2752 1262 eodem
2808 1222 3120 1263 sermonem
3167 1207 3350 1274 habet,
3387 1222 3510 1278 qua:

1932 1299 2152 1369 preprie
2177 1299 2306 1353 uuio
2333 1301 2576 1355 vocanda
2602 1316 2712 1355 non
2733 1309 2838 1366 est,
2865 1301 2961 1356 sed
3001 1316 3152 1356 mera
3207 1300 3508 1370 respectiva

1931 1390 2098 1456 unio;
2129 1391 2405 1460 appellant
2432 1392 2578 1445 enim
2617 1391 2864 1446 nonnulli
2889 1405 3155 1461 personas
3196 1391 3509 1462 aliquorum

1932 1483 2074 1539 inter
2119 1500 2178 1539 se
2239 1496 2543 1556 respectum
2592 1501 2687 1541 seu
2733 1486 3074 1552 relationem,
3113 1499 3214 1540 nec
3247 1501 3380 1541 usus
3439 1484 3511 1538 ab

1931 1576 2094 1646 hujus
2119 1590 2367 1646 persona:
2383 1577 2693 1647 signiﬁcatu
2730 1577 3028 1632 abhorret:
3062 1576 3298 1631 dicimus
3349 1591 3507 1630 nam-

1931 1681 2037 1736 que
2065 1667 2365 1737 principem
2391 1667 2534 1737 regis
2564 1667 2838 1722 sustinere
2870 1681 3161 1736 personam
3201 1683 3215 1720 :
3247 1681 3374 1721 cum
3422 1665 3509 1720 in-

1932 1775 2098 1830 quam
2128 1759 2230 1813 hac
2257 1760 2469 1813 ratione
2514 1757 2799 1813 Nestorius
2834 1758 3173 1828 personalem
3227 1757 3508 1828 proﬁtere-

237 1853 331 1906 τοῦ
361 1852 630 1924 βασιλέως
688 1853 909 1923 ἐπέχειν
953 1852 1016 1906 τὸ
1071 1853 1386 1923 πρόσωπον,
1423 1852 1567 1906 κατὰ
1596 1851 1756 1904 τοῦτο
1794 1852 1822 1903 6

1927 1858 2016 1904 tur
2070 1851 2352 1914 unionem,
2406 1860 2695 1920 propterea
2747 1849 2871 1920 jure
2901 1850 3098 1904 merito
3159 1850 3508 1904 anathemate

235 1945 531 2017 Νεστόριος
559 1945 660 2017 τὴν
686 1945 1046 2016 προσωπικὴν
1077 1942 1411 2014 ἐπρέσϐευεν
1449 1941 1691 2014 ἓνωσιν)·
1729 1943 1820 1997 διὰ.

234 2054 321 2090 τοι
360 2033 520 2090 τοῦτο
552 2035 778 2099 δικαίως
816 2034 894 2106 τῷ
941 2036 1249 2105 άναθέματι
1316 2034 1817 2104 καθυποϐέὸληται.

245 2128 310 2183 Ὀ
345 2129 402 2182 δὲ
435 2128 501 2198 δὴ
528 2126 717 2192 πάπας
757 2127 931 2192 Λέων,
973 2126 1162 2198 ἐπειδὴ
1196 2127 1287 2181 τὸν
1322 2126 1486 2181 αὑτὸν
1534 2126 1634 2182 ἕνα
1683 2127 1820 2197 Χρι-

235 2220 360 2274 στὸν
391 2221 486 2273 καὶ
515 2219 720 2292 Κύριον
761 2219 855 2272 καὶ
903 2217 1039 2272 Θεὸν
1077 2218 1236 2289 ἡμῶν
1269 2219 1329 2272 ὲν
1377 2219 1479 2290 μιᾷ
1520 2218 1820 2272 ὑποστάσει

232 2313 363 2365 ὅντα
399 2310 690 2384 ὡμολόγει,
738 2311 832 2366 τὸν
878 2313 975 2366 καὶ
1019 2309 1153 2364 Θεὸν
1195 2310 1319 2364 ὅντα
1365 2311 1461 2366 καὶ⁵
1510 2310 1818 2382 ἄνθρωπον,

230 2405 366 2458 Θεὸν
403 2405 500 2475 μὲν
523 2402 600 2468 ὼς
629 2403 926 2468 συναϊδιον,
972 2402 1068 2454 καὶ
1099 2400 1344 2471 άχρόνως
1374 2402 1437 2454 ὲκ
1473 2399 1569 2454 τοῦ
1608 2401 1822 2471 Πατρὸς

233 2495 459 2564 φυέντα,
484 2495 578 2550 καὶ
607 2493 894 2564 όμοοὺσιον
923 2492 998 2564 τῷ
1031 2511 1093 2548 τε
1129 2493 1250 2565 Θεῷ
1277 2494 1374 2546 καὶ
1400 2493 1601 2564 Πατρὶ,
1628 2494 1723 2546 καὶ
1743 2491 1822 2563 τῷ

230 2585 517 2656 Πνεύματι
567 2585 644 2655 τῷ
675 2585 838 2657 ἁγίῳ,
886 2585 977 2638 ἐπ’
1031 2585 1281 2656 ἐσχάτων
1323 2586 1381 2639 δὲ
1432 2585 1539 2639 τῶν
1595 2585 1820 2657 ἡμερῶν

227 2677 323 2732 διὰ
362 2678 461 2751 τὴν
507 2680 785 2750 ἡμετέραν
833 2678 1120 2750 σωτηρίαν
1161 2678 1343 2748 σάρκα
1383 2678 1671 2748 γεγονότα,
1700 2679 1822 2750 ἦτοι

229 2769 761 2842 ὲνανθρωπὴσαντα,
811 2770 906 2824 καὶ
978 2769 1315 2839 γεννηθέντα
1372 2771 1436 2824 ὲκ
1503 2768 1824 2840 Πνεὺματος

226 2861 392 2930 ἁγίου
436 2861 534 2914 καὶ
564 2861 788 2933 Μαρίας
818 2861 916 2930 τῆς
947 2859 1250 2932 Παρθένου,
1285 2857 1469 2925 καθὼς
1510 2861 1543 2928 ή
1575 2859 1823 2928 θεολόγος

227 2953 453 3021 γλῶττα
496 2955 773 3022 ὲκφωνεῖ,
817 2953 914 3006 καὶ
957 2951 1028 3006 τὰ
1077 2951 1242 3006 λοιπὰ
1297 2953 1469 3020 Λόγια
1518 2953 1820 3024 μαρτυρεῖ,

230 3044 340 3097 καὶ
391 3044 449 3097 αἱ
496 3043 606 3098 τῶν
652 3043 971 3098 ἀποστόλων
1011 3042 1188 3112 φωναὶ
1235 3041 1594 3111 ὑφηγοῦνται,
1637 3047 1738 3099 καὶ
1764 3043 1831 3110 at,

225 3135 344 3188 τῶν
373 3134 649 3204 θεοσόφων
682 3134 942 3206 Πατέρων
995 3133 1336 3188 διδασκαλίαι
1391 3135 1684 3206 τρανοῦσιο
1718 3151 1822 3205 φα-

225 3227 413 3299 νερὸν,
448 3228 532 3283 ὅτι
573 3228 600 3280 ό
640 3227 829 3290 πάπας
866 3227 1020 3282 Λέων
1051 3226 1191 3297 μετὰ
1217 3229 1316 3299 τῆς
1359 3227 1620 3298 ἀληθείας
1650 3228 1817 3299 έστη-

222 3336 318 3384 κε,
351 3319 447 3374 καὶ
479 3320 540 3374 οὑ
577 3321 860 3392 συμφωνεῖ
887 3320 964 3388 τῷ
999 3319 1306 3392 Νεστορίῳ.
1337 3321 1450 3374 Καὶ
1483 3321 1648 3375 πάλιν
1678 3321 1818 3392 γρά-

223 3428 324 3480 φει
371 3412 689 3482 Νεστόριος,
741 3413 824 3465 ὅτι
866 3412 1014 3481 Οὐχί
1053 3414 1087 3466 ό
1136 3413 1330 3482 Λόγος
1375 3412 1483 3469 τοῦ
1536 3413 1686 3470 Θεοῦ
1719 3411 1819 3466 διὰ

221 3503 448 3572 χειρῶν
496 3502 719 3572 Ἰωσὴφ
740 3502 900 3572 ῥάκη
922 3503 1198 3571 ἐνεδύθη,
1228 3504 1391 3558 ἀλλὰ
1417 3503 1484 3558 τὸ
1514 3503 1688 3573 σῶμα
1707 3505 1817 3559 τοῦ

219 3596 477 3663 Κυρίου.
527 3593 737 3665 Γράφει
771 3595 947 3660 Λέων,
995 3596 1079 3650 ὅτι
1122 3596 1181 3650 τὸ
1217 3595 1316 3667 μὲν
1348 3595 1563 3666 ἔλαμπε
1589 3597 1677 3651 διὰ
1704 3597 1816 3650 τῶν

221 3688 500 3758 σημείων,
537 3688 596 3742 τὸ
643 3686 700 3742 δὲ
750 3689 1031 3743 ὑπέπιπτε
1078 3691 1193 3752 τοῖς
1241 3690 1582 3762 παθήμασιν.
1626 3691 1818 3761 Ἐναρο

217 3778 472 3854 γέστατα
500 3778 590 3834 διὰ
631 3781 795 3852 τῆσδε
834 3781 936 3852 τῆς
970 3778 1254 3854 ’χρήσεως
1292 3782 1320 3834 6
1373 3781 1474 3852 μὲν
1521 3783 1816 3852 Νεστόριος

217 3870 391 3925 ἄλλον
422 3873 568 3926 ποιεῖ
590 3871 682 3926 τὸν
719 3872 853 3926 Θεὸν
884 3873 1080 3941 Λόγον,
1113 3872 1206 3927 καὶ
1237 3872 1397 3927 ἄλλον
1438 3871 1531 3926 τὸν
1582 3875 1647 3929 ἐκ
1694 3873 1816 3928 Μα-

216 3961 376 4031 ρίας,
430 3955 473 4029 ᾧ
514 3962 608 4015 καὶ
648 3962 834 4024 ίδικῶς
877 3963 1172 4034 πρόσωπον
1205 3963 1335 4017 ῐδιον
1371 3963 1672 4034 ὁμολογῶν,
1713 3965 1817 4034 ’1η-

216 4053 360 4106 σοῦν
389 4053 595 4109 ἐκάλει.
638 4053 786 4106 Ἔδει
816 4054 924 4126 γὰρ
948 4053 1132 4122 αὑτὸν,
1162 4055 1319 4125 εἰπερ
1349 4053 1664 4125 όρθοτόμως
1693 4053 1812 4107 ἔλε-

213 4161 350 4215 γεν,
385 4145 560 4211 οὑτως
587 4147 782 4202 εἰπεῖν’
811 4147 949 4218 Οὑχὶ
978 4149 1006 4202 6
1045 4147 1217 4217 Λόγος
1246 4146 1339 4200 τοῦ
1366 4146 1524 4210 Θεοῦ,
1553 4146 1690 4202 καθὸ
1718 4147 1816 4200 Λό-

212 4253 348 4304 γος,
376 4236 762 4308 ἀκατάληπτος
805 4241 900 4292 καὶ
947 4238 1363 4308 άπερίγραπτος
1407 4239 1501 4291 καὶ
1546 4237 1813 4302 συναῖδιος

211 4325 304 4397 τῷ
341 4326 516 4396 Πατρὶ
560 4325 657 4392 ὢν,
689 4327 834 4398 ῥάκη
900 4328 1128 4399 ὲνεδύθη
1180 4328 1286 4382 ὑπὸ
1317 4328 1519 4400 χειρῶν
1589 4329 1810 4400 Ἰωσὴφ,

209 4417 405 4489 ἀλλ’ἢ
443 4418 578 4473 καθὸ
610 4419 698 4473 διὰ
737 4422 836 4488 τὴν
879 4420 1159 4492 ἡμετέραν
1207 4420 1488 4490 σωτηρίαν
1525 4420 1813 4490 ἄνθρωπος

1923 1943 2067 2000 ictus
2101 1956 2206 2001 est.
2231 1948 2300 1999 At
2324 1945 2434 2001 Leo
2465 1944 2707 2015 pontifex
2741 1945 2993 2000 eumdem
3023 1961 3192 1999 unum
3217 1944 3501 2000 Christum

1920 2044 1974 2089 et
2003 2033 2320 2101 Dominum,
2377 2045 2432 2090 et
2462 2036 2630 2090 Deum
2689 2043 2936 2091 nostrum
2991 2037 3044 2091 in
3093 2051 3198 2091 una
3229 2037 3508 2108 hypostasi

1919 2143 2041 2184 esse
2081 2126 2380 2194 aiIirmans,
2440 2127 2611 2184 Deum
2662 2128 2827 2184 simul
2882 2136 2938 2184 et
2989 2129 3294 2194 hominem,
3332 2130 3503 2185 Deum

1922 2226 2254 2274 coarternum
2288 2218 2460 2284 Patri,
2512 2226 2566 2274 et
2599 2219 2808 2290 absque
2865 2231 3109 2290 tempore
3157 2235 3188 2274 a
3216 2219 3375 2276 Patre
3409 2237 3506 2292 ge—

1923 2312 2123 2374 nitum,
2147 2320 2203 2368 et
2265 2311 2515 2383 ejusdem
2548 2326 2674 2368 cum
2717 2312 2832 2368 Deo
2884 2322 2939 2367 et
2986 2313 3170 2378 Patre,
3205 2323 3260 2369 et
3295 2311 3505 2384 Spiritu

1922 2411 2116 2459 saneto
2183 2403 2472 2471 essentia);
2524 2404 2820 2474 postremis
2866 2419 2996 2460 vero
3055 2405 3251 2460 diebus
3282 2413 3508 2476 propter

1925 2504 2174 2553 nostram
2222 2496 2456 2552 salutem
2498 2511 2720 2551 carnem
2768 2496 2997 2562 factum,
3045 2498 3160 2551 sive
3201 2496 3502 2561 hominem,

1924 2595 2250 2660 prognatum
2284 2601 2350 2641 ex
2407 2582 2616 2656 Spiritu
2682 2595 2890 2650 sancto,
2921 2597 2977 2641 et
3040 2585 3207 2640 Maria
3259 2583 3500 2656 Virgine,

1925 2677 2388 2747 quemadmodum
2423 2676 2604 2730 divina
2663 2685 2908 2731 tractans
2943 2677 3124 2747 lingua
3149 2678 3419 2740 enuntiat,
3450 2687 3505 2731 et

1925 2768 2134 2838 reliqua
2157 2768 2373 2838 eloquia
2409 2774 2702 2835 testantur,
2734 2777 2788 2822 et
2815 2783 2976 2823 voces
3008 2769 3382 2840 apostolorum
3405 2768 3506 2820 do-

1925 2873 2072 2928 cent,
2103 2869 2159 2917 et
2183 2861 2368 2916 divina
2391 2860 2660 2930 sapientia
2709 2861 3062 2930 praeditorum
3091 2859 3315 2913 Patrum
3367 2858 3505 2913 duc-x

1927 2953 2070 3008 trina
2106 2961 2526 3017 commonstrat,
2556 2951 2941 3007 manisl‘estum
2979 2961 3059 3006 est
3104 2950 3341 3005 Leonem
3363 2965 3503 3020 pono

1927 3045 2124 3102 tiﬁeem
2157 3061 2188 3100 a
2216 3048 2448 3100 veritate
2476 3055 2643 3108 stare,
2668 3055 2722 3099 et
2782 3061 2906 3098 cum
2929 3043 3184 3100 Nestorio
3224 3058 3334 3098 non
3372 3057 3506 3097 con-

1927 3137 2180 3192 cordare.
2241 3136 2484 3191 Rursum
2517 3138 2711 3192 scribit
2757 3135 3091 3191 Nestorius:
3130 3133 3357 3189 Verbum
3405 3133 3503 3189 Dei

1921 3244 2013 3297 per
2029 3243 2216 3282 manus
2237 3225 2450 3297 Iosephi
2464 3229 2652 3297 pannis
2677 3230 2930 3283 amictum
2952 3245 3054 3283 non
3075 3237 3172 3294 est,
3195 3229 3285 3282 sed
3310 3243 3500 3296 corpus

1925 3319 2165 3386 Domini,
2223 3317 2336 3372 Leo
2394 3331 2599 3384 autem,
2662 3319 2767 3375 hoc
2827 3321 3048 3390 quidem
3095 3320 3503 3390 resplenduisse

1921 3411 2219 3477 miraculis,
2252 3411 2382 3466 illud
2411 3427 2539 3466 vero
2564 3411 2914 3481 passionibus
2940 3412 3241 3467 obnoxium
3300 3412 3496 3466 fuisse.

1917 3502 2272 3571 Apertissime
2303 3518 2398 3572 per
2437 3503 2550 3558 ιιωο
2589 3504 2754 3558 verba
2799 3501 3086 3559 Nestorius
3115 3503 3280 3558 alium
3329 3502 3500 3557 Deum

1925 3594 2159 3648 Verbum
2208 3595 2512 3660 constituit,
2567 3603 2623 3650 et
2647 3595 2816 3650 alium
2846 3610 2910 3650 ex
2945 3594 3112 3650 Maria
3142 3603 3494 3666 prognatum,

1919 3685 2008 3740 cui
2039 3693 2088 3739 et
2133 3685 2486 3756 singulariter
2529 3688 2802 3756 propriam
2841 3703 3126 3758 personam
3156 3689 3499 3744 constituens

1915 3775 2100 3832 Jesum
2121 3777 2470 3848 nuncupabat
2491 3793 2507 3831 :
2534 3779 2940 3844 debebatenim,
2960 3780 3006 3835 si
3034 3779 3159 3850 quid
3188 3780 3276 3833 ille
3293 3787 3499 3834 rectum

1917 3867 2221 3935 esprimere
2235 3867 2467 3935 volebat,
2487 3869 2808 3936 hacIratione
2819 3871 3128 3940 enuntiare;
3152 3870 3384 3925 Verbum
3407 3868 3499 3926 Dei

1916 3974 2024 4029 qua
2054 3957 2288 4012 Verbum
2312 3969 2395 4015 est
2413 3960 2964 4029 incomprehensibile
2990 3970 3044 4016 et
3083 3962 3497 4018 incircumscri-

1918 4057 2068 4118 ptum
2094 4055 2147 4104 et
2195 4049 2339 4105 Patri
2385 4061 2713 4104 coaaternum
2742 4091 2756 4116 ,
2789 4053 2984 4121 pannis
3018 4067 3126 4108 non
3153 4063 3236 4109 est
3261 4053 3498 4109 circum-

1921 4139 2200 4206 vestitum,
2221 4155 2314 4206 per
2335 4155 2531 4197 manus
2549 4137 2798 4214 Josephi,
2825 4159 2932 4213 qua
2976 4160 3103 4199 vero
3133 4156 3351 4215 propter
3397 4160 3497 4200 no-

1917 4241 2084 4285 stram
2107 4231 2335 4286 salutem
2353 4231 2514 4288 homo
2530 4230 2706 4289 factus
2723 4243 2806 4290 cst
2826 4251 2919 4306 per
2935 4235 3118 4291 omnia
3135 4236 3288 4292 nobis
3301 4236 3496 4291 similis

1917 4322 2125 4393 absque
2185 4332 2427 4394 peccato,
2475 4335 2530 4380 et
2559 4325 2758 4392 infans,
2805 4328 3002 4396 pannis
3050 4343 3145 4398 per
3167 4343 3364 4384 manus
3399 4325 3496 4383 Jo-

1917 4415 2071 4485 sephi
2089 4416 2378 4471 obvolutus
2392 4426 2494 4472 est.
2526 4415 2679 4484 Quod
2705 4433 2829 4473 cum
2857 4434 2965 4473 non
2991 4419 3158 4486 dicat,
3205 4421 3493 4474 manifesto

204 4511 445 4580 γέγονε,
481 4511 626 4564 κατὰ
673 4511 856 4566 πάντα
887 4514 1074 4584 ὅμοιος
1117 4514 1252 4584 ἡμῖν
1297 4512 1467 4583 χωρὶς
1513 4513 1810 4584 ἁμαρτίας,

1921 4508 2188 4564 evincitur
2231 4508 2560 4566 divisionem
2617 4511 2782 4566 unius
2811 4509 3012 4565 Christi
3046 4512 3354 4584 hypOstasis
3414 4513 3498 4566 in-

205 4603 319 4658 καὶ
360 4603 671 4674 νηπιάσας,
731 4604 950 4673 ἐνεδόθη
999 4605 1142 4674 ῥάκη
1195 4602 1298 4656 ὑπὸ
1347 4601 1546 4673 χειρῶν
1587 4601 1808 4675 Ἰωσήφ.

203 4694 416 4760 Οὕτως
461 4696 630 4767 δὲμὴ
664 4695 854 4764 είπὼν,
896 4696 1132 4768 φανερὸν
1183 4694 1263 4748 ὅτι
1309 4693 1576 4765 διαίρεσιν
1614 4694 1713 4764 τὴν
1750 4694 1812 4746 οὑ

201 4787 552 4860 πρέπουσαν
607 4790 906 4861 ἐποιήσατο
960 4787 1062 4859 τῆς
1139 4788 1267 4857 μιᾶς
1319 4787 1670 4850 ὑποστάσεως
1717 4785 1811 4838 τοῦ

197 4881 490 4952 Χριστοῦ,
526 4882 606 4944 εἰς
649 4881 741 4935 δύο
776 4868 1044 4952 πρόσωπα
1089 4881 1294 4950 ταύτην
1334 4878 1518 4950 τεμών
1543 4895 1557 4908 ·
1591 4877 1678 4931 διά
1724 4896 1808 4932 τοι

198 4972 385 5028 τοῦτο
438 4973 742 5045 ἀναθέματι
770 4974 998 5037 δικαίως
1026 4971 1528 5042 καθυποϐὥληται.
1569 4971 1628 5024 '0
1657 4969 1715 5022 δὲ
1747 4969 1812 5039 δὴ

195 5068 405 5129 Λέων,
441 5069 524 5120 ὅτι
561 5067 622 5120 τὸ
661 5069 759 5139 μὲν
794 5067 1008 5137 ἔλαμπε
1052 5067 1139 5120 διὰ
1178 5064 1286 5119 τῶν
1340 5063 1620 5134 σημείων,
1655 5064 1716 5116 τὸ
1753 5063 1811 5115 δὲ

195 5159 506 5213 ὑπέπιπτε
552 5161 666 5223 τοῖς
723 5159 1065 5230 παθήμασιν,
1105 5157 1167 5210 οὑ
1201 5156 1293 5208 δύο
1349 5156 1516 5226 φησιν
1563 5155 1678 5219 ὅλα,
1721 5153 1811 5207 ἵνα

191 5254 313 5306 καὶ
352 5251 618 5324 διαίρεσιν
660 5251 768 5306 τῶν
798 5251 1015 5321 φύσεων
1045 5249 1238 5322 είσάξῃ
1266 5247 1651 5310 ίδιοσυστάτως
1678 5247 1810 5299 θεω-

191 5342 490 5413 ροὺμενα,
520 5342 616 5396 καὶ
647 5342 737 5395 διὰ
772 5342 928 5395 τοῦτο
973 5340 1065 5394 δύο
1100 5340 1368 5410 πρόσωπα
1400 5337 1494 5391 καὶ
1548 5335 1642 5390 δύο
1679 5335 1810 5388 ὑπο-

191 5436 471 5501 στάσεις,
503 5435 640 5490 ἀλλὰ
692 5434 784 5488 δύο
833 5434 950 5497 ἐνὸς
998 5433 1122 5486 ὅλου
1164 5429 1619 5502 συμπληρωτικά.
1673 5427 1808 5482 Οὑδὲ

186 5528 332 5600 γὰρ
360 5524 612 5593 εἷπεν,⁹0
642 5527 764 5598 μὲν,
795 5526 892 5580 καὶ
921 5529 949 5579 6
975 5525 1051 5579 δέ’
1084 5523 1208 5578 οὐδὲ
1243 5522 1362 5594 (καὶ
1384 5522 1470 5575 ἴνα
1506 5539 1559 5575 τι
1590 5536 1806 5591 συγχω-

188 5623 398 5692 ρήσας
432 5619 606 5692 εἴπῃ),
626 5619 688 5672 τὸ
717 5619 838 5690 μὶν,
873 5616 1057 5680 ἁπλῶς
1099 5618 1228 5671 ἄνευ
1257 5613 1594 5688 προσθήκης,
1624 5613 1718 5666 καὶ
1747 5612 1808 5665 τὸ

186 5713 290 5768 δέ.
335 5712 498 5767 Ἀλλὰ
527 5714 582 5765 τί
621 5729 784 5784 φησι;
815 5712 889 5766 Τὸ
926 5711 1023 5782 μὲν
1056 5709 1246 5773 αὑτοῦ,
1282 5708 1462 5763 καὶτὸ
1494 5708 1572 5772 δὲ,
1620 5706 1807 5778 δηλον-

185 5808 293 5860 ότι
330 5807 499 5862 αὑτοῦ
531 5807 623 5861 διά
672 5824 816 5870 τινος
857 5808 951 5859 τοῦ
995 5805 1118 5860 ὅλου
1155 5805 1312 5874 φησὶ,
1343 5803 1403 5858 τὸ
1440 5803 1540 5874 μὲν
1568 5802 1629 5856 τὸ
1668 5819 1804 5874 συμ-

1922 4599 2132 4665 tulisse,
2174 4615 2294 4655 eam
2339 4600 2394 4655 in
2453 4599 2590 4656 duas
2636 4616 2904 4671 personas
2953 4601 3330 4666 subdividens,
3365 4615 3495 4670 pro-

1919 4692 2353 4762 ptereaquejure
2375 4695 2570 4748 merito
2598 4693 2945 4748 anathemate
2973 4693 3232 4749 subactus
3254 4705 3356 4749 est.
3384 4691 3496 4747 Leo

1918 4795 2102 4840 autem
2164 4785 2268 4841 hoc
2304 4785 2585 4840 miraculis
2616 4785 3040 4854 resplenduisse,
3077 4784 3223 4838 aliud
3251 4784 3498 4853 discipli-

1917 4879 2003 4932 nis
2029 4877 2307 4933 addictum
2337 4876 2533 4943 fuisse,
2558 4877 2766 4943 dicens,
2826 4892 2936 4932 non
2975 4877 3086 4930 duo
3130 4875 3308 4946 inquit
3354 4875 3493 4930 intc-

1916 4987 2010 5040 gra
2045 4986 2138 5040 per
2169 4984 2228 5025 se
2267 4969 2643 5035 subsistentia,
2679 4979 2736 5022 ut
2767 4978 2816 5024 et
2876 4968 3208 5024 divisionem
3272 4977 3494 5022 natura--

1914 5076 2036 5114 rum
2068 5059 2299 5125 afferat,
2331 5069 2726 5130 proptereaque
2759 5060 2896 5115 duas
2918 5075 3221 5130 personas;
3253 5069 3308 5114 et
3355 5062 3493 5114 duas

1915 5153 2276 5223 hypostases:
2317 5153 2410 5207 sed
2439 5153 2547 5206 duo
2574 5153 2738 5207 unius
2763 5152 2958 5222 integri
2989 5153 3316 5222 complctiva
3343 5169 3358 5219 ;
3395 5167 3488 5205 nc-

1912 5260 2020 5315 que
2064 5245 2210 5300 enim
2239 5244 2399 5310 dixit,
2426 5244 2514 5299 hic
2545 5254 2598 5300 et
2619 5244 2731 5311 ille,
2762 5261 2939 5315 neque
2962 5255 3021 5299 ut
3069 5244 3275 5314 aliquid
3322 5243 3486 5297 etiam

1911 5339 2236 5393 concederet
2285 5337 2390 5394 hoc
2421 5337 2741 5408 simpliciter
2771 5339 2981 5409 absque
3015 5337 3220 5402 addito,
3255 5344 3308 5390 et
3361 5336 3486 5389 hoc.

1912 5427 2111 5484 Verum
2145 5429 2248 5492 sic,
2273 5429 2373 5485 hoc
2406 5430 2626 5500 quidem
2658 5430 2824 5494 illius,
2861 5440 2914 5484 et
2943 5430 3046 5486 hoc
3074 5444 3224 5495 vero,
3253 5427 3357 5481 hoc
3403 5438 3490 5482 est

1910 5521 2057 5578 illius
2075 5521 2142 5576 de
2174 5521 2363 5591 aliquo
2393 5523 2601 5595 integro
2639 5537 2946 5578 sermonem
2983 5522 3211 5586 habens,
3245 5520 3348 5575 hoc
3369 5520 3497 5589 qu?-

1911 5616 2034 5671 dem
2078 5616 2154 5671 ait
2212 5617 2622 5686 completivum,
2675 5617 2804 5671 etin
2838 5615 3286 5686 compositionem
3317 5613 3490 5685 ipsius

1911 5717 2255 5779 assumptum
2286 5708 2596 5779 resplendet
2620 5708 2923 5773 miraculis,
2958 5709 3062 5763 hoc
3123 5720 3277 5769 vero,
3332 5705 3490 5759 simi-

1909 5800 2033 5856 liter
2075 5811 2127 5857 et
2161 5801 2337 5873 ipsum
2376 5801 2542 5857 totius
2601 5799 3009 5870 complctivum,
3043 5800 3094 5855 in
3135 5795 3502 5868 compositiov
