4064 6400
546 370 658 439 615
1836 371 2134 432 ΝΙΟΕΤΕ
2172 369 2583 430 ΒΥΖΛΝΤΙΝῙ
3721 370 3822 435 616

545 500 672 540 nem
733 483 880 540 illius
924 493 1215 555 acceptum
1272 485 1628 558 passionibus
1679 482 1982 538 obnoxium
2041 490 2145 536 est.

2220 479 2629 552 ,πληρωτικὸν,
2679 479 2773 532 καὶ
2822 480 2902 543 εἰς
2938 477 3035 550 τὴν
3077 478 3329 533 σύνθεσιν
3379 480 3544 534 αὑτοῦ
3585 483 3825 553 παραλη-

548 577 624 632 Ea
685 569 1002 648 quicunque
1065 579 1146 633 sic
1207 578 1487 649 intelligit,
1530 576 1992 648 quemadmodum
2026 581 2081 629 et
2113 588 2143 628 a

2257 574 2390 644 φθὲν
2418 573 2717 641 διαλάμπει
2742 574 2856 636 τοῖς
2879 571 3143 641 θαύμασι,
3174 574 3235 626 τὸ
3270 573 3325 627 δὲ
3352 574 3553 644 ὁμοίως
3585 577 3677 628 καὶ
3706 575 3831 630 αὑτὸ

543 678 740 736 sancto
762 671 1013 740 pontitiee
1029 669 1212 726 Leone
1229 681 1589 740 exponuntur,
1619 669 1664 724 is
1683 668 1816 722 nihil
1835 681 2012 736 neque
2032 665 2148 720 ine-

2259 663 2721 736 συμπληρωτικὸν
2751 663 2813 718 ὃν
2845 664 2938 717 τοῦ
2965 663 3088 718 ὅλου
3135 665 3194 718 ἐν
3223 667 3290 736 τῇ
3339 665 3589 720 συνθέσει
3625 667 3828 720 ἐκείνου

549 769 701 826 ptum
733 774 913 829 neque
932 761 1309 830 blasphemum
1339 758 1731 830 pronuntiabit.
1749 757 1990 811 Rursum
2013 754 2150 810 scri-

2257 757 2822 829 παραλαμϐανόμενον
2846 796 2861 822 ,
2925 755 3225 811 ὑποπίπτει
3275 758 3388 820 τοῖς
3447 756 3668 812 πάθεσι.
3719 760 3828 812 Καὶ

546 850 628 905 bit
649 849 962 908 Nestorius:
989 852 1055 906 Et
1088 853 1310 906 Verbum
1335 869 1456 906 caro
1475 852 1677 921 factum
1692 859 1789 914 est,
1825 860 1872 903 et
1900 846 2151 902 habitavit

2255 848 2430 912 οὕτως
2468 847 2700 914 νοοῦντι,
2730 848 2921 919 ὥσπερ
2943 847 3036 901 οῦν
3068 849 3162 902 καὶ
3197 849 3439 919 εἴρηται,
3471 850 3622 919 παρὰ
3651 849 3746 903 τοῦ
3781 853 3833 904 ὲν

550 934 606 998 ίιι
637 945 811 999 nobis.
834 946 940 1000 Leo
973 961 1136 1001 vero:
1173 945 1455 1014 Sapientia
1478 945 1762 1014 wdiﬁcavit
1794 943 1895 996 sibi
1917 946 2150 1006 domum,

2255 938 2434 1006 ἁγίοις
2474 938 2635 992 πάπα
2670 939 2922 1005 Λέοντος,
2943 938 3096 992 οὐδὲν
3126 938 3347 1006 ἄτοπον,
3373 937 3494 991 οὑδὲ
3520 937 3832 1011 βλάσφημον

552 1053 677 1092 nam
720 1037 943 1092 Verbum
990 1055 1116 1093 caro
1147 1042 1350 1108 [aetum
1408 1049 1508 1103 est,
1535 1049 1583 1091 et
1611 1037 1866 1091 habitavit
1895 1035 1950 1089 in
1981 1033 2149 1088 nobis.

2254 1031 2586 1100 ἀπαντήσει.
2617 1031 2728 1084 Καὶ
2758 1031 2922 1085 πάλιν
2945 1031 3150 1102 γράφει
3182 1031 3499 1101 Νεστόριοςο
3546 1032 3610 1084 '0
3650 1034 3833 1102 Λόγος

555 1128 666 1184 llas
690 1145 854 1185 voces
884 1145 1063 1200 neque
1088 1130 1293 1200 impius
1324 1130 1614 1185 Nestorius
1644 1144 1707 1184 ex
1733 1128 1971 1198 propriis
2002 1135 2151 1182 attu-

2253 1124 2412 1193 σὰρξ
2441 1124 2701 1194 ἐγένετο,
2751 1124 3255 1199 καμὲσκήνωσεν
3317 1126 3389 1178 ἐν
3436 1125 3602 1195 ἡμῖν.
3637 1127 3832 1198 Γράφει

554 1223 635 1287 lit,
665 1238 840 1292 neque
869 1223 984 1292 ipse
1005 1222 1116 1278 Leo
1166 1223 1418 1280 elocutus
1448 1231 1554 1288 est,
1584 1222 1676 1278 sed
1710 1237 1776 1276 ex
1804 1220 2002 1276 divinis
2039 1218 2149 1272 Lit-

2251 1218 2431 1284 Λέων,
2463 1219 2544 1271 ὅτι
2583 1218 2647 1274 Ἠ
2666 1219 2855 1287 Σοφία
2878 1217 3269 1286 ᾠκοδόμησεν
3291 1219 3478 1287 ἑαυτῇ
3506 1220 3706 1274 οἷκον·
3738 1222 3831 1276 καί

553 1314 688 1369 teris
718 1315 1055 1376 haurientes,
1082 1315 1135 1368 in
1158 1315 1376 1384 propria
1398 1313 1792 1368 commentaria
1820 1311 2148 1366 retulerunt.

2253 1310 2365 1379 γὰρ
2399 1315 2431 1364 ό
2457 1312 2649 1380 Λόγος
2687 1310 2846 1380 σὰρξ
2894 1311 3151 1380 ἐγένετο.
3207 1312 3302 1366 καὶ
3363 1311 3724 1382 ἐσκήνωσεν
3768 1314 3833 1367 ἐν

555 1404 949 1461 Verumtamen
981 1405 1268 1461 Nestorius
1302 1417 1497 1461 contra
1531 1406 1823 1461 consilium
1878 1404 2148 1482 ecclesia-

2251 1401 2417 1469 ἡμῖν.
2441 1399 2655 1463 Ταύτας
2696 1399 2796 1463 τὰς
2829 1401 3057 1472 χρήσεις
3089 1400 3216 1455 οὕτε
3245 1402 3544 1474 Νεστόριος
3581 1407 3610 1458 6
3640 1405 3831 1475 ἐναγὴς

553 1499 773 1563 sticum,
803 1508 856 1554 et
885 1515 950 1554 ex
988 1515 1087 1554 sua
1127 1501 1421 1571 depravata
1459 1509 1646 1563 mente
1682 1498 1854 1554 verba
1911 1514 2148 1568 evange-

2250 1493 2464 1547 οἴκοθεν
2499 1493 2853 1565 προεϐάλετο,
2901 1493 3026 1547 οὔτε
3087 1495 3194 1566 μὴν
3241 1498 3270 1549 ὁ
3319 1496 3475 1552 Λέων
3516 1499 3828 1568 ἐφθέγξατο,

552 1592 655 1646 lica
694 1594 933 1662 sumpsit
966 1611 979 1646 :
1045 1609 1303 1663 namque,
1351 1592 1579 1647 Verbum
1633 1608 1758 1645 caro
1796 1594 2001 1661 factum
2041 1602 2142 1658 est,

2251 1585 2366 1638 ἁλλ’
2398 1587 2463 1638 ἐκ
2510 1585 2608 1655 τῆς
2647 1585 2799 1648 θείας
2852 1585 3078 1657 Γραςρῆς
3121 1586 3400 1651 λαϐόντες,
3445 1591 3559 1652 τοῖς
3619 1590 3832 1654 οἰκείοις

556 1699 775 1740 sensum
807 1685 952 1740 hunc
979 1686 1126 1756 pium
1154 1687 1365 1739 obtinet
1399 1703 1412 1740 :
1447 1685 1590 1738 Idem
1613 1685 1858 1739 divinum
1886 1684 2146 1747 Verbum,

2252 1678 2688 1748 συγγράμμασιν
2726 1677 3012 1747 ἐνέθηκαν.
3060 1677 3203 1730 Ἀλλ’
3237 1680 3264 1731 6
3310 1679 3408 1748 μὲν
3439 1680 3729 1751 Νεπόριος
3771 1682 3828 1734 οὑ

561 1793 729 1830 unum
748 1793 811 1830 ex
833 1787 1022 1832 saneta
1047 1777 1246 1832 Triade
1267 1779 1543 1849 hypustasi
1571 1794 1692 1833 eum
1728 1777 2023 1832 mansisset
2044 1765 2148 1830 im-

2252 1773 2396 1824 κατά
2441 1770 2692 1841 βούλημα
2755 1770 3220 1841 ἐκκλησιαστικὸν
3259 1770 3322 1825 τὸ
3355 1771 3707 1841 εὑαγγελικὸν
3739 1776 3833 1844 ῥη·

561 1869 821 1924 mutabile
871 1870 1274 1937 immotumque
1342 1869 1485 1938 quod
1543 1880 1682 1932 erat,
1740 1868 1884 1921 Deus
1914 1867 2146 1931 scilicet,

2253 1863 2345 1916 τὸν
2380 1830 2686 1932 ἐξείληιρεν,
2729 1862 2865 1916 ἁλλὰ
2893 1830 3034 1916 κατὰ
3055 1862 3146 1915 τὸν
3177 1863 3372 1916 ἐαυτοῦ
3410 1830 3832 1935 διεστραμμένόν

557 1962 861 2031 assumpsit
897 1976 1119 2016 carnem
1151 1961 1450 2014 animatatn
1509 1962 1693 2014 anima
1734 1959 1963 2013 rationis
1993 1973 2148 2012 eom-

2252 1955 2399 2010 νοῦν.
2431 1956 2506 2009 Τὸ
2543 1957 2674 2028 γὰρ,
2722 1953 2784 2008 '0
2815 1955 3008 2024 Λόγος
3056 1954 3212 2023 σὰρξ
3264 1954 3533 2026 ἐγένετο,
3580 1949 3830 2028 τοιαύτῆν

555 2063 686 2126 potc
733 2063 787 2108 et
835 2055 1204 2118 iutelleetuali,
1234 2063 1287 2108 et
1316 2054 1457 2107 hanc
1480 2053 1676 2106 divina:
1710 2059 1916 2106 naturae
1949 2051 2001 2104 in
2024 2063 2151 2119 pro-

2252 2047 2367 2118 ἒχει
2397 2047 2598 2118 εὐσεϐῆ
2632 2047 2888 2102 διάνοιαν·
2922 2047 3005 2101 ὅτι
3046 2047 3210 2110 ari-:6;
3239 2047 3266 2100 6
3303 2046 3447 2112 θεῖος
3473 2048 3665 2118 Λόγος,
3690 2050 3718 2103 6
3752 2044 3829 2112 εἷς

556 2149 676 2218 pria
731 2147 1034 2219 hypastasi,
1078 2146 1296 2202 deitatis
1335 2161 1554 2214 nempe,
1588 2144 1784 2208 univit,
1844 2143 2147 2198 secundum

2252 2144 2318 2211 τῇ
2345 2142 2643 2194 ὑποστάσει
2665 2141 2766 2211 τῆς
2787 2140 2948 2210 ἁγίας
2974 2140 3230 2210 Τριάδῡς,
3273 2140 3462 2209 μείνας
3485 2139 3833 2203 ἀναλλοίωτος

560 2242 858 2296 essentiam
903 2249 958 2296 et
1004 2240 1342 2312 bypostasim
1407 2240 1612 2294 unione
1667 2237 1878 2303 eﬂ‘eeta,
1943 2245 2004 2291 ut
2041 2251 2150 2290 una

2254 2233 2351 2286 καὶ
2387 2231 2678 2303 ἄτρεπτος,
2718 2232 2854 2302 ὅπερ
2895 2226 2966 2302 ἦν
2987 2271 3002 2296 ,
3043 2230 3176 2295 Θεὸς
3211 2230 3479 2301 δηλονότι,
3510 2229 3835 2302 προσείληφε

558 2334 874 2405 liypostasis
909 2335 1025 2404 ipse
1056 2341 1178 2404 post
1202 2332 1659 2393 incarnationem.
1700 2333 1782 2385 vel
1809 2340 2148 2400 assumptum

2255 2327 2436 2398 σάρκα
2501 2325 2862 2398 ἐψυχωμένην
2904 2324 3050 2396 ψυχῇ
3113 2324 3308 2395 λογικῇ
3367 2325 3464 2378 καὶ
3510 2325 3697 2395 νοερᾷο
3747 2325 3837 2377 καὶ

558 2423 842 2477 hominem
904 2423 1224 2478 crederetur
1263 2422 1413 2475 nullo
1484 2420 1861 2475 additatnento
1901 2435 2152 2489 personae

2253 2422 2459 2492 ταύτην
2512 2422 2693 2492 ἥνωσε
2722 2423 2789 2492 τῇ
2823 2421 2943 2492 θείᾳ
2983 2419 3142 2488 φύσει
3189 2419 3248 2471 ἐν
3277 2421 3343 2490 τῇ
3378 2418 3560 2491 οἰκείᾳ
3602 2418 3841 2472 ὑποστά-

565 2528 729 2572 aucta
768 2526 958 2572 saneta
1001 2516 1296 2584 'l‘rinitate,
1330 2516 1378 2570 is
1409 2531 1538 2571 cum
1577 2529 1741 2570 carne
1787 2515 2150 2584 comprehen-

2257 2533 2364 2582 σει,
2391 2516 2635 2587 δηλονότι
2666 2515 2765 2585 τῆς
2805 2514 3081 2584 θεότητος,
3133 2511 3368 2583 οὑσιὼδη
3421 2513 3518 2567 καὶ
3559 2513 3685 2567 καθ’
3716 2511 3833 2565 ὑπό·

557 2607 731 2672 ditur,
761 2617 946 2663 etest.
999 2607 1113 2663 Hoc
1171 2623 1335 2662 sensu
1363 2606 1570 2662 dictum
1628 2607 2000 2674 evangelicum
2058 2620 2152 2660 ex-

2257 2622 2446 2659 στασιν
2484 2606 2581 2676 τὴν
2607 2606 2803 2658 ἕνωσιν
2851 2605 3254 2674 ἐργασάμενος,
3282 2602 3357 2666 ὡς
3393 2602 3520 2673 μίαν
3548 2601 3843 2655 ὑπόστασιν

560 2699 764 2768 quisita
800 2699 1127 2768 sinceraque
1160 2697 1420 2753 Ecclesia:
1449 2698 1840 2752 commentazio
1873 2698 2150 2767 interpre—

2256 2699 2417 2754 αὑτὸν
2465 2698 2598 2752 ὄντα
2661 2695 3020 2751 πιστεύεσθαι
3065 2697 3160 2749 καὶ
3205 2697 3343 2766 μετὰ
3389 2694 3488 2766 τὴν
3547 2694 3843 2765 σάρκωσιν,

559 2797 729 2842 tatur.
753 2788 834 2842 Ad
862 2787 995 2843 illud
1028 2803 1154 2843 vero
1181 2829 1197 2855 ,
1234 2788 1487 2842 habitavit
1520 2789 1576 2840 in
1613 2787 1783 2853 nobis,
1809 2797 1954 2841 recte
1975 2788 2154 2842 Theo-

2255 2795 2373 2864 ήτοι
2423 2791 2858 2861 ἐνανθρὼπησιν,
2902 2791 3003 2861 τῆς
3051 2789 3211 2858 ἁγίας
3253 2790 3481 2860 Τριάδος
3530 2787 3846 2858 προσθήκην

561 2878 723 2951 iogus
791 2882 973 2936 statim
1018 2881 1309 2950 subjunxit
1350 2889 1452 2936 :ut
1499 2879 1629 2946 duo,
1665 2896 1785 2949 qua:
1846 2880 2154 2950 signiﬁcan-

2253 2887 2356 2940 οὑκ
2377 2885 2766 2956 εἰσδεξαμένης
2795 2883 3116 2955 προσώπου,
3143 2886 3234 2938 καὶ
3262 2884 3404 2954 μετὰ
3437 2881 3649 2953 σαρκὸς
3681 2883 3846 2936 νοοῖτο

564 2982 673 3039 tur,
708 2972 1017 3045 intelligens
1043 2973 1407 3038 habitantem,
1454 2982 1509 3028 et
1539 2974 1591 3028 in
1627 2988 1736 3042 quo
1769 2972 2035 3027 habitatio
2069 2973 2148 3037 tit,

2255 2978 2350 3030 καὶ
2384 2975 2522 3029 ἐστι.
2552 2974 2740 3046 Ταύτῃ
2771 2977 2838 3045 τῇ
2875 2975 3054 3045 ἐννοίᾳ
3102 2975 3163 3027 τὸ
3211 2971 3568 3043 εὑαγγελικὸν
3618 2971 3780 3044 ῥητὸν
3815 2972 3846 3042 ἠ

562 3067 744 3138 ipsum
799 3068 853 3121 in
910 3083 1134 3122 carnem
1169 3068 1518 3121 innnutatum
1571 3081 1680 3120 non
1746 3065 1918 3123 fuisse
1969 3077 2152 3122 mente

2255 3069 2357 3139 τῆς
2396 3066 2725 3137 Ἐκκλησίας
2772 3065 3009 3138 ἀκριϐὴς
3040 3065 3293 3137 διάληψις
3331 3064 3637 3135 ἐξηγεῖται.
3676 3064 3746 3116 Τὸ
3775 3062 3847 3128 δὲ,

560 3159 868 3230 concipias,
903 3159 997 3215 sed
1033 3159 1214 3230 potius
1239 3159 1292 3212 in
1325 3174 1491 3214 carne
1528 3159 1888 3223 inhabitasse,
1937 3173 2000 3213 ac
2030 3169 2152 3213 tan-

2258 3160 2618 3227 ἐσκήνωσεν
2656 3160 2725 3213 ἐν
2776 3158 2943 3228 ἡμῖν,
2993 3158 3175 3223 καλῶς
3213 3175 3278 3226 γε
3313 3157 3485 3210 ποιῶν
3531 3159 3560 3210 6
3589 3156 3850 3224 Θεολόγος

563 3268 728 3323 quam
762 3253 984 3324 proprio
1014 3268 1173 3306 usum
1224 3267 1477 3321 corpore,
1503 3252 1648 3321 quod
1671 3266 1739 3304 ex
1804 3258 1992 3306 sancta
2027 3249 2154 3305 Vir-

2263 3252 2428 3315 εὑθὺς
2466 3252 2784 3322 ἐπήγαγεν,
2827 3249 2915 3302 ἵνα
2957 3248 3051 3302 δύο
3093 3249 3294 3319 νοήσας
3345 3246 3413 3301 τὰ
3455 3247 3850 3318 σημαινόμενα,

565 3343 690 3412 gine
721 3344 1052 3412 principium
1072 3343 1285 3408 habuit,
1319 3343 1542 3411 templo.

2258 3346 2350 3400 τόν
2380 3363 2439 3399 τε
2468 3344 2796 3417 σκηνοῦντα,
2829 3342 2928 3397 καὶ
2963 3341 3024 3394 τὸ
3069 3343 3126 3395 ἐν
3159 3335 3205 3411 ᾧ
3245 3342 3278 3410 ἡ
3332 3341 3632 3410 σκήνωσις,
3675 3341 3748 3411 μὴ
3778 3339 3854 3404 εἰς

565 3436 745 3506 σάρκα
792 3436 1224 3506 περιτετράφθαι
1280 3437 1478 3506 νοήσῃς
1535 3433 1720 3500 αὑτὸν,
1780 3435 2063 3508 σκηνῶσαι
2111 3419 2412 3512 δὲ’λμᾶλλον
2466 3440 2525 3494 ἐν
2555 3437 2722 3511 σαρκί
2767 3437 2843 3501 ὡς
2880 3435 2996 3506 ἰδίῳ
3033 3434 3526 3506 προσχρησάμενον
3599 3432 3834 3505 σώματι,

562 3527 642 3596 τῷ
677 3527 741 3579 ἐκ
781 3527 882 3594 τῆς
911 3525 1072 3594 ἁγίας
1114 3525 1392 3597 Παρθένου
1419 3524 1554 3595 ναῷ.
3439 3531 3446 3548 ¹

637 3619 724 3673 l0.
755 3618 892 3672 Cum
927 3633 1090 3688 porro
1108 3617 1176 3673 de
1203 3617 1296 3673 Dei
1322 3617 1482 3673 Verbi
1520 3618 1857 3675 habitatione
1893 3619 1948 3674 in
1992 3635 2158 3678 carne

2346 3628 2397 3676 ι’.
2439 3617 2661 3690 Ἐπειδὴ
2691 3615 2750 3671 δὲ
2782 3615 2912 3686 περὶ
2944 3613 3292 3681 σκηνώσεως,
3329 3612 3447 3684 ἦτοι
3483 3614 3857 3684 κατοικήσεως

564 3713 1014 3784 proprialoeulus
1033 3713 1103 3768 sit
1136 3712 1502 3782 Evangelista,
1527 3713 2006 3768 determinaudum
2051 3721 2154 3782 est,

2267 3709 2362 3764 τοῦ
2384 3708 2521 3762 Θεοῦ
2561 3706 2739 3776 Λόγου
2766 3705 2905 3776 πρὸς
2947 3705 3064 3775 τὴν,
3094 3709 3292 3757 ἐαυτου
3336 3704 3520 3775 σάρκα
3551 3702 3759 3776 ἐρῤέθη
3784 3702 3857 3772 τῷ

566 3813 700 3873 quot
763 3804 940 3858 modis
971 3803 1170 3858 dicitur
1199 3801 1341 3858 Deus
1363 3801 1417 3857 in
1449 3803 1608 3858 nobis
1640 3803 1951 3859 inhabitare
1981 3822 1995 3859 :
2063 3820 2160 3861 νο-

2266 3800 2650 3872 εὑαγγελιστῇ,
2677 3798 2978 3870 διοριστέον
3009 3799 3152 3852 κατὰ
3182 3801 3382 3860 πόσους
3400 3805 3645 3868 τρόπους
3672 3799 3698 3851 6
3730 3795 3859 3856 Θεὸς

566 3907 768 3950 cantur
828 3895 1100 3964 siquidem
1161 3903 1216 3950 et
1267 3895 1443 3950 sancti
1480 3895 1746 3966 templum
1803 3895 1920 3964 Dei,
1955 3897 2010 3952 in
2046 3911 2158 3969 quo

2266 3895 2488 3963 λέγεται
2517 3895 2748 3947 ἐνοικεῖν
2787 3895 2845 3945 ἐν
2872 3893 3027 3962 ἡμῖν.
3063 3891 3330 3960 Λέγονται
3370 3891 3481 3960 γὰρ
3507 3891 3600 3943 καὶ
3641 3893 3691 3945 οἰ
3720 3889 3860 3958 ἅγιοι

569 3989 709 4043 Deus
765 3989 1004 4044 habitat:
1035 3989 1127 4043 sed
1192 3989 1244 4042 in
1287 3988 1394 4044 illis
1443 3991 1660 4044 act-ioue
1709 3990 1956 4045 habitare
1997 3989 2166 4061 probe

2264 3987 2392 4052 ναὸς
2445 3986 2606 4052 Θεοῦ,
2651 3987 2710 4040 ἐν
2739 3978 2784 4053 ᾧ
2819 3985 2846 4038 6
2885 3983 3018 4048 Θεὸς
3071 3986 3341 4049 κατοικεῖ,
3389 3982 3507 4038 ἁλλ’
3559 3983 3618 4036 ἐν
3655 3983 3862 4044 τούτοις

570 4087 824 4148 recteque
847 4077 1070 4132 dixeris.
1107 4077 1344 4132 Vocatur
1413 4078 1541 4132 item
1581 4087 1636 4132 et
1687 4075 1852 4148 Virgo
1896 4078 2159 4148 templum

2267 4080 2388 4136 κατ’
2421 4079 2703 4151 ἐνέργειαν
2731 4078 2958 4149 φήσειεν
3005 4075 3072 4131 ἂν
3124 4076 3154 4129 6
3203 4076 3363 4147 ὀρθὸς
3398 4076 3554 4144 λόγος
3584 4075 3864 4147 εἰρῆσθαι.

568 4169 702 4223 Dei:
733 4170 788 4224 in
812 4170 932 4239 ipsa
966 4170 1167 4224 etenim
1200 4167 1347 4224 Deus
1378 4167 1622 4225 Verbum
1674 4171 1915 4226 essentia
1957 4171 2169 4226 habita-

2267 4174 2504 4243 Λέγεται
2558 4172 2616 4225 δὲ
2667 4171 2834 4236 πάλιν
2884 4169 2982 4224 καὶ
3024 4170 3058 4240 ἠ
3099 4169 3378 4240 Παρθένος
3407 4167 3536 4229 ναὸς
3576 4167 3738 4221 Θεοῦ.
3779 4167 3865 4218 Ἑν

570 4262 667 4324 vit,
702 4261 848 4331 quod
877 4261 1000 4330 plus
1045 4259 1213 4315 habet
1239 4268 1294 4315 et
1322 4260 1440 4316 sine
1469 4262 1880 4330 comparatione
1904 4262 2167 4318 eximium

2268 4267 2442 4339 ταύτῃ
2479 4266 2589 4338 γὰρ
2614 4267 2643 4319 6
2674 4264 2808 4328 Θεὸς
2835 4263 3010 4331 Λόγος
3041 4261 3318 4324 οὑσιωδῶς
3353 4260 3693 4331 κατῴκησεν,
3729 4260 3865 4328 ὅπερ

572 4368 687 4422 prae
718 4351 844 4406 aliis
874 4351 1084 4415 sanctis
1117 4369 1132 4417 ;
1169 4350 1226 4405 in
1293 4352 1516 4421 propria
1545 4365 1678 4406 vero
1713 4366 1901 4415 carne,
1948 4368 2056 4422 qua
2101 4363 2161 4408 ut

2267 4357 2430 4410 πλέον
2456 4357 2574 4409 ἐστί
2602 4354 2712 4409 τῶν
2761 4353 2966 4408 λοιπῶν
3015 4353 3208 4422 ἁγίων,
3247 4353 3343 4406 καὶ
3393 4352 3746 4422 ἀσυγκρίτως
3767 4366 3778 4380 ε
3811 4352 3866 4403 ἐν

576 4443 798 4512 proprio
824 4457 961 4497 usus
996 4452 1080 4497 est
1102 4455 1334 4510 corpore
1360 4456 1425 4495 ex
1456 4449 1646 4496 sancta
1677 4440 1900 4513 Virgine
1962 4445 2161 4513 templo

2267 4447 2327 4502 δὲ
2359 4449 2426 4518 τῇ
2461 4446 2642 4516 οἰκείᾳ
2675 4448 2862 4516 σαρκὶ,
2961 4445 3036 4508 ὼς
3069 4443 3257 4516 οἰκείῳ
3309 4445 3736 4515 προσεχρήσατο
3771 4439 3869 4494 σώ-

521 4583 526 4588 .
575 4533 884 4588 secundum
934 4533 1232 4586 essentiam
1261 4540 1316 4585 ει
1367 4531 1707 4602 hypostasim
1735 4533 1811 4586 illi
1847 4532 1989 4588 Deus
2028 4531 2126 4588 Ver

2275 4538 2522 4611 ματι,τῷ
2559 4541 2623 4611 ἐκ
2650 4539 2747 4606 τῆς
2779 4538 2944 4605 ἁγίας
2982 4537 3260 4608 Παρθένου
3295 4536 3432 4607 ναῷ,
3466 4533 3743 4598 οὑσιωδῶς
3778 4533 3873 4587 καὶ

576 4627 707 4682 bum
731 4627 964 4692 unitum,
997 4626 1248 4679 habitare
1276 4625 1499 4679 dicitur.
1520 4623 1585 4677 Et
1609 4625 1724 4679 haec
1746 4624 1965 4696 quidem
1987 4623 2175 4678 Eccle-

2279 4610 2404 4686 καθ’
2431 4610 2732 4684 ὑπόστασιν
2761 4629 2985 4693 ἐνωθείς
3041 4629 3192 4700 αὑτῷ
3244 4631 3272 4681 ὁ
3315 4628 3450 4691 Θεὸς
3485 4628 3659 4694 Λόγος
3686 4643 3876 4678 κατοι-

578 4722 672 4776 sine
698 4721 783 4788 pia
809 4719 1076 4774 sententia
1100 4727 1203 4772 est.
1238 4716 1343 4771 Sed
1370 4716 1653 4770 Nestorius
1691 4729 1946 4785 perverse
1971 4715 2175 4769 dictum

2280 4725 2398 4776 κεῖν
2424 4723 2482 4774 ἐν
2509 4721 2662 4792 αὑτῷ
2693 4721 2930 4789 λέγεται.
2968 4721 3077 4773 Καὶ
3127 4719 3304 4791 ταύτῃ
3354 4718 3452 4787 μὲν
3495 4717 3592 4786 τῆς
3638 4715 3877 4784 Ἐκκλη-

583 4812 820 4882 accepit;
840 4826 1094 4882 namque,
1125 4807 1348 4864 Verbum
1361 4825 1486 4861 caro
1504 4808 1702 4878 factum
1719 4817 1819 4872 est,
1840 4805 2182 4860 familiarita-

2283 4815 2401 4878 σίας
2435 4813 2495 4867 τὸ
2530 4812 2755 4881 εὑσεϐὲς
2794 4811 3147 4883 φρόνημα.”0
3172 4812 3228 4864 δὲ
3253 4809 3548 4878 Νεστόριος
3576 4807 3881 4876 διεστραμ-

583 4916 637 4960 ιε
670 4916 723 4960 et
742 4905 1002 4959 relatione
1019 4903 1320 4974 dignitatis,
1343 4911 1438 4955 aut
1458 4900 1707 4966 consilio,
1727 4908 1819 4954 aut
1842 4899 2180 4969 beneplacito

2283 4911 2463 4980 μένως
2487 4909 2548 4962 τὸ
2566 4908 2751 4978 ρητόν.
2806 4908 2881 4961 Τὸ
2912 4907 3044 4978 γὰρ,
3079 4905 3144 4958 '0
3187 4904 3379 4973 Λόγος
3415 4899 3573 4967 σὰρξ
3607 4895 3875 4967 ἐγένετο,

582 4998 789 5053 factum
826 4996 999 5052 fuisse
1055 4997 1235 5050 dixit:
1277 5010 1404 5048 cum
1461 4992 1602 5048 duos
1634 4993 1940 5048 constituat
1983 4992 2178 5060 Filios,

2279 5003 2336 5055 ἐν
2367 4999 2697 5064 οἰκειώσεως
2729 5001 2893 5071 λόγῳ,
2927 4998 3024 5052 καὶ
3051 4997 3192 5052 κατὰ
3230 4993 3514 5064 ἀναφορὰν
3539 4989 3873 5060 ἀξιώματος,

581 5093 816 5148 alterum
862 5091 1030 5144 Deum
1066 5089 1329 5150 Verbum,
1361 5101 1413 5145 et
1443 5091 1672 5144 alterum
1704 5087 2036 5158 singularem
2076 5086 2177 5140 ho-

2281 5094 2314 5164 ἢ
2346 5093 2760 5158 ταυτοϐουλίαν,
2793 5092 2826 5163 ἢ
2878 5091 3132 5145 εὐδοκίαν
3165 5088 3325 5142 τοῦτο
3366 5086 3494 5156 ἔφη.
3533 5081 3759 5152 Ἐπειδὴ
3782 5081 3874 5134 δύο

584 5187 789 5242 minem
849 5202 913 5240 ex
957 5185 1164 5252 Maria;
1208 5185 1287 5239 sic
1343 5194 1399 5238 et
1433 5182 1586 5248 illud.
1618 5182 1878 5235 habitavit
1904 5181 1960 5232 in
2007 5180 2178 5245 nobis,

2283 5188 2428 5241 ποιεῖ
2456 5186 2627 5251 υἱοὺς,
2663 5185 2822 5240 ἄλλον
2843 5184 2936 5238 τὸν
2959 5182 3092 5237 Θεὸν
3125 5182 3320 5251 Λόγον,
3348 5179 3445 5235 καὶ
3469 5177 3628 5234 ἄλλον
3658 5174 3757 5231 ἄνθ
3767 5193 3871 5246 ρω-

584 5277 934 5348 operatione,
1005 5285 1102 5331 aut
1153 5275 1498 5345 beneplacito
1552 5272 1886 5343 exponebat,
1921 5286 2091 5341 quare
2128 5280 2182 5324 et

2283 5297 2386 5332 πον
2418 5277 2620 5341 ἰδικὸν,
2663 5277 2756 5330 τὸν
2796 5279 2861 5347 ἐκ
2919 5275 3141 5347 Μαρίας
3166 5292 3180 5307 ⁸
3246 5272 3511 5334 ὡσαύτως
3552 5270 3610 5324 δὲ
3655 5268 3752 5322 καὶ
3792 5267 3869 5328 τὸ,

585 5387 784 5442 parum
839 5369 1118 5424 hominem
1151 5368 1475 5422 enuntiabat
1520 5363 1707 5421 Jesum
1745 5373 2180 5434 :proptereaque

2282 5369 2640 5436 ἐσκήνωσεν
2677 5369 2747 5423 ἐν
2787 5368 2954 5438 ἡμῖν,
3004 5367 3126 5422 κατ’
3180 5367 3488 5437 ἐνέργειαν,
3542 5362 3575 5433 ἢ
3624 5359 3871 5414 εὐδοκίαν

581 5464 706 5533 jure
739 5461 937 5516 merito
967 5461 1320 5515 anathemate
1361 5459 1502 5515 ictus
1544 5466 1648 5514 εει.
1689 5455 1798 5512 Leo
1819 5471 1946 5510 vero
1973 5455 2180 5522 dicens,

2283 5463 2558 5532 ἔφασκεν·
2617 5464 2740 5517 ὅθεν
2804 5465 2898 5518 καὶ
2944 5461 3100 5532 ψιλὸν
3153 5461 3442 5528 ἄνθρωπον
3484 5453 3755 5524 ὡμολόγει
3783 5451 3870 5503 τὸν

588 5553 868 5625 Sapientia
886 5554 1171 5624 wdiﬁcavit
1217 5554 1319 5607 sibi
1346 5553 1561 5606 domum
1588 5569 1607 5606 :
1633 5566 1754 5603 nam
1793 5548 2016 5603 Verbum
2055 5565 2180 5602 caro

2296 5552 2506 5622 Ἰησοῦν
2526 5570 2539 5583 ·
2564 5552 2653 5606 διά
2669 5569 2751 5605 τοι
2780 5551 2938 5605 τοῦτο
2951 5551 3178 5613 δικαίως
3209 5550 3285 5620 τῷ
3315 5547 3619 5617 ἁναθέματι
3637 5543 3869 5596 καθυπο⁸

591 5649 796 5718 factum
827 5656 926 5711 est,
959 5657 1009 5702 et
1050 5647 1312 5701 habitavit
1350 5646 1406 5699 in
1438 5645 1612 5710 nobis,
1646 5644 1734 5714 pie
1763 5642 2093 5712 intelligens,
2129 5651 2182 5696 et

2285 5644 2575 5714 ϐέϐληται..
2607 5645 2665 5698 '0
2704 5644 2762 5698 δὲ
2801 5644 2864 5714 δὴ
2889 5644 3043 5697 Λέων
3072 5643 3270 5710 λέγων,
3309 5642 3392 5694 ὅτι
3434 5637 3701 5706 Ἠσοφία
3727 5633 3873 5698 ᾠκοο

590 5741 661 5796 ad
684 5741 944 5797 Ecclesire
973 5751 1231 5808 mentem,
1263 5751 1322 5794 ut
1363 5749 1522 5794 antea
1552 5737 1978 5800 deelaravimus,
2009 5751 2114 5789 non
2150 5751 2178 5789 a

2285 5740 2554 5809 ὃόμησεν
2610 5737 2796 5805 ἑαυτῇ
2864 5731 3074 5790 οἶκον·
3127 5733 3223 5787 καὶ
3253 5732 3364 5802 γὰρ
3397 5733 3428 5784 ό
3479 5730 3670 5798 Λόγος
3718 5721 3871 5790 σὰρξ

590 5847 852 5906 perverso
905 5835 1144 5892 Nestorii
1204 5834 1479 5892 intellectu
1527 5831 1836 5903 abripitur,
1893 5839 2185 5909 propterea

2285 5834 2542 5903 ἐγένετο,
2607 5831 2703 5885 καί
2758 5829 3118 5898 ἐσκήνωσεν
3163 5827 3231 5881 ἑν
3269 5824 3434 5894 ἡμῖν,
3467 5815 3871 5890 εὑσεϐοφρόνως
