4064 6426
332 433 436 498 617

1190 428 1634 493 REFUTATIO
1674 428 2062 490 EPISTOL/E
2103 428 2336 490 REGIS
2363 428 2760 490 ΑΒΜΕΝΙΑΞ.

3499 422 3611 493 618

334 551 534 619 νοήσας
565 547 707 601 κατὰ
774 546 835 601 τὸ
871 544 1122 619 βούλημα
1151 548 1214 601 τὸ
1248 545 1732 618 ἐκκλησιαστικὸν,
1771 545 1799 600 δ
1830 546 1924 601 καὶ

2034 559 2204 615 neque
2235 544 2290 600 in
2314 545 2468 601 hisee
2491 558 2618 599 eum
2648 557 2717 599 eo
2746 542 3046 599 consentit.
3080 542 3287 608 Scribit
3322 540 3626 602 Nestorins

331 642 646 711 φθάσαντες
678 641 932 712 εἴπομεν,
982 642 1046 695 οὐ
1106 639 1487 709 συναπάγεται
1514 642 1583 713 τῇ
1625 640 1925 713 διεστραμ-

334 735 475 809 μένη
506 736 696 807 νοήσει
711 733 807 788 τοῦ
835 734 1139 806 Νεστορίου
1164 752 1179 766 ·
1214 734 1306 790 διά
1333 752 1417 789 τοι
1447 732 1608 787 τοῦτο
1634 733 1756 787 οὐδὲ
1788 750 1930 804 συμ-

331 831 524 900 φρονεῖ
545 826 699 898 αὐτῷ
731 830 788 881 ἐν
814 827 1051 892 τούτοις.
1093 828 1303 899 Γράφει
1347 825 1669 896 Νεστόριος,
1702 822 1801 889 τὰς
1829 823 1924 877 δύο

333 918 528 987 φύσεις
584 918 678 972 τοῦ
730 918 971 989 Χριστοῦ
1019 918 1292 989 χωρίζων,
1325 918 1409 972 δτι
1451 917 1644 986 Διπλῆ
1685 917 1858 971 ἐστιν
1887 917 1926 985 ή

329 1012 516 1081 φύσις
546 1013 637 1077 είς
657 1011 732 1066 ἓν
751 1010 1002 1081 ἀξίωμα.
1027 1012 1238 1083 Γράφει
1278 1009 1434 1064 Λέων
1454 1025 1469 1041 ο
1506 1009 1579 1064 Τὸ
1618 1009 1927 1078 πεινῆσαι,

330 1103 431 1156 καί
464 1101 746 1172 διψῆσαι,
803 1102 906 1157 καί
958 1101 1270 1166 κοπιάσαι,
1312 1100 1714 1170 ἀνθρώπινον,
1747 1101 1815 1156 τὸ
1862 1101 1933 1155 δὲ

329 1196 402 1250 ἐκ
429 1194 612 1250 πέντε
644 1195 839 1265 ἄρτων
882 1195 1109 1265 ἄνδρας
1150 1196 1691 1264 πεντακισχιλίους
1715 1193 1931 1265 χορτά-

329 1303 459 1356 σαι,
519 1287 622 1343 καί
668 1288 736 1343 τὸ
772 1288 932 1359 ὕδωρ
978 1289 1045 1342 τὸ
1078 1286 1191 1349 ζῶν
1215 1289 1583 1358 χαρίσασθαι
1630 1286 1706 1357 τῇ
1738 1291 1934 1359 Σαμα-

327 1379 562 1449 ρείτιδι,
596 1379 777 1435 τοῦτο
806 1380 1110 1447 θεότητος.
1161 1377 1301 1433 Ἀλλ’
1349 1381 1378 1434 ὁ
1423 1379 1524 1451 μὲν
1552 1379 1847 1451 Νεστόριος
1869 1380 1931 1434 ού

329 1472 420 1526 διά
456 1472 520 1525 τὸ
561 1473 761 1538 εἰπεῖν,
815 1470 1010 1540 Διετλῆ
1044 1473 1218 1526 ἐστιν
1252 1473 1292 1540 ἡ
1322 1472 1530 1541 φύσις,
1570 1472 1669 1543 ἤδη
1693 1471 1933 1526 κατακέο

330 1581 522 1636 κριται
556 1581 570 1594 '
597 1563 841 1618 πλεῖστοι
865 1563 977 1633 γὰρ
1003 1564 1142 1628 ὅσοι,
1185 1564 1388 1634 μᾶλλον
1415 1563 1472 1617 δὲ
1510 1563 1713 1627 πάντες
1740 1563 1792 1617 οἱ
1813 1562 1935 1617 θεο-

332 1655 493 1726 φόροι
523 1655 769 1727 Πατέρες
794 1654 948 1708 τουτὶ
1002 1653 1385 1726 διατρανοῦσιν
1413 1654 1510 1708 ἐπὶ
1560 1654 1825 1726 Χριστοῦ,
1851 1655 1934 1711 ὄτι

330 1747 558 1811 διπλοῦς
589 1744 679 1819 ἦν.
718 1749 831 1802 Καὶ
856 1747 1094 1801 ἄκουσον
1123 1746 1219 1801 τοῦ
1248 1748 1308 1801 ἐν
1334 1745 1589 1820 θεολογίᾳ
1626 1747 1933 1820 Γρηγορίου

329 1839 584 1909 λὲγοντος
607 1857 623 1872 ⁶
647 1839 918 1907 Διπλοῦς
940 1838 1043 1908 ἦν,
1068 1839 1202 1894 ἐπεὶ
1224 1839 1325 1893 καί
1352 1839 1663 1907 ἐκοπίασε,
1695 1839 1934 1895 middl-

2036 640 2173 695 duas
2204 639 2259 694 in
2280 638 2501 694 Christo
2523 646 2753 694 naturas
2774 652 3064 709 scparans:
3100 638 3306 709 Duplex
3330 649 3406 695 est
3430 652 3629 696 natura

2036 734 2091 787 in
2125 749 2233 787 una
2257 732 2539 803 dignitate.
2576 731 2779 787 Scribit
2809 729 2953 786 Leo:
2979 728 3213 802 Cumque
3229 732 3390 801 fame,
3430 735 3541 799 siti,
3575 742 3627 788 et

2038 826 2306 880 laboribus
2328 825 2673 896 depugnasse,
2697 827 2988 879 humanum
3017 834 3126 880 est:
3145 826 3372 896 quinque
3383 843 3501 881 vero
3528 845 3631 898 pa-

2038 917 2213 983 nibus,
2246 918 2474 988 quinque
2499 918 2770 971 hominum
2789 916 2964 971 millia
2989 927 3348 985 exsaturasse,
3372 928 3421 973 et
3436 936 3632 990 aquam

2037 1011 2210 1065 vivam
2229 1010 2592 1065 Samaritana:
2609 1009 2899 1081 elargitum
2930 1010 3118 1080 fuisse,
3139 1012 3236 1066 hoc
3271 1028 3390 1068 vero
3410 1014 3631 1067 deitatis

2037 1112 2136 1158 est.
2159 1101 2225 1158 Et
2240 1101 2523 1159 Nestorins
2548 1102 2791 1173 quidem,
2813 1120 2920 1158 non
2961 1104 3106 1175 quod
3133 1104 3348 1161 dixerat
3371 1122 3384 1158 :
3423 1104 3632 1174 Duplex

2039 1205 2117 1250 est
2169 1204 2388 1261 natura,
2452 1195 2576 1252 ideo
2625 1196 3031 1253 condemnatus
3059 1209 3145 1253 est
3185 1214 3199 1251 :
3234 1214 3359 1254 cum
3406 1199 3630 1269 plurimi

2038 1287 2203 1344 etiam
2227 1304 2296 1345 ex
2318 1289 2529 1346 sanctis
2558 1289 2821 1348 Patribus
2843 1291 2953 1349 hoc
2971 1290 3120 1348 idem
3145 1291 3215 1347 de
3232 1291 3453 1348 Christo
3474 1307 3631 1348 asse-

2041 1390 2326 1446 verarunt,
2398 1382 2672 1452 duplicem
2748 1399 2893 1441 esse.
2946 1385 3091 1441 Audi
3145 1384 3198 1440 in
3252 1384 3456 1443 divinis
3508 1401 3634 1457 per-

2044 1475 2345 1530 tractandis
2394 1476 2671 1545 egregium
2702 1476 3052 1550 Gregorium.
3098 1476 3310 1550 Duplex
3347 1489 3485 1547 erat,
3512 1481 3629 1550 ait;

2040 1582 2166 1621 nam
2187 1575 2237 1620 et
2267 1565 2555 1632 laborauit,
2586 1578 2635 1621 et
2660 1568 2855 1636 siticit,
2878 1569 3114 1641 aliaque,
3134 1587 3253 1642 qua:
3281 1587 3349 1626 ea:
3372 1572 3484 1645 lege
3520 1591 3634 1628 cor-

2039 1656 2185 1725 poris
2213 1656 2510 1724 tenebatur,
2544 1673 2824 1728 perpessus
2849 1671 2949 1716 est.
2985 1660 3093 1717 Sed
3133 1663 3279 1733 quod
3311 1665 3547 1732 addidit,
3575 1669 3633 1721 in

2041 1764 2149 1802 una
2179 1748 2459 1820 dignitate,
2490 1760 2680 1821 aperte
2699 1751 2905 1808 divisas
2932 1762 3159 1809 naturas
3182 1755 3434 1822 innuens,
3467 1767 3520 1814 et
3538 1776 3634 1829 per

2043 1853 2102 1893 se
2120 1838 2489 1895 subsistentes
2521 1839 2839 1907 enuntians,
2866 1850 2922 1897 et
2956 1845 3337 1913 respectivam,
3365 1862 3511 1913 eam,
3543 1849 3632 1902 in-

331 1933 521 2000 ψησε,
547 1932 647 1987 καί
670 1931 789 1987 ὅσα
815 1934 985 2002 νόμῳ
1014 1931 1292 2002 σώματος
1315 1928 1396 2005 ἦν
1413 1948 1428 1966 ο
1452 1931 1568 1986 ἀλλ’
1593 1932 1677 1987 ὄτι
1706 1932 1942 2004 ἐπήνεγ-

2044 1946 2237 2003 quam,
2271 1946 2437 2002 quam
2491 1933 2791 1989 secundum
2847 1934 3134 2004 dignitatis
3185 1937 3507 1994 relationem
3561 1941 3631 1996 ad

331 2041 451 2091 κεν,
484 2027 572 2090 εἰς
598 2023 672 2079 ἐν
705 2024 960 2096 ἀξίωμα,
1001 2024 1249 2097 ἐναργῶς
1291 2023 1577 2095 ύποδηλῶν
1608 2023 1707 2087 τὰς
1737 2024 1931 2095 φύσεις

331 2116 774 2188 κεχωρισμένας,
805 2119 900 2172 καὶ
929 2117 1336 2182 ίδιοσυστάτους
1383 2117 1575 2186 ποιῶν,
1616 2117 1711 2173 καὶ
1748 2135 1931 2189 σχετι-

331 2208 458 2280 κὴν,
491 2209 638 2279 λέγω
696 2209 763 2282 δὴ
811 2209 912 2282 τὴν
942 2210 1085 2265 κατὰ
1132 2209 1418 2282 ἀναφορὰν
1443 2210 1757 2283 ἀξιώματος
1786 2211 1928 2284 πρὸς

328 2301 425 2356 τὸν
450 2302 595 2356 θεῖον
647 2303 823 2372 Λόγον
878 2301 981 2374 τὴν
1027 2301 1378 2373 ἀνθρωπίνην
1419 2302 1582 2372 φύσιν
1610 2303 1709 2374 τὴν
1735 2304 1932 2360 ἕνωσιν

329 2394 672 2468 κεκτῆσθαι·
739 2394 832 2449 διά
887 2411 971 2449 τοι
998 2394 1160 2449 τοῦτο
1198 2396 1294 2449 καὶ
1320 2395 1652 2468 ἀπόϐλητος.
1691 2398 1751 2450 ὐ
1777 2397 1834 2451 δέ
1865 2398 1932 2469 δὴ

328 2487 484 2542 Δίων
515 2486 816 2558 όρθοδόξως
870 2487 934 2541 τὸ
977 2487 1080 2559 μὲν
1106 2486 1355 2558 διψῆσαι,
1387 2488 1482 2541 καὶ
1522 2488 1806 2558 πεινῆσαι,
1835 2488 1933 2542 καὶ

330 2580 594 2635 κοπιάσαι
614 2578 706 2633 τὸν
735 2579 975 2652 Χριστὸν
999 2579 1143 2635 κατὰ
1160 2580 1223 2633 τὸ
1248 2577 1593 2651 ἀνθρώπινον
1625 2578 1840 2650 εἴρηκε,
1869 2579 1932 2633 τὸ

326 2670 387 2726 δὲ
450 2670 947 2745 θαυματουργῑμαι
990 2672 1134 2728 κατὰ
1181 2672 1244 2727 τὸ
1293 2673 1477 2727 θεῖκδν
1506 2673 1673 2745 μέρος
1690 2671 1930 2738 ἐξέθετο.

328 2764 519 2840 Ταύτῃ
564 2768 631 2838 τῇ
670 2765 853 2838 ἐννοίᾳ
899 2766 934 2838 ὴ
992 2764 1258 2837 καθολικὴ
1305 2764 1608 2837 Ἐκκλησία
1664 2765 1761 2819 ἐπὶ
1803 2765 1933 2836 Χρι-

327 2857 457 2912 στοῦ
483 2861 624 2912 νοεῖν
654 2855 804 2931 ἡμᾶς
854 2858 1189 2925 ἐκδιδάσκει,
1222 2858 1290 2912 τὰ
1327 2858 1428 2929 μὲν
1473 2857 1712 2913 ταπεινὰ
1742 2860 1807 2931 τῇ
1836 2860 1932 2912 άν-

327 2948 642 3022 θρωπότητι
692 2951 1111 3021 προσάπτουσα,
1158 2949 1229 3005 τὰ
1262 2949 1321 3003 δέ
1365 2948 1548 3021 ὑψηλὰ
1583 2951 1650 3022 τῇ
1687 2948 1927 3021 θεότητι.

325 3040 577 3112 Εὐσεϐὴς
607 3042 716 3114 ἄρα
761 3043 792 3096 ὁ
835 3042 990 3097 Λέων
1023 3042 1428 3107 ἀποδέδεικται,
1466 3042 1562 3096 καὶ
1594 3042 1658 3115 ού
1699 3058 1930 3114 συμφω-

325 3133 436 3194 νῶν
451 3133 528 3204 τῷ
553 3133 859 3206 Νεστορίῳ,
888 3133 993 3189 κᾶν
1021 3135 1223 3201 ἀδίκως
1254 3137 1409 3208 παρὰ
1452 3134 1548 3189 σοῦ
1580 3135 1927 3205 συκοφαντῆ-

2037 2025 2285 2081 divinum
2313 2025 2552 2082 Verbum
2581 2028 2821 2081 hmnana
2864 2037 3059 2084 natura
3098 2032 3352 2086 unionem
3387 2034 3636 2103 possedit

2035 2118 2400 2185 conﬁrmans;
2418 2127 2819 2195 proptereaque
2846 2121 3191 2190 proscriptus
3228 2132 3330 2179 est.
3367 2122 3479 2180 Leo
3505 2140 3635 2181 vero

2039 2208 2179 2264 satis
2207 2210 2317 2280 pie,
2372 2221 2429 2266 et
2469 2226 2595 2266 cum
2648 2219 2798 2267 recte
2843 2212 3233 2281 sentientibus,
3276 2230 3405 2270 cum
3464 2215 3632 2285 fatue,

2033 2296 2149 2364 siti,
2177 2306 2233 2353 et
2260 2298 2544 2355 laboribus
2567 2299 2914 2370 depugnasse
2943 2301 3226 2359 Christum
3260 2305 3501 2367 humana
3528 2324 3633 2365 na-

2037 2398 2156 2444 tura
2189 2392 2449 2458 asseruit,
2479 2400 2537 2447 at
2567 2393 2835 2448 miracula
2884 2393 3133 2451 eth-cisse
3159 2396 3227 2452 de
3259 2398 3445 2455 divina
3478 2411 3635 2471 parte

2035 2482 2427 2553 interpretatus
2476 2492 2581 2539 est.
2631 2483 2845 2541 Similia
2908 2488 3183 2544 catholica
3259 2490 3507 2547 Ecclesia
3561 2494 3633 2550 de

2034 2574 2259 2631 Christo
2289 2592 2389 2633 nos
2428 2576 2626 2639 docet,
2671 2577 2900 2633 humilia
2948 2579 3279 2636 humanitati
3319 2583 3630 2649 ascribens,

2033 2667 2293 2724 sublimis
2328 2669 2520 2724 deitati
2551 2669 2859 2726 vindicans.
2913 2671 3011 2727 Pie
3054 2672 3240 2743 itaque
3282 2671 3393 2729 Lco
3442 2675 3630 2741 sentit,

2035 2761 2114 2817 uti
2145 2760 2586 2818 demonstratum
2609 2772 2718 2828 cst,
2749 2779 2851 2819 nec
2878 2778 3005 2820 cum
3058 2763 3313 2823 Nestor-io
3354 2768 3632 2830 convenit,

2031 2854 2160 2910 licet
2190 2869 2221 2909 a
2255 2863 2307 2909 te
2335 2855 2619 2912 immerito
2642 2855 2711 2912 de
2727 2871 2795 2913 eo
2825 2857 3206 2915 insimuletur.
3239 2859 3298 2916 Id
3339 2860 3388 2916 si
3420 2861 3494 2917 ita
3522 2874 3631 2931 est,

2031 2945 2236 3002 frustra
2265 2956 2562 3015 praetentus
2597 2949 2853 3018 praetexis
2895 2948 2950 3003 in
3000 2950 3267 3019 peccatis,
3299 2960 3356 3007 et
3381 2961 3633 3008 sanctam

2029 3046 2283 3109 quartam
2334 3037 2605 3108 synodum
2663 3038 2953 3110 ipsiusque
2986 3040 3220 3111 probam
3268 3043 3630 3098 assertionem

2030 3144 2140 3184 non
2173 3129 2398 3200 recipis,
2437 3144 2603 3199 quam
2640 3129 2733 3185 illa
2775 3129 2845 3186 de
2891 3132 3206 3186 oeconomia
3242 3130 3451 3187 Christi
3486 3149 3630 3203 prse-

325 3237 442 3282 ται.
477 3225 541 3279 Ei
572 3225 632 3279 δέ
689 3225 872 3290 τοῦτο,
937 3226 1120 3300 μάτην
1176 3226 1494 3301 προφασίζῃ
1532 3228 1838 3298 προφάσεις
1867 3228 1928 3279 ἐν

2034 3223 2258 3292 scripsit
2289 3240 2303 3276 :
2340 3238 2517 3292 neque
2542 3224 2690 3276 enim
2739 3237 2909 3277 unum
2941 3221 3223 3278 Christum
3265 3224 3320 3278 in
3351 3225 3462 3281 duo
3489 3226 3633 3282 divi.

326 3315 655 3389 ἁμαρτίαις,
715 3318 812 3374 καὶ
863 3296 967 3374 οὐκ
1023 3296 1268 3394 ἁποδέγῃ
1298 3296 1404 3392 τὴν
1432 3296 1599 3388 ἁγίαν
1653 3320 1928 3391 τετάρτην

2034 3313 2132 3376 dit,
2164 3320 2219 3366 et
2257 3327 2289 3366 a
2316 3312 2426 3366 Deo
2449 3312 2853 3381 separationem
2902 3312 3223 3378 introducit,
3270 3323 3328 3369 nt
3360 3322 3413 3369 tn
3443 3326 3633 3386 aperte

325 3408 573 3477 σύνοδον,
599 3411 697 3466 καὶ
723 3411 785 3466 τὸ
812 3413 943 3485 παρ’
970 3413 1144 3484 αὐτῆς
1185 3412 1347 3484 ὀρθὸν
1372 3413 1571 3483 δόγμα,
1613 3412 1674 3466 τὸ
1701 3411 1798 3465 ἐπὶ
1828 3412 1931 3483 τῆς

323 3500 645 3572 οίκονομίας
675 3503 916 3573 Χριστοῦ
931 3503 1174 3574 όρισθέν.
1202 3503 1282 3558 οὐ
1299 3503 1409 3575 γὰρ
1438 3503 1531 3558 τὸν
1562 3504 1659 3557 ἕνα
1686 3504 1927 3576 Χριστὸν

327 3594 413 3659 είς
440 3594 536 3649 δύο
560 3594 782 3665 διαιρεῖ,
808 3597 903 3650 καὶ
926 3597 1210 3669 χωρισμὸν
1242 3597 1352 3652 άπὸ
1392 3597 1531 3652 Θεοῦ
1569 3599 1814 3668 ἐμποιεῖ,
1852 3597 1932 3662 ὡς

327 3685 396 3739 σὺ
442 3688 698 3759 φανερῶς
719 3688 1012 3762 διαψεύδῃς
1048 3688 1251 3759 μᾶλλον
1280 3690 1382 3761 μὲν
1405 3685 1501 3744 οὖν
1544 3689 1681 3754 ἐνοῖ,
1708 3690 1807 3744 καὶ
1831 3688 1931 3760 βα-

330 3776 536 3842 σιλείας
566 3779 817 3851 οὐρανῶν
869 3782 1136 3851 πρόξενον
1161 3779 1259 3835 τόν
1278 3780 1487 3852 ταύτην
1506 3782 1762 3852 ἀσμένως
1781 3781 1922 3835 asto-

2032 3405 2316 3471 mentiris;
2350 3404 2602 3475 quinimo
2627 3403 2810 3475 potius
2859 3404 3000 3469 unit,
3056 3404 3436 3477 hospitemque
3479 3410 3630 3479 regni

2032 3498 2320 3562 caelorum,
2370 3497 2465 3569 qui
2538 3512 2661 3552 eam
2744 3496 2978 3553 libenter
3053 3495 3425 3569 amplectitur,
3493 3516 3631 3556 con-

2032 3590 2245 3657 stituit;
2270 3591 2318 3647 si
2359 3600 2415 3645 et
2437 3590 2559 3661 ipsa
2586 3598 2738 3645 recte
2789 3591 3036 3647 sentiens
3064 3605 3190 3647 cum
3222 3592 3430 3648 sanctis
3454 3593 3632 3648 tribus

2031 3685 2259 3757 synodis
2296 3682 2564 3750 decrevit,
2607 3683 2889 3754 probeque
2925 3683 3132 3741 Christi
3171 3686 3492 3759 mysterium
3525 3703 3630 3757 pu-

2030 3776 2276 3833 blicavit.

326 3869 622 3942 btxépevov
651 3871 999 3944 καθίστησιν,
1035 3874 1197 3945 εἴπερ
1241 3874 1335 3928 καὶ
1367 3873 1539 3945 αὐτὴν
1610 3873 1963 3944 ὁρθοφρόνως
2002 3869 2145 3942 μετὰ
2205 3868 2317 3923 τῶν
2388 3867 2563 3936 ἁγίων
2617 3869 2791 3941 τριῶν
2839 3867 3073 3922 συνόδων
3131 3867 3457 3940 ἐδογμάτισε
3535 3873 3630 3924 καὶ

322 3968 607 4039 ἐτράνωσε
638 3969 822 4034 καλῶς
843 3969 906 4023 τὸ
938 3970 1079 4024 κατὰ
1100 3970 1340 4042 Χριστὸν
1377 3974 1704 4043 μυστήριον.

398 4059 489 4116 ια’.
525 4062 680 4117 Ἐπεὶ
731 4063 791 4116 δέ
839 4063 902 4116 ού
957 4064 1122 4135 μόνον
1165 4066 1232 4119 ἐκ
1250 4063 1354 4135 τῆς
1401 4064 1765 4137 παραθέσεως
1810 4064 1923 4118 τῶν

325 4153 581 4223 χρήσεων
629 4155 726 4209 τοῦ
785 4158 1189 4228 ματαιόφρονος
1235 4158 1562 4231 Νεστορίου,
1610 4158 1709 4214 καὶ
1748 4158 1842 4213 τοῦ
1866 4160 1925 4212 ἐν

220 4250 246 4269 ⁸
322 4246 506 4313 ἁγίοις
536 4246 697 4301 πάπα
725 4249 955 4313 Λέοντος
1006 4250 1309 4322 ἐπειράθης
1328 4250 1605 4305 διαϐαλεῖν
1632 4252 1733 4322 τὴν
1760 4251 1925 4321 ἁγίαν

319 4339 592 4411 τετάρτην
620 4340 857 4405 σύνοδον,
879 4343 928 4394 εἰ
945 4341 1041 4395 καὶ
1057 4342 1257 4411 ὁλόγος
1282 4358 1377 4396 σου
1399 4343 1625 4412 γέγονεν
1659 4344 1921 4407 ἀπίθανος

320 4434 417 4486 καὶ
432 4432 537 4486 ἁσύ
547 4432 774 4504 μὸατος,
804 4433 971 4504 ἀλλ’ἢ
992 4435 1085 4488 καὶ
1106 4435 1165 4503 ἐξ
1190 4434 1360 4504 αὐτῆς
1376 4435 1475 4507 τῆς
1503 4435 1726 4489 συνόδου
1742 4452 1921 4508 παρα-

320 4518 676 4593 κεκομμένας
713 4524 897 4581 λαϐὼν
929 4526 1140 4598 ῥήσεις,
1170 4524 1250 4579 ἔτι
1273 4542 1336 4593 γε
1372 4524 1478 4596 μὴν
1510 4525 1724 4579 καὶτοῦ
1756 4526 1916 4594 ἁγίου

2101 4056 2193 4110 H.
2225 4052 2460 4121 Quando
2510 4064 2643 4105 vero
2681 4061 2790 4102 non
2820 4055 3036 4102 tantum
3094 4063 3160 4102 ex
3211 4048 3627 4117 comparatione

2030 4150 2311 4205 dictorum
2353 4141 2717 4199 amentissimi
2752 4139 3023 4205 Nestorii,
3053 4148 3107 4194 et
3138 4140 3312 4194 sancti
3348 4140 3622 4210 pontiﬁcis

2030 4238 2235 4295 Leonis
2266 4245 2500 4292 conatus
2531 4248 2592 4287 es
2627 4240 2875 4285 sanctam
2902 4237 3157 4299 quartam
3189 4232 3459 4301 synodum
3508 4233 3619 4286 cri-

2032 4330 2255 4396 minari,
2281 4325 2539 4399 quamvis
2566 4323 2620 4379 id
2650 4337 2829 4393 neque
2860 4322 3260 4392 probabilibus,
3282 4337 3460 4393 neque
3485 4338 3623 4379 con-

2031 4422 2387 4481 cludentibns
2443 4418 2755 4475 rationibus
2789 4415 2990 4484 egeris,
3028 4416 3124 4471 sed
3153 4431 3222 4470 ex
3246 4416 3421 4487 ipsius
3454 4416 3620 4472 etiam

2033 4513 2235 4588 synodi
2264 4508 2610 4568 obtruncatis
2676 4521 2742 4561 ac
2784 4502 2996 4560 mutilis
3023 4503 3275 4570 assertis,
3328 4518 3540 4559 necnon
3570 4515 3626 4558 «ιι

318 4591 620 4685 Κυρίλλου,
651 4616 741 4670 διὰ
791 4619 894 4688 τῆς
929 4591 1313 4685 ’παραθέσεως
1479 4617 1783 4688 διαφωνίαν
1807 4591 1916 4670 *ἐν-

2034 4607 2203 4664 sancti
2273 4603 2462 4676 Cyrilli
2526 4601 2761 4657 invicem
2827 4597 3162 4667 comparatis
3220 4591 3636 4652 dissensionem’

314 4707 605 4772 δείξασθαι
632 4708 815 4778 βούλει
838 4725 854 4741 ’
883 4710 1016 4782 φέρε
1044 4708 1133 4780 δὴ,
1172 4709 1270 4763 καὶ
1300 4709 1505 4775 ταύτας
1532 4708 1692 4772 αὖθις
1720 4710 1801 4773 είς
1825 4708 1923 4780 μέ-

319 4815 416 4853 σον
446 4799 658 4865 θέντες,
720 4800 784 4855 τὸ
834 4799 1130 4872 σύμφωνον
1171 4800 1276 4873 τῆς
1336 4818 1396 4854 τε
1431 4800 1653 4856 συνόδου
1703 4799 1921 4855 καὶτοῦ

320 4893 483 4962 ἁγίου
518 4893 791 4963 Κυρίλλου
824 4895 1141 4965 σαφέστατα
1179 4895 1649 4967 παραστήσωμεν.
1690 4893 1843 4964 Ἐχει
1886 4894 1922 4965 ἡ

318 4986 543 5049 σύνοδος
564 4987 709 5040 κατά
730 4986 877 5053 λέξιν
908 4981 1035 5052 ὧδε,
1067 4987 1144 5051 ὡς
1186 4988 1252 5041 σὺ
1296 4986 1622 5050 ἐπέστειλας
1642 5001 1657 5017 ο
1699 4984 1924 5056 Γράφει

313 5078 359 5146 ἡ
405 5078 674 5146 σύνοδος
706 5078 818 5147 τῆς
848 5080 1265 5147 Χαλκηδόνος,
1313 5080 1405 5134 ὅτι
1459 5082 1574 5134 οὐκ
1611 5079 1923 5147 ἠλλοίωσε

315 5170 441 5226 τῶν
469 5173 715 5242 φύσεων
752 5175 869 5240 τὴν
889 5172 1187 5242 διαφορὰν
1204 5172 1303 5227 διὰ
1331 5172 1443 5240 τῆς
1468 5172 1761 5236 ἐνώσεως,
1780 5172 1920 5226 ἀλλ’

318 5264 594 5329 ἐφύλαξε
619 5264 687 5318 τὸ
721 5263 878 5318 ἴδιον
907 5262 1019 5333 τῆς
1046 5263 1310 5317 ἑκάστου
1334 5263 1596 5332 φύσεως.
1631 5262 1860 5331 Γράφει
1887 5265 1921 5316 ὀ

318 5348 487 5419 ἅγιος
521 5357 816 5425 Κύριλλος
870 5357 939 5410 ἐν
962 5354 1036 5424 τῇ
1064 5354 1264 5425 πρώτῃ
1312 5353 1609 5423 ἐπιστολῇ
1654 5353 1729 5423 τῇ
1768 5355 1923 5422 πρὸς

321 5441 675 5496 Σούκενσον
699 5464 713 5479 ·
748 5449 903 5504 Ἕνα
927 5450 1188 5518 λέγομεν
1216 5447 1376 5513 Υίύν,
1419 5448 1502 5513 ὠς
1528 5448 1624 5501 καί
1653 5449 1707 5501 ol
1735 5447 1922 5501 Πατέ-

313 5552 427 5606 ρες
451 5533 795 5603 ἐλάλησαν,
809 5544 958 5604 μίαν·
980 5545 1170 5604 φύσιν
1181 5541 1287 5598 τοῦ
1305 5541 1456 5596 Θεοῦ
1472 5543 1671 5613 Λόγου
1691 5556 1918 5610 σεσαρ·

321 5628 626 5698 κωμένην.
662 5628 853 5681 Ποίαν
872 5621 988 5682 οὗν
1007 5636 1330 5688 κοινωνίαν
1351 5635 1475 5704 ἔχει
1494 5635 1533 5703 ἠ
1549 5632 1661 5704 τῆς
1681 5635 1919 5703 Χαλκη-

322 5720 510 5786 δόνος
560 5717 824 5784 σύνοδος
867 5719 1019 5788 μετὰ
1059 5717 1165 5772 τοῦ
1194 5718 1370 5788 ἁγίου
1409 5723 1757 5790 Κυρίνιλους
1789 5726 1921 5779 Ὅτι

319 5812 563 5879 ἐκεῖνος
591 5810 703 5881 μὲν
723 5813 872 5881 μίαν
901 5813 1092 5881 φύσιν
1118 5809 1350 5879 ἐνώσας
1378 5813 1447 5867 ἐκ
1487 5814 1617 5883 δύο,
1650 5816 1922 5886 ἐλάλησε

321 5907 476 5961 κατὰ
504 5904 621 5973 τὴν
676 5905 853 5973 ἁγίαν
909 5904 1179 5959 σύνοδον
1209 5906 1320 5975 τὴν
1372 5906 1441 5961 ἐν
1486 5907 1747 5979 Ἐφέσῳ·
1775 5911 1813 5978 ἡ
1852 5910 1922 5963 δὲ

535 6003 820 6063 Ρηιιοι..
870 6000 967 6060 Gn
1013 6000 1137 6060 CV.

2030 4699 2325 4757 oswndere
2356 4695 2666 4759 contendis,
2709 4706 2810 4764 age
2863 4688 3002 4761 ipsis
3050 4689 3106 4744 in
3148 4688 3391 4744 medium
3423 4687 3623 4758 positis

2025 4803 2080 4851 et
2104 4790 2455 4856 examinatis,
2494 4774 2692 4860 synodi
2750 4785 3038 4851 sanctique
3069 4781 3257 4854 Cyrilli
3296 4786 3619 4841 consensio.

2028 4903 2151 4943 nem
2206 4900 2372 4956 quam
2425 4878 2870 4951 (Ὂιιιρενιὶεδὶηλθ
2942 4875 3388 4946 comprobemus.
3437 4875 3618 4932 Verba

2027 4982 2146 5052 ipsa
2176 4976 2370 5052 synodi
2407 4983 2539 5031 sunt
2563 5015 2578 5039 ,
2610 4983 2667 5027 ut
2704 4975 2819 5042 ipse
2865 4969 3074 5039 scripto
3122 4976 3218 5022 tuo
3245 4966 3568 5038 signiﬁcasti
3604 4987 3617 5022 :

2029 5072 2230 5128 Scribit
2284 5064 2726 5124 Chalcedonensis
2788 5059 3024 5132 synodus
3059 5075 3079 5113 :
3134 5058 3259 5113 Non
3317 5060 3620 5114 inmutauit

2028 5175 2348 5220 naturarum
2389 5158 2749 5230 diﬂ'erentiam
2785 5171 2878 5226 per
2907 5154 3177 5217 unionem,
3226 5152 3319 5208 sed
3344 5153 3618 5223 proprium

2030 5257 2446 5327 imiuscujusque
2494 5262 2704 5305 natura
2747 5249 3093 5302 conservavit.
3149 5244 3348 5302 Scribit
3397 5257 3619 5301 sanctus

2027 5352 2264 5424 Cyrillus
2286 5349 2458 5413 prima
2482 5347 2551 5400 ad
2564 5343 2858 5401 Sucensum
2878 5340 3105 5412 epistola
3135 5355 3154 5395 :
3182 5338 3357 5394 Unum
3386 5339 3620 5393 dicimus

2026 5441 2252 5510 Filium,
2303 5436 2748 5512 quemadmodum
2777 5444 2829 5490 et
2864 5433 3056 5490 Patres
3079 5433 3246 5489 locuti
3278 5440 3424 5493 sunt,
3452 5445 3615 5485 uuam

2026 5546 2279 5591 naturam
2322 5533 2415 5587 Dei
2453 5529 2608 5586 Verbi
2632 5531 2987 5583 incarnatam.
3016 5524 3156 5591 Quid
3187 5527 3368 5593 itaque
3393 5522 3616 5579 Charite-
3654 5588 3661 5591 ι

2024 5629 2243 5685 donensi
2261 5625 2461 5697 synodo
2477 5623 2797 5676 cumsaitcto
2812 5617 3014 5690 Cyrillo
3043 5630 3319 5671 commune
3363 5615 3485 5668 est!
3513 5613 3617 5669 Ille
3674 5604 3677 5615 ’

2024 5738 2186 5776 ummt
2231 5729 2478 5774 naturam
2505 5716 2690 5769 aniens
2728 5727 2794 5767 ea:
2830 5709 3036 5764 duabus
3058 5706 3345 5763 secundum
3370 5715 3615 5760 sanctam

2024 5816 2287 5888 synodum
2321 5810 2646 5882 Ephesinam
2678 5808 2887 5861 locutus
2920 5814 3039 5869 est;
3076 5811 3133 5857 at
3167 5800 3612 5857 Chalcedonensis

2024 5909 2257 5980 synodus
2295 5922 2360 5960 εει·
2383 5904 2591 5958 (lnabns
2626 5901 2835 5956 naturis
2864 5897 3126 5970 separatis
3157 5892 3609 5955 enuntiaritJlis,

3131 5992 3211 6054 20
