4064 6390
509 398 636 467 “619

1788 395 2083 458 NICETIE
2115 392 2491 458 ΒΥΖΑΝΤΙΝ
2497 398 2523 457 Ι

3683 410 3781 478 620

530 520 588 567 ut
629 508 723 565 tibi
760 508 979 575 videris,
1017 515 1266 562 sanctum
1315 505 1584 578 Cyrillum
1617 522 1647 561 a
1672 506 2098 565 Chalcedonensi

2211 508 2320 577 τῆς
2353 509 2741 577 Χαλκηδόνος
2773 511 3059 576 σύνοδος,
3087 513 3157 566 ἐκ
3201 513 3313 569 δύο
3327 516 3570 584 φύσεων
3609 538 3782 593 κεχω-

523 603 737 675 synodo
769 603 1101 672 discrepare,
1126 610 1180 655 et
1202 601 1418 656 diversa
1448 601 1518 655 ab
1546 616 1610 655 ca
1635 609 1819 654 tenere
1853 601 2053 674 probas
2086 616 2100 652 :

524 698 674 768 quod
709 694 996 751 existimas
1047 708 1170 748 eum
1235 707 1396 747 unam
1438 693 1744 748 asseruisse
1780 691 1941 746 Verbi
2005 707 2105 747 na-

523 797 704 841 turam
739 797 864 856 post
902 801 1123 840 carnem
1147 794 1510 852 assumptam,
1533 785 1742 854 synodo
1773 784 1910 838 duas
1942 795 2104 837 natu-

523 895 616 934 ras
644 892 766 948 post
797 880 1054 933 unionem
1103 879 1455 932 acclamante.
1494 876 1624 941 Sed,
1665 887 1722 930 ut
1751 892 1914 931 veroa
1965 877 2104 930 infe-

524 982 676 1036 runt,
713 971 813 1026 hoc
839 971 984 1025 dicto
1014 972 1203 1039 magis
1232 983 1296 1022 ac
1328 968 1498 1038 magis
1543 977 1747 1023 sancta:
1775 980 1984 1038 quarta:
2015 984 2106 1038 sy-

525 1064 670 1118 nodo
696 1063 932 1134 Cyrillus
985 1061 1279 1124 consentit,
1343 1071 1556 1114 tantum
1589 1061 1762 1124 abest,
1811 1070 1869 1115 ut
1913 1063 1984 1115 ab
2040 1077 2102 1116 ea

523 1158 807 1213 dissideat.
847 1156 1300 1224 Quandoquidem
1358 1153 1641 1210 Nest0rius
1693 1154 1878 1209 statim
1937 1166 2105 1224 atque

524 1250 795 1320 quis-piam
840 1248 979 1302 duas
1014 1249 1080 1300 de
1113 1246 1336 1301 Christo
1368 1258 1594 1301 naturas
1632 1248 1994 1310 enuntiasset,
2018 1247 2102 1298 di-

522 1351 670 1396 ctum
706 1341 759 1392 in
789 1340 1070 1408 proprium
1095 1353 1319 1392 sensum
1341 1338 1609 1403 trahebat,
1634 1326 2104 1403 coucludebatque

529 1433 669 1486 duas
731 1445 1036 1499 personas:
1071 1431 1353 1482 asserebat
1403 1429 1669 1498 siquidem
1732 1429 1934 1482 nullam
1983 1444 2104 1482 esse

520 1535 771 1578 naturam
805 1523 1013 1592 absque
1043 1537 1294 1596 persona,
1330 1522 1547 1592 propria
1579 1535 1791 1590 nempe.
1819 1519 1992 1588 llnjus
2020 1521 2104 1573 in-

516 1613 661 1683 genii
710 1611 1122 1682 perversitatem
1183 1611 1493 1682 przevideus
1549 1620 1777 1666 sanctus
1835 1610 2096 1680 Cyrillus,

514 1722 681 1760 uuam
731 1706 870 1760 dixit
909 1703 1067 1759 Verbi
1105 1715 1396 1768 naturam,
1452 1717 1684 1773 eamque
1735 1703 2100 1768 ineat-natam,

515 1797 704 1852 nonid
735 1797 990 1862 innuens,
1028 1795 1266 1852 Verbum
1301 1811 1426 1852 cum
1467 1810 1634 1850 carne
1657 1795 1870 1850 unitum
1902 1811 2103 1851 secun-

515 1891 647 1945 dum
726 1890 1062 1961 hypostasim
1125 1897 1300 1943 totum
1359 1903 1524 1942 uuam
1583 1897 1835 1941 naturam
1899 1885 2101 1941 factum
2136 1880 2177 1934 Β

516 1981 726 2046 tuisse;
774 1982 820 2035 si
879 1980 1025 2036 enim
1087 1979 1141 2034 id
1199 1981 1438 2034 innucns
1483 1980 1556 2036 ita
1610 1978 1826 2033 locutus
1884 1976 2101 2043 fuisset,

514 2071 982 2142 quemadmodum
1026 2085 1126 2126 vos
1156 2069 1505 2135 contenditis,
1567 2069 1702 2140 ipse,
1723 2069 1823 2122 sibi
1860 2067 1962 2137 ipsi
2010 2070 2103 2120 ad-

514 2180 676 2220 versa
737 2174 903 2234 atque
929 2162 1200 2217 contraria
1233 2164 1662 2232 pronuntiasset,
1685 2159 1772 2214 hic
1822 2157 2098 2229 inquiens,

511 2273 681 2312 unam
721 2271 844 2312 esse
878 2265 1133 2310 naturam
1168 2255 1258 2309 Dei
1278 2253 1440 2308 Verbi
1473 2263 1595 2322 post
1631 2252 2097 2314 incarnationem,

511 2351 620 2405 hoc
649 2359 754 2415 est,
788 2349 1041 2404 deitatem
1076 2355 1130 2402 et
1163 2348 1558 2401 humanitatem
1591 2347 1642 2399 in
1705 2360 1872 2399 unum
1908 2345 2100 2399 ambas

511 2453 754 2507 coactas,
785 2457 950 2496 uuam
1009 2440 1256 2496 cﬂecisse
1305 2449 1582 2507 naturam,
1629 2448 1690 2493 ut
1737 2453 1835 2494 vos
1893 2437 2099 2501 dicitis,

512 2537 878 2607 compositam
913 2551 928 2588 :
964 2535 1094 2589 alibi
1125 2549 1258 2590 vero
1285 2549 1394 2587 non
1435 2540 1647 2587 tantum
1682 2532 1736 2586 in
1761 2531 2001 2586 secunda
2031 2529 2098 2583 ad

516 2628 827 2686 Sucensum
857 2627 1112 2697 epistola,
1170 2627 1266 2682 sed
1331 2625 1466 2688 iere,
1502 2634 1561 2678 ut
1610 2623 1686 2678 ita
1727 2621 1927 2687 dicam,
1963 2620 2101 2676 locis

515 2722 798 2788 omnibus,
836 2721 892 2775 itt
942 2719 1146 2789 quibus
1190 2717 1259 2772 de
1290 2716 1598 2773 (nconomia
1629 2715 1943 2783 Christique
1975 2727 2094 2782 my-

521 2812 695 2870 sterio
732 2813 860 2883 agit,
888 2810 1319 2882 deprrhenditur
1349 2811 1404 2864 in
1434 2809 1642 2864 duabus
1688 2807 1902 2864 naturis
1933 2805 2097 2860 Chri-

508 2914 680 2969 stum,
711 2911 766 2958 et
794 2905 932 2957 duas
962 2918 1084 2956 esse
1138 2912 1363 2956 naturas
1415 2909 1538 2972 post
1589 2899 1870 2964 unionem,
1917 2897 2098 2968 palam

508 3003 808 3065 aperteque
835 2995 1014 3050 dicere
1049 3009 1063 3046 :
1096 3008 1274 3064 neque
1327 2993 1378 3048 id
1410 2994 1612 3056 solum,
1659 2991 1758 3048 sed
1807 2991 1928 3045 aliis
1966 3003 2099 3060 quo-

509 3103 619 3159 que
643 3086 908 3143 Patribus
941 3087 1345 3148 adversabitur,
1391 3085 1536 3156 quod
1586 3100 1719 3140 sane
1755 3083 1953 3138 falsum
2013 3090 2098 3139 est

510 3185 780 3248 tantoque
808 3179 929 3232 viro
953 3175 1238 3247 iniurium.
1271 3174 1407 3230 Fere
1436 3174 1581 3230 enim
1615 3188 1808 3228 omnes
1838 3174 1982 3228 clare
2006 3172 2094 3226 in-

511 3279 704 3328 tonant
762 3271 1063 3332 Christum,
1123 3269 1227 3323 hoc
1287 3276 1395 3334 est,
1435 3283 1602 3322 unam
1653 3265 1991 3337 hyposlasim
2035 3264 2091 3318 in

510 3365 726 3422 duabus
756 3363 992 3425 naturis,
1010 3373 1064 3418 ct
1088 3363 1228 3418 duas
1251 3375 1476 3416 naturas
1498 3377 1622 3416 esse
1649 3367 1772 3431 post
1795 3360 2052 3412 unionem
2075 3372 2091 3410 :

511 3456 562 3512 si
597 3455 686 3510 ille
715 3455 858 3509 Deus
880 3462 934 3508 et
964 3455 1128 3507 homo
1186 3453 1330 3506 idem
1371 3449 1647 3521 perfectus
1679 3457 1763 3504 est
1787 3457 1909 3516 post
1936 3447 2092 3502 unio-

514 3561 665 3602 nem.
720 3545 829 3600 Sed
861 3544 1039 3600 obiter
1092 3553 1289 3608 totum,
1322 3543 1625 3604 Christum,
1678 3553 1874 3610 nempe
1924 3552 2092 3592 unam

515 3648 766 3695 naturam
802 3636 966 3692 Verbi
1017 3637 1360 3692 incarnatam
1418 3633 1674 3698 tradens,
1714 3648 1780 3688 ex
1842 3631 2094 3701 partibus

511 3741 688 3788 totum
744 3729 1108 3800 signiﬁcavit:
1145 3744 1250 3782 una
1287 3727 1557 3798 siquidem
1593 3735 1785 3779 natura
1815 3723 1972 3778 Verbi
2001 3737 2094 3778 ea-

510 3826 635 3880 dem
671 3832 780 3887 est,
813 3831 978 3891 atque
1008 3819 1124 3887 Dei,
1153 3829 1209 3875 et
1237 3819 1439 3886 Patris,
1480 3829 1531 3872 et
1568 3816 1807 3886 Spiritus
1869 3814 2044 3872 sancti
2075 3831 2091 3881 ;

511 3931 636 3971 eum
664 3928 795 3969 vero
829 3913 1141 3968 annectitur
1169 3912 1476 3975 incantata,
1505 3909 1649 3978 quod
1678 3914 1834 3961 notat
1854 3905 2095 3959 animata

509 4003 694 4057 anima
729 4001 960 4056 rationis
985 4009 1259 4071 compote,
1291 4010 1348 4054 et
1401 3997 1775 4063 intellectuali,
1810 4005 1869 4051 ut
1895 4006 1950 4050 et
1978 3995 2096 4065 ipse

508 4088 664 4153 dicit,
695 4089 926 4144 omnino
957 4097 1204 4144 nostram
1237 4097 1494 4142 naturam
1553 4087 1783 4151 indicat,
1814 4086 1960 4156 quod
2001 4100 2096 4140 ex-

509 4180 717 4251 primit,
756 4180 895 4235 duas
947 4179 1152 4235 Christi
1190 4189 1415 4234 naturas
1449 4193 1592 4242 esse,
1647 4178 1888 4232 divinam
1931 4187 2095 4248 atque

510 4273 809 4327 humanam
843 4290 858 4326 :
893 4273 996 4327 hoc
1028 4273 1074 4327 si
1106 4274 1178 4327 ita
1211 4283 1316 4336 est,
1349 4271 1703 4327 manifestum
1731 4271 1790 4326 [it
1837 4286 1964 4326 eum
1997 4286 2096 4341 po~

511 4366 622 4420 tius
666 4375 871 4421 sancite
921 4373 1134 4435 quartae
1171 4365 1382 4435 synodo
1435 4363 1790 4428 conformari,
1848 4361 1987 4418 duas
2040 4369 2095 4417 et

509 4458 685 4528 ipsam
747 4458 925 4514 obiter
974 4457 1375 4529 signiﬁcantem
1415 4468 1640 4510 naturas
1674 4456 1877 4510 habere
1923 4471 2091 4510 unum

2201 598 2510 669 ρισμὲνων
2529 599 2858 669 ἐλάλησεν.
2900 603 3168 657 Ἐνταῦθα
3194 605 3295 676 μὲν
3321 607 3497 673 δοκεῖς
3521 620 3784 686 παριστᾷν

2209 692 2562 760 ἀσύμφωνον,
2592 693 2688 746 καὶ
2723 693 3054 764 ἀνομόλογον
3085 696 3178 751 τὸν
3216 700 3274 750 ἐν
3304 700 3483 768 ἁγίοις
3524 703 3783 774 Κύριλλον

2209 785 2348 856 πρὸς
2376 787 2476 853 τὴν
2540 785 2758 838 σύνοδον
2808 786 2907 858 τὴν
2933 789 2991 840 ἐν
3021 788 3346 881 Χαὶλκηὸόνι,
3379 791 3468 845 διὰ
3503 793 3564 846 τὸ
3583 797 3784 853 οἴεσθαί

2209 892 2290 940 σε,
2328 877 2458 947 μίαν
2488 877 2651 931 αὑτὸν
2671 879 2955 948 εἰρηκέναι
2983 880 3078 933 τοῦ
3105 877 3280 949 Λόγου
3330 885 3496 951 φύσιν
3528 888 3662 956 μετὰ
3689 891 3783 961 τὴν

2210 969 2510 1040 σάρκωσιν,
2538 973 2639 1041 τῆς
2666 972 2883 1025 συνόδου
2928 972 3023 1026 δύο
3059 974 3252 1043 φύσεις
3283 975 3424 1046 μετὰ
3468 979 3566 1049 τὴν
3596 979 3782 1036 ἐνωσιν

2207 1058 2630 1130 ἐκφωνησὰσης.
2683 1060 2842 1127 Ἀλλ’,
2869 1061 2946 1125 ὡς
2974 1064 3002 1116 ό
3027 1062 3185 1132 λόγος
3223 1065 3546 1136 παρίστησι,
3579 1069 3786 1140 σύμφω-

2205 1167 2294 1213 νος
2316 1150 2467 1204 ἔσται
2492 1153 2692 1222 μᾶλλον
2733 1155 2762 1206 ὁ
2813 1153 3082 1226 Κύριλλος
3113 1155 3205 1210 διά
3235 1157 3398 1228 τῆσδε
3426 1159 3524 1230 τῆς
3545 1163 3782 1231 χρήσεως

2206 1245 2270 1312 τῇ
2302 1243 2434 1313 ἁγίᾳ
2456 1245 2694 1316 τετάρτῃ
2727 1247 2952 1318 συνόδῳ,
2985 1249 3132 1320 ἥπερ
3177 1249 3530 1320 ἀσύμφωνος.
3573 1253 3781 1326 Ἐπειδὴ

2204 1334 2232 1384 ὁ
2265 1335 2364 1402 μὲν
2388 1336 2708 1406 Νεστόριος,
2743 1340 2908 1409 ἡνίκα
2947 1341 3013 1394 ἂν
3047 1341 3140 1396 δύο
3179 1343 3372 1413 φύσεις
3405 1343 3561 1413 ἐλεγέ
3580 1363 3662 1408 τις
3696 1349 3782 1399 ἐπὶ

2204 1429 2465 1499 Χριστοῦ,
2502 1432 2762 1501 παραυτὰ
2809 1435 3125 1505 συνήρπαζε
3165 1437 3266 1507 τὴν
3301 1439 3485 1508 φωνὴν
3513 1439 3593 1502 είς
3619 1438 3677 1490 τὸ
3708 1440 3783 1490 oi-

2204 1524 2350 1576 κεῖον
2399 1523 2667 1594 βούλημα,
2725 1527 2820 1579 καὶ
2881 1508 3081 1598 συνῆγε
3139 1527 3233 1581 δύο
3271 1529 3566 1601 πρόσωπα.
3601 1527 3780 1598 Ἔλεγε

2203 1613 2312 1684 γάρ
2336 1629 2349 1644 °
2385 1615 2499 1668 Οὐκ
2528 1615 2645 1670 ἔστι
2689 1618 2850 1685 φύσις
2905 1621 3258 1690 ἀπρόσωπος,
3311 1622 3482 1692 ἤγουν
3521 1623 3688 1693 χωρὶς
3709 1625 3782 1676 oi-

2205 1708 2356 1760 κείου
2389 1709 2708 1780 προσώπου.
2743 1713 2950 1767 Τούτου
2995 1713 3088 1767 οὖν
3131 1714 3232 1786 τὴν
3259 1714 3598 1784 ὅυστροπίαν
3657 1733 3781 1784 προσ

2203 1801 2348 1870 ορῶν
2375 1804 2404 1856 ό
2458 1805 2522 1857 ἐν
2553 1806 2732 1874 ἁγίοις
2797 1808 3089 1878 Κύριλλος,
3125 1809 3254 1880 μίαν
3293 1808 3456 1878 φύσιν
3489 1808 3588 1862 τοῦ
3621 1810 3784 1878 Λόγου

2205 1892 2420 1964 εἴρηκε,
2488 1897 2584 1949 καὶ
2635 1897 2843 1969 ταύτην
2907 1898 3150 1970 δηλονότι
3207 1901 3674 1972 σεσαρκωμένην,
3723 1902 3780 1954 οὺ

2204 1987 2364 2039 τοῦτο
2417 1987 2616 2056 λέγων,
2675 1990 2756 2044 ὅτι
2805 1992 2834 2044 ὁ
2872 1991 3045 2059 Λόγος
3092 1992 3230 2062 μετά
3269 1992 3470 2062 σαρκὸς
3514 1993 3782 2062 ἡνωμένος

2205 2079 2329 2133 καθ’
2357 2081 2681 2147 ὑπόστασιν,
2741 2083 2804 2136 τὸ
2849 2084 2970 2138 ὅλον
3003 2082 3103 2153 μία
3151 2083 3314 2153 φύσις
3341 2087 3554 2154 γέγονε.
3597 2085 3654 2136 Εἰ
3679 2085 3780 2153 γὰρ

2202 2173 2377 2236 οὕτως
2430 2175 2628 2228 ἐννοῶν
2679 2176 2925 2248 εἴρηκεν,
2976 2179 3053 2241 ὡς
3105 2178 3265 2248 ὑμεῖς
3319 2197 3490 2249 φατε,
3543 2180 3686 2251 τάχα
3723 2181 3786 2235 ἂν

2202 2265 2534 2336 ἀσύμφωνος
2585 2269 2680 2322 καὶ
2726 2270 3131 2340 διαμαχόμενος
3180 2271 3346 2334 αὐτὸς
3391 2272 3575 2344 ἐαυτῷ
3617 2273 3784 2337 ἔσται,

2201 2348 2302 2409 ὧδε
2367 2356 2466 2426 μὲν
2508 2357 2679 2420 οὕτως
2733 2359 2909 2427 λέγων
2965 2359 3094 2430 μίαν
3138 2355 3280 2414 εἶναι
3311 2360 3476 2430 φύσιν
3513 2362 3616 2416 τοῦ
3657 2362 3786 2417 Θεοῦ

2201 2449 2376 2517 Λόγου
2421 2450 2559 2520 μετὰ
2589 2451 2689 2521 τὴν
2742 2453 3044 2523 σάρκωσιν,
3082 2455 3252 2524 ἧγουν
3285 2455 3386 2524 τὴν
3421 2455 3657 2526 Θεότητα
3699 2458 3786 2508 καὶ

2200 2539 2299 2609 τὴν
2323 2540 2720 2612 ἀνθρωπότητα
2744 2544 3107 2610 συνελθούσας
3130 2545 3448 2618 ἀμφοτέρας
3464 2547 3789 2600 ἀποτελέσαι

2203 2631 2334 2700 μίαν
2359 2633 2520 2702 φύσιν
2550 2635 2671 2688 καθ’
2705 2637 2849 2706 ὑμᾶς
2896 2636 3174 2692 σύνθετον.
3215 2638 3508 2709 ’Λλλαχόσε
3540 2639 3604 2692 δὲ
3630 2638 3787 2702 αὐτὸς

2199 2722 2406 2786 ἐκεῖνος
2450 2725 2512 2777 οὐ
2569 2727 2730 2794 μόνον
2777 2730 2834 2781 ἐν
2883 2732 2949 2800 τῇ
2997 2729 3229 2802 δευτέρα
3263 2731 3520 2802 ἐπιστολῇ
3555 2734 3626 2802 τῇ
3657 2731 3789 2802 πρὸς

2200 2807 2518 2878 Σούκενσον,
2555 2813 2690 2867 ἀλλὰ
2739 2815 2835 2870 καὶ
2897 2818 3082 2887 σχεδὸν
3140 2823 3317 2873 εἰπεῖν
3370 2823 3428 2875 ἐν
3473 2817 3554 2885 οἷς
3589 2803 3788 2892 διείλη-

2200 2916 2332 2954 πται
2383 2905 2512 2972 περὶ
2559 2905 2656 2975 τῆς
2695 2910 3031 2978 οίκονομίας,
3085 2913 3180 2966 καὶ
3233 2911 3329 2965 τοῦ
3381 2915 3523 2967 κατὰ
3552 2914 3789 2986 Χριστὸν

2201 2995 2506 3065 μυστηρίου
2542 3000 2791 3064 φαίνεται
2837 3002 3021 3067 πάλιν,
3057 3003 3114 3056 ἐν
3156 3003 3250 3056 δύο
3295 3004 3490 3072 φύσεσι
3520 3006 3616 3058 τὸν
3655 3007 3789 3077 Χρι-

2201 3085 2347 3150 στὸν,
2381 3087 2475 3140 καὶ
2513 3087 2607 3141 δύο
2636 3090 2828 3158 φύσεις
2857 3089 2997 3148 εἶναι
3025 3094 3166 3163 μετά
3189 3095 3288 3165 τὴν
3327 3098 3544 3161 ἕνωσιν,
3572 3098 3789 3170 τρανῶς

2197 3175 2550 3247 διαγορεύων.
2587 3181 2698 3234 Καὶ
2727 3183 2788 3236 οὐ
2811 3183 2970 3255 μόνον
2985 3187 3156 3251 τουτὶ,
3183 3187 3318 3241 ἀλλά
3348 3189 3442 3241 καὶ
3468 3190 3579 3252 τοϊς
3610 3189 3792 3253 ἄλλοις

2197 3268 2350 3322 ἔσται
2380 3271 2654 3343 Πατράσιν
2682 3275 2954 3339 ἐναντίος·
2987 3277 3124 3349 ὅπερ
3154 3281 3272 3332 ἐστὶ
3299 3279 3476 3349 λέγειν
3507 3281 3707 3351 ψευδές
3731 3297 3792 3335 τε

2196 3359 2290 3414 καὶ
2309 3361 2610 3434 δύσφημον.
2647 3366 2912 3435 Σχεδὸνδέ
2943 3369 3117 3422 εἰπεῖν
3133 3371 3332 3433 πάντες
3364 3372 3664 3444 διαρρήδην
3696 3389 3792 3424 κε-

2196 3452 2487 3522 κράγασιν,
2518 3456 2598 3509 ὅτι
2624 3459 2652 3510 ό
2669 3458 2921 3528 Χριστὸς,
2941 3460 3109 3530 ἤγουν
3131 3462 3273 3532 ἠμία
3290 3463 3588 3526 ὑπόστασις
3607 3467 3668 3518 ἐν
3699 3464 3794 3518 δύο

2196 3544 2411 3614 φύσεσι,
2466 3549 2560 3602 καὶ
2603 3549 2697 3604 δύο
2727 3549 2915 3618 φύσεις
2935 3553 3051 3606 ἐστὶ
3083 3556 3220 3624 μετὰ
3237 3555 3336 3626 τὴν
3365 3555 3560 3608 ἐνωσιν
3583 3573 3600 3588 ·
3631 3557 3791 3627 εἴπερ

2197 3635 2329 3700 Θεὸς
2372 3638 2466 3691 καὶ
2514 3639 2801 3710 ἄνθρωπος
2835 3643 2864 3695 ὁ
2897 3643 3059 3704 αὐτὸς
3107 3645 3314 3708 τέλειός
3357 3647 3473 3699 ἐστι
3515 3647 3659 3718 μετά
3691 3648 3792 3718 τὴν

2195 3735 2409 3788 ἐνωσιν.
2453 3732 2593 3785 Ἀλλ’
2617 3734 2681 3786 ἐκ
2698 3734 2951 3805 περιόδου
2977 3735 3040 3789 τὸ
3063 3736 3204 3803 ὅλον,
3235 3739 3403 3808 ἤγουν
3433 3739 3525 3793 τὸν
3550 3741 3792 3812 Χριστὸν

2199 3826 2331 3898 μίαν
2356 3824 2518 3896 φύσιν
2548 3825 2644 3879 τοῦ
2684 3827 2860 3903 Λόγου
2893 3829 3324 3900 σεσαρκωμένην
3355 3831 3548 3895 εἰπὼν,
3584 3834 3650 3888 ἐκ
3680 3834 3790 3888 τῶν

2198 3915 2380 3986 μερῶν
2426 3915 2489 3969 τὸ
2548 3914 2670 3968 ὅλον
2715 3915 3000 3987 ἐνέφηνεν.
3061 3918 3124 3971 Ἡ
3175 3919 3284 3990 γὰρ
3325 3920 3427 3992 μία
3471 3921 3635 3990 φύσις
3694 3923 3790 3977 τοῦ

2194 4007 2371 4076 Λόγου
2419 4007 2454 4077 ἡ
2511 4007 2649 4076 αὐτή
2704 4008 2821 4060 ἐστι
2853 4007 2948 4061 τοῦ
2988 4007 3124 4078 Osci?
3173 4010 3272 4064 καὶ
3301 4010 3538 4083 Πατρός,
3568 4013 3790 4066 καὶτοῦ

2195 4097 2353 4167 ἁγίου
2379 4095 2718 4166 Πνεύματος,
2739 4099 3143 4169 προσκειμένου
3173 4099 3229 4152 δὲ
3258 4100 3340 4153 ὅτι
3365 4103 3788 4171 σεσαρκωμένη,

2194 4189 2331 4260 ὅπερ
2356 4187 2504 4260 δηλοί
2532 4188 2857 4261 ἐψυχωμένη
2891 4191 3034 4260 ψυχῇ
3059 4190 3250 4262 λογικῇ
3277 4208 3336 4244 τε
3371 4192 3462 4245 καὶ
3499 4193 3686 4261 νοερᾷο
3713 4192 3788 4256 ὡς

2196 4282 2290 4335 καὶ
2318 4280 2478 4344 αὐτὸς
2505 4281 2674 4349 λέγει,
2706 4281 2923 4344 πάντως
2955 4283 3052 4352 τὴν
3093 4281 3213 4334 καθ’
3235 4283 3383 4351 ἡμᾶς
3421 4280 3584 4350 φύσιν
3604 4281 3786 4352 δηλοῖ·

2193 4375 2332 4445 ὅπερ
2356 4374 2630 4444 ἐμφαίνει,
2664 4375 2833 4445 ἧγουν
2865 4373 2962 4427 τοῦ
3015 4374 3256 4446 Χριστοῦ
3287 4373 3382 4428 δύο
3409 4373 3598 4446 φύσεις
3622 4371 3790 4440 εἶναι,

2196 4467 2346 4520 Θείαν
2375 4485 2432 4519 τε
2471 4467 2572 4520 καὶ,
2623 4467 2992 4538 ἀνθρωπίνην.
3048 4468 3111 4521 Ei
3137 4469 3194 4520 δέ
3224 4467 3404 4533 τοῦτο,
3439 4467 3672 4538 φανερὸν
3705 4467 3790 4521 ὅτι

510 4549 794 4620 bypostasi
825 4548 1133 4614 Christum,
1192 4559 1248 4604 et
1294 4547 1614 4614 Dominum,
1681 4559 1736 4604 et
1767 4547 1938 4603 Deum
1989 4564 2090 4603 uo-

2203 4560 2404 4630 μᾶλλον
2441 4563 2724 4631 συμφωνεί
2747 4563 2813 4630 τῇ
2863 4561 2996 4631 ἁγίᾳ
3041 4562 3278 4633 τετάρτῃ
3316 4561 3540 4630 συνόδῳ,
3567 4560 3661 4614 δύο
3691 4559 3792 4612 καὶ

510 4652 710 4698 strum.
765 4643 906 4697 Audi
950 4643 1309 4698 nihilominus
1336 4642 1487 4713 .quid
1534 4643 1695 4699 divus
1738 4643 1978 4711 Cyl-illus
2015 4656 2095 4698 se-

508 4735 689 4790 cunda
738 4735 806 4790 ad
861 4733 1171 4790 Sucensum
1233 4734 1460 4804 epistola
1505 4736 1685 4794 tradat
1733 4733 2094 4802 respondens,

508 4826 657 4897 quod
713 4826 932 4882 dixerat
989 4842 1154 4880 unam
1192 4824 1357 4881 Verbi
1415 4837 1667 4880 naturam
1730 4825 2094 4882 incarnatam.

509 4921 569 4975 Si
608 4936 772 4975 unam
817 4921 1048 4974 dicentes
1103 4918 1257 4974 Verbi
1288 4927 1541 4973 naturam
1589 4920 1958 4983 tacuissemus,
1989 4935 2093 4974 non

507 5014 842 5068 adn‘ectentes
869 5014 1210 5068 incantatam
1227 5051 1244 5074 ,
1274 5013 1426 5083 quasi
1451 5016 1756 5068 (econontiaz
1783 5014 2094 5083 mysterium

508 5106 894 5172 adulterantes,
935 5113 1072 5162 esset
1110 5106 1340 5175 fortasse
1385 5106 1514 5173 ipsis
1549 5107 1722 5160 oratio
1764 5122 1869 5160 non
1901 5105 2094 5175 absque

507 5197 1005 5262 verosimititudine,
1069 5213 1186 5249 cum
1239 5197 1444 5268 ﬁngant
1485 5213 1538 5251 se
1586 5198 1954 5266 interrogare:
1993 5194 2093 5252 Ubi

506 5299 585 5344 est
613 5291 908 5360 perfectum
945 5291 999 5343 in
1026 5290 1402 5344 Iunianitate?
1427 5300 1519 5345 aut
1544 5291 1806 5360 quomodo
1837 5291 2092 5344 subsistat

507 5383 799 5436 secundum
835 5399 932 5436 nos
963 5382 1234 5437 essentia?
1277 5380 1409 5437 Cum
1446 5398 1562 5436 vero
1595 5392 1644 5435 et
1677 5385 1732 5436 in
1759 5383 2094 5437 humanitate

506 5472 780 5541 perfectio,
818 5485 866 5527 et
899 5483 1094 5528 nostra:
1121 5482 1329 5526 natura’
1357 5474 1614 5527 iudicatio
1648 5475 1958 5529 introducta
1991 5484 2090 5538 est,

505 5563 648 5630 quod
701 5567 948 5620 dicamus
999 5567 1370 5632 incantatam,
1411 5567 1684 5636 quiescant
1738 5567 2092 5620 arundineum

507 5655 780 5711 calcatum
813 5662 914 5714 sibi
959 5666 1028 5714 ad
1078 5663 1483 5716 incumbentium
1530 5674 1904 5734 supponentes.
1955 5662 2094 5719 Ecce

507 5749 622 5817 jam
655 5755 944 5810 cotisidera
1012 5756 1353 5813 incarnatam
1404 5756 1470 5811 ad
1520 5768 1763 5812 nostram
1793 5756 2088 5812 essentiam

503 5839 971 5900 nianifcstaudam
1018 5849 1322 5917 appositam
1359 5847 1532 5905 fuisse
1551 5881 1571 5916 ,~
1623 5849 1904 5904 doctorem
1937 5863 2090 5905 asse-

2198 4653 2362 4717 αὐτὸς
2409 4653 2498 4706 διὰ
2549 4653 2802 4724 περιόδου
2840 4655 3090 4722 ἐμφήνας
3145 4654 3338 4722 φύσεις
3384 4654 3528 4723 ἐχειν
3565 4653 3657 4706 τὸν
3691 4653 3792 4706 ἕνα.

2197 4747 2264 4815 τῇ
2320 4743 2621 4797 ὑποστάσει
2671 4743 2803 4796 ὅντα
2845 4743 3108 4813 Χριστὸν,
3137 4745 3230 4797 καὶ
3256 4744 3486 4816 Κύριον,
3514 4746 3610 4797 καὶ
3651 4743 3792 4798 Θεὸν

2196 4834 2376 4905 ἡμῶν.
2417 4834 2564 4906 Πλὴν
2613 4833 2706 4888 οὖν
2763 4835 2996 4888 ἄκουσον
3026 4836 3080 4888 τί
3119 4853 3286 4905 φησιν
3314 4837 3341 4888 ὁ
3369 4837 3426 4888 ἐν
3455 4835 3634 4904 ἀγίοις
3667 4835 3792 4888 Κύ-

2199 4927 2378 4999 ριλλος
2409 4928 2468 4981 ἐν
2521 4930 2587 4999 τῇ
2650 4927 2881 5000 δευτέρᾳ
2915 4929 3174 5000 ἐπιστολῇ
3219 4932 3284 5000 τῇ
3323 4928 3460 5000 πρὸς
3490 4928 3789 4982 Σούκενσον

2199 5018 2804 5092 ὑπεραπολογούμενος,
2852 5021 2940 5074 διὰ
2991 5022 3052 5074 τὸ
3097 5023 3272 5074 εἰπεῖν
3323 5021 3451 5092 μίαν
3495 5020 3658 5091 φύσιν
3689 5018 3787 5073 τοῦ

2195 5114 2371 5182 Λόγου
2403 5113 2836 5186 σεσαρκωμένην
2863 5130 2880 5146 ο
2906 5113 2975 5169 Ei
3012 5113 3131 5183 μὲν
3180 5115 3326 5181 μίαν
3361 5113 3636 5178 εἰπόντες
3674 5109 3788 5166 τοῦ

2196 5201 2392 5276 Λόγου
2423 5206 2614 5276 φύσιν
2642 5205 3074 5274 σεσιγήκαμεν,
3105 5207 3216 5260 οὐκ
3242 5207 3669 5276 ἐπενεγκόντες
3692 5202 3787 5268 τὸ,

2195 5298 2689 5368 σεσαρκωμένην,
2727 5298 2866 5352 ἀλλ’
2892 5293 3024 5352 οἷον
3046 5296 3162 5360 ἔξω
3191 5297 3452 5364 τιθέντες
3482 5295 3599 5365 τὴν
3627 5297 3785 5346 obto-

2194 5390 2432 5459 νομίαν,
2446 5386 2525 5461 ἦν
2547 5389 2751 5456 αὐτοῖς
2765 5389 2918 5459 τάχα
2944 5405 3063 5442 που
3084 5391 3194 5442 οὐκ
3213 5389 3557 5447 ἀπίθανοςό
3573 5379 3783 5448 λόγος,

2195 5480 2740 5551 προσποιουμένοις
2776 5479 3024 5549 ἐρωτᾷνο
3061 5480 3187 5534 Ποῦ
3219 5479 3286 5528 τὸ
3315 5473 3548 5525 τέλειον
3577 5471 3648 5524 ἐν
3673 5468 3783 5523 ἀν-

2195 5573 2546 5638 θρωπότητι,
2573 5570 2611 5638 ἢ
2648 5569 2774 5636 πῶς
2802 5562 3147 5637 ὑφέστηκεν
3163 5560 3200 5628 ἠ
3223 5559 3352 5613 καθ’
3373 5556 3533 5626 ἡμᾶς
3560 5555 3780 5620 οὺσ[α;

2208 5663 2373 5716 Ἐπεὶ
2417 5661 2487 5715 δὲ
2543 5662 2644 5715 καὶ
2699 5661 2738 5722 ἡ
2781 5662 2852 5707 ἐν
2889 5653 3301 5722 ἀνθρωπότητι
3328 5651 3650 5718 τελειότης,
3677 5648 3782 5702 καὶ

2194 5752 2306 5821 τῆς
2335 5750 2464 5805 καθ’
2494 5746 2654 5818 ἡμᾶς
2682 5747 2898 5812 οὐσίας
2927 5746 2965 5814 ἡ
3005 5743 3271 5811 δήλωσις
3327 5745 3780 5812 εἰσκεκόμισται

2195 5848 2294 5903 διὰ
2349 5844 2458 5900 τοῦ
2517 5841 2719 5910 λέγειν
2765 5838 3254 5909 σεσαρκωμένην,
3318 5834 3780 5891 παυσάσθωσαν
