4064 6412
254 487 343 554 ιιι

1078 454 1517 524 REFUTATIO
1554 450 1940 517 EPISTOL/E
1977 449 2211 514 REGIS
2248 445 2648 552 ARMENI/E:

3400 449 3508 521 622

250 598 567 669 καλαμίνην
594 590 821 660 ῥάϐδον
841 586 1079 653 ἑαυτοῖς
1108 583 1655 652 ὑποστηρίσαντες.
1673 576 1808 669 Ἰδοὺ
1840 628 1844 637 ,

1929 582 2162 642 tentem;
2195 584 2255 630 ut
2285 575 2357 630 sit
2383 590 2488 629 una
2513 572 2680 631 V’erbi
2714 580 2931 642 natura,
2956 586 3011 633 et
3079 586 3282 636 nostra:
3317 594 3513 637 essen-

251 668 508 749 σκόπειτὸ
531 678 961 754 σεσαρκωμένην
1001 677 1081 745 εἰς
1111 675 1345 748 δήλωσιν
1383 672 1483 747 τῆς
1517 671 1640 725 καθ’
1664 668 1812 742 ἡμᾶς

246 782 417 844 οὐσίας
472 772 885 846 εἰσκεκομίσθαι
933 771 1161 842 λέγοντα
1201 768 1295 823 τὸν
1340 764 1684 828 διδάσκαλον,
1736 761 1811 825 ὡς

246 872 372 932 εἶναι
400 870 495 940 τὴν
524 868 650 941 μίαν
680 865 775 921 τοῦ
814 865 990 934 Λόγου
1039 863 1203 933 φύσιν
1246 860 1343 916 καὶ
1391 858 1491 930 τῆς
1521 853 1645 910 καθ’
1666 852 1814 925 ἡμᾶς

202 965 217 1011 ἶ
242 968 416 1030 οὐσίας
443 964 537 1037 τὴν
563 962 818 1034 δήλωσιν,
850 958 944 1014 διὰ
996 957 1081 1025 τὸ,
1120 952 1568 1026 σεσαρκωμὲνην,
1594 949 1687 1003 δύο
1710 946 1815 1018 φύ-

245 1075 371 1116 σεων
424 1056 677 1126 θεότητος
747 1054 843 1107 καὶ
904 1050 1328 1122 ἀνθρωπότητος
1380 1038 1813 1118 παραστατικόν.

242 1157 339 1210 Καὶ
365 1150 480 1226 μετ’
514 1149 673 1219 ὀλίγα
699 1149 759 1202 ὲν
786 1148 854 1219 τῇ
880 1147 1020 1215 αὐτῇ
1056 1140 1317 1210 ἐπιστολῇ
1341 1156 1353 1167 ·
1397 1136 1711 1226 Ὀρθότατα
1748 1132 1818 1226 δέ

241 1245 329 1302 καὶ
364 1221 525 1298 πάνυ
556 1237 831 1306 συνετῶς
856 1236 896 1305 ἠ
926 1236 1010 1303 σὴ
1064 1232 1370 1298 τελειότης
1394 1229 1504 1282 τὸν
1545 1225 1679 1295 περὶ
1710 1221 1817 1279 τοῦ

238 1334 525 1404 σωτηρίου
579 1330 809 1398 πάθους
856 1329 1151 1383 ἐκτίθεται
1213 1325 1422 1394 λόγον,
1487 1321 1600 1376 οὐκ
1631 1317 1820 1379 αὐτόν

234 1424 522 1499 μονογενῆ
584 1424 722 1479 Υίὸν
763 1420 870 1478 τοῦ
916 1421 1088 1486 Θεοῦ,
1118 1416 1267 1473 καθὸ
1319 1414 1539 1472 νοεῖται
1564 1411 1661 1467 καὶ
1685 1410 1821 1465 ἔστι

241 1519 399 1585 Θεὸς,
442 1514 659 1570 παθεῖν
700 1515 788 1580 εὶς
819 1511 981 1567 ἰδίαν
1010 1511 1202 1581 φύσιν
1245 1506 1318 1562 τὰ
1342 1506 1618 1575 σώματος
1644 1505 1819 1571 ίσχυ-

232 1610 529 1683 ριζομένη,
570 1607 786 1665 παθεῖν
810 1605 879 1660 δὲ
909 1604 1156 1676 μᾶλλον
1187 1599 1263 1670 τῆ
1296 1597 1474 1671 χοϊκῇ
1496 1597 1699 1668 φύσει.
1727 1593 1830 1648 Δεῖ

233 1703 339 1774 γὰρ
395 1700 643 1768 πάντως
690 1698 995 1769 ἀμῖρότερα
1045 1694 1336 1757 σῴζεσθαι
1381 1691 1450 1746 ἐν
1492 1687 1574 1755 τῷ
1604 1687 1697 1742 ἐνὶ
1721 1687 1822 1742 καὶ

233 1795 376 1852 κατὰ
423 1792 719 1860 ἀλήθειαν
750 1789 882 1856 Υἱῷ,
912 1790 980 1844 τὸ
1019 1788 1109 1859 μὴ
1165 1785 1430 1855 πάσχειν
1460 1779 1691 1848 θετκῶς,
1724 1778 1823 1835 καὶ

1918 665 2007 720 tiae
2037 666 2408 727 manifestatio
2453 681 2555 737 per
2621 666 2753 722 illud
2794 665 3158 736 incarnatam,
3191 670 3339 742 quod
3373 670 3510 725 duas

1916 767 2164 826 naturas,
2195 759 2418 815 deitatis
2461 758 2628 830 atqt'te
2670 759 3057 828 humanitatis,
3088 763 3410 819 constituat.
3447 758 3514 819 Et

1915 852 2108 922 paucis
2154 852 2464 924 interjectis
2507 853 2563 909 in
2619 853 2809 910 eadem
2866 854 3097 926 epistola
3156 856 3513 913 :Rectissime

1917 960 2060 1010 vero,
2101 953 2150 999 et
2193 946 2325 999 satis
2354 946 2484 1001 scite
2521 955 2616 1002 tua
2672 948 2927 1019 perfectio
2955 948 3214 1003 salutaris
3240 948 3507 1020 passionis

1918 1036 2181 1090 rationem
2212 1036 2450 1106 exponit,
2484 1053 2589 1092 non
2616 1038 2791 1107 ipsum
2823 1038 3154 1110 unigenitum
3184 1039 3279 1095 Dei
3309 1035 3515 1093 Filium

1920 1127 2213 1181 secundum
2276 1128 2419 1199 quod
2484 1129 2807 1202 inte'tligitur
2860 1140 2911 1186 et
2958 1139 3039 1187 est
3089 1131 3254 1198 Deus,
3298 1147 3516 1202 passum

1922 1216 2088 1287 fuisse
2109 1217 2164 1270 in
2195 1219 2418 1290 propria
2448 1230 2667 1284 natura,
2703 1222 2795 1275 sed
2828 1224 2884 1276 in
2914 1233 3125 1279 terrena
3173 1222 3513 1278 contendens.

1925 1308 2153 1365 Omnino
2178 1310 2317 1364 enim
2348 1320 2571 1383 utraque
2626 1313 2991 1368 conservanda
3037 1323 3165 1368 sunt
3212 1319 3265 1373 in
3315 1330 3421 1369 uno
3459 1323 3513 1369 et

1922 1419 2035 1457 vere
2065 1399 2232 1470 Filio,
2285 1421 2387 1459 non
2421 1404 2536 1474 pati
2591 1406 2878 1461 secundum
2913 1406 3266 1473 divinitatem,
3322 1421 3372 1462 et
3401 1407 3516 1478 pati

1921 1495 2213 1550 secundum
2251 1496 2638 1552 humanitatem
2664 1514 2683 1554 :
2714 1498 2866 1552 illius
2888 1499 3027 1554 enim
3068 1515 3193 1554 caro
3215 1516 3378 1570 passa
3412 1512 3511 1553 est.

1922 1585 2190 1643 Naturam
2221 1588 2487 1656 divinam,
2520 1600 2580 1645 ut
2610 1590 2781 1654 vides,
2805 1590 2945 1646 dixit
2968 1599 3021 1647 et
3050 1601 3304 1648 naturam
3339 1601 3517 1647 terre-

1924 1696 2053 1735 nam
2104 1680 2156 1735 itt
2194 1696 2305 1737 uno
2356 1680 2575 1737 Christo
2615 1682 2936 1737 conservari
2981 1664 3145 1738 etiam
3185 1691 3307 1754 post
3353 1668 3515 1740 unio-

1927 1788 2074 1837 nem,
2106 1773 2234 1827 licet
2286 1778 2344 1827 tu
2376 1772 2430 1828 id
2463 1786 2606 1844 a‘gre
2644 1772 2811 1840 fetas,
2848 1788 3022 1843 neque
3049 1775 3322 1829 concedas
3353 1784 3514 1831 natu-

231 1888 294 1943 τὸ
338 1887 633 1956 λέγεσθαι
688 1881 903 1939 παθεῖν
953 1880 1376 1951 ἀνθρωπίνως-ο
1426 1877 1465 1946 ἡ
1499 1874 1686 1933 αὑτοῦ
1709 1872 1822 1944 γὰρ

1929 1879 2043 1918 ram
2074 1862 2316 1921 divinam
2366 1872 2421 1921 et
2444 1874 2694 1920 naturam
2731 1873 3001 1920 terrenam
3032 1864 3170 1920 duas
3197 1881 3321 1921 esse
3351 1881 3516 1921 natu~

231 1938 498 2035 πέπονθε
558 1975 739 2047 σάρξ.
768 1974 970 2029 Σκόπει
1016 1938 1135 2039 itii»;
1165 1938 1332 2042 φύσιν
1360 1938 1510 2024 θείαν
1558 1964 1680 2022 εἷπε
1716 1938 1822 2020 -καὶ

1929 1970 2036 2011 ras.
2074 1953 2137 2010 Et
2169 1971 2389 2012 rursum
2429 1956 2538 2012 alio
2570 1956 2625 2011 in
2661 1956 2803 2021 loco,
2837 1956 2963 2012 audi
2988 1956 3250 2028 Cyrillum
3280 1971 3348 2013 ex
3385 1972 3514 2013 nra-

232 2072 386 2141 φύσιν
418 2071 620 2142 χοῖκὴν
657 2071 715 2123 ὲν
763 2067 843 2139 τῷ
879 2066 962 2131 ἐν).
992 2062 1213 2138 Χριστῷ
1256 2060 1530 2127 σώζεσθαι
1559 2057 1654 2114 καὶ
1684 2056 1826 2129 μετὰ

227 2165 319 2236 τὴν
341 2162 567 2227 ἕνωσιν,
601 2160 705 2215 κᾶν
735 2159 800 2213 σὺ
829 2159 1170 2228 ἀγανακτῇς,
1196 2155 1290 2210 καὶ
1315 2153 1375 2208 οὐ
1408 2153 1701 2223 συγχωρῇς
1728 2148 1827 2220 qui;

234 2235 315 2311 σιν
377 2254 540 2311 θείαν
592 2251 687 2307 καὶ
762 2251 927 2321 φύσιν
986 2249 1178 2322 χοῖκὴν
1247 2245 1343 2301 δύο
1409 2243 1602 2314 φύσεις
1664 2235 1824 2294 εἶναι.

229 2352 334 2407 Καὶ
369 2348 543 2406 πάλιν
592 2345 830 2416 ἀλλαχοῦ
882 2343 1117 2399 ἄκουσον
1150 2337 1419 2409 Κυρίλλου
1463 2337 1530 2389 ὲκ
1558 2331 1654 2386 τοῦ
1686 2332 1820 2402 περὶ

228 2444 454 2516 Τριὰδος
479 2441 650 2510 λόγου
675 2455 689 2469 ⁸
734 2435 944 2493 Διττόν
995 2434 1104 2489 τὸν
1156 2431 1250 2502 ἐφ’
1289 2425 1403 2497 Υίῷ
1423 2427 1614 2496 λόγον
1650 2426 1684 2478 ό
1721 2437 1828 2477 σο-

226 2537 493 2608 φώτατος
530 2532 794 2600 Παῦλος,
823 2528 1066 2601 μᾶλλον
1089 2525 1159 2581 δὲ
1177 2525 1424 2595 σύμπας
1452 2523 1485 2576 ό
1500 2516 1620 2575 τῶν
1645 2518 1831 2588 ἁγίων

231 2630 404 2698 χορὸς
463 2623 778 2698 ἐγνώκασι
836 2640 904 2677 τε
980 2620 1080 2675 καὶ
1120 2612 1529 2687 εἰσκομίζουσι
1577 2609 1732 2682 μετὰ
1761 2608 1829 2663 τὸ

226 2721 527 2799 ἐνωθῆναι
569 2719 775 2790 σαρκί.
794 2711 945 2787 Ἆρά
979 2730 1045 2784 γε
1076 2713 1170 2767 τὸν
1197 2708 1374 2765 διττὸν
1407 2707 1494 2777 ἐφ’
1521 2702 1649 2799 Υίῷῇ
1672 2704 1831 2799 λόγον

229 2815 366 2871 κατὰ
393 2795 498 2886 τὴν
534 2813 842 2869 ὑπόστασιν
886 2806 994 2879 φὴς
1031 2802 1337 2876 εἰρηκέναι,
1363 2799 1398 2873 ἢ
1429 2798 1574 2855 κατὰ
1601 2797 1701 2871 τὴν
1729 2795 1833 2866 φύ-

228 2924 344 2976 σιν;
379 2906 447 2962 Ei
483 2905 595 2977 μὲν
623 2903 765 2959 κατὰ
796 2900 895 2974 τὴν
929 2899 1257 2962 ὑπόστασιν,
1283 2894 1394 2949 ἰδοὺ
1431 2889 1607 2947 τὸτοῦ
1629 2888 1834 2943 Νεστο·

233 3001 346 3073 ρίου
378 3000 673 3074 φρόνημα,
719 2998 858 3067 ὅπερ
912 2992 1061 3046 ἐστὶν
1117 2987 1429 3074 ἀσεδὲςῘ-Ει
1467 2984 1527 3040 δὲ
1563 2980 1706 3037 κατὰ
1731 2979 1832 3052 τὴν

231 3071 438 3161 φύσιν,
458 3091 753 3169 σύμφημι,
787 3088 872 3143 ὅτι
897 3086 993 3141 καὶ
1021 3082 1290 3154 Κύριλλος
1317 3071 1422 3135 ὧδε
1459 3074 1830 3169 συμφωνεϊτῇ

232 3183 363 3254 ἁγίᾳ
402 3162 657 3253 τετάρτῃ
717 3176 947 3248 συνόδῳ,
994 3173 1089 3229 δύο
1123 3171 1315 3241 φύσεις
1348 3168 1442 3223 ἐπὶ
1492 3162 1732 3236 Χριστοῦ
1758 3164 1837 3217 st-

231 3275 426 3348 πούσῃ.
461 3272 587 3328 Καὶ
623 3270 814 3343 σχεδὸν
842 3271 903 3324 ὲν
931 3268 1068 3322 πᾶσι
1092 3266 1206 3330 τοῖς
1235 3261 1331 3317 τοῦ
1354 3259 1512 3330 ἁγίου
1546 3256 1834 3341 συγγράμ-

231 3382 390 3443 μασιν
441 3365 610 3438 εὕροι
663 3364 730 3421 ἄν
786 3378 875 3426 τις
922 3362 1111 3426 αὐτόν,
1172 3353 1397 3411 διπλοῦν
1442 3351 1677 3443 λέγοντα.
1736 3350 1830 3402 τὸν

228 3459 464 3530 Χριστὸν
526 3458 676 3529 μετὰ
722 3455 823 3528 τὴν
869 3454 1065 3509 ενωσιν
1116 3449 1260 3506 κατὰ
1315 3447 1501 3520 φύσιν.
1550 3442 1696 3515 Πλὴν
1718 3443 1834 3495 εἱσι-

229 3549 447 3623 αχθήτω
477 3546 645 3612 αὖθις
664 3544 969 3617 Γρηγόριος
989 3543 1018 3597 ό
1048 3543 1140 3597 ἐπὶ
1151 3543 1220 3613 τῇ
1243 3537 1493 3609 θεολογίιι⁸
1505 3532 1835 3606 περιϐόητος

227 3641 284 3692 ὲν
311 3640 392 3713 τῷ
413 3641 557 3711 περὶ
582 3639 714 3695 Υἱοῦ
741 3638 886 3709 λόγῳ
921 3635 1133 3707 συνῳδὰ
1172 3635 1240 3706 τῇ
1280 3629 1415 3702 ἁγίᾳ
1440 3627 1678 3700 τετάρτῃ
1711 3642 1836 3679 συν-

227 3731 328 3803 όδῳ
355 3733 606 3802 φάσκων
639 3745 654 3759 ·
691 3731 835 3796 Θεὸς
857 3728 909 3782 δ’
939 3726 1018 3791 ἂν
1038 3725 1297 3795 λέγοιτο,
1339 3723 1412 3777 οὐ
1463 3718 1570 3775 τοῦ
1610 3719 1831 3787 Λόγου,

226 3823 331 3880 τοῦ
360 3822 680 3895 ὁρωμένου
702 3821 791 3876 δέ.
818 3819 950 3888 Πῶς
971 3819 1080 3890 γὰρ
1093 3816 1170 3877 ἂν
1190 3817 1285 3885 εἴη
1308 3814 1418 3870 τοῦ
1446 3811 1661 3882 κυρίως
1683 3807 1833 3864 Θεοῦ

229 3917 392 3983 Θεὸς,
450 3915 670 3985 ὥσπερ
706 3915 805 3971 καὶ
848 3913 1074 3983 Πατὴρ,
1116 3913 1190 3966 οὐ
1240 3910 1347 3966 τοῦ
1376 3906 1698 3979 ὁρωμένου,
1723 3905 1832 3963 τοῦ

223 4008 425 4078 Λόγου
458 4008 576 4071 ce,-
606 4005 844 4077 Καὶγὰρ
874 4000 954 4075 ἦν
981 4000 1263 4068 διπλοῦς,
1298 3998 1454 4054 ὥστε
1474 3997 1541 4053 τὸ
1561 3996 1680 4069 μὲν
1718 4015 1827 4052 2w-

218 4099 363 4166 ρίως
382 4098 483 4154 ἐπ’
509 4097 761 4169 ἀμφοῖν,
787 4095 853 4150 τὸ
888 4094 957 4149 δὲ
984 4096 1057 4150 οὐ
1107 4094 1348 4162 κυρίως.
1383 4089 1491 4145 Τοῦ
1548 4087 1717 4143 αὐτοῦ
1767 4090 1834 4143 ἐκ

222 4190 318 4244 τοῦ
349 4192 438 4257 εἰς
470 4192 549 4246 τὰ
573 4190 835 4251 Γενέθλια
856 4203 869 4217 °
909 4185 1250 4253 Ἀπεστάλη
1284 4183 1404 4254 μὲν
1427 4183 1559 4253 γὰρ,
1583 4181 1720 4237 ἀλλ’
1750 4181 1833 4249 ὡς

221 4283 553 4355 ἅνθρωπος
584 4297 600 4313 ο
653 4279 912 4347 διπλοῦς
963 4277 1076 4349 γὰρ
1106 4277 1208 4346 ἦν.
1242 4272 1567 4346 Εισαχθῆτω
1606 4272 1703 4328 καὶ
1736 4271 1832 4326 τοῦ

1929 2047 2081 2104 tione
2141 2048 2207 2103 de
2263 2045 2578 2103 Trinitate:
2622 2047 2898 2116 Duplicem
2953 2048 3019 2103 de
3059 2047 3206 2102 Filio
3248 2048 3513 2101 rationem

1926 2137 2354 2207 sapientissimus
2414 2134 2645 2204 Paulus,
2706 2138 2813 2191 imo
2874 2137 3150 2192 universus
3204 2145 3520 2191 “sanctorum

1927 2240 2089 2285 coetus
2145 2239 2470 2302 agnoverunt
2534 2238 2585 2285 et
2640 2230 2861 2284 tradunt
2918 2238 3039 2299 post
3098 2229 3343 2284 unionem
3399 2243 3520 2284 cum

1927 2339 2104 2377 carne.
2126 2322 2481 2393 Duplicemne
2514 2323 2606 2379 ille
2636 2323 2703 2379 de
2722 2322 2863 2378 Filio
2898 2322 3168 2378 rationem
3204 2323 3514 2379 secundum

1930 2414 2273 2486 hypostasim
2307 2414 2511 2486 posuit,
2547 2430 2617 2470 an
2658 2414 2960 2470 secundum
2994 2413 3283 2469 naturam?
3336 2412 3394 2470 Si
3425 2430 3518 2470 se-

1930 2503 2171 2558 cundum
2192 2503 2555 2574 hypostasim,
2588 2503 2822 2560 Nestorii
2848 2503 3102 2559 hmresim
3130 2504 3337 2568 tlrmas,
3371 2501 3520 2573 quod

1931 2595 2162 2667 impium
2195 2606 2320 2664 est;
2379 2597 2428 2652 si
2475 2597 2778 2653 secundum
2820 2604 3094 2662 naturam,
3155 2603 3212 2653 et
3269 2604 3401 2651 tunc
3432 2595 3521 2653 aio

1931 2688 2197 2761 Cyrillum
2229 2690 2392 2744 etiam
2427 2689 2532 2744 hoc
2560 2687 2685 2744 loco
2719 2704 2845 2744 cum
2874 2698 3064 2744 sancta
3093 2700 3288 2759 quarta
3314 2688 3524 2762 synodo

1931 2780 2290 2849 concordare,
2320 2796 2444 2853 quae
2467 2780 2608 2838 duas
2635 2781 2690 2836 in
2742 2780 2963 2837 Christo
2992 2792 3218 2838 naturas
3246 2781 3437 2848 edixit,
3467 2789 3526 2838 et

1935 2873 2050 2931 fere
2074 2873 2329 2931 eumdem
2388 2874 2444 2930 in
2470 2873 2728 2931 omnibus
2757 2873 2876 2930 suis
2901 2873 3316 2930 commentariis
3344 2872 3523 2929 oden-

1892 3012 1911 3025 κ
1935 2967 2055 3035 des,
2097 2966 2373 3038 duplicem
2421 2965 2707 3022 Christum
2739 2975 3075 3022 asserentem
3106 2973 3229 3037 post
3259 2964 3524 3020 unionem

1935 3060 2236 3117 secundum
2295 3068 2575 3115 naturam.
2619 3058 2862 3116 Accedat
2906 3058 3272 3116 nihilominus
3326 3072 3524 3115 rursus

1936 3150 2235 3225 Gregorius
2265 3154 2319 3209 in
2347 3154 2514 3210 rebus
2542 3152 2871 3225 theologieis
2924 3152 3230 3209 tractandis
3286 3150 3525 3223 percele-

1940 3246 2078 3312 bris,
2111 3246 2365 3303 oratione
2390 3245 2458 3302 de
2483 3244 2649 3311 Filio,
2675 3253 2881 3302 sanctae
2918 3254 3130 3317 quarta:
3158 3245 3368 3317 synodo
3388 3259 3523 3301 eon-

1937 3338 2134 3394 formia
2187 3340 2436 3396 scribens
2464 3356 2478 3393 :
2507 3337 2648 3394 Deus
2695 3354 2814 3394 vero
2844 3338 3049 3393 dicetur
3080 3356 3184 3393 non
3225 3336 3402 3405 Verbi,
3429 3333 3522 3394 sed

1936 3430 2106 3498 illius,
2150 3431 2241 3502 qui
2284 3431 2653 3502 conspicitur:
2692 3447 2800 3502 qna
2840 3431 2975 3486 enim
3026 3432 3236 3486 ratione
3267 3430 3366 3486 Dei
3399 3448 3525 3502 pro-
3564 3490 3567 3493 Α

1935 3525 2049 3596 prie
2078 3522 2223 3578 Deus
2253 3524 2434 3596 fuerit,
2458 3524 2904 3595 quemadmodum
2935 3533 2986 3579 et
3021 3522 3209 3589 Pater,
3245 3540 3348 3579 non
3373 3523 3525 3578 illius

1934 3614 2026 3685 qui
2054 3614 2402 3684 conspicitur,
2432 3614 2524 3670 sed
2569 3611 2770 3669 Verbi?
2801 3630 3028 3686 namque
3068 3622 3183 3668 erat
3209 3614 3429 3684 duplex,
3464 3618 3523 3667 ut

1934 3708 2034 3762 hoc
2081 3705 2293 3778 quidem
2315 3704 2529 3776 proprie
2569 3706 2633 3760 de
2672 3704 2951 3772 ambobus,
2987 3705 3086 3758 hoc
3121 3721 3241 3759 vero
3266 3720 3371 3759 non
3395 3719 3523 3775 pro~

1932 3799 2064 3869 prie.
2080 3797 2339 3869 Ejusdem
2368 3797 2422 3852 in
2461 3796 2667 3854 Christi
2689 3795 2833 3853 diem
2863 3797 3134 3852 natalem:
3168 3795 3363 3851 Missus
3382 3795 3523 3851 enim

1933 3899 2034 3957 est,
2066 3889 2156 3945 sed
2187 3899 2246 3944 ut
2274 3888 2452 3955 homo,
2490 3887 2686 3958 duplex
2741 3889 2880 3943 enim
2924 3897 3065 3942 erat.
3119 3888 3358 3943 Accedat
3379 3903 3523 3960 quo—

1933 3999 2040 4056 que
2068 3981 2398 4038 Ambrosius
2430 3976 2856 4059 Mediolanensls
2883 3979 3179 4050 episcopus
3203 3981 3272 4035 ad
3304 3978 3521 4036 Gratia-

1934 4091 2067 4132 num
2100 4075 2515 4147 imperatorem,
2559 4072 2722 4145 cujus
2761 4072 2927 4128 verha
2957 4071 3194 4145 Cyrillus
3240 4074 3295 4128 in
3338 4072 3515 4144 Ephe-

1934 4169 2058 4240 sina
2090 4168 2302 4240 synodo
2328 4166 2594 4223 adversus
2618 4165 2933 4224 Nestorium
2963 4167 3258 4236 produxit:
3290 4164 3520 4222 Conser-
3610 4193 3617 4197 α

1933 4278 2111 4318 ventus
2163 4261 2380 4316 deitatis
2428 4269 2477 4316 et
2537 4261 2718 4315 carnis
2760 4259 3090 4314 discrimen:
3130 4276 3266 4315 unus
3298 4261 3437 4315 enim
3466 4263 3523 4314 in

237 4351 591 4447 ’Λαόροσίου
635 4369 986 4427 Μεδιολάνων
1020 4366 1324 4427 ἐπισκόπου
1354 4365 1491 4437 πρὸς
1533 4363 1834 4437 Γρατιανδν

1933 4367 2159 4427 utraque
2188 4355 2430 4422 loquitur
2467 4351 2568 4409 Dei
2599 4352 2797 4419 Filius,
2829 4356 2964 4408 cum‘
2984 4353 3037 4407 in
3067 4368 3128 4408 eo
3162 4364 3389 4425 utraque
3422 4370 3521 4407 nas

224 4443 489 4535 βασιλέα,
544 4464 743 4537 ⁴Ινγντινα
804 4462 1006 4536 χρῆσιν
1054 4460 1340 4534 προήγαγε
1381 4456 1649 4530 Κύριλλος
1678 4457 1737 4511 ὲν
1764 4458 1832 4530 τῇ

1936 4458 2060 4504 tura
2082 4449 2170 4504 sit.
2208 4449 2278 4504 Et
2299 4449 2415 4504 haec
2440 4447 2662 4519 quidem
2691 4444 2828 4503 satis
2856 4443 3067 4502 fuerint
3089 4444 3155 4500 ad
3181 4444 3521 4516 probandam

223 4532 346 4615 παιδ’
378 4532 637 4630 Ἔφεσον
665 4532 870 4626 συνόδῷ
898 4532 1042 4611 πατὰ
1083 4532 1385 4622 Νεστορίου
1407 4568 1422 4582 ο
1463 4548 1834 4621 Φυλάξωμεν

1936 4540 2357 4597 consensionem
2389 4543 2600 4594 sanctae
2630 4546 2837 4609 quartae
2894 4536 3091 4607 synodi
3137 4551 3264 4592 cum
3293 4534 3521 4608 Cyrillo,

217 4650 333 4719 τὴν
361 4626 680 4720 διαέρορὰν
703 4647 816 4716 τῆς
856 4646 1143 4723 θεότητος
1176 4643 1275 4699 καὶ
1312 4641 1423 4712 τῆς
1459 4643 1719 4712 σαρκός·
1747 4641 1835 4709 εἷς

1936 4644 1992 4692 et
2039 4634 2164 4690 aliis
2216 4632 2504 4698 Patribtts,
2564 4645 2778 4686 necnon
2833 4637 2889 4684 et
2951 4629 3162 4701 synodo
3219 4626 3521 4699 Ephesina.

219 4745 330 4813 γὰρ
366 4743 444 4796 ἐν
472 4739 738 4808 ἑκατέρᾳ
770 4720 949 4794 λαλεῖ
996 4740 1031 4793 δ
1089 4735 1198 4791 τοῦ
1229 4734 1381 4793 Θεοῦ
1424 4736 1587 4803 Υἱός·
1617 4732 1830 4804 ἐπειδὴ

1938 4726 2095 4795 Quod
2139 4725 2187 4781 si
2221 4724 2502 4781 sermonis
2532 4723 2824 4795 prolixitas
2856 4737 2965 4779 non
3013 4722 3347 4792 prohiberet,
3381 4720 3524 4779 forte

216 4835 284 4887 ἐν
327 4832 512 4899 αὐτῷ
566 4831 818 4900 ἑκατέρα
864 4830 1054 4900 φύσις
1110 4828 1309 4883 ἐστίν.
1372 4826 1556 4881 Ἱκανὰ
1603 4827 1704 4897 μὲν
1739 4825 1834 4880 καὶ

1933 4821 2233 4894 plerisque,
2259 4828 2313 4876 et
2339 4817 2454 4875 fere
2486 4818 2815 4884 innumeris,
2844 4824 2905 4871 ut
2935 4816 3009 4871 ita
3040 4816 3244 4880 dicam,
3274 4815 3517 4871 testimo-

218 4926 397 4982 ταῦτα
414 4927 786 4997 παραστῆσαι
805 4925 905 4993 τὴν
922 4920 1243 4994 συμφωνίαν
1265 4919 1362 4990 τῆς
1373 4918 1537 4989 ἁγίας
1564 4918 1833 4991 τετάρτης

1933 4913 2044 4970 niis
2063 4929 2129 4969 ex
2158 4913 2362 4969 divinis
2398 4910 2668 4982 Eloquiis,
2698 4917 2749 4964 et
2788 4907 3010 4962 Patrum
3033 4905 3293 4978 operibus
3314 4906 3518 4978 petitis,

1935 5020 2149 5062 necnon
2185 5003 2528 5076 gravissimis
2577 5016 2642 5056 ac
2694 4999 3029 5075 ﬁrmissimis
3084 4999 3518 5071 argumentatio-

1934 5099 2099 5154 nibus
2124 5097 2178 5152 in
2211 5097 2450 5152 medium
2477 5094 2657 5150 allatis
2690 5104 2896 5148 sanctae
2928 5100 3139 5162 quarta:
3170 5090 3362 5162 synodi
3393 5107 3517 5147 eum

1935 5192 2059 5251 aliis
2087 5191 2264 5246 tribus
2288 5199 2343 5244 et
2382 5189 2498 5259 ipsa
2527 5186 2756 5242 veritate
2796 5182 3152 5242 concordiam
3189 5185 3518 5254 comproba-

1935 5300 2150 5352 remus;
2177 5282 2272 5339 sed
2305 5296 2430 5335 cum
2477 5279 2653 5335 oratio
2691 5287 2879 5349 aperte
2925 5277 2980 5334 id
3031 5274 3515 5339 demonstraverit,

1937 5380 2100 5434 ﬁnem
2151 5375 2360 5448 ponito,
2401 5383 2646 5430 sanctam
2711 5381 2967 5442 quartam
3010 5368 3285 5443 synodum
3332 5366 3517 5423 convi-

1935 5470 2142 5537 ciandi,
2200 5468 2247 5524 si
2289 5476 2396 5523 tuae
2428 5475 2482 5522 te
2536 5464 2734 5520 salutis
2780 5462 3023 5520 studium
3058 5468 3227 5527 tenet,
3276 5473 3376 5513 nec
3419 5472 3516 5513 eos

1936 5561 2231 5627 aversaris,
2288 5559 2382 5629 qui
2426 5571 2493 5617 eo
2545 5555 2812 5625 temporis
2862 5551 3147 5607 hominum
3207 5547 3519 5619 frequentia

1937 5650 2292 5724 conspicuam
2318 5649 2465 5704 illam
2493 5645 2766 5720 synodum
2802 5642 2925 5714 cogi
2953 5642 3336 5705 decreverunt,
3358 5643 3415 5693 et
3434 5637 3515 5693 Ie-

1935 5746 2145 5821 gitime,
2178 5755 2521 5813 quaecunque
2560 5738 2614 5793 in
2649 5752 2713 5792 ea
2754 5743 2876 5790 acta
2904 5741 3068 5800 sunt,
3095 5732 3318 5787 decreto
3347 5730 3513 5784 etiam

1935 5854 2037 5896 suo
2067 5836 2469 5897 stabiliverant,
2504 5830 2865 5896 Marcianum,
2920 5827 3164 5897 inquam,
3197 5836 3254 5882 et
3277 5822 3513 5880 Pulche—

1938 5931 2111 6000 riatn,
2162 5927 2258 5998 qui
2307 5938 2659 5997 summopere
2710 5920 3055 5992 maiestatem
3104 5915 3511 5990 imperatoriam

219 5021 450 5075 συνόδου
483 5017 637 5090 μετά
682 5016 958 5089 Κυρίλλου
1012 5015 1108 5068 καὶ
1158 5012 1267 5066 τῶν
1296 5011 1500 5066 λοιπῶν
1547 5012 1830 5083 Πατέρων,

217 5115 314 5170 καὶ
362 5116 480 5187 τῆς
536 5116 599 5170 ὲν
659 5113 877 5184 Ἐφέσῳ
917 5111 1161 5169 συνόδου.
1207 5110 1319 5165 Καὶ
1359 5109 1410 5162 εἰ
1453 5109 1531 5181 μή
1560 5125 1645 5172 τις
1672 5108 1831 5176 λόγου

214 5206 449 5273 ἔκτεισις
477 5204 780 5270 διεκώλυε,
806 5204 948 5274 τάχα
977 5203 1044 5261 ἂν
1069 5201 1294 5267 πολλαῖς
1324 5201 1420 5255 καὶ
1453 5200 1640 5272 σχεδὸν
1658 5201 1833 5254 εἰπεῖν

218 5299 485 5369 ἀπείροις
544 5299 903 5372 μαρτυρίαις,
960 5295 1026 5349 εκ
1057 5312 1117 5350 τε
1154 5292 1456 5366 Γραφικῶν
1483 5292 1704 5363 λογίων,
1740 5292 1835 5346 καὶ

216 5391 538 5460 [ἰατρικῶν
600 5390 1076 5462 συγγραμμάτων,
1136 5387 1235 5442 καὶ
1282 5387 1668 5457 συλλογισμοῖς
1694 5386 1832 5439 ἀπο·-

215 5479 538 5539 δεικτικοῖς
567 5483 929 5549 χρησάμενοι,
966 5480 1246 5553 παριστᾷν
1293 5479 1511 5550 εἴχομεν
1542 5476 1641 5546 τῆς
1670 5475 1835 5545 ἁγίας

217 5574 514 5645 τετάρτης
558 5567 781 5627 συνόδου
829 5567 933 5640 τὴν
973 5572 1298 5640 συμφωνίαν
1331 5569 1469 5642 πρὸς
1499 5571 1619 5632 ταῖς
1644 5568 1834 5632 ἄλλαις

216 5665 405 5735 τρισὶν
460 5661 662 5731 ἁγίαις
705 5658 968 5724 συνόδοις,
1018 5657 1115 5712 καὶ
1162 5661 1300 5730 πρὸς
1341 5660 1511 5731 αὐτὴν
1549 5658 1831 5731 ἀλήθειαν.

227 5757 389 5811 Ἐπεὶ
425 5754 539 5810 οὖν
576 5755 604 5808 ὁ
628 5753 787 5823 λόγος
815 5749 1062 5822 ἐναργῶς
1101 5749 1252 5803 τουτὶ
1282 5750 1654 5822 παρέστησεν,
1693 5748 1832 5804 ἀπό-

217 5846 381 5917 στηοι
397 5844 508 5900 τοῦ
534 5844 816 5916 διασύρειν
836 5843 935 5913 τὴν
949 5841 1109 5911 ἁγίαν
1127 5840 1397 5912 τετάρτην
1420 5839 1656 5906 σύνοδον,
1676 5841 1833 5911 εἰπερ

215 5937 315 6007 τὴν
364 5934 591 5991 ἑαυτοῦ
647 5935 860 6007 ἐπισπᾷ
890 5931 1186 6005 σωτηρίαν,
1227 5931 1468 5996 καὶτοὺς
1498 5932 1620 5987 κατ’
1655 5933 1833 5986 ἐκεῖνο
