2032 3198
265 204 319 237 623

902 199 1050 231 NICET/E
1063 200 1268 243 ΒΥΖΑΝᾘΝΙ

1855 202 1907 234 εει

266 265 347 288 recta:
371 257 432 286 iidc'i
454 257 582 286 sensibus
601 262 756 292 czcteraque
783 257 850 284 recti
866 257 972 284 ordinis
994 264 1060 284 con-

1119 258 1217 292 καιροῦ
1252 257 1303 293 τὴν
1332 256 1497 293 πολύανδρον
1531 257 1641 293 ἐκείνην
1673 257 1909 293 συναθροισθεῖσαν

266 306 422 335 servatione
451 304 681 332 condccorarunt.
705 302 794 331 Tanto
817 304 890 331 enim
913 301 1059 331 Pulclteria

269 350 552 381 immaculatissimatn
566 349 710 384 Deiparam
726 348 840 376 Mariam
850 370 857 382 ,
872 348 985 376 Matrem
998 355 1058 375 eam

267 396 375 425 Domini
392 395 510 422 ﬁdeliter
529 395 709 429 compellans,
728 399 756 422 et
770 394 816 422 Dei
837 394 1010 430 genitricem,
1032 397 1061 421 et

267 442 370 478 ingenti
384 442 437 470 lide
454 448 597 474 venerans,
613 442 687 468 cultu
703 440 930 476 prosequebatur,
944 443 972 466 ut
986 444 1061 466 tem—

267 489 360 523 pla,ct
379 487 554 522 potissimum
570 486 598 513 in
618 486 711 521 regina
726 486 777 514 hac
794 485 903 513 urbium
918 485 970 512 sub
988 485 1061 512 illius

268 535 391 567 nomine,
406 542 489 569 quam
505 533 637 564 maxima,
658 532 993 568 pulcherrima,omnique
1015 539 1060 558 or-

269 586 335 608 natu
352 580 513 615 conspicua,
530 579 647 614 singulis
659 578 823 613 cognomine
838 585 871 606 ex
886 577 956 609 loco,
967 578 994 604 in
1006 584 1061 612 quo

268 634 407 657 exstructa
434 632 509 660 sunt,
526 627 625 659 indito,
642 626 854 654 exaediiicaverit
871 634 919 661 per
932 633 964 653 ea
978 625 1052 652 inlen

268 683 327 703 sam
346 675 407 702 ﬁdei
428 675 454 701 in
470 673 768 705 immaculatissintam,
784 676 812 699 et
837 671 981 707 Deiparam
1004 669 1045 697 Ma

268 723 339 749 riam
359 720 509 748 voluntatis
527 719 735 747 inclinationem
750 726 808 746 suae
824 718 955 745 omnibus
968 722 1047 743 oslcn

268 769 346 795 dens.
370 767 520 802 Propterea
547 766 672 801 improbe
698 773 770 798 eam,
795 772 846 792 nec
872 764 911 791 uti
936 771 985 798 par
1001 767 1062 795 est,

269 813 348 849 quasi
361 820 424 840 cum
449 811 575 840 Nestorio
597 811 719 844 sentiret,
737 810 893 841 insimulas.
912 809 1062 836 dummodo

268 865 294 887 et
305 860 363 895 ipse
378 858 521 893 Deiparam
538 857 646 884 Domini
662 856 775 884 Matrem
791 863 938 892 agnoscas.

1111 303 1222 331 σύνοδον
1243 303 1365 339 βασιλεῖς
1392 303 1549 339 ὁρίσαντας,
1561 305 1609 330 καὶ.
1630 304 1759 339 ἐννόμως
1774 305 1864 332 πάντα
1877 308 1910 333 τὰ

1111 351 1140 377 ὲν
1163 351 1232 387 αὺτῇ
1261 350 1418 386 πραχθέντα
1444 350 1637 383 κελεύσαντας,
1661 351 1825 387 Μαρκιανόν
1842 360 1928 387 φημι-

1112 396 1160 423 καὶ
1174 396 1354 432 Πουλχερίαν,
1370 396 1395 423 οἳ
1415 396 1542 431 μεγάλως
1563 396 1612 431 τὴν
1629 396 1771 431 βασίλειον
1785 397 1910 430 ἐξουσίαν

1113 442 1255 478 ὸρθοδοξίᾳ
1270 442 1340 478 μετὰ
1355 442 1404 469 καὶ
1420 442 1471 477 τῆς
1487 442 1584 478 λοιπῆς
1596 442 1728 476 εὐταξίας
1742 444 1911 479 ἐκόσμησαν.

1113 487 1247 515 Τοσοῦτον
1269 488 1323 524 γὰρ
1352 488 1453 524 περιῆν
1471 489 1502 515 τὸ
1521 489 1602 520 σέὖας
1623 490 1655 525 τῇ
1678 489 1835 525 Πουλχερίᾳ
1848 491 1913 525 πρὸς

1112 532 1162 568 τὴν
1178 534 1316 568 πάναγνον
1333 535 1381 561 καὶ
1404 534 1535 562 Θεοτόκον
1550 535 1672 571 Μαρίαν,
1689 538 1801 571 μητέρα
1821 545 1851 563 τε
1867 537 1912 563 τοῦ

1113 577 1218 613 Κυρίου
1246 579 1351 615 ταύτην
1373 579 1476 611 πιστῶς
1498 580 1676 617 ἀποκαλοὺσῃ
1702 581 1753 607 καὶ
1774 581 1913 613 Θεοτόκον,

1114 624 1160 650 καὶ
1178 625 1248 658 μετὰ
1264 625 1384 658 πίστεως
1407 626 1508 662 πολλῆς
1529 627 1633 662 ταύτην
1651 627 1803 663 σεϐομένῃ,
1820 628 1858 659 ὡς
1870 630 1914 655 καὶ

1113 669 1195 700 ναοὺς
1212 670 1422 705 κατ’ἐξαίρετον
1447 672 1476 698 ἐν
1503 673 1536 707 τῇ
1558 672 1743 708 βασιλευούσῃ
1771 673 1849 699 πόλει
1871 674 1913 699 ἐπ’

1114 714 1228 749 ὀνόματι
1241 715 1291 750 τῆς
1304 716 1477 752 Θεομήτὸρος
1501 717 1648 751 μεγίστους
1665 718 1715 743 καὶ
1739 718 1913 752 περικαλλεῖς

1117 759 1165 786 καὶ
1190 761 1447 797 κατηγλαῐσμένους
1463 762 1619 797 δείμασθαι,
1641 764 1693 799 τὴν
1706 764 1871 799 ἐπωνυμίαν
1885 765 1913 790 ὲκ

1112 804 1166 832 τῶν
1183 806 1275 834 τόπων
1292 808 1418 842 ἕκαστον,
1435 810 1464 836 ὲν
1488 806 1510 843 ᾧ
1524 809 1712 852 ᾠκοδόμηντο,
1738 810 1869 844 λαϐόντα,
1882 811 1914 837 δι’

1116 852 1207 879 αὐτῶν
1222 854 1252 880 τὸ
1270 854 1371 889 θερμὸν
1388 855 1438 890 τῆς
1469 855 1588 887 πίστεως
1602 857 1687 892 αὐτῆς
1713 858 1764 892 τῆς
1783 857 1851 892 πρὸς
1867 856 1914 892 τὴν

267 906 405 940 πάναγνον
421 905 469 931 καὶ
483 903 613 930 Θεοτόκον
626 902 738 938 Μαρίαν
753 903 835 929 πᾶσιν
853 899 1059 936 ὲνδεικνυμένη.
1081 898 1130 925 Διά
1143 906 1185 925 τοι
1202 899 1290 932 τοῦτο,
1304 900 1364 927 οὐδὲ
1392 900 1431 932 ὡς
1455 900 1489 928 τὰ
1511 901 1659 937 Νεστορίου
1695 901 1851 937 φρονοῦσαν
1878 902 1916 928 δεῖ

268 962 299 979 σε
314 952 400 988 αὑτὴν
418 951 568 987 διασύρειν,
587 951 644 985 εἴγε
658 951 705 977 καὶ
720 950 801 981 αὐτὸς
816 949 947 976 Θεοτὸκον
963 946 1104 984 ὁμολογεῖς
1117 946 1166 980 τὴν
1180 946 1227 973 τοῦ
1239 947 1343 982 Κυρίου
1354 948 1480 983 Μητέρα,

306 999 348 1026 12.
359 998 427 1026 Illud
434 1005 544 1033 quoque
559 997 585 1024 in
595 997 709 1032 cpistola
719 1001 772 1024 tua:
783 995 1017 1031 magnanimitatis
1027 995 1063 1020 in-

1158 991 1202 1027 ιβ’.
1225 994 1384 1029 Ἐνεφέρετο
1396 994 1424 1021 δὲ
1442 995 1488 1021 καὶ
1501 994 1580 1021 τοῦτο
1599 994 1629 1021 ἐν
1651 993 1693 1030 τῷ
1708 993 1858 1030 γράμματι
1870 993 1917 1028 τῆς

268 1045 411 1073 serebatur
427 1053 434 1071 :
448 1044 536 1071 Multa
559 1052 694 1078 possemus
711 1043 861 1070 testimonia
876 1042 908 1069 de
927 1049 969 1075 ea,
983 1049 1063 1076 quant

268 1100 313 1118 nos
323 1083 478 1123 statuimus,
487 1099 540 1117 una
549 1098 639 1125 nempe
648 1089 746 1117 Clariin
758 1094 856 1116 natura
862 1094 921 1124 post
935 1089 1060 1115 unionem

267 1137 396 1163 sententia
403 1135 558 1170 producere,
568 1143 613 1161 nec
626 1135 658 1161 ab
667 1143 697 1161 ea
709 1134 797 1161 aliena
806 1135 833 1160 in
847 1134 964 1160 medium
976 1133 1062 1168 affer-

267 1190 314 1209 re:
330 1186 508 1208 verumtamen
524 1189 582 1207 cum
594 1181 621 1207 in
633 1185 685 1207 tua:
702 1180 854 1207 sanctitalis
872 1179 972 1214 scripto
987 1178 1063 1205 nulla

268 1227 545 1255 inessent-divinorum
566 1225 680 1253 Patrum
697 1226 860 1259 testimonia,
874 1233 957 1261 neque
972 1233 1019 1252 nos
1032 1233 1063 1252 ea

268 1274 462 1309 recollegintus.
478 1273 533 1301 Nos
549 1273 729 1300 nihilominus
745 1277 797 1299 tua:
812 1272 905 1307 gloria:
917 1271 1063 1299 c0nsulen-

268 1327 319 1354 tes,
336 1328 409 1348 nunc
424 1320 514 1355 proiis
530 1320 566 1347 ita
577 1319 754 1347 enuntiamus
767 1328 773 1345 :
785 1318 862 1346 Hand
877 1318 954 1346 decet
967 1322 1004 1349 te.
1022 1321 1065 1344 nt-

269 1373 379 1400 cunque
398 1369 425 1393 et
443 1370 474 1392 ut
484 1364 593 1392 occasio
614 1364 716 1397 tulerit,
735 1364 767 1391 de
789 1363 841 1391 ﬁde
851 1366 878 1391 et
890 1363 1064 1398 dogmatibus

268 1411 427 1438 tcstitnOnia
440 1409 552 1437 Patrum
568 1409 748 1445 recolligere:
765 1409 806 1436 sic
823 1409 896 1436 enim
914 1413 941 1435 et
957 1408 1064 1435 divinos

269 1458 331 1485 illos
345 1456 440 1484 Patres
470 1457 496 1484 in
510 1457 613 1483 crimen
630 1456 766 1488 adduces,
784 1460 811 1482 et
833 1455 881 1482 tibi
905 1458 1006 1482 sartam
1026 1459 1067 1481 tc—

267 1508 341 1530 ctam
350 1502 410 1530 lidci
421 1502 553 1529 rationem
564 1509 618 1528 non
630 1501 818 1529 conservabis.
834 1499 916 1527 Multa
929 1499 1066 1535 siquidem

265 1548 398 1576 I’atribus
415 1548 473 1576 sive
500 1555 549 1583 per
575 1548 777 1582 metaphoram,
798 1546 858 1574 sive
882 1554 932 1582 per
946 1545 1068 1581 aequivo-

268 1595 417 1628 cationem,
430 1595 487 1622 sive
492 1602 546 1629 per
556 1593 777 1625 conversionem,
796 1593 855 1621 sive
866 1593 921 1620 alio
934 1592 1066 1627 quopiam

1118 1040 1168 1074 σῇς
1184 1040 1373 1074 μεγαλονοίας,
1398 1041 1440 1067 ὅτι
1468 1041 1590 1073 Πολλὰς
1608 1041 1735 1075 εἴχομεν
1757 1042 1916 1075 μαρτυρίας

1117 1085 1254 1121 περὶτῆς
1267 1082 1430 1122 παρ”ἠμῖν
1455 1087 1720 1122 ὃοῃιατιζομένης,
1745 1087 1844 1122 ἤγουν
1866 1086 1917 1120 τῆς

1114 1132 1185 1167 μιᾶς
1199 1133 1320 1167 φύσεως
1336 1134 1392 1161 τοῦ
1407 1134 1539 1168 Χριστοῦ
1555 1134 1631 1168 μετὰ
1644 1134 1707 1168 τὴν
1721 1133 1836 1160 ἕνωσιν
1849 1134 1916 1167 ὁμου·

1116 1179 1222 1213 λογίας
1242 1180 1406 1214 παριστᾷν,
1433 1180 1481 1207 καὶ
1503 1180 1604 1207 πολλὰ
1628 1176 1680 1207 τοῦ
1705 1180 1820 1215 λέγειν,
1841 1179 1917 1207 ἀλλὰ

1115 1225 1164 1252 διὰ
1180 1226 1212 1252 τὸ
1228 1226 1306 1260 μηδὲ
1322 1227 1358 1254 ἐν
1372 1227 1412 1260 τῷ
1438 1227 1584 1262 γῃάμματι
1609 1227 1665 1262 τῆς
1692 1227 1759 1262 σῆς
1790 1227 1915 1262 ἁγιωσύ-

1114 1281 1171 1305 νης
1187 1271 1245 1299 τῶν
1253 1274 1406 1307 θεοφόρων
1413 1273 1530 1307 ἀνδρῶν
1541 1274 1577 1300 οὺ
1587 1273 1723 1308 περιεῖχε
1738 1273 1914 1309 μαρτυρίας,

1115 1317 1187 1345 οὐδὲ
1216 1319 1304 1353 ἡμεῖς
1328 1319 1548 1355 ἑνεγράψαμεν.
1561 1319 1633 1355 Πλὴν
1649 1319 1695 1346 οὖν
1717 1319 1916 1350 διευθετοῦντες

1115 1364 1164 1400 τὴν
1181 1364 1230 1401 σὴν
1246 1364 1383 1398 εὔκλειαν,
1399 1366 1445 1393 καὶ
1459 1366 1488 1392 ἐν
1502 1366 1608 1397 τούτοις
1617 1366 1702 1393 τανῦν
1720 1366 1848 1400 λέγομεν·
1861 1364 1914 1399 Οὐχ

1115 1410 1221 1445 ἁπλῶς,
1237 1411 1284 1438 καὶ
1309 1412 1347 1444 ὡς
1363 1411 1452 1446 ἔτυχε,
1479 1412 1520 1439 δεῖ
1542 1421 1571 1438 σε
1599 1413 1759 1448 μαρτυρίας
1784 1412 1913 1447 Πατέρων

1117 1458 1182 1493 περὶ
1200 1458 1318 1490 πίστεως
1334 1458 1382 1484 καὶ
1396 1458 1540 1493 δογμάτων
1558 1458 1758 1493 ἀναλέγεσθαι.
1780 1458 1857 1485 Ἐπεὶ
1869 1457 1914 1483 καὶ

1116 1504 1179 1535 τοὺς
1194 1504 1283 1535 θείους
1296 1504 1422 1540 Πατέρας
1442 1505 1597 1539 ἐγκλήματι
1629 1504 1849 1540 περιγράψειας,
1869 1503 1914 1531 καὶ

1118 1549 1147 1575 σὲ
1164 1549 1243 1585 ἀσινῆ
1259 1550 1298 1581 εἰς
1312 1550 1356 1577 τὸν
1376 1552 1425 1585 τῆς
1440 1550 1559 1582 πίστεως
1570 1551 1648 1585 λόγον
1658 1552 1689 1577 οὐ
1705 1551 1911 1586 διατηρήσειας.

1120 1594 1207 1621 Πολλὰ
1221 1594 1275 1629 γὰρ
1290 1596 1346 1627 τοῖς
1359 1596 1483 1631 Πατράσι
1495 1597 1564 1631 πρὸς
1573 1596 1759 1631 κατάχρησιν,
1772 1597 1831 1632 ἦτοι
1843 1595 1912 1622 κατὰ

269 1642 353 1670 modo
376 1641 517 1669 vocabulis
540 1640 716 1668 abutentibus
741 1639 877 1667 excidisse
893 1638 1063 1673 comperien-

1121 1640 1289 1676 μεταφορὰν,
1319 1641 1336 1676 ἢ
1361 1641 1532 1676 ὁμωνυμίαν,
1548 1641 1563 1677 ἢ
1581 1642 1779 1678 ἀντιστροφὴν,
1796 1641 1812 1677 ἢ
1829 1640 1913 1671 ἄλλως

270 1693 324 1715 tnr.
341 1686 482 1719 Quinimo,
496 1690 524 1713 et
537 1685 636 1713 divinae
649 1685 768 1717 Litterae,
780 1689 808 1712 et
821 1692 889 1712 usus
901 1685 938 1712 ita
952 1685 1066 1711 nomina

269 1736 452 1768 pertractant.
473 1731 506 1758 Et
523 1731 678 1766 conspicito
694 1730 763 1758 mihi
777 1731 866 1766 ipsum
885 1731 996 1758 beatum
1014 1729 1067 1765 Cy-

270 1779 361 1806 rillum
381 1778 542 1813 hypostases
566 1780 738 1804 naturarum.
758 1780 784 1803 et
805 1780 920 1803 naturas
935 1776 1065 1811 hyposta-

270 1834 336 1854 seon
352 1826 413 1854 loco
428 1826 620 1860 aecipicntem.
638 1824 725 1858 Quale
747 1824 813 1851 illud
829 1828 871 1851 est
885 1832 892 1851 ξ
905 1822 934 1851 Si
950 1824 1009 1859 quis
1023 1823 1065 1849 di-

269 1872 334 1899 vidit
347 1871 511 1907 [typos-lases.
524 1870 699 1905 Rursumque
716 1870 844 1897 idemmet
858 1870 925 1897 dicit
941 1880 948 1897 :
968 1869 1062 1897 Ιιιιυησ

270 1916 339 1951 Ῑιιειε
360 1921 564 1951 permanserunt
588 1919 704 1948 naturae,
723 1915 877 1950 Ityposlases
894 1923 995 1949 nempe.
1010 1915 1067 1942 Ma-

270 1969 341 1997 gnus
352 1962 435 1988 etiam
451 1960 630 1994 Athanasius,
642 1965 670 1988 et
686 1968 819 1996 personas
832 1961 859 1987 in
875 1959 985 1988 Christo
998 1961 1067 1989 duas

270 2014 332 2034 esse
346 2006 494 2038 contendit,
510 2014 572 2041 qua:
595 2006 648 2034 nisi
662 2006 725 2041 quis
747 2011 863 2039 asserat,
884 2007 957 2034 dicta
973 2014 1032 2034 esw
1051 2014 1067 2034 a

269 2052 397 2080 Patribus
408 2073 415 2085 ,
434 2053 474 2080 sic
492 2052 635 2080 vocabulis
648 2052 834 2086 abutentibus,
852 2052 962 2080 eosdem
978 2052 1067 2080 hatre-

270 2106 334 2126 seos
348 2104 411 2125 nota
430 2097 587 2131 iniamahit,
608 2102 637 2125 et
650 2105 682 2126 ex
700 2098 734 2126 iis
748 2098 921 2126 orationibus
942 2098 1067 2126 testimo-

271 2145 317 2173 nia
339 2152 490 2180 congerens
512 2144 564 2172 sibi
593 2144 645 2179 ipsi
671 2149 698 2171 ct
730 2145 792 2172 aliis
818 2144 938 2172 maxima
966 2144 1068 2172 incom-

271 2193 351 2220 moda
369 2192 550 2227 comparabit.
568 2192 763 2219 Verutntann-n
785 2193 864 2220 dictae
879 2192 1066 2225 auctoritates,

271 2239 295 2266 si
311 2239 354 2265 cui
370 2238 396 2265 id
416 2238 442 2265 in
458 2238 551 2265 animo
565 2237 657 2271 iuerit,
675 2246 707 2265 ex
729 2239 828 2266 divinis
856 2238 985 2266 Patribus
1004 2239 1068 2266 seli-

272 2285 366 2320 geudm
391 2289 467 2317 sunt,
490 2292 551 2311 cum
573 2284 612 2311 illi
637 2285 670 2312 de
695 2285 776 2313 rebus
792 2286 955 2318 decernunt,
978 2289 1005 2313 et
1020 2285 1067 2312 de-

272 2331 440 2363 terminant,
469 2330 664 2366 propriamque
697 2332 860 2368 sententiam
905 2331 1065 2364 declarant,

271 2377 352 2412 quale
369 2377 452 2404 fuerit
467 2377 499 2404 de
513 2381 609 2403 natura
632 2382 671 2404 οι·
690 2377 829 2412 hyposlasi
847 2385 862 2404 a
878 2385 976 2412 magno
992 2376 1068 2404 Basi-

272 2423 310 2450 lio
326 2424 477 2456 decrctnm,
495 2423 541 2458 qtti
567 2423 638 2451 inter
652 2431 684 2451 ea
700 2423 849 2451 discrimen
876 2423 988 2458 apponit
1012 2431 1066 2451 non

273 2469 358 2502 aliud,
377 2476 460 2505 quant
495 2476 550 2504 quo
571 2469 725 2497 universale
749 2475 775 2496 et
794 2469 932 2505 singulare
953 2469 1023 2497 inter
1038 2478 1068 2497 se

272 2516 404 2543 diﬂ'erunt
421 2525 428 2543 :
444 2516 486 2543 vel
503 2524 558 2551 quo
572 2515 638 2551 ipsi,
659 2516 722 2544 licet
740 2516 767 2543 in
785 2515 848 2544 aliis
860 2515 988 2551 plurimis
1002 2523 1068 2551 ope-

272 2562 349 2589 ribus
377 2562 540 2594 abutuntur,
570 2562 597 2589 in
627 2562 682 2589 alio
710 2566 801 2589 tamen
817 2568 910 2596 opere,
927 2562 993 2597 quid
1017 2563 1066 2597 ipsi

232 2631 235 2634 .
272 2608 404 2642 sentiant,
430 2612 459 2636 et
475 2616 623 2644 quamnam
641 2608 693 2642 ipsi
717 2609 752 2635 ob
769 2616 881 2636 causam
895 2609 975 2636 abusi
991 2613 1066 2642 sunt,

272 2654 425 2689 explanant
439 2662 446 2681 :
461 2654 504 2682 vel
516 2661 559 2686 ea,
578 2654 606 2681 in
623 2654 722 2688 quibus
741 2655 862 2689 plerique
876 2655 987 2682 Patrum
1005 2663 1068 2682 con-

272 2700 400 2733 cordant,
416 2700 457 2727 vel
469 2708 529 2735 qua:
541 2700 665 2735 synodali
678 2700 787 2728 decreto
802 2701 909 2729 ﬁrmata
924 2706 998 2733 sunt,
1013 2710 1067 2730 non

271 2752 364 2774 autent
380 2754 423 2780 ea,
441 2754 502 2781 qua:
522 2746 573 2781 ipsi
595 2746 668 2774 aliud
689 2752 802 2782 agentes
822 2748 925 2783 scripto
944 2748 1066 2776 tradide-

273 2795 349 2821 runt,
377 2790 405 2818 in
430 2790 532 2826 quibus
555 2791 656 2826 smpius
681 2792 860 2826 exponendis,
884 2793 950 2820 dum
967 2793 1066 2828 aliquis

273 2836 456 2872 neglige-otius
474 2844 504 2865 se
520 2837 599 2872 gerit,
612 2837 778 2865 dictionibus
799 2838 924 2866 abutitur
939 2846 954 2866 a
967 2840 1066 2867 vestris

238 2901 239 2904 η
274 2883 486 2918 cogitationibus
504 2885 537 2910 ad
563 2885 615 2912 hoc
635 2884 723 2920 ipsum
747 2885 907 2917 distractus,
927 2886 969 2913 vel
994 2887 1065 2921 quod

273 2926 459 2962 aptitudinntu
478 2928 580 2956 nullam
596 2929 703 2958 habens
727 2930 753 2957 in
777 2936 924 2965 promptu,
946 2932 987 2959 vel
1002 2940 1064 2960 cum

1118 1695 1177 1718 πως
1191 1686 1266 1712 ἐστιν
1281 1686 1372 1723 εὑρεῖν
1385 1686 1526 1721 λέγοντας,
1538 1688 1586 1714 καὶ
1596 1688 1627 1714 οὑ
1643 1688 1725 1722 μόνον
1743 1688 1831 1719 τουτὶ,
1848 1686 1913 1713 ἀλλὰ

1117 1733 1165 1760 καὶ
1179 1734 1208 1760 αἱ
1221 1733 1293 1760 θεῖαι
1319 1733 1429 1769 Γραφαὶ
1455 1733 1503 1761 καὶ
1518 1735 1534 1769 ὴ
1552 1734 1682 1770 συνήθεια
1701 1734 1792 1767 οὕτως
1808 1734 1842 1760 τὰ
1856 1732 1912 1759 ὀνό-

1119 1788 1191 1815 ματα
1219 1781 1452 1816 μεταχειρίζεται.
1475 1781 1530 1808 Καὶ
1556 1780 1606 1807 θέα
1626 1790 1670 1816 μοι
1696 1782 1747 1808 καὶ
1772 1780 1854 1809 αὐτὸν
1869 1779 1913 1805 τὸν

1119 1826 1255 1861 μακάριον
1279 1826 1414 1861 Κύρι).λον
1445 1826 1497 1858 τὰς
1521 1826 1685 1858 ὑποστάσεις
1702 1827 1765 1854 ἀντὶ
1789 1826 1844 1853 τῶν
1865 1825 1914 1859 φὺ-
1950 1824 1953 1826 ’

1118 1880 1200 1905 σεων,
1214 1871 1321 1904 καὶτὰς
1336 1872 1433 1907 φύσεις
1448 1872 1508 1899 ἀντὶ
1541 1873 1596 1899 τῶν
1614 1873 1796 1900 ὑποστάσεων
1813 1872 1914 1906 ἐκλαμ-

1118 1917 1244 1945 6ἀνοντα.
1255 1916 1318 1944 Οίόν
1330 1926 1412 1953 φημι·
1426 1917 1462 1945 El
1476 1927 1522 1951 τις
1533 1918 1644 1952 διαιρεῖ
1651 1919 1704 1952 τὰς
1715 1917 1914 1949 ὑποστάσεις.

1117 1965 1173 1991 Καὶ
1189 1964 1269 1991 πάλιν
1283 1965 1296 1991 ὸ
1309 1964 1391 1995 αὐτὸς
1408 1964 1493 1998 λέγει·
1517 1964 1692 1999 Ἀσύγ-χυτοι
1705 1963 1916 2000 μεμενήκασιν

1117 2011 1147 2036 al
1155 2010 1272 2045 φύσεις,
1286 2009 1382 2045 ἤγουν
1397 2011 1595 2043 ὑποστάσεις.
1615 2011 1650 2037 '0
1665 2020 1694 2037 τε
1727 2012 1819 2046 μέγας
1836 2008 1914 2036 Ἀθα-

1117 2057 1210 2088 νάσιος
1230 2057 1277 2084 καὶ
1299 2057 1434 2091 πρόσωπα
1450 2057 1496 2083 ἐπὶ
1516 2057 1635 2092 Χριστοῦ
1651 2057 1698 2084 δύο
1719 2055 1792 2084 εἶναι
1808 2057 1911 2091 διισχυ-

1120 2103 1236 2139 ρίζεται,
1251 2104 1275 2129 εί
1291 2104 1328 2138 μή
1355 2111 1398 2134 τις
1421 2102 1500 2129 τοῦτο
1514 2104 1598 2136 εἴποι,
1622 2103 1662 2130 ὅτι
1685 2101 1913 2139 καταχρηστικῶς

1117 2151 1173 2181 τοῖς
1186 2150 1325 2185 Πατράσιν
1342 2150 1456 2184 ἐρρήθη,
1469 2149 1567 2181 αὐτούς
1580 2158 1609 2176 τε
1628 2149 1739 2181 τούτους
1759 2147 1913 2185 αίρετικοὺς

1117 2197 1281 2231 ὰποφήσειε,
1308 2197 1355 2223 καὶ
1384 2198 1416 2223 ὲκ
1438 2197 1522 2223 τῶνδε
1547 2197 1602 2223 τῶν
1612 2197 1700 2231 λόγων
1713 2195 1911 2231 ἀναλεγόμενος

1117 2243 1241 2278 χρήσεις,
1261 2243 1356 2269 ἑαυτόν
1384 2252 1413 2269 τε
1441 2245 1487 2270 καὶ
1502 2244 1599 2275 ἄλλους
1620 2243 1747 2279 μεγάλως
1773 2242 1909 2278 βλάψειεν.

1124 2288 1204 2315 Ἀλλὰ
1227 2290 1279 2324 χρὴ
1299 2289 1346 2320 τὰς
1365 2289 1493 2320 τοιαύτας
1513 2289 1635 2325 χρήσεις,
1656 2290 1723 2321 εἴτις
1746 2289 1867 2324 βούλοιτο
1880 2287 1911 2312 ἐκ

1118 2333 1172 2361 τῶν
1187 2335 1267 2362 θείων
1283 2335 1413 2369 Πατέρων
1429 2335 1619 2370 ἀναλέγεσθαι,
1634 2333 1689 2362 οἷον
1701 2333 1911 2370 νομοθετοῦντας

1119 2380 1182 2414 περί
1195 2388 1276 2406 τινων
1287 2380 1471 2415 πραγμάτων,
1486 2380 1734 2415 καὶὸροθετοῦντας
1749 2377 1912 2414 εὑρισκομέ-

1118 2434 1191 2457 νους,
1208 2426 1255 2452 καὶ
1272 2425 1320 2461 τὴν
1335 2425 1440 2452 οἰκείαν
1456 2425 1570 2461 γνώμην
1581 2425 1834 2456 ἀνακαλύπτοντας.
1849 2420 1911 2450 Οἶόν

1118 2470 1219 2497 ἐστιτδ
1239 2471 1304 2506 περὶ
1329 2471 1423 2503 οὐσίας
1448 2472 1496 2498 καὶ
1522 2471 1697 2503 ὑποστάσεως
1726 2471 1812 2506 ὄνομα
1837 2467 1912 2503 παρὰ

1118 2517 1249 2543 Βασλείου
1265 2517 1311 2543 τοῦ
1330 2518 1401 2544 πάνυ
1418 2517 1508 2543 λαϐὼν
1529 2517 1677 2552 διάκρισιν,
1694 2517 1795 2553 ταύτην
1815 2516 1910 2551 ἔχοντα

1118 2563 1166 2597 τὴν
1181 2563 1313 2597 διαφορὰν
1339 2563 1407 2597 πρὸς
1424 2562 1537 2597 ἄλληλα,
1565 2562 1598 2598 ἢν
1616 2562 1673 2598 ἔχει
1688 2562 1718 2589 τὸ
1741 2562 1830 2590 κοινὸν
1844 2560 1910 2595 πρὸς

1118 2609 1148 2635 τὸ
1175 2608 1355 2639 καθέκαστον,
1371 2608 1387 2643 ἦ
1418 2609 1465 2634 καὶ
1481 2609 1582 2640 αὐτοὺς
1602 2608 1865 2644 καταχρησαμένου;
1880 2606 1909 2629 ἐν

1118 2656 1208 2687 ἄλλοις
1243 2656 1285 2682 ὅτι
1313 2655 1450 2687 πλείστοις
1477 2655 1567 2682 αὐτῶν
1592 2656 1790 2692 συγγράμμασι
1818 2654 1907 2680 διασα-

1119 2701 1237 2736 φοῦντας
1265 2701 1378 2737 κυρίως,
1407 2702 1476 2737 ὅπερ
1504 2702 1638 2737 ἀλλαχόσε
1661 2694 1904 2734 κατεχρήσαντο.ῆ

1119 2750 1167 2776 καὶ
1181 2750 1210 2775 ὲν
1222 2746 1262 2780 οἷς
1280 2750 1420 2783 σύμφωνοι
1440 2750 1464 2776 οί
1487 2749 1607 2776 πλεῖστοι
1619 2749 1673 2773 τῶν
1690 2743 1907 2781 Πατέρωνγεγό·

1119 2794 1233 2830 νασιν,ἢ
1247 2795 1294 2821 καὶ
1309 2795 1454 2827 συνοδικῶς
1466 2793 1603 2829 ἐκυρώθη,
1617 2792 1684 2819 ἀλλὰ
1696 2792 1733 2826 μὴ
1746 2792 1786 2827 τῷ
1796 2787 1904 2823 egoeth

1116 2841 1199 2876 λόγῳ,
1232 2838 1253 2875 ᾧ
1285 2841 1414 2870 πολλάκις
1429 2840 1461 2866 ἄν
1476 2847 1517 2870 τις
1533 2839 1604 2865 κατὰ
1630 2838 1679 2874 τὴν
1697 2837 1845 2872 ἑρμηνείαν
1860 2833 1904 2860 καὶ

1117 2887 1299 2922 ἀμελέστερον
1311 2886 1483 2920 διακείμενος
1510 2886 1710 2921 καταχρήσοιτο
1728 2884 1843 2917 λέξεσιν,
1855 2879 1904 2907 ὑπὸ

1117 2933 1258 2969 ὑμετέρων
1277 2932 1421 2967 νοημάτων
1435 2932 1503 2968 πρὸς
1518 2932 1596 2959 τοῦτο
1620 2931 1764 2967 ᾰγῆξν·⁴“ε.
1779 2931 1796 2966 ἢ
1811 2927 1857 2956 κθ
1873 2925 1910 2961 μὴ
