4064 6426
257 436 364 502 625

1097 437 1542 502 REFUTATIO
1579 428 1966 503 EPISTOLiE
2012 439 2248 504 REGIS
2286 435 2686 502 ARMENL‘E.

3420 444 3526 506 6‘26

255 552 539 623 πρόχειρον
571 546 711 619 ἔχων
755 547 856 621 τὴν
891 548 1332 621 ἐπιτηδειότητα,
1376 551 1411 623 ἢ
1451 551 1544 606 καί
1579 567 1692 606 τισι
1722 552 1833 606 τῶν
1861 598 1868 613 η

1959 551 2057 607 diis
2086 550 2359 620 opposita,
2385 549 2749 629 sentientibus
2783 549 3092 616 decertans,
3127 551 3265 606 alias
3296 563 3527 624 quoque

251 640 564 709 ἑτεροδόξων
581 641 1125 709 ἀντικαθιστάμενος,
1141 644 1234 696 καὶ
1257 643 1560 710 κατ’άλλας
1577 645 1633 698 δὲ
1653 662 1834 716 παρα-

253 734 438 801 φάσεις
488 735 586 803 τῆς
627 733 736 785 τῶν
787 733 1066 805 ὀνομάτων
1112 735 1401 806 ἀκριϐείας
1434 735 1510 809 μὴ
1535 737 1833 807 φροντίσοι,

254 826 314 879 οὐ
343 824 423 878 δεῖ
469 828 534 878 ὲκ
594 825 853 880 τοιούτων
906 829 1134 900 χρήσεις
1185 829 1568 898 ἀναλέγεσθαι,
1609 830 1724 884 ἀλλ’
1762 832 1838 893 ὼς

254 915 444 970 ἀνόπιν
473 915 704 986 ἔφαμεν.
725 916 895 970 Τοῦτο
921 919 978 972 δὲ
1005 920 1100 974 καὶ
1126 921 1192 974 σὺ
1218 921 1406 988 ποιῶν,
1437 922 1538 975 οὐκ
1555 920 1622 975 ἂν
1655 921 1837 991 εὕροις

250 1010 597 1081 παραστῆσαι
615 1011 840 1080 χρήσεις
859 1011 1195 1076 συνιστώσας
1216 1013 1278 1066 τὸ
1307 1015 1436 1084 περὶ
1467 1016 1596 1085 μιᾶς
1621 1015 1837 1084 φύσεως

247 1101 339 1154 τοῦ
371 1100 609 1165 Χριστοῦ
639 1101 793 1172 παρά
836 1103 932 1156 σοῦ
961 1104 1444 1175 δογματιζόμενον.

321 1189 408 1258 ιγ’.
429 1191 800 1260 ’Παρακατιὼν
821 1192 879 1246 δὲ
901 1193 958 1246 ἐν
975 1192 1052 1262 τῷ
1078 1194 1370 1265 γράμματι
1405 1212 1522 1264 σου,
1551 1197 1650 1251 καὶ
1671 1198 1836 1252 οἱονεὶ

246 1280 551 1350 ἀχθόμενος
587 1283 724 1354 πρὸς
758 1283 928 1352 ἡμᾶς,
959 1282 1098 1336 διότι
1126 1284 1511 1356 γεγράφαμεν,
1547 1287 1631 1341 ὅτι
1658 1289 1708 1341 oi
1746 1288 1835 1341 λέ-

245 1387 438 1438 γοντες
475 1370 606 1440 μίαν
636 1369 801 1440 φύσιν
851 1373 934 1436 είς
980 1373 1218 1441 Χριστὸν
1247 1374 1672 1445 Εὐτυχιανισταί
1701 1377 1831 1441 εἰσι,

243 1462 341 1515 καὶ
375 1462 456 1532 τῷ
487 1463 636 1532 αὐτῷ
663 1463 966 1534 ἀναθέματι
997 1466 1087 1518 καὶ
1123 1468 1356 1536 κρίματι
1391 1468 1834 1522 καθυποϐἀ).λον-

241 1571 355 1619 ται,
386 1553 570 1608 τοιάδε
615 1557 880 1625 γράφειςο
931 1556 1041 1609 Καὶ
1081 1557 1361 1627 λέγομεν,
1397 1558 1685 1626 δέσποτα,
1724 1563 1835 1615 οὐκ

243 1645 523 1712 ἐποιήσω
550 1647 620 1700 ἐν
645 1649 837 1714 τούτῳ
874 1647 1106 1703 εὐθεῖαν
1139 1651 1366 1718 κρίσιν,
1405 1651 1487 1704 διὸ
1518 1653 1608 1705 καὶ
1642 1655 1837 1722 πειρᾶ-

244 1752 341 1789 σαι
372 1735 473 1788 τοῦ
509 1736 786 1807 Εὑτυχοῦς
813 1736 911 1808 τὴν
935 1737 1093 1803 δόξαν
1129 1740 1461 1803 ἐκτίθεσθαι,
1509 1741 1836 1813 διασαφηνί-

241 1825 360 1889 ζειν
393 1843 480 1892 τε,
503 1827 588 1880 ὅτι
633 1827 897 1898 ἀνάχυσιν
925 1829 1020 1882 καὶ
1048 1830 1352 1898 ἀνάκρασιν
1383 1830 1598 1896 δοξάζει
1626 1833 1721 1885 ἐπὶ
1737 1834 1837 1902 τῆς

1939 642 2012 698 ob
2037 657 2235 697 causas
2264 641 2548 696 nominum
2592 650 2907 696 accuratam
2937 640 3393 713 significationem
3427 659 3528 698 ne-

1941 735 2130 807 glexit.
2187 734 2269 790 Ex
2332 735 2605 790 similibus
2656 736 2969 791 testimonia
3023 738 3366 807 congerenda
3416 753 3528 791 non

1940 839 2090 891 sunt,
2124 826 2244 890 sed,
2276 835 2334 880 ut
2368 842 2534 896 supra
2565 827 2830 882 diximus.
2857 827 2912 881 Id
2945 838 2999 883 tu
3018 844 3239 899 quoque
3271 830 3361 884 ubi
3389 829 3531 883 fece-

1939 919 2038 979 ris,
2077 918 2222 974 nulla
2259 918 2569 988 comperics
2617 920 2926 974 testimonia
2955 922 3211 986 Patrum,
3249 936 3372 991 qua:
3401 936 3531 974 sen-

1939 1011 2163 1065 tentiam
2197 1020 2345 1066 tuam
2392 1011 2460 1066 de
2508 1026 2617 1066 una
2665 1012 2875 1066 Christi
2908 1024 3103 1068 natura
3137 1013 3522 1084 comprobent.

2010 1191 2097 1247 l3.
2129 1189 2188 1246 In
2232 1192 2462 1262 epistola
2516 1207 2651 1248 vero
2697 1201 2789 1247 tua
2845 1210 3200 1264 progressus,
3234 1196 3405 1250 veluti
3449 1196 3532 1249 iu-

1937 1281 2196 1353 dignatus
2241 1283 2582 1354 molesteque
2643 1284 2846 1348 ferens,
2884 1288 3038 1355 quod
3087 1301 3188 1342 nos
3239 1286 3534 1356 scripseri‘

1940 1388 2084 1441 mus,
2115 1381 2424 1431 asserentes
2483 1390 2648 1430 unam
2697 1375 2754 1430 in
2787 1376 3010 1433 Christo
3059 1386 3315 1432 naturam
3369 1378 3536 1448 Euty-

1938 1464 2167 1519 ehianos
2189 1479 2332 1526 esse,
2357 1465 2662 1536 eodemque
2687 1468 3034 1523 anathemate
3075 1469 3365 1538 aejudicio
3392 1471 3526 1523 sub-

1933 1555 2052 1624 jici,
2110 1558 2222 1611 haec
2242 1557 2444 1612 scribis
2493 1558 2611 1612 :Et
2671 1559 2920 1627 dicimus,
2969 1561 3201 1627 domine,
3244 1563 3310 1616 ξιτ
3351 1562 3446 1615 hoc
3487 1571 3536 1613 le
3627 1576 3634 1583 '

1941 1666 2048 1702 non
2113 1658 2250 1704 recte
2298 1649 2569 1719 judicium
2639 1651 2869 1717 tulisse;
2919 1653 3151 1723 ideoque
3213 1654 3537 1724 Eutychetis

1939 1741 2252 1810 opinionem
2303 1756 2582 1811 exponere
2668 1743 2909 1807 conaris,
2970 1744 3360 1814 declarareque
3407 1758 3535 1797 eum

1942 1831 2332 1887 confusionem
2367 1835 2967 1903 commutationemque
3009 1835 3068 1887 in
3095 1833 3404 1888 mcnnomia
3437 1849 3539 1901 po-

239 1918 588 1989 οίκονομίας,
628 1919 725 1974 καὶ
757 1922 822 1973 ὲκ
865 1920 976 1974 τῶν
1014 1921 1187 1990 ἁγίων
1231 1921 1326 1975 καὶ
1359 1922 1650 1992 ἀχράντων
1681 1924 1843 1992 αῑμάο

1959 1937 2101 1987 uere,
2133 1922 2378 1992 nihilque
2409 1938 2473 1976 ex
2521 1923 2888 1978 immaculatis
2953 1923 3276 1992 sanctisque
3301 1923 3540 1991 sangui-

237 2027 350 2062 των
390 2010 562 2081 μηδὲν
590 2010 682 2064 τὸν
707 2011 840 2064 Θεὸν
867 2011 1041 2081 Λόγον
1069 2013 1476 2083 προσλαϐέσθαι
1507 2015 1678 2084 λέγει,
1713 2016 1842 2069 ἑαυ-

235 2103 333 2157 τὸν
357 2103 423 2156 δὲ
457 2105 810 2175 παραστῆσαι
834 2105 911 2175 μὴ
936 2101 1077 2160 εῖναι
1107 2107 1458 2176 συγχυτικὸν,
1484 2111 1578 2162 καὶ
1607 2109 1843 2180 ἑτέρωσε

234 2193 542 2260 δοξάζοντα
597 2196 729 2266 μίαν
776 2196 939 2267 φύσιν
990 2198 1083 2250 ἐπὶ
1126 2197 1386 2268 Χριστοῦ,
1417 2198 1485 2252 δι’
1508 2199 1641 2254 αὐτὸ
1661 2199 1841 2266 τοῦτο,

239 2286 383 2356 μηδὲ
409 2285 487 2356 τῷ
510 2287 660 2358 αύτῷ
688 2287 992 2358 ἀναθὲματι
1053 2289 1281 2353 δικαίως
1309 2289 1838 2346 καθυποϐάλλεσθαι.

179 2396 182 2400 '
250 2377 405 2431 Ἀλλ’
464 2380 514 2432 εί
555 2379 654 2449 μὲν
684 2381 713 2432 6
757 2379 915 2446 λόγος
946 2381 974 2434 6
1004 2380 1096 2444 σὸς
1141 2381 1203 2435 τδ
1233 2382 1492 2452 διάφορον
1531 2382 1630 2454 τῆς
1661 2383 1842 2453 δόξης,

238 2471 392 2539 φημὶ
421 2470 488 2542 δὴ
513 2470 608 2524 τοῦ
629 2472 905 2542 Εὑτυχοῦς
930 2473 1024 2526 καὶ
1047 2472 1149 2543 τῆς
1177 2474 1276 2543 σῆς
1299 2473 1619 2544 ὁμολογίας,
1651 2475 1845 2546 βούλε-

235 2581 332 2618 ται
366 2566 671 2637 παριστᾷν,
695 2565 772 2630 ὡς
802 2565 1054 2620 ἐντεῦθεν
1083 2567 1222 2636 μηδὲ
1248 2567 1330 2637 τῷ
1356 2568 1510 2638 αὐτῷ
1539 2569 1846 2638 ἀναθέματι

241 2656 688 2725 συναπάγεσθαι,
711 2660 740 2712 6
763 2657 897 2726 γοῦν
931 2659 1201 2730 ἡμέτερος
1227 2660 1386 2728 λόγος
1397 2661 1495 2731 τῆς
1516 2661 1845 2727 ἀποδείξεως

239 2745 399 2800 οὕτω
433 2747 665 2816 λέγοντά
695 2767 754 2802 σε
811 2751 942 2820 μίαν
993 2751 1155 2820 φύσιν
1186 2754 1280 2807 ἐπὶ
1304 2755 1404 2825 τῆς
1431 2754 1680 2819 ὲνώσεως
1707 2758 1847 2828 Χρι-

244 2840 407 2906 στοῦ,
461 2841 566 2894 κᾶν
598 2841 674 2912 μὴ
726 2843 792 2896 ἐκ
845 2842 1070 2913 πρώτης
1125 2843 1300 2909 οὕτως
1353 2845 1845 2918 εῦροιδοξάξοντα,

243 2932 370 2986 ἀλλ’
424 2933 482 2999 ἐξ
552 2929 628 2987 ὧν
686 2934 891 3003 λέγεις,
941 2936 1241 3002 ὲξάπαντος
1281 2940 1362 3001 εἰς
1390 2939 1484 2992 τδν
1519 2941 1618 3010 τῆς
1646 2940 1848 3010 ἀναχύ-

249 3041 399 3088 σεως
423 3025 627 3096 τρόπον
652 3027 927 3097 περιάξει,
971 3030 1064 3082 καὶ
1089 3029 1251 3083 τοῦτό
1287 3047 1370 3084 σοι
1389 3031 1548 3102 δῆλον
1572 3033 1844 3088 ἐντεῦθεν.

247 3115 423 3184 Τρεῖς
475 3117 660 3172 τοίνυν
699 3119 756 3172 αἱ
807 3120 1073 3174 ἀνωτάτω
1107 3121 1257 3186 δόξαι
1304 3123 1436 3194 περὶ
1475 3124 1574 3194 τῆς
1600 3123 1847 3190 ὲνὼσεως

249 3203 363 3258 τῶν
397 3206 460 3258 ὲν
488 3207 714 3278 Χριστῷ
764 3208 984 3278 φύσεων
1030 3211 1470 3282 κατεϐλήθησαν,
1521 3215 1848 3288 διαιρετικὴ,

1954 2013 2118 2068 uibus
2171 2011 2340 2068 Deum
2388 2013 2628 2069 Verbum
2675 2014 3062 2084 assumpsisse,
3095 2023 3147 2069 te
3176 2014 3354 2084 ipsum
3393 2027 3527 2067 vero

1952 2107 2188 2177 probare
2255 2121 2367 2160 non
2413 2107 2762 2162 introducere
2807 2105 3214 2169 confusionem,
3257 2115 3310 2160 et
3361 2103 3535 2165 alibi'.

1954 2213 2117 2252 unam
2145 2205 2394 2252 naturam
2419 2197 2778 2252 afﬁrmantem
2808 2197 2861 2250 in
2889 2196 3133 2260 Christo,
3155 2211 3266 2251 non
3284 2205 3543 2266 propter»

1951 2301 2014 2342 ea
2055 2287 2390 2344 anathemati
2431 2289 2644 2342 merito
2673 2286 2900 2357 subjici.-
2956 2285 3022 2340 Et
3048 2287 3177 2342 licet
3205 2301 3387 2342 sermo
3415 2293 3546 2339 tuus

1951 2381 2233 2452 Opinionis
2272 2379 2628 2452 Eutychiauae
2681 2390 2899 2450 tumque
2934 2379 3306 2435 confessionis
3345 2377 3548 2433 discri—

1955 2490 2077 2528 men
2137 2474 2410 2530 extricare
2460 2473 2702 2539 nitatur,
2757 2481 2840 2528 ut.
2890 2473 3018 2528 inde
3070 2473 3150 2527 ab
3194 2472 3552 2527 anathemate

1955 2575 2149 2621 contra
2190 2565 2490 2637 Eutychem
2539 2565 2652 2620 lato
2684 2565 2948 2620 immunis
2995 2579 3124 2620 esse
3154 2562 3414 2626 videaris,
3445 2579 3548 2616 no-

1955 2671 2084 2714 strae
2121 2671 2306 2714 tamen
2331 2659 2828 2714 demonstrationis
2858 2657 3002 2713 ratio
3026 2665 3079 2713 te
3097 2671 3261 2712 unam
3288 2665 3546 2711 naturain

1955 2751 2010 2805 in
2034 2753 2235 2806 unione
2259 2750 2462 2806 Christi
2491 2750 2966 2815 asscrentem,etsi
2993 2748 3116 2820 ipso
3128 2748 3306 2820 primo
3326 2758 3551 2818 aspectu

1957 2851 2010 2898 te
2037 2843 2110 2897 ita
2140 2843 2391 2898 confiteri
2443 2860 2550 2898 non
2585 2843 2942 2913 compererit,
2975 2841 3203 2896 omnino
3244 2839 3297 2893 in
3345 2839 3546 2896 confir-

1955 2936 2129 2992 sionis
2156 2936 2381 2992 modum
2411 2936 2681 2994 adducet:
2707 2935 2854 3004 quod
2887 2934 2990 2989 tibi
3015 2934 3163 2988 hisce
3182 2931 3544 2986 manifestum

1957 3027 2140 3082 fuerit.
2194 3026 2328 3083 Tres
2370 3043 2502 3098 ergo
2558 3041 2828 3096 suprema:
2876 3026 3171 3096 opiniones
3227 3025 3295 3079 de
3348 3025 3554 3080 unione

1959 3128 2280 3174 naturarum
2313 3119 2366 3172 in
2402 3119 2622 3175 Christo
2652 3127 2934 3188 conceptae
2963 3125 3115 3176 sunt,
3144 3115 3399 3180 divisiva,
3419 3130 3554 3169 con-

1957 3211 2158 3278 fusiva,
2210 3221 2267 3268 et
2306 3229 2428 3282 quae
2457 3213 2674 3283 proprie
2703 3211 3012 3282 appellatur
3034 3209 3243 3264 unitiva
3275 3224 3289 3260 :
3314 3223 3551 3278 quarum

254 3297 587 3368 συγχυτικὴ.
629 3299 725 3352 καὶ
755 3301 787 3370 ή
834 3301 1042 3371 κυρίως
1061 3303 1298 3375 ἑνωτικὴ
1328 3304 1620 3376 λεγομένη.
1655 3308 1722 3358 Al.
1748 3307 1848 3378 μὲν

1959 3305 2075 3359 duae
2129 3304 2199 3358 ab
2255 3303 2526 3359 haereticis
2587 3303 2748 3374 quasi
2797 3302 2908 3373 joei
2995 3302 3214 3356 ridiculi
3260 3300 3556 3356 divendita:

255 3382 356 3440 οὖν
401 3387 499 3440 δύο
528 3391 721 3443 παισὶν
764 3393 1059 3463 αίρετικῶν
1108 3394 1468 3465 ὲπαίχθησαν,
1530 3397 1625 3451 καὶ
1666 3399 1858 3464 παιζὲ-

257 3479 505 3534 σθωσαν.
538 3481 739 3546 Καλῶς
773 3484 884 3555 γάρ
918 3485 1211 3556 προλαϐὼν
1237 3488 1436 3552 αὐτοὺς
1469 3489 1498 3540 6
1529 3489 1670 3552 θεῖος
1703 3491 1858 3563 Γρη-

251 3573 447 3643 γόριος
492 3575 896 3645 ὲστηλίτευσεν.
922 3577 1000 3632 Ἢ
1031 3595 1090 3632 τε
1137 3579 1246 3650 γὰρ
1278 3580 1584 3652 διαιρετικὴ
1633 3584 1861 3654 σχετική

251 3679 344 3728 τις
367 3659 528 3731 οὖσα,
545 3666 642 3720 καὶ
668 3667 805 3736 μηδὲ
828 3667 931 3736 τὴν
955 3668 1129 3740 ἀρχὴν
1150 3671 1244 3733 τάς
1266 3659 1460 3739 φύσεις
1485 3672 1860 3740 συνάπτουσα,

255 3755 653 3826 κεχωρισμένα
681 3757 817 3827 πρὸς
848 3757 1052 3828 ἄλληλα
1083 3761 1407 3815 καταλείπει
1438 3763 1508 3815 τά
1535 3763 1862 3833 πράγματα,

256 3846 402 3917 μηδὲ
425 3847 524 3901 ὅσα
553 3848 661 3902 ἴδια
689 3850 903 3915 τούτοις
926 3851 1162 3917 διδοῦσα,
1197 3854 1230 3925 ἢ
1257 3854 1619 3908 ἀντιδιδοῦσα.
1652 3857 1739 3918 Ὡς
1769 3858 1860 3909 ὲν-

250 3939 459 3994 ·τεῦθεν
472 3939 567 3994 δύο
584 3941 774 4010 φύσεις
801 3943 978 4015 πάντη
1002 3945 1278 4017 χωριστὰς
1302 3945 1548 4017 ἀλλήλων
1561 3946 1865 4018 ὁρίζεσθαι,

259 4032 412 4099 πλὴν
436 4033 561 4085 ὅσον
597 4032 744 4103 ἀξίᾳ,
772 4035 867 4088 καὶ
891 4035 1106 4107 γνώμῃ,
1135 4039 1230 4092 καὶ
1257 4037 1621 4110 ταυτοϐουλία
1642 4039 1734 4092 τὸν
1758 4040 1867 4093 τῶν

256 4123 490 4192 φύσεων
513 4127 796 4196 χωρισμὸν
820 4127 1104 4194 φενακίζει
1129 4129 1255 4190 τοὺς
1272 4127 1536 4200 ἄφρονας.
1562 4129 1799 4201 Τοιαύτη
1831 4131 1865 4201 ή

251 4214 364 4267 τοῦ
386 4215 789 4286 ματαιόφρονος
805 4217 1103 4287 Νεστορῐου
1122 4217 1272 4284 δόξα,
1294 4220 1325 4289 ή
1347 4218 1403 4272 δὲ
1422 4220 1562 4273 κατά
1575 4220 1867 4290 διάμετρον

260 4305 483 4376 ταύτης
519 4309 614 4363 καὶ
645 4309 949 4381 συγχυτικὴ
984 4311 1209 4364 πλεῖστα
1234 4312 1590 4380 ἀφανίζουσα,
1614 4314 1709 4368 καὶ
1736 4331 1867 4383 συγ-

253 4397 493 4469 χέουσα,
512 4399 571 4452 ἓν
592 4417 645 4453 τι
661 4403 896 4471 πρᾶγμα
921 4401 1076 4455 νόΟον
1092 4402 1424 4456 ἀναπλάττει
1459 4419 1519 4456 τε
1543 4405 1637 4457 καὶ
1659 4405 1865 4473 φαντά-

256 4488 449 4554 ζεται,
475 4492 532 4543 ὲν
553 4491 662 4545 οὐδ’
679 4494 927 4564 ὁποτέρῳ
948 4493 1055 4546 τῶν
1075 4495 1368 4564 ήνωμένων
1383 4495 1645 4566 καθαρῶς
1661 4498 1718 4550 τὸ
1733 4497 1866 4551 ἰδιον

1964 3403 2096 3450 sunt
2125 3403 2180 3450 et
2208 3394 2604 3450 divenduntur.
2652 3392 2833 3448 Probe
2864 3392 3011 3446 enim
3039 3405 3138 3446 eos
3167 3405 3560 3461 praeoccupans

1965 3487 2187 3542 divinus
2247 3486 2546 3557 Gregorius
2604 3485 2888 3540 infamavit
2935 3502 2949 3538 :
2987 3499 3228 3552 namque
3275 3483 3511 3538 divisiva
3540 3525 3556 3544 ,

1966 3593 2091 3633 cum
2135 3579 2360 3634 relativa
2403 3579 2508 3644 sit,
2556 3588 2609 3633 et
2659 3593 2836 3646 neque
2883 3577 2937 3630 in
2983 3577 3101 3645 ipso
3133 3575 3292 3629 initio
3329 3584 3559 3630 naturas

1967 3669 2291 3740 conjungat,
2327 3679 2612 3740 separatas
2660 3670 2802 3724 inter
2845 3683 2904 3724 se
2936 3681 3024 3722 res
3069 3667 3356 3736 relinquit,
3378 3682 3559 3735 neque

1968 3759 2078 3815 illis
2140 3762 2498 3826 communia,
2549 3775 2728 3830 neque
2788 3760 3085 3828 peculiaria
3146 3759 3410 3824 exhibet,
3463 3767 3560 3811 aut

1968 3851 2168 3913 reddit,
2197 3859 2259 3904 ut
2295 3849 2421 3904 inde
2443 3850 2565 3903 dure
2596 3862 2803 3903 natura:
2841 3849 3066 3903 omnino
3126 3864 3158 3902 a
3205 3846 3406 3916 seipsis
3449 3847 3560 3901 dis-

1967 3942 2181 4013 pertita:
2236 3944 2667 4004 constituantur,
2692 3951 2746 3996 et
2799 3942 2915 3995 haec
2959 3940 3344 3996 tantummodo
3379 3940 3560 4007 digni-

1970 4045 2101 4100 tate,
2135 4048 2190 4088 et
2224 4036 2519 4103 opinione,
2551 4045 2606 4090 et
2658 4035 2893 4090 consilio
2923 4043 3152 4088 naturas
3192 4032 3440 4086 dividens
3471 4031 3560 4085 fu—

1967 4143 2093 4182 cum
2145 4127 2532 4198 insipientibus
2577 4127 2726 4192 facit,
2800 4139 2994 4195 estque
3053 4125 3241 4179 stolidi
3297 4123 3557 4180 Nestor-ii.

1969 4219 2105 4284 Quae
2127 4233 2258 4274 vero
2296 4219 2373 4272 illi
2401 4235 2464 4274 ex
2487 4219 2758 4274 diametro
2784 4219 3098 4287 opponitur,
3120 4218 3272 4286 plura
3294 4217 3561 4271 dirimens

1967 4319 2022 4366 et
2049 4308 2414 4377 confundens,
2453 4311 2703 4380 spurium
2753 4310 2941 4366 nescio
2990 4309 3123 4380 quid
3167 4309 3270 4364 sibi
3309 4309 3482 4378 fingit,
3507 4317 3562 4362 et

1969 4404 2362 4474 imaginatione
2417 4405 2841 4475 complectitur,
2907 4403 2962 4458 in
3023 4411 3215 4458 neutra
3275 4402 3560 4456 uniterqu

1968 4509 2125 4569 parte
2160 4513 2294 4568 pure
2321 4498 2603 4568 proprium
2634 4511 2999 4562 conservans,
3027 4496 3122 4551 sed
3153 4496 3258 4550 hoc
3288 4495 3421 4549 illud
3454 4503 3559 4558 cst,

227 4579 656 4651 νάποσώζουσα,
693 4582 830 4636 ἀλλὰ
877 4583 1038 4637 τοῦτο
1092 4584 1288 4648 ἐκεῖνο,
1319 4587 1541 4639 κάκεῖνο
1562 4587 1740 4650 τοῦτο,
1772 4586 1867 4640 καὶ

1972 4599 2026 4645 et
2054 4590 2186 4645 illud
2217 4582 2366 4644 hoc':
2399 4590 2633 4659 ideoque
2661 4603 2839 4658 neque
2883 4588 3008 4651 hoc,
3045 4602 3222 4657 neque
3257 4586 3387 4640 illud
3424 4602 3562 4641 con-

223 4731 226 4733 ,
254 4671 361 4726 διὰ.
382 4671 543 4725 τοῦτο
566 4673 691 4727 οὐδὲ
723 4674 902 4741 τοῦτο,
927 4675 1047 4728 οὐδὲ
1075 4677 1250 4731 ἐκεῖνο
1276 4678 1658 4749 συγχωροῦσα.
1687 4679 1862 4733 Νόθον

259 4765 386 4834 γὰρ
415 4764 563 4818 ἆπαν
605 4765 666 4818 τὸ
712 4767 775 4820 ἐκ
812 4767 913 4835 τῆς
955 4767 1272 4837 συγχύσεως
1299 4768 1678 4838 ἀναφαίνεται,
1711 4771 1862 4823 οὐδὲν

259 4857 400 4927 ἕχον
435 4857 703 4930 καθαρὸν,
740 4860 863 4913 οὐδὲ
898 4862 956 4912 ἐν
983 4863 1051 4931 τῇ
1086 4861 1298 4931 μονίμῳ
1353 4862 1638 4933 ἱδρυμένον
1669 4863 1863 4918 ἑαυτοῦ

266 4949 530 5019 ἰδιότητι.
565 4951 628 5003 Ἦ
654 4952 708 5004 δὲ
738 4952 944 5004 τούτων
978 4953 1120 5023 μέση
1153 4953 1459 5022 ἀσύγχυτός
1486 4971 1544 5006 τε
1573 4955 1665 5006 καὶ
1694 4953 1867 5006 ἀδιαί-

263 5056 436 5112 ρετος
457 5040 654 5105 ’ἐνωσις
688 5036 797 5094 οἶδε
834 5042 934 5113 μὲν
957 5042 1026 5096 τὰ
1050 5041 1320 5113 ὁραθέντα
1346 5043 1650 5108 ἀνελλιπῶς
1677 5042 1867 5113 ἔχοντα

264 5133 423 5187 κατὰ
452 5134 552 5204 τὴν
606 5135 793 5189 αὐτῶν
840 5136 1082 5207 ἰδιότητα
1113 5135 1204 5190 διά
1245 5135 1311 5189 τδ
1343 5135 1638 5207 ἄτρεπτον,
1671 5136 1868 5199 κοινῶς

263 5225 337 5280 δὲ
385 5228 560 5280 ταῦτα
616 5229 713 5282 καὶ
741 5229 859 5291 ὲνὸς
883 5225 1023 5283 εἶναι
1060 5231 1216 5284 ποιεῖ
1233 5229 1302 5284 δι’
1341 5229 1516 5300 αὐτήν
1556 5246 1622 5298 γε
1651 5229 1750 5300 τὴν
1779 5230 1870 5282 ού-

225 5387 232 5393 _
271 5317 452 5390 αιώδη
481 5320 700 5388 ἕνωσιν,
725 5322 800 5386 ὡς
824 5323 872 5375 εί
909 5324 1004 5376 καὶ
1033 5322 1103 5376 τὰ
1129 5325 1228 5393 μὲν
1257 5322 1463 5394 κυρίως
1485 5322 1594 5376 ἴδια
1616 5321 1868 5393 θατέρου,

275 5410 448 5465 κοινά
480 5412 581 5465 τοῦ
606 5415 758 5481 ὅλου,
812 5416 881 5470 τὰ
910 5416 970 5470 δὲ
1019 5415 1115 5470 τοῦ
1146 5416 1270 5470 ὅλου
1299 5415 1476 5480 κοινὰ,
1511 5415 1740 5487 θατέρου
1765 5415 1872 5470 ῑδια

271 5506 377 5561 διὰ
401 5507 501 5579 τὴν
533 5509 592 5562 ἐν
617 5507 836 5582 θατέρῳ
893 5511 988 5565 τοῦ
1031 5510 1199 5565 αὑτοῦ
1247 5509 1560 5580 ἀσύγχυτον
1608 5509 1870 5580 ἰδιότητα.

275 5599 365 5652 οὐ
387 5600 498 5671 γὰρ
533 5599 599 5655 ἂν
629 5601 896 5665 ἀντίδοσις
923 5604 1032 5658 τῶν
1090 5604 1400 5673 ἰδιωμάτων
1447 5602 1687 5671 ἐγένετο,
1714 5603 1764 5654 εί
1796 5600 1873 5672 μὴ

273 5692 349 5745 ὲν
381 5691 630 5764 ἑκατέρῳ
651 5692 868 5765 ἔμεινεν
899 5695 958 5748 ὲν
982 5697 1048 5766 τῇ
1085 5695 1330 5766 ὲνώσειή
1364 5694 1562 5765 ἰδιότης
1593 5693 1870 5764 ἀκίνητος.

283 5782 484 5862 ξἘστιν
535 5782 630 5841 οὖν
676 5787 712 5858 ἡ
757 5787 984 5859 τοιαύτη
1020 5787 1214 5853 ἓνωσις
1243 5788 1352 5842 τῶν
1403 5789 1504 5859 μὲν
1539 5789 1715 5858 πάντη
1737 5788 1877 5842 διαι-

285 5877 469 5947 ρετῶν
495 5878 828 5954 ἑνικωτέρα,
869 5881 979 5937 τῶν
1019 5881 1080 5936 δὲ
1131 5881 1308 5952 πάντη
1347 5880 1690 5952 συγχυτικῶν
1720 5880 1877 5935 πλου-

1964 4682 2167 4738 cedens
2198 4700 2211 4737 :
2246 4680 2394 4752 quod
2431 4681 2580 4735 enim
2621 4696 2689 4735 ex
2728 4677 3058 4735 confusione
3084 4680 3278 4741 oritur,
3311 4678 3560 4747 spurian

1964 4784 2072 4842 est,
2107 4774 2243 4829 nihil
2278 4789 2476 4843 purum
2508 4773 2823 4836 continens,
2867 4772 2922 4825 in
2956 4771 3076 4841 ipsa
3122 4770 3208 4826 sui
3232 4769 3412 4823 stabili
3440 4785 3566 4838 pro-

1967 4865 2197 4934 prielale
2244 4865 2474 4919 minime
2520 4863 2762 4918 firmum.
2799 4864 3006 4917 Harum
3041 4862 3220 4916 media
3269 4859 3564 4916 inconfusa

1967 4965 2022 5011 et
2054 4955 2294 5011 indivisa
2330 4955 2465 5012 unio
2497 4954 2750 5027 agnoscit
2789 4953 3042 5022 equidem
3070 4957 3368 5020 conspecta
3419 4950 3564 5005 inte-

1969 5064 2064 5118 gra
2093 5063 2216 5103 esse
2246 5056 2468 5118 propter
2499 5063 2637 5102 suas
2667 5045 3054 5116 proprietates,
3103 5058 3229 5113 quae
3260 5043 3566 5097 immutata:

1969 5157 2078 5196 non
2120 5147 2272 5196 sunt.
2321 5140 2702 5196 Commuuiter
2746 5146 2930 5192 autem
2979 5136 3116 5200 haec,
3145 5145 3202 5190 et
3237 5136 3400 5190 unius
3445 5151 3568 5188 esse

1969 5233 2175 5288 fatetur
2241 5243 2464 5302 propter
2517 5230 2871 5285 essentialem
2931 5227 3565 5296 tuaionem,.etpr0pria

1974 5324 2162 5388 unius,
2188 5323 2364 5378 totius
2388 5322 2734 5378 communia:
2765 5339 2891 5392 qua:
2926 5339 3058 5376 vero
3093 5322 3268 5375 totius
3313 5334 3565 5374 comnm-

1974 5416 2086 5479 nia,
2107 5415 2335 5470 alterius
2355 5429 2579 5486 quoque
2609 5415 2834 5484 propria
2866 5425 3094 5485 propter
3128 5413 3275 5467 illius
3327 5412 3380 5464 in
3413 5418 3564 5463 utro-

1973 5525 2082 5578 que
2120 5509 2475 5565 inconfusam
2537 5509 2948 5579 proprietatem.
2981 5507 3169 5577 Neque
3221 5505 3369 5559 enim
3436 5517 3568 5571 pro-

1976 5602 2271 5671 prietatum
2357 5609 2550 5656 mutua
2612 5603 2989 5670 compensatio
3053 5600 3203 5652 fieret
3237 5637 3252 5661 ,
3319 5594 3425 5648 nisi
3512 5593 3568 5646 in

1976 5703 2212 5764 utroque
2249 5701 2582 5759 remaneret,
2616 5693 2671 5747 in
2697 5693 2904 5747 unione
2955 5689 3262 5760 preprietas
3315 5688 3565 5739 immota.

1981 5786 2077 5840 Est
2110 5787 2296 5857 itaque
2349 5785 2546 5842 similis
2599 5785 2732 5841 uuiu
2766 5799 2983 5849 eorum,
3016 5799 3139 5854 quae
3181 5781 3398 5852 penitus
3427 5778 3572 5834 divi-

1980 5875 2210 5946 duntur,
2245 5877 2423 5950 magis
2469 5876 2698 5944 unitiva,
2732 5889 2948 5946 eorum,
2980 5888 3104 5946 quae
3149 5885 3382 5944 prorsus
3431 5883 3574 5924 con.-
