2032 3216
283 212 337 246 62⁸1

916 213 1064 243 NICET/E
1083 212 1288 243 ΒΥΖΑΝΤΙΝῙ

1865 216 1911 249 628

281 269 432 297 funduntur
452 268 622 303 afﬂuentior;
647 273 676 297 ut
695 276 784 305 neque
799 269 912 297 omnino
928 269 998 297 idem
1013 276 1076 296 esse

1132 269 1263 305 σιωτέρα,
1290 269 1330 301 ὡς
1358 268 1427 305 μήτε
1456 267 1547 304 πάντη
1571 267 1672 295 ταυτὸν
1699 268 1768 296 εἶναι
1782 271 1864 298 ποιεῖν
1881 272 1910 300 τὰ

277 312 365 344 faciat
379 316 462 343 simul
485 317 575 350 unita,
594 324 685 352 neque
706 323 822 352 prorsus
840 316 925 344 aliud.
941 315 970 343 Si
989 315 1082 350 itaque

280 362 350 390 nihil
362 362 475 390 omnino
495 362 579 395 idem,
594 370 683 397 neque
696 370 728 390 ex
747 362 879 390 omnibus
903 362 988 394 aliud,
1008 361 1080 396 quod

280 417 314 437 ex
332 410 433 437 unione
450 410 550 443 oritur,
568 415 619 442 est,
651 410 829 444 quaerendum
855 409 967 436 ubinam
997 408 1080 441 idem,

283 456 330 484 ubi
361 463 427 483 vero
458 456 532 483 aliud
557 456 681 483 veritatis
699 463 795 483 norma
827 454 986 490 cognoscit,
1008 454 1080 481 idem

282 501 394 535 quidem
420 501 569 529 secundum
594 501 782 535 bypostasim,
808 500 882 528 aliud
894 508 958 528 vero
980 507 1080 527 secun-

281 547 346 575 dum
364 551 487 574 naturam
504 546 655 582 ;opposito
688 553 807 580 namque
834 546 926 579 modo,
951 553 1035 581 quam
1053 546 1080 573 in

280 592 426 624 Trinitate,
446 597 477 620 ut
500 592 611 620 divinus
639 592 725 620 refert
752 592 913 627 Gregorius,
931 600 961 620 se
988 592 1081 619 habet.

280 639 359 672 Quod
374 639 396 666 si
411 639 437 666 id
453 639 622 667 adversariis
639 646 693 666 non
710 638 856 674 probatur,
869 638 942 673 quod
956 638 1082 673 sequitur

280 685 333 721 ipsi
346 685 522 713 concludant.
547 684 667 712 Omnino
690 685 792 713 ctenim
825 685 847 712 si
859 685 1005 720 hypostasi
1026 692 1080 712 non

281 735 358 759 esset
372 731 454 764 idem,
472 739 537 767 ergo
558 735 668 762 natura.
685 731 848 762 concedent,
870 735 898 758 et
921 731 944 759 sl
962 731 1015 759 hoc
1027 738 1081 758 una

278 778 404 808 omnino.
422 782 450 805 et
465 778 561 805 eadem
580 777 663 805 fuerit
686 778 757 805 ratio
772 777 896 809 deitatis.
910 781 938 804 et
954 777 1082 804 humani-

278 824 345 851 tatis
360 831 407 858 per
423 823 575 856 unionem;
592 824 644 851 etsi
661 824 687 851 id
713 824 784 852 idem
809 823 892 851 fuerit
909 824 974 851 unio
991 827 1019 850 et
1034 830 1082 850 na-

278 873 360 896 tura:
380 868 450 896 idem
474 869 549 897 enim
573 870 615 902 de,
630 869 757 904 utrisque
780 869 958 905 praedicatur.
980 868 1076 902 Queru-

277 913 427 941 admodum
441 913 514 941 enim
550 921 669 949 quorum
687 919 785 942 natura
802 922 856 941 una
871 918 922 947 est,
940 914 1038 942 horum
1054 917 1082 940 et

279 960 354 987 ratio
365 959 461 987 eadem
476 968 483 987 :
500 959 542 988 sic
554 961 713 988 neCessnrio
728 961 871 996 sequitur;
885 962 1003 995 quarum
1015 960 1080 987 unio

279 1005 375 1038 simul,
393 1010 419 1033 et
433 1005 460 1033 in
477 1006 585 1039 eodem,
603 1013 699 1034 eorum
725 1006 875 1036 secundum
896 1006 974 1041 ipsos
987 1010 1014 1032 et
1029 1013 1080 1032 na-

279 1055 371 1080 turam
398 1059 459 1080 esse
482 1060 672 1080 communem.
690 1053 762 1087 Ergo
778 1058 806 1080 et
820 1053 992 1088 oppositum,
1007 1060 1079 1088 qu0<

279 1106 342 1126 rum
360 1103 457 1126 natura
474 1107 539 1131 una,
557 1100 656 1127 borum
677 1099 842 1135 bypostases
858 1099 991 1133 diversae;
1017 1107 1079 1127 cum

278 1151 345 1171 vero
371 1152 454 1171 unam
481 1149 609 1172 naturam
638 1152 692 1171 una
715 1153 832 1180 persona
857 1145 1079 1177 circumscribat,

278 1188 344 1222 quid
362 1188 425 1216 inde
437 1188 595 1223 colligitur?
611 1197 694 1216 unam
711 1197 773 1217 esse
790 1195 918 1217 naturam
932 1189 1034 1219 carnis.
1049 1195 1077 1217 et

277 1234 401 1267 dcitatis,
429 1235 548 1271 idquue
577 1234 771 1264 confusionem
798 1236 986 1271 :hypostases
1013 1243 1079 1263 vero

278 1280 360 1308 duas.
376 1280 458 1314 Quod
477 1281 499 1309 si
527 1289 618 1316 neque
644 1286 753 1316 natura,
771 1290 860 1317 neque
878 1282 1030 1318 hypostasi,
1052 1283 1080 1310 et

279 1335 397 1355 numero
416 1336 503 1356 unum
526 1328 640 1361 habent,
654 1337 717 1364 quae
739 1334 939 1361 convenerunt,
964 1329 1077 1356 ubinam

280 1372 365 1402 fuerit
382 1382 432 1410 per
447 1374 576 1403 unionem
601 1376 740 1403 unitorum
762 1375 907 1403 identitas?
926 1375 1004 1409 Quod
1016 1376 1039 1403 si
1051 1379 1079 1403 et

280 1425 389 1454 natura,
406 1426 433 1449 et
446 1421 588 1457 hypostasi
613 1430 699 1450 unum
728 1422 843 1450 invicem
872 1427 947 1454 sunt,
964 1422 1078 1450 ubinam

278 1467 514 1496 immutabilitatis
532 1471 561 1496 et
585 1468 793 1496 inconfusionis
813 1469 884 1496 ratio
901 1468 996 1496 unioni
1012 1476 1078 1497 con-

278 1513 453 1541 servabitur?
480 1514 625 1550 Colligitur
649 1515 733 1549 igitur
755 1515 923 1543 omnimodis
945 1515 1078 1542 adversus

278 1566 338 1591 eos,
355 1559 401 1595 qui
419 1559 515 1587 dicunt
533 1568 616 1588 unam
642 1561 669 1588 in
694 1561 805 1589 Christo
820 1566 959 1594 naturam,
980 1560 1078 1589 confu-

1134 315 1270 342 ἑνωθέντα
1286 315 1426 351 ἀλλήλοις,
1454 316 1525 351 μήτε
1551 315 1641 350 πάντη
1656 314 1760 350 ῑτιρον.
1782 317 1813 343 Ei
1831 317 1912 344 τοίνυν

1135 362 1205 397 μηδὲ
1218 362 1309 397 πάντη
1324 362 1435 394 ταυτὸν,
1451 361 1520 396 μηδὲ
1540 360 1571 394 ἐξ
1592 361 1661 388 ὅλων
1675 361 1769 396 ἔτερον
1779 362 1817 401 ιτὸ
1827 363 1857 389 ὲκ
1869 364 1912 397 τῆς

1133 407 1255 441 ἐνώσεως
1270 408 1426 442 ἀποφαίνει,
1453 407 1595 443 ζητητέον,
1625 407 1663 442 πῆ
1689 408 1738 443 μὲν
1756 408 1862 441 ταυτὸν,
1877 409 1912 444 πῆ

1131 453 1160 481 δὲ
1175 454 1269 490 ἕτερον
1279 455 1294 482 6
1307 455 1358 490 τῆς
1370 454 1499 490 ἀληθείας
1515 453 1596 488 λόγος
1617 451 1682 481 οἶδε.
1701 453 1738 481 Τὸ
1760 454 1809 489 μὲν
1823 455 1913 483 ταυτὸν

1132 501 1204 528 κατὰ
1233 501 1283 536 τὴν
1303 501 1465 532 ὑπόστασιν,
1480 500 1512 527 τδ
1526 499 1555 527 δὲ
1570 500 1665 535 ἕτερον
1684 499 1756 527 κατὰ
1769 500 1819 536 τὴν
1830 500 1913 535 φύσιν.

1133 547 1274 581 Ἐμπαλιν
1282 547 1336 582 γὰρ
1351 546 1369 582 ἢ
1387 546 1434 573 ἐπὶ
1449 546 1499 581 τῆς
1509 546 1623 582 Τριάκδος
1633 545 1691 582 ἔχει
1704 546 1776 573 κατὰ
1791 546 1836 573 τὸν
1851 546 1914 573 θεῖον

1132 594 1295 631 Γρηγόριον.
1309 595 1341 621 ΕΙ
1355 594 1384 621 δὲ
1400 592 1481 621 τοῦτο
1503 594 1561 625 τοῖς
1575 592 1708 624 ὲναντίοις
1721 592 1914 628 ἀπαράδεκτον,

1131 640 1162 666 τὸ
1176 639 1241 675 ἑξῆς
1255 639 1334 666 αὐτοὶ
1349 639 1552 673 ωναγὲτωσαν.
1569 637 1684 668 Πάντως
1694 636 1749 672 γὰρ
1763 638 1788 664 εἰ
1802 637 1839 673 μὴ
1856 637 1916 664 ὕπο-

1133 685 1228 712 στάσειι
1247 685 1277 712 τὸ
1291 685 1402 717 ταυτὸν,
1418 685 1473 719 ἄρα
1496 684 1577 718 φύσει
1591 682 1736 710 δώσουσιν.
1751 683 1782 709 Ei
1793 682 1822 710 δὲ
1833 682 1914 715 τοῦτο,

1130 729 1172 764 εἷς
1185 732 1272 767 δήπου
1286 732 1334 759 καὶ
1348 732 1362 758 6
1379 731 1461 763 αὐτὸς
1476 730 1552 757 ἔσται
1566 729 1643 763 λόγος
1664 729 1792 764 θεότητος
1806 729 1852 755 καὶ
1872 730 1916 756 ἀν-

1132 778 1310 813 θρωπότητος
1326 777 1372 805 διὰ
1390 777 1440 812 τὴν
1465 777 1575 804 ἕνωσιν.
1596 776 1652 803 Καὶ
1677 776 1703 802 ει
1719 775 1809 808 τοῦτο,
1825 775 1916 802 σαυτόν

1131 823 1206 850 ἐστιν
1220 822 1318 854 ἓνωσίς
1343 831 1372 850 τε
1388 822 1437 850 καὶ
1461 821 1553 856 φύσις.
1567 821 1666 848 Κοινδν
1685 821 1742 857 γὰρ
1761 821 1793 848 τὸ
1814 821 1855 847 tn‘
1868 821 1918 855 ap.-

1132 869 1192 903 φοῖν
1208 868 1400 904 κατηγόρημα.
1421 869 1528 904 Ὥσπερ
1539 867 1594 903 γὰρ
1604 865 1641 896 ὧν
1656 868 1672 903 ή
1689 869 1772 902 φύσις
1789 866 1847 902 μία,
1862 866 1918 895 τού-

1132 924 1187 942 των
1202 916 1250 942 καὶ
1273 915 1288 942 6
1302 915 1382 949 λόγος
1406 915 1420 942 6
1440 915 1534 947 αὐτὸς,
1548 914 1636 946 οὕτως
1654 914 1777 949 ἀνάγκη,
1794 913 1841 940 καὶ
1853 909 1888 940 ὦν
1902 913 1916 948 ἡ

1132 960 1232 993 ἓνωσις
1248 961 1308 997 ἅμα
1325 962 1374 988 καὶ
1390 962 1420 988 ὲν
1435 960 1539 996 ταυτῷ,
1556 960 1660 987 τούτων
1684 959 1750 987 κατ’
1765 959 1863 991 αὐτοὺς
1876 959 1918 985 καὶ

1132 1006 1182 1041 τὴν
1201 1006 1284 1041 φύσιν
1299 1004 1370 1033 εἶναι
1383 1007 1487 1042 κοινήν.
1508 1006 1614 1033 Οὐκοῦν
1630 1005 1679 1033 καὶ.
1695 1005 1728 1032 τὺ
1743 1005 1870 1040 ἔμπαλιν,
1887 1000 1919 1031 ὧν

1132 1053 1149 1088 ἡ
1167 1052 1247 1087 φύσις
1264 1052 1323 1088 μία,
1337 1052 1443 1080 τούτων
1466 1053 1630 1084 ὑποστάσεις
1655 1051 1794 1087 διάφοροι.
1810 1050 1885 1077 Ἐπεὶ
1894 1049 1919 1076 δὲ

1134 1099 1199 1134 μίαν
1222 1098 1304 1134 φύσιν
1327 1099 1356 1126 ἓν
1380 1100 1528 1135 πρόσωπον
1549 1098 1730 1135 περιγράφει,
1752 1097 1875 1124 ἐντεῦθεν
1898 1095 1920 1122 τί

1132 1145 1298 1179 συνάγεταις
1320 1145 1385 1180 μίαν
1398 1145 1447 1180 μὲν
1465 1143 1534 1172 εἶναι
1556 1144 1637 1179 φύσιν
1654 1143 1760 1180 σαρκὸς
1775 1143 1821 1169 καὶ
1834 1142 1921 1177 θεότη-

1131 1200 1187 1223 τος.
1208 1191 1256 1218 καὶ
1271 1186 1317 1218 ait
1340 1191 1421 1218 τοῦτο
1434 1192 1577 1226 ἀνάχυσις,
1598 1190 1769 1222 ὑποστάσεις
1784 1189 1813 1216 δὲ
1825 1189 1880 1216 δύο.
1895 1187 1921 1214 Ei

1130 1236 1159 1263 δὲ
1183 1237 1254 1272 μήτε
1279 1237 1360 1272 φύσει
1384 1237 1453 1273 μήτε
1478 1236 1628 1264 ὑποστάσει
1649 1236 1700 1263 καὶ
1730 1234 1922 1271 ἁριθμῷτὺέν

1131 1283 1219 1318 ἔχοιεν
1242 1283 1276 1310 τὰ
1304 1283 1478 1316 συνελθόντα,
1495 1282 1547 1309 ποῦ
1571 1283 1587 1318 ἡ
1602 1282 1647 1309 διὰ
1666 1281 1720 1317 τῆς
1736 1281 1860 1312 ἐνώσεως
1873 1280 1922 1306 τῶν

1132 1330 1288 1357 ἑνωθέντων
1303 1330 1453 1364 ταυτότηςς
1470 1330 1501 1356 El
1514 1329 1541 1355 δὲ
1552 1329 1599 1356 καὶ
1614 1329 1707 1363 φύσει,
1720 1328 1768 1355 καὶ
1783 1327 1922 1355 ὑποστάσει

1131 1377 1161 1405 τὸ
1189 1377 1219 1404 ἓν
1251 1376 1378 1412 ἀλλήλοις
1402 1377 1467 1408 εἰσὶ,
1499 1375 1552 1403 ποῦ
1565 1377 1579 1403 6
1593 1376 1644 1411 τῆς
1663 1375 1801 1411 ἀτρεψιας
1816 1375 1861 1401 καὶ
1879 1373 1923 1400 τοῦ

1130 1423 1285 1458 ἀσυγχύτου
1314 1422 1393 1457 λόγος
1414 1423 1449 1457 τῇ
1479 1421 1577 1450 ινώσει
1600 1422 1758 1456 σωθήσεται
1771 1429 1779 1454 ;
1792 1421 1923 1455 Συνῆκται

1132 1470 1186 1506 ἄρα
1200 1469 1353 1503 ἐξάπαντος
1364 1469 1422 1500 τοῖς
1431 1468 1610 1502 λέγουσινὲπὶ
1620 1467 1745 1502 Χριστοῦ
1759 1468 1825 1503 μίαν
1840 1466 1924 1502 φύσιν.

1131 1516 1180 1543 καὶ
1192 1517 1206 1543 6
1219 1516 1270 1551 τῆς
1279 1514 1437 1550 ἁναχύσιως
1446 1514 1619 1550 τρόπος,κᾶν
1630 1514 1712 1541 αὐτοὶ
1727 1514 1766 1550 μὴ
1783 1513 1923 1549 βούλοιντο.

1131 1563 1186 1591 Καὶ
1200 1562 1289 1594 ἄλλως
1315 1562 1355 1593 εἰς
1372 1562 1402 1589 τὺ
1421 1562 1497 1594 αὐτὸ,
1515 1561 1557 1588 ὅτι
1574 1562 1598 1588 oi
1618 1561 1684 1596 μίαν
1706 1560 1790 1596 φύσιν
1807 1561 1927 1595 λέγοντες

277 1604 366 1633 sionis
388 1605 447 1641 ipse
470 1606 578 1636 modus.
595 1606 660 1634 licet
679 1606 730 1641 ipsi
746 1607 773 1634 id
787 1611 917 1634 renuant.
933 1606 993 1634 Alia
1007 1614 1076 1641 quo-

1131 1609 1177 1637 ἐπὶ
1194 1607 1314 1645 Χριστοῦ
1333 1608 1374 1640 εἰς
1401 1608 1449 1635 τὸν
1476 1607 1526 1642 τῆς
1552 1606 1717 1642 συγχύσεως
1728 1606 1833 1642 τρόπον
1848 1605 1926 1641 ἐμπί-

278 1659 333 1687 que
346 1652 453 1679 ratione
477 1652 529 1680 hoc
549 1653 621 1679 idem
641 1653 784 1687 probatur,
805 1657 960 1681 asserentes
973 1652 1077 1680 scilicet

277 1705 365 1725 unam
383 1697 411 1725 in
426 1698 539 1726 Christo
557 1704 684 1725 naturam
715 1699 742 1726 in
770 1698 945 1726 confusionis
962 1700 1074 1726 modum

279 1743 411 1772 incidere.
428 1743 633 1779 lnterrogamus
654 1745 746 1780 itaque
763 1753 810 1773 vos
833 1754 840 1772 :
862 1745 929 1778 Quae
944 1745 971 1772 in
989 1753 1074 1773 unum

278 1794 469 1818 convenerunt
493 1789 639 1818 inconfusa
666 1791 693 1818 in
715 1792 827 1824 unione,
844 1796 1034 1826 agnoscuntur
1060 1800 1074 1818 a

279 1836 368 1869 vobis,
384 1836 428 1864 vel
445 1836 517 1864 non?
539 1836 658 1865 Omnino
679 1837 810 1865 asseretis
837 1837 994 1870 inconfusa.
1020 1838 1075 1866 nisi

278 1889 344 1910 cum
362 1881 543 1917 Eutychianis
559 1883 662 1910 sentire
680 1883 770 1911 velitis
790 1891 797 1909 ξ
818 1890 880 1918 quas
896 1891 960 1911 vero
976 1891 1077 1911 conve—

278 1929 477 1963 nerunt,etiam
493 1928 700 1956 secundumvos
713 1929 768 1956 duo
782 1934 857 1962 sunt,
873 1929 962 1957 dcitas
978 1936 1076 1964 nempe

277 1980 306 2003 ot
330 1975 486 2003 humanitas
501 1983 509 2002 :
522 1982 575 2010 qua
591 1982 656 2003 vero
675 1975 791 2008 ratione,
806 1983 867 2011 quae
882 1974 998 2004 confusa
1018 1983 1073 2003 non

277 2025 344 2049 sunt
362 2021 389 2048 in
407 2021 510 2048 unione
528 2021 600 2054 duo,
615 2021 699 2048 etiam
722 2026 784 2056 post
804 2022 933 2049 unionem
950 2022 1004 2049 duo
1020 2029 1074 2049 non

278 2067 449 2103 agnoscitis?
465 2067 498 2095 Et
513 2067 536 2095 si
552 2067 714 2103 agnoscit's,
730 2075 816 2103 quare
830 2069 855 2095 id
869 2076 924 2096 non
938 2067 1077 2096 fatemini?

278 2119 307 2142 et
318 2115 340 2142 si
352 2114 487 2147 fatemini,
500 2121 586 2150 quare
594 2121 625 2141 ea
635 2114 771 2142 abnuistis
786 2122 942 2148 numerare,
956 2121 1075 2150 quorum

279 2166 388 2188 natura:
404 2160 600 2195 proprietatem
622 2159 797 2188 inconfusam
819 2160 903 2187 ctiam
919 2164 981 2194 post
997 2160 1075 2187 unio-

278 2214 343 2233 nem
353 2206 449 2233 scitis?
462 2205 539 2237 Quod
550 2205 620 2232 enim
631 2206 843 2240 conﬁtentur-,ait
855 2206 935 2233 divus
944 2205 1075 2239 Basilius,

279 2253 396 2287 idipntm
412 2257 436 2279 et
454 2257 603 2279 numerent.
621 2252 699 2285 Quod
720 2253 742 2280 si
759 2261 812 2280 non
827 2253 989 2284 numeratis,
1002 2257 1076 2287 patet

281 2306 331 2326 vos
354 2299 419 2326 illud
451 2306 505 2336 non
522 2299 648 2326 contiteri
668 2308 674 2326 :
693 2299 767 2333 quod
791 2298 814 2326 si
829 2307 883 2326 non
905 2299 1075 2327 confitemini

280 2352 372 2380 neque
396 2345 545 2381 agnoscitis
557 2366 564 2378 ,
581 2350 608 2373 ct
623 2346 645 2373 si
663 2353 718 2373 non
733 2346 894 2381 agnoscitis,
915 2353 969 2373 non
985 2346 1077 2373 dicitis

281 2391 337 2421 duo
357 2399 429 2425 esse,
445 2400 506 2428 qua:
522 2396 710 2419 convenerunt
729 2400 735 2418 ι
753 2392 847 2427 sicque
861 2393 917 2427 jam
929 2392 1078 2419 immutata

281 2443 326 2466 est
338 2446 446 2470 eorum.
461 2446 522 2473 qum
538 2443 737 2470 convenerunt,
759 2445 814 2465 una
829 2443 926 2465 natura
943 2438 968 2464 in
983 2438 1077 2465 aliam.

281 2483 340 2512 Hoc
353 2485 424 2512 idem
443 2485 496 2512 alia
519 2484 637 2512 ratione.
656 2482 788 2511 Universa
815 2483 959 2519 integritas
981 2484 1022 2510 vel
1043 2491 1078 2511 ex

281 2529 407 2565 partibus
423 2529 562 2557 similibus
580 2528 790 2556 consistentiam
807 2528 898 2561 habet,
915 2528 956 2555 vel
968 2535 1002 2555 ex
1018 2528 1076 2556 dis-

282 2575 431 2604 similibus.
448 2576 476 2603 Si
489 2582 522 2602 ex
537 2574 687 2607 similibus,
706 2574 820 2602 omnino
837 2574 890 2602 hoc
910 2575 1006 2602 eodem
1025 2579 1076 2607 est,

282 2626 310 2649 et
328 2621 511 2657 incomposita
531 2629 537 2647 :
558 2620 582 2649 si
596 2628 628 2647 ex
641 2620 825 2648 dissimilibus
847 2624 875 2647 ct
898 2619 1015 2647 diversis
1030 2627 1078 2646 ua—

282 2668 354 2696 turis
375 2667 519 2700 consistit,
548 2667 662 2694 omnino
685 2667 837 2702 composita
853 2671 915 2694 est:
931 2667 953 2694 si
971 2674 1034 2701 qua:
1046 2674 1079 2693 ex

282 2714 400 2742 diversis
422 2713 528 2742 naturis
556 2713 729 2746 conflantur,
744 2713 896 2747 composita
913 2717 987 2741 sunt.
1009 2713 1078 2740 Cum

284 2760 378 2795 itaque
403 2760 507 2788 Christi
534 2760 678 2795 integritas
695 2767 728 2787 ex
748 2760 873 2794 partibus
885 2759 1078 2793 dissimilibus,

283 2807 475 2835 differentibus
489 2806 598 2835 scilicet
613 2807 720 2834 naturis
733 2806 775 2834 sui
792 2806 1021 2842 compositionem
1036 2806 1082 2833 ha-

283 2853 338 2887 bet,
355 2853 464 2881 deitatis
479 2858 570 2881 mente
598 2853 840 2889 humanitatisque,
859 2858 886 2881 et
899 2853 956 2881 hinc
973 2853 1079 2881 diversa

283 2898 311 2926 in
327 2899 430 2926 unione
445 2904 650 2931 remanserunt,
667 2900 694 2926 in
708 2900 809 2935 quibus
835 2907 900 2928 vero
923 2899 1079 2928 differentia

283 2950 336 2978 cst,
360 2945 475 2973 omnino
501 2945 553 2979 ibi,
575 2950 603 2975 et
621 2945 746 2974 binarius
768 2946 801 2974 ad
827 2946 921 2974 minus
944 2953 1078 2975 numerus

1129 1662 1254 1681 πτουσιν.
1286 1653 1456 1689 Ἐρωτητέον
1473 1650 1521 1679 οὖν
1549 1652 1632 1687 ὑμᾶς,
1661 1652 1787 1687 Πότερον
1812 1652 1876 1687 ὑμῖν
1896 1649 1928 1678 τὰ

1129 1700 1293 1728 συνελθόντα
1323 1699 1465 1734 ἁσύγχυτα
1495 1699 1525 1726 ὲν
1546 1700 1580 1734 τῇ
1596 1697 1695 1725 ὲνὼσει
1714 1697 1894 1733 γινώσκεται,
1910 1696 1926 1731 ἦ

1128 1747 1177 1781 ob;
1191 1747 1303 1778 Πάντως
1333 1747 1422 1781 ἐρεῖτε
1441 1744 1594 1780 ἀσύγχυτα,
1615 1744 1697 1780 εἴπερ
1715 1744 1754 1780 μὴ
1772 1742 1929 1779 Εὐτυχιανι-

1128 1792 1185 1825 ζειν
1197 1792 1315 1819 ἐθέλετει
1331 1791 1384 1818 Δύο
1410 1791 1440 1818 δὲ
1466 1790 1501 1817 τὰ
1526 1789 1690 1817 συνελθόντα
1706 1791 1757 1817 καὶ
1782 1789 1845 1817 καθ’
1861 1788 1930 1824 ὑμᾶς

1128 1840 1193 1871 εισι,
1211 1838 1327 1873 θεότητά
1343 1829 1415 1873 φημι
1431 1837 1479 1864 καὶ
1495 1836 1708 1872 ἀνθρωπότητα.
1725 1837 1789 1864 Τίνι
1815 1836 1843 1863 δὲ
1862 1836 1930 1869 λόγῳ

1127 1884 1162 1911 τὰ
1187 1884 1225 1920 μὴ
1253 1883 1422 1919 συγχυθέντα
1453 1885 1482 1910 ἐν
1496 1885 1530 1919 τῇ
1541 1883 1637 1910 ἐνώσει
1657 1882 1716 1916 δύο,
1736 1883 1786 1910 καὶ
1805 1881 1874 1917 μετὰ
1884 1881 1930 1917 τὴν

1127 1932 1224 1959 ἕνωσιν
1236 1931 1268 1958 ού
1282 1930 1329 1957 δύο
1344 1929 1509 1965 γνωρίζετες
1536 1931 1568 1957 Et
1584 1930 1613 1956 δὲ
1628 1930 1676 1957 καὶ
1690 1930 1857 1966 γνωρίζετε,
1875 1928 1931 1959 πῶς

1128 1979 1177 2013 οὐχ
1188 1978 1360 2012 ὁμολογεῖτε;
1379 1978 1410 2004 Ei
1424 1976 1452 2004 δὲ
1474 1977 1522 2004 καὶ
1536 1977 1704 2012 ὁμολογεῖτε,
1724 1976 1787 2007 πῶς
1800 1974 1927 2014 ἀριθμεῖν

1127 2023 1216 2051 ταῦτα
1228 2023 1418 2060 παραιτεῖσθε,
1432 2019 1470 2050 ὧν
1479 2023 1528 2059 τὴν
1535 2023 1585 2057 τῆς
1593 2022 1702 2057 φύσεως
1715 2023 1841 2057 ἰδιότητα
1852 2020 1933 2054 ἀσύγ-

1127 2079 1209 2105 χυτον
1222 2069 1270 2097 καὶ
1287 2069 1356 2105 μετὰ
1367 2069 1417 2105 τὴν
1434 2068 1532 2097 ἕνωσιν
1544 2068 1712 2102 inieras-6:;
1732 2069 1770 2096 Ὃ
1788 2068 1846 2103 τὰρ
1867 2068 1932 2102 ὁμο-

1127 2115 1266 2151 λογοῦσι,
1274 2115 1357 2151 φησιν
1367 2116 1381 2141 6
1390 2115 1461 2147 θεῖος
1472 2114 1623 2146 Βασίλειος.
1633 2114 1725 2141 τοῦτο
1736 2114 1789 2141 καὶ
1802 2111 1932 2147 ἀριθμεῖ-

1127 2170 1241 2190 τωσαν.
1252 2162 1284 2188 Ei
1291 2161 1320 2188 δὲ
1330 2162 1381 2188 οὐκ
1392 2161 1546 2196 ἀριθμεῖτε,
1555 2160 1635 2195 δῆλον
1650 2160 1692 2187 ὅτι
1701 2161 1754 2196 οὐχ
1762 2159 1930 2195 ὁμολογεῖτε.

1127 2210 1160 2236 Ei
1171 2209 1198 2236 at
1213 2210 1262 2244 οὐχ
1279 2209 1445 2244 ὁμολογεῖτε,
1458 2208 1517 2234 οὐδὲ
1530 2207 1688 2242 γνωρίζετε.
1699 2208 1734 2234 Ei
1744 2207 1775 2234 δὲ
1792 2207 1824 2234 ού
1835 2204 1933 2240 γνωρί-

1129 2256 1201 2289 ζετε,
1214 2256 1242 2282 οὐ
1257 2255 1303 2281 δύο
1313 2255 1346 2281 τὰ
1362 2254 1521 2280 συνελθόντα
1532 2253 1636 2287 λέγετε.
1646 2253 1701 2279 Καὶ
1712 2253 1806 2284 οὕτως
1817 2250 1934 2286 μεταϐέ-

1128 2301 1226 2337 6ληται
1242 2301 1323 2336 ἡτῶν
1335 2300 1516 2326 συνελθόντων
1533 2299 1613 2333 φύσις
1627 2299 1731 2334 θατὲρα
1748 2298 1933 2332 ὲπὶθατέραν.

1129 2348 1184 2376 Καὶ
1201 2349 1289 2379 ἄλλως
1303 2348 1344 2379 εἰς
1362 2347 1393 2374 τὺ
1404 2347 1479 2374 αὐτὼ
1490 2347 1522 2372 Ἡ
1534 2346 1609 2372 πᾶσα
1623 2345 1718 2381 ὀλότης
1735 2345 1753 2381 ἢ
1764 2345 1795 2377 ὲε
1810 2346 1935 2379 ἀνομοιο-

1130 2394 1221 2430 μερῶν
1233 2393 1282 2429 τὴν
1298 2394 1428 2420 σύστασιν
1443 2392 1566 2426 εἴληφεν,
1587 2392 1603 2427 ἢ
1619 2391 1649 2424 ἐξ
1668 2391 1852 2427 ὁμοιομερῶν
1864 2399 1871 2407 ⁸
1889 2389 1935 2417 καὶ

1129 2442 1153 2467 εἰ
1170 2440 1219 2474 μὲν
1230 2439 1260 2472 ἐξ
1276 2438 1449 2474 ὁμοιομερῶν
1463 2438 1572 2470 πάντως
1583 2438 1643 2465 κατ’
1652 2437 1729 2470 αὐτὸ,
1742 2437 1879 2464 τουτέστι
1891 2435 1935 2463 καὶ

1129 2486 1275 2517 ἀσύνθετός
1287 2485 1370 2519 ἐστιν,
1388 2486 1412 2512 ει
1427 2485 1453 2512 δὲ
1467 2485 1496 2518 ἐξ
1512 2484 1718 2520 ἀνομοιομερῶν
1735 2484 1786 2511 καὶ
1798 2483 1935 2518 διαφόρων

1130 2533 1239 2567 φύσεων
1252 2532 1412 2567 συνέστηκε,
1427 2531 1537 2562 πάντως
1553 2530 1682 2561 σύνθετος
1692 2529 1787 2563 ἔσται,
1805 2530 1888 2563 εῐπερ
1904 2527 1936 2554 τὰ

1130 2580 1162 2605 ὲκ
1180 2577 1315 2613 διαφόρων
1331 2578 1439 2612 φύσεων
1457 2576 1625 2611 συγκείμενα
1641 2575 1772 2603 σύνθετα.
1799 2574 1880 2602 Ἐπεὶ
1891 2572 1935 2602 οὖν

1131 2627 1146 2661 ἡ
1160 2625 1230 2652 κατὰ
1244 2624 1362 2660 Χριστὸν
1376 2624 1471 2659 ὁλότης
1490 2622 1521 2656 ἐξ
1540 2621 1762 2658 ἀνομοιομερῶν,
1777 2622 1868 2658 ἤγουν
1879 2621 1936 2647 δια-

1131 2672 1270 2707 φερόντων
1298 2671 1406 2706 φύσεων
1437 2670 1483 2706 τὴν
1503 2669 1626 2696 σύνθεσιν
1647 2668 1763 2703 ἔσχηκε,
1795 2667 1935 2701 θεότητος,

1133 2718 1218 2752 φημὶ,
1237 2717 1285 2744 καὶ
1300 2716 1521 2753 ἀνθρωπὸτητος,
1540 2714 1627 2743 ταῦτα
1651 2714 1679 2741 δὲ
1701 2713 1830 2748 διάφορα
1850 2712 1899 2739 καὶ
1909 2712 1936 2737 ἐν

1132 2765 1164 2799 τῇ
1192 2763 1289 2790 ὲνώσει
1315 2763 1512 2798 μεμενήκασιν,
1533 2762 1563 2788 ὲν
1575 2759 1616 2792 οἷς
1631 2760 1659 2787 δὲ
1675 2758 1809 2794 διάφορα,
1825 2759 1935 2788 πάντως

1132 2810 1192 2836 ἐκεῖ
1202 2809 1248 2836 καὶ
1262 2811 1276 2836 6
1289 2809 1340 2844 τῆς
1363 2808 1460 2839 δυάδος
1472 2806 1589 2842 ἀριθμὸς
1615 2804 1801 2840 τούλάχιστον
1817 2805 1935 2837 συνάγε-

1131 2864 1187 2882 ται.
1202 2855 1234 2882 Ei
1263 2854 1291 2880 δὲ
1318 2853 1409 2885 τοῦτο,
1434 2851 1558 2887 δηλονότι
1577 2850 1626 2877 καὶ
1643 2849 1772 2886 ἀριθμεῖ.
1798 2850 1831 2875 El
1850 2846 1937 2875 δὲκαὶ

1132 2900 1194 2927 καθ’
1208 2900 1280 2934 ὑμᾶς
1293 2900 1362 2935 ὲντῇ
1381 2899 1477 2926 ἑνώσει
1499 2895 1547 2923 τοῦ
1570 2896 1631 2923 ὅλου
1642 2897 1659 2931 ἠ
1675 2895 1800 2930 διαφορὰ
1817 2895 1874 2921 τῶν
1889 2902 1936 2929 με·

1135 2946 1189 2984 ρῶν
1208 2945 1258 2973 οὐκ
1274 2945 1442 2982 ἀριθμεῖν-αι,
1456 2944 1536 2979 δῆλον
1547 2944 1588 2971 ὅτι
1601 2942 1660 2970 οὐδὲ
1679 2941 1767 2969 ἔστιν.
1784 2942 1817 2968 Εἰ
1838 2940 1868 2968 δὲ
1887 2940 1936 2967 οὐκ
