4064 6392
305 394 415 462 629

1151 395 1587 458 REFUTATIO
1626 399 2011 461 EPISTOLAE
2054 401 2286 460 REGIS
2322 399 2712 459 ΑΠΜΕΝΙΕ.

3455 393 3568 458 630

303 504 442 598 ἐστι,
470 499 641 598 σαφὲς
665 499 750 598 ότι
785 500 1116 574 συγκέχυται
1159 505 1231 560 τὰ
1287 505 1453 579 μέρη,
1486 510 1546 564 ὲν
1574 506 1709 581 olei;
1760 511 1873 564 δια-
1904 542 1924 598 γ

2010 512 2254 581 olligitur
2278 530 2293 577 ;
2331 512 2495 581 idque
2522 512 2568 566 si
2587 522 2692 574 εει,
2723 509 3073 565 manifestum
3102 523 3326 580 quoque
3353 517 3434 565 est
3466 525 3566 574 nu-

299 595 444 666 φορὰ
487 593 586 664 οὐχ
633 593 881 666 εὕρηται.
909 597 1147 667 Φανερὸν
1186 597 1317 669 ἄρα,
1357 604 1471 664 τοῖς
1501 600 1720 669 λέγουσι
1747 603 1878 674 μίαν
1904 593 1921 598 ’

2010 603 2210 657 ncrari.
2245 603 2480 668 Quodsi
2507 618 2608 672 per
2645 616 2744 658 vos
2775 602 2830 657 in
2859 601 3060 656 unione
3103 602 3293 668 totius,
3329 601 3566 670 partium

303 685 558 745 σύνθετον
587 684 682 740 ἐπὶ
725 687 964 759 Χριστοῦ
1018 689 1183 758 φύσιν
1225 691 1540 760 συνάγεται,
1576 692 1638 745 τὸ
1679 710 1878 759 συγκε-

308 774 506 847 χύσθαι
530 776 711 844 λέγειν
761 777 862 841 τὰς
897 778 1109 847 φύσεις,
1157 781 1259 836 κᾶν
1306 780 1382 854 μὴ
1437 781 1730 851 βούλοιντο.
1772 782 1882 835 Καὶ

299 867 477 928 ταῦτα
512 870 610 939 μὲν
639 872 699 925 ὲν
728 870 962 936 τούτοις.

1986 696 2288 751 diﬂ‘ercntia
2321 711 2430 750 non
2459 704 2801 759 numeratur,
2837 695 3017 765 palam
3067 702 3152 749 est
3220 709 3398 764 neque
3421 709 3566 749 esse.

1988 789 2146 855 Quod
2177 789 2223 844 si
2257 805 2366 845 non
2393 799 2501 852 est,
2533 788 2741 843 clarum
2791 798 2869 844 est
2899 785 3160 842 confusas
3199 801 3322 842 esse
3359 794 3566 855 partes,

1989 880 2043 934 in
2085 880 2287 950 quibus
2319 879 2620 937 differentia
2653 897 2761 937 non
2793 880 3082 951 reperitur.
3113 879 3365 934 Patenter
3387 878 3572 946 itaque

299 960 648 1060 concluditur
697 973 1010 1019 asserentes
1059 979 1222 1018 unam
1268 964 1320 1020 in
1370 965 1595 1022 Christo
1640 979 1893 1022 naturam
1952 973 2312 1042 compositam
2347 969 3104 1038 atﬁrmarc,confusasetiam
3126 977 3352 1024 naturas
3371 966 3568 1027 fuisse.
3632 1035 3640 1060 ι

297 1051 434 1105 licet
463 1051 569 1121 ipsi
601 1061 820 1121 negent.
857 1053 921 1108 Et
951 1054 1068 1109 haec
1094 1055 1316 1124 quidem
1354 1055 1429 1111 ita
1463 1072 1524 1112 se
1553 1057 1776 1113 habent.

376 1147 462 1200 ιδ’.
501 1147 721 1217 Ἐπειδὴ
761 1147 820 1200 δὲ
852 1147 914 1201 τὸ
961 1149 1290 1220 συγχυτικὸν
1316 1149 1413 1203 τοῦ
1472 1150 1748 1221 Εὑτυχοῦς
1795 1149 1884 1204 διὰ

297 1240 403 1309 τῆς
453 1238 724 1303 ἐκθέσεως
757 1242 815 1294 ὲν
857 1239 936 1310 τῷ
984 1241 1274 1311 γράμματι
1331 1259 1427 1295 σου
1479 1242 1887 1312 μυσαττόμενος

301 1333 591 1396 ἀπεσείου,
623 1332 725 1403 τὴν
752 1333 809 1387 δὲ
835 1333 1043 1388 οίκείαν
1075 1334 1368 1403 ὁμολογίαν
1400 1335 1468 1389 δι’
1493 1335 1692 1404 ὀλίγων
1733 1336 1888 1388 ἒπει-

299 1423 480 1495 ράθης
506 1423 783 1487 ἐκθέσθαι,
812 1423 888 1488 ὡς
925 1424 1179 1478 ἐντεῦθεν
1216 1426 1637 1494 ἀκατάγνωστος
1669 1424 1893 1496 δειχθῆ-

295 1530 414 1579 ναι,
443 1515 537 1567 καὶ
562 1513 736 1568 δοκῶν
769 1513 829 1569 τὺ
854 1514 1015 1585 ὀρθὸν
1043 1515 1219 1586 δόγμα
1241 1516 1340 1586 τῆς
1387 1517 1715 1586 Ἐκκλησίας
1757 1531 1892 1586 πρε-

297 1604 542 1671 σϐεύειν,
583 1605 663 1659 διδ
692 1608 786 1659 καὶ
814 1606 1048 1676 γράφεις
1075 1601 1196 1660 ὧδεο
1217 1608 1446 1677 Ἀρτίως
1484 1608 1553 1661 δὲ
1573 1607 1648 1661 δι’
1684 1605 1896 1662 ἁπλῶν

295 1697 504 1769 λόγων
534 1695 890 1766 λαλήσομεν
910 1696 1027 1764 τὴν
1057 1698 1354 1766 ἡμετέραν
1378 1698 1724 1767 ὁμολογίαν,
1743 1697 1895 1750 διότι

295 1787 563 1858 λέγομεν
584 1789 730 1858 μίαν
751 1789 943 1856 φύσιν
970 1791 1057 1855 εἰς
1105 1790 1385 1858 Χριστὸν,
1420 1790 1566 1859 ὅπερ
1597 1789 1749 1846 πᾶσι
1778 1806 1892 1860 ερα-

296 1883 484 1949 νερόν
532 1881 721 1936 ἐστιν.
755 1883 918 1948 Ἦτις
950 1883 1059 1951 μία
1113 1884 1300 1952 φύσις
1339 1885 1426 1948 είς
1466 1858 1577 1937 δύο
1634 1858 1894 1953 τρόπους
1928 1858 1974 1916 Β

296 1971 532 2026 νοεῖται
559 1986 623 2026 τε
651 1972 748 2027 καὶ
778 1973 1039 2042 λέγεται,
1072 1972 1184 2043 τῆς
1203 1973 1322 2042 μὲν
1356 1975 1562 2041 ἁπλῆς
1606 1975 1706 2029 καί
1739 1977 1896 2030 ἀσω-

295 2062 500 2132 μάτου
533 2061 631 2118 καί
653 2062 833 2132 χωρίς
865 2065 1174 2134 ἁρμονίας,
1216 2065 1407 2136 ἤγουν
1458 2067 1702 2135 Μιχαὴλ
1725 2109 1740 2133 ,
1797 2068 1898 2122 καὶ

299 2154 598 2222 Γαϐριὴλ,
619 2152 731 2222 τῆς
755 2152 825 2208 δὲ
845 2157 998 2224 μετὰ
1011 2155 1119 2223 τῆς
1147 2157 1456 2225 ἁρμονίας,
1483 2156 1686 2226 ὥσπερ
1726 2158 1900 2228 Ἀδὰμ

299 2245 410 2298 καὶ
455 2243 601 2299 Νῶε.
639 2244 747 2306 Οὓς
768 2245 863 2318 δύο
917 2247 1152 2318 τρόπους
1209 2250 1754 2321 ἀποσκευασάμενος,
1820 2251 1898 2322 μὴ

299 2337 674 2406 ἐφαρμόττειν
708 2338 803 2392 ἐπὶ
830 2340 929 2409 τῆς
961 2342 1102 2395 κατὰ
1128 2341 1366 2411 Χριστὸν
1397 2342 1645 2406 ὲνώσεως
1673 2341 1767 2395 τὸν
1797 2342 1900 2412 μὲν

304 2426 602 2497 πρότερον,
623 2427 789 2498 ἦγουν
812 2428 911 2498 τῆς
945 2430 1123 2500 ἁπλῆς
1155 2431 1247 2483 καὶ¹
1289 2431 1584 2500 ἀσωμάτου
1626 2431 1760 2500 μιᾶς
1800 2428 1902 2498 φύ-

306 2533 454 2580 σεως
500 2517 588 2571 διὰ
641 2518 702 2572 τὸ
735 2519 1076 2590 συμϐαίνειν,
1137 2521 1212 2594 μὴ
1269 2521 1760 2594 ὲνηνθρωπηκέναι
1811 2521 1902 2575 τὸν

305 2608 543 2678 Κύριον,
575 2609 710 2664 ἀλλὰ
742 2611 949 2682 γυμνὸν
981 2607 1121 2666 εἶναι
1151 2614 1276 2683 δίχα
1319 2611 1676 2684 σαρκώσεως,
1719 2613 1813 2668 τὸν
1854 2612 1907 2668 δ’

305 2695 378 2754 αὖ
414 2699 686 2770 δεύτερον,
718 2701 1006 2772 ﬂrenti-'st
1032 2703 1378 2775 ἐναρμόνιον,
1413 2706 1510 2759 καὶ
1541 2706 1662 2760 κατ’
1695 2706 1904 2759 ἐκεῖνον

309 2792 392 2862 μὴ
427 2788 567 2845 εἶναι
597 2792 688 2845 τὸν
718 2793 975 2864 Χριστὸν,
1029 2793 1183 2858 Θεὸν,
1211 2793 1350 2848 ἀλλὰ
1398 2795 1554 2865 ψιλὸν
1593 2795 1903 2866 ἄνθρωπον,

307 2881 500 2954 τρίτον
522 2884 644 2937 τινὰ
674 2883 956 2948 ὑποτιθεὶς
985 2884 1187 2956 τρόπον
1220 2887 1350 2956 μιᾶς
1398 2886 1655 2941 συνθέτου
1689 2886 1906 2957 φύσεως

308 2972 468 3038 ὄντα,
500 2975 559 3028 ὃν
585 2975 681 3030 καὶ
705 2975 798 3028 ἐπὶ
821 2975 1060 3047 Χριστοῦ
1101 2978 1478 3047 ὁμοιοτρόπως
1516 2978 1664 3050 ἔχειν
1710 2979 1906 3049 ὁμολο-

307 3070 456 3138 γεῖς.
479 3067 569 3122 Διὸ
597 3067 694 3122 καὶ
720 3068 1244 3138 παραδειγματικῶς
1274 3069 1365 3125 τὸν
1390 3070 1677 3141 ἄνθρωπον
1705 3068 1906 3135 λαϐὼν,

311 3159 705 3232 ὑποτιθέμενος
737 3162 972 3234 γράφεις
1023 3155 1126 3215 ὧδε
1155 3179 1168 3193 ο
1205 3162 1315 3217 Καὶ
1357 3164 1582 3232 γίνεται
1623 3164 1658 3216 ὁ
1688 3163 1908 3230 ἄνθρω-

310 3266 435 3320 πος
470 3253 867 3325 παράδειγμα,
900 3254 1100 3321 καθὼς
1128 3256 1227 3310 καὶ
1259 3258 1315 3312 ol
1368 3254 1628 3322 Πατέρες
1677 3255 1909 3322 ἐλάλη-

310 3360 444 3401 σαν
470 3345 567 3400 καί
595 3345 964 3416 διήγγειλαν,
1005 3347 1061 3400 τί
1083 3347 1216 3400 ἐστι
1246 3347 1354 3401 τοῦ
1385 3345 1682 3416 σώματος,
1721 3345 1822 3399 καί
1854 3345 1911 3398 τί

309 3435 452 3492 ἐστι
476 3436 588 3507 τῆς
621 3435 853 3506 ψυχῆς.
906 3437 1068 3492 Ἀλλ’
1112 3441 1144 3492 ό
1194 3438 1509 3506 ἅνθρωπος
1563 3439 1636 3493 οὐ
1674 3439 1913 3508 λέγεται

311 3527 431 3583 δύο
459 3529 677 3599 φύσεις
711 3529 896 3598 ἔχειν.
924 3530 995 3582 El
1011 3525 1090 3582 ’δὲ
1113 3528 1471 3584 ἀνθίσταται
1492 3545 1582 3595 τις
1616 3528 1716 3584 καὶ
1745 3526 1913 3596 λέγει

311 3621 432 3676 δύο
453 3621 672 3690 φύσεις
703 3621 801 3675 ἐπὶ
835 3619 1174 3689 ἀνθρώπου,
1203 3620 1425 3675 λοιπὸν
1453 3619 1552 3675 καί
1596 3621 1629 3673 ὁ
1660 3617 1914 3688 Χριστὸς

314 3711 481 3781 τρεῖς
505 3713 722 3782 φύσεις
775 3711 924 3782 ἔχει,
972 3714 1082 3767 δύο
1115 3712 1226 3780 τῆς
1276 3713 1758 3781 ἁνθρωπότητος,
1814 3711 1911 3764 καὶ

310 3803 466 3873 μίαν
509 3801 622 3872 τῆς
669 3803 972 3872 θεότητος.
1032 3804 1271 3872 Ἀρτίως
1311 3799 1427 3858 οὖν
1467 3804 1538 3857 ἐκ
1581 3803 1701 3856 τῶν
1736 3801 1916 3872 τριῶν

316 3896 558 3963 τρόπων
580 3895 829 3959 τούτων,
855 3895 1030 3949 ποῖον
1049 3896 1402 3965 ἐπαίρεσθαι
1428 3897 1678 3964 εἴπομεν
1704 3895 1772 3947 ἐκ
1797 3892 1916 3947 τῶν

315 3985 665 4055 λεγομένων
681 3987 909 4040 τούτων
921 3988 1203 4055 (privamur;
1231 3989 1300 4041 El
1325 3986 1443 4056 μὲν
1469 3987 1535 4041 τὸ
1569 3985 1762 4056 σῶμα,
1799 3987 1914 4040 Ei)-

315 4078 757 4148 τυχιανίζομεν,
791 4081 844 4132 εί
875 4077 943 4133 δὲ
973 4079 1088 4148 τὴν
1109 4079 1495 4147 ἀνθρωπίνην
1517 4077 1731 4147 ψυχὴν
1758 4075 1916 4144 τινό-

313 4175 475 4242 ιιεθα
525 4171 607 4238 ὡς
669 4175 701 4226 ὁ
761 4171 1191 4241 Ἆπολινάριος,
1243 4172 1299 4225 εί
1344 4171 1414 4224 δὲ
1473 4171 1590 4239 τὴν
1645 4170 1912 4236 θεότητα,

319 4263 682 4333 ὀμοιούμεθα
714 4262 839 4328 τοῖς
882 4261 1196 4327 Ἰουδαίοις
1238 4261 1514 4329 λέγουσι,
1571 4260 1654 4314 Σὺ
1693 4259 1918 4328 ἅνθρω-

318 4367 443 4419 πος
495 4351 600 4420 ὢν,
642 4352 768 4419 πῶς
822 4352 1014 4419 ποιεῖς
1044 4352 1265 4406 ἑαυτὸν
1293 4353 1444 4406 Θεόν
1466 4369 1486 4419 ;
1542 4352 1774 4421 Ἀρτίως
1806 4350 1919 4405 οὖν

317 4445 600 4518 φανερῶς
622 4446 902 4516 λέγομεν,
929 4444 1019 4498 ὅτι
1044 4447 1156 4515 μία
1181 4446 1370 4514 φύσις
1394 4445 1491 4498 ἐπὶ
1517 4444 1624 4513 τῆς
1645 4444 1918 4510 ἑνώσεως

1931 3215 1978 3273 C

2061 1157 2150 1212 M.
2193 1156 2330 1211 Cum
2361 1171 2492 1211 vero
2521 1155 2900 1211 confusionem
2927 1153 3246 1226 Eutychetis
3271 1168 3368 1222 per
3401 1167 3575 1222 expo~

1991 1249 2245 1304 sitionem
2286 1249 2342 1304 in
2371 1257 2465 1304 tua
2503 1249 2737 1315 epistola
2799 1255 3124 1303 exsecratus
3149 1245 3391 1315 rejicias,
3424 1251 3580 1298 tuam

1991 1339 2394 1396 confessionem
2431 1341 2624 1410 paucis
2664 1353 2940 1409 exponere
2991 1336 3235 1401 conaris,
3287 1343 3346 1390 ut
3389 1349 3581 1404 repre-

1995 1433 2312 1488 hensionem
2337 1431 2565 1503 effugias
2594 1441 2853 1500 tanquam
2876 1429 2973 1500 qui
3001 1427 3171 1484 videri
3194 1427 3350 1496 cupis
3371 1435 3581 1490 rectum

1997 1523 2255 1592 Ecclesia:
2283 1523 2480 1592 dogma
2516 1522 2756 1593 proﬁteri
2776 1561 2792 1585 ,
2825 1521 3024 1577 scribis
3051 1521 3156 1576 hoc
3184 1519 3384 1575 modo:
3424 1516 3594 1572 Nunc

1998 1629 2176 1672 autem
2205 1617 2436 1686 simplici
2465 1617 2704 1672 oratione
2727 1624 2968 1670 nostram
2987 1615 3370 1685 professionem
3411 1627 3586 1666 enun-

2001 1711 2211 1776 tiemus,
2257 1725 2419 1780 quare
2471 1709 2713 1761 dicamus
2764 1722 2925 1760 unam
2957 1707 3012 1760 in
3063 1705 3273 1760 Christo
3309 1712 3586 1769 naturam,

1999 1799 2144 1871 quod
2179 1801 2422 1855 omnibus
2462 1798 2644 1869 palam
2695 1808 2794 1857 est.
2819 1812 2938 1869 qua:
2988 1813 3096 1850 una
3135 1805 3333 1850 natura
3380 1795 3588 1848 duobus

2002 1889 2174 1944 modis
2197 1888 2490 1954 intellecta,
2525 1898 2576 1942 et
2628 1887 2850 1955 scripta,
2896 1886 3066 1938 altera
3087 1892 3168 1938 est
3219 1882 3464 1950 simplex,
3505 1882 3590 1934 in-

1998 2000 2274 2054 corporea,
2311 1991 2362 2036 et
2391 1983 2507 2037 sine
2534 1980 2838 2048 harmonia,
2879 1987 2939 2034 ut
2975 1976 3208 2033 Michael
3256 1984 3306 2031 et
3355 1973 3591 2036 Gabriel,

1999 2076 2174 2130 altera
2203 2091 2321 2129 cum
2353 2073 2661 2136 harmonia,
2701 2070 2970 2126 ut.Adam
2998 2076 3048 2123 et
3081 2067 3219 2123 Noe.
3250 2065 3349 2121 His
3378 2065 3594 2120 duobus

2002 2162 2182 2217 modis
2237 2160 2478 2232 rejectis,
2540 2168 2801 2230 tanquam
2863 2156 2960 2228 qui
3023 2155 3217 2212 unioni
3240 2152 3447 2210 Christi
3482 2165 3595 2206 non

2003 2249 2444 2315 conformantur,
2479 2259 2535 2306 et
2572 2250 2814 2320 primum
2854 2247 3076 2319 quidem
3105 2244 3400 2316 simplicis,
3419 2253 3474 2298 et
3507 2241 3598 2298 in-

2002 2355 2281 2410 corporea:
2303 2341 2468 2397 unius
2494 2349 2727 2407 naturae,
2749 2337 2896 2410 quod
2927 2352 3036 2393 non
3066 2335 3345 2391 hominem
3379 2345 3625 2388 assum»

2005 2434 2483 2506 pscritDominus,
2501 2433 2596 2490 sed
2618 2432 2801 2488 nudus
2831 2430 2902 2487 sit
2924 2430 3136 2500 absque
3165 2424 3547 2483 incarnatione
3573 2439 3590 2488 ;

2004 2528 2235 2583 alterum
2270 2542 2401 2582 vero
2434 2541 2632 2596 nempe
2674 2523 3082 2589 enarmonium,
3115 2520 3262 2592 quod
3287 2518 3594 2580 secundum

2005 2620 2158 2676 illum
2223 2619 2479 2677 Christus
2539 2634 2650 2675 non
2707 2618 2781 2674 sit
2825 2617 2992 2684 Deus,
3043 2613 3140 2671 sed
3193 2627 3364 2685 purus
3403 2611 3619 2674 homo,

2005 2715 2226 2770 tertium
2254 2714 2546 2783 quemdam
2579 2711 2803 2766 modum
2847 2707 3112 2779 supponis
3158 2705 3325 2760 unius
3368 2714 3600 2770 compo-

2008 2807 2126 2863 sitae
2157 2818 2386 2871 naturae,
2417 2821 2580 2876 quem
2621 2806 2674 2860 in
2705 2803 2926 2859 Christo
2953 2799 3103 2856 haud
3130 2797 3450 2854 dissimilem
3474 2808 3602 2850 esse

2009 2898 2216 2954 fateris.
2263 2899 2446 2964 Quare
2489 2896 2711 2951 homine
2764 2895 2820 2949 in
2871 2891 3184 2960 exemplum
3219 2887 3480 2950 adducto,
3523 2884 3602 2938 ita

2009 3004 2324 3060 supponens
2362 2988 2559 3044 scribis
2591 3005 2605 3043 :
2645 2985 2841 3056 Estque
2890 2981 3381 3050 homoexemplum,
3415 2992 3601 3047 quem-

2013 3079 2298 3135 admodum
2325 3077 2515 3134 Patres
2564 3078 2728 3133 locuti
2769 3085 2892 3131 sunt
2932 3119 2948 3142 ,
2983 3085 3032 3129 et
3062 3072 3431 3142 divulgarunt,
3474 3068 3602 3139 quid

2013 3170 2270 3238 corporis,
2298 3167 2500 3239 etquid
2539 3167 2735 3221 anima:
2767 3175 2866 3220 est.
2901 3163 3273 3218 Verumtamen
3309 3159 3464 3213 homo
3499 3173 3603 3210 non

2011 3261 2210 3315 dicitur
2227 3261 2362 3313 duas
2395 3269 2619 3312 naturas
2650 3255 2841 3310 habere
2868 3273 2885 3310 :
2917 3256 2964 3310 si
3013 3254 3130 3324 quis
3169 3267 3289 3306 vero
3321 3258 3504 3304 contra
3545 3263 3608 3301 se

2012 3364 2265 3424 opponat,
2293 3354 2584 3421 prodatque
2617 3350 2752 3403 duas
2785 3357 3009 3402 naturas
3031 3346 3083 3398 in
3107 3342 3337 3410 homine,
3366 3355 3605 3406 sequere-

2013 3455 2102 3498 tur
2125 3444 2392 3500 Christum
2420 3451 2524 3497 tres
2554 3451 2780 3495 naturas
2816 3440 3030 3504 habere,
3054 3437 3190 3490 dnvas
3228 3433 3607 3494 humanitatis,

2011 3543 2061 3587 et
2091 3547 2253 3586 unam
2299 3529 2620 3585 divinitatis.
2676 3527 2836 3581 Nunc
2881 3528 3062 3596 itaque
3106 3524 3188 3578 his
3230 3523 3399 3577 tribus
3434 3520 3610 3573 modis

2013 3625 2294 3689 concessis,
2317 3638 2604 3693 quemnam
2634 3636 2700 3675 ea:
2727 3619 2808 3674 his
2841 3619 3050 3673 naturis
3079 3614 3436 3684 assumpsisse
3465 3612 3609 3666 dice—

2013 3715 2174 3769 mus?
2209 3712 2268 3768 Si
2319 3729 2532 3782 corpus,
2569 3710 2860 3781 Eutychem
2892 3727 2911 3776 ;
2941 3708 2988 3763 si
3023 3708 3316 3761 humanam
3346 3704 3609 3764 animam,

2015 3806 2410 3878 Apollinarium
2439 3820 2717 3876 sequemur
2742 3818 2761 3858 :
2795 3804 2841 3857 si
2868 3803 3145 3864 deitatem,
3179 3798 3380 3854 similes
3407 3797 3610 3850 erimus

2013 3899 2221 3954 Judwis
2255 3897 2547 3952 dicentibus
2569 3910 2587 3948 :
2613 3894 2691 3948 Tu
2725 3910 2846 3948 cum
2872 3894 3028 3947 homo
3061 3892 3160 3954 sis,
3216 3889 3354 3958 facis
3420 3897 3608 3940 temet-

2015 3988 2185 4057 ipsum
2197 3985 2387 4039 ‘Deum.
2410 3983 2588 4050 Quare
2609 3981 2786 4050 palam
2801 3981 3140 4035 enuntiamus
3163 3992 3323 4030 unam
3358 3984 3607 4027 naturam
3631 3998 3634 4000 η

2016 4079 2075 4132 in
2094 4077 2286 4131 unione
2309 4074 2539 4128 duarum
2566 4070 3070 4140 imperturbatarum
3098 4075 3434 4119 naturarum.
3469 4061 3609 4116 Con-

2018 4170 2207 4242 fugisti
2268 4167 2435 4224 veluti
2478 4167 2547 4222 ad
2578 4180 2761 4221 arcem
2815 4161 3326 4233 inexpugnabilem,
3373 4157 3639 4227 exempli-

2019 4261 2193 4332 gratia
2243 4266 2352 4314 tua;
2381 4257 2742 4328 professionis
2778 4255 3058 4311 hominem
3110 4267 3422 4308 assumens.
3453 4249 3612 4315 Qua-

2018 4361 2242 4424 propter
2269 4367 2395 4409 cum
2455 4353 2511 4407 in
2561 4361 2797 4408 mentem
2851 4348 3136 4405 induxeris
3179 4356 3351 4408 tuam,
3384 4343 3643 4397 modum~

2020 4445 2301 4502 declarare
2333 4445 2497 4500 unius
2541 4455 2756 4499 naturae
2804 4441 3110 4498 secundum
3143 4451 3311 4508 quam
3348 4435 3611 4490 Christus

319 4539 437 4595 δύο
457 4539 775 4608 ἀταράχων
810 4538 1077 4608 φύσεων.
1119 4538 1415 4609 Ἑλήλυθας
1442 4538 1516 4600 ὡς
1547 4537 1641 4590 ὲπί
1673 4555 1724 4591 τι
1749 4535 1918 4610 φρού-

2023 4541 2188 4596 unius
2204 4547 2416 4595 naturae
2446 4553 2570 4594 esse
2598 4547 2722 4608 post
2739 4536 2996 4591 unionem
3017 4551 3048 4589 a
3069 4541 3122 4588 te
3150 4531 3438 4595 asscritur,
3459 4539 3613 4584 ante-

320 4648 445 4702 ριον
470 4629 939 4700 ἀκαταγῶνίστον,
967 4631 1416 4701 παραδείγματος
1467 4631 1628 4702 χάριν
1667 4631 1764 4701 τῆς
1817 4631 1916 4699 σῆς

317 4723 616 4794 ὁμολογίας
646 4723 738 4778 τὸν
767 4721 1051 4795 ἄνθρωπον
1070 4723 1274 4782 λαϐὼν.
1311 4723 1613 4796 Τοιγαροῦν
1636 4725 1825 4795 ἐπειδὴ
1841 4724 1918 4778 δι·

319 4815 560 4882 ελογίσω
574 4816 665 4868 τὸν
685 4816 886 4886 τρόπον
905 4817 1200 4886 σαφηνίσαι
1221 4817 1320 4887 τῆς
1337 4816 1723 4887 μιᾶςιφύσεως,
1741 4813 1916 4890 [καθ’]

319 4905 392 4976 ἢν
410 4905 440 4956 ὁ
469 4905 706 4976 Χριστὸς
728 4909 856 4977 μιᾶς
873 4903 1013 4961 εἶναι
1027 4907 1242 4978 φύσεως
1271 4907 1412 4978 μετὰ
1437 4908 1534 4980 τὴν
1554 4909 1749 4962 ἕνωσιν
1769 4897 1919 4978 παρὰ

325 4996 426 5048 σοῦ
454 4996 832 5066 ὁμολογεῖται,
875 4998 1004 5068 πρὶν
1034 4998 1068 5065 ἢ
1126 4998 1235 5052 τῶν
1286 4995 1692 5072 ἁντιρῤητικῶν
1742 4998 1918 5068 λόγων

324 5088 438 5143 τῶν
467 5089 604 5161 πρὸς
638 5090 699 5143 σὲ
735 5091 1078 5162 ὲφαψόμεθα,
1123 5092 1492 5164 διορισώμεθα
1527 5095 1657 5165 περὶ
1703 5094 1920 5163 φύσεως

325 5184 427 5238 καὶ
475 5183 688 5249 οὐσίας,
731 5183 1082 5248 ὑποστάσεώς
1107 5202 1191 5252 τε,
1237 5186 1406 5258 φημὶ,
1457 5185 1554 5242 καὶ
1601 5185 1919 5256 προσώπου,

327 5275 426 5328 καὶ
464 5275 850 5343 ὁποστατικοῦ,
888 5276 1009 5340 πῶς
1047 5277 1098 5331 οἱ
1144 5275 1239 5331 τοῦ
1270 5277 1392 5330 καθ’
1436 5278 1582 5350 ἡμᾶς
1617 5276 1918 5349 μυστηρίου

327 5365 665 5429 διδάσκαλοι.
699 5368 796 5422 καὶ
822 5368 874 5421 οἱ
908 5367 1014 5433 ἔξω
1034 5369 1130 5421 τοῦ
1166 5369 1290 5422 καθ’
1313 5370 1462 5440 ἡμᾶς
1492 5369 1651 5438 λόγου
1675 5369 1836 5422 ταυτὶ
1855 5367 1921 5440 δὴ

327 5460 398 5512 τὰ
430 5459 672 5530 ὀνόματα
703 5459 1064 5532 διακρίνουσι,
1103 5461 1199 5514 καὶ
1239 5461 1333 5514 ἐπὶ
1373 5461 1542 5515 ποίων
1587 5461 1926 5532 σημαινομέ-

330 5569 438 5605 νων
455 5551 762 5618 τάττουσιν,
797 5551 886 5606 ἵνα
905 5551 980 5623 μὴ
993 5552 1252 5623 σύγχυσις
1280 5553 1714 5622 δογματιζόντων
1740 5555 1772 5625 ἠ
1781 5555 1922 5623 μῶν,

333 5646 428 5698 καὶ
481 5645 658 5717 πλάνη
696 5643 860 5698 ποθὲν
906 5644 1146 5716 ἀναφυῇ.
1201 5646 1405 5710 Πάντες
1443 5647 1572 5716 γὰρ,
1622 5646 1810 5717 σχεδὸν
1842 5647 1923 5698 εί-

332 5739 478 5802 πεῖν,
508 5739 558 5791 οἱ
586 5738 686 5800 τὰς
735 5737 980 5806 αἱρέσεις
1006 5737 1368 5808 κρατύναντες
1390 5781 1404 5806 ,
1431 5739 1591 5792 ταυτὶ
1619 5737 1685 5811 δὴ
1713 5739 1780 5792 τὰ
1805 5737 1924 5792 ὀνό-

339 5846 484 5899 ματα
512 5829 700 5895 κακῶς
729 5827 1184 5900 ἐκλαμϐάνοντες,
1219 5832 1312 5886 καὶ
1343 5831 1419 5896 ὡς
1444 5833 1504 5887 οὐ
1537 5831 1682 5888 κατὰ
1726 5833 1926 5903 φρόνηη

2022 4647 2184 4702 quam
2233 4631 2377 4686 dicta
2429 4638 2520 4684 tua
2555 4628 2759 4685 nostris
2792 4627 3099 4682 rationibus
3130 4625 3455 4685 refutemus,
3496 4629 3612 4674 ter-

2023 4726 2320 4791 minemus,
2353 4724 2484 4794 quid
2525 4732 2740 4788 natura,
2771 4731 2827 4776 et
2863 4720 3140 4783 essentia,
3177 4731 3392 4773 necnon
3441 4715 3614 4785 hypo-

2020 4818 2206 4880 stasis,
2263 4825 2319 4872 et
2373 4830 2631 4887 persona,
2694 4825 2750 4870 ct
2793 4813 3198 4884 bypostatieum
3257 4807 3516 4873 inferant,
3561 4813 3646 4861 et'

2023 4926 2263 4981 quanam
2325 4911 2540 4966 ratione
2585 4907 2832 4979 mysterii
2888 4903 3190 4961 Christiani
3241 4899 3511 4970 magistri.
3558 4905 3646 4952 et.

2023 5000 2118 5070 qui
2144 5016 2176 5054 a
2205 5001 2412 5056 nostris
2444 5001 2605 5055 rebus
2636 4997 2802 5053 alieni
2833 5004 2981 5063 sunt,
3011 4996 3126 5050 hmc
3154 4993 3379 5049 nomina
3402 4993 3615 5048 discer-

2022 5099 2178 5158 naut,
2207 5103 2261 5148 et
2286 5092 2487 5162 quibus
2511 5091 2915 5161 signiﬁcatihus
2937 5089 3218 5158 adaptent,
3238 5102 3308 5142 ne
3330 5077 3650 5148 confusio,-'

2023 5201 2148 5242 cum
2194 5185 2910 5255 dogmata'pertractamus,
2964 5191 3024 5238 et
3061 5195 3219 5238 error
3249 5178 3503 5235 alicunde
3532 5175 3613 5244 i3-

2024 5286 2200 5349 repat.
2225 5276 2430 5335 Omnes
2469 5277 2616 5334 enim
2646 5275 2780 5344 fere,
2821 5286 2883 5332 ut
2912 5275 2988 5330 ita
3012 5273 3213 5337 dicam,
3241 5271 3338 5342 qui
3373 5270 3625 5332 hwrcses

2025 5371 2337 5435 ﬁrmarunt,
2363 5371 2480 5426 haec
2514 5370 2629 5440 ipsa
2659 5368 2879 5424 nomina
2915 5382 3101 5438 praue,
3130 5379 3233 5421 nec
3274 5363 3341 5419 ad
3375 5370 3640 5418 mentem-

2025 5464 2285 5520 Ecclesim
2311 5470 2647 5533 exponentes
2670 5476 2702 5516 a
2727 5462 2956 5516 veritate
2973 5460 3326 5515 aberrarunt.
3350 5455 3608 5509 Attamen

2025 5555 2322 5611 essentiam
2374 5561 2431 5608 et
2468 5559 2726 5608 naturam
2763 5551 2905 5606 idem
2951 5550 3112 5606 nobis
3154 5549 3382 5602 innuerc
3410 5544 3617 5614 ubique

2025 5659 2080 5706 et
2105 5664 2277 5705 sacra:
2290 5648 2526 5715 Litterze,
2561 5655 2616 5702 et
2641 5656 2832 5702 sancta
2853 5644 3071 5726 δίοποι
3097 5643 3359 5714 synodus,
3384 5653 3637 5710 quaeque

2025 5757 2146 5798 eam
2171 5750 2358 5798 secuta
2389 5749 2473 5796 est
2501 5736 3136 5808 Constantinopolitano,
3167 5733 3444 5805 Ephesina
3484 5732 3629 5786 item-

2030 5831 2208 5903 prima
2239 5829 2602 5899 tradiderunt,
2639 5827 2707 5886 de
2755 5826 3057 5896 communi,
3113 5833 3170 5882 et
3215 5821 3540 5891 universali,
3564 5828 3630 5876 et
