4064 6394
539 401 637 466 631

1799 392 2091 454 NICETrE
2131 391 2537 451 ΒΥΖΑΝἸΊΝΙ

3691 397 3796 464 632

538 531 617 578 re,
650 529 770 583 qua:
819 511 886 567 de
943 511 1191 581 pluribus
1232 511 1453 574 dicitur,
1505 525 1601 579 per
1654 521 1790 576 quas
1819 506 2106 561 sanctissi-

2216 519 2292 572 pa
2342 503 2796 574 ἐκκλησιαστικὸν
2843 505 3259 574 ἀπεσφάλησαν.
3303 507 3586 578 Μενοῦνγε
3619 501 3803 568 οὑσίαν

538 619 686 660 mum
718 604 922 674 ubique
952 603 1137 658 ﬁdeles
1163 603 1470 672 symbolum
1502 600 1784 670 possident
1827 605 1881 652 et
1903 597 2109 658 fovent,

535 696 679 767 quod
713 696 871 751 nobis
904 709 1064 748 unam
1105 703 1381 758 naturam,
1440 700 1495 747 et
1549 692 1844 747 essentiam
1873 689 2110 744 sanctis-

533 787 688 841 sima:
717 785 950 850 Triadis,
977 794 1030 839 et
1069 794 1177 838 tres
1209 798 1487 854 personas,
1519 794 1572 837 et
1607 783 1928 852 hypostases
1957 797 2112 835 com-

531 878 700 932 misit.
725 878 788 931 Et
807 877 861 931 hi
881 877 1096 947 quidem
1120 888 1372 930 naturam
1391 882 1442 929 et
1462 874 1755 930 essentiam
1775 888 1873 942 pro
1894 873 2109 938 eodem,

530 983 822 1038 personam
874 983 1068 1024 rursus
1105 977 1162 1022 et
1199 965 1533 1038 hypostasim
1569 979 1667 1035 pro
1699 965 1912 1029 eodem,
1936 965 2004 1020 de
2028 965 2114 1019 in-

530 1063 752 1118 dividua
817 1076 1010 1132 nempe
1076 1068 1130 1115 et
1199 1059 1463 1127 singulari
1527 1073 1588 1112 re
1655 1059 2108 1127 comprobarunt.

528 1155 744 1210 Forma;
778 1154 939 1209 etiam
997 1166 1193 1206 nomen
1242 1150 1494 1206 similiter
1542 1151 1610 1206 de
1642 1151 1878 1206 essentia
1933 1159 1989 1206 et
2017 1165 2112 1204 ua-

529 1257 652 1303 tura
675 1249 860 1302 Patres
891 1251 1236 1314 acccperunt.
1281 1242 1687 1312 Proptereaque
1749 1257 1980 1312 magnus
2005 1241 2110 1296 Ba-

527 1338 684 1394 silius
709 1338 840 1392 illud
871 1355 883 1388 :
918 1335 984 1390 In
1001 1337 1175 1405 [arma
1197 1334 1296 1389 Dei
1319 1351 1435 1389 cum
1458 1343 1622 1396 esset,
1641 1349 1940 1403 exponens,
1969 1333 2110 1388 idem

525 1430 776 1494 innuere,
813 1445 878 1485 ac
907 1429 960 1484 ln
989 1428 1228 1485 essentia
1259 1429 1351 1484 Dei
1381 1442 1502 1483 esse
1526 1427 1760 1492 dicebat,
1795 1436 1850 1482 et
1875 1424 2109 1481 formam

523 1524 888 1592 assumpsisse
911 1521 1054 1578 servi
1085 1521 1138 1576 in
1165 1521 1406 1577 essentia
1431 1521 1786 1576 humanitatis
1818 1511 2112 1574 Dominum’

521 1623 772 1669 nostrum
818 1627 940 1669 esse
994 1621 1169 1670 notat.
1223 1610 1632 1684 Hypostaticum
1677 1627 1808 1668 vero
1833 1611 2108 1666 diversum

520 1702 652 1772 quid
704 1703 773 1756 ab
833 1701 1113 1772 hypostasi
1173 1709 1428 1772 ponunt:
1464 1701 1788 1757 deﬁnientes
1829 1701 1974 1756 enim
2008 1701 2109 1772 hy-

521 1790 786 1860 postasim
811 1789 1104 1846 dixerunt:
1135 1790 1454 1862 Hypostasis
1479 1801 1722 1860 estcum
1762 1791 2108 1862 proprietate,

519 1882 637 1937 sive
669 1883 1093 1953 proprietatibus
1122 1899 1217 1955 per
1239 1899 1298 1940 se
1337 1885 1664 1951 subsistens,
1695 1895 1750 1941 et
1778 1893 1950 1942 totum
1978 1885 2110 1955 quid

521 1975 824 2029 secundum
856 1989 914 2030 se
935 1976 1208 2032 exsistens
1247 1993 1260 2031 :
1295 1977 1698 2048 bypostaticum
1749 1993 1877 2032 vero
1904 1986 1988 2034 est
2025 1991 2117 2032 es-

520 2063 719 2131 sentia,
785 2080 910 2121 cum
965 2065 1246 2133 idiomate,
1306 2067 1422 2123 sive
1488 2067 1842 2123 idiomatibus
1882 2082 1990 2122 non
2021 2075 2116 2136 per

519 2172 581 2214 se
632 2159 959 2226 subsistens,
1013 2172 1070 2216 et
1120 2160 1421 2216 secundum
1460 2175 1522 2216 se
1575 2169 1832 2231 tanquam
1891 2159 2112 2230 aliquod
2133 2187 2149 2235 χ

519 2259 691 2305 totum
716 2251 1006 2318 exsistens,
1057 2251 1152 2308 sed
1185 2253 1350 2308 totius
1399 2251 1637 2308 universi
1682 2267 1830 2323 pars.
1858 2252 1960 2320 Qui
1987 2266 2114 2307 vero

515 2349 671 2398 extra
694 2342 988 2399 Ecclesiam
1043 2352 1192 2410 sunt,
1250 2353 1464 2400 naturae
1513 2360 1710 2400 nomen
1739 2360 1893 2416 aeque
1919 2359 1985 2401 ac
2015 2344 2113 2400 Ec-

515 2435 682 2492 clesia
713 2437 782 2493 de
806 2437 1101 2492 universali
1129 2452 1187 2493 re
1211 2437 1500 2501 deﬁniunt,
1529 2438 1677 2494 aliud
1702 2453 1826 2494 esse
1858 2447 2109 2493 naturam

514 2529 781 2598 dicentes,
815 2530 962 2586 aliud
991 2539 1245 2586 naturam
1281 2531 1523 2588 habere:
1551 2542 1606 2585 et
1654 2531 1854 2586 habere
1889 2531 2109 2601 quidem

515 2634 769 2680 naturam
798 2623 1099 2694 singularia
1137 2623 1351 2688 dicunt,
1377 2638 1499 2694 quae
1527 2638 1558 2678 ιι
1587 2622 1748 2678 nobis
1804 2623 2111 2694 hypostasis

515 2723 571 2770 et
609 2729 842 2785 persona
870 2723 1278 2786 nuncupantur,
1313 2717 1416 2770 hoc
1456 2730 1587 2771 vero
1629 2715 1773 2784 quod
1814 2731 1914 2770 nos
1939 2717 2110 2785 hypo-

515 2807 708 2864 stasim
743 2807 848 2878 ipsi
883 2808 1192 2878 subjectum
1224 2817 1443 2871 vocant,
1475 2817 1530 2862 et
1570 2808 1642 2863 oh
1681 2809 1782 2864 hoc
1810 2811 1972 2863 etiam
2006 2808 2108 2879 hy-

514 2901 758 2972 postasis
780 2901 1122 2967 nominatur,
1158 2916 1267 2955 non
1300 2909 1360 2955 ut
1389 2901 1612 2972 quidam
1655 2901 1919 2971 suspicati
1956 2911 2104 2968 sunt,

512 2991 658 3065 quod
701 2992 1024 3063 simpliciter
1077 2993 1442 3063 supponitur,
1499 3008 1698 3063 nempe
1755 2993 2107 3050 exsistit.se.l

511 3084 696 3154 potius
744 3083 890 3154 quod
953 3084 1056 3140 sub
1102 3085 1210 3140 alio
1259 3093 1402 3146 stet,
1459 3085 1562 3140 sub
1620 3095 1815 3140 natura
1873 3085 2104 3152 scilicet,

2215 596 2311 650 καὶ
2337 596 2500 665 φύσιν
2537 597 2735 652 ταυτὸν
2758 599 2889 669 ἡμῖν
2916 598 3111 669 δηλοῦν
3143 602 3422 671 πανταχοῦ
3454 605 3553 658 καὶ
3595 605 3629 671 ἡ
3671 607 3798 676 ἁγία

2213 683 2428 756 Γραφὴ,
2454 685 2545 738 καὶ
2571 687 2609 754 ἠ
2649 685 2790 740 κατὰ
2830 685 3063 740 Νίκαιαν
3101 687 3234 756 ἁγία
3272 688 3514 756 σύνοδος,
3548 693 3644 746 καὶ
3686 697 3802 764 μετ’

2213 778 2387 850 αὑτὴν
2419 781 2454 852 η
2477 781 2537 834 ὲν
2559 782 3155 851 Κωνσταντινουπόλει,
3183 784 3278 838 καὶ
3307 787 3340 856 ή
3383 786 3581 858 πρώτη
3611 788 3722 843 τῶν
3747 792 3802 844 ὲν

2224 867 2436 940 Ἐφέσῳ
2475 871 2825 942 παρέδωκαν,
2869 872 2962 925 ἐπὶ
3000 871 3181 926 κοινοῦ
3235 874 3331 929 καὶ
3359 875 3676 941 καθολικοῦ,
3706 879 3800 934 καὶ

2214 961 2356 1014 κατὰ
2386 961 2598 1014 πολλῶν
2625 962 2926 1034 φερομένου
2952 964 3301 1034 πράγματος,
3362 968 3433 1020 δι’
3465 961 3545 1022 ὧν
3577 968 3642 1022 τὸ
3671 987 3800 1024 πειν-

2215 1050 2374 1120 ἀγιον
2426 1053 2478 1106 οἱ
2510 1053 2789 1124 πανταχοῦ
2845 1056 3027 1109 πιστοὶ
3071 1055 3338 1126 σύμϐολον
3381 1058 3570 1131 έχουσι
3616 1078 3676 1115 τε
3711 1064 3800 1116 καὶ

2213 1141 2589 1210 περιέπουσιν,
2625 1144 2764 1216 ὅπερ
2797 1144 2927 1215 μίαν
2951 1144 3116 1215 φύσιν
3166 1149 3256 1201 καὶ
3287 1149 3479 1204 όύσίαν
3519 1151 3624 1223 τῆς
3662 1171 3799 1208 παν-

2211 1233 2375 1303 αγίας
2423 1235 2674 1307 Τριάδος,
2713 1237 2811 1291 καὶ
2844 1237 2972 1309 τρία
3028 1239 3297 1308 πρόσωπα
3347 1242 3443 1296 καὶ
3469 1243 3796 1309 ὑποστάσεις

2209 1327 2344 1396 ἡμῖν
2376 1327 2683 1395 παρέδωκε.
2709 1327 2877 1383 Φύσιν
2919 1329 3018 1400 μὲν
3035 1332 3131 1385 καὶ
3155 1332 3344 1386 οὐσίαν
3377 1335 3602 1402 ταυτὸν,
3629 1338 3796 1407 πρόσ-

2210 1433 2360 1471 ωπον
2385 1417 2431 1472 δ’
2455 1417 2523 1474 αὖ
2572 1419 2736 1474 πάλιν
2791 1420 2886 1474 καὶ
2912 1420 3212 1477 ὑπόστασιν
3239 1425 3463 1492 ταυτὸν,
3481 1425 3560 1489 ὡς
3581 1427 3676 1480 ἐπὶ
3699 1427 3796 1482 ἰδι-

2211 1506 2310 1562 κοῦ
2339 1526 2398 1562 τε
2450 1509 2546 1563 καὶ
2569 1510 2888 1566 καθέκαστα
2918 1512 3244 1584 πράγματος
3278 1515 3715 1584 ἐκδιδάσκουσαι,
3741 1520 3798 1573 τὺ

2209 1600 2267 1654 δὲ
2299 1600 2363 1669 δὴ
2393 1601 2492 1672 τῆς
2525 1602 2743 1672 μορφῆς
2765 1601 2938 1673 ὄνομα
2969 1604 3236 1670 ὡσαύτως
3281 1608 3378 1661 καὶ
3415 1608 3553 1662 αὐτὸ
3583 1609 3673 1663 ini.
3711 1611 3796 1664 οὑ-

2213 1694 2334 1756 σίας
2364 1695 2459 1748 καὶ
2509 1693 2723 1763 φύσεως
2761 1695 2812 1748 οἱ
2860 1696 3103 1769 Πατὲρες
3138 1698 3541 1771 παρειλήφασι.
3591 1702 3689 1756 Διά
3718 1718 3794 1757 τοι

2211 1783 2369 1838 τοῦτο
2390 1787 2418 1838 ό
2450 1786 2623 1856 μέγας
2645 1787 2924 1852 Βασίλειος
2949 1789 3030 1856 τὸ,
3078 1789 3178 1844 Ἐν
3206 1789 3410 1861 μορφῇ
3440 1791 3592 1846 Θεοῦ
3611 1791 3794 1861 saep.

2215 1893 2359 1947 χων,
2392 1877 2733 1950 ἑρμηνεύων,
2765 1875 2881 1935 ἴσον
2922 1880 3182 1937 δύνασθαι
3232 1883 3332 1954 τῷ,
3389 1886 3451 1937 ὲν
3479 1884 3639 1954 οὐσίᾳ
3666 1884 3793 1938 Θεοῦ

2217 1969 2506 2041 ὑπάρχειν,
2539 1971 2715 2042 ἔλεγε.
2749 1975 2859 2028 Καὶ
2889 1973 2950 2028 τὸ
2981 1975 3196 2046 μορφὴν
3227 1975 3584 2047 ἀνειληφέναι
3613 1976 3791 2030 δούλου

2215 2061 2273 2114 ὲν
2296 2065 2360 2133 τῇ
2401 2063 2558 2135 οὐσίᾳ
2591 2065 2688 2134 τῆς
2719 2065 3142 2136 ἀνθρωπότητος
3167 2065 3260 2119 τὸν
3287 2067 3498 2138 Κύριον
3529 2069 3563 2138 ἡ
3575 2067 3689 2138 μῶν
3724 2064 3795 2121 εἷ-

2214 2168 2302 2204 ναι
2338 2154 2614 2225 σημαίνει.
2648 2156 2722 2208 Τό
2749 2173 2811 2224 γε
2851 2156 2956 2227 μὴν
2982 2155 3344 2212 ὑποστατικὺν
3363 2158 3625 2228 διάφορον
3651 2160 3792 2231 παρὰ

2212 2242 2313 2314 τὴν
2357 2244 2658 2298 ὑπόστασιν
2682 2245 2970 2302 .τιθέασιν.
3019 2247 3358 2320 Ὀριζόμενοι
3399 2249 3514 2320 γὰρ
3545 2249 3644 2320 τὴν
3670 2249 3793 2303 ὑπό-

2214 2352 2402 2391 στασιν
2434 2336 2640 2407 ἔφασαν
2664 2353 2678 2369 ⁶
2711 2339 3042 2405 ’Υπόστασίς
3082 2343 3200 2395 ἐστι
3233 2340 3372 2412 μετὰ
3422 2341 3730 2413 ἰδιώματος,
3758 2342 3791 2414 ἢ

2212 2431 2306 2484 καὶ
2347 2430 2655 2500 ἰδιωμάτων
2703 2431 3090 2497 ίδιοσυστάτως
3142 2433 3527 2506 θεωρουμένη,
3558 2435 3656 2489 καὶ
3685 2435 3796 2489 δλον

2209 2538 2263 2574 τι
2291 2521 2414 2574 καθ’
2443 2523 2646 2594 ἑαυτὴν
2675 2519 2832 2591 οὖσα,
2861 2525 3224 2580 ὑποστατικδν
3251 2526 3296 2580 δ’
3341 2521 3408 2582 αὖ
3455 2527 3616 2582 πάλιν
3649 2528 3795 2582 οὑσία

2213 2616 2350 2685 μετὰ
2383 2614 2694 2686 ἰδιώματος,
2738 2617 2772 2688 ἢ
2806 2618 2902 2671 καὶ
2937 2618 3266 2688 ἰδιωμάτων,
3301 2621 3376 2692 μὴ
3416 2622 3798 2685 ἰδιοσυστάτως

2211 2709 2307 2763 καὶ
2368 2709 2494 2762 καθ’
2525 2710 2686 2764 ἑαυτὸ
2707 2709 2781 2774 ώς
2804 2710 2923 2765 ὅλον
2963 2729 3017 2766 τι
3049 2711 3318 2785 ὑπάρχον,
3353 2714 3483 2768 ἀλλ’
3513 2714 3634 2770 ὅλου
3660 2713 3797 2777 τινὸς

2208 2797 2347 2855 εἶναι
2383 2802 2569 2872 μέρος.
2604 2804 2667 2856 Οἱ
2689 2802 2746 2856 δὲ
2795 2803 2906 2869 ἔξω
2925 2802 3021 2858 τοῦ
3065 2805 3189 2858 καθ’
3216 2807 3367 2877 ἡμᾶς
3415 2807 3591 2876 λόγου
3623 2807 3680 2861 τὸ
3708 2807 3797 2878 μὲν

2205 2895 2306 2964 τῆς
2338 2894 2554 2964 φύσεως
2580 2896 2772 2968 ὄνομα,
2797 2897 2999 2967 ὁμοίως
3027 2900 3092 2968 τῇ
3130 2898 3428 2971 Ἐκκλησία
3472 2899 3565 2953 ἐπὶ
3595 2897 3797 2953 καθολι-

2206 2986 2305 3040 κοῦ
2334 3004 2478 3053 τινος
2501 2989 2828 3059 πράγματος
2853 2989 3147 3060 ὁρίζονται,
3171 2989 3301 3044 ἄλλο
3335 2991 3440 3061 μὲν
3476 2989 3614 3046 εἶναι
3645 2990 3795 3060 φύσιν

2206 3079 2482 3147 λέγοντες,
2520 3083 2614 3133 καὶ
2643 3080 2771 3135 ἄλλο
2793 3081 2856 3134 τὸ
2894 3082 3042 3152 ἔχειν
3095 3082 3278 3152 φύσιν,
3314 3085 3410 3138 καὶ
3453 3086 3516 3138 τὸ
3546 3086 3641 3156 μὲν
3661 3083 3795 3154 ἔχειν

509 3187 774 3248 tanquam
807 3176 1137 3247 subjectum,
1189 3183 1244 3231 et
1296 3185 1550 3230 naturam
1604 3173 1970 3245 superjacere,
2003 3175 2105 3230 hoc

2209 3170 2372 3240 φύσιν
2400 3175 2460 3251 τδ
2499 3171 2814 3227 καθέκαστα
2856 3173 3130 3243 λέγουσιν,
3183 3177 3322 3248 ὅπερ
3351 3178 3497 3248 παρ’
3520 3178 3650 3250 ἡμῖν
3675 3175 3795 3239 ὑπό-

511 3281 598 3328 cst
653 3271 1162 3343 superhypostasim
1211 3270 1423 3336 dicunt,
1469 3285 1634 3339 quam
1675 3279 1729 3323 et
1784 3267 2100 3323 deﬁniunt:

512 3358 720 3415 Natura
745 3369 830 3415 est
866 3359 1194 3429 principium
1243 3366 1452 3423 motus,
1511 3366 1566 3411 et
1595 3356 1797 3426 quietis
1841 3356 2102 3425 primum,

511 3460 568 3507 et
598 3453 896 3508 secundum
947 3452 1205 3522 seipsam.
1262 3450 1527 3506 Esseutiae
1576 3458 1758 3504 autem
1811 3462 2007 3503 nomen
2036 3447 2104 3503 de

513 3539 795 3594 communi
828 3547 882 3594 et
911 3538 1200 3610 singulari,
1240 3537 1307 3593 de
1365 3536 1660 3592 universali
1697 3549 1892 3604 nempe
1929 3544 1985 3590 et
2017 3535 2103 3589 in-

511 3630 738 3686 dividuo
795 3631 1092 3701 accipiunt,
1141 3645 1281 3700 quos
1333 3638 1555 3685 secutus
1620 3625 1863 3682 Joannes
1905 3641 2106 3698 cogno-

513 3732 700 3778 mento
719 3721 1056 3794 Philopouus
1093 3721 1357 3776 Tritheita
1395 3736 1515 3776 esse
1546 3719 1832 3775 evincitur.
1869 3717 2104 3774 Severus

511 3832 643 3872 vero
674 3817 924 3872 essentia!
951 3831 1148 3871 nomen
1177 3814 1388 3879 eodem,
1417 3830 1482 3869 ac
1520 3809 1764 3869 Ecclesia
1795 3812 2102 3883 signiﬁcatu

513 3904 734 3975 accipit,
761 3906 827 3960 de
855 3919 916 3960 re
973 3903 1275 3970 communi,
1329 3905 1423 3958 sed
1471 3913 1701 3968 naturae,
1729 3899 2005 3970 propriam
2046 3899 2102 3953 in

511 4011 579 4053 eo
625 4006 849 4053 secutus
902 3997 1238 4067 Opinionem,
1296 4004 1351 4050 et
1402 3995 1471 4050 ab
1525 3995 1642 4064 ipsa
1706 3992 2104 4049 consuetudine

511 4087 1289 4158 exterorum,.Ecclesiaeque
1359 4085 1753 4158 intelligentia,
1824 4095 1878 4139 et
1933 4098 2100 4139 sensu

511 4181 834 4250 longissime
877 4179 1201 4243 abhorrens,
1246 4177 1524 4233 contrario
1569 4177 1809 4250 quodam
1844 4175 2008 4228 modo
2039 4173 2104 4228 de

512 4273 795 4330 communi
855 4283 912 4330 et
964 4271 1243 4327 individua
1290 4288 1382 4334 re,
1441 4269 1736 4325 universali
1787 4268 1993 4324 scilicet
2047 4266 2100 4320 iu

511 4374 667 4442 parte
696 4364 924 4434 accepit,
953 4371 1008 4418 et
1031 4377 1376 4418 communem
1401 4360 1809 4417 etiudividuam
1847 4367 2100 4414 naturam

511 4457 808 4513 enuntians
837 4455 1028 4510 multis
1060 4470 1180 4512 sese
1209 4455 1463 4510 absurdis
1503 4455 1792 4525 implicuit,
1830 4467 1952 4522 quae
1975 4465 2102 4520 pro-

2207 3279 2396 3328 στασις
2427 3265 2522 3318 καὶ
2553 3265 2844 3336 πρόσωπον
2867 3267 3113 3338 εἴρηται·
3145 3269 3313 3322 ταὺτὸ
3339 3269 3396 3323 δὲ
3423 3271 3606 3332 τουτὶ,
3637 3271 3794 3341 ἤγουν

2205 3353 2301 3426 τὴν
2328 3355 2646 3420 ὑπόστασιν,
2666 3355 3027 3426 ὑποκείμενον
3049 3355 3190 3412 εἶναι
3236 3376 3391 3429 φασι.
3417 3362 3532 3416 Διά
3553 3379 3632 3414 τοι
3650 3360 3795 3414 τοῦτο

2205 3447 2302 3501 καὶ
2331 3447 2627 3512 ὑπόστασις
2659 3447 2878 3514 λέγεται
2932 3451 3054 3520 οὐχ,
3092 3450 3168 3514 ὣς
3205 3469 3352 3516 τινες
3388 3453 3686 3518 ὑπέλαϐον,
3715 3452 3795 3506 διὰ

2204 3539 2265 3592 ’τὸ
2285 3539 2470 3602 ἁπλῶς
2503 3540 2825 3608 ὑφεστᾶναι,
2873 3542 3042 3612 ἦγουν
3076 3543 3363 3614 ὑπάρχειν,
3421 3545 3572 3600 ἀλλά
3607 3545 3795 3616 μᾶλλον

2206 3630 2312 3685 ὑπό
2337 3648 2390 3685 τι
2421 3631 2664 3698 ἐστᾶναι,
2704 3633 2984 3687 τουτέστιν
3014 3635 3120 3688 ὑπὸ
3153 3636 3253 3706 τὴν
3285 3636 3461 3707 φύσιν
3483 3639 3559 3702 ώς
3588 3638 3794 3694 ὑποκεί-

2209 3740 2390 3794 μενον,
2423 3725 2520 3794 τὴν
2549 3724 2605 3778 δὲ
2637 3724 2798 3794 φύσιν
2822 3728 3232 3793 ὲνυποκεῖσθαι,
3267 3731 3523 3786 τουτέστι
3551 3730 3689 3785 κατά
3715 3747 3788 3782 τι·

2204 3831 2292 3876 νος
2323 3814 2672 3878 ὑποστάσεως
2706 3814 2985 3884 λέγεσθαι,
3037 3818 3105 3888 ἦν
3137 3820 3230 3872 καὶ
3261 3820 3575 3892 ὁριζόμενοι
3624 3833 3783 3891 φασι·

2203 3905 2369 3969 Φύσις
2397 3907 2546 3960 ἐστὶν
2569 3907 2712 3978 ἁρχὴ
2737 3909 3030 3979 κινήσεως,
3056 3912 3150 3964 καὶ
3182 3912 3420 3982 ἠρεμίας
3450 3914 3678 3985 πρώτως
3697 3911 3784 3966 καὶ

2205 3997 2330 4052 καθ’
2353 3998 2534 4054 ἑαυτό.
2559 3999 2633 4052 Τὸ
2660 3998 2718 4053 δὲ
2741 3998 2806 4070 δὴ
2827 4001 2926 4071 τῆς
2955 4002 3144 4068 οὑσίας
3177 4004 3270 4057 ὲπί
3297 4021 3358 4058 τε
3381 4005 3563 4060 κοινοῦ
3581 4005 3672 4060 καὶ
3699 4004 3786 4057 ἰδι-

2207 4089 2329 4155 κοῦ,
2373 4090 2542 4162 ἤγουν
2593 4091 2824 4146 καθόλου
2854 4093 2949 4147 καὶ⁹
2983 4095 3077 4148 ἐπὶ
3107 4094 3329 4166 μέρους,
3359 4091 3444 4161 οἷς
3485 4097 3730 4166 Ἰωάννης
3759 4096 3785 4147 ὁ

2205 4182 2436 4254 ἐπίκλην
2467 4183 2756 4249 Φιλόπονος
2783 4187 3284 4257 κατακολουθήσας,
3339 4191 3622 4261 τριθεῖτης
3659 4191 3782 4242 ἀνα⁴

2207 4274 2577 4330 δέδεικται.⁹0
2602 4276 2659 4328 δὲ
2687 4277 2753 4350 δὴ
2779 4279 3021 4350 Σεϐἦρος
3044 4279 3105 4333 τὸ
3148 4281 3246 4351 μὲν
3277 4284 3377 4353 τῆς
3407 4284 3596 4347 οὑσίας
3624 4282 3782 4349 ὄνομα

2203 4367 2587 4438 ταυτοτρόπως
2640 4369 2709 4440 τῇ
2781 4370 3078 4442 Ἐκκλησία
3129 4373 3389 4442 ὀνομάζει
3450 4374 3546 4429 ἐπὶ
3601 4370 3775 4427 κοινοῦ

2207 4459 2532 4530 πράγματος
2562 4454 2724 4528 εἶναι,
2757 4461 2819 4515 τὸ
2860 4463 2917 4516 δὲ
2957 4463 3060 4534 τῆς
3099 4463 3318 4535 φύσεως
3356 4465 3700 4540 ίδιόῤῥυθμος
3727 4464 3781 4516 ἐν

512 4548 715 4606 cedens
741 4547 917 4604 oratio
953 4563 1059 4602 non
1082 4549 1200 4604 sine
1231 4546 1788 4604 demonstrationibus
1819 4558 2103 4602 common-

2208 4548 2382 4619 τούτῳ
2432 4549 2744 4621 γενόμενος,
2774 4549 2899 4604 ούτε
2939 4555 3004 4623 τῇ
3059 4551 3338 4624 συνηθείᾳ,
3367 4537 3632 4617 οὔτἐίτοτς
3661 4551 3776 4618 ἔξω,

513 4641 729 4697 strabit.

2204 4637 2330 4693 οὑτε
2362 4641 2470 4712 μὴν
2495 4643 2562 4712 τῇ
2589 4641 2890 4713 Ἐκκλησία
2909 4644 3350 4711 κατακολουθῶν,
3383 4647 3501 4701 ἀλλ’
3532 4643 3780 4709 ἐναντίως

513 4736 607 4788 ὲπί
639 4753 700 4789 τε
727 4735 906 4789 κοινοῦ
947 4735 1043 4789 καὶ
1075 4735 1242 4789 ίδικοῦ
1275 4734 1618 4806 πράγματος,
1656 4732 1824 4804 ἤγουν
1854 4728 2084 4785 καθόλου
2123 4729 2218 4784 ἐπὶ
2254 4731 2454 4802 μέρους
2475 4731 2694 4797 ὲδόξασε
2723 4748 2738 4762 ⁸
2775 4733 2868 4787 καὶ
2895 4736 3083 4803 κοινὴν
3111 4737 3204 4790 καὶ
3242 4736 3416 4806 ἰδικὴν
3483 4737 3646 4807 φύσιν
3705 4733 3780 4786 εἰ·

512 4828 654 4892 πὼν,
715 4827 927 4891 πολλοῖς
981 4830 1202 4893 ἀτόποις
1261 4829 1706 4900 περιπέπτωκεν,
1749 4824 1844 4889 οὓς
1871 4827 1900 4878 ὁ
1929 4825 2087 4893 λόγος
2126 4823 2486 4898 παρακατιὼν
2517 4825 2635 4896 μετ’
2663 4827 2990 4893 ἀποδείξεως
3025 4830 3420 4901 παραστήσειε.

584 4924 674 4978 15.
717 4921 813 4978 llis
847 4939 876 4978 a
919 4923 1076 4978 nobis
1118 4923 1219 4976 hac
1249 4923 1458 4978 ratione
1489 4919 1755 4990 expositis
1802 4934 1866 4973 ac
1897 4917 2095 4987 dijudi-

513 5013 671 5078 catis,
697 5023 906 5084 tempus
928 5013 1040 5083 jam
1068 5021 1171 5078 est,
1199 5027 1262 5067 ea
1303 5027 1424 5082 quae
1450 5020 1504 5064 tu
1537 5011 1857 5079 scripseras.
1887 5008 2094 5062 exarui-

510 5103 703 5161 nandi.
733 5104 808 5159 Ea
833 5115 963 5161 sunt
999 5124 1012 5159 ι
1058 5105 1123 5158 Et
1168 5107 1224 5159 in
1256 5103 1550 5172 exemplum
1589 5102 1742 5155 homo
1784 5100 2090 5167 adducitur,

509 5195 955 5267 quemadmodum
982 5195 1169 5249 Patres
1219 5195 1382 5248 locuti
1429 5202 1574 5259 sunt,
1617 5203 2090 5260 exposuerunlque,

511 5283 638 5355 quid
669 5286 922 5353 corporis,
949 5294 998 5338 et
1029 5283 1155 5354 quid
1180 5284 1401 5347 animae;-
1432 5295 1788 5336 verumlamen
1825 5281 2098 5333 Iwmanon

511 5375 714 5429 dicitur
746 5375 882 5428 duas
912 5385 1133 5429 naturas
1164 5375 1388 5440 habere;
1420 5375 1467 5428 si
1495 5375 1611 5444 quis
1655 5390 1774 5427 vero
1819 5382 2002 5428 contra
2046 5388 2100 5425 se

511 5476 762 5534 opponat,
820 5467 1108 5537 prodatque
1147 5466 1282 5520 duas
1320 5477 1542 5520 naturas
1583 5467 1635 5519 in
1665 5465 1892 5528 homine,
1920 5480 2100 5533 seque-

511 5568 661 5611 retur
693 5557 963 5614 Christum
1005 5569 1110 5613 tres
1163 5567 1387 5612 naturas
1431 5558 1638 5621 habere,
1678 5558 1812 5611 duas
1852 5556 2102 5609 humani-

513 5649 639 5701 tatis
691 5659 742 5702 et
775 5666 937 5704 uuam
972 5650 1212 5713 deitatis,
1257 5659 1312 5704 et
1363 5657 1578 5705 caetera.
1632 5648 1709 5703 En
1759 5647 2104 5718 apertissime

514 5739 678 5795 unius
703 5743 1019 5811 compositm
1070 5753 1281 5798 natura:
1313 5743 1591 5798 Christum
1649 5756 1772 5796 esse
1827 5749 2101 5804 astruens,

518 5829 678 5897 idque
705 5835 936 5894 probare
969 5839 1300 5894 contendens
1325 5835 1631 5908 exemplum
1664 5832 1900 5889 hominis
1943 5848 2102 5893 usur-

2276 4923 2358 4971 ts'.
2390 4917 2610 4972 Τούτων
2651 4922 2782 4990 ἡμῖν
2810 4915 2911 4975 ὧδέ
2951 4939 3028 4988 πη
3081 4921 3640 4993 διασαφηνισθέντων,
3692 4917 3777 4970 καὶ

2199 5007 2706 5078 διευκρινηθέντων,
2767 5011 2958 5080 καιρὸς
2985 5009 3053 5064 τὰ
3078 5011 3230 5082 παρὰ
3263 5011 3357 5065 σοῦ
3384 5013 3664 5082 γραφέντα
3691 5005 3776 5059 καὶ

2199 5091 2298 5150 ὧδε
2334 5099 2758 5170 ἐπισκέψασθαι.
2801 5103 2952 5172 Ἔχει
2983 5102 3040 5156 δὲ
3076 5103 3280 5168 οὕτως·
3335 5105 3444 5159 Καὶ
3496 5106 3716 5176 γίνεται
3746 5099 3778 5152 δ

2201 5189 2512 5257 ἄνθρωπος
2562 5191 2967 5262 παράδειγμα,
3023 5195 3220 5261 καθὼς
3267 5199 3367 5250 καὶ
3418 5200 3474 5251 οἱ
3528 5193 3775 5261 Πατέρες

2201 5283 2518 5350 ἐλάλησαν
2539 5285 2634 5338 καὶ
2661 5284 3032 5354 διήγγειλαν,
3068 5286 3124 5339 τί
3171 5287 3303 5341 ἐστι
3330 5288 3438 5343 τοῦ
3485 5287 3771 5352 σώματος,

2202 5373 2301 5426 καὶ
2333 5375 2389 5426 τι
2412 5373 2542 5426 ἐστι
2574 5372 2686 5442 τῆς
2721 5373 2952 5442 ψυχῆς·
2989 5375 3129 5429 ἀλλ’
3173 5377 3204 5428 ό
3237 5375 3546 5445 ἅνθρωπος
3574 5375 3644 5429 οὐ
3677 5370 3771 5427 λέ-

2201 5481 2365 5533 γεται
2385 5465 2496 5518 δύο
2517 5466 2734 5533 φύσεις
2773 5465 2957 5534 ἔχειν.
3003 5467 3071 5519 El
3096 5466 3165 5519 δὲ
3194 5469 3290 5520 καὶ
3319 5464 3668 5522 ἀνθίσταται
3691 5479 3775 5525 τις

2211 5557 2309 5610 καὶ
2332 5557 2493 5626 λέγει
2519 5556 2628 5610 δύο
2657 5557 2872 5625 φύσεις
2900 5556 2998 5609 ἐπὶ
3021 5556 3355 5625 ἀνθρώπου,
3385 5555 3601 5612 λοιπὸν
3621 5553 3713 5607 καὶ
3743 5551 3774 5602 ὁ

2210 5648 2464 5716 Χριστὸς
2487 5647 2644 5715 τρεῖς
2696 5648 2846 5716 ἔχει,
2878 5647 2987 5702 δύο
3021 5647 3133 5715 τῆς
3181 5648 3634 5716 ιίνθρωπότητος
3680 5637 3773 5694 καὶ

2206 5739 2353 5808 μίαν
2385 5739 2495 5807 τῆς
2540 5739 2839 5806 θεότητος,
2878 5739 2972 5794 καὶ
2999 5739 3068 5793 τὰ
3106 5739 3250 5808 ἑξῆς.
3305 5741 3435 5794 Ἰδοὺ
3471 5737 3771 5806 σαφέστατα

2220 5832 2348 5900 μιᾶς
2385 5829 2638 5886 συνθέτου
2675 5830 2887 5902 φύσεως
2941 5831 3030 5887 τὸν
3063 5830 3294 5902 Χριστὸν
3344 5827 3482 5889 εἶναι
3530 5820 3772 5894 δογματέ..
