4064 6432
399 424 536 490 633-

1291 426 1727 491 BEFUTATIO
1750 431 2134 494 EPISTOLE
2172 435 2403 494 REGIS
2433 433 2826 495 ARMENUE.

3587 430 3697 495 δτι

402 544 539 606 ζων,
582 539 677 594 καὶ
708 536 1031 610 βουλόμενος
1063 537 1224 594 τοῦτο
1251 544 1548 613 παριστᾷν,
1587 545 1679 598 τὸν
1709 545 1995 614 ἄνθρωπον

2111 551 2260 603 :tasti.
2291 549 2759 616 Quemadmodum
2785 548 2932 604 enim
2953 548 3116 603 homo
3139 563 3202 602 ex
3228 548 3458 603 diversis
3481 550 3694 606 naturis

401 634 488 696 είς
518 630 871 702 παράδειγμα
899 631 1219 704 ἀπεχρήσω⁶
1263 632 1451 706 ῶσπερ
1477 637 1586 707 γὰρ
1627 639 1656 691 6
1706 637 1992 709 ἄνθρωπος

401 725 471 778 ὲκ
496 722 770 794 διαφόρων
793 721 1010 793 φύσεων
1040 724 1423 796 συγκείμενος,
1456 729 1588 798 μιᾶς
1623 730 1739 781 ἐστι
1776 729 1992 796 φύσεως

410 815 668 870 συνθέτου
701 817 843 885 μετὰ
873 815 973 888 τὴν
1002 816 1218 873 ἕνωσιν.
1249 819 1418 874 Τουτὶ
1439 820 1547 889 γὰρ
1577 821 1894 892 διήγγειλαν
1929 823 1992 877 τὸ

409 905 763 976 παράδειγμα
789 905 990 976 ὁμοίως
1025 906 1171 976 ἔχειν
1192 909 1285 962 ἐπὶ
1309 909 1408 977 τῆς
1455 911 1703 976 ὲνώσεως
1737 914 1831 967 τοῦ
1859 916 1995 987 Χρι-

407 997 537 1052 στοῦ
568 1000 615 1051 οἱ
641 999 907 1070 Πατέρες,
938 1000 1014 1064 ὡς
1041 1002 1106 1055 σὺ
1132 1003 1258 1072 φής.
1285 1003 1397 1057 Καὶ
1413 1003 1602 1074 ὥσπερ
1639 1007 1905 1061 συνιστῶν
1933 1009 1996 1062 τὸ

404 1089 784 1161 παράδειγμα.
815 1093 899 1146 ὅτι
933 1094 1062 1163 μιᾶς
1086 1095 1204 1146 ἐστι
1247 1095 1465 1162 φύσεως
1504 1099 1532 1148 6
1553 1096 1841 1168 ἄνθρωπος
1893 1104 1994 1154 ὲπ-

406 1182 586 1250 άγεις.
621 1183 762 1237 Ἀλλ’
788 1184 816 1236 6
843 1184 1129 1256 ἄνθρωπος
1157 1186 1218 1240 οὐ
1249 1187 1466 1256 λέγεται
1491 1189 1584 1243 δύο
1611 1190 1801 1260 φύσεις
1828 1193 1994 1264 ἔχειν.

405 1275 472 1328 ΕΞ
510 1276 566 1329 δὲ
591 1277 687 1331 καὶ
715 1277 1036 1332 ἁνθίσταταί
1063 1297 1167 1342 τις,
1191 1281 1274 1335 δτι
1299 1280 1435 1352 ἔχει,
1471 1284 1781 1354 συνάγεται,
1801 1287 1884 1340 ὅτι
1902 1289 1999 1342 καὶ

405 1371 437 1423 6
468 1371 706 1440 Χριστὸς
760 1373 911 1442 τρεῖς
943 1372 1076 1443 ἔχει.
1113 1373 1205 1427 Διὸ
1225 1375 1402 1438 δοκεῖς
1423 1377 1574 1447 ἡμᾶς
1621 1382 1748 1443 τοὺς
1808 1382 1900 1434 ἐπὶ
1929 1384 1997 1454 τῇ

409 1458 606 1511 ἑνώσει
638 1458 878 1530 Χριστοῦ
926 1459 1269 1528 δοξάζοντας,
1299 1462 1394 1517 δύο
1448 1461 1590 1519 εἶναι
1649 1467 1865 1536 φύσεις,
1918 1471 2000 1535 είς

409 1551 614 1605 ἄτοπον
646 1551 928 1624 προάγειν.
968 1553 1132 1607 Οὐδὲν
1162 1555 1332 1620 ξένον,
1371 1549 1416 1610 ὦ
1438 1557 1610 1626 φίλος,
1639 1561 1759 1625 ἐνὸς
1795 1562 1999 1616 ἀτόπου

410 1642 682 1708 δοθέντος,
713 1643 883 1715 μυρία
907 1644 1156 1715 ἕψεσθαι.
1187 1647 1250 1700 El
1283 1648 1383 1718 μὲν
1430 1650 1538 1722 γὰρ
1570 1653 1720 1706 πᾶσα
1751 1652 2001 1720 σύνθεσις

414 1734 493 1804 μὴ
525 1737 589 1788 ἐκ
613 1735 722 1788 τῶν
754 1736 1041 1808 προσεχῶς
1072 1738 1437 1796 συντεθέντων
1465 1743 1835 1798 συντεθεῖσθαι
1881 1746 2000 1799 ὲλέ-

409 1843 563 1895 γετο,
613 1826 730 1881 ἀλλ’
769 1827 832 1881 ὲκ
873 1827 984 1882 τῶν
1011 1828 1221 1902 πόρρω,
1267 1830 1410 1901 τάχα
1451 1832 1518 1886 ἂν
1562 1829 1677 1904 εἶχε
1709 1833 1895 1906 χώραν
1941 1837 2001 1891 τὸ

2096 643 2364 699 conﬂatus
2382 643 2545 699 unius
2568 653 2653 698 est
2677 651 2889 698 natura:
2905 643 3222 712 compositae
3257 653 3377 712 post
3409 643 3695 714 unionem,

2100 737 2207 791 hoc
2242 750 2375 791 vero
2404 735 2716 805 exemplum
2757 734 3067 790 docuerunt
3105 736 3362 790 similiter
3395 752 3454 791 se
3497 736 3701 792 habere

2095 827 2150 883 itt
2184 829 2387 883 unione
2415 828 2618 884 Christi
2664 827 2872 893 Patres,
2914 835 2976 883 ut
3015 828 3133 897 ipse
3202 828 3392 882 tradis.
3450 827 3516 882 Et
3544 832 3702 897 quasi

2097 921 2463 990 comprobans
2489 921 2800 991 exemplum
2832 921 2996 976 unius
3022 936 3145 976 esse
3185 929 3396 976 natura:
3420 920 3700 976 hominem

2097 1014 2396 1070 concludis.
2461 1013 2848 1070 Verumtamen
2907 1015 3072 1070 homo
3142 1031 3250 1069 non
3307 1015 3509 1070 dicitur
3556 1015 3698 1070 duas

2099 1115 2328 1162 naturas
2359 1106 2597 1168 habere;
2623 1106 2767 1178 quod
2801 1107 2846 1162 si
2870 1107 2995 1177 quis
3027 1116 3214 1162 contra
3257 1105 3546 1161 contendet
3574 1119 3702 1161 eum

2101 1198 2324 1264 habere,
2353 1199 2612 1269 consequi
2665 1209 2719 1254 et
2748 1197 3029 1254 Christum
3087 1207 3197 1255 tres
3249 1199 3472 1259 habere,
3496 1196 3701 1253 videri!

2105 1308 2207 1347 nos
2234 1291 2286 1345 in
2314 1291 2518 1346 unione
2536 1291 2741 1347 Christi
2780 1290 2918 1346 duas
2947 1306 3067 1347 esse
3094 1301 3322 1346 naturas
3346 1288 3702 1348 aliivmantes.

2102 1383 2156 1437 in
2211 1383 2448 1439 absurda
2517 1383 2810 1454 ineptaqtte
2861 1399 3076 1454 rapere.
3131 1382 3218 1437 Nil
3281 1383 3480 1437 mirum
3522 1389 3625 1445 est,
3671 1393 3704 1435 ε

2103 1474 2300 1539 amice,
2340 1489 2451 1528 uno
2490 1473 2896 1530 inconvenienti
2965 1475 3130 1539 dato,
3184 1474 3474 1528 innumera
3507 1473 3706 1527 subse-

2102 1566 2216 1636 qui.
2269 1564 2482 1621 Etenim
2518 1565 2565 1620 si
2623 1565 2804 1620 omnis
2850 1567 3175 1636 compositio
3213 1581 3318 1619 non
3359 1580 3422 1618 ex
3456 1564 3544 1627 iis,
3581 1578 3695 1633 qua

2102 1656 2448 1710 continenter
2475 1664 2915 1723 componuntur,
2971 1655 3224 1723 componi
3275 1653 3568 1713 diceretur,
3607 1655 3702 1706 set:

2103 1761 2168 1801 ex
2196 1747 2554 1811 distantibus,
2581 1745 2719 1802 forte
2745 1746 2894 1816 quod
2919 1756 3104 1800 contra
3137 1760 3237 1799 nos
3280 1744 3479 1800 scribis
3521 1745 3696 1797 ῐοοιυι·

2107 1836 2351 1892 haberet.
2383 1834 2539 1904 Quod
2575 1836 2621 1893 si
2652 1851 2833 1902 nemo,
2868 1836 2962 1906 qui
3016 1835 3096 1890 sal
3145 1835 3418 1889 habeatin
3461 1843 3704 1904 pectore,

411 1919 570 1990 παρὰ
603 1919 696 1974 σοῦ
731 1919 854 1974 καθ’
882 1920 1041 1992 ἡμῶν
1061 1922 1509 1993 γραφόμενον.Εί
1528 1925 1573 1979 δ’
1602 1927 1779 1990 οὐδεὶς
1806 1926 1916 1980 τῶν
1947 1927 2007 1982 εὖ

2111 1933 2278 1999 dicet,
2303 1949 2368 1990 ex
2401 1933 2773 1994 distantibus,
2807 1931 2903 1986 sed
2957 1945 3024 1986 ex
3075 1928 3373 1993 continuis,
3419 1936 3472 1982 et
3511 1930 3709 1981 imme-

410 2011 758 2083 φρονούντων
811 2014 1057 2084 φήσειεν,
1120 2015 1187 2069 ὲκ
1222 2015 1334 2070 τῶν
1365 2017 1578 2090 πόρρω,
1640 2018 1756 2073 ἀλλ’
1787 2021 1852 2074 ὲκ
1896 2021 2008 2074 τῶν

413 2102 709 2173 προσεχῶς
737 2103 831 2158 καὶ
855 2103 1102 2174 ἀμέσως,
1131 2105 1226 2158 καὶ
1241 2107 1406 2160 οἱονεὶ
1439 2108 1643 2178 μερῶν,
1673 2109 2009 2181 ἢστοιχείων

408 2194 570 2260 τάξιν
605 2196 662 2248 ὲν
689 2193 768 2266 τῷ
802 2195 910 2267 ὅλῳ
962 2196 1197 2267 ἑχόντων
1227 2199 1602 2254 συντεθεῖσθαι
1631 2203 1692 2256 τὸ
1727 2204 2008 2257 συντεθει-

416 2287 585 2359 μένον
611 2288 853 2357 λέγεται,
886 2289 1183 2363 ἀνίσχυρον
1223 2293 1319 2347 καὶ
1355 2293 1586 2364 μάταιον
1613 2295 1674 2349 τὸ
1724 2297 1878 2368 παρὰ
1913 2296 2009 2350 σοῦ

412 2383 786 2452 γραφόμενον.
828 2383 984 2438 Ἐπεὶ
1034 2385 1250 2457 ἀνάγκη
1301 2387 1445 2441 κατὰ
1475 2387 1535 2442 σε
1579 2388 1672 2442 τὸν
1721 2389 2011 2461 ἄνθρωπον
2047 2410 2056 2423 ⁸

411 2469 599 2537 λέγειν
658 2471 724 2524 ὲκ
771 2472 934 2526 πέντε
982 2473 1333 2544 τούλάχιστον
1386 2478 1708 2546 συγκεῖσθαι
1767 2479 2008 2550 φύσεων,

413 2561 485 2618 ἔκ
511 2580 570 2618 τε
597 2564 708 2619 τῶν
745 2567 1028 2636 τεσσάρων
1082 2570 1365 2639 στοιχείων
1423 2573 1519 2626 καὶ
1573 2573 1774 2644 ψυχῆς.
1821 2574 2012 2628 Ὡσαύ-

410 2665 527 2716 τως
554 2653 648 2706 καὶ
683 2651 775 2707 τὸν
799 2655 1086 2728 ἤλεκτρον,
1123 2657 1204 2729 μὴ
1234 2659 1300 2713 ὲκ
1329 2659 1445 2728 δύο,
1472 2661 1642 2733 ἤγουν
1672 2664 1879 2734 χρυσοῦ
1917 2665 2012 2720 καὶ

412 2743 684 2816 ἀργύρου,
715 2746 830 2801 ἀλλ’
856 2749 922 2801 ἐκ
947 2749 1159 2804 πολλῶν
1180 2750 1461 2820 πλειόνων,
1479 2754 1702 2825 χρυσοῦ,
1729 2756 1897 2827 φημὶ,
1919 2757 2013 2811 καὶ

413 2837 684 2909 ἀργύρου,
713 2842 807 2895 καὶ
838 2841 1124 2913 τεσσάρων
1166 2845 1466 2915 στοιχείων,
1501 2847 1597 2901 καὶ
1623 2848 1733 2901 τῶν
1763 2848 1847 2902 ἐτι
1879 2851 2014 2922 πορε

417 2930 666 3002 ρωτέρω,
694 2933 798 3004 τῆς
826 2933 960 3005 ὕλης
998 2935 1146 3005 λέγω
1187 2938 1282 2990 καὶ
1330 2935 1426 2990 τοῦ
1459 2937 1655 3002 εἴδους.
1693 2939 1766 2992 Οὐ
1801 2939 1912 3010 γὰρ
1941 2941 2009 2994 τὰ

417 3022 566 3093 μέρη
598 3024 707 3078 τῶν
741 3026 924 3096 μερῶν
958 3030 1018 3081 ὲν
1055 3028 1134 3099 τῷ
1174 3028 1358 3098 λέγειν
1391 3030 1456 3083 ὲκ
1504 3030 1690 3084 πόσων
1724 3031 2011 3100 σύγκειται

413 3115 534 3168 τόδε
561 3117 890 3188 σκοποῦμεν,
911 3119 1048 3173 ἀλλά
1077 3119 1146 3174 τὰ
1176 3123 1465 3192 προσεχῶς
1494 3125 1588 3176 καὶ
1621 3125 1844 3195 ἀμέσως
1869 3125 2011 3197 μέρη

416 3206 608 3273 αὖτοῦ,
640 3209 1076 3280 χρηματίζοντα.
1103 3213 1315 3268 Οὐκοῦν
1343 3214 1449 3268 κᾶν
1497 3215 1589 3269 τὸν
1622 3215 1910 3288 ἄνθρωπον
1938 3218 2014 3272 εῖ-

2109 2026 2274 2082 diatis
2343 2025 2513 2082 veluti
2587 2024 2875 2094 partibus,
2956 2031 3051 2077 aut
3129 2020 3415 2076 elementis
3479 2020 3535 2073 in
3589 2023 3706 2072 tot:

2109 2120 2352 2191 positum
2446 2117 2884 2189 occupantibus,
2964 2113 3222 2185 componi
3293 2110 3708 2180 compositum,

2115 2209 2272 2264 futile
2303 2217 2388 2264 est
2422 2208 2715 2278 inaneque,
2741 2206 2886 2277 quod
2910 2221 2939 2259 a
2969 2215 3021 2260 te
3059 2202 3264 2274 scripto
3294 2200 3552 2264 traditur,
3583 2215 3710 2254 cur;

2111 2317 2215 2374 per
2251 2308 2305 2357 te
2339 2315 2564 2357 necesse
2609 2310 2759 2356 esset
2792 2298 2975 2354 dicere
3017 2297 3296 2352 hominem
3329 2295 3397 2350 ad
3431 2293 3614 2348 minus
3639 2306 3711 2348 ot

2114 2395 2362 2466 quinque
2417 2393 2632 2448 naturis
2668 2393 2939 2458 construi,
2974 2406 3040 2446 ex
3073 2399 3314 2461 quatuor
3340 2386 3625 2442 elementis
3657 2397 3711 2441 et

2110 2488 2316 2543 anima.
2343 2486 2604 2543 Similiter
2630 2493 2684 2542 et
2705 2486 2966 2541 electrum
2996 2499 3104 2538 non
3129 2497 3196 2538 ex
3218 2481 3452 2548 duobus,
3483 2493 3621 2534 auro
3655 2493 3711 2534 et

2113 2588 2337 2649 argento
2358 2618 2373 2643 ,
2407 2576 2502 2633 sed
2538 2577 2708 2632 multo
2735 2575 3006 2646 pluribus,
3040 2589 3180 2630 auro
3221 2587 3438 2642 nempe,
3457 2579 3708 2640 argento,

2113 2681 2168 2728 et
2200 2682 2440 2744 quatuor
2465 2669 2773 2736 elementis,
2805 2668 3040 2738 aliisque
3068 2667 3241 2722 multo
3263 2663 3709 2729 distantiorihus,

2114 2764 2343 2820 materia
2377 2771 2433 2819 et
2490 2760 2690 2817 forma.
2721 2760 2842 2815 Non
2874 2760 3020 2815 enim
3062 2766 3246 2830 partes
3292 2757 3551 2828 partium.
3582 2770 3712 2810 cum

2113 2855 2481 2925 inquirimus,
2521 2868 2589 2907 ex
2623 2850 2828 2923 quibus
2873 2850 2998 2916 hoc,
3039 2849 3123 2904 vel
3161 2848 3292 2902 illttd
3339 2845 3710 2914 componitur,

2114 2948 2552 3012 consideramus,
2588 2945 2682 3001 sed
2716 2944 2996 3015 proximas
3030 2941 3178 2996 illius
3221 2949 3384 3010 atque
3427 2936 3714 2992 immedia-

2113 3049 2218 3096 tas.
2244 3039 2426 3107 Quare
2452 3038 2578 3094 licet
2607 3036 2888 3092 hominem
2919 3033 3224 3090 dixerimus
3258 3030 3471 3086 duabus
3498 3027 3713 3083 naturis

2113 3140 2390 3197 constare,
2457 3135 2512 3182 et
2562 3127 2822 3182 deitatem
2883 3139 3049 3179 unam
3102 3136 3247 3187 esse,
3284 3136 3392 3175 non
3426 3117 3713 3176 concludi-

2115 3235 2202 3279 tur
2223 3220 2370 3291 qttod
2399 3215 2734 3289 praetenditis
2763 3214 3053 3271 adversum
3082 3227 3185 3267 nos
3210 3229 3224 3264 :
3255 3225 3428 3281 neque
3454 3209 3598 3264 enim
3624 3207 3715 3263 hic

415 3317 614 3372 πειιμεν
650 3301 744 3356 δύο
783 3301 975 3372 φύσεις
1027 3303 1196 3376 ἔχειν,
1249 3305 1346 3359 καὶ
1374 3304 1472 3379 τὴν
1507 3306 1738 3379 θεότητα
1769 3310 1898 3379 μίαν
1932 3305 2009 3363 εἷ-

2115 3313 2168 3367 in
2199 3290 2434 3364 Domino
2450 3319 2656 3374 nostro,
2692 3306 2822 3361 Jesu
2849 3305 3073 3361 Christo
3103 3301 3334 3367 scilicet,
3368 3309 3550 3371 partes
3578 3314 3706 3369 par-

415 3394 610 3458 ναι,οὐ
643 3395 937 3464 συνάγεται
959 3397 1096 3470 ὅπερ
1123 3396 1378 3467 βούλεσθε
1411 3398 1535 3452 καθ’
1567 3399 1748 3470 ἡμῶν.
1795 3403 1869 3454 Ού
1901 3401 2010 3474 γάρ

416 3486 678 3554 ιἰταῦθα,
727 3489 897 3559 ἤγουν
926 3489 1022 3543 ἐπὶ
1056 3490 1152 3542 τοῦ
1196 3491 1404 3562 Κυρίου
1436 3491 1598 3562 ἡμῶν
1647 3493 1822 3563 Ἰησοῦ
1871 3494 2010 3566 Χρι-

418 3579 549 3637 στοῦ
576 3581 648 3635 τὰ
694 3581 834 3653 μέρη
879 3582 988 3636 τῶν
1020 3583 1203 3654 μερῶν
1227 3583 1313 3637 δεῖ
1355 3587 1600 3651 σκοπεῖν,
1635 3585 1754 3656 ἤτοι
1791 3586 1890 3657 τῆς
1914 3589 2010 3640 άν-

425 3673 782 3744 θρωπότητος
813 3675 875 3728 τὸ
902 3676 1064 3746 σῶμα
1103 3677 1200 3729 καὶ
1232 3675 1331 3747 τὴν
1349 3676 1549 3748 ψυχὴν,
1582 3675 1719 3731 ἀλλά
1749 3678 1816 3733 τὰ
1837 3697 2010 3752 προσ-

420 3766 565 3838 εχῶς
625 3765 720 3820 καὶ
750 3766 972 3838 ἀμέσως
1017 3769 1368 3834 συντεθέντα,
1426 3768 1659 3840 θεότητά
1716 3787 1860 3841 φημι
1919 3771 2011 3825 καὶ

419 3856 838 3930 ἀνθρωπότητα.
869 3859 932 3912 Ei
961 3859 1068 3929 γὰρ
1118 3859 1216 3912 καὶ
1261 3857 1357 3912 δύο
1392 3859 1584 3929 φύσεις
1618 3858 1765 3930 ἔχειν
1796 3863 1887 3916 τὸν
1914 3863 2010 3916 ἄν·

419 3949 640 4020 θρωπον
665 3951 824 4019 ἡμεῖς
860 3949 1134 4017 λέγοντες,
1172 3949 1295 4003 καθ’
1324 3950 1492 4021 ὑμᾶς,
1520 3953 1670 4021 τρεῖς
1706 3951 1897 4020 φύσεις
1919 3953 2011 4006 ἐπὶ

419 4043 658 4114 Χριστοῦ
683 4043 864 4112 λέγειν
896 4042 1456 4114 ἀναγκασθησόμεθα,
1491 4044 1586 4096 καὶ
1613 4043 1771 4116 ὑμεῖς
1807 4045 1916 4115 ἄρα
1945 4047 2011 4100 ὲκ

419 4138 513 4192 δύο
535 4140 750 4208 φύσεων
782 4137 874 4192 τὸν
897 4137 1183 4208 ἄνθρωπον
1210 4135 1484 4203 λέγοντες,
1515 4139 1564 4191 εί
1592 4138 1686 4192 καὶ
1717 4138 1792 4209 μὴ
1823 4138 1938 4201 δύο,
1973 4137 2008 4209 ἤ

421 4231 480 4284 ὲν
509 4230 622 4294 δύο,
660 4229 796 4284 ἀλλά
829 4229 956 4300 μίαν
987 4227 1149 4296 φύσιν
1173 4223 1316 4281 εἶναι
1353 4226 1626 4294 λέγοντες,
1654 4227 1772 4283 ἀλλ’
1806 4227 1899 4281 οῦν
1946 4227 2012 4280 ὲκ

419 4321 589 4394 τριῶν
623 4321 838 4391 φύσεων
872 4321 961 4375 τὸν
993 4320 1228 4392 Χριστὸν
1257 4320 1661 4390 δογματίσοιτε.
1696 4321 1808 4374 Καὶ
1836 4319 2012 4384 οὕτως

421 4412 904 4486 περιτραπήσεσθε
934 4414 1000 4468 ὲκ
1022 4412 1114 4467 τοῦ
1145 4413 1298 4482 ὑμῶν
1327 4412 1510 4480 λόγου.
1546 4412 1708 4467 ’Δλλά
1731 4411 1890 4466 τοῦτο
1911 4412 2014 4466 οὐκ

419 4504 592 4561 ἐστιν.
625 4507 738 4561 Οὐκ
768 4509 875 4576 ἄρα
900 4507 994 4560 δύο
1019 4504 1214 4576 φύσεις
1240 4505 1385 4576 ἔχειν
1419 4507 1586 4576 ἡμεῖς
1630 4505 1884 4574 λέγοντες
1919 4505 2014 4560 τὸν

419 4601 680 4671 Χριστὸν,
720 4600 822 4654 κᾶν
849 4601 943 4666 δύρ
990 4599 1182 4669 φύσεις
1214 4598 1362 4670 ἔχειν
1391 4599 1485 4652 τὸν
1510 4597 1802 4670 ἄνθρωπον
1836 4599 2010 4668 λέγω-

423 4709 548 4769 μεν,
584 4692 645 4746 τὸ
690 4693 839 4763 τρεῖς
865 4691 987 4746 καθ’
1010 4690 1170 4761 ἡμῶν
1195 4689 1508 4761 συναχθείη.
1545 4690 1659 4743 Καὶ
1702 4689 1881 4754 άλλως
1931 4691 2013 4754 είς

419 4783 484 4838 τὸ
511 4783 663 4837 αὐτό·
709 4784 768 4836 '0
797 4782 1085 4852 ἄνθρωπος
1145 4781 1178 4853 ἢ
1226 4780 1462 4836 καθόλου
1496 4780 1666 4847 ἐστὶν,
1714 4780 1747 4852 ἢ
1785 4781 1878 4833 ἐπὶ
1913 4780 2011 4850 μέ-

425 4892 572 4945 ρους,
607 4873 776 4945 ἤγουν
805 4875 834 4928 6
863 4873 1200 4938 καθέκαστα,
1228 4872 1345 4927 ἀλλ’
1374 4873 1457 4926 ὅτι
1510 4872 1608 4942 μὲν
1632 4873 1660 4924 ὁ
1697 4872 2012 4926 καθέκαστα

421 4967 489 5019 ἐκ
503 4965 596 5019 δύο
617 4965 832 5035 φύσεων
849 4964 1158 5031 σύγκειται,
1177 4963 1431 5032 σώματός
1456 4978 1536 5027 τε,
1567 4979 1640 5034 φη
1650 4961 1731 5031 μὶ,
1760 4963 1855 5015 καὶ
1875 4962 2013 5015 ἀσω-

425 5057 623 5125 μάτου,
655 5055 830 5120 οὐδεὶς
860 5055 972 5109 τῶν
1005 5051 1064 5109 εὖ
1083 5055 1304 5108 εἰδότων
1332 5053 1542 5124 κρίνειν
1598 5054 1819 5122 ἀντερεῖ
1843 5068 1856 5082 ⁸
1888 5053 2010 5106 οὐδὲ

421 5150 534 5220 γάρ
564 5149 625 5204 τὸ
655 5148 816 5220 σῶμα
839 5148 1129 5216 ἀθάνατον,
1183 5147 1322 5202 ἀλλὰ
1351 5146 1613 5218 φθαρτὸν,
1650 5146 1772 5199 οὐδὲ
1801 5147 1834 5217 ἢ
1861 5146 2008 5218 ψυχὴ

422 5239 613 5314 θνητὴ,
637 5241 754 5296 ἀλλ’
781 5241 1068 5304 ἀθάνατος,
1095 5240 1218 5294 οὐδὲ
1245 5241 1307 5294 τὸ
1341 5240 1502 5310 σῶμα
1537 5238 1792 5310 ἀόρατον,
1824 5238 1945 5290 οὐδὲ
1976 5240 2010 5309 ἡ

419 5334 568 5404 ψυχὴ
609 5337 944 5407 σωματικοῖς
975 5334 1277 5404 ὀφθαλμοῖς
1309 5333 1646 5404 καθορᾶται·
1682 5331 1800 5386 ἀλλ’
1845 5332 1878 5402 ή
1912 5332 2011 5403 μὲν

420 5426 618 5497 λογικὴ
649 5428 744 5480 καὶ
786 5426 973 5498 νοερὰ,
1028 5427 1123 5479 καὶ
1172 5425 1486 5495 ἀσώματος,
1534 5425 1596 5478 τὸ
1641 5424 1698 5478 δὲ
1733 5426 1880 5494 παχὺ
1915 5424 2012 5478 καὶ

420 5516 639 5586 ὁρατὸν,
682 5516 781 5571 καὶ
812 5517 1004 5584 ἁπτὸν,
1037 5517 1099 5572 οὐ
1135 5518 1264 5589 μιᾶς
1295 5517 1352 5570 δὲ
1383 5503 1601 5586 φύσεως
1645 5516 1714 5569 τὰ
1745 5517 2010 5570 ἀντιδιαι-

425 5609 691 5681 ρούμενα·
734 5610 795 5662 ού
827 5611 958 5680 μιᾶς
999 5609 1109 5680 ἄρα
1136 5610 1328 5673 οὐσίας
1356 5607 1506 5679 ψυχὴ
1537 5607 1629 5660 καὶ
1666 5607 1845 5678 σῶμα.
1899 5606 2012 5661 Καὶ

422 5699 599 5766 αὖθις·
628 5704 689 5756 Et
717 5695 793 5757 ὧν
823 5704 873 5755 οἱ
918 5704 1032 5775 ὅροι
1059 5703 1329 5774 διάφοροι,
1365 5701 1571 5757 τούτων
1595 5701 1694 5757 καὶ
1730 5702 1787 5754 αί
1814 5700 2008 5771 φύσεις

423 5794 694 5865 διάφοροι,
739 5794 995 5866 διάφορος
1027 5795 1085 5848 δὲ
1122 5795 1216 5849 τοῦ
1279 5794 1534 5867 σώματος
1570 5798 1598 5850 ὁ
1653 5795 1811 5863 λόγος
1858 5794 2010 5864 παρὰ
2063 5823 2066 5826 ~

424 5883 518 5936 τὸν
549 5885 648 5955 τῆς
678 5882 880 5957 ψυχῆς,
910 5885 1168 5956 διάφορος
1201 5885 1309 5957 ἄρα
1343 5887 1438 5942 καὶ
1462 5889 1494 5957 ἡ
1520 5886 1682 5958 φύσις
1713 5887 1811 5957 τῆς
1831 5886 2011 5958 ψυχῆς

2114 3405 2248 3460 tittm
2295 3402 2641 3460 attendendm
2704 3408 2853 3466 sunt,
2901 3399 2982 3454 vel
3018 3396 3375 3453 humanitatis
3419 3409 3619 3464 corpus
3659 3401 3714 3447 et

2111 3498 2318 3562 anima,
2360 3494 2456 3552 sed
2499 3509 2622 3564 quae
2657 3492 2906 3563 proxime
2946 3490 3373 3559 immediateque
3421 3487 3710 3550 uniuntur,

2110 3589 2374 3645 divinitas
2410 3596 2577 3658 atque
2623 3587 2962 3642 humanitas.
2995 3584 3064 3641 Et
3094 3584 3140 3640 si
3172 3584 3310 3639 duas
3345 3589 3573 3636 naturas
3612 3579 3714 3632 ha-

2111 3680 2241 3736 bere
2287 3677 2564 3734 hominem
2607 3691 2708 3733 nos
2745 3683 3079 3744 asserentes,
3117 3683 3178 3730 ut
3213 3688 3308 3728 vos
3344 3671 3710 3734 contenditis,

2111 3781 2225 3828 tres
2274 3781 2503 3826 naturas
2544 3769 2600 3825 in
2638 3767 2859 3826 Christo
2894 3769 3076 3824 dicere
3123 3780 3462 3837 cogeremur,
3519 3771 3574 3817 et
3613 3775 3714 3816 vos

2113 3863 2278 3934 igitur
2309 3877 2378 3917 ex
2410 3861 2630 3917 duabus
2654 3861 2869 3916 naturis
2899 3859 3172 3914 hominem
3200 3855 3555 3918 aﬂirmantes,
3587 3853 3715 3906 licet

2113 3971 2226 4010 non
2278 3954 2439 4019 duas,
2498 3967 2675 4022 neque
2725 3953 2779 4007 itt
2829 3951 3065 4017 duabus,
3103 3949 3196 4004 sed
3243 3963 3407 4002 unam
3460 3953 3713 3999 naturam

2111 4061 2234 4103 esse
2281 4046 2547 4110 dicentes,
2588 4043 2949 4099 nihilominus
2991 4058 3056 4098 ex
3107 4042 3282 4096 tribus
3316 4038 3527 4093 naturis
3558 4035 3716 4091 Citri-

2112 4151 2260 4198 stum
2305 4154 2428 4196 esse
2471 4138 2743 4196 statuetis.
2793 4137 2994 4207 Sicque
3037 4151 3130 4205 per
3170 4134 3335 4190 verba
3374 4132 3480 4201 ipsi
3529 4139 3714 4185 vestra

2111 4233 2456 4289 refellemini.
2485 4230 2588 4288 Sed
2615 4231 2718 4287 hoc
2747 4245 2855 4285 non
2874 4240 2958 4287 est
2987 4248 3002 4296 ;
3031 4245 3140 4282 non
3172 4243 3304 4298 ergo
3329 4227 3467 4281 duas
3491 4232 3715 4277 naturas

2111 4325 2318 4379 habere
2346 4337 2449 4378 nos
2478 4320 2760 4378 Christum
2792 4327 3126 4383 asserentes,
3161 4318 3289 4371 licet
3315 4315 3451 4370 duas
3487 4321 3716 4367 naturas

2114 4414 2392 4470 hominem
2427 4412 2630 4468 habere
2665 4412 2914 4467 dicamus
2939 4451 2955 4477 ,
3005 4418 3118 4464 tres
3157 4408 3422 4462 adversus
3466 4419 3565 4457 nos
3605 4402 3719 4457 col-

2113 4505 2374 4576 ligentur.
2414 4503 2535 4558 Alia
2573 4514 2795 4573 quoque
2835 4499 3050 4555 ratione
3088 4498 3191 4552 hoc
3222 4497 3400 4564 ipsum
3427 4493 3714 4564 probatur.

2116 4596 2294 4653 Homo
2329 4603 2426 4651 aut
2452 4597 2507 4650 in
2539 4592 2836 4649 universali
2868 4601 2974 4658 est,
3008 4600 3104 4645 aut
3133 4591 3188 4643 in
3217 4597 3394 4658 parte,
3425 4586 3479 4638 in
3517 4581 3717 4637 indivi-

2120 4691 2230 4744 duo
2268 4703 2484 4759 nempe,
2514 4687 2609 4744 sed
2640 4685 2943 4751 hominem,
2974 4683 3070 4755 qui
3106 4683 3164 4737 in
3199 4679 3485 4735 individuo
3513 4684 3618 4742 est,
3647 4689 3714 4729 ex
3745 4740 3755 4745 _

2120 4783 2335 4839 duabus
2365 4779 2580 4836 naturis
2612 4778 2869 4834 constitui
2903 4775 3152 4846 corporis
3201 4780 3255 4828 et
3281 4772 3496 4833 animae,
3532 4780 3715 4828 nemo,

2121 4875 2214 4946 qui
2246 4873 2413 4945 probe
2445 4872 2512 4927 de
2543 4871 2708 4926 rebus
2739 4867 3009 4940 ju-Iiciutn
3045 4863 3190 4919 ferre
3225 4860 3397 4923 novit,
3433 4853 3718 4912 contradi-

2121 4977 2205 5022 cet
2233 4985 2248 5034 ;
2287 4979 2463 5036 neque
2505 4965 2651 5019 enim
2680 4975 2881 5030 corpus
2912 4956 3227 5013 immortale
3257 4961 3361 5018 est,
3393 4951 3486 5007 sed
3524 4963 3719 5004 corru-

2120 5059 2293 5128 ptioni
2316 5056 2635 5118 obnoxium,
2668 5067 2850 5123 neque
2879 5049 3060 5104 anima
3085 5046 3354 5108 mortalis,
3375 5042 3468 5098 sed
3489 5041 3719 5096 immor-

2121 5150 2268 5213 talis,
2303 5161 2484 5217 neque
2516 5159 2719 5214 corpus
2761 5139 3062 5206 invisibile,
3100 5153 3277 5208 neque
3308 5133 3490 5190 anima
3521 5145 3720 5199 corpo-

2118 5242 2231 5297 reis
2273 5239 2452 5295 oculis
2498 5235 2860 5307 conspicitur,
2919 5232 3014 5289 sed
3061 5231 3178 5286 hate
3219 5228 3441 5298 quidem
3491 5221 3717 5277 rationis

2119 5349 2346 5404 compos
2387 5340 2492 5394 est,
2527 5339 2576 5385 el
2626 5326 3028 5389 intellectualis,
3071 5331 3128 5379 et
3160 5322 3482 5388 incorporea
3525 5332 3541 5379 ;
3581 5311 3715 5366 illud

2119 5441 2389 5492 crassum,
2415 5423 2649 5490 visibile,
2683 5419 2944 5491 tangibile
2970 5435 2986 5484 ;
3018 5432 3127 5472 non
3163 5414 3326 5470 unius
3344 5424 3477 5465 vero
3506 5415 3717 5461 natura;

2119 5528 2246 5572 sunt
2297 5530 2418 5586 qua!
2459 5525 2652 5570 contra
2696 5528 2818 5568 sese
2863 5510 3098 5565 invicem
3146 5510 3554 5577 opponuntur:
3604 5511 3718 5550 non

2120 5609 2285 5665 unius
2343 5621 2473 5677 ergo
2518 5603 2772 5661 essentia;
2799 5616 3024 5670 corpus,
3080 5608 3134 5653 et
3177 5597 3384 5651 anima.
3441 5590 3572 5646 Item
3607 5607 3621 5644 :
3658 5587 3718 5641 Si

2118 5717 2352 5770 quorum
2401 5697 2744 5754 deﬁnitiones
2792 5694 3023 5749 diversa:
3079 5699 3228 5753 sunt,
3284 5701 3473 5743 eorum
3552 5681 3718 5737 etiam

2120 5801 2332 5848 naturae
2369 5791 2618 5855 diversae,
2660 5788 2876 5844 diversa
2909 5799 3042 5839 vero
3071 5791 3156 5837 est
3191 5777 3443 5850 corporis
3479 5777 3620 5830 ratio
3647 5773 3720 5828 ab

2119 5900 2204 5953 ea,
2257 5899 2380 5955 quae
2424 5883 2621 5938 anima:
2658 5889 2762 5947 cst,
2809 5877 3026 5934 diversa
3069 5873 3236 5966 igitur
3278 5869 3382 5928 erit
3431 5876 3484 5926 et
3526 5872 3720 5922 natura
