  <div class='ocr_page' id='page_1' title='image "/cluster/home/n/w/nwhite01/storage/ocr_20150623/105/coo.31924054870096/337.png"; bbox 0 0 4064 6438; ppageno 0'>
   <div class='ocr_carea' id='block_1_1' title="bbox 444 378 3770 460">
    <p class='ocr_par' dir='ltr' id='par_1_1' title="bbox 444 378 3770 460">
     <span class='ocr_line' id='line_1_1' title="bbox 444 378 3770 460; baseline -0.002 -9"><span class='ocrx_word' id='word_1_1' title='bbox 444 397 554 460; x_wconf 83' lang='lat'><strong>635</strong></span> <span class='ocrx_word' id='word_1_2' title='bbox 1716 389 1841 448; x_wconf 82' lang='lat' dir='ltr'><strong>NlC</strong></span> <span class='ocrx_word' id='word_1_3' title='bbox 1853 387 2008 445; x_wconf 77' lang='lat' dir='ltr'><strong>ET.E</strong></span> <span class='ocrx_word' id='word_1_4' title='bbox 2048 385 2452 446; x_wconf 69' lang='lat' dir='ltr'><strong>BYZANTINI</strong></span> <span class='ocrx_word' id='word_1_5' title='bbox 3653 378 3770 444; x_wconf 73' lang='lat'><em>636</em></span> 
     </span>
    </p>
   </div>
   <div class='ocr_carea' id='block_1_2' title="bbox 438 495 2043 573">
    <p class='ocr_par' dir='ltr' id='par_1_2' title="bbox 438 500 2025 573">
     <span class='ocr_line' id='line_1_2' title="bbox 438 500 2025 573; baseline -0.008 -10"><span class='ocrx_word' id='word_1_6' title='bbox 438 509 636 563; x_wconf 68' lang='lat' dir='ltr'><strong>anima:</strong></span> <span class='ocrx_word' id='word_1_7' title='bbox 667 519 696 557; x_wconf 89' lang='lat' dir='ltr'><strong>a</strong></span> <span class='ocrx_word' id='word_1_8' title='bbox 728 510 922 558; x_wconf 79' lang='lat' dir='ltr'><strong>natura</strong></span> <span class='ocrx_word' id='word_1_9' title='bbox 951 502 1217 573; x_wconf 89' lang='lat' dir='ltr'><strong>corporis.</strong></span> <span class='ocrx_word' id='word_1_10' title='bbox 1251 500 1380 560; x_wconf 63' lang='lat' dir='ltr'><strong>Hec</strong></span> <span class='ocrx_word' id='word_1_11' title='bbox 1409 512 1590 558; x_wconf 90' lang='lat' dir='ltr'><strong>autem</strong></span> <span class='ocrx_word' id='word_1_12' title='bbox 1630 508 2025 556; x_wconf 93' lang='lat' dir='ltr'><strong>conservantur</strong></span> 
     </span>
    </p>
   </div>
   <div class='ocr_carea' id='block_1_3' title="bbox 2147 495 3770 573">
    <p class='ocr_par' dir='ltr' id='par_1_3' title="bbox 2147 495 3770 567">
     <span class='ocr_line' id='line_1_3' title="bbox 2147 495 3770 567; baseline 0 -19"><span class='ocrx_word' id='word_1_13' title='bbox 2147 498 2229 565; x_wconf 76' lang='grc' dir='ltr'>ςῆς</span> <span class='ocrx_word' id='word_1_14' title='bbox 2251 495 2345 549; x_wconf 81' lang='grc' dir='ltr'>τοῦ</span> <span class='ocrx_word' id='word_1_15' title='bbox 2375 497 2626 567; x_wconf 84' lang='grc' dir='ltr'>σώματος</span> <span class='ocrx_word' id='word_1_16' title='bbox 2665 496 2902 565; x_wconf 82' lang='grc' dir='ltr'>φύσεως.</span> <span class='ocrx_word' id='word_1_17' title='bbox 2930 495 3119 550; x_wconf 81' lang='grc' dir='ltr'>Ταῦτα</span> <span class='ocrx_word' id='word_1_18' title='bbox 3157 495 3214 549; x_wconf 78' lang='grc' dir='ltr'>δὲ</span> <span class='ocrx_word' id='word_1_19' title='bbox 3246 495 3537 562; x_wconf 79' lang='grc' dir='ltr'>σώζονται</span> <span class='ocrx_word' id='word_1_20' title='bbox 3570 495 3636 547; x_wconf 88' lang='grc' dir='ltr'><strong>ἐν</strong></span> <span class='ocrx_word' id='word_1_21' title='bbox 3683 495 3770 565; x_wconf 82' lang='grc' dir='ltr'><strong>τῷ</strong></span> 
     </span>
    </p>
   </div>
   <div class='ocr_carea' id='block_1_4' title="bbox 438 585 2043 666">
    <p class='ocr_par' dir='ltr' id='par_1_4' title="bbox 438 589 2024 666">
     <span class='ocr_line' id='line_1_4' title="bbox 438 589 2024 666; baseline -0.007 -12"><span class='ocrx_word' id='word_1_22' title='bbox 438 603 494 654; x_wconf 84' lang='lat' dir='ltr'><strong>in</strong></span> <span class='ocrx_word' id='word_1_23' title='bbox 547 595 812 666; x_wconf 82' lang='lat' dir='ltr'><strong>singulari</strong></span> <span class='ocrx_word' id='word_1_24' title='bbox 863 595 1087 651; x_wconf 83' lang='lat' dir='ltr'><strong>homine</strong></span> <span class='ocrx_word' id='word_1_25' title='bbox 1141 594 1606 650; x_wconf 88' lang='lat' dir='ltr'><strong>immutabiliter:</strong></span> <span class='ocrx_word' id='word_1_26' title='bbox 1655 591 1793 647; x_wconf 87' lang='lat' dir='ltr'><strong>duas</strong></span> <span class='ocrx_word' id='word_1_27' title='bbox 1855 589 2024 660; x_wconf 78' lang='lat' dir='ltr'><strong>igitur</strong></span> 
     </span>
    </p>
   </div>
   <div class='ocr_carea' id='block_1_5' title="bbox 2147 585 3772 666">
    <p class='ocr_par' dir='ltr' id='par_1_5' title="bbox 2147 585 3772 659">
     <span class='ocr_line' id='line_1_5' title="bbox 2147 585 3772 659; baseline 0 -19"><span class='ocrx_word' id='word_1_28' title='bbox 2147 587 2444 641; x_wconf 78' lang='grc' dir='ltr'>ιαθέκαστα</span> <span class='ocrx_word' id='word_1_29' title='bbox 2464 587 2560 641; x_wconf 87' lang='grc' dir='ltr'><strong>ἀνθ</strong></span> <span class='ocrx_word' id='word_1_30' title='bbox 2571 587 2737 659; x_wconf 84' lang='grc' dir='ltr'><strong>ρώπῳ</strong></span> <span class='ocrx_word' id='word_1_31' title='bbox 2773 586 3169 658; x_wconf 76' lang='grc' dir='ltr'>ἀμεταϐλήτως</span> <span class='ocrx_word' id='word_1_32' title='bbox 3192 603 3206 618; x_wconf 84' lang='lat'><strong><em>°</em></strong></span> <span class='ocrx_word' id='word_1_33' title='bbox 3238 587 3334 642; x_wconf 91' lang='grc' dir='ltr'><strong>δύο</strong></span> <span class='ocrx_word' id='word_1_34' title='bbox 3365 587 3490 658; x_wconf 72' lang='grc' dir='ltr'><strong>γὰρ</strong></span> <span class='ocrx_word' id='word_1_35' title='bbox 3515 586 3640 657; x_wconf 72' lang='grc' dir='ltr'><strong>ἄρα</strong></span> <span class='ocrx_word' id='word_1_36' title='bbox 3661 585 3772 657; x_wconf 80' lang='grc' dir='ltr'><strong>φύ-</strong></span> 
     </span>
    </p>
   </div>
   <div class='ocr_carea' id='block_1_6' title="bbox 439 677 2043 758">
    <p class='ocr_par' dir='ltr' id='par_1_6' title="bbox 439 681 2022 758">
     <span class='ocr_line' id='line_1_6' title="bbox 439 681 2022 758; baseline -0.006 -14"><span class='ocrx_word' id='word_1_37' title='bbox 439 695 668 744; x_wconf 87' lang='lat' dir='ltr'><strong>naturas</strong></span> <span class='ocrx_word' id='word_1_38' title='bbox 694 687 857 742; x_wconf 93' lang='lat' dir='ltr'><strong>homo</strong></span> <span class='ocrx_word' id='word_1_39' title='bbox 877 686 1170 758; x_wconf 81' lang='lat' dir='ltr'><strong>singularis</strong></span> <span class='ocrx_word' id='word_1_40' title='bbox 1189 690 1388 742; x_wconf 88' lang='lat' dir='ltr'><strong>habere</strong></span> <span class='ocrx_word' id='word_1_41' title='bbox 1403 687 1633 741; x_wconf 77' lang='lat' dir='ltr'><strong>dicetur.</strong></span> <span class='ocrx_word' id='word_1_42' title='bbox 1659 683 1849 738; x_wconf 74' lang='lat' dir='ltr'><strong>Servat</strong></span> <span class='ocrx_word' id='word_1_43' title='bbox 1876 681 2022 737; x_wconf 89' lang='lat' dir='ltr'><strong>enim</strong></span> 
     </span>
    </p>
   </div>
   <div class='ocr_carea' id='block_1_7' title="bbox 2147 677 3769 758">
    <p class='ocr_par' dir='ltr' id='par_1_7' title="bbox 2147 677 3769 752">
     <span class='ocr_line' id='line_1_7' title="bbox 2147 677 3769 752; baseline 0.001 -22"><span class='ocrx_word' id='word_1_44' title='bbox 2147 695 2243 742; x_wconf 77' lang='lat' dir='ltr'><strong>rat;</strong></span> <span class='ocrx_word' id='word_1_45' title='bbox 2267 678 2412 748; x_wconf 77' lang='grc' dir='ltr'>ἐχειν</span> <span class='ocrx_word' id='word_1_46' title='bbox 2444 681 2472 733; x_wconf 96' lang='lat'><strong>6</strong></span> <span class='ocrx_word' id='word_1_47' title='bbox 2497 678 2814 734; x_wconf 83' lang='grc' dir='ltr'>καθέκαστα</span> <span class='ocrx_word' id='word_1_48' title='bbox 2840 678 3128 750; x_wconf 83' lang='grc' dir='ltr'>ἄνθρωπος</span> <span class='ocrx_word' id='word_1_49' title='bbox 3154 679 3531 752; x_wconf 79' lang='grc' dir='ltr'>λεχθήσεται.</span> <span class='ocrx_word' id='word_1_50' title='bbox 3580 677 3769 743; x_wconf 80' lang='grc' dir='ltr'>Σώζει</span> 
     </span>
    </p>
   </div>
   <div class='ocr_carea' id='block_1_8' title="bbox 438 769 2043 848">
    <p class='ocr_par' dir='ltr' id='par_1_8' title="bbox 438 771 2022 848">
     <span class='ocr_line' id='line_1_8' title="bbox 438 771 2022 848; baseline -0.006 -14"><span class='ocrx_word' id='word_1_51' title='bbox 438 789 735 848; x_wconf 88' lang='lat' dir='ltr'><strong>utrumque</strong></span> <span class='ocrx_word' id='word_1_52' title='bbox 764 786 818 832; x_wconf 87' lang='lat' dir='ltr'><strong>et</strong></span> <span class='ocrx_word' id='word_1_53' title='bbox 853 786 975 846; x_wconf 88' lang='lat' dir='ltr'><strong>post</strong></span> <span class='ocrx_word' id='word_1_54' title='bbox 1007 777 1267 832; x_wconf 91' lang='lat' dir='ltr'><strong>unionem</strong></span> <span class='ocrx_word' id='word_1_55' title='bbox 1300 776 1604 830; x_wconf 82' lang='lat' dir='ltr'><strong>naturalem</strong></span> <span class='ocrx_word' id='word_1_56' title='bbox 1634 771 2022 842; x_wconf 70' lang='lat' dir='ltr'><strong>proprietatem</strong></span> 
     </span>
    </p>
   </div>
   <div class='ocr_carea' id='block_1_9' title="bbox 2147 769 3771 848">
    <p class='ocr_par' dir='ltr' id='par_1_9' title="bbox 2147 769 3771 843">
     <span class='ocr_line' id='line_1_9' title="bbox 2147 769 3771 843; baseline 0.001 -20"><span class='ocrx_word' id='word_1_57' title='bbox 2147 771 2236 840; x_wconf 61' lang='lat' dir='ltr'><strong>(ip</strong></span> <span class='ocrx_word' id='word_1_58' title='bbox 2256 771 2516 843; x_wconf 71' lang='grc' dir='ltr'>ἑκάτερον</span> <span class='ocrx_word' id='word_1_59' title='bbox 2550 772 2645 826; x_wconf 77' lang='grc' dir='ltr'><strong>καὶ</strong></span> <span class='ocrx_word' id='word_1_60' title='bbox 2671 771 2813 841; x_wconf 84' lang='grc' dir='ltr'>μετὰ</span> <span class='ocrx_word' id='word_1_61' title='bbox 2835 772 2935 841; x_wconf 76' lang='grc' dir='ltr'><strong>τὴν</strong></span> <span class='ocrx_word' id='word_1_62' title='bbox 2971 769 3168 826; x_wconf 75' lang='grc' dir='ltr'>ἕνωσιν</span> <span class='ocrx_word' id='word_1_63' title='bbox 3190 773 3290 842; x_wconf 79' lang='grc' dir='ltr'>τὴν</span> <span class='ocrx_word' id='word_1_64' title='bbox 3321 771 3594 843; x_wconf 82' lang='grc' dir='ltr'>φυσικὴν</span> <span class='ocrx_word' id='word_1_65' title='bbox 3632 770 3771 825; x_wconf 84' lang='grc' dir='ltr'>ίδιό-</span> 
     </span>
    </p>
   </div>
   <div class='ocr_carea' id='block_1_10' title="bbox 440 857 2043 940">
    <p class='ocr_par' dir='ltr' id='par_1_10' title="bbox 440 863 2027 940">
     <span class='ocr_line' id='line_1_10' title="bbox 440 863 2027 940; baseline -0.005 -14"><span class='ocrx_word' id='word_1_66' title='bbox 440 887 654 935; x_wconf 87' lang='lat' dir='ltr'><strong>eorum,</strong></span> <span class='ocrx_word' id='word_1_67' title='bbox 691 884 755 926; x_wconf 81' lang='lat' dir='ltr'><strong>ex</strong></span> <span class='ocrx_word' id='word_1_68' title='bbox 799 871 1001 940; x_wconf 87' lang='lat' dir='ltr'><strong>quibus</strong></span> <span class='ocrx_word' id='word_1_69' title='bbox 1038 878 1092 923; x_wconf 86' lang='lat' dir='ltr'><strong>et</strong></span> <span class='ocrx_word' id='word_1_70' title='bbox 1138 868 1190 922; x_wconf 92' lang='lat' dir='ltr'><strong>iu</strong></span> <span class='ocrx_word' id='word_1_71' title='bbox 1232 867 1434 938; x_wconf 85' lang='lat' dir='ltr'><strong>quibus</strong></span> <span class='ocrx_word' id='word_1_72' title='bbox 1472 865 1610 920; x_wconf 86' lang='lat' dir='ltr'><strong>ratio</strong></span> <span class='ocrx_word' id='word_1_73' title='bbox 1663 863 2027 932; x_wconf 88' lang='lat' dir='ltr'><strong>conspicitur.</strong></span> 
     </span>
    </p>
   </div>
   <div class='ocr_carea' id='block_1_11' title="bbox 2147 857 3770 940">
    <p class='ocr_par' dir='ltr' id='par_1_11' title="bbox 2147 857 3770 936">
     <span class='ocr_line' id='line_1_11' title="bbox 2147 857 3770 936; baseline 0.002 -22"><span class='ocrx_word' id='word_1_74' title='bbox 2147 880 2286 935; x_wconf 77' lang='grc' dir='ltr'>εητα,</span> <span class='ocrx_word' id='word_1_75' title='bbox 2331 863 2388 930; x_wconf 75' lang='grc' dir='ltr'><strong>ἐξ</strong></span> <span class='ocrx_word' id='word_1_76' title='bbox 2419 857 2495 917; x_wconf 82' lang='grc' dir='ltr'>ὧν</span> <span class='ocrx_word' id='word_1_77' title='bbox 2554 864 2648 918; x_wconf 78' lang='grc' dir='ltr'>καὶ</span> <span class='ocrx_word' id='word_1_78' title='bbox 2697 865 2757 917; x_wconf 87' lang='grc' dir='ltr'><strong>ἐν</strong></span> <span class='ocrx_word' id='word_1_79' title='bbox 2789 859 2872 928; x_wconf 74' lang='grc' dir='ltr'>οἷς</span> <span class='ocrx_word' id='word_1_80' title='bbox 2911 865 2941 916; x_wconf 90' lang='lat'><strong>6</strong></span> <span class='ocrx_word' id='word_1_81' title='bbox 2984 862 3140 933; x_wconf 81' lang='grc' dir='ltr'><strong>λόγος</strong></span> <span class='ocrx_word' id='word_1_82' title='bbox 3190 863 3525 936; x_wconf 82' lang='grc' dir='ltr'>θεωρεῖται.</span> <span class='ocrx_word' id='word_1_83' title='bbox 3593 864 3656 918; x_wconf 89' lang='grc' dir='ltr'><strong>Ὃ</strong></span> <span class='ocrx_word' id='word_1_84' title='bbox 3708 864 3770 917; x_wconf 82' lang='grc' dir='ltr'>δὲ</span> 
     </span>
    </p>
   </div>
   <div class='ocr_carea' id='block_1_12' title="bbox 439 952 2043 1028">
    <p class='ocr_par' dir='ltr' id='par_1_12' title="bbox 439 952 2026 1028">
     <span class='ocr_line' id='line_1_12' title="bbox 439 952 2026 1028; baseline -0.004 -14"><span class='ocrx_word' id='word_1_85' title='bbox 439 960 511 1014; x_wconf 84' lang='lat' dir='ltr'><strong>At</strong></span> <span class='ocrx_word' id='word_1_86' title='bbox 539 960 705 1015; x_wconf 91' lang='lat' dir='ltr'><strong>homo</strong></span> <span class='ocrx_word' id='word_1_87' title='bbox 738 961 791 1013; x_wconf 92' lang='lat' dir='ltr'><strong>in</strong></span> <span class='ocrx_word' id='word_1_88' title='bbox 823 975 1039 1028; x_wconf 84' lang='lat' dir='ltr'><strong>genere,</strong></span> <span class='ocrx_word' id='word_1_89' title='bbox 1068 957 1392 1012; x_wconf 84' lang='lat' dir='ltr'><strong>universalis</strong></span> <span class='ocrx_word' id='word_1_90' title='bbox 1417 972 1628 1025; x_wconf 89' lang='lat' dir='ltr'><strong>nempe,</strong></span> <span class='ocrx_word' id='word_1_91' title='bbox 1653 971 1777 1010; x_wconf 91' lang='lat' dir='ltr'><strong>cum</strong></span> <span class='ocrx_word' id='word_1_92' title='bbox 1807 954 1928 1024; x_wconf 87' lang='lat' dir='ltr'><strong>quis</strong></span> <span class='ocrx_word' id='word_1_93' title='bbox 1958 952 2026 1007; x_wconf 88' lang='lat' dir='ltr'><strong>ad</strong></span> 
     </span>
    </p>
   </div>
   <div class='ocr_carea' id='block_1_13' title="bbox 2147 952 3770 1028">
    <p class='ocr_par' dir='ltr' id='par_1_13' title="bbox 2147 954 3770 1027">
     <span class='ocr_line' id='line_1_13' title="bbox 2147 954 3770 1027; baseline 0.003 -21"><span class='ocrx_word' id='word_1_94' title='bbox 2147 954 2192 1024; x_wconf 76' lang='grc' dir='ltr'><strong>ἰὴ</strong></span> <span class='ocrx_word' id='word_1_95' title='bbox 2211 955 2450 1024; x_wconf 85' lang='grc' dir='ltr'>γενικδς,</span> <span class='ocrx_word' id='word_1_96' title='bbox 2473 956 2644 1027; x_wconf 78' lang='grc' dir='ltr'>ἦγουν</span> <span class='ocrx_word' id='word_1_97' title='bbox 2666 955 2897 1010; x_wconf 78' lang='grc' dir='ltr'><strong>καθόλου</strong></span> <span class='ocrx_word' id='word_1_98' title='bbox 2928 956 3239 1026; x_wconf 77' lang='grc' dir='ltr'>ἄνθρωπος,</span> <span class='ocrx_word' id='word_1_99' title='bbox 3273 958 3417 1011; x_wconf 85' lang='grc' dir='ltr'>ὅταν</span> <span class='ocrx_word' id='word_1_100' title='bbox 3452 974 3548 1022; x_wconf 87' lang='grc' dir='ltr'><strong>τις</strong></span> <span class='ocrx_word' id='word_1_101' title='bbox 3577 957 3667 1020; x_wconf 82' lang='grc' dir='ltr'><strong>είς</strong></span> <span class='ocrx_word' id='word_1_102' title='bbox 3696 958 3770 1011; x_wconf 87' lang='grc' dir='ltr'><strong>τά</strong></span> 
     </span>
    </p>
   </div>
   <div class='ocr_carea' id='block_1_14' title="bbox 440 1039 2043 1122">
    <p class='ocr_par' dir='ltr' id='par_1_14' title="bbox 440 1045 2028 1122">
     <span class='ocr_line' id='line_1_14' title="bbox 440 1045 2028 1122; baseline -0.004 -15"><span class='ocrx_word' id='word_1_103' title='bbox 440 1066 526 1117; x_wconf 87' lang='lat' dir='ltr'><strong>ea,</strong></span> <span class='ocrx_word' id='word_1_104' title='bbox 557 1067 622 1107; x_wconf 79' lang='lat' dir='ltr'><strong>ex</strong></span> <span class='ocrx_word' id='word_1_105' title='bbox 651 1051 851 1122; x_wconf 87' lang='lat' dir='ltr'><strong>quibus</strong></span> <span class='ocrx_word' id='word_1_106' title='bbox 885 1051 1251 1120; x_wconf 86' lang='lat' dir='ltr'><strong>componitur,</strong></span> <span class='ocrx_word' id='word_1_107' title='bbox 1283 1049 1526 1103; x_wconf 90' lang='lat' dir='ltr'><strong>animum</strong></span> <span class='ocrx_word' id='word_1_108' title='bbox 1557 1047 1871 1112; x_wconf 78' lang='lat' dir='ltr'><strong>adverterit,</strong></span> <span class='ocrx_word' id='word_1_109' title='bbox 1905 1045 2028 1101; x_wconf 88' lang='lat' dir='ltr'><strong>aui-</strong></span> 
     </span>
    </p>
   </div>
   <div class='ocr_carea' id='block_1_15' title="bbox 2147 1039 3771 1122">
    <p class='ocr_par' dir='ltr' id='par_1_15' title="bbox 2147 1039 3771 1122">
     <span class='ocr_line' id='line_1_15' title="bbox 2147 1039 3771 1122; baseline 0.004 -24"><span class='ocrx_word' id='word_1_110' title='bbox 2147 1045 2189 1112; x_wconf 78' lang='grc' dir='ltr'>ιξ</span> <span class='ocrx_word' id='word_1_111' title='bbox 2211 1039 2286 1101; x_wconf 81' lang='grc' dir='ltr'>ὧν</span> <span class='ocrx_word' id='word_1_112' title='bbox 2309 1049 2568 1121; x_wconf 80' lang='grc' dir='ltr'><strong>συνετέθη</strong></span> <span class='ocrx_word' id='word_1_113' title='bbox 2591 1050 2874 1122; x_wconf 82' lang='grc' dir='ltr'>ἀποκοπῇ,</span> <span class='ocrx_word' id='word_1_114' title='bbox 2911 1048 3059 1121; x_wconf 79' lang='grc' dir='ltr'>φημὶ</span> <span class='ocrx_word' id='word_1_115' title='bbox 3094 1049 3159 1120; x_wconf 83' lang='grc' dir='ltr'>δὴ</span> <span class='ocrx_word' id='word_1_116' title='bbox 3192 1049 3383 1122; x_wconf 80' lang='grc' dir='ltr'>ψυχήν</span> <span class='ocrx_word' id='word_1_117' title='bbox 3407 1067 3476 1104; x_wconf 89' lang='grc' dir='ltr'><strong>τε</strong></span> <span class='ocrx_word' id='word_1_118' title='bbox 3512 1051 3618 1104; x_wconf 75' lang='grc' dir='ltr'><strong>καὶ</strong></span> <span class='ocrx_word' id='word_1_119' title='bbox 3653 1049 3771 1104; x_wconf 86' lang='grc' dir='ltr'><strong>σῶ-</strong></span> 
     </span>
    </p>
   </div>
   <div class='ocr_carea' id='block_1_16' title="bbox 441 1138 2043 1216">
    <p class='ocr_par' dir='ltr' id='par_1_16' title="bbox 441 1138 2031 1216">
     <span class='ocr_line' id='line_1_16' title="bbox 441 1138 2031 1216; baseline -0.004 -17"><span class='ocrx_word' id='word_1_120' title='bbox 441 1160 610 1211; x_wconf 88' lang='lat' dir='ltr'><strong>mam,</strong></span> <span class='ocrx_word' id='word_1_121' title='bbox 652 1147 896 1216; x_wconf 83' lang='lat' dir='ltr'><strong>inquam,</strong></span> <span class='ocrx_word' id='word_1_122' title='bbox 935 1155 990 1199; x_wconf 89' lang='lat' dir='ltr'><strong>et</strong></span> <span class='ocrx_word' id='word_1_123' title='bbox 1020 1159 1253 1214; x_wconf 87' lang='lat' dir='ltr'><strong>corpus,</strong></span> <span class='ocrx_word' id='word_1_124' title='bbox 1286 1151 1342 1198; x_wconf 83' lang='lat' dir='ltr'><strong>et</strong></span> <span class='ocrx_word' id='word_1_125' title='bbox 1373 1142 1488 1210; x_wconf 91' lang='lat' dir='ltr'><strong>ipsa</strong></span> <span class='ocrx_word' id='word_1_126' title='bbox 1519 1141 1770 1212; x_wconf 72' lang='lat' dir='ltr'><strong>generica</strong></span> <span class='ocrx_word' id='word_1_127' title='bbox 1813 1149 1867 1196; x_wconf 90' lang='lat' dir='ltr'><strong>et</strong></span> <span class='ocrx_word' id='word_1_128' title='bbox 1902 1138 2031 1194; x_wconf 89' lang='lat' dir='ltr'><strong>uni-</strong></span> 
     </span>
    </p>
   </div>
   <div class='ocr_carea' id='block_1_17' title="bbox 2147 1138 3770 1216">
    <p class='ocr_par' dir='ltr' id='par_1_17' title="bbox 2147 1141 3770 1214">
     <span class='ocr_line' id='line_1_17' title="bbox 2147 1141 3770 1214; baseline 0.004 -21"><span class='ocrx_word' id='word_1_129' title='bbox 2147 1159 2228 1206; x_wconf 76' lang='grc' dir='ltr'><strong>ια,</strong></span> <span class='ocrx_word' id='word_1_130' title='bbox 2261 1141 2357 1196; x_wconf 66' lang='grc' dir='ltr'><strong>καὶ</strong></span> <span class='ocrx_word' id='word_1_131' title='bbox 2391 1141 2563 1196; x_wconf 83' lang='grc' dir='ltr'>ταῦτα</span> <span class='ocrx_word' id='word_1_132' title='bbox 2618 1144 2814 1212; x_wconf 85' lang='grc' dir='ltr'>γενικά</span> <span class='ocrx_word' id='word_1_133' title='bbox 2846 1143 2978 1197; x_wconf 74' lang='grc' dir='ltr'>ὄντα</span> <span class='ocrx_word' id='word_1_134' title='bbox 3028 1144 3124 1198; x_wconf 76' lang='grc' dir='ltr'>καὶ</span> <span class='ocrx_word' id='word_1_135' title='bbox 3170 1145 3442 1208; x_wconf 80' lang='grc' dir='ltr'><strong>καθόλου,</strong></span> <span class='ocrx_word' id='word_1_136' title='bbox 3475 1144 3573 1198; x_wconf 83' lang='grc' dir='ltr'>ὅτι</span> <span class='ocrx_word' id='word_1_137' title='bbox 3621 1144 3770 1214; x_wconf 81' lang='grc' dir='ltr'>μηδὲ</span> 
     </span>
    </p>
   </div>
   <div class='ocr_carea' id='block_1_18' title="bbox 439 1231 2043 1310">
    <p class='ocr_par' dir='ltr' id='par_1_18' title="bbox 439 1231 2030 1305">
     <span class='ocr_line' id='line_1_18' title="bbox 439 1231 2030 1305; baseline -0.003 -16"><span class='ocrx_word' id='word_1_138' title='bbox 439 1236 676 1290; x_wconf 83' lang='lat' dir='ltr'><strong>versalia</strong></span> <span class='ocrx_word' id='word_1_139' title='bbox 711 1250 922 1305; x_wconf 86' lang='lat' dir='ltr'><strong>:neqne</strong></span> <span class='ocrx_word' id='word_1_140' title='bbox 940 1234 1082 1289; x_wconf 90' lang='lat' dir='ltr'><strong>enim</strong></span> <span class='ocrx_word' id='word_1_141' title='bbox 1113 1233 1226 1289; x_wconf 88' lang='lat' dir='ltr'><strong>lieri</strong></span> <span class='ocrx_word' id='word_1_142' title='bbox 1264 1242 1464 1303; x_wconf 85' lang='lat' dir='ltr'><strong>potest,</strong></span> <span class='ocrx_word' id='word_1_143' title='bbox 1497 1247 1562 1287; x_wconf 80' lang='lat' dir='ltr'><strong>ex</strong></span> <span class='ocrx_word' id='word_1_144' title='bbox 1592 1233 1806 1287; x_wconf 90' lang='lat' dir='ltr'><strong>duobus</strong></span> <span class='ocrx_word' id='word_1_145' title='bbox 1833 1231 2030 1285; x_wconf 87' lang='lat' dir='ltr'><strong>indivi-</strong></span> 
     </span>
    </p>
   </div>
   <div class='ocr_carea' id='block_1_19' title="bbox 2147 1231 3765 1310">
    <p class='ocr_par' dir='ltr' id='par_1_19' title="bbox 2147 1234 3765 1310">
     <span class='ocr_line' id='line_1_19' title="bbox 2147 1234 3765 1310; baseline 0.003 -25"><span class='ocrx_word' id='word_1_146' title='bbox 2147 1235 2350 1287; x_wconf 76' lang='grc' dir='ltr'>ῑυνατὺν</span> <span class='ocrx_word' id='word_1_147' title='bbox 2377 1235 2443 1288; x_wconf 89' lang='grc' dir='ltr'><strong>ἐκ</strong></span> <span class='ocrx_word' id='word_1_148' title='bbox 2465 1234 2558 1290; x_wconf 89' lang='grc' dir='ltr'><strong>δύο</strong></span> <span class='ocrx_word' id='word_1_149' title='bbox 2583 1235 2807 1307; x_wconf 84' lang='grc' dir='ltr'><strong>ἀτόμων</strong></span> <span class='ocrx_word' id='word_1_150' title='bbox 2838 1236 2933 1290; x_wconf 78' lang='grc' dir='ltr'>καὶ</span> <span class='ocrx_word' id='word_1_151' title='bbox 2970 1238 3215 1310; x_wconf 80' lang='grc' dir='ltr'>μερικῶν</span> <span class='ocrx_word' id='word_1_152' title='bbox 3242 1238 3481 1304; x_wconf 85' lang='grc' dir='ltr'>γενικόν</span> <span class='ocrx_word' id='word_1_153' title='bbox 3520 1256 3580 1291; x_wconf 90' lang='grc' dir='ltr'><strong>τι</strong></span> <span class='ocrx_word' id='word_1_154' title='bbox 3615 1238 3765 1292; x_wconf 86' lang='grc' dir='ltr'>ἀπο-</span> 
     </span>
    </p>
   </div>
   <div class='ocr_carea' id='block_1_20' title="bbox 440 1323 2043 1401">
    <p class='ocr_par' dir='ltr' id='par_1_20' title="bbox 440 1323 2027 1396">
     <span class='ocr_line' id='line_1_20' title="bbox 440 1323 2027 1396; baseline -0.003 -14"><span class='ocrx_word' id='word_1_155' title='bbox 440 1327 586 1392; x_wconf 85' lang='lat' dir='ltr'><strong>duis,</strong></span> <span class='ocrx_word' id='word_1_156' title='bbox 629 1334 686 1382; x_wconf 81' lang='lat' dir='ltr'><strong>et</strong></span> <span class='ocrx_word' id='word_1_157' title='bbox 724 1327 1148 1396; x_wconf 76' lang='lat' dir='ltr'><strong>partirularibus</strong></span> <span class='ocrx_word' id='word_1_158' title='bbox 1188 1325 1498 1380; x_wconf 73' lang='lat' dir='ltr'><strong>universale</strong></span> <span class='ocrx_word' id='word_1_159' title='bbox 1529 1323 1750 1394; x_wconf 84' lang='lat' dir='ltr'><strong>aliquod</strong></span> <span class='ocrx_word' id='word_1_160' title='bbox 1787 1337 2027 1390; x_wconf 87' lang='lat' dir='ltr'><strong>unquam</strong></span> 
     </span>
    </p>
   </div>
   <div class='ocr_carea' id='block_1_21' title="bbox 2147 1323 3764 1401">
    <p class='ocr_par' dir='ltr' id='par_1_21' title="bbox 2147 1325 3764 1401">
     <span class='ocr_line' id='line_1_21' title="bbox 2147 1325 3764 1401; baseline 0.002 -22"><span class='ocrx_word' id='word_1_161' title='bbox 2147 1325 2397 1381; x_wconf 72' lang='grc' dir='ltr'>τελεῖσθαι</span> <span class='ocrx_word' id='word_1_162' title='bbox 2429 1345 2581 1396; x_wconf 83' lang='grc' dir='ltr'>ποτε,</span> <span class='ocrx_word' id='word_1_163' title='bbox 2611 1327 2704 1383; x_wconf 88' lang='grc' dir='ltr'><strong>δύο</strong></span> <span class='ocrx_word' id='word_1_164' title='bbox 2744 1327 2939 1396; x_wconf 87' lang='grc' dir='ltr'>φύσεις</span> <span class='ocrx_word' id='word_1_165' title='bbox 2971 1329 3115 1400; x_wconf 77' lang='grc' dir='ltr'>ἔχειν</span> <span class='ocrx_word' id='word_1_166' title='bbox 3143 1330 3234 1384; x_wconf 78' lang='grc' dir='ltr'><strong>τὸν</strong></span> <span class='ocrx_word' id='word_1_167' title='bbox 3259 1329 3511 1384; x_wconf 80' lang='grc' dir='ltr'>καθόλου</span> <span class='ocrx_word' id='word_1_168' title='bbox 3537 1329 3764 1401; x_wconf 80' lang='grc' dir='ltr'>ἀνθρω-</span> 
     </span>
    </p>
   </div>
   <div class='ocr_carea' id='block_1_22' title="bbox 441 1413 2043 1494">
    <p class='ocr_par' dir='ltr' id='par_1_22' title="bbox 441 1413 2028 1488">
     <span class='ocr_line' id='line_1_22' title="bbox 441 1413 2028 1488; baseline -0.003 -18"><span class='ocrx_word' id='word_1_169' title='bbox 441 1419 619 1488; x_wconf 76' lang='lat' dir='ltr'><strong>gigni:</strong></span> <span class='ocrx_word' id='word_1_170' title='bbox 641 1419 990 1473; x_wconf 89' lang='lat' dir='ltr'><strong>duashabere</strong></span> <span class='ocrx_word' id='word_1_171' title='bbox 1008 1427 1229 1470; x_wconf 87' lang='lat' dir='ltr'><strong>naturas</strong></span> <span class='ocrx_word' id='word_1_172' title='bbox 1261 1416 1534 1468; x_wconf 84' lang='lat' dir='ltr'><strong>hominem</strong></span> <span class='ocrx_word' id='word_1_173' title='bbox 1558 1413 1918 1467; x_wconf 86' lang='lat' dir='ltr'><strong>universaletn</strong></span> <span class='ocrx_word' id='word_1_174' title='bbox 1943 1413 2028 1467; x_wconf 89' lang='lat' dir='ltr'><strong>di-</strong></span> 
     </span>
    </p>
   </div>
   <div class='ocr_carea' id='block_1_23' title="bbox 2147 1413 3763 1494">
    <p class='ocr_par' dir='ltr' id='par_1_23' title="bbox 2147 1421 3763 1494">
     <span class='ocr_line' id='line_1_23' title="bbox 2147 1421 3763 1494; baseline 0.004 -26"><span class='ocrx_word' id='word_1_175' title='bbox 2147 1435 2231 1470; x_wconf 79' lang='lat' dir='ltr'><strong>rrov</strong></span> <span class='ocrx_word' id='word_1_176' title='bbox 2263 1421 2505 1488; x_wconf 77' lang='grc' dir='ltr'>φήσειεν.</span> <span class='ocrx_word' id='word_1_177' title='bbox 2553 1421 2723 1475; x_wconf 86' lang='grc' dir='ltr'>Ὅταν</span> <span class='ocrx_word' id='word_1_178' title='bbox 2758 1421 2814 1474; x_wconf 74' lang='grc' dir='ltr'>δὲ</span> <span class='ocrx_word' id='word_1_179' title='bbox 2855 1423 2936 1484; x_wconf 88' lang='grc' dir='ltr'>εἰς</span> <span class='ocrx_word' id='word_1_180' title='bbox 2985 1421 3158 1493; x_wconf 80' lang='grc' dir='ltr'>αὐτὴν</span> <span class='ocrx_word' id='word_1_181' title='bbox 3190 1423 3290 1492; x_wconf 87' lang='grc' dir='ltr'><strong>τὴν</strong></span> <span class='ocrx_word' id='word_1_182' title='bbox 3322 1422 3609 1494; x_wconf 79' lang='grc' dir='ltr'>ὁλότητα,</span> <span class='ocrx_word' id='word_1_183' title='bbox 3660 1424 3763 1490; x_wconf 81' lang='grc' dir='ltr'><strong>τὴν</strong></span> 
     </span>
    </p>
   </div>
   <div class='ocr_carea' id='block_1_24' title="bbox 440 1505 2043 1584">
    <p class='ocr_par' dir='ltr' id='par_1_24' title="bbox 440 1505 2031 1580">
     <span class='ocr_line' id='line_1_24' title="bbox 440 1505 2031 1580; baseline -0.002 -17"><span class='ocrx_word' id='word_1_184' title='bbox 440 1519 544 1570; x_wconf 85' lang='lat' dir='ltr'><strong>cet.</strong></span> <span class='ocrx_word' id='word_1_185' title='bbox 567 1527 688 1563; x_wconf 85' lang='lat' dir='ltr'><strong>cum</strong></span> <span class='ocrx_word' id='word_1_186' title='bbox 710 1519 896 1580; x_wconf 89' lang='lat' dir='ltr'><strong>postea</strong></span> <span class='ocrx_word' id='word_1_187' title='bbox 930 1511 982 1563; x_wconf 91' lang='lat' dir='ltr'><strong>in</strong></span> <span class='ocrx_word' id='word_1_188' title='bbox 1016 1513 1187 1578; x_wconf 88' lang='lat' dir='ltr'><strong>ipsam</strong></span> <span class='ocrx_word' id='word_1_189' title='bbox 1216 1509 1583 1576; x_wconf 79' lang='lat' dir='ltr'><strong>integritatem</strong></span> <span class='ocrx_word' id='word_1_190' title='bbox 1620 1521 1687 1562; x_wconf 79' lang='lat' dir='ltr'><strong>ex</strong></span> <span class='ocrx_word' id='word_1_191' title='bbox 1709 1505 1921 1560; x_wconf 89' lang='lat' dir='ltr'><strong>duabus</strong></span> <span class='ocrx_word' id='word_1_192' title='bbox 1945 1521 2031 1560; x_wconf 89' lang='lat' dir='ltr'><strong>es-</strong></span> 
     </span>
    </p>
   </div>
   <div class='ocr_carea' id='block_1_25' title="bbox 2147 1505 3763 1584">
    <p class='ocr_par' dir='ltr' id='par_1_25' title="bbox 2147 1509 3763 1584">
     <span class='ocr_line' id='line_1_25' title="bbox 2147 1509 3763 1584; baseline 0.003 -23"><span class='ocrx_word' id='word_1_193' title='bbox 2147 1527 2196 1561; x_wconf 69' lang='grc' dir='ltr'><strong>ικ</strong></span> <span class='ocrx_word' id='word_1_194' title='bbox 2225 1509 2318 1564; x_wconf 83' lang='grc' dir='ltr'><strong>δύο</strong></span> <span class='ocrx_word' id='word_1_195' title='bbox 2363 1511 2563 1564; x_wconf 80' lang='grc' dir='ltr'><strong>οὐσιῶν</strong></span> <span class='ocrx_word' id='word_1_196' title='bbox 2605 1512 2839 1565; x_wconf 81' lang='grc' dir='ltr'><strong>καθόλου</strong></span> <span class='ocrx_word' id='word_1_197' title='bbox 2881 1513 3486 1583; x_wconf 80' lang='grc' dir='ltr'>παραλαμῦανόμενον,</span> <span class='ocrx_word' id='word_1_198' title='bbox 3543 1515 3634 1577; x_wconf 82' lang='grc' dir='ltr'>εἰς</span> <span class='ocrx_word' id='word_1_199' title='bbox 3660 1514 3763 1584; x_wconf 80' lang='grc' dir='ltr'>τὴν</span> 
     </span>
    </p>
   </div>
   <div class='ocr_carea' id='block_1_26' title="bbox 439 1597 2043 1674">
    <p class='ocr_par' dir='ltr' id='par_1_26' title="bbox 439 1597 2030 1668">
     <span class='ocr_line' id='line_1_26' title="bbox 439 1597 2030 1668; baseline -0.003 -12"><span class='ocrx_word' id='word_1_200' title='bbox 439 1603 696 1657; x_wconf 87' lang='lat' dir='ltr'><strong>sentiisin</strong></span> <span class='ocrx_word' id='word_1_201' title='bbox 719 1603 1008 1657; x_wconf 86' lang='lat' dir='ltr'><strong>universali</strong></span> <span class='ocrx_word' id='word_1_202' title='bbox 1029 1603 1270 1656; x_wconf 89' lang='lat' dir='ltr'><strong>animum</strong></span> <span class='ocrx_word' id='word_1_203' title='bbox 1307 1600 1620 1665; x_wconf 86' lang='lat' dir='ltr'><strong>intenderit,</strong></span> <span class='ocrx_word' id='word_1_204' title='bbox 1655 1614 1823 1652; x_wconf 89' lang='lat' dir='ltr'><strong>unum</strong></span> <span class='ocrx_word' id='word_1_205' title='bbox 1850 1597 2030 1668; x_wconf 89' lang='lat' dir='ltr'><strong>quod-</strong></span> 
     </span>
    </p>
   </div>
   <div class='ocr_carea' id='block_1_27' title="bbox 2147 1597 3761 1674">
    <p class='ocr_par' dir='ltr' id='par_1_27' title="bbox 2147 1599 3761 1674">
     <span class='ocr_line' id='line_1_27' title="bbox 2147 1599 3761 1674; baseline 0.002 -21"><span class='ocrx_word' id='word_1_206' title='bbox 2147 1599 2321 1654; x_wconf 75' lang='grc' dir='ltr'>ιούτου</span> <span class='ocrx_word' id='word_1_207' title='bbox 2386 1603 2786 1674; x_wconf 83' lang='grc' dir='ltr'><strong>συμπλήρωσιν</strong></span> <span class='ocrx_word' id='word_1_208' title='bbox 2837 1603 2896 1656; x_wconf 77' lang='grc' dir='ltr'><strong>ἐν</strong></span> <span class='ocrx_word' id='word_1_209' title='bbox 2932 1622 2982 1656; x_wconf 89' lang='grc' dir='ltr'><strong>τι</strong></span> <span class='ocrx_word' id='word_1_210' title='bbox 3031 1603 3248 1672; x_wconf 77' lang='grc' dir='ltr'>γενικδν</span> <span class='ocrx_word' id='word_1_211' title='bbox 3289 1603 3761 1671; x_wconf 80' lang='grc' dir='ltr'><strong>ἀποτελούμενον</strong></span> 
     </span>
    </p>
   </div>
   <div class='ocr_carea' id='block_1_28' title="bbox 439 1689 2043 1766">
    <p class='ocr_par' dir='ltr' id='par_1_28' title="bbox 439 1689 2029 1763">
     <span class='ocr_line' id='line_1_28' title="bbox 439 1689 2029 1763; baseline -0.003 -17"><span class='ocrx_word' id='word_1_212' title='bbox 439 1695 562 1747; x_wconf 87' lang='lat' dir='ltr'><strong>dam</strong></span> <span class='ocrx_word' id='word_1_213' title='bbox 595 1694 910 1763; x_wconf 81' lang='lat' dir='ltr'><strong>genericum</strong></span> <span class='ocrx_word' id='word_1_214' title='bbox 949 1695 1224 1748; x_wconf 90' lang='lat' dir='ltr'><strong>hominem</strong></span> <span class='ocrx_word' id='word_1_215' title='bbox 1269 1693 1384 1747; x_wconf 83' lang='lat' dir='ltr'><strong>ﬁeri</strong></span> <span class='ocrx_word' id='word_1_216' title='bbox 1426 1692 1852 1761; x_wconf 84' lang='lat' dir='ltr'><strong>contemplatus,</strong></span> <span class='ocrx_word' id='word_1_217' title='bbox 1883 1689 2029 1760; x_wconf 88' lang='lat' dir='ltr'><strong>quod</strong></span> 
     </span>
    </p>
   </div>
   <div class='ocr_carea' id='block_1_29' title="bbox 2147 1689 3761 1766">
    <p class='ocr_par' dir='ltr' id='par_1_29' title="bbox 2147 1692 3761 1766">
     <span class='ocr_line' id='line_1_29' title="bbox 2147 1692 3761 1766; baseline 0.002 -21"><span class='ocrx_word' id='word_1_218' title='bbox 2147 1693 2224 1745; x_wconf 71' lang='grc' dir='ltr'>τὸν</span> <span class='ocrx_word' id='word_1_219' title='bbox 2280 1693 2566 1765; x_wconf 82' lang='grc' dir='ltr'>ἄνθρωπον</span> <span class='ocrx_word' id='word_1_220' title='bbox 2617 1694 2925 1766; x_wconf 82' lang='grc' dir='ltr'>ἀναθεωρῇ,</span> <span class='ocrx_word' id='word_1_221' title='bbox 2979 1695 3070 1749; x_wconf 90' lang='grc' dir='ltr'><strong>διά</strong></span> <span class='ocrx_word' id='word_1_222' title='bbox 3116 1695 3180 1749; x_wconf 80' lang='grc' dir='ltr'><strong>τὸ</strong></span> <span class='ocrx_word' id='word_1_223' title='bbox 3242 1695 3424 1750; x_wconf 71' lang='grc' dir='ltr'>πολλὰ</span> <span class='ocrx_word' id='word_1_224' title='bbox 3477 1692 3632 1748; x_wconf 80' lang='grc' dir='ltr'>εἶναι</span> <span class='ocrx_word' id='word_1_225' title='bbox 3667 1696 3761 1748; x_wconf 85' lang='grc' dir='ltr'><strong>ὑπ’</strong></span> 
     </span>
    </p>
   </div>
   <div class='ocr_carea' id='block_1_30' title="bbox 437 1783 2043 1859">
    <p class='ocr_par' dir='ltr' id='par_1_30' title="bbox 437 1783 2026 1850">
     <span class='ocr_line' id='line_1_30' title="bbox 437 1783 2026 1850; baseline -0.003 -9"><span class='ocrx_word' id='word_1_226' title='bbox 437 1787 610 1841; x_wconf 86' lang='lat' dir='ltr'><strong>multa</strong></span> <span class='ocrx_word' id='word_1_227' title='bbox 665 1787 740 1840; x_wconf 94' lang='lat' dir='ltr'><strong>illi</strong></span> <span class='ocrx_word' id='word_1_228' title='bbox 787 1787 1005 1842; x_wconf 87' lang='lat' dir='ltr'><strong>subsint</strong></span> <span class='ocrx_word' id='word_1_229' title='bbox 1050 1785 1354 1850; x_wconf 87' lang='lat' dir='ltr'><strong>individua,</strong></span> <span class='ocrx_word' id='word_1_230' title='bbox 1403 1786 1470 1838; x_wconf 92' lang='lat' dir='ltr'><strong>in-</strong></span> <span class='ocrx_word' id='word_1_231' title='bbox 1513 1784 1685 1838; x_wconf 92' lang='lat' dir='ltr'><strong>nihilo</strong></span> <span class='ocrx_word' id='word_1_232' title='bbox 1723 1783 2026 1838; x_wconf 87' lang='lat' dir='ltr'><strong>secundum</strong></span> 
     </span>
    </p>
   </div>
   <div class='ocr_carea' id='block_1_31' title="bbox 2147 1783 3759 1859">
    <p class='ocr_par' dir='ltr' id='par_1_31' title="bbox 2147 1785 3759 1859">
     <span class='ocr_line' id='line_1_31' title="bbox 2147 1785 3759 1859; baseline 0.003 -21"><span class='ocrx_word' id='word_1_233' title='bbox 2147 1785 2298 1840; x_wconf 84' lang='grc' dir='ltr'>ιύτοῦ</span> <span class='ocrx_word' id='word_1_234' title='bbox 2355 1787 2555 1857; x_wconf 80' lang='grc' dir='ltr'><strong>ἄτομα,</strong></span> <span class='ocrx_word' id='word_1_235' title='bbox 2601 1788 2702 1859; x_wconf 81' lang='grc' dir='ltr'>τὴν</span> <span class='ocrx_word' id='word_1_236' title='bbox 2756 1789 3170 1858; x_wconf 73' lang='grc' dir='ltr'>ἀπαραλλαξίαν</span> <span class='ocrx_word' id='word_1_237' title='bbox 3239 1788 3389 1844; x_wconf 77' lang='grc' dir='ltr'>κατὰ</span> <span class='ocrx_word' id='word_1_238' title='bbox 3465 1789 3538 1842; x_wconf 83' lang='grc' dir='ltr'>τὸ</span> <span class='ocrx_word' id='word_1_239' title='bbox 3614 1786 3759 1852; x_wconf 80' lang='grc' dir='ltr'>εἶδος</span> 
     </span>
    </p>
   </div>
   <div class='ocr_carea' id='block_1_32' title="bbox 437 1845 2043 1952">
    <p class='ocr_par' dir='ltr' id='par_1_32' title="bbox 437 1876 2031 1950">
     <span class='ocr_line' id='line_1_32' title="bbox 437 1876 2031 1950; baseline -0.003 -16"><span class='ocrx_word' id='word_1_240' title='bbox 437 1880 675 1948; x_wconf 90' lang='lat' dir='ltr'><strong>speciem</strong></span> <span class='ocrx_word' id='word_1_241' title='bbox 709 1879 1040 1946; x_wconf 68' lang='lat' dir='ltr'><strong>diﬂ‘erentia,</strong></span> <span class='ocrx_word' id='word_1_242' title='bbox 1065 1890 1119 1934; x_wconf 94' lang='lat' dir='ltr'><strong>et</strong></span> <span class='ocrx_word' id='word_1_243' title='bbox 1142 1895 1296 1950; x_wconf 58' lang='lat' dir='ltr'><strong>aeque</strong></span> <span class='ocrx_word' id='word_1_244' title='bbox 1337 1879 1604 1932; x_wconf 82' lang='lat' dir='ltr'><strong>rationem</strong></span> <span class='ocrx_word' id='word_1_245' title='bbox 1632 1877 1777 1931; x_wconf 91' lang='lat' dir='ltr'><strong>illius</strong></span> <span class='ocrx_word' id='word_1_246' title='bbox 1808 1876 2031 1945; x_wconf 88' lang='lat' dir='ltr'><strong>partici-</strong></span> 
     </span>
    </p>
   </div>
   <div class='ocr_carea' id='block_1_33' title="bbox 2147 1845 3760 1952">
    <p class='ocr_par' dir='ltr' id='par_1_33' title="bbox 2147 1877 3760 1952">
     <span class='ocr_line' id='line_1_33' title="bbox 2147 1877 3760 1952; baseline 0.002 -21"><span class='ocrx_word' id='word_1_247' title='bbox 2147 1877 2349 1948; x_wconf 68' lang='grc' dir='ltr'>ἔχοντα,</span> <span class='ocrx_word' id='word_1_248' title='bbox 2373 1881 2466 1934; x_wconf 76' lang='grc' dir='ltr'><strong>καὶ</strong></span> <span class='ocrx_word' id='word_1_249' title='bbox 2491 1881 2583 1934; x_wconf 83' lang='grc' dir='ltr'><strong>τὸν</strong></span> <span class='ocrx_word' id='word_1_250' title='bbox 2611 1881 2778 1935; x_wconf 76' lang='grc' dir='ltr'>αὑτοῦ</span> <span class='ocrx_word' id='word_1_251' title='bbox 2811 1883 2968 1952; x_wconf 84' lang='grc' dir='ltr'>λόγον</span> <span class='ocrx_word' id='word_1_252' title='bbox 3007 1883 3204 1952; x_wconf 80' lang='grc' dir='ltr'>ἐπίσης</span> <span class='ocrx_word' id='word_1_253' title='bbox 3240 1883 3583 1952; x_wconf 77' lang='grc' dir='ltr'><strong>μετέχοντα,</strong></span> <span class='ocrx_word' id='word_1_254' title='bbox 3610 1883 3760 1935; x_wconf 84' lang='grc' dir='ltr'>εἰκό-</span> 
     </span>
    </p>
   </div>
   <div class='ocr_carea' id='block_1_34' title="bbox 437 1970 2043 2046">
    <p class='ocr_par' dir='ltr' id='par_1_34' title="bbox 437 1970 2028 2042">
     <span class='ocr_line' id='line_1_34' title="bbox 437 1970 2028 2042; baseline -0.001 -18"><span class='ocrx_word' id='word_1_255' title='bbox 437 1973 646 2042; x_wconf 90' lang='lat' dir='ltr'><strong>pantia,</strong></span> <span class='ocrx_word' id='word_1_256' title='bbox 673 1973 840 2041; x_wconf 88' lang='lat' dir='ltr'><strong>probe</strong></span> <span class='ocrx_word' id='word_1_257' title='bbox 861 1972 1157 2028; x_wconf 88' lang='lat' dir='ltr'><strong>essentiam</strong></span> <span class='ocrx_word' id='word_1_258' title='bbox 1201 1982 1255 2027; x_wconf 84' lang='lat' dir='ltr'><strong>et</strong></span> <span class='ocrx_word' id='word_1_259' title='bbox 1284 1981 1535 2026; x_wconf 87' lang='lat' dir='ltr'><strong>naturam</strong></span> <span class='ocrx_word' id='word_1_260' title='bbox 1559 1986 1721 2024; x_wconf 88' lang='lat' dir='ltr'><strong>unam</strong></span> <span class='ocrx_word' id='word_1_261' title='bbox 1745 1970 2028 2025; x_wconf 89' lang='lat' dir='ltr'><strong>hominem</strong></span> 
     </span>
    </p>
   </div>
   <div class='ocr_carea' id='block_1_35' title="bbox 2147 1970 3759 2046">
    <p class='ocr_par' dir='ltr' id='par_1_35' title="bbox 2147 1973 3759 2046">
     <span class='ocr_line' id='line_1_35' title="bbox 2147 1973 3759 2046; baseline 0.001 -20"><span class='ocrx_word' id='word_1_262' title='bbox 2147 1991 2243 2036; x_wconf 76' lang='grc' dir='ltr'><strong>τως</strong></span> <span class='ocrx_word' id='word_1_263' title='bbox 2268 1973 2456 2028; x_wconf 77' lang='grc' dir='ltr'>οὐσίαν</span> <span class='ocrx_word' id='word_1_264' title='bbox 2491 1975 2588 2029; x_wconf 71' lang='grc' dir='ltr'><strong>καὶ</strong></span> <span class='ocrx_word' id='word_1_265' title='bbox 2637 1974 2801 2045; x_wconf 86' lang='grc' dir='ltr'>φύσιν</span> <span class='ocrx_word' id='word_1_266' title='bbox 2848 1976 2983 2046; x_wconf 90' lang='grc' dir='ltr'>μίαν</span> <span class='ocrx_word' id='word_1_267' title='bbox 3040 1975 3135 2029; x_wconf 78' lang='grc' dir='ltr'><strong>τὸν</strong></span> <span class='ocrx_word' id='word_1_268' title='bbox 3177 1975 3420 2028; x_wconf 81' lang='grc' dir='ltr'>καθόλου</span> <span class='ocrx_word' id='word_1_269' title='bbox 3455 1975 3759 2045; x_wconf 80' lang='grc' dir='ltr'>ἄνθρωπον</span> 
     </span>
    </p>
   </div>
   <div class='ocr_carea' id='block_1_36' title="bbox 441 2065 2035 2135">
    <p class='ocr_par' dir='ltr' id='par_1_36' title="bbox 441 2065 2035 2135">
     <span class='ocr_line' id='line_1_36' title="bbox 441 2065 2035 2135; baseline -0.003 -13"><span class='ocrx_word' id='word_1_270' title='bbox 441 2067 807 2124; x_wconf 90' lang='lat' dir='ltr'><strong>universalem</strong></span> <span class='ocrx_word' id='word_1_271' title='bbox 832 2067 1112 2133; x_wconf 82' lang='lat' dir='ltr'><strong>fatebitur,</strong></span> <span class='ocrx_word' id='word_1_272' title='bbox 1137 2079 1190 2123; x_wconf 91' lang='lat' dir='ltr'><strong>et</strong></span> <span class='ocrx_word' id='word_1_273' title='bbox 1209 2085 1332 2123; x_wconf 90' lang='lat' dir='ltr'><strong>cum</strong></span> <span class='ocrx_word' id='word_1_274' title='bbox 1359 2069 1412 2122; x_wconf 90' lang='lat' dir='ltr'><strong>in</strong></span> <span class='ocrx_word' id='word_1_275' title='bbox 1433 2067 1660 2122; x_wconf 87' lang='lat' dir='ltr'><strong>alterius</strong></span> <span class='ocrx_word' id='word_1_276' title='bbox 1680 2065 2035 2135; x_wconf 73' lang='lat' dir='ltr'><strong>compositio-</strong></span> 
     </span>
    </p>
   </div>
   <div class='ocr_carea' id='block_1_37' title="bbox 441 2158 2036 2222">
    <p class='ocr_par' dir='ltr' id='par_1_37' title="bbox 441 2158 2036 2222">
     <span class='ocr_line' id='line_1_37' title="bbox 441 2158 2036 2222; baseline -0.002 -12"><span class='ocrx_word' id='word_1_277' title='bbox 441 2173 567 2211; x_wconf 87' lang='lat' dir='ltr'><strong>nem</strong></span> <span class='ocrx_word' id='word_1_278' title='bbox 609 2158 932 2222; x_wconf 83' lang='lat' dir='ltr'><strong>assumitur,</strong></span> <span class='ocrx_word' id='word_1_279' title='bbox 966 2159 1130 2212; x_wconf 90' lang='lat' dir='ltr'><strong>veluti</strong></span> <span class='ocrx_word' id='word_1_280' title='bbox 1168 2174 1362 2222; x_wconf 89' lang='lat' dir='ltr'><strong>unum,</strong></span> <span class='ocrx_word' id='word_1_281' title='bbox 1395 2167 1448 2212; x_wconf 92' lang='lat' dir='ltr'><strong>et</strong></span> <span class='ocrx_word' id='word_1_282' title='bbox 1481 2173 1644 2211; x_wconf 90' lang='lat' dir='ltr'><strong>unam</strong></span> <span class='ocrx_word' id='word_1_283' title='bbox 1683 2167 1958 2218; x_wconf 86' lang='lat' dir='ltr'><strong>naturam,</strong></span> <span class='ocrx_word' id='word_1_284' title='bbox 1981 2163 2036 2208; x_wconf 84' lang='lat' dir='ltr'><strong>et</strong></span> 
     </span>
    </p>
   </div>
   <div class='ocr_carea' id='block_1_38' title="bbox 440 2247 2034 2322">
    <p class='ocr_par' dir='ltr' id='par_1_38' title="bbox 440 2247 2034 2322">
     <span class='ocr_line' id='line_1_38' title="bbox 440 2247 2034 2322; baseline -0.001 -19"><span class='ocrx_word' id='word_1_285' title='bbox 440 2251 737 2306; x_wconf 85' lang='lat' dir='ltr'><strong>essentiam</strong></span> <span class='ocrx_word' id='word_1_286' title='bbox 774 2251 1024 2322; x_wconf 86' lang='lat' dir='ltr'><strong>accipiet.</strong></span> <span class='ocrx_word' id='word_1_287' title='bbox 1069 2251 1240 2322; x_wconf 73' lang='lat' dir='ltr'><strong>Igitur</strong></span> <span class='ocrx_word' id='word_1_288' title='bbox 1263 2252 1631 2321; x_wconf 84' lang='lat' dir='ltr'><strong>sempiternus</strong></span> <span class='ocrx_word' id='word_1_289' title='bbox 1685 2249 1877 2313; x_wconf 85' lang='lat' dir='ltr'><strong>Filius,</strong></span> <span class='ocrx_word' id='word_1_290' title='bbox 1929 2247 2034 2302; x_wconf 81' lang='lat' dir='ltr'><strong>Do-</strong></span> 
     </span>
    </p>
   </div>
   <div class='ocr_carea' id='block_1_39' title="bbox 443 2341 2036 2408">
    <p class='ocr_par' dir='ltr' id='par_1_39' title="bbox 443 2341 2036 2408">
     <span class='ocr_line' id='line_1_39' title="bbox 443 2341 2036 2408; baseline -0.001 -14"><span class='ocrx_word' id='word_1_291' title='bbox 443 2341 628 2396; x_wconf 78' lang='lat' dir='ltr'><strong>minus</strong></span> <span class='ocrx_word' id='word_1_292' title='bbox 663 2351 718 2396; x_wconf 89' lang='lat' dir='ltr'><strong>et</strong></span> <span class='ocrx_word' id='word_1_293' title='bbox 749 2341 891 2398; x_wconf 88' lang='lat' dir='ltr'><strong>Deus</strong></span> <span class='ocrx_word' id='word_1_294' title='bbox 917 2349 1106 2398; x_wconf 88' lang='lat' dir='ltr'><strong>noster</strong></span> <span class='ocrx_word' id='word_1_295' title='bbox 1127 2343 1296 2398; x_wconf 90' lang='lat' dir='ltr'><strong>homo</strong></span> <span class='ocrx_word' id='word_1_296' title='bbox 1321 2343 1520 2408; x_wconf 79' lang='lat' dir='ltr'><strong>factus,</strong></span> <span class='ocrx_word' id='word_1_297' title='bbox 1547 2343 1728 2397; x_wconf 89' lang='lat' dir='ltr'><strong>nonin</strong></span> <span class='ocrx_word' id='word_1_298' title='bbox 1754 2341 2036 2395; x_wconf 85' lang='lat' dir='ltr'><strong>individuo</strong></span> 
     </span>
    </p>
   </div>
   <div class='ocr_carea' id='block_1_40' title="bbox 441 2431 2035 2504">
    <p class='ocr_par' dir='ltr' id='par_1_40' title="bbox 441 2431 2035 2504">
     <span class='ocr_line' id='line_1_40' title="bbox 441 2431 2035 2504; baseline 0 -19"><span class='ocrx_word' id='word_1_299' title='bbox 441 2431 719 2487; x_wconf 89' lang='lat' dir='ltr'><strong>hominem</strong></span> <span class='ocrx_word' id='word_1_300' title='bbox 751 2433 1119 2504; x_wconf 86' lang='lat' dir='ltr'><strong>assumpsisse</strong></span> <span class='ocrx_word' id='word_1_301' title='bbox 1151 2435 1372 2498; x_wconf 89' lang='lat' dir='ltr'><strong>dicitur,</strong></span> <span class='ocrx_word' id='word_1_302' title='bbox 1410 2451 1477 2489; x_wconf 91' lang='lat' dir='ltr'><strong>ne</strong></span> <span class='ocrx_word' id='word_1_303' title='bbox 1507 2433 1824 2488; x_wconf 72' lang='lat' dir='ltr'><strong>Nestoriava</strong></span> <span class='ocrx_word' id='word_1_304' title='bbox 1858 2431 2035 2487; x_wconf 87' lang='lat' dir='ltr'><strong>rabies</strong></span> 
     </span>
    </p>
   </div>
   <div class='ocr_carea' id='block_1_41' title="bbox 442 2522 2035 2596">
    <p class='ocr_par' dir='ltr' id='par_1_41' title="bbox 442 2522 2035 2596">
     <span class='ocr_line' id='line_1_41' title="bbox 442 2522 2035 2596; baseline 0 -20"><span class='ocrx_word' id='word_1_305' title='bbox 442 2522 680 2592; x_wconf 87' lang='lat' dir='ltr'><strong>irrepat,</strong></span> <span class='ocrx_word' id='word_1_306' title='bbox 716 2525 811 2581; x_wconf 87' lang='lat' dir='ltr'><strong>sed</strong></span> <span class='ocrx_word' id='word_1_307' title='bbox 853 2525 1240 2592; x_wconf 89' lang='lat' dir='ltr'><strong>universalem,</strong></span> <span class='ocrx_word' id='word_1_308' title='bbox 1273 2541 1436 2596; x_wconf 88' lang='lat' dir='ltr'><strong>quem</strong></span> <span class='ocrx_word' id='word_1_309' title='bbox 1496 2525 1714 2596; x_wconf 87' lang='lat' dir='ltr'><strong>propria</strong></span> <span class='ocrx_word' id='word_1_310' title='bbox 1755 2522 2035 2596; x_wconf 86' lang='lat' dir='ltr'><strong>hypostasi</strong></span> 
     </span>
    </p>
   </div>
   <div class='ocr_carea' id='block_1_42' title="bbox 441 2613 2038 2683">
    <p class='ocr_par' dir='ltr' id='par_1_42' title="bbox 441 2613 2038 2683">
     <span class='ocr_line' id='line_1_42' title="bbox 441 2613 2038 2683; baseline 0.001 -15"><span class='ocrx_word' id='word_1_311' title='bbox 441 2613 836 2683; x_wconf 82' lang='lat' dir='ltr'><strong>individuavit;</strong></span> <span class='ocrx_word' id='word_1_312' title='bbox 862 2626 1143 2672; x_wconf 89' lang='lat' dir='ltr'><strong>ostensum</strong></span> <span class='ocrx_word' id='word_1_313' title='bbox 1181 2626 1363 2672; x_wconf 83' lang='lat' dir='ltr'><strong>autem</strong></span> <span class='ocrx_word' id='word_1_314' title='bbox 1397 2627 1479 2672; x_wconf 83' lang='lat' dir='ltr'><strong>est</strong></span> <span class='ocrx_word' id='word_1_315' title='bbox 1514 2618 1658 2671; x_wconf 83' lang='lat' dir='ltr'><strong>hunc</strong></span> <span class='ocrx_word' id='word_1_316' title='bbox 1696 2619 1861 2671; x_wconf 88' lang='lat' dir='ltr'><strong>unius</strong></span> <span class='ocrx_word' id='word_1_317' title='bbox 1915 2631 2038 2670; x_wconf 83' lang='lat' dir='ltr'><strong>esse</strong></span> 
     </span>
    </p>
   </div>
   <div class='ocr_carea' id='block_1_43' title="bbox 442 2709 2034 2783">
    <p class='ocr_par' dir='ltr' id='par_1_43' title="bbox 442 2709 2034 2783">
     <span class='ocr_line' id='line_1_43' title="bbox 442 2709 2034 2783; baseline 0.002 -22"><span class='ocrx_word' id='word_1_318' title='bbox 442 2717 675 2772; x_wconf 79' lang='lat' dir='ltr'><strong>naturae,</strong></span> <span class='ocrx_word' id='word_1_319' title='bbox 697 2709 742 2764; x_wconf 91' lang='lat' dir='ltr'><strong>si</strong></span> <span class='ocrx_word' id='word_1_320' title='bbox 766 2713 832 2763; x_wconf 91' lang='lat' dir='ltr'><strong>ad</strong></span> <span class='ocrx_word' id='word_1_321' title='bbox 859 2711 1226 2783; x_wconf 84' lang='lat' dir='ltr'><strong>integritatem</strong></span> <span class='ocrx_word' id='word_1_322' title='bbox 1260 2712 1662 2766; x_wconf 89' lang='lat' dir='ltr'><strong>consideretur.</strong></span> <span class='ocrx_word' id='word_1_323' title='bbox 1689 2711 2034 2765; x_wconf 83' lang='lat' dir='ltr'><strong>Manifestum</strong></span> 
     </span>
    </p>
   </div>
   <div class='ocr_carea' id='block_1_44' title="bbox 443 2799 2039 2868">
    <p class='ocr_par' dir='ltr' id='par_1_44' title="bbox 443 2799 2039 2868">
     <span class='ocr_line' id='line_1_44' title="bbox 443 2799 2039 2868; baseline 0.003 -16"><span class='ocrx_word' id='word_1_324' title='bbox 443 2799 632 2868; x_wconf 86' lang='lat' dir='ltr'><strong>itaque</strong></span> <span class='ocrx_word' id='word_1_325' title='bbox 654 2811 740 2854; x_wconf 88' lang='lat' dir='ltr'><strong>est</strong></span> <span class='ocrx_word' id='word_1_326' title='bbox 786 2801 1066 2856; x_wconf 85' lang='lat' dir='ltr'><strong>Christum</strong></span> <span class='ocrx_word' id='word_1_327' title='bbox 1107 2819 1171 2857; x_wconf 80' lang='lat' dir='ltr'><strong>ex</strong></span> <span class='ocrx_word' id='word_1_328' title='bbox 1213 2803 1430 2858; x_wconf 87' lang='lat' dir='ltr'><strong>duabus</strong></span> <span class='ocrx_word' id='word_1_329' title='bbox 1469 2805 1702 2868; x_wconf 88' lang='lat' dir='ltr'><strong>naturis,</strong></span> <span class='ocrx_word' id='word_1_330' title='bbox 1732 2817 1784 2858; x_wconf 91' lang='lat' dir='ltr'><strong>et</strong></span> <span class='ocrx_word' id='word_1_331' title='bbox 1818 2804 1870 2857; x_wconf 85' lang='lat' dir='ltr'><strong>in</strong></span> <span class='ocrx_word' id='word_1_332' title='bbox 1899 2802 2039 2857; x_wconf 88' lang='lat' dir='ltr'><strong>dua-</strong></span> 
     </span>
    </p>
   </div>
   <div class='ocr_carea' id='block_1_45' title="bbox 444 2889 2040 2966">
    <p class='ocr_par' dir='ltr' id='par_1_45' title="bbox 444 2889 2040 2966">
     <span class='ocr_line' id='line_1_45' title="bbox 444 2889 2040 2966; baseline 0.003 -22"><span class='ocrx_word' id='word_1_333' title='bbox 444 2889 550 2944; x_wconf 87' lang='lat' dir='ltr'><strong>bus</strong></span> <span class='ocrx_word' id='word_1_334' title='bbox 584 2892 816 2958; x_wconf 83' lang='lat' dir='ltr'><strong>naturis,</strong></span> <span class='ocrx_word' id='word_1_335' title='bbox 855 2903 909 2948; x_wconf 91' lang='lat' dir='ltr'><strong>et</strong></span> <span class='ocrx_word' id='word_1_336' title='bbox 945 2895 1083 2950; x_wconf 86' lang='lat' dir='ltr'><strong>duas</strong></span> <span class='ocrx_word' id='word_1_337' title='bbox 1118 2908 1346 2950; x_wconf 85' lang='lat' dir='ltr'><strong>naturas</strong></span> <span class='ocrx_word' id='word_1_338' title='bbox 1380 2896 1580 2952; x_wconf 90' lang='lat' dir='ltr'><strong>habere</strong></span> <span class='ocrx_word' id='word_1_339' title='bbox 1613 2913 1708 2966; x_wconf 89' lang='lat' dir='ltr'><strong>per</strong></span> <span class='ocrx_word' id='word_1_340' title='bbox 1740 2912 1840 2951; x_wconf 88' lang='lat' dir='ltr'><strong>nos</strong></span> <span class='ocrx_word' id='word_1_341' title='bbox 1876 2893 2040 2950; x_wconf 90' lang='lat' dir='ltr'><strong>meri-</strong></span> 
     </span>
    </p>
   </div>
   <div class='ocr_carea' id='block_1_46' title="bbox 445 2983 2040 3058">
    <p class='ocr_par' dir='ltr' id='par_1_46' title="bbox 445 2983 2040 3058">
     <span class='ocr_line' id='line_1_46' title="bbox 445 2983 2040 3058; baseline 0.003 -22"><span class='ocrx_word' id='word_1_342' title='bbox 445 2990 504 3037; x_wconf 85' lang='lat' dir='ltr'><strong>to</strong></span> <span class='ocrx_word' id='word_1_343' title='bbox 529 2983 762 3054; x_wconf 85' lang='lat' dir='ltr'><strong>jurequc</strong></span> <span class='ocrx_word' id='word_1_344' title='bbox 814 2985 1123 3055; x_wconf 69' lang='lat' dir='ltr'><strong>prazdicari,</strong></span> <span class='ocrx_word' id='word_1_345' title='bbox 1159 3004 1336 3058; x_wconf 86' lang='lat' dir='ltr'><strong>neque</strong></span> <span class='ocrx_word' id='word_1_346' title='bbox 1375 2990 1640 3057; x_wconf 88' lang='lat' dir='ltr'><strong>ineptum,</strong></span> <span class='ocrx_word' id='word_1_347' title='bbox 1665 2998 1758 3042; x_wconf 89' lang='lat' dir='ltr'><strong>aut</strong></span> <span class='ocrx_word' id='word_1_348' title='bbox 1789 2986 2040 3057; x_wconf 85' lang='lat' dir='ltr'><strong>blasphe-</strong></span> 
     </span>
    </p>
   </div>
   <div class='ocr_carea' id='block_1_47' title="bbox 444 3078 2039 3148">
    <p class='ocr_par' dir='ltr' id='par_1_47' title="bbox 444 3078 2039 3148">
     <span class='ocr_line' id='line_1_47' title="bbox 444 3078 2039 3148; baseline 0.004 -20"><span class='ocrx_word' id='word_1_349' title='bbox 444 3091 597 3130; x_wconf 88' lang='lat' dir='ltr'><strong>mum</strong></span> <span class='ocrx_word' id='word_1_350' title='bbox 635 3078 922 3148; x_wconf 85' lang='lat' dir='ltr'><strong>consequi,</strong></span> <span class='ocrx_word' id='word_1_351' title='bbox 953 3079 1080 3134; x_wconf 79' lang='lat' dir='ltr'><strong>licet</strong></span> <span class='ocrx_word' id='word_1_352' title='bbox 1110 3080 1390 3134; x_wconf 88' lang='lat' dir='ltr'><strong>hominem</strong></span> <span class='ocrx_word' id='word_1_353' title='bbox 1425 3082 1559 3135; x_wconf 91' lang='lat' dir='ltr'><strong>duas</strong></span> <span class='ocrx_word' id='word_1_354' title='bbox 1589 3079 1789 3134; x_wconf 88' lang='lat' dir='ltr'><strong>habere</strong></span> <span class='ocrx_word' id='word_1_355' title='bbox 1814 3091 2039 3134; x_wconf 91' lang='lat' dir='ltr'><strong>naturas</strong></span> 
     </span>
    </p>
   </div>
   <div class='ocr_carea' id='block_1_48' title="bbox 2134 2066 3758 2138">
    <p class='ocr_par' dir='ltr' id='par_1_48' title="bbox 2134 2066 3758 2138">
     <span class='ocr_line' id='line_1_48' title="bbox 2134 2066 3758 2138; baseline 0.002 -20"><span class='ocrx_word' id='word_1_356' title='bbox 2134 2066 2508 2137; x_wconf 78' lang='grc' dir='ltr'>ὁμολογήσειε.</span> <span class='ocrx_word' id='word_1_357' title='bbox 2543 2069 2653 2121; x_wconf 74' lang='grc' dir='ltr'>Καὶ</span> <span class='ocrx_word' id='word_1_358' title='bbox 2693 2067 2855 2138; x_wconf 76' lang='grc' dir='ltr'>ἡνίκα</span> <span class='ocrx_word' id='word_1_359' title='bbox 2903 2069 2971 2122; x_wconf 85' lang='grc' dir='ltr'><strong>ἂν</strong></span> <span class='ocrx_word' id='word_1_360' title='bbox 3005 2068 3086 2130; x_wconf 85' lang='grc' dir='ltr'><strong>είς</strong></span> <span class='ocrx_word' id='word_1_361' title='bbox 3123 2067 3287 2122; x_wconf 77' lang='grc' dir='ltr'>ἄλλου</span> <span class='ocrx_word' id='word_1_362' title='bbox 3342 2068 3620 2121; x_wconf 84' lang='grc' dir='ltr'>σύνθεσιν</span> <span class='ocrx_word' id='word_1_363' title='bbox 3656 2085 3758 2121; x_wconf 84' lang='grc' dir='ltr'>πα-</span> 
     </span>
    </p>
   </div>
   <div class='ocr_carea' id='block_1_49' title="bbox 2139 2159 3758 2230">
    <p class='ocr_par' dir='ltr' id='par_1_49' title="bbox 2139 2159 3758 2230">
     <span class='ocr_line' id='line_1_49' title="bbox 2139 2159 3758 2230; baseline 0 -18"><span class='ocrx_word' id='word_1_364' title='bbox 2139 2159 2580 2230; x_wconf 73' lang='grc' dir='ltr'>ραλαμόἀνηται,</span> <span class='ocrx_word' id='word_1_365' title='bbox 2613 2161 2689 2222; x_wconf 88' lang='grc' dir='ltr'>ὼς</span> <span class='ocrx_word' id='word_1_366' title='bbox 2720 2162 2779 2213; x_wconf 83' lang='grc' dir='ltr'><strong>ἐν</strong></span> <span class='ocrx_word' id='word_1_367' title='bbox 2822 2179 2898 2223; x_wconf 88' lang='grc' dir='ltr'><strong>τι,</strong></span> <span class='ocrx_word' id='word_1_368' title='bbox 2931 2160 3027 2215; x_wconf 79' lang='grc' dir='ltr'>καὶ</span> <span class='ocrx_word' id='word_1_369' title='bbox 3065 2161 3166 2230; x_wconf 89' lang='grc' dir='ltr'><strong>μία</strong></span> <span class='ocrx_word' id='word_1_370' title='bbox 3196 2161 3362 2230; x_wconf 82' lang='grc' dir='ltr'><strong>φύσις</strong></span> <span class='ocrx_word' id='word_1_371' title='bbox 3387 2201 3405 2222; x_wconf 83' lang='grc'><strong>,</strong></span> <span class='ocrx_word' id='word_1_372' title='bbox 3461 2161 3564 2214; x_wconf 79' lang='grc' dir='ltr'>καὶ</span> <span class='ocrx_word' id='word_1_373' title='bbox 3597 2161 3758 2214; x_wconf 82' lang='grc' dir='ltr'>οὐσία</span> 
     </span>
    </p>
   </div>
   <div class='ocr_carea' id='block_1_50' title="bbox 2137 2252 3763 2326">
    <p class='ocr_par' dir='ltr' id='par_1_50' title="bbox 2137 2252 3763 2326">
     <span class='ocr_line' id='line_1_50' title="bbox 2137 2252 3763 2326; baseline 0.001 -22"><span class='ocrx_word' id='word_1_374' title='bbox 2137 2252 2650 2323; x_wconf 75' lang='grc' dir='ltr'>παραληφθήσεται.</span> <span class='ocrx_word' id='word_1_375' title='bbox 2685 2252 2896 2307; x_wconf 78' lang='grc' dir='ltr'>Οὐκοῦν</span> <span class='ocrx_word' id='word_1_376' title='bbox 2919 2257 2946 2308; x_wconf 88' lang='lat'><strong>6</strong></span> <span class='ocrx_word' id='word_1_377' title='bbox 2970 2254 3138 2316; x_wconf 71' lang='grc' dir='ltr'>ἀΐδιος</span> <span class='ocrx_word' id='word_1_378' title='bbox 3164 2255 3318 2319; x_wconf 77' lang='grc' dir='ltr'>Υἱὸς,</span> <span class='ocrx_word' id='word_1_379' title='bbox 3339 2257 3372 2308; x_wconf 85' lang='lat'><strong>6</strong></span> <span class='ocrx_word' id='word_1_380' title='bbox 3406 2254 3630 2326; x_wconf 78' lang='grc' dir='ltr'>Κύριος</span> <span class='ocrx_word' id='word_1_381' title='bbox 3666 2255 3763 2307; x_wconf 71' lang='grc' dir='ltr'>καὶ</span> 
     </span>
    </p>
   </div>
   <div class='ocr_carea' id='block_1_51' title="bbox 2136 2343 3761 2416">
    <p class='ocr_par' dir='ltr' id='par_1_51' title="bbox 2136 2343 3761 2416">
     <span class='ocr_line' id='line_1_51' title="bbox 2136 2343 3761 2416; baseline 0.001 -20"><span class='ocrx_word' id='word_1_382' title='bbox 2136 2344 2268 2406; x_wconf 78' lang='grc' dir='ltr'>Θεὸς</span> <span class='ocrx_word' id='word_1_383' title='bbox 2304 2344 2486 2414; x_wconf 71' lang='grc' dir='ltr'>ἡμῶν,</span> <span class='ocrx_word' id='word_1_384' title='bbox 2543 2345 2834 2416; x_wconf 80' lang='grc' dir='ltr'>ἄνθρωπος</span> <span class='ocrx_word' id='word_1_385' title='bbox 2863 2343 3126 2414; x_wconf 85' lang='grc' dir='ltr'>γεγονὼς,</span> <span class='ocrx_word' id='word_1_386' title='bbox 3159 2346 3220 2399; x_wconf 89' lang='grc' dir='ltr'><strong>ού</strong></span> <span class='ocrx_word' id='word_1_387' title='bbox 3275 2346 3370 2414; x_wconf 78' lang='grc' dir='ltr'><strong>τὸν</strong></span> <span class='ocrx_word' id='word_1_388' title='bbox 3434 2346 3761 2398; x_wconf 74' lang='grc' dir='ltr'>καθέκαστα</span> 
     </span>
    </p>
   </div>
   <div class='ocr_carea' id='block_1_52' title="bbox 2138 2433 3762 2507">
    <p class='ocr_par' dir='ltr' id='par_1_52' title="bbox 2138 2433 3762 2507">
     <span class='ocr_line' id='line_1_52' title="bbox 2138 2433 3762 2507; baseline -0.001 -20"><span class='ocrx_word' id='word_1_389' title='bbox 2138 2433 2424 2506; x_wconf 83' lang='grc' dir='ltr'>ἄνθρωπον</span> <span class='ocrx_word' id='word_1_390' title='bbox 2451 2435 2800 2503; x_wconf 66' lang='grc' dir='ltr'>ἀνειληφέναι</span> <span class='ocrx_word' id='word_1_391' title='bbox 2845 2434 3086 2504; x_wconf 84' lang='grc' dir='ltr'>λέγεται,</span> <span class='ocrx_word' id='word_1_392' title='bbox 3111 2436 3196 2488; x_wconf 77' lang='grc' dir='ltr'><strong>ἵνα</strong></span> <span class='ocrx_word' id='word_1_393' title='bbox 3223 2435 3299 2507; x_wconf 80' lang='grc' dir='ltr'>μὴ</span> <span class='ocrx_word' id='word_1_394' title='bbox 3328 2438 3360 2505; x_wconf 86' lang='grc' dir='ltr'>ή</span> <span class='ocrx_word' id='word_1_395' title='bbox 3409 2435 3762 2504; x_wconf 78' lang='grc' dir='ltr'>Νεστοριανὴ</span> 
     </span>
    </p>
   </div>
   <div class='ocr_carea' id='block_1_53' title="bbox 2137 2526 3761 2598">
    <p class='ocr_par' dir='ltr' id='par_1_53' title="bbox 2137 2526 3761 2598">
     <span class='ocr_line' id='line_1_53' title="bbox 2137 2526 3761 2598; baseline 0 -18"><span class='ocrx_word' id='word_1_396' title='bbox 2137 2527 2306 2580; x_wconf 87' lang='grc' dir='ltr'>λύττα</span> <span class='ocrx_word' id='word_1_397' title='bbox 2339 2529 2735 2597; x_wconf 75' lang='grc' dir='ltr'>συνεισφρήσῃ,</span> <span class='ocrx_word' id='word_1_398' title='bbox 2769 2526 2884 2580; x_wconf 78' lang='grc' dir='ltr'>ἀλλ’</span> <span class='ocrx_word' id='word_1_399' title='bbox 2918 2527 2951 2598; x_wconf 83' lang='grc' dir='ltr'><strong>ἢ</strong></span> <span class='ocrx_word' id='word_1_400' title='bbox 2982 2526 3074 2580; x_wconf 80' lang='grc' dir='ltr'><strong>τὸν</strong></span> <span class='ocrx_word' id='word_1_401' title='bbox 3107 2527 3357 2592; x_wconf 83' lang='grc' dir='ltr'>καθόλου,</span> <span class='ocrx_word' id='word_1_402' title='bbox 3404 2528 3468 2580; x_wconf 88' lang='grc' dir='ltr'>ὃν</span> <span class='ocrx_word' id='word_1_403' title='bbox 3503 2529 3600 2581; x_wconf 77' lang='grc' dir='ltr'><strong>καὶ</strong></span> <span class='ocrx_word' id='word_1_404' title='bbox 3631 2527 3761 2596; x_wconf 81' lang='grc' dir='ltr'>ἠτό-</span> 
     </span>
    </p>
   </div>
   <div class='ocr_carea' id='block_1_54' title="bbox 2143 2611 3762 2689">
    <p class='ocr_par' dir='ltr' id='par_1_54' title="bbox 2143 2611 3762 2689">
     <span class='ocr_line' id='line_1_54' title="bbox 2143 2611 3762 2689; baseline -0.001 -18"><span class='ocrx_word' id='word_1_405' title='bbox 2143 2635 2322 2688; x_wconf 77' lang='grc' dir='ltr'>μωσεν</span> <span class='ocrx_word' id='word_1_406' title='bbox 2363 2619 2420 2670; x_wconf 82' lang='grc' dir='ltr'><strong>ἐν</strong></span> <span class='ocrx_word' id='word_1_407' title='bbox 2454 2621 2519 2689; x_wconf 81' lang='grc' dir='ltr'>τῇ</span> <span class='ocrx_word' id='word_1_408' title='bbox 2553 2618 2660 2689; x_wconf 80' lang='grc' dir='ltr'>ἰδίᾳ</span> <span class='ocrx_word' id='word_1_409' title='bbox 2684 2617 3004 2672; x_wconf 75' lang='grc' dir='ltr'>ὑποστάσει.</span> <span class='ocrx_word' id='word_1_410' title='bbox 3032 2618 3312 2672; x_wconf 85' lang='grc' dir='ltr'>Δέδεικται</span> <span class='ocrx_word' id='word_1_411' title='bbox 3337 2617 3410 2671; x_wconf 78' lang='grc' dir='ltr'>δὲ</span> <span class='ocrx_word' id='word_1_412' title='bbox 3442 2611 3609 2681; x_wconf 76' lang='grc' dir='ltr'>οὗτος</span> <span class='ocrx_word' id='word_1_413' title='bbox 3633 2618 3762 2686; x_wconf 83' lang='grc' dir='ltr'>μιᾶς</span> 
     </span>
    </p>
   </div>
   <div class='ocr_carea' id='block_1_55' title="bbox 2139 2705 3757 2780">
    <p class='ocr_par' dir='ltr' id='par_1_55' title="bbox 2139 2705 3757 2780">
     <span class='ocr_line' id='line_1_55' title="bbox 2139 2705 3757 2780; baseline -0.002 -18"><span class='ocrx_word' id='word_1_414' title='bbox 2139 2705 2278 2763; x_wconf 75' lang='grc' dir='ltr'>εἶναι</span> <span class='ocrx_word' id='word_1_415' title='bbox 2312 2708 2526 2778; x_wconf 85' lang='grc' dir='ltr'>φύσεως</span> <span class='ocrx_word' id='word_1_416' title='bbox 2562 2707 2697 2780; x_wconf 75' lang='grc' dir='ltr'>πρὸς</span> <span class='ocrx_word' id='word_1_417' title='bbox 2727 2708 2826 2778; x_wconf 84' lang='grc' dir='ltr'>τὴν</span> <span class='ocrx_word' id='word_1_418' title='bbox 2864 2706 3093 2778; x_wconf 86' lang='grc' dir='ltr'>ὁλότητα</span> <span class='ocrx_word' id='word_1_419' title='bbox 3126 2707 3377 2775; x_wconf 84' lang='grc' dir='ltr'>σκοπούμ</span> <span class='ocrx_word' id='word_1_420' title='bbox 3397 2725 3547 2772; x_wconf 84' lang='grc' dir='ltr'>ενος.</span> <span class='ocrx_word' id='word_1_421' title='bbox 3587 2709 3757 2760; x_wconf 83' lang='grc' dir='ltr'>Φανε-</span> 
     </span>
    </p>
   </div>
   <div class='ocr_carea' id='block_1_56' title="bbox 2141 2799 3762 2872">
    <p class='ocr_par' dir='ltr' id='par_1_56' title="bbox 2141 2799 3762 2872">
     <span class='ocr_line' id='line_1_56' title="bbox 2141 2799 3762 2872; baseline -0.001 -20"><span class='ocrx_word' id='word_1_422' title='bbox 2141 2801 2234 2871; x_wconf 79' lang='grc' dir='ltr'>ρὸν</span> <span class='ocrx_word' id='word_1_423' title='bbox 2271 2800 2377 2872; x_wconf 81' lang='grc' dir='ltr'><strong>ἄρα</strong></span> <span class='ocrx_word' id='word_1_424' title='bbox 2404 2802 2487 2854; x_wconf 83' lang='grc' dir='ltr'><strong>ὅτι</strong></span> <span class='ocrx_word' id='word_1_425' title='bbox 2509 2800 2537 2852; x_wconf 92' lang='lat'><strong>6</strong></span> <span class='ocrx_word' id='word_1_426' title='bbox 2569 2799 2804 2870; x_wconf 81' lang='grc' dir='ltr'>Χριστὸς</span> <span class='ocrx_word' id='word_1_427' title='bbox 2838 2801 2902 2853; x_wconf 85' lang='grc' dir='ltr'><strong>ἐκ</strong></span> <span class='ocrx_word' id='word_1_428' title='bbox 2925 2799 3019 2853; x_wconf 88' lang='grc' dir='ltr'><strong>δύο</strong></span> <span class='ocrx_word' id='word_1_429' title='bbox 3045 2799 3280 2867; x_wconf 77' lang='grc' dir='ltr'><strong>φύσεων,</strong></span> <span class='ocrx_word' id='word_1_430' title='bbox 3307 2801 3419 2854; x_wconf 57' lang='grc' dir='ltr'><strong>καὶ</strong></span> <span class='ocrx_word' id='word_1_431' title='bbox 3443 2801 3505 2852; x_wconf 86' lang='grc' dir='ltr'><strong>ἐν</strong></span> <span class='ocrx_word' id='word_1_432' title='bbox 3529 2800 3626 2854; x_wconf 79' lang='grc' dir='ltr'><strong>δύο</strong></span> <span class='ocrx_word' id='word_1_433' title='bbox 3661 2801 3762 2870; x_wconf 64' lang='grc' dir='ltr'>φύεν</span> 
     </span>
    </p>
   </div>
   <div class='ocr_carea' id='block_1_57' title="bbox 2143 2892 3758 2964">
    <p class='ocr_par' dir='ltr' id='par_1_57' title="bbox 2143 2892 3758 2964">
     <span class='ocr_line' id='line_1_57' title="bbox 2143 2892 3758 2964; baseline -0.001 -16"><span class='ocrx_word' id='word_1_434' title='bbox 2143 2913 2284 2959; x_wconf 87' lang='grc' dir='ltr'>σεσι,</span> <span class='ocrx_word' id='word_1_435' title='bbox 2319 2895 2413 2948; x_wconf 71' lang='grc' dir='ltr'><strong>καὶ</strong></span> <span class='ocrx_word' id='word_1_436' title='bbox 2456 2893 2550 2946; x_wconf 88' lang='grc' dir='ltr'><strong>δύο</strong></span> <span class='ocrx_word' id='word_1_437' title='bbox 2591 2892 2782 2963; x_wconf 86' lang='grc' dir='ltr'>φύσεις</span> <span class='ocrx_word' id='word_1_438' title='bbox 2810 2893 2956 2963; x_wconf 74' lang='grc' dir='ltr'>ἔχειν</span> <span class='ocrx_word' id='word_1_439' title='bbox 3003 2893 3132 2964; x_wconf 79' lang='grc' dir='ltr'>παρ’</span> <span class='ocrx_word' id='word_1_440' title='bbox 3169 2894 3327 2963; x_wconf 78' lang='grc' dir='ltr'>ἡμῶν</span> <span class='ocrx_word' id='word_1_441' title='bbox 3355 2893 3758 2964; x_wconf 71' lang='grc' dir='ltr'>δοξαζόμενος,</span> 
     </span>
    </p>
   </div>
   <div class='ocr_carea' id='block_1_58' title="bbox 2140 2983 3758 3055">
    <p class='ocr_par' dir='ltr' id='par_1_58' title="bbox 2140 2983 3758 3055">
     <span class='ocr_line' id='line_1_58' title="bbox 2140 2983 3758 3055; baseline -0.001 -17"><span class='ocrx_word' id='word_1_442' title='bbox 2140 2985 2364 3048; x_wconf 87' lang='grc' dir='ltr'>δικαίως</span> <span class='ocrx_word' id='word_1_443' title='bbox 2398 2983 2757 3054; x_wconf 79' lang='grc' dir='ltr'>κηρύττεται.</span> <span class='ocrx_word' id='word_1_444' title='bbox 2809 2984 2921 3037; x_wconf 76' lang='grc' dir='ltr'><strong>Καὶ</strong></span> <span class='ocrx_word' id='word_1_445' title='bbox 2953 2983 3105 3036; x_wconf 81' lang='grc' dir='ltr'>οὐδὲν</span> <span class='ocrx_word' id='word_1_446' title='bbox 3151 2984 3351 3037; x_wconf 78' lang='grc' dir='ltr'>ἄτοπον</span> <span class='ocrx_word' id='word_1_447' title='bbox 3421 2983 3456 3055; x_wconf 79' lang='grc' dir='ltr'><strong>ἢ</strong></span> <span class='ocrx_word' id='word_1_448' title='bbox 3511 2985 3758 3054; x_wconf 83' lang='grc' dir='ltr'>βλάσφη-</span> 
     </span>
    </p>
   </div>
   <div class='ocr_carea' id='block_1_59' title="bbox 2151 3075 3755 3150">
    <p class='ocr_par' dir='ltr' id='par_1_59' title="bbox 2151 3075 3755 3150">
     <span class='ocr_line' id='line_1_59' title="bbox 2151 3075 3755 3150; baseline -0.003 -17"><span class='ocrx_word' id='word_1_449' title='bbox 2151 3097 2251 3150; x_wconf 93' lang='grc' dir='ltr'><strong>μον</strong></span> <span class='ocrx_word' id='word_1_450' title='bbox 2280 3079 2610 3149; x_wconf 82' lang='grc' dir='ltr'>ἀπαντήσει,</span> <span class='ocrx_word' id='word_1_451' title='bbox 2643 3077 2748 3131; x_wconf 81' lang='grc' dir='ltr'><strong>κάν</strong></span> <span class='ocrx_word' id='word_1_452' title='bbox 2777 3077 2868 3130; x_wconf 75' lang='grc' dir='ltr'><strong>τὸν</strong></span> <span class='ocrx_word' id='word_1_453' title='bbox 2898 3075 3186 3148; x_wconf 80' lang='grc' dir='ltr'>ἄνθρωπον</span> <span class='ocrx_word' id='word_1_454' title='bbox 3219 3077 3314 3130; x_wconf 89' lang='grc' dir='ltr'><strong>δύο</strong></span> <span class='ocrx_word' id='word_1_455' title='bbox 3346 3077 3564 3146; x_wconf 79' lang='grc' dir='ltr'>φύσεις</span> <span class='ocrx_word' id='word_1_456' title='bbox 3609 3077 3755 3147; x_wconf 78' lang='grc' dir='ltr'>ἔχειν</span> 
     </span>
    </p>
   </div>
   <div class='ocr_carea' id='block_1_60' title="bbox 443 3168 2043 3256">
    <p class='ocr_par' dir='ltr' id='par_1_60' title="bbox 443 3168 2038 3241">
     <span class='ocr_line' id='line_1_60' title="bbox 443 3168 2038 3241; baseline 0.001 -19"><span class='ocrx_word' id='word_1_457' title='bbox 443 3168 695 3225; x_wconf 77' lang='lat' dir='ltr'><strong>dicamus</strong></span> <span class='ocrx_word' id='word_1_458' title='bbox 726 3188 742 3235; x_wconf 87' lang='lat'><strong>;</strong></span> <span class='ocrx_word' id='word_1_459' title='bbox 780 3187 903 3224; x_wconf 88' lang='lat' dir='ltr'><strong>cum</strong></span> <span class='ocrx_word' id='word_1_460' title='bbox 946 3173 1151 3237; x_wconf 90' lang='lat' dir='ltr'><strong>omnia,</strong></span> <span class='ocrx_word' id='word_1_461' title='bbox 1185 3188 1306 3241; x_wconf 74' lang='lat' dir='ltr'><strong>qua:</strong></span> <span class='ocrx_word' id='word_1_462' title='bbox 1335 3182 1742 3241; x_wconf 81' lang='lat' dir='ltr'><strong>componuntur</strong></span> <span class='ocrx_word' id='word_1_463' title='bbox 1768 3187 1834 3227; x_wconf 80' lang='lat' dir='ltr'><strong>ex</strong></span> <span class='ocrx_word' id='word_1_464' title='bbox 1864 3171 2038 3226; x_wconf 89' lang='lat' dir='ltr'><strong>conti-</strong></span> 
     </span>
    </p>
   </div>
   <div class='ocr_carea' id='block_1_61' title="bbox 2147 3168 3754 3256">
    <p class='ocr_par' dir='ltr' id='par_1_61' title="bbox 2147 3169 3754 3250">
     <span class='ocr_line' id='line_1_61' title="bbox 2147 3169 3754 3250; baseline -0.002 -24"><span class='ocrx_word' id='word_1_465' title='bbox 2147 3174 2412 3244; x_wconf 85' lang='grc' dir='ltr'>λέγωμεν,</span> <span class='ocrx_word' id='word_1_466' title='bbox 2466 3171 2657 3243; x_wconf 81' lang='grc' dir='ltr'>ἐπειδὴ</span> <span class='ocrx_word' id='word_1_467' title='bbox 2721 3171 2903 3243; x_wconf 68' lang='grc' dir='ltr'>πάντα</span> <span class='ocrx_word' id='word_1_468' title='bbox 2949 3169 3019 3224; x_wconf 84' lang='grc' dir='ltr'><strong>τά</strong></span> <span class='ocrx_word' id='word_1_469' title='bbox 3069 3169 3476 3250; x_wconf 69' lang='grc' dir='ltr'>συντεθειμένα</span> <span class='ocrx_word' id='word_1_470' title='bbox 3529 3174 3597 3225; x_wconf 90' lang='grc' dir='ltr'><strong>ἐκ</strong></span> <span class='ocrx_word' id='word_1_471' title='bbox 3647 3169 3754 3224; x_wconf 84' lang='grc' dir='ltr'><strong>τῶν</strong></span> 
     </span>
    </p>
   </div>
   <div class='ocr_carea' id='block_1_62' title="bbox 445 3262 2038 3335">
    <p class='ocr_par' dir='ltr' id='par_1_62' title="bbox 445 3262 2038 3335">
     <span class='ocr_line' id='line_1_62' title="bbox 445 3262 2038 3335; baseline 0.001 -19"><span class='ocrx_word' id='word_1_472' title='bbox 445 3262 569 3333; x_wconf 80' lang='lat' dir='ltr'><strong>guis</strong></span> <span class='ocrx_word' id='word_1_473' title='bbox 609 3266 1068 3333; x_wconf 85' lang='lat' dir='ltr'><strong>componentibus</strong></span> <span class='ocrx_word' id='word_1_474' title='bbox 1103 3266 1358 3335; x_wconf 85' lang='lat' dir='ltr'><strong>componi</strong></span> <span class='ocrx_word' id='word_1_475' title='bbox 1409 3266 1686 3330; x_wconf 73' lang='lat' dir='ltr'><strong>dir-antur,</strong></span> <span class='ocrx_word' id='word_1_476' title='bbox 1728 3273 1782 3319; x_wconf 84' lang='lat' dir='ltr'><strong>et</strong></span> <span class='ocrx_word' id='word_1_477' title='bbox 1817 3281 1926 3318; x_wconf 87' lang='lat' dir='ltr'><strong>non</strong></span> <span class='ocrx_word' id='word_1_478' title='bbox 1972 3280 2038 3318; x_wconf 79' lang='lat' dir='ltr'><strong>ex</strong></span> 
     </span>
    </p>
   </div>
   <div class='ocr_carea' id='block_1_63' title="bbox 448 3354 2038 3425">
    <p class='ocr_par' dir='ltr' id='par_1_63' title="bbox 448 3354 2038 3425">
     <span class='ocr_line' id='line_1_63' title="bbox 448 3354 2038 3425; baseline 0.003 -19"><span class='ocrx_word' id='word_1_479' title='bbox 448 3354 537 3415; x_wconf 88' lang='lat' dir='ltr'><strong>lis,</strong></span> <span class='ocrx_word' id='word_1_480' title='bbox 568 3370 632 3408; x_wconf 82' lang='lat' dir='ltr'><strong>ex</strong></span> <span class='ocrx_word' id='word_1_481' title='bbox 675 3357 876 3424; x_wconf 82' lang='lat' dir='ltr'><strong>quibus</strong></span> <span class='ocrx_word' id='word_1_482' title='bbox 923 3358 1309 3425; x_wconf 85' lang='lat' dir='ltr'><strong>componentia</strong></span> <span class='ocrx_word' id='word_1_483' title='bbox 1351 3357 1585 3411; x_wconf 83' lang='lat' dir='ltr'><strong>conﬂata</strong></span> <span class='ocrx_word' id='word_1_484' title='bbox 1629 3365 1779 3411; x_wconf 91' lang='lat' dir='ltr'><strong>sunt.</strong></span> <span class='ocrx_word' id='word_1_485' title='bbox 1813 3354 2038 3410; x_wconf 76' lang='lat' dir='ltr'><strong>Frustra</strong></span> 
     </span>
    </p>
   </div>
   <div class='ocr_carea' id='block_1_64' title="bbox 451 3444 2040 3516">
    <p class='ocr_par' dir='ltr' id='par_1_64' title="bbox 451 3444 2040 3516">
     <span class='ocr_line' id='line_1_64' title="bbox 451 3444 2040 3516; baseline 0.003 -18"><span class='ocrx_word' id='word_1_486' title='bbox 451 3444 639 3514; x_wconf 79' lang='lat' dir='ltr'><strong>igitur,</strong></span> <span class='ocrx_word' id='word_1_487' title='bbox 695 3446 824 3500; x_wconf 91' lang='lat' dir='ltr'><strong>dum</strong></span> <span class='ocrx_word' id='word_1_488' title='bbox 885 3449 987 3516; x_wconf 86' lang='lat' dir='ltr'><strong>ipsi</strong></span> <span class='ocrx_word' id='word_1_489' title='bbox 1047 3448 1330 3502; x_wconf 85' lang='lat' dir='ltr'><strong>Christum</strong></span> <span class='ocrx_word' id='word_1_490' title='bbox 1373 3449 1508 3502; x_wconf 90' lang='lat' dir='ltr'><strong>duas</strong></span> <span class='ocrx_word' id='word_1_491' title='bbox 1557 3449 1757 3503; x_wconf 90' lang='lat' dir='ltr'><strong>habere</strong></span> <span class='ocrx_word' id='word_1_492' title='bbox 1815 3458 2040 3503; x_wconf 87' lang='lat' dir='ltr'><strong>naturas</strong></span> 
     </span>
    </p>
   </div>
   <div class='ocr_carea' id='block_1_65' title="bbox 448 3537 2042 3606">
    <p class='ocr_par' dir='ltr' id='par_1_65' title="bbox 448 3537 2042 3606">
     <span class='ocr_line' id='line_1_65' title="bbox 448 3537 2042 3606; baseline 0.003 -15"><span class='ocrx_word' id='word_1_493' title='bbox 448 3546 500 3592; x_wconf 91' lang='lat' dir='ltr'><strong>ct</strong></span> <span class='ocrx_word' id='word_1_494' title='bbox 549 3537 822 3592; x_wconf 81' lang='lat' dir='ltr'><strong>hominem</strong></span> <span class='ocrx_word' id='word_1_495' title='bbox 863 3539 1116 3594; x_wconf 88' lang='lat' dir='ltr'><strong>similiter</strong></span> <span class='ocrx_word' id='word_1_496' title='bbox 1165 3543 1302 3596; x_wconf 87' lang='lat' dir='ltr'><strong>duas</strong></span> <span class='ocrx_word' id='word_1_497' title='bbox 1343 3541 1596 3606; x_wconf 87' lang='lat' dir='ltr'><strong>dicimus,</strong></span> <span class='ocrx_word' id='word_1_498' title='bbox 1643 3551 1752 3595; x_wconf 88' lang='lat' dir='ltr'><strong>tres</strong></span> <span class='ocrx_word' id='word_1_499' title='bbox 1799 3555 1827 3596; x_wconf 86' lang='lat' dir='ltr'><strong>a</strong></span> <span class='ocrx_word' id='word_1_500' title='bbox 1887 3540 2042 3596; x_wconf 86' lang='lat' dir='ltr'><strong>vobis</strong></span> 
     </span>
    </p>
   </div>
   <div class='ocr_carea' id='block_1_66' title="bbox 448 3631 802 3702">
    <p class='ocr_par' dir='ltr' id='par_1_66' title="bbox 448 3631 802 3702">
     <span class='ocr_line' id='line_1_66' title="bbox 448 3631 802 3702; baseline 0 -16"><span class='ocrx_word' id='word_1_501' title='bbox 448 3631 802 3702; x_wconf 79' lang='lat' dir='ltr'><strong>colliguntur.</strong></span> 
     </span>
    </p>
   </div>
   <div class='ocr_carea' id='block_1_67' title="bbox 522 3723 2039 3790">
    <p class='ocr_par' dir='ltr' id='par_1_67' title="bbox 522 3723 2039 3790">
     <span class='ocr_line' id='line_1_67' title="bbox 522 3723 2039 3790; baseline 0.002 -13"><span class='ocrx_word' id='word_1_502' title='bbox 522 3723 610 3779; x_wconf 85' lang='lat' dir='ltr'><strong>l6.</strong></span> <span class='ocrx_word' id='word_1_503' title='bbox 649 3723 766 3778; x_wconf 85' lang='lat' dir='ltr'><strong>imo</strong></span> <span class='ocrx_word' id='word_1_504' title='bbox 791 3725 915 3779; x_wconf 88' lang='lat' dir='ltr'><strong>licet</strong></span> <span class='ocrx_word' id='word_1_505' title='bbox 947 3726 1109 3780; x_wconf 90' lang='lat' dir='ltr'><strong>homo</strong></span> <span class='ocrx_word' id='word_1_506' title='bbox 1142 3741 1207 3780; x_wconf 83' lang='lat' dir='ltr'><strong>ex</strong></span> <span class='ocrx_word' id='word_1_507' title='bbox 1249 3726 1466 3782; x_wconf 88' lang='lat' dir='ltr'><strong>duabus</strong></span> <span class='ocrx_word' id='word_1_508' title='bbox 1501 3725 1734 3790; x_wconf 77' lang='lat' dir='ltr'><strong>naturis,</strong></span> <span class='ocrx_word' id='word_1_509' title='bbox 1767 3732 1821 3781; x_wconf 85' lang='lat' dir='ltr'><strong>et</strong></span> <span class='ocrx_word' id='word_1_510' title='bbox 1852 3725 2039 3780; x_wconf 82' lang='lat' dir='ltr'><strong>diver-</strong></span> 
     </span>
    </p>
   </div>
   <div class='ocr_carea' id='block_1_68' title="bbox 450 3816 2039 3884">
    <p class='ocr_par' dir='ltr' id='par_1_68' title="bbox 450 3816 2039 3884">
     <span class='ocr_line' id='line_1_68' title="bbox 450 3816 2039 3884; baseline 0 -12"><span class='ocrx_word' id='word_1_511' title='bbox 450 3816 548 3883; x_wconf 84' lang='lat' dir='ltr'><strong>sis,</strong></span> <span class='ocrx_word' id='word_1_512' title='bbox 585 3827 639 3873; x_wconf 85' lang='lat' dir='ltr'><strong>et</strong></span> <span class='ocrx_word' id='word_1_513' title='bbox 665 3819 948 3874; x_wconf 81' lang='lat' dir='ltr'><strong>inconfuse</strong></span> <span class='ocrx_word' id='word_1_514' title='bbox 978 3821 1167 3884; x_wconf 90' lang='lat' dir='ltr'><strong>unitis,</strong></span> <span class='ocrx_word' id='word_1_515' title='bbox 1198 3820 1360 3875; x_wconf 91' lang='lat' dir='ltr'><strong>unius</strong></span> <span class='ocrx_word' id='word_1_516' title='bbox 1386 3828 1594 3874; x_wconf 66' lang='lat' dir='ltr'><strong>natura:</strong></span> <span class='ocrx_word' id='word_1_517' title='bbox 1613 3819 1727 3883; x_wconf 86' lang='lat' dir='ltr'><strong>ﬁat,</strong></span> <span class='ocrx_word' id='word_1_518' title='bbox 1754 3819 1896 3874; x_wconf 85' lang='lat' dir='ltr'><strong>haud</strong></span> <span class='ocrx_word' id='word_1_519' title='bbox 1923 3818 2039 3873; x_wconf 85' lang='lat' dir='ltr'><strong>ﬁeri</strong></span> 
     </span>
    </p>
   </div>
   <div class='ocr_carea' id='block_1_69' title="bbox 453 3911 2040 3983">
    <p class='ocr_par' dir='ltr' id='par_1_69' title="bbox 453 3911 2040 3983">
     <span class='ocr_line' id='line_1_69' title="bbox 453 3911 2040 3983; baseline 0.001 -19"><span class='ocrx_word' id='word_1_520' title='bbox 453 3919 647 3980; x_wconf 88' lang='lat' dir='ltr'><strong>potest,</strong></span> <span class='ocrx_word' id='word_1_521' title='bbox 677 3923 733 3965; x_wconf 92' lang='lat' dir='ltr'><strong>ut</strong></span> <span class='ocrx_word' id='word_1_522' title='bbox 757 3913 870 3983; x_wconf 88' lang='lat' dir='ltr'><strong>ipse</strong></span> <span class='ocrx_word' id='word_1_523' title='bbox 900 3913 1152 3968; x_wconf 76' lang='lat' dir='ltr'><strong>Christus</strong></span> <span class='ocrx_word' id='word_1_524' title='bbox 1180 3914 1344 3968; x_wconf 87' lang='lat' dir='ltr'><strong>unius</strong></span> <span class='ocrx_word' id='word_1_525' title='bbox 1373 3921 1580 3968; x_wconf 87' lang='lat' dir='ltr'><strong>naturae</strong></span> <span class='ocrx_word' id='word_1_526' title='bbox 1623 3913 1716 3978; x_wconf 91' lang='lat' dir='ltr'><strong>sit,</strong></span> <span class='ocrx_word' id='word_1_527' title='bbox 1739 3911 2040 3968; x_wconf 90' lang='lat' dir='ltr'><strong>dummodo</strong></span> 
     </span>
    </p>
   </div>
   <div class='ocr_carea' id='block_1_70' title="bbox 452 4005 2046 4077">
    <p class='ocr_par' dir='ltr' id='par_1_70' title="bbox 452 4005 2046 4077">
     <span class='ocr_line' id='line_1_70' title="bbox 452 4005 2046 4077; baseline -0.001 -18"><span class='ocrx_word' id='word_1_528' title='bbox 452 4005 568 4074; x_wconf 85' lang='lat' dir='ltr'><strong>ipse</strong></span> <span class='ocrx_word' id='word_1_529' title='bbox 595 4021 662 4060; x_wconf 80' lang='lat' dir='ltr'><strong>ex</strong></span> <span class='ocrx_word' id='word_1_530' title='bbox 689 4006 924 4063; x_wconf 81' lang='lat' dir='ltr'><strong>diversis</strong></span> <span class='ocrx_word' id='word_1_531' title='bbox 955 4008 1186 4072; x_wconf 89' lang='lat' dir='ltr'><strong>naturis,</strong></span> <span class='ocrx_word' id='word_1_532' title='bbox 1237 4007 1443 4062; x_wconf 87' lang='lat' dir='ltr'><strong>deitate</strong></span> <span class='ocrx_word' id='word_1_533' title='bbox 1473 4022 1671 4077; x_wconf 90' lang='lat' dir='ltr'><strong>nempe</strong></span> <span class='ocrx_word' id='word_1_534' title='bbox 1707 4015 1762 4060; x_wconf 92' lang='lat' dir='ltr'><strong>et</strong></span> <span class='ocrx_word' id='word_1_535' title='bbox 1789 4005 2046 4059; x_wconf 84' lang='lat' dir='ltr'><strong>humani-</strong></span> 
     </span>
    </p>
   </div>
   <div class='ocr_carea' id='block_1_71' title="bbox 451 4098 2044 4170">
    <p class='ocr_par' dir='ltr' id='par_1_71' title="bbox 451 4098 2044 4170">
     <span class='ocr_line' id='line_1_71' title="bbox 451 4098 2044 4170; baseline 0.001 -20"><span class='ocrx_word' id='word_1_536' title='bbox 451 4105 582 4164; x_wconf 76' lang='lat' dir='ltr'><strong>tate,</strong></span> <span class='ocrx_word' id='word_1_537' title='bbox 609 4109 1002 4167; x_wconf 80' lang='lat' dir='ltr'><strong>componatur:</strong></span> <span class='ocrx_word' id='word_1_538' title='bbox 1036 4101 1200 4170; x_wconf 85' lang='lat' dir='ltr'><strong>idque</strong></span> <span class='ocrx_word' id='word_1_539' title='bbox 1227 4114 1294 4154; x_wconf 80' lang='lat' dir='ltr'><strong>ex</strong></span> <span class='ocrx_word' id='word_1_540' title='bbox 1321 4099 1413 4153; x_wconf 73' lang='lat' dir='ltr'><strong>hi.-</strong></span> <span class='ocrx_word' id='word_1_541' title='bbox 1432 4098 2044 4168; x_wconf 80' lang='lat' dir='ltr'><strong>fueritapertissimnm.</strong></span> 
     </span>
    </p>
   </div>
   <div class='ocr_carea' id='block_1_72' title="bbox 454 4191 2048 4263">
    <p class='ocr_par' dir='ltr' id='par_1_72' title="bbox 454 4191 2048 4263">
     <span class='ocr_line' id='line_1_72' title="bbox 454 4191 2048 4263; baseline 0.001 -18"><span class='ocrx_word' id='word_1_542' title='bbox 454 4191 504 4245; x_wconf 79' lang='grc'>1.</span> <span class='ocrx_word' id='word_1_543' title='bbox 569 4192 846 4263; x_wconf 86' lang='lat' dir='ltr'><strong>Quidquid</strong></span> <span class='ocrx_word' id='word_1_544' title='bbox 894 4209 960 4248; x_wconf 82' lang='lat' dir='ltr'><strong>ex</strong></span> <span class='ocrx_word' id='word_1_545' title='bbox 1010 4193 1242 4248; x_wconf 83' lang='lat' dir='ltr'><strong>diversis</strong></span> <span class='ocrx_word' id='word_1_546' title='bbox 1278 4193 1492 4248; x_wconf 90' lang='lat' dir='ltr'><strong>naturis</strong></span> <span class='ocrx_word' id='word_1_547' title='bbox 1531 4191 1823 4258; x_wconf 84' lang='lat' dir='ltr'><strong>conﬂatur,</strong></span> <span class='ocrx_word' id='word_1_548' title='bbox 1883 4191 2048 4246; x_wconf 81' lang='lat' dir='ltr'><strong>unius</strong></span> 
     </span>
    </p>
   </div>
   <div class='ocr_carea' id='block_1_73' title="bbox 453 4287 2044 4358">
    <p class='ocr_par' dir='ltr' id='par_1_73' title="bbox 453 4287 2044 4358">
     <span class='ocr_line' id='line_1_73' title="bbox 453 4287 2044 4358; baseline -0.001 -16"><span class='ocrx_word' id='word_1_549' title='bbox 453 4296 664 4342; x_wconf 81' lang='lat' dir='ltr'><strong>natura:</strong></span> <span class='ocrx_word' id='word_1_550' title='bbox 709 4289 977 4354; x_wconf 82' lang='lat' dir='ltr'><strong>ellicitur,</strong></span> <span class='ocrx_word' id='word_1_551' title='bbox 1027 4305 1152 4343; x_wconf 93' lang='lat' dir='ltr'><strong>cum</strong></span> <span class='ocrx_word' id='word_1_552' title='bbox 1205 4287 1572 4358; x_wconf 80' lang='lat' dir='ltr'><strong>compositum</strong></span> <span class='ocrx_word' id='word_1_553' title='bbox 1615 4287 2044 4358; x_wconf 84' lang='lat' dir='ltr'><strong>compositorum</strong></span> 
     </span>
    </p>
   </div>
   <div class='ocr_carea' id='block_1_74' title="bbox 453 4379 2045 4451">
    <p class='ocr_par' dir='ltr' id='par_1_74' title="bbox 453 4379 2045 4451">
     <span class='ocr_line' id='line_1_74' title="bbox 453 4379 2045 4451; baseline 0 -17"><span class='ocrx_word' id='word_1_554' title='bbox 453 4396 632 4450; x_wconf 90' lang='lat' dir='ltr'><strong>neque</strong></span> <span class='ocrx_word' id='word_1_555' title='bbox 661 4381 906 4446; x_wconf 90' lang='lat' dir='ltr'><strong>nomina,</strong></span> <span class='ocrx_word' id='word_1_556' title='bbox 947 4397 1127 4450; x_wconf 87' lang='lat' dir='ltr'><strong>neque</strong></span> <span class='ocrx_word' id='word_1_557' title='bbox 1165 4383 1410 4436; x_wconf 85' lang='lat' dir='ltr'><strong>rationes</strong></span> <span class='ocrx_word' id='word_1_558' title='bbox 1440 4381 1700 4436; x_wconf 87' lang='lat' dir='ltr'><strong>admittit.</strong></span> <span class='ocrx_word' id='word_1_559' title='bbox 1733 4379 1898 4435; x_wconf 84' lang='lat' dir='ltr'><strong>Verbi</strong></span> <span class='ocrx_word' id='word_1_560' title='bbox 1916 4395 2045 4451; x_wconf 76' lang='lat' dir='ltr'><strong>gra-</strong></span> 
     </span>
    </p>
   </div>
   <div class='ocr_carea' id='block_1_75' title="bbox 453 4472 2042 4544">
    <p class='ocr_par' dir='ltr' id='par_1_75' title="bbox 453 4472 2042 4544">
     <span class='ocr_line' id='line_1_75' title="bbox 453 4472 2042 4544; baseline 0 -16"><span class='ocrx_word' id='word_1_561' title='bbox 453 4474 553 4540; x_wconf 84' lang='lat' dir='ltr'><strong>tia,</strong></span> <span class='ocrx_word' id='word_1_562' title='bbox 595 4474 759 4529; x_wconf 91' lang='lat' dir='ltr'><strong>homo</strong></span> <span class='ocrx_word' id='word_1_563' title='bbox 807 4489 913 4528; x_wconf 89' lang='lat' dir='ltr'><strong>una</strong></span> <span class='ocrx_word' id='word_1_564' title='bbox 955 4482 1151 4528; x_wconf 85' lang='lat' dir='ltr'><strong>natura</strong></span> <span class='ocrx_word' id='word_1_565' title='bbox 1183 4472 1413 4529; x_wconf 69' lang='lat' dir='ltr'><strong>edicitur</strong></span> <span class='ocrx_word' id='word_1_566' title='bbox 1444 4474 1774 4543; x_wconf 85' lang='lat' dir='ltr'><strong>composita,</strong></span> <span class='ocrx_word' id='word_1_567' title='bbox 1819 4473 2042 4544; x_wconf 88' lang='lat' dir='ltr'><strong>quando</strong></span> 
     </span>
    </p>
   </div>
   <div class='ocr_carea' id='block_1_76' title="bbox 2143 3261 3753 3336">
    <p class='ocr_par' dir='ltr' id='par_1_76' title="bbox 2143 3261 3753 3336">
     <span class='ocr_line' id='line_1_76' title="bbox 2143 3261 3753 3336; baseline -0.004 -15"><span class='ocrx_word' id='word_1_568' title='bbox 2143 3264 2430 3336; x_wconf 85' lang='grc' dir='ltr'>προσεχῶς</span> <span class='ocrx_word' id='word_1_569' title='bbox 2460 3263 2603 3318; x_wconf 84' lang='grc' dir='ltr'><strong>αύτά</strong></span> <span class='ocrx_word' id='word_1_570' title='bbox 2632 3263 2935 3318; x_wconf 77' lang='grc' dir='ltr'>συνθέντων</span> <span class='ocrx_word' id='word_1_571' title='bbox 2993 3261 3315 3328; x_wconf 79' lang='grc' dir='ltr'>συγκεῖσθαι</span> <span class='ocrx_word' id='word_1_572' title='bbox 3351 3262 3644 3331; x_wconf 73' lang='grc' dir='ltr'>λέγονται,</span> <span class='ocrx_word' id='word_1_573' title='bbox 3663 3263 3753 3315; x_wconf 82' lang='grc' dir='ltr'><strong>καὶ</strong></span> 
     </span>
    </p>
   </div>
   <div class='ocr_carea' id='block_1_77' title="bbox 2141 3350 3754 3426">
    <p class='ocr_par' dir='ltr' id='par_1_77' title="bbox 2141 3350 3754 3426">
     <span class='ocr_line' id='line_1_77' title="bbox 2141 3350 3754 3426; baseline -0.004 -13"><span class='ocrx_word' id='word_1_574' title='bbox 2141 3359 2243 3413; x_wconf 85' lang='grc' dir='ltr'><strong>οὐκ</strong></span> <span class='ocrx_word' id='word_1_575' title='bbox 2267 3357 2328 3422; x_wconf 79' lang='grc' dir='ltr'>ἐξ</span> <span class='ocrx_word' id='word_1_576' title='bbox 2356 3350 2429 3411; x_wconf 82' lang='grc' dir='ltr'>ὧν</span> <span class='ocrx_word' id='word_1_577' title='bbox 2460 3357 2644 3410; x_wconf 77' lang='grc' dir='ltr'>ἐκεῖνα</span> <span class='ocrx_word' id='word_1_578' title='bbox 2677 3355 3039 3410; x_wconf 84' lang='grc' dir='ltr'>συντέθειται.</span> <span class='ocrx_word' id='word_1_579' title='bbox 3072 3357 3266 3424; x_wconf 76' lang='grc' dir='ltr'>Μάτην</span> <span class='ocrx_word' id='word_1_580' title='bbox 3299 3357 3448 3426; x_wconf 63' lang='grc' dir='ltr'>ἀρε,</span> <span class='ocrx_word' id='word_1_581' title='bbox 3488 3357 3754 3424; x_wconf 79' lang='grc' dir='ltr'>λεγόντων</span> 
     </span>
    </p>
   </div>
   <div class='ocr_carea' id='block_1_78' title="bbox 2143 3446 3754 3522">
    <p class='ocr_par' dir='ltr' id='par_1_78' title="bbox 2143 3446 3754 3522">
     <span class='ocr_line' id='line_1_78' title="bbox 2143 3446 3754 3522; baseline -0.004 -18"><span class='ocrx_word' id='word_1_582' title='bbox 2143 3451 2301 3522; x_wconf 81' lang='grc' dir='ltr'>ἡμῶν</span> <span class='ocrx_word' id='word_1_583' title='bbox 2336 3449 2429 3502; x_wconf 73' lang='grc' dir='ltr'><strong>τὸν</strong></span> <span class='ocrx_word' id='word_1_584' title='bbox 2469 3447 2706 3518; x_wconf 75' lang='grc' dir='ltr'>Χριστὸν</span> <span class='ocrx_word' id='word_1_585' title='bbox 2737 3446 2832 3499; x_wconf 87' lang='grc' dir='ltr'><strong>δύο</strong></span> <span class='ocrx_word' id='word_1_586' title='bbox 2856 3447 3048 3517; x_wconf 84' lang='grc' dir='ltr'>φύσεις</span> <span class='ocrx_word' id='word_1_587' title='bbox 3083 3447 3248 3514; x_wconf 77' lang='grc' dir='ltr'>ἔχειν,</span> <span class='ocrx_word' id='word_1_588' title='bbox 3283 3448 3379 3500; x_wconf 76' lang='grc' dir='ltr'><strong>καὶ</strong></span> <span class='ocrx_word' id='word_1_589' title='bbox 3411 3447 3514 3501; x_wconf 84' lang='grc' dir='ltr'>τὸν</span> <span class='ocrx_word' id='word_1_590' title='bbox 3543 3446 3754 3516; x_wconf 84' lang='grc' dir='ltr'>ἄνθρω-</span> 
     </span>
    </p>
   </div>
   <div class='ocr_carea' id='block_1_79' title="bbox 2141 3541 3611 3616">
    <p class='ocr_par' dir='ltr' id='par_1_79' title="bbox 2141 3541 3611 3616">
     <span class='ocr_line' id='line_1_79' title="bbox 2141 3541 3611 3616; baseline -0.003 -16"><span class='ocrx_word' id='word_1_591' title='bbox 2141 3564 2244 3602; x_wconf 83' lang='grc' dir='ltr'><strong>πον</strong></span> <span class='ocrx_word' id='word_1_592' title='bbox 2271 3545 2473 3616; x_wconf 86' lang='grc' dir='ltr'>ὁμοίως</span> <span class='ocrx_word' id='word_1_593' title='bbox 2519 3544 2632 3610; x_wconf 87' lang='grc' dir='ltr'>δύο,</span> <span class='ocrx_word' id='word_1_594' title='bbox 2667 3543 2727 3598; x_wconf 75' lang='grc' dir='ltr'>τὸ</span> <span class='ocrx_word' id='word_1_595' title='bbox 2748 3544 2897 3614; x_wconf 81' lang='grc' dir='ltr'>τρεῖς</span> <span class='ocrx_word' id='word_1_596' title='bbox 2927 3542 3048 3596; x_wconf 73' lang='grc' dir='ltr'>καθ’</span> <span class='ocrx_word' id='word_1_597' title='bbox 3085 3541 3244 3614; x_wconf 79' lang='grc' dir='ltr'>ἡμῶν</span> <span class='ocrx_word' id='word_1_598' title='bbox 3276 3543 3611 3611; x_wconf 60' lang='grc' dir='ltr'>συνάγεται.</span> 
     </span>
    </p>
   </div>
   <div class='ocr_carea' id='block_1_80' title="bbox 2209 3723 3747 3795">
    <p class='ocr_par' dir='ltr' id='par_1_80' title="bbox 2209 3723 3747 3795">
     <span class='ocr_line' id='line_1_80' title="bbox 2209 3723 3747 3795; baseline -0.005 -11"><span class='ocrx_word' id='word_1_599' title='bbox 2209 3726 2309 3793; x_wconf 80' lang='grc' dir='ltr'>ις’.</span> <span class='ocrx_word' id='word_1_600' title='bbox 2340 3725 2620 3794; x_wconf 82' lang='grc' dir='ltr'>Μενοῦνγε</span> <span class='ocrx_word' id='word_1_601' title='bbox 2674 3723 2776 3780; x_wconf 68' lang='grc' dir='ltr'>κᾶν</span> <span class='ocrx_word' id='word_1_602' title='bbox 2834 3726 2863 3778; x_wconf 91' lang='lat'><strong>6</strong></span> <span class='ocrx_word' id='word_1_603' title='bbox 2917 3724 3208 3793; x_wconf 78' lang='grc' dir='ltr'>ἄνθρωπος</span> <span class='ocrx_word' id='word_1_604' title='bbox 3252 3723 3346 3778; x_wconf 87' lang='grc' dir='ltr'><strong>δύο</strong></span> <span class='ocrx_word' id='word_1_605' title='bbox 3386 3725 3618 3795; x_wconf 75' lang='grc' dir='ltr'>φύσεων</span> <span class='ocrx_word' id='word_1_606' title='bbox 3654 3724 3747 3778; x_wconf 71' lang='grc' dir='ltr'><strong>καὶ</strong></span> 
     </span>
    </p>
   </div>
   <div class='ocr_carea' id='block_1_81' title="bbox 2103 3817 3747 3892">
    <p class='ocr_par' dir='ltr' id='par_1_81' title="bbox 2103 3817 3747 3892">
     <span class='ocr_line' id='line_1_81' title="bbox 2103 3817 3747 3892; baseline -0.004 -16"><span class='ocrx_word' id='word_1_607' title='bbox 2103 3822 2414 3892; x_wconf 23' lang='grc' dir='ltr'>,διαφόρων</span> <span class='ocrx_word' id='word_1_608' title='bbox 2465 3820 2566 3874; x_wconf 67' lang='grc' dir='ltr'><strong>καὶ</strong></span> <span class='ocrx_word' id='word_1_609' title='bbox 2611 3818 2939 3889; x_wconf 82' lang='grc' dir='ltr'>ἀσυγχύτως</span> <span class='ocrx_word' id='word_1_610' title='bbox 2993 3817 3292 3890; x_wconf 83' lang='grc' dir='ltr'>ήνωμένων</span> <span class='ocrx_word' id='word_1_611' title='bbox 3346 3821 3482 3887; x_wconf 78' lang='grc' dir='ltr'>μιᾶς</span> <span class='ocrx_word' id='word_1_612' title='bbox 3529 3818 3747 3888; x_wconf 84' lang='grc' dir='ltr'>φύσεως</span> 
     </span>
    </p>
   </div>
   <div class='ocr_carea' id='block_1_82' title="bbox 2138 3911 3746 3986">
    <p class='ocr_par' dir='ltr' id='par_1_82' title="bbox 2138 3911 3746 3986">
     <span class='ocr_line' id='line_1_82' title="bbox 2138 3911 3746 3986; baseline -0.006 -14"><span class='ocrx_word' id='word_1_613' title='bbox 2138 3918 2498 3986; x_wconf 78' lang='grc' dir='ltr'>ἀποτελῆται,</span> <span class='ocrx_word' id='word_1_614' title='bbox 2532 3915 2633 3969; x_wconf 81' lang='grc' dir='ltr'>οὐκ</span> <span class='ocrx_word' id='word_1_615' title='bbox 2668 3915 2909 3985; x_wconf 85' lang='grc' dir='ltr'>ἐγχωρεῖ</span> <span class='ocrx_word' id='word_1_616' title='bbox 2929 3913 3020 3966; x_wconf 89' lang='grc' dir='ltr'><strong>τὸν</strong></span> <span class='ocrx_word' id='word_1_617' title='bbox 3070 3913 3309 3981; x_wconf 81' lang='grc' dir='ltr'>Χριστὸν</span> <span class='ocrx_word' id='word_1_618' title='bbox 3341 3915 3477 3981; x_wconf 81' lang='grc' dir='ltr'>μιᾶς</span> <span class='ocrx_word' id='word_1_619' title='bbox 3526 3911 3746 3981; x_wconf 88' lang='grc' dir='ltr'>φύσεως</span> 
     </span>
    </p>
   </div>
   <div class='ocr_carea' id='block_1_83' title="bbox 2148 4004 3740 4077">
    <p class='ocr_par' dir='ltr' id='par_1_83' title="bbox 2148 4004 3740 4077">
     <span class='ocr_line' id='line_1_83' title="bbox 2148 4004 3740 4077; baseline -0.007 -11"><span class='ocrx_word' id='word_1_620' title='bbox 2148 4008 2556 4077; x_wconf 82' lang='grc' dir='ltr'>ἀποτελεῖσθαι,</span> <span class='ocrx_word' id='word_1_621' title='bbox 2611 4007 2782 4061; x_wconf 71' lang='grc' dir='ltr'>εἶκαὶ</span> <span class='ocrx_word' id='word_1_622' title='bbox 2834 4007 3001 4069; x_wconf 81' lang='grc' dir='ltr'>αύτὺς</span> <span class='ocrx_word' id='word_1_623' title='bbox 3035 4006 3102 4060; x_wconf 82' lang='grc' dir='ltr'>ὲκ</span> <span class='ocrx_word' id='word_1_624' title='bbox 3159 4005 3440 4075; x_wconf 83' lang='grc' dir='ltr'>διαφόρων</span> <span class='ocrx_word' id='word_1_625' title='bbox 3503 4004 3740 4073; x_wconf 81' lang='grc' dir='ltr'>φύσεων,</span> 
     </span>
    </p>
   </div>
   <div class='ocr_carea' id='block_1_84' title="bbox 2150 4096 3744 4170">
    <p class='ocr_par' dir='ltr' id='par_1_84' title="bbox 2150 4096 3744 4170">
     <span class='ocr_line' id='line_1_84' title="bbox 2150 4096 3744 4170; baseline -0.006 -16"><span class='ocrx_word' id='word_1_626' title='bbox 2150 4100 2402 4170; x_wconf 83' lang='grc' dir='ltr'>θεότητός</span> <span class='ocrx_word' id='word_1_627' title='bbox 2418 4117 2501 4163; x_wconf 88' lang='grc' dir='ltr'><strong>τε,</strong></span> <span class='ocrx_word' id='word_1_628' title='bbox 2526 4099 2694 4169; x_wconf 78' lang='grc' dir='ltr'>φημὶ,</span> <span class='ocrx_word' id='word_1_629' title='bbox 2736 4099 2828 4151; x_wconf 75' lang='grc' dir='ltr'>καὶ</span> <span class='ocrx_word' id='word_1_630' title='bbox 2851 4097 3292 4170; x_wconf 84' lang='grc' dir='ltr'>ἀνθρωπότητος,</span> <span class='ocrx_word' id='word_1_631' title='bbox 3322 4096 3657 4162; x_wconf 85' lang='grc' dir='ltr'>συντίθεται,</span> <span class='ocrx_word' id='word_1_632' title='bbox 3681 4096 3744 4146; x_wconf 85' lang='grc' dir='ltr'><strong>ἐκ</strong></span> 
     </span>
    </p>
   </div>
   <div class='ocr_carea' id='block_1_85' title="bbox 2147 4186 3746 4263">
    <p class='ocr_par' dir='ltr' id='par_1_85' title="bbox 2147 4186 3746 4263">
     <span class='ocr_line' id='line_1_85' title="bbox 2147 4186 3746 4263; baseline -0.008 -15"><span class='ocrx_word' id='word_1_633' title='bbox 2147 4193 2316 4248; x_wconf 81' lang='grc' dir='ltr'>τῶνδε</span> <span class='ocrx_word' id='word_1_634' title='bbox 2343 4193 2522 4263; x_wconf 83' lang='grc' dir='ltr'>δῆλον.</span> <span class='ocrx_word' id='word_1_635' title='bbox 2562 4198 2633 4247; x_wconf 84' lang='grc' dir='ltr'>α’.</span> <span class='ocrx_word' id='word_1_636' title='bbox 2661 4193 2778 4246; x_wconf 77' lang='grc' dir='ltr'><strong>Πᾶν</strong></span> <span class='ocrx_word' id='word_1_637' title='bbox 2801 4191 2862 4245; x_wconf 82' lang='grc' dir='ltr'><strong>τὸ</strong></span> <span class='ocrx_word' id='word_1_638' title='bbox 2887 4192 2952 4244; x_wconf 84' lang='grc' dir='ltr'><strong>ἐκ</strong></span> <span class='ocrx_word' id='word_1_639' title='bbox 2981 4191 3258 4261; x_wconf 79' lang='grc' dir='ltr'>διαφόρων</span> <span class='ocrx_word' id='word_1_640' title='bbox 3285 4191 3506 4258; x_wconf 74' lang='grc' dir='ltr'>φύσεων</span> <span class='ocrx_word' id='word_1_641' title='bbox 3531 4186 3746 4254; x_wconf 88' lang='grc' dir='ltr'>συγκεί-</span> 
     </span>
    </p>
   </div>
   <div class='ocr_carea' id='block_1_86' title="bbox 2152 4278 3745 4359">
    <p class='ocr_par' dir='ltr' id='par_1_86' title="bbox 2152 4278 3745 4359">
     <span class='ocr_line' id='line_1_86' title="bbox 2152 4278 3745 4359; baseline -0.006 -20"><span class='ocrx_word' id='word_1_642' title='bbox 2152 4305 2314 4359; x_wconf 88' lang='grc' dir='ltr'>μενον</span> <span class='ocrx_word' id='word_1_643' title='bbox 2345 4289 2477 4358; x_wconf 80' lang='grc' dir='ltr'>μιᾶς</span> <span class='ocrx_word' id='word_1_644' title='bbox 2516 4285 2735 4355; x_wconf 83' lang='grc' dir='ltr'>φύσεως</span> <span class='ocrx_word' id='word_1_645' title='bbox 2773 4283 3145 4347; x_wconf 85' lang='grc' dir='ltr'>ἀποτελεῖται,</span> <span class='ocrx_word' id='word_1_646' title='bbox 3179 4283 3346 4350; x_wconf 84' lang='grc' dir='ltr'>ἡνίκα</span> <span class='ocrx_word' id='word_1_647' title='bbox 3395 4283 3458 4336; x_wconf 88' lang='grc' dir='ltr'>τὸ</span> <span class='ocrx_word' id='word_1_648' title='bbox 3491 4278 3745 4334; x_wconf 86' lang='grc' dir='ltr'>συντεθὲν</span> 
     </span>
    </p>
   </div>
   <div class='ocr_carea' id='block_1_87' title="bbox 2145 4371 3744 4450">
    <p class='ocr_par' dir='ltr' id='par_1_87' title="bbox 2145 4371 3744 4450">
     <span class='ocr_line' id='line_1_87' title="bbox 2145 4371 3744 4450; baseline -0.008 -15"><span class='ocrx_word' id='word_1_649' title='bbox 2145 4381 2256 4435; x_wconf 82' lang='grc' dir='ltr'><strong>τῶν</strong></span> <span class='ocrx_word' id='word_1_650' title='bbox 2285 4378 2736 4450; x_wconf 76' lang='grc' dir='ltr'>συντεθειμένων,</span> <span class='ocrx_word' id='word_1_651' title='bbox 2793 4375 2921 4431; x_wconf 75' lang='grc' dir='ltr'>οὔτε</span> <span class='ocrx_word' id='word_1_652' title='bbox 2962 4376 3063 4440; x_wconf 82' lang='grc' dir='ltr'>τὰς</span> <span class='ocrx_word' id='word_1_653' title='bbox 3096 4376 3419 4443; x_wconf 77' lang='grc' dir='ltr'>ὀνομασίας,</span> <span class='ocrx_word' id='word_1_654' title='bbox 3474 4374 3604 4428; x_wconf 72' lang='grc' dir='ltr'>οὔτε</span> <span class='ocrx_word' id='word_1_655' title='bbox 3638 4371 3744 4442; x_wconf 79' lang='grc' dir='ltr'>μὴν</span> 
     </span>
    </p>
   </div>
   <div class='ocr_carea' id='block_1_88' title="bbox 2142 4462 3743 4541">
    <p class='ocr_par' dir='ltr' id='par_1_88' title="bbox 2142 4462 3743 4541">
     <span class='ocr_line' id='line_1_88' title="bbox 2142 4462 3743 4541; baseline -0.007 -13"><span class='ocrx_word' id='word_1_656' title='bbox 2142 4474 2268 4537; x_wconf 75' lang='grc' dir='ltr'>τοὺς</span> <span class='ocrx_word' id='word_1_657' title='bbox 2296 4473 2488 4541; x_wconf 77' lang='grc' dir='ltr'>λόγους</span> <span class='ocrx_word' id='word_1_658' title='bbox 2522 4471 2728 4525; x_wconf 87' lang='grc' dir='ltr'>τούτων</span> <span class='ocrx_word' id='word_1_659' title='bbox 2767 4470 3098 4540; x_wconf 76' lang='grc' dir='ltr'>ἐπιδέχεται,</span> <span class='ocrx_word' id='word_1_660' title='bbox 3129 4462 3242 4521; x_wconf 74' lang='grc' dir='ltr'>οἷόν</span> <span class='ocrx_word' id='word_1_661' title='bbox 3274 4485 3438 4538; x_wconf 86' lang='grc' dir='ltr'>φημι,</span> <span class='ocrx_word' id='word_1_662' title='bbox 3472 4470 3502 4520; x_wconf 86' lang='lat'><strong>6</strong></span> <span class='ocrx_word' id='word_1_663' title='bbox 3531 4464 3743 4536; x_wconf 83' lang='grc' dir='ltr'>ἀνθρω-</span> 
     </span>
    </p>
   </div>
   <div class='ocr_carea' id='block_1_89' title="bbox 453 4559 2043 4638">
    <p class='ocr_par' dir='ltr' id='par_1_89' title="bbox 453 4566 2040 4637">
     <span class='ocr_line' id='line_1_89' title="bbox 453 4566 2040 4637; baseline -0.001 -16"><span class='ocrx_word' id='word_1_664' title='bbox 453 4566 690 4636; x_wconf 80' lang='lat' dir='ltr'><strong>partium</strong></span> <span class='ocrx_word' id='word_1_665' title='bbox 732 4567 956 4622; x_wconf 81' lang='lat' dir='ltr'><strong>nomina</strong></span> <span class='ocrx_word' id='word_1_666' title='bbox 999 4567 1216 4636; x_wconf 87' lang='lat' dir='ltr'><strong>proprie</strong></span> <span class='ocrx_word' id='word_1_667' title='bbox 1247 4576 1302 4622; x_wconf 88' lang='lat' dir='ltr'><strong>et</strong></span> <span class='ocrx_word' id='word_1_668' title='bbox 1344 4567 1584 4622; x_wconf 86' lang='lat' dir='ltr'><strong>rationes</strong></span> <span class='ocrx_word' id='word_1_669' title='bbox 1608 4581 1714 4621; x_wconf 90' lang='lat' dir='ltr'><strong>non</strong></span> <span class='ocrx_word' id='word_1_670' title='bbox 1765 4567 2040 4637; x_wconf 82' lang='lat' dir='ltr'><strong>suscipit;</strong></span> 
     </span>
    </p>
   </div>
   <div class='ocr_carea' id='block_1_90' title="bbox 2147 4559 3746 4638">
    <p class='ocr_par' dir='ltr' id='par_1_90' title="bbox 2151 4559 3746 4638">
     <span class='ocr_line' id='line_1_90' title="bbox 2151 4559 3746 4638; baseline -0.007 -18"><span class='ocrx_word' id='word_1_671' title='bbox 2151 4584 2249 4630; x_wconf 81' lang='grc' dir='ltr'><strong>πος</strong></span> <span class='ocrx_word' id='word_1_672' title='bbox 2296 4567 2395 4638; x_wconf 85' lang='grc' dir='ltr'><strong>μία</strong></span> <span class='ocrx_word' id='word_1_673' title='bbox 2421 4565 2584 4636; x_wconf 81' lang='grc' dir='ltr'>φύσις</span> <span class='ocrx_word' id='word_1_674' title='bbox 2613 4565 2961 4619; x_wconf 84' lang='grc' dir='ltr'>ἀποτελεῖται</span> <span class='ocrx_word' id='word_1_675' title='bbox 2992 4562 3270 4628; x_wconf 86' lang='grc' dir='ltr'>σύνθετος,</span> <span class='ocrx_word' id='word_1_676' title='bbox 3304 4562 3498 4632; x_wconf 85' lang='grc' dir='ltr'>ἐπειδὴ</span> <span class='ocrx_word' id='word_1_677' title='bbox 3525 4559 3636 4614; x_wconf 86' lang='grc' dir='ltr'><strong>τῶν</strong></span> <span class='ocrx_word' id='word_1_678' title='bbox 3656 4573 3746 4628; x_wconf 87' lang='grc' dir='ltr'>με·</span> 
     </span>
    </p>
   </div>
   <div class='ocr_carea' id='block_1_91' title="bbox 454 4659 2046 4730">
    <p class='ocr_par' dir='ltr' id='par_1_91' title="bbox 454 4659 2046 4730">
     <span class='ocr_line' id='line_1_91' title="bbox 454 4659 2046 4730; baseline 0 -17"><span class='ocrx_word' id='word_1_679' title='bbox 454 4660 790 4728; x_wconf 85' lang='lat' dir='ltr'><strong>nequeenim</strong></span> <span class='ocrx_word' id='word_1_680' title='bbox 808 4659 1066 4725; x_wconf 85' lang='lat' dir='ltr'><strong>dicimus,</strong></span> <span class='ocrx_word' id='word_1_681' title='bbox 1083 4659 1246 4715; x_wconf 91' lang='lat' dir='ltr'><strong>homo</strong></span> <span class='ocrx_word' id='word_1_682' title='bbox 1260 4661 1479 4730; x_wconf 88' lang='lat' dir='ltr'><strong>proprie</strong></span> <span class='ocrx_word' id='word_1_683' title='bbox 1496 4660 1675 4714; x_wconf 87' lang='lat' dir='ltr'><strong>anima</strong></span> <span class='ocrx_word' id='word_1_684' title='bbox 1693 4659 1915 4724; x_wconf 89' lang='lat' dir='ltr'><strong>dieitttr,</strong></span> <span class='ocrx_word' id='word_1_685' title='bbox 1931 4660 2046 4714; x_wconf 91' lang='lat' dir='ltr'><strong>sive</strong></span> 
     </span>
    </p>
   </div>
   <div class='ocr_carea' id='block_1_92' title="bbox 454 4752 2047 4822">
    <p class='ocr_par' dir='ltr' id='par_1_92' title="bbox 454 4752 2047 4822">
     <span class='ocr_line' id='line_1_92' title="bbox 454 4752 2047 4822; baseline -0.001 -16"><span class='ocrx_word' id='word_1_686' title='bbox 454 4766 675 4820; x_wconf 89' lang='lat' dir='ltr'><strong>corpus,</strong></span> <span class='ocrx_word' id='word_1_687' title='bbox 709 4766 886 4821; x_wconf 80' lang='lat' dir='ltr'><strong>neque</strong></span> <span class='ocrx_word' id='word_1_688' title='bbox 921 4753 1164 4808; x_wconf 89' lang='lat' dir='ltr'><strong>rationes</strong></span> <span class='ocrx_word' id='word_1_689' title='bbox 1191 4768 1382 4808; x_wconf 90' lang='lat' dir='ltr'><strong>eorum</strong></span> <span class='ocrx_word' id='word_1_690' title='bbox 1415 4753 1813 4822; x_wconf 85' lang='lat' dir='ltr'><strong>suscipit,licet</strong></span> <span class='ocrx_word' id='word_1_691' title='bbox 1834 4752 2047 4806; x_wconf 87' lang='lat' dir='ltr'><strong>dicatur</strong></span> 
     </span>
    </p>
   </div>
   <div class='ocr_carea' id='block_1_93' title="bbox 455 4845 2048 4916">
    <p class='ocr_par' dir='ltr' id='par_1_93' title="bbox 455 4845 2048 4916">
     <span class='ocr_line' id='line_1_93' title="bbox 455 4845 2048 4916; baseline 0.001 -18"><span class='ocrx_word' id='word_1_692' title='bbox 455 4846 695 4899; x_wconf 87' lang='lat' dir='ltr'><strong>animam</strong></span> <span class='ocrx_word' id='word_1_693' title='bbox 723 4857 776 4900; x_wconf 89' lang='lat' dir='ltr'><strong>et</strong></span> <span class='ocrx_word' id='word_1_694' title='bbox 800 4863 999 4916; x_wconf 90' lang='lat' dir='ltr'><strong>corpus</strong></span> <span class='ocrx_word' id='word_1_695' title='bbox 1042 4847 1261 4903; x_wconf 89' lang='lat' dir='ltr'><strong>habere.</strong></span> <span class='ocrx_word' id='word_1_696' title='bbox 1295 4847 1364 4902; x_wconf 85' lang='lat' dir='ltr'><strong>At</strong></span> <span class='ocrx_word' id='word_1_697' title='bbox 1396 4848 1650 4903; x_wconf 86' lang='lat' dir='ltr'><strong>Christus</strong></span> <span class='ocrx_word' id='word_1_698' title='bbox 1688 4845 1830 4900; x_wconf 89' lang='lat' dir='ltr'><strong>Deus</strong></span> <span class='ocrx_word' id='word_1_699' title='bbox 1864 4855 2048 4901; x_wconf 90' lang='lat' dir='ltr'><strong>noster</strong></span> 
     </span>
    </p>
   </div>
   <div class='ocr_carea' id='block_1_94' title="bbox 451 4937 2050 5009">
    <p class='ocr_par' dir='ltr' id='par_1_94' title="bbox 451 4937 2050 5009">
     <span class='ocr_line' id='line_1_94' title="bbox 451 4937 2050 5009; baseline -0.001 -17"><span class='ocrx_word' id='word_1_700' title='bbox 451 4953 518 4993; x_wconf 81' lang='lat' dir='ltr'><strong>ex</strong></span> <span class='ocrx_word' id='word_1_701' title='bbox 548 4937 748 4993; x_wconf 78' lang='lat' dir='ltr'><strong>deitate</strong></span> <span class='ocrx_word' id='word_1_702' title='bbox 778 4947 850 4993; x_wconf 54' lang='grc' dir='ltr'>λοι</span> <span class='ocrx_word' id='word_1_703' title='bbox 878 4939 1213 4995; x_wconf 85' lang='lat' dir='ltr'><strong>humanitate</strong></span> <span class='ocrx_word' id='word_1_704' title='bbox 1241 4939 1604 5009; x_wconf 87' lang='lat' dir='ltr'><strong>compositus,</strong></span> <span class='ocrx_word' id='word_1_705' title='bbox 1655 4948 1711 4992; x_wconf 88' lang='lat' dir='ltr'><strong>et</strong></span> <span class='ocrx_word' id='word_1_706' title='bbox 1741 4938 1964 4991; x_wconf 87' lang='lat' dir='ltr'><strong>nomina</strong></span> <span class='ocrx_word' id='word_1_707' title='bbox 1996 4945 2050 4992; x_wconf 89' lang='lat' dir='ltr'><strong>et</strong></span> 
     </span>
    </p>
   </div>
   <div class='ocr_carea' id='block_1_95' title="bbox 455 5030 2048 5101">
    <p class='ocr_par' dir='ltr' id='par_1_95' title="bbox 455 5030 2048 5101">
     <span class='ocr_line' id='line_1_95' title="bbox 455 5030 2048 5101; baseline -0.002 -15"><span class='ocrx_word' id='word_1_708' title='bbox 455 5032 700 5086; x_wconf 88' lang='lat' dir='ltr'><strong>rationes</strong></span> <span class='ocrx_word' id='word_1_709' title='bbox 727 5033 962 5101; x_wconf 84' lang='lat' dir='ltr'><strong>partium</strong></span> <span class='ocrx_word' id='word_1_710' title='bbox 995 5031 1233 5086; x_wconf 83' lang='lat' dir='ltr'><strong>admittit</strong></span> <span class='ocrx_word' id='word_1_711' title='bbox 1268 5049 1284 5099; x_wconf 88' lang='lat'><strong>;</strong></span> <span class='ocrx_word' id='word_1_712' title='bbox 1315 5045 1552 5101; x_wconf 89' lang='lat' dir='ltr'><strong>namque</strong></span> <span class='ocrx_word' id='word_1_713' title='bbox 1583 5030 1698 5100; x_wconf 91' lang='lat' dir='ltr'><strong>ipse</strong></span> <span class='ocrx_word' id='word_1_714' title='bbox 1735 5039 1820 5084; x_wconf 90' lang='lat' dir='ltr'><strong>est</strong></span> <span class='ocrx_word' id='word_1_715' title='bbox 1847 5037 2048 5083; x_wconf 85' lang='lat' dir='ltr'><strong>natura</strong></span> 
     </span>
    </p>
   </div>
   <div class='ocr_carea' id='block_1_96' title="bbox 459 5120 2051 5193">
    <p class='ocr_par' dir='ltr' id='par_1_96' title="bbox 459 5120 2051 5193">
     <span class='ocr_line' id='line_1_96' title="bbox 459 5120 2051 5193; baseline 0 -18"><span class='ocrx_word' id='word_1_716' title='bbox 459 5123 600 5179; x_wconf 74' lang='lat' dir='ltr'><strong>Deus</strong></span> <span class='ocrx_word' id='word_1_717' title='bbox 621 5135 674 5179; x_wconf 87' lang='lat' dir='ltr'><strong>et</strong></span> <span class='ocrx_word' id='word_1_718' title='bbox 699 5124 884 5187; x_wconf 86' lang='lat' dir='ltr'><strong>homo,</strong></span> <span class='ocrx_word' id='word_1_719' title='bbox 919 5125 1162 5180; x_wconf 85' lang='lat' dir='ltr'><strong>rationes</strong></span> <span class='ocrx_word' id='word_1_720' title='bbox 1209 5139 1402 5180; x_wconf 76' lang='lat' dir='ltr'><strong>eorum</strong></span> <span class='ocrx_word' id='word_1_721' title='bbox 1423 5122 1762 5193; x_wconf 84' lang='lat' dir='ltr'><strong>suscipiens;</strong></span> <span class='ocrx_word' id='word_1_722' title='bbox 1799 5122 1911 5176; x_wconf 85' lang='lat' dir='ltr'><strong>ﬁeri</strong></span> <span class='ocrx_word' id='word_1_723' title='bbox 1945 5120 2051 5175; x_wconf 85' lang='lat' dir='ltr'><strong>ita-</strong></span> 
     </span>
    </p>
   </div>
   <div class='ocr_carea' id='block_1_97' title="bbox 455 5211 2050 5287">
    <p class='ocr_par' dir='ltr' id='par_1_97' title="bbox 455 5211 2050 5287">
     <span class='ocr_line' id='line_1_97' title="bbox 455 5211 2050 5287; baseline -0.003 -16"><span class='ocrx_word' id='word_1_724' title='bbox 455 5233 564 5286; x_wconf 86' lang='lat' dir='ltr'><strong>que</strong></span> <span class='ocrx_word' id='word_1_725' title='bbox 589 5218 798 5287; x_wconf 88' lang='lat' dir='ltr'><strong>nequit,</strong></span> <span class='ocrx_word' id='word_1_726' title='bbox 826 5227 886 5272; x_wconf 93' lang='lat' dir='ltr'><strong>ut</strong></span> <span class='ocrx_word' id='word_1_727' title='bbox 911 5218 1027 5286; x_wconf 90' lang='lat' dir='ltr'><strong>ipse</strong></span> <span class='ocrx_word' id='word_1_728' title='bbox 1055 5217 1219 5272; x_wconf 85' lang='lat' dir='ltr'><strong>unius</strong></span> <span class='ocrx_word' id='word_1_729' title='bbox 1251 5227 1462 5270; x_wconf 72' lang='lat' dir='ltr'><strong>naturae</strong></span> <span class='ocrx_word' id='word_1_730' title='bbox 1485 5215 1776 5271; x_wconf 81' lang='lat' dir='ltr'><strong>eﬂieiatur.</strong></span> <span class='ocrx_word' id='word_1_731' title='bbox 1808 5214 1863 5268; x_wconf 69' lang='grc'>2.</span> <span class='ocrx_word' id='word_1_732' title='bbox 1889 5211 2050 5279; x_wconf 84' lang='lat' dir='ltr'><strong>Item,</strong></span> 
     </span>
    </p>
   </div>
   <div class='ocr_carea' id='block_1_98' title="bbox 455 5305 2051 5381">
    <p class='ocr_par' dir='ltr' id='par_1_98' title="bbox 455 5305 2051 5381">
     <span class='ocr_line' id='line_1_98' title="bbox 455 5305 2051 5381; baseline -0.003 -15"><span class='ocrx_word' id='word_1_733' title='bbox 455 5309 502 5366; x_wconf 92' lang='grc'>0</span> <span class='ocrx_word' id='word_1_734' title='bbox 527 5325 630 5365; x_wconf 82' lang='lat' dir='ltr'><strong>nne</strong></span> <span class='ocrx_word' id='word_1_735' title='bbox 674 5311 821 5381; x_wconf 89' lang='lat' dir='ltr'><strong>quod</strong></span> <span class='ocrx_word' id='word_1_736' title='bbox 869 5327 934 5364; x_wconf 81' lang='lat' dir='ltr'><strong>ex</strong></span> <span class='ocrx_word' id='word_1_737' title='bbox 970 5310 1204 5365; x_wconf 88' lang='lat' dir='ltr'><strong>diversis</strong></span> <span class='ocrx_word' id='word_1_738' title='bbox 1253 5309 1464 5364; x_wconf 86' lang='lat' dir='ltr'><strong>naturis</strong></span> <span class='ocrx_word' id='word_1_739' title='bbox 1501 5309 1848 5379; x_wconf 87' lang='lat' dir='ltr'><strong>componitur</strong></span> <span class='ocrx_word' id='word_1_740' title='bbox 1886 5305 2051 5362; x_wconf 89' lang='lat' dir='ltr'><strong>unius</strong></span> 
     </span>
    </p>
   </div>
   <div class='ocr_carea' id='block_1_99' title="bbox 459 5401 2051 5473">
    <p class='ocr_par' dir='ltr' id='par_1_99' title="bbox 459 5401 2051 5473">
     <span class='ocr_line' id='line_1_99' title="bbox 459 5401 2051 5473; baseline -0.003 -15"><span class='ocrx_word' id='word_1_741' title='bbox 459 5413 673 5459; x_wconf 62' lang='lat' dir='ltr'><strong>natura</strong></span> <span class='ocrx_word' id='word_1_742' title='bbox 718 5405 996 5468; x_wconf 71' lang='lat' dir='ltr'><strong>effectum,</strong></span> <span class='ocrx_word' id='word_1_743' title='bbox 1037 5403 1186 5458; x_wconf 78' lang='lat' dir='ltr'><strong>aliud</strong></span> <span class='ocrx_word' id='word_1_744' title='bbox 1224 5415 1310 5459; x_wconf 88' lang='lat' dir='ltr'><strong>est</strong></span> <span class='ocrx_word' id='word_1_745' title='bbox 1348 5403 1416 5457; x_wconf 88' lang='lat' dir='ltr'><strong>ab</strong></span> <span class='ocrx_word' id='word_1_746' title='bbox 1452 5402 1541 5468; x_wconf 89' lang='lat' dir='ltr'><strong>iis,</strong></span> <span class='ocrx_word' id='word_1_747' title='bbox 1571 5417 1636 5457; x_wconf 80' lang='lat' dir='ltr'><strong>ex</strong></span> <span class='ocrx_word' id='word_1_748' title='bbox 1671 5401 1870 5473; x_wconf 92' lang='lat' dir='ltr'><strong>quibus</strong></span> <span class='ocrx_word' id='word_1_749' title='bbox 1901 5415 2051 5455; x_wconf 85' lang='lat' dir='ltr'><strong>eom—</strong></span> 
     </span>
    </p>
   </div>
   <div class='ocr_carea' id='block_1_100' title="bbox 462 5495 2053 5569">
    <p class='ocr_par' dir='ltr' id='par_1_100' title="bbox 462 5495 2053 5569">
     <span class='ocr_line' id='line_1_100' title="bbox 462 5495 2053 5569; baseline -0.003 -18"><span class='ocrx_word' id='word_1_750' title='bbox 462 5500 705 5569; x_wconf 91' lang='lat' dir='ltr'><strong>ponitur.</strong></span> <span class='ocrx_word' id='word_1_751' title='bbox 739 5499 804 5553; x_wconf 81' lang='lat' dir='ltr'><strong>At</strong></span> <span class='ocrx_word' id='word_1_752' title='bbox 835 5498 1085 5554; x_wconf 87' lang='lat' dir='ltr'><strong>Christus</strong></span> <span class='ocrx_word' id='word_1_753' title='bbox 1117 5498 1308 5553; x_wconf 89' lang='lat' dir='ltr'><strong>eadem</strong></span> <span class='ocrx_word' id='word_1_754' title='bbox 1336 5506 1421 5553; x_wconf 90' lang='lat' dir='ltr'><strong>est</strong></span> <span class='ocrx_word' id='word_1_755' title='bbox 1444 5537 1458 5561; x_wconf 89' lang='lat'><strong>,</strong></span> <span class='ocrx_word' id='word_1_756' title='bbox 1499 5512 1567 5551; x_wconf 82' lang='lat' dir='ltr'><strong>ex</strong></span> <span class='ocrx_word' id='word_1_757' title='bbox 1595 5495 1796 5566; x_wconf 89' lang='lat' dir='ltr'><strong>quibus</strong></span> <span class='ocrx_word' id='word_1_758' title='bbox 1826 5507 2053 5563; x_wconf 84' lang='lat' dir='ltr'><strong>compo-</strong></span> 
     </span>
    </p>
   </div>
   <div class='ocr_carea' id='block_1_101' title="bbox 467 5587 2052 5661">
    <p class='ocr_par' dir='ltr' id='par_1_101' title="bbox 467 5587 2052 5661">
     <span class='ocr_line' id='line_1_101' title="bbox 467 5587 2052 5661; baseline -0.002 -17"><span class='ocrx_word' id='word_1_759' title='bbox 467 5593 647 5657; x_wconf 86' lang='lat' dir='ltr'><strong>nitur;</strong></span> <span class='ocrx_word' id='word_1_760' title='bbox 668 5591 989 5648; x_wconf 79' lang='lat' dir='ltr'><strong>Deus‘euim</strong></span> <span class='ocrx_word' id='word_1_761' title='bbox 1019 5592 1132 5661; x_wconf 86' lang='lat' dir='ltr'><strong>ipse</strong></span> <span class='ocrx_word' id='word_1_762' title='bbox 1155 5600 1259 5656; x_wconf 91' lang='lat' dir='ltr'><strong>est,</strong></span> <span class='ocrx_word' id='word_1_763' title='bbox 1288 5600 1343 5646; x_wconf 88' lang='lat' dir='ltr'><strong>et</strong></span> <span class='ocrx_word' id='word_1_764' title='bbox 1372 5592 1568 5657; x_wconf 89' lang='lat' dir='ltr'><strong>homo;</strong></span> <span class='ocrx_word' id='word_1_765' title='bbox 1602 5589 1860 5644; x_wconf 91' lang='lat' dir='ltr'><strong>Christus</strong></span> <span class='ocrx_word' id='word_1_766' title='bbox 1885 5587 2052 5657; x_wconf 79' lang='lat' dir='ltr'><strong>igitur</strong></span> 
     </span>
    </p>
   </div>
   <div class='ocr_carea' id='block_1_102' title="bbox 467 5683 2055 5756">
    <p class='ocr_par' dir='ltr' id='par_1_102' title="bbox 467 5683 2055 5756">
     <span class='ocr_line' id='line_1_102' title="bbox 467 5683 2055 5756; baseline -0.001 -18"><span class='ocrx_word' id='word_1_767' title='bbox 467 5699 576 5738; x_wconf 87' lang='lat' dir='ltr'><strong>non</strong></span> <span class='ocrx_word' id='word_1_768' title='bbox 608 5697 692 5740; x_wconf 87' lang='lat' dir='ltr'><strong>est</strong></span> <span class='ocrx_word' id='word_1_769' title='bbox 719 5687 884 5741; x_wconf 90' lang='lat' dir='ltr'><strong>unius</strong></span> <span class='ocrx_word' id='word_1_770' title='bbox 907 5694 1117 5740; x_wconf 61' lang='lat' dir='ltr'><strong>natura;</strong></span> <span class='ocrx_word' id='word_1_771' title='bbox 1140 5694 1262 5756; x_wconf 86' lang='lat' dir='ltr'><strong>post</strong></span> <span class='ocrx_word' id='word_1_772' title='bbox 1288 5685 1568 5741; x_wconf 84' lang='lat' dir='ltr'><strong>unionem.</strong></span> <span class='ocrx_word' id='word_1_773' title='bbox 1592 5685 1645 5739; x_wconf 79' lang='grc'>5.</span> <span class='ocrx_word' id='word_1_774' title='bbox 1664 5683 2055 5751; x_wconf 79' lang='lat' dir='ltr'><strong>Cujuscunque</strong></span> 
     </span>
    </p>
   </div>
   <div class='ocr_carea' id='block_1_103' title="bbox 464 5771 2054 5845">
    <p class='ocr_par' dir='ltr' id='par_1_103' title="bbox 464 5771 2054 5845">
     <span class='ocr_line' id='line_1_103' title="bbox 464 5771 2054 5845; baseline -0.001 -18"><span class='ocrx_word' id='word_1_775' title='bbox 464 5772 611 5841; x_wconf 89' lang='lat' dir='ltr'><strong>quod</strong></span> <span class='ocrx_word' id='word_1_776' title='bbox 642 5775 804 5828; x_wconf 86' lang='lat' dir='ltr'><strong>unius</strong></span> <span class='ocrx_word' id='word_1_777' title='bbox 829 5785 1038 5829; x_wconf 80' lang='lat' dir='ltr'><strong>naturae</strong></span> <span class='ocrx_word' id='word_1_778' title='bbox 1064 5782 1187 5845; x_wconf 87' lang='lat' dir='ltr'><strong>post</strong></span> <span class='ocrx_word' id='word_1_779' title='bbox 1211 5775 1486 5841; x_wconf 86' lang='lat' dir='ltr'><strong>unionem,</strong></span> <span class='ocrx_word' id='word_1_780' title='bbox 1517 5775 1632 5830; x_wconf 82' lang='lat' dir='ltr'><strong>sive</strong></span> <span class='ocrx_word' id='word_1_781' title='bbox 1652 5788 1747 5844; x_wconf 83' lang='lat' dir='ltr'><strong>per</strong></span> <span class='ocrx_word' id='word_1_782' title='bbox 1774 5771 2054 5828; x_wconf 79' lang='lat' dir='ltr'><strong>conlusio-</strong></span> 
     </span>
    </p>
   </div>
   <div class='ocr_carea' id='block_1_104' title="bbox 473 5863 2055 5933">
    <p class='ocr_par' dir='ltr' id='par_1_104' title="bbox 473 5863 2055 5933">
     <span class='ocr_line' id='line_1_104' title="bbox 473 5863 2055 5933; baseline 0.001 -17"><span class='ocrx_word' id='word_1_783' title='bbox 473 5875 622 5931; x_wconf 82' lang='lat' dir='ltr'><strong>nem,</strong></span> <span class='ocrx_word' id='word_1_784' title='bbox 655 5863 771 5919; x_wconf 86' lang='lat' dir='ltr'><strong>sive</strong></span> <span class='ocrx_word' id='word_1_785' title='bbox 793 5879 890 5933; x_wconf 92' lang='lat' dir='ltr'><strong>per</strong></span> <span class='ocrx_word' id='word_1_786' title='bbox 919 5865 1180 5922; x_wconf 86' lang='lat' dir='ltr'><strong>unionem</strong></span> <span class='ocrx_word' id='word_1_787' title='bbox 1217 5865 1566 5923; x_wconf 79' lang='lat' dir='ltr'><strong>inconfusam</strong></span> <span class='ocrx_word' id='word_1_788' title='bbox 1595 5864 1848 5930; x_wconf 78' lang='lat' dir='ltr'><strong>efﬁcitur,</strong></span> <span class='ocrx_word' id='word_1_789' title='bbox 1889 5863 2055 5920; x_wconf 88' lang='lat' dir='ltr'><strong>simul</strong></span> 
     </span>
    </p>
   </div>
   <div class='ocr_carea' id='block_1_105' title="bbox 2153 4649 3744 4728">
    <p class='ocr_par' dir='ltr' id='par_1_105' title="bbox 2153 4649 3744 4728">
     <span class='ocr_line' id='line_1_105' title="bbox 2153 4649 3744 4728; baseline -0.006 -18"><span class='ocrx_word' id='word_1_790' title='bbox 2153 4659 2262 4728; x_wconf 85' lang='grc' dir='ltr'>ρῶν</span> <span class='ocrx_word' id='word_1_791' title='bbox 2299 4658 2399 4722; x_wconf 84' lang='grc' dir='ltr'><strong>τὰς</strong></span> <span class='ocrx_word' id='word_1_792' title='bbox 2446 4657 2747 4727; x_wconf 79' lang='grc' dir='ltr'>ὀνομασίας</span> <span class='ocrx_word' id='word_1_793' title='bbox 2799 4655 3008 4725; x_wconf 77' lang='grc' dir='ltr'>κυρίως</span> <span class='ocrx_word' id='word_1_794' title='bbox 3049 4653 3145 4707; x_wconf 77' lang='grc' dir='ltr'><strong>καὶ</strong></span> <span class='ocrx_word' id='word_1_795' title='bbox 3212 4655 3342 4716; x_wconf 83' lang='grc' dir='ltr'>τοὺς</span> <span class='ocrx_word' id='word_1_796' title='bbox 3396 4653 3594 4721; x_wconf 84' lang='grc' dir='ltr'>λόγους</span> <span class='ocrx_word' id='word_1_797' title='bbox 3645 4649 3744 4702; x_wconf 86' lang='grc' dir='ltr'><strong>οὐκ</strong></span> 
     </span>
    </p>
   </div>
   <div class='ocr_carea' id='block_1_106' title="bbox 2149 4745 3742 4823">
    <p class='ocr_par' dir='ltr' id='par_1_106' title="bbox 2149 4745 3742 4823">
     <span class='ocr_line' id='line_1_106' title="bbox 2149 4745 3742 4823; baseline -0.007 -16"><span class='ocrx_word' id='word_1_798' title='bbox 2149 4752 2480 4823; x_wconf 78' lang='grc' dir='ltr'>ἐπιδέχεται.</span> <span class='ocrx_word' id='word_1_799' title='bbox 2533 4751 2669 4806; x_wconf 77' lang='grc' dir='ltr'>Οὐδὲ</span> <span class='ocrx_word' id='word_1_800' title='bbox 2707 4751 2818 4821; x_wconf 72' lang='grc' dir='ltr'><strong>γὰρ</strong></span> <span class='ocrx_word' id='word_1_801' title='bbox 2871 4749 3021 4802; x_wconf 82' lang='grc' dir='ltr'>ἔστιν</span> <span class='ocrx_word' id='word_1_802' title='bbox 3053 4749 3252 4810; x_wconf 84' lang='grc' dir='ltr'>εἰπεῖν,</span> <span class='ocrx_word' id='word_1_803' title='bbox 3284 4748 3367 4800; x_wconf 87' lang='grc' dir='ltr'><strong>ὅτι</strong></span> <span class='ocrx_word' id='word_1_804' title='bbox 3397 4749 3424 4800; x_wconf 86' lang='grc' dir='ltr'><strong>ό</strong></span> <span class='ocrx_word' id='word_1_805' title='bbox 3453 4745 3742 4816; x_wconf 82' lang='grc' dir='ltr'>ἄνθρωπος</span> 
     </span>
    </p>
   </div>
   <div class='ocr_carea' id='block_1_107' title="bbox 2150 4820 3766 4915">
    <p class='ocr_par' dir='ltr' id='par_1_107' title="bbox 2150 4820 3766 4915">
     <span class='ocr_line' id='line_1_107' title="bbox 2150 4820 3766 4915; baseline -0.007 -18"><span class='ocrx_word' id='word_1_806' title='bbox 2150 4820 2354 4915; x_wconf 78' lang='grc' dir='ltr'>κυρίως</span> <span class='ocrx_word' id='word_1_807' title='bbox 2378 4844 2524 4914; x_wconf 81' lang='grc' dir='ltr'>ψυχή</span> <span class='ocrx_word' id='word_1_808' title='bbox 2555 4861 2614 4896; x_wconf 90' lang='grc' dir='ltr'><strong>τε</strong></span> <span class='ocrx_word' id='word_1_809' title='bbox 2644 4820 2883 4911; x_wconf 85' lang='grc' dir='ltr'>λέγεται,</span> <span class='ocrx_word' id='word_1_810' title='bbox 2914 4841 2948 4912; x_wconf 81' lang='grc' dir='ltr'>ἦ</span> <span class='ocrx_word' id='word_1_811' title='bbox 2983 4840 3169 4910; x_wconf 80' lang='grc' dir='ltr'>σῶμα,</span> <span class='ocrx_word' id='word_1_812' title='bbox 3193 4837 3319 4892; x_wconf 79' lang='grc' dir='ltr'>οὔτε</span> <span class='ocrx_word' id='word_1_813' title='bbox 3371 4838 3479 4909; x_wconf 81' lang='grc' dir='ltr'>μὴν</span> <span class='ocrx_word' id='word_1_814' title='bbox 3509 4837 3636 4897; x_wconf 77' lang='grc' dir='ltr'>τοὺς</span> <span class='ocrx_word' id='word_1_815' title='bbox 3659 4820 3766 4906; x_wconf 68' lang='grc' dir='ltr'>λόοξῗ</span> 
     </span>
    </p>
   </div>
   <div class='ocr_carea' id='block_1_108' title="bbox 2149 4926 3740 5006">
    <p class='ocr_par' dir='ltr' id='par_1_108' title="bbox 2149 4926 3740 5006">
     <span class='ocr_line' id='line_1_108' title="bbox 2149 4926 3740 5006; baseline -0.009 -15"><span class='ocrx_word' id='word_1_816' title='bbox 2149 4954 2281 5006; x_wconf 86' lang='grc' dir='ltr'>γους</span> <span class='ocrx_word' id='word_1_817' title='bbox 2299 4937 2481 4991; x_wconf 83' lang='grc' dir='ltr'>αὐτῶν</span> <span class='ocrx_word' id='word_1_818' title='bbox 2503 4936 2837 5006; x_wconf 83' lang='grc' dir='ltr'>ἐπιδέχεται,</span> <span class='ocrx_word' id='word_1_819' title='bbox 2856 4935 2960 4989; x_wconf 78' lang='grc' dir='ltr'>κᾶν</span> <span class='ocrx_word' id='word_1_820' title='bbox 2993 4934 3220 5005; x_wconf 84' lang='grc' dir='ltr'>λέγηται</span> <span class='ocrx_word' id='word_1_821' title='bbox 3243 4931 3424 5003; x_wconf 79' lang='grc' dir='ltr'>ψυχὴν</span> <span class='ocrx_word' id='word_1_822' title='bbox 3457 4930 3553 4984; x_wconf 79' lang='grc' dir='ltr'><strong>καὶ</strong></span> <span class='ocrx_word' id='word_1_823' title='bbox 3585 4926 3740 4996; x_wconf 83' lang='grc' dir='ltr'>σῶμα</span> 
     </span>
    </p>
   </div>
   <div class='ocr_carea' id='block_1_109' title="bbox 2150 5019 3738 5100">
    <p class='ocr_par' dir='ltr' id='par_1_109' title="bbox 2150 5019 3738 5100">
     <span class='ocr_line' id='line_1_109' title="bbox 2150 5019 3738 5100; baseline -0.003 -19"><span class='ocrx_word' id='word_1_824' title='bbox 2150 5028 2315 5100; x_wconf 83' lang='grc' dir='ltr'>ἐχειν.</span> <span class='ocrx_word' id='word_1_825' title='bbox 2353 5027 2411 5081; x_wconf 90' lang='lat'><strong>&#39;0</strong></span> <span class='ocrx_word' id='word_1_826' title='bbox 2439 5027 2496 5080; x_wconf 82' lang='grc' dir='ltr'><strong>δὲ</strong></span> <span class='ocrx_word' id='word_1_827' title='bbox 2533 5027 2598 5099; x_wconf 80' lang='grc' dir='ltr'>δὴ</span> <span class='ocrx_word' id='word_1_828' title='bbox 2628 5026 2863 5099; x_wconf 77' lang='grc' dir='ltr'>Χριστὸς</span> <span class='ocrx_word' id='word_1_829' title='bbox 2886 5028 2915 5078; x_wconf 84' lang='lat'><strong>6</strong></span> <span class='ocrx_word' id='word_1_830' title='bbox 2949 5024 3084 5088; x_wconf 82' lang='grc' dir='ltr'>Θεὸς</span> <span class='ocrx_word' id='word_1_831' title='bbox 3115 5024 3274 5094; x_wconf 75' lang='grc' dir='ltr'>ἡμῶν</span> <span class='ocrx_word' id='word_1_832' title='bbox 3305 5019 3738 5089; x_wconf 76' lang='grc' dir='ltr'>συντεθειμένος,</span> 
     </span>
    </p>
   </div>
   <div class='ocr_carea' id='block_1_110' title="bbox 2152 5112 3744 5190">
    <p class='ocr_par' dir='ltr' id='par_1_110' title="bbox 2152 5112 3744 5190">
     <span class='ocr_line' id='line_1_110' title="bbox 2152 5112 3744 5190; baseline -0.01 -15"><span class='ocrx_word' id='word_1_833' title='bbox 2152 5122 2217 5176; x_wconf 87' lang='grc' dir='ltr'><strong>ἐκ</strong></span> <span class='ocrx_word' id='word_1_834' title='bbox 2245 5119 2519 5190; x_wconf 87' lang='grc' dir='ltr'>θεότητος,</span> <span class='ocrx_word' id='word_1_835' title='bbox 2547 5120 2712 5190; x_wconf 76' lang='grc' dir='ltr'>φημὶ,</span> <span class='ocrx_word' id='word_1_836' title='bbox 2739 5119 2834 5172; x_wconf 78' lang='grc' dir='ltr'><strong>καὶ</strong></span> <span class='ocrx_word' id='word_1_837' title='bbox 2859 5117 2960 5172; x_wconf 88' lang='grc' dir='ltr'><strong>ἀνθ</strong></span> <span class='ocrx_word' id='word_1_838' title='bbox 2971 5118 3303 5187; x_wconf 82' lang='grc' dir='ltr'>ρωπότητος,</span> <span class='ocrx_word' id='word_1_839' title='bbox 3323 5115 3417 5167; x_wconf 81' lang='grc' dir='ltr'><strong>καὶ</strong></span> <span class='ocrx_word' id='word_1_840' title='bbox 3432 5113 3530 5176; x_wconf 84' lang='grc' dir='ltr'>τὰς</span> <span class='ocrx_word' id='word_1_841' title='bbox 3547 5112 3744 5178; x_wconf 84' lang='grc' dir='ltr'>ὀνομα-</span> 
     </span>
    </p>
   </div>
   <div class='ocr_carea' id='block_1_111' title="bbox 2154 5197 3742 5282">
    <p class='ocr_par' dir='ltr' id='par_1_111' title="bbox 2154 5197 3742 5282">
     <span class='ocr_line' id='line_1_111' title="bbox 2154 5197 3742 5282; baseline -0.011 -13"><span class='ocrx_word' id='word_1_842' title='bbox 2154 5215 2277 5278; x_wconf 89' lang='grc' dir='ltr'>σίας</span> <span class='ocrx_word' id='word_1_843' title='bbox 2303 5215 2400 5270; x_wconf 71' lang='grc' dir='ltr'><strong>καὶ</strong></span> <span class='ocrx_word' id='word_1_844' title='bbox 2426 5215 2558 5277; x_wconf 81' lang='grc' dir='ltr'>τοὺς</span> <span class='ocrx_word' id='word_1_845' title='bbox 2601 5212 2798 5282; x_wconf 74' lang='grc' dir='ltr'>λόγους</span> <span class='ocrx_word' id='word_1_846' title='bbox 2826 5211 2936 5264; x_wconf 84' lang='grc' dir='ltr'><strong>τῶν</strong></span> <span class='ocrx_word' id='word_1_847' title='bbox 2977 5209 3164 5280; x_wconf 77' lang='grc' dir='ltr'>μερῶν</span> <span class='ocrx_word' id='word_1_848' title='bbox 3193 5207 3532 5277; x_wconf 87' lang='grc' dir='ltr'>ἐπιδέχεται.</span> <span class='ocrx_word' id='word_1_849' title='bbox 3568 5203 3627 5254; x_wconf 85' lang='grc' dir='ltr'>Ὀ</span> <span class='ocrx_word' id='word_1_850' title='bbox 3653 5197 3742 5250; x_wconf 86' lang='grc' dir='ltr'>αὑ·</span> 
     </span>
    </p>
   </div>
   <div class='ocr_carea' id='block_1_112' title="bbox 2151 5294 3736 5379">
    <p class='ocr_par' dir='ltr' id='par_1_112' title="bbox 2151 5294 3736 5379">
     <span class='ocr_line' id='line_1_112' title="bbox 2151 5294 3736 5379; baseline -0.008 -17"><span class='ocrx_word' id='word_1_851' title='bbox 2151 5307 2245 5371; x_wconf 77' lang='grc' dir='ltr'>τὸς</span> <span class='ocrx_word' id='word_1_852' title='bbox 2263 5307 2374 5379; x_wconf 80' lang='grc' dir='ltr'><strong>γάρ</strong></span> <span class='ocrx_word' id='word_1_853' title='bbox 2397 5308 2513 5361; x_wconf 82' lang='grc' dir='ltr'>ἐστι</span> <span class='ocrx_word' id='word_1_854' title='bbox 2545 5305 2680 5370; x_wconf 77' lang='grc' dir='ltr'>Θεὸς</span> <span class='ocrx_word' id='word_1_855' title='bbox 2701 5306 2797 5360; x_wconf 80' lang='grc' dir='ltr'>καὶ</span> <span class='ocrx_word' id='word_1_856' title='bbox 2830 5302 3120 5375; x_wconf 81' lang='grc' dir='ltr'>ἄνθρωπος</span> <span class='ocrx_word' id='word_1_857' title='bbox 3166 5301 3349 5372; x_wconf 83' lang='grc' dir='ltr'>φύσει,</span> <span class='ocrx_word' id='word_1_858' title='bbox 3377 5300 3506 5360; x_wconf 84' lang='grc' dir='ltr'>τοὺς</span> <span class='ocrx_word' id='word_1_859' title='bbox 3537 5294 3736 5359; x_wconf 80' lang='grc' dir='ltr'>λόγους</span> 
     </span>
    </p>
   </div>
   <div class='ocr_carea' id='block_1_113' title="bbox 2153 5383 3726 5468">
    <p class='ocr_par' dir='ltr' id='par_1_113' title="bbox 2153 5383 3726 5468">
     <span class='ocr_line' id='line_1_113' title="bbox 2153 5383 3726 5468; baseline -0.014 -12"><span class='ocrx_word' id='word_1_860' title='bbox 2153 5399 2334 5456; x_wconf 82' lang='grc' dir='ltr'>αὐτῶν</span> <span class='ocrx_word' id='word_1_861' title='bbox 2365 5397 2772 5468; x_wconf 80' lang='grc' dir='ltr'>ἐπιδεχόμενος.</span> <span class='ocrx_word' id='word_1_862' title='bbox 2808 5395 2923 5450; x_wconf 83' lang='grc' dir='ltr'>οὐκ</span> <span class='ocrx_word' id='word_1_863' title='bbox 2956 5394 3064 5465; x_wconf 81' lang='grc' dir='ltr'>ἄρα</span> <span class='ocrx_word' id='word_1_864' title='bbox 3101 5394 3231 5463; x_wconf 80' lang='grc' dir='ltr'>μιᾶς</span> <span class='ocrx_word' id='word_1_865' title='bbox 3259 5391 3474 5462; x_wconf 80' lang='grc' dir='ltr'>φύσεως</span> <span class='ocrx_word' id='word_1_866' title='bbox 3524 5383 3726 5450; x_wconf 75' lang='grc' dir='ltr'>ἐνδέχε-</span> 
     </span>
    </p>
   </div>
   <div class='ocr_carea' id='block_1_114' title="bbox 2153 5473 3734 5553">
    <p class='ocr_par' dir='ltr' id='par_1_114' title="bbox 2153 5473 3734 5553">
     <span class='ocr_line' id='line_1_114' title="bbox 2153 5473 3734 5553; baseline -0.016 -6"><span class='ocrx_word' id='word_1_867' title='bbox 2153 5511 2247 5547; x_wconf 89' lang='grc' dir='ltr'><strong>ται</strong></span> <span class='ocrx_word' id='word_1_868' title='bbox 2275 5491 2438 5546; x_wconf 85' lang='grc' dir='ltr'>αὐτὸν</span> <span class='ocrx_word' id='word_1_869' title='bbox 2469 5487 2875 5545; x_wconf 82' lang='grc' dir='ltr'>ἀποτελεῖσθαι.</span> <span class='ocrx_word' id='word_1_870' title='bbox 2935 5487 3046 5540; x_wconf 75' lang='grc' dir='ltr'>Καὶ</span> <span class='ocrx_word' id='word_1_871' title='bbox 3090 5485 3286 5548; x_wconf 87' lang='grc' dir='ltr'>ἄλλως.</span> <span class='ocrx_word' id='word_1_872' title='bbox 3325 5481 3392 5553; x_wconf 82' lang='grc' dir='ltr'><strong>β’.</strong></span> <span class='ocrx_word' id='word_1_873' title='bbox 3425 5481 3539 5534; x_wconf 70' lang='grc' dir='ltr'><strong>Πᾶν</strong></span> <span class='ocrx_word' id='word_1_874' title='bbox 3567 5475 3628 5528; x_wconf 81' lang='grc' dir='ltr'><strong>τὸ</strong></span> <span class='ocrx_word' id='word_1_875' title='bbox 3671 5473 3734 5524; x_wconf 86' lang='grc' dir='ltr'><strong>ἐκ</strong></span> 
     </span>
    </p>
   </div>
   <div class='ocr_carea' id='block_1_115' title="bbox 2156 5561 3732 5656">
    <p class='ocr_par' dir='ltr' id='par_1_115' title="bbox 2156 5561 3732 5656">
     <span class='ocr_line' id='line_1_115' title="bbox 2156 5561 3732 5656; baseline -0.006 -18"><span class='ocrx_word' id='word_1_876' title='bbox 2156 5584 2428 5656; x_wconf 80' lang='grc' dir='ltr'>διαφόρων</span> <span class='ocrx_word' id='word_1_877' title='bbox 2455 5581 2672 5651; x_wconf 78' lang='grc' dir='ltr'>φύσεων</span> <span class='ocrx_word' id='word_1_878' title='bbox 2705 5579 2960 5636; x_wconf 86' lang='grc' dir='ltr'>σύνθετον</span> <span class='ocrx_word' id='word_1_879' title='bbox 3005 5575 3442 5646; x_wconf 83' lang='grc' dir='ltr'>ἀποτελούμενον</span> <span class='ocrx_word' id='word_1_880' title='bbox 3472 5570 3604 5642; x_wconf 76' lang='grc' dir='ltr'>μιᾶς</span> <span class='ocrx_word' id='word_1_881' title='bbox 3633 5561 3732 5631; x_wconf 73' lang='grc' dir='ltr'><strong>φύ-</strong></span> 
     </span>
    </p>
   </div>
   <div class='ocr_carea' id='block_1_116' title="bbox 2160 5658 3735 5747">
    <p class='ocr_par' dir='ltr' id='par_1_116' title="bbox 2160 5658 3735 5747">
     <span class='ocr_line' id='line_1_116' title="bbox 2160 5658 3735 5747; baseline -0.01 -16"><span class='ocrx_word' id='word_1_882' title='bbox 2160 5696 2319 5743; x_wconf 77' lang='grc' dir='ltr'>σεως,</span> <span class='ocrx_word' id='word_1_883' title='bbox 2351 5677 2538 5747; x_wconf 74' lang='grc' dir='ltr'>ἕτερόν</span> <span class='ocrx_word' id='word_1_884' title='bbox 2567 5694 2619 5729; x_wconf 89' lang='grc' dir='ltr'><strong>τι</strong></span> <span class='ocrx_word' id='word_1_885' title='bbox 2643 5674 2794 5744; x_wconf 85' lang='grc' dir='ltr'><strong>παρά</strong></span> <span class='ocrx_word' id='word_1_886' title='bbox 2826 5672 2894 5726; x_wconf 76' lang='grc' dir='ltr'>τὰ</span> <span class='ocrx_word' id='word_1_887' title='bbox 2925 5670 2983 5736; x_wconf 78' lang='grc' dir='ltr'>ἐξ</span> <span class='ocrx_word' id='word_1_888' title='bbox 3009 5664 3084 5724; x_wconf 81' lang='grc' dir='ltr'>ὧν</span> <span class='ocrx_word' id='word_1_889' title='bbox 3114 5668 3396 5738; x_wconf 84' lang='grc' dir='ltr'>συνετέθη.</span> <span class='ocrx_word' id='word_1_890' title='bbox 3440 5667 3496 5719; x_wconf 84' lang='grc'><strong>’0</strong></span> <span class='ocrx_word' id='word_1_891' title='bbox 3522 5662 3579 5715; x_wconf 78' lang='grc' dir='ltr'>δὲ</span> <span class='ocrx_word' id='word_1_892' title='bbox 3608 5658 3735 5726; x_wconf 67' lang='grc' dir='ltr'>Χρι-</span> 
     </span>
    </p>
   </div>
   <div class='ocr_carea' id='block_1_117' title="bbox 2161 5747 3731 5836">
    <p class='ocr_par' dir='ltr' id='par_1_117' title="bbox 2161 5747 3731 5836">
     <span class='ocr_line' id='line_1_117' title="bbox 2161 5747 3731 5836; baseline -0.006 -11"><span class='ocrx_word' id='word_1_893' title='bbox 2161 5772 2284 5834; x_wconf 86' lang='grc' dir='ltr'>στὸς</span> <span class='ocrx_word' id='word_1_894' title='bbox 2322 5772 2389 5825; x_wconf 72' lang='grc' dir='ltr'>τὰ</span> <span class='ocrx_word' id='word_1_895' title='bbox 2441 5768 2582 5823; x_wconf 87' lang='grc' dir='ltr'><strong>αύτά</strong></span> <span class='ocrx_word' id='word_1_896' title='bbox 2612 5767 2844 5836; x_wconf 84' lang='grc' dir='ltr'>γίνεται,</span> <span class='ocrx_word' id='word_1_897' title='bbox 2900 5763 2960 5830; x_wconf 80' lang='grc' dir='ltr'>ἐξ</span> <span class='ocrx_word' id='word_1_898' title='bbox 2991 5758 3065 5818; x_wconf 84' lang='grc' dir='ltr'>ὧν</span> <span class='ocrx_word' id='word_1_899' title='bbox 3122 5760 3405 5829; x_wconf 83' lang='grc' dir='ltr'>συνετέθη.</span> <span class='ocrx_word' id='word_1_900' title='bbox 3448 5755 3577 5816; x_wconf 77' lang='grc' dir='ltr'>Θεὸς</span> <span class='ocrx_word' id='word_1_901' title='bbox 3628 5747 3731 5816; x_wconf 84' lang='grc' dir='ltr'>γάρ</span> 
     </span>
    </p>
   </div>
   <div class='ocr_carea' id='block_1_118' title="bbox 2160 5839 3732 5929">
    <p class='ocr_par' dir='ltr' id='par_1_118' title="bbox 2160 5839 3732 5929">
     <span class='ocr_line' id='line_1_118' title="bbox 2160 5839 3732 5929; baseline -0.011 -12"><span class='ocrx_word' id='word_1_902' title='bbox 2160 5867 2309 5917; x_wconf 82' lang='grc' dir='ltr'>ἐστιν</span> <span class='ocrx_word' id='word_1_903' title='bbox 2335 5863 2363 5916; x_wconf 86' lang='lat'><strong>6</strong></span> <span class='ocrx_word' id='word_1_904' title='bbox 2386 5861 2548 5925; x_wconf 77' lang='grc' dir='ltr'>αὐτὸς</span> <span class='ocrx_word' id='word_1_905' title='bbox 2587 5860 2682 5914; x_wconf 80' lang='grc' dir='ltr'>καὶ</span> <span class='ocrx_word' id='word_1_906' title='bbox 2712 5857 3018 5929; x_wconf 82' lang='grc' dir='ltr'>ἄνθρωπος.</span> <span class='ocrx_word' id='word_1_907' title='bbox 3059 5855 3117 5909; x_wconf 89' lang='grc' dir='ltr'><strong>Ὀ</strong></span> <span class='ocrx_word' id='word_1_908' title='bbox 3140 5854 3374 5923; x_wconf 82' lang='grc' dir='ltr'>Χριστὸς</span> <span class='ocrx_word' id='word_1_909' title='bbox 3397 5851 3502 5921; x_wconf 79' lang='grc' dir='ltr'><strong>ἀρα</strong></span> <span class='ocrx_word' id='word_1_910' title='bbox 3528 5845 3584 5899; x_wconf 84' lang='grc' dir='ltr'><strong>οὐ</strong></span> <span class='ocrx_word' id='word_1_911' title='bbox 3611 5839 3732 5912; x_wconf 77' lang='grc' dir='ltr'>μιᾶς</span> 
     </span>
    </p>
   </div>
  </div>
