4064 6456
482 436 592 501 637

1333 428 1770 492 REFUTATIO
1792 422 2176 489 EPISTOLfE
2214 377 2448 485 REGIS
2482 424 2875 486 ARMENIE.

3622 428 3735 498 638

480 551 600 603 ἔστι
628 543 843 615 φύσεως
879 543 1018 616 μετά
1063 542 1164 614 τὴν
1215 542 1428 597 ἕνωσιν.
1485 547 1555 609 γ’.
1585 541 1649 595 El
1694 541 1805 595 πᾶν
1833 539 1895 592 τὸ
1924 539 2055 610 μιᾶς

2157 546 2341 607 partes
2369 537 2693 603 subsistunt,
2724 538 2877 595 verbi
2910 537 3110 612 gratia,
3138 538 3304 596 homo
3326 538 3494 596 unius
3520 550 3732 599 natura

480 637 699 707 φύσεως
734 633 873 707 μετὰ
898 634 997 706 τὴν
1034 633 1230 688 ἕνωσιν
1273 631 1728 703 ἀποτελούμενον,
1761 628 1873 684 εἴτε
1929 630 2049 685 κατ’

477 727 742 797 ἀνάχυσιν
770 725 1139 792 ἀποτελεῖται,
1180 723 1292 779 εἴτε
1319 722 1444 779 καθ’
1478 723 1676 781 ἕνωσιν
1722 722 2052 792 ἀσὺγχυτον,

481 818 865 873 συνυπόστατά
889 819 994 873 εισι
1019 817 1088 872 τά
1115 816 1307 872 τούτου
1340 817 1482 889 μέρη
1508 834 1522 849 ⁸
1552 813 1663 871 οἷόν
1686 831 1848 887 φημι·
1884 812 1946 868 ‘0
1959 815 2053 870 ἄν-

479 911 700 984 θρωπος
725 910 1158 976 ἀποτελούμενος
1190 911 1320 981 μιᾶς
1359 909 1596 978 φύσεως,
1646 908 1717 963 τὰ
1745 907 1889 979 μέρη
1939 908 2051 978 ἔχει

479 1000 859 1055 συνυπόστατα
878 1013 894 1029 ⁸
925 1001 955 1053 ό
982 997 1038 1053 δὲ
1070 997 1306 1070 Χριστὸς
1350 998 1448 1069 οὑχ
1488 997 1683 1063 οὕτως,
1715 996 1830 1051 ἀλλ’
1865 1000 1893 1051 ὀ
1938 998 2052 1051 Κυ-

478 1092 670 1165 pauo;
693 1091 979 1163 ἄνθρωπος
1008 1092 1068 1145 ὲν
1099 1093 1167 1163 τῇ
1197 1091 1490 1144 ὑποστάσει
1541 1090 1637 1145 τοῦ
1693 1089 1829 1144 Θεοῦ
1876 1090 2049 1158 Λόγου

477 1183 687 1253 enim
737 1180 1248 1253 ἐτεροῦποστάτως,
1290 1181 1388 1251 οὑχ
1435 1179 1511 1244 ὡς
1565 1181 1628 1234 τὸ
1679 1180 2049 1250 συμϐεϐηκὸς,

475 1273 661 1342 ἄπαγε
684 1287 699 1302 ⁸
733 1272 803 1328 τά
824 1273 935 1345 γὰρ
964 1272 1352 1342 συμϐεϐηκότα
1397 1272 1676 1343 πανταχοῦ
1711 1273 1787 1337 ὡς
1814 1273 1872 1327 ιν
1912 1270 2050 1324 ὑπο-

478 1364 717 1436 κειμένῳ
748 1365 918 1430 ἐστὶν,
953 1365 986 1435 ή
1015 1364 1073 1417 δὲ
1106 1364 1170 1436 δὴ
1216 1364 1572 1435 ἀνθρωπότης
1617 1365 1676 1418 ὲν
1726 1363 1904 1435 ἄλλῳ,
1939 1357 2052 1418 οἷόν

478 1476 646 1528 φημι,
676 1456 757 1528 τῷ
785 1457 997 1528 Πέτρῳ,
1029 1456 1063 1527 ἢ
1090 1456 1167 1528 τῷ
1194 1457 1365 1528 Θωμᾷ
1400 1457 1780 1520 ἰδιοσυστάτως
1827 1457 2053 1526 θεωρεῖ-

475 1568 590 1605 ται.
617 1550 733 1604 Οὑκ
767 1550 880 1619 ἄρα
910 1551 939 1603 ό
968 1549 1244 1619 Κυριακὸς
1271 1549 1554 1618 ἄνθρωπος
1586 1549 1644 1601 ὲν
1673 1549 1739 1618 τῇ
1776 1545 1872 1600 τοῦ
1914 1545 2049 1600 Θεοῦ

474 1640 651 1709 Λόγου
675 1639 969 1693 ὑποστάσει
997 1639 1203 1711 ὑπέστη
1233 1639 1309 1703 ὡς
1339 1637 1703 1710 συμϐεϐηκὸς,
1726 1637 1839 1691 ἀλλ’
1865 1634 1941 1700 ὡς
1959 1636 2053 1691 οὑ-

477 1732 573 1787 σία
604 1732 742 1801 μετά
772 1730 1128 1801 προσλήψεως
1180 1731 1508 1801 ἰδιωμάτων,
1551 1731 1659 1784 τῶν
1709 1728 2050 1801 χωριζόντων

473 1821 572 1876 τὸν
602 1822 836 1893 Χριστὸν
856 1823 922 1875 ἑκ
947 1821 1054 1875 τῶν
1083 1821 1286 1874 λοιπῶν
1309 1820 1687 1884 ὑποπατικῶς
1731 1819 2044 1889 γενόμενον.

2153 630 2396 695 eﬂ‘ectus,
2428 639 2613 701 partes
2650 630 2816 687 simul
2856 628 3218 688 subsistentes
3257 630 3441 697 habet,
3478 626 3731 690 Christus

2153 740 2283 779 vero
2322 740 2430 778 non
2477 709 2630 788 item,
2666 725 2760 780 sed
2795 723 3110 780 Dominicus
3161 723 3326 780 homo
3362 722 3418 781 in
3450 722 3734 797 hypostasi

2154 804 2317 870 Verbi
2357 814 2471 882 Dei,
2502 816 2677 869 aliena
2708 814 2985 887 hypostasi
3021 814 3285 880 substitit,
3320 831 3429 871 non
3463 816 3732 887 quemad-

2155 908 2377 962 modum
2410 906 2688 973 accidens,
2718 921 2888 977 apage
2922 923 2936 960 :
2979 905 3278 961 accidentia
3309 905 3455 960 enim
3499 906 3734 962 ubicun-

2153 1016 2260 1070 que
2290 1012 2547 1072 tanquam
2574 1001 2628 1056 in
2660 1000 2907 1071 subjecto
2936 1010 3069 1055 sunt
3096 1018 3112 1069 ;
3164 999 3479 1055 humanitas
3512 1016 3643 1055 vero
3678 1001 3735 1054 in

2153 1093 2283 1155 alio,
2313 1092 2390 1146 uti
2432 1092 2486 1146 in
2525 1092 2706 1157 Petro,
2737 1093 2821 1146 vel
2861 1090 3071 1146 Thema
3119 1094 3337 1163 propria
3379 1090 3737 1148 subsistentia

2153 1180 2491 1251 conspicitur
2526 1197 2675 1237 :non
2731 1182 2898 1254 igitur
2953 1180 3273 1239 Dominicus
3330 1182 3496 1238 homo
3540 1183 3594 1238 in
3641 1180 3738 1237 Dei

2159 1272 2317 1329 Verbi
2346 1274 2622 1347 hypostasi
2659 1274 2919 1341 substitit,
2947 1283 3007 1330 ut
3033 1275 3435 1334 accidensesed
3465 1285 3525 1330 ut
3550 1290 3740 1331 essen-

2153 1366 2226 1422 tia
2265 1382 2361 1437 per
2392 1366 2822 1437 assumptionem
2879 1368 3274 1437 prolirictatum
3309 1408 3325 1433 ,
3364 1368 3737 1436 separantium

2108 1463 2117 1470 '
2153 1454 2431 1535 Christum
2489 1470 2556 1508 ex
2613 1453 2739 1510 aliis
2761 1453 3119 1524 hypostatice,
3149 1463 3206 1508 et
3260 1469 3369 1509 non
3399 1453 3736 1524 hypostasis.

2153 1547 2207 1602 4.
2239 1547 2400 1610 item,
2442 1546 2498 1600 Si
2532 1546 2585 1600 in
2658 1547 2931 1611 omnibus,
2970 1561 3094 1617 qum
3137 1562 3205 1601 ex
3263 1545 3497 1601 diversis
3529 1544 3741 1601 naturis

2154 1636 2455 1692 secundum
2508 1636 2845 1707 hypostasim
2890 1637 3194 1707 composita
3236 1649 3386 1704 sunt,
3418 1652 3527 1691 non
3567 1637 3735 1693 simul

2155 1727 2598 1792 subsistentibus,
2621 1728 2712 1783 sed
2750 1728 2980 1792 diverse,
3018 1730 3123 1782 hoc
3154 1736 3260 1793 est,
3309 1729 3413 1784 alia
3458 1728 3741 1801 hypostasi

2155 1817 2348 1881 unitis,
2392 1833 2502 1872 una
2549 1818 2857 1889 hypostasis
2898 1816 3151 1883 eﬂicitur,
3200 1834 3308 1874 non
3360 1836 3470 1875 una
3518 1830 3739 1882 natura,

476 1914 572 1967 καὶ
594 1913 697 1983 οὐχ
726 1912 1042 1976 ὑπόστασις.
1073 1911 1137 1966 δ’.
1169 1913 1311 1965 Ἔτι·
1350 1913 1411 1965 Εί
1460 1911 1556 1965 ἐπὶ
1580 1912 1797 1964 πάντων
1821 1909 1930 1964 τῶν
1984 1910 2050 1964 ἐκ

2152 1903 2498 1960 manifestum
2576 1912 2660 1960 est
2716 1905 2885 1959 Deum
2934 1902 3175 1961 Verbum
3228 1907 3482 1964 humanae
3532 1921 3744 1965 natura:

470 1999 748 2070 διαφόρων
775 1999 993 2068 φύσεων
1025 2000 1451 2070 συντεθειμένων
1487 2000 1612 2054 καθ’
1644 2000 1942 2053 ὑπόστασιν
1971 1998 2046 2070 μὴ

477 2091 917 2157 συνυποστάτως,
960 2090 1076 2145 ἀλλ’
1108 2091 1333 2161 ἑτέρως,
1357 2091 1526 2161 ἤγουν
1572 2089 2049 2162 ἕτεροῡποστάτως

475 2181 797 2252 ήνωμένων,
828 2181 929 2252 μία
955 2181 1250 2245 ὑπόστασις
1275 2181 1636 2244 ἀποτελεῖται,
1664 2181 1915 2251 οὑχὶημία
1943 2180 2046 2247 φὺ-

476 2287 580 2335 σις,
612 2273 842 2342 φανερὲιν
868 2273 949 2326 ὄτι
982 2276 1011 2327 ό
1037 2272 1168 2335 Θεὸς
1182 2273 1354 2340 Λόγος
1389 2272 1608 2338 ἑνωθεὶς
1633 2276 1699 2343 τῇ
1729 2272 2047 2344 ἀνθρωπίνῃ

470 2360 636 2431 φύσει
663 2362 738 2432 μὴ
768 2364 1204 2435 συνυποστάτῳς,
1231 2362 1347 2416 ἀλλ’
1370 2365 1430 2416 ὲν
1466 2364 1573 2434 ἰδίᾳ
1606 2362 1903 2417 ὑποστάσει
1927 2363 2050 2418 τοῦ·

471 2468 568 2511 τον
618 2453 902 2524 ὑφεστῶτα
957 2454 1119 2525 ἔχων,
1151 2455 1214 2508 οὑ
1246 2455 1376 2525 μιᾶς
1412 2453 1626 2523 φύσεως
1682 2451 2047 2509 ἀποτελεῖται.

473 2539 538 2598 ι’.
573 2544 692 2598 Ἔτι
709 2560 724 2575 ⁸
753 2544 817 2597 Εἰ
842 2545 950 2599 πᾶν
978 2544 1008 2598 ὃ
1036 2545 1229 2608 κοινῶς
1256 2545 1352 2600 καὶ
1383 2546 1442 2599 ὲν
1471 2545 1689 2611 πολλοῖς
1739 2546 2046 2615 θεωρεῖται,

473 2635 537 2689 οὑ
560 2635 670 2689 τινὶ
692 2634 792 2706 μὲν
818 2636 1005 2703 πλέον,
1033 2637 1143 2691 τινὶ
1173 2638 1231 2691 δὲ
1264 2638 1484 2692 ἔλαττον
1508 2638 1772 2708 ὑπάρχον,
1801 2638 1917 2691 ἀλλ’
1963 2638 2049 2705 ἐξ·

477 2720 623 2796 ίσης,
657 2726 748 2781 καὶ
774 2728 1227 2800 συμπληρωτικὸν
1260 2728 1557 2799 γινόμενον,
1590 2730 1674 2799 ἐφ’
1707 2724 1783 2784 ὧν
1810 2729 2047 2799 λέγεται,

473 2816 651 2883 οὑσία,
690 2817 915 2881 ἐκείνων
943 2819 1083 2873 κατά
1127 2818 1225 2890 τὴν
1270 2818 1596 2888 Ἐκκλησίαν
1645 2818 1864 2887 λέγεται
1885 2835 1898 2849 ⁸
1938 2821 1966 2872 ό
1990 2818 2048 2872 δὲ

474 2909 541 2980 δὴ
566 2910 676 2973 πᾶς
705 2909 992 2980 ἅνθρωπος
1018 2911 1083 2964 ἐκ
1106 2908 1281 2981 ψυχῆς
1304 2910 1398 2963 καὶ
1439 2908 1690 2980 σώματός
1712 2911 1828 2963 ἐστι
1859 2926 2047 2963 συντε-

477 2997 746 3069 θειμένος,
785 3000 883 3054 καὶ
914 2999 974 3054 οὑ
1032 2998 1336 3054 διαλλάττει
1389 2998 1677 3069 ἄνθρωπος
1731 2997 2046 3070 ἀνθρώπου,

2151 1995 2387 2063 unitum,
2442 2012 2549 2049 non
2590 2012 2714 2051 cum
2762 1997 2909 2052 illius
2954 1996 3331 2064 subsistentia,
3384 2000 3477 2055 sed
3514 2003 3740 2070 prepria

2147 2086 2501 2143 subsistentia
2552 2086 2949 2141 subsistentem
2991 2084 3158 2144 unius
3185 2097 3395 2144 naturae
3442 2106 3553 2143 non
3580 2090 3740 2146 eﬂici.

2150 2176 2205 2233 5.
2251 2175 2407 2242 Item,
2441 2176 2496 2231 Si
2535 2178 2922 2248 quodcunque,
2965 2179 3111 2249 quod
3136 2181 3545 2248 communiter,
3589 2193 3643 2238 et
3689 2183 3744 2238 in

2151 2276 2338 2332 multis
2391 2276 2787 2339 consideratur,
2830 2292 2939 2331 non
2992 2276 3084 2330 uni
3127 2276 3326 2346 magis,
3368 2291 3533 2346 quam
3588 2275 3744 2330 alteri

2150 2362 2446 2427 inhaerens,
2473 2364 2566 2419 sed
2590 2379 2747 2433 aequa
2777 2364 2992 2419 ratione
3016 2364 3403 2434 colnpletivum
3437 2380 3655 2431 eorum,
3678 2365 3747 2420 de

2149 2453 2349 2525 quibus
2391 2454 2612 2521 dicitur,
2652 2456 2895 2511 essentia
2935 2456 3253 2512 eorumdem
3295 2456 3603 2511 secundum
3638 2454 3745 2511 Ec-

2150 2545 2370 2601 clesiam
2408 2554 2531 2602 est:
2568 2548 2748 2603 omnis
2776 2563 2902 2602 vero
2930 2546 3097 2603 homo
3124 2563 3188 2603 ex
3214 2548 3399 2603 anima
3428 2557 3483 2602 et
3509 2563 3744 2617 corpore

2151 2637 2445 2703 conﬂatur,
2472 2654 2575 2693 nec
2601 2637 2778 2694 diﬂ‘ert
2803 2639 2968 2694 homo
3006 2639 3076 2693 ab
3107 2640 3353 2702 homine,
3379 2655 3486 2710 qua
3519 2655 3747 2710 corpore

2151 2738 2206 2785 et
2239 2727 2430 2784 ‘auima
2461 2738 2698 2796 constat,
2733 2730 3033 2786 secundum
3062 2739 3273 2786 natura:
3296 2731 3518 2801 aliquod
3549 2728 3749 2787 discri-

2152 2836 2298 2885 men,
2334 2821 2431 2877 sed
2476 2822 2889 2877 consistentiam
2933 2821 3186 2878 homines
3234 2822 3497 2878 habentes
3531 2838 3745 2887 omnes,

2152 2907 2256 2961 sub
2294 2922 2400 2961 una
2443 2923 2636 2963 omnes
2679 2908 2998 2966 deﬁnitione
3050 2910 3240 2977 relati,
3285 2912 3584 2967 secundum
3641 2912 3749 2967 hoc

2153 2997 2318 3051 unius
2341 3007 2548 3054 naturae
2567 2999 2816 3055 dicentur
2839 3000 2937 3056 :de
2958 3000 3239 3073 hypostasi
3262 3017 3392 3056 vero
3408 3001 3609 3057 Christi
3636 3015 3746 3057 non

477 3089 618 3144 καθὸ
646 3090 711 3144 ἐκ
732 3086 913 3162 ψυχῆς
946 3090 1043 3145 καὶ
1087 3088 1340 3163 σώματος
1374 3091 1680 3159 σύγκειται,
1734 3088 1877 3144 κατά
1926 3107 2050 3143 τινα

2155 3104 2450 3160 ροεειιωυε
2496 3105 2747 3147 asserere
2794 3106 2956 3146 unam
3012 3101 3310 3160 naturam;
3365 3108 3488 3147 nam
3540 3105 3751 3147 natum

472 3177 693 3251 φύσεως
717 3180 1006 3253 διαφορὰν,
1028 3180 1165 3236 ἀλλά
1186 3181 1285 3252 τὴν
1307 3181 1567 3235 σύστασιν
1603 3182 1819 3252 ἔχοντες
1848 3181 2049 3246 πάντες

475 3270 754 3343 ἂνθρωποι
779 3273 871 3344 ὑφ’
891 3274 987 3328 ἕνα
1011 3274 1250 3337 ἅπαντες
1274 3273 1504 3345 ὁρισμὸν
1533 3272 1880 3343 ἀναγόμενοι,
1906 3272 2051 3327 κατὰ

474 3361 636 3417 τοῦτο
663 3363 791 3435 μιᾶς
842 3363 1057 3434 φύσεως
1092 3364 1334 3434 λέγεται⁸
1375 3366 1468 3419 ἐπὶ
1491 3364 1548 3419 δὲ
1574 3361 1673 3435 τῆς
1698 3363 2051 3429 ὑποστάσεως

473 3452 572 3508 τοῦ
599 3453 837 3526 Χριστοῦ
885 3456 948 3510 οὑ
977 3456 1156 3525 λέγειν
1190 3456 1468 3526 δυνάμεθα
1515 3456 1646 3527 μίαν
1676 3456 1838 3526 φύσιν
1863 3472 1877 3487 ⁸
1909 3457 2051 3510 αἵτε

473 3542 585 3615 γὰρ
612 3543 806 3615 φύσεις
838 3543 1123 3612 σώζονται,
1165 3546 1260 3600 καὶ
1299 3546 1439 3616 μετά
1466 3546 1565 3617 τὴν
1591 3540 1808 3606 ἕνωσιν.
1844 3545 1940 3600 καὶ
1967 3540 2046 3597 εἷο

471 3634 559 3698 δος
586 3636 839 3704 Χριστῶν
867 3637 969 3690 οὑκ
996 3638 1145 3691 ἐστιν
1164 3637 1344 3709 εὑρετν
1363 3655 1376 3669 ⁸
1407 3638 1467 3691 οὑ
1500 3637 1609 3708 γὰρ
1647 3636 1861 3700 ἐγένετο
1889 3637 2053 3700 ἄλλος

470 3720 705 3796 Χριστὸς
759 3726 827 3780 ἑκ
874 3725 1128 3798 θεότητος
1178 3727 1272 3781 καὶ
1303 3726 1742 3797 ἀνθρωπότητος,
1807 3726 1938 3790 Θεός
1989 3743 2050 3779 τε

471 3817 566 3873 καὶ
592 3817 880 3891 ἄνθρωπος
919 3819 947 3871 ό
979 3818 1177 3882 αὑτός·
1232 3818 1332 3872 οὑκ
1382 3818 1490 3889 ἀρα
1533 3817 1672 3888 μετά
1702 3818 1802 3888 τὴν
1853 3818 2050 3870 ἕνωσιν

473 3911 603 3981 μιᾶς
635 3909 849 3987 φύσεως
874 3913 902 3964 ό
926 3905 1162 3982 Χριστὸς
1190 3910 1555 3964 ἀποτελεῖται.
1587 3906 1663 3973 ς’.
1702 3910 1849 3961 Ἔτι·
1896 3909 1959 3962 Εἰ
1987 3909 2048 3962 οὑ

469 3998 665 4052 ταυτόν
700 4000 816 4051 ἐστι
840 3998 899 4052 τὸ
929 4000 1047 4052 κατ’
1078 3995 1219 4063 εἶδος
1242 3999 1338 4053 τοῦ
1356 3998 1642 4072 ἀνθρώπου
1678 3998 1758 4064 ἓν,
1789 3998 1885 4053 καὶ
1919 4017 2050 4053 κατ-

468 4089 658 4143 ουσίαν
694 4089 875 4160 ψυχῆς
900 4090 994 4143 καὶ
1033 4089 1286 4161 σώματος
1319 4089 1377 4143 ἓν
1405 4104 1419 4119 ⁸
1451 4089 1514 4143 «τὸ
1559 4087 1661 4159 μὲν
1686 4089 1795 4159 γὰρ
1828 4089 1948 4142 κατ’
1970 4083 2050 4141 εῖ-

468 4183 559 4247 δος
588 4182 682 4237 τοῦ
716 4181 1004 4252 ἀνθρώπου
1055 4182 1139 4247 ἓν,
1168 4182 1268 4254 τὴν
1298 4185 1357 4236 ὲν
1397 4184 1535 4237 πᾶσι
1582 4183 1695 4245 τοῖς
1739 4180 2050 4252 ἀνθρώποις

469 4272 879 4346 ἀπαραλλαξίαν
932 4273 1285 4338 ἐνδείκνυται,
1329 4271 1391 4325 τὺ
1420 4272 1477 4327 δὲ
1505 4270 1626 4327 κατ’
1657 4272 1844 4324 οὑσίαν
1870 4268 2049 4340 ψυχῆς

471 4368 567 4419 καὶ
599 4364 846 4436 σώματος
875 4364 957 4433 ἓν,
1010 4364 1144 4435 αὑτρ
1166 4364 1225 4418 τὸ
1253 4359 1392 4419 εἶναι
1423 4364 1584 4418 αὑτὸν
1606 4362 1929 4433 λυμαίνεται
1965 4363 2047 4425 εἰς

471 4456 811 4526 ἁνυπαρξίαν
840 4455 1001 4511 αὑτὸν
1025 4455 1264 4526 παντελῆ
1286 4456 1417 4524 ἄγον
1433 4471 1447 4485 ⁸
1467 4454 1528 4508 οὑ
1557 4454 1664 4524 γὰρ
1688 4453 1880 4508 ταυτὸν
1907 4471 1979 4508 κα
1989 4453 2050 4507 δά

470 4548 566 4603 τὸν
595 4549 697 4620 τῆς
716 4546 902 4611 οὑσίας
929 4547 1106 4616 λόγον,
1155 4546 1217 4600 τὸ
1267 4544 1428 4617 σῶμα
1455 4544 1533 4616 τῷ
1582 4544 1859 4616 ἀσωμάτῳ
1881 4559 1898 4576 ⁸
1951 4548 2052 4597 οὓς

473 4639 691 4711 ἀνάγκη
723 4640 902 4694 τοίνυν
927 4639 1021 4693 ἐπὶ
1048 4637 1143 4693 τοῦ
1191 4637 1477 4711 ἀνθρώπου
1517 4637 1648 4708 μίαν
1679 4637 1842 4709 φύσιν
1867 4635 2052 4707 λέγον-

472 4743 593 4794 τας,
632 4728 694 4783 οὑ
716 4728 806 4784 διὰ
832 4728 893 4783 τὸ
919 4729 1112 4784 ταυτὸν
1157 4728 1257 4797 τῆς
1292 4727 1583 4792 οὑσιώδους
1634 4727 1921 4798 ποιότητος
1945 4727 2050 4798 ψυ-

469 4820 572 4889 χῆς
599 4835 660 4872 τε
689 4818 784 4872 καὶ
813 4817 1084 4888 σώματος,
1125 4818 1259 4872 ἀλλά
1289 4818 1378 4873 διὰ
1408 4820 1470 4870 τὸ
1498 4817 1920 4888 ἀπαράλλακτον
1940 4818 2051 4873 τῶν

471 4909 579 4964 ὑπὸ
602 4909 664 4964 τὸ
689 4905 828 4975 εἶδος
862 4910 1212 4981 ἀναγομένων
1237 4910 1474 4979 ἀτόμων,
1504 4910 1634 4980 μίαν
1665 4909 1760 4964 καὶ
1793 4910 1886 4963 ἐπὶ
1915 4912 2051 4981 Χριο

472 5002 601 5055 στοῦ
625 5000 806 5070 λέγειν
856 5001 1036 5069 φύσιν,
1070 4998 1199 5054 ἔνθα
1247 4995 1386 5064 εἶδος
1417 5001 1764 5071 περιεκτικὺν
1804 5002 2046 5056 ὑποστά-

472 5110 610 5158 σεως
646 5095 747 5148 οὑκ
797 5093 963 5148 ἐστιν.
1004 5091 1068 5158 ζ’.
1101 5094 1241 5147 Ἐτι⁸
1274 5094 1337 5147 Εἰ
1388 5093 1564 5149 πάντα
1612 5094 1683 5148 τὰ
1731 5095 2048 5166 παραδόξως

470 5182 566 5238 καὶ
590 5182 883 5255 ὑπερφυῶς
914 5182 1175 5253 γινόμενα
1204 5182 1264 5236 οὑ
1318 5182 1479 5253 φύσιν
1517 5182 1772 5237 ἀποτελεῖ
1795 5201 1807 5212 ⁸
1841 5185 1902 5238 οὑ
1936 5186 2045 5255 γάρ

378 5264 383 5271 ’
470 5273 842 5347 φαμενβάτου
869 5273 1030 5343 φύσιν
1051 5274 1491 5351 προσονμιλοῦσαν
1519 5278 1676 5346 πυρὶ,
1710 5275 1805 5329 καὶ
1837 5275 1912 5348 μὴ
1943 5295 2044 5331 κα-

467 5362 900 5434 ταφλεγομένην,
931 5364 1053 5418 οὑδὲ
1082 5363 1242 5432 φύσιν
1269 5364 1519 5436 σώματος
1558 5366 1895 5434 ἀνθρωπείου
1923 5368 2044 5440 δρο-

474 5452 764 5523 σιζομένην
805 5455 863 5507 ὲν
915 5455 1070 5525 πυρὶ,
1116 5454 1251 5508 ἀλλά
1297 5453 1579 5524 παράδοξα
1618 5456 1794 5510 ταῦτά
1862 5474 2041 5526 φαμεν

477 5541 607 5613 περὶ
644 5543 773 5611 μίαν
809 5543 1104 5599 ὑπόστασιν
1154 5546 1453 5618 γενόμενα⁸
1489 5548 1517 5600 ό
1565 5546 1623 5599 δὲ
1680 5547 1811 5612 Θελς
1870 5547 2042 5615 Λόγος

473 5633 763 5707 ὑπερφυῶς
785 5633 967 5707 ήνώθτι
1000 5638 1067 5709 τῇ
1099 5636 1419 5711 ἀνθρωπίνῃ
1447 5637 1637 5706 φύσει⁸
1668 5636 1756 5692 διά
1773 5655 1853 5690 τοι
1886 5632 2042 5691 τοῦτο

474 5726 569 5779 καὶ
596 5727 655 5779 ὲν
687 5727 785 5797 μιᾷ
815 5726 1106 5782 ὑποστάσει
1133 5727 1227 5781 καὶ
1255 5725 1316 5781 τὸ
1364 5725 1810 5797 ἀποτελούμενον,
1846 5727 1905 5779 οὑ
1937 5726 2040 5797 φύ-

478 5831 560 5881 σις
589 5816 927 5888 ἀποτελεῖται
974 5817 1245 5886 σύνθετος,
1274 5816 1388 5874 ἀλλ’
1428 5818 1741 5884 ὑπόστασις.
1789 5825 1856 5891 η’.
1896 5816 2040 5873 Ἔτι·

2152 3179 2316 3235 etiam
2357 3192 2482 3251 post
2520 3182 2777 3236 unionem
2820 3192 3249 3251 conservantur,
3292 3200 3404 3247 nec
3450 3199 3751 3256 possumus

2153 3268 2499 3324 Christnrum
2567 3271 2804 3340 Speciem
2863 3270 3157 3327 invenire:
3220 3288 3398 3343 neque
3454 3272 3600 3327 enim
3649 3271 3753 3328 fuit

2153 3360 2297 3415 alius
2318 3359 2573 3426 Christus
2590 3376 2655 3414 ex
2675 3360 2895 3426 deitate,
2922 3371 2977 3415 et
3000 3361 3366 3425 humanitate,
3398 3361 3543 3415 Deus
3601 3360 3747 3414 idem

2154 3459 2208 3504 et
2247 3436 2414 3505 homo
2441 3466 2457 3507 :
2489 3465 2598 3504 non
2642 3450 2807 3520 igitur
2854 3459 2973 3518 post
3025 3446 3285 3504 unionem
3332 3449 3499 3504 unius
3542 3456 3753 3503 natura)

2154 3539 2407 3597 Christus
2445 3541 2695 3597 eﬂicitur.
2727 3539 2782 3594 6.
2812 3538 2968 3603 Item,
3013 3537 3069 3595 Si
3116 3555 3224 3595 non
3262 3540 3405 3596 idem
3438 3550 3543 3606 est,
3581 3553 3750 3592 unum

2152 3634 2395 3691 hominis
2448 3633 2755 3690 secundum
2801 3635 3064 3705 speciem,
3123 3644 3176 3690 ct
3228 3649 3398 3689 unum
3444 3632 3747 3689 secundum

2151 3728 2447 3783 essentiam
2481 3726 2729 3796 corporis
2783 3737 2837 3782 et
2877 3726 3075 3781 animae
3106 3743 3121 3792 ;
3166 3741 3405 3796 namque
3442 3741 3613 3779 unum
3647 3725 3753 3777 hn-

2152 3818 2319 3873 minis
2361 3818 2665 3874 secundum
2715 3818 2953 3887 speciem
3009 3817 3062 3871 in
3123 3817 3383 3871 omnibus
3440 3813 3755 3869 hominibus

2152 3909 2526 3981 aequalitatem
2565 3916 2750 3977 servat
2781 3923 2796 3961 :
2838 3915 2893 3961 at
2928 3906 3233 3961 secundum
3261 3904 3553 3961 essentiam
3578 3919 3749 3957 unum

2152 4002 2396 4073 corporis
2444 4010 2499 4056 et
2542 4001 2760 4064 animae,
2804 3998 2981 4065 ipsum
3030 4012 3152 4053 esse
3203 3997 3521 4052 eorumdem
3570 3995 3752 4060 lmdit,

2152 4093 2378 4162 penitus
2412 4092 2479 4148 ad
2509 4107 2617 4147 non
2671 4105 2791 4149 esse
2839 4091 3111 4145 deducens
3140 4106 3155 4143 :
3184 4103 3361 4158 neque
3416 4088 3561 4142 enim
3608 4085 3751 4141 idem

2151 4195 2236 4241 est
2272 4185 2570 4242 secundum
2609 4183 2861 4239 essentia:
2895 4184 3160 4238 rationem
3192 4196 3394 4251 corpus
3421 4220 3434 4242 ,
3478 4189 3531 4234 et
3570 4179 3755 4232 incor-

2150 4290 2376 4348 poreum
2421 4291 2570 4332 :non
2626 4284 2711 4331 est
2772 4273 2938 4345 igitur
2992 4287 3220 4329 necesse
3264 4288 3365 4327 nos
3414 4268 3471 4325 in
3527 4270 3753 4325 homine

2151 4384 2317 4440 unam
2372 4378 2623 4423 naturam
2666 4376 2976 4424 asserentes
3027 4381 3136 4419 non
3188 4368 3411 4433 pr0pfer
3460 4358 3603 4417 idem
3656 4376 3750 4416 es-

2154 4461 2399 4519 sentialis
2431 4456 2712 4532 qualitatis
2747 4456 2947 4513 animae
3000 4466 3054 4511 et
3085 4452 3354 4524 corporis,
3396 4450 3489 4509 sed
3528 4459 3752 4521 propter

2151 4548 2646 4609 immutabilitatem
2726 4547 3168 4611 individuorum,
3234 4559 3354 4614 qua:
3436 4539 3539 4597 sub
3623 4555 3748 4608 spe-

2151 4646 2234 4703 cie
2313 4653 2442 4701 sunt
2526 4658 2689 4698 unam
2751 4642 2805 4695 in
2872 4636 3093 4695 Christo
3137 4648 3387 4691 naturam
3442 4632 3750 4698 allirmare,

2154 4737 2252 4793 ubi
2339 4735 2548 4807 species
2637 4731 2974 4804 hypostasim
3074 4726 3221 4783 nulla
3302 4722 3742 4793 comprehendit.

2157 4829 2213 4883 7.
2297 4827 2463 4891 Item,
2539 4825 2585 4881 si
2686 4822 2915 4887 omnia,
3001 4835 3123 4892 quae
3209 4808 3603 4872 admirabiliter
3693 4820 3753 4866 et

2149 4914 2313 4990 supra
2356 4927 2605 4983 naturam
2636 4916 2799 4978 (lunt,
2838 4922 3092 4967 naturam
3126 4924 3235 4964 non
3266 4906 3541 4971 efﬁciunt;
3573 4918 3752 4973 neque

2147 5010 2292 5064 enim
2324 5006 2557 5064 dicimus
2607 5005 2727 5059 rubi
2767 5013 3021 5057 naturam
3047 5042 3061 5065 ,
3101 4998 3212 5069 igni
3259 5001 3744 5056 consuescentem,

2147 5098 2381 5154 ﬂammis
2429 5112 2535 5151 non
2612 5096 2792 5160 exuri,
2829 5108 3009 5163 neque
3053 5100 3306 5145 naturam
3358 5073 3605 5155 dorporis
3643 5084 3750 5137 hu-

2147 5191 2375 5248 maniin
2413 5186 2818 5259 igneirrorari,
2881 5185 2975 5242 sed
3026 5180 3369 5237 admirabilia
3428 5181 3553 5233 hrec
3600 5178 3748 5232 circa

2144 5298 2310 5338 uuam
2359 5280 2695 5352 hypostasim
2745 5270 2916 5343 fiunt;
2966 5284 3021 5331 at
3070 5276 3209 5330 Deus
3279 5271 3513 5327 Verbum
3581 5281 3748 5336 super

2144 5372 2395 5430 naturam
2438 5372 2689 5426 humanze
2720 5379 2930 5425 natura:
2972 5367 3160 5423 unitus
3212 5372 3315 5429 est,
3346 5367 3747 5431 proptereaque

2147 5463 2294 5535 quod
2335 5462 2390 5518 in
2429 5478 2535 5517 una
2570 5460 2849 5534 hypostasi
2885 5457 3133 5520 eﬂicitur,
3192 5470 3297 5509 non
3348 5460 3542 5506 natura
3590 5461 3744 5535 com-

2144 5534 2323 5624 posita
2348 5551 2428 5616 fit,
2447 5552 2537 5606 sed
2553 5550 2878 5623 hypostasis.
2902 5546 2955 5603 8.
2976 5549 3133 5610 item,
3158 5543 3308 5597 Nulla
3343 5534 3617 5596 natura.si
3636 5550 3744 5589 una

2144 5623 2251 5706 est,
2272 5638 2581 5696 contrarias
2599 5636 2918 5694 essentiales
2946 5629 3284 5689 differentias
3306 5623 3573 5686 admittit;
3604 5636 3742 5691 quo-

2150 5728 2314 5783 modo
2339 5727 2482 5781 enim
2515 5725 2631 5781 fieri
2654 5730 2836 5795 potest
2876 5731 2937 5776 ut
2969 5719 3156 5774 eadem
3184 5724 3380 5770 natura
3436 5710 3739 5767 secundum

2150 5819 2294 5877 idem
2322 5818 2392 5875 sit
2418 5824 2597 5872 creata
2627 5822 2682 5873 et
2719 5814 2981 5881 increata,
3029 5804 3273 5865 mortalis
3301 5813 3358 5861 et
3380 5801 3738 5861 immortalis.
