4064 6426
396 406 504 472 639

1668 401 1964 461 ΝῘΟΕΤᾹΞ
2004 398 2419 459 BYZANTINI

3525 395 3680 461 7640

399 508 910 584 comprehensibilis
930 508 1600 580 etincomprehensibilis?
1617 510 1708 564 sed
1735 509 1986 564 Christus

2091 509 2152 560 Εἰ
2177 507 2401 579 οὐδεμία
2430 507 2592 575 φύσις
2623 507 2720 576 μία
2749 507 2904 570 οὖσα,
2960 507 3070 559 τῶν
3108 507 3367 560 ἐναντίων
3404 506 3679 572 οὑσιωδῶν

397 606 450 661 id
476 606 669 659 habet:
688 604 942 661 Christus
962 605 1303 673 igiturunius
1326 614 1535 658 natura:
1550 612 1652 669 est,
1677 603 1800 657 licet
1821 602 1982 656 homo

401 711 564 752 unius
594 705 801 750 natura!
818 695 908 750 sit.
929 696 985 750 9.
1001 695 1156 758 Item,
1175 695 1231 748 Si
1257 694 1420 749 unius
1449 703 1658 748 naturae
1676 693 1980 748 secundum

399 802 498 842 vos
521 787 773 842 Christus
806 796 928 856 post
949 786 1204 841 unionem
1221 785 1555 850 est,omnino
1577 784 1868 839 dicendum
1901 792 1984 838 est

399 880 544 935 hanc
578 895 740 933 unam
777 888 1026 933 naturam
1055 893 1174 933 essc
1208 885 1303 931 aut
1340 877 1579 931 divinam
1617 875 1982 940 solummodo,

400 979 497 1025 aut
537 972 832 1025 humanam
877 980 1112 1036 tantum,
1171 977 1265 1024 aut
1301 971 1541 1024 divinam
1584 978 1638 1023 et
1688 969 1982 1023 humanam

402 1063 593 1128 simul,
623 1073 718 1118 aut
751 1079 928 1133 neque
957 1063 1222 1124 divinam,
1250 1078 1427 1132 neque
1467 1063 1781 1128 humanam,
1813 1061 1906 1117 sed
1937 1062 1985 1116 si

401 1164 490 1207 est
521 1171 627 1209 una
660 1156 773 1209 haec
809 1165 1028 1218 natura,
1061 1163 1271 1208 tantum
1306 1153 1511 1216 divina,
1540 1152 1793 1208 Christus
1821 1153 1985 1224 igitur

404 1243 548 1299 Deus
589 1244 714 1308 erit,
742 1253 796 1298 et
836 1259 945 1299 non
982 1244 1147 1297 homo
1180 1261 1193 1296 :
1239 1244 1282 1297 si
1331 1252 1417 1297 est
1459 1259 1566 1296 una
1619 1243 1735 1312 ipsa
1789 1251 1983 1297 natura

402 1334 588 1389 divina
647 1344 700 1390 et
755 1335 992 1390 humana
1044 1335 1242 1399 simul,
1316 1351 1494 1405 neque
1554 1334 1765 1398 Patris,
1810 1350 1986 1404 neque

404 1425 642 1494 Spiritus
715 1427 912 1491 sancti,
961 1441 1138 1495 neque
1184 1427 1466 1480 hominum
1523 1436 1716 1480 natura
1762 1436 1882 1489 est,
1931 1435 1986 1479 et

404 1516 661 1586 utrinque
705 1518 1056 1588 blasphemiae
1103 1517 1330 1585 crimen,
1359 1519 1454 1588 qui
1495 1518 1566 1571 ita
1616 1518 1985 1574 sentitincur-

402 1615 504 1673 ret,
545 1617 599 1662 et
641 1609 862 1663 robusta
916 1609 982 1665 de
1027 1618 1208 1665 mente
1246 1612 1423 1666 cadet.
1482 1611 1537 1667 Si
1575 1625 1704 1666 vero
1749 1619 1833 1665 est
1877 1625 1984 1664 una

402 1697 518 1751 hare
557 1707 753 1753 natura
795 1713 972 1768 neque
1000 1700 1207 1766 divina,
1244 1716 1421 1770 neque
1445 1702 1708 1768 humana,
1733 1701 1986 1756 Christus

400 1788 570 1857 igitur
630 1806 808 1860 neque
857 1790 998 1848 Deus
1048 1803 1154 1858 est,
1198 1808 1374 1863 neque
1423 1794 1620 1861 homo;
1655 1810 1984 1864 quocunque

2089 599 2364 670 διαφορῶν
2392 599 2620 670 δεκτικὴ
2646 599 2889 668 γίνεται·
2919 599 3036 662 πῶς
3061 600 3169 670 γὰρ
3197 599 3423 652 δυνατὸν
3453 600 3552 669 τὴν
3581 599 3679 652 αὑ-

2089 691 2187 762 τὴν
2215 690 2378 761 φύσιν
2419 693 2560 745 κατά
2589 691 2780 745 ταυτὸν
2811 690 3035 761 κτιστὴν
3084 687 3224 744 εἷναι
3277 692 3371 744 καὶ
3399 691 3674 753 ἀκτιστον,

2091 781 2291 854 θνητὴν
2315 784 2409 836 καὶ
2443 783 2730 848 ἀθάνατον,
2757 784 3114 855 καταληπτὴν
3134 783 3230 837 καὶ
3259 784 3674 854 ἀκατάληπτονς

2093 875 2123 927 6
2168 875 2226 927 δὲ
2259 877 2494 947 Χριστὸς
2545 877 2702 930 τοῦτο
2734 875 2882 947 ἔχει’
2914 879 2943 930 6
2971 877 3209 946 Χριστὸς
3248 877 3356 949 ἀρα
3405 878 3534 946 μιᾶς
3571 876 3675 945 φύ-

2093 982 2234 1030 σεως
2284 969 2384 1022 οὑκ
2429 968 2598 1034 ἔστιν,
2633 969 2685 1021 εί
2735 970 2830 1022 καὶ
2885 970 2912 1021 6
2957 969 3243 1040 ἅνθρωπος
3285 969 3418 1038 μιᾶς
3463 967 3678 1035 φύσεώς

2092 1057 2261 1113 ἐστιν.
2292 1057 2358 1112 θ’.
2395 1058 2538 1111 Ἔτι·
2578 1059 2640 1111 El
2678 1060 2806 1129 μιᾶς
2829 1059 3044 1128 φύσεως
3079 1058 3204 1112 καθ’
3226 1059 3371 1128 ὑμᾶς
3397 1061 3425 1111 6
3445 1059 3677 1128 Χριστὸς

2095 1145 2232 1214 μετά
2266 1145 2365 1214 τὴν
2389 1145 2585 1200 ἕνωσίν
2624 1149 2792 1212 ἐστιν,
2845 1148 3066 1211 πάντως
3114 1147 3306 1216 ἕψεται
3341 1145 3548 1217 ταύτην
3579 1147 3675 1218 τὴν

2096 1233 2223 1305 μίαν
2249 1237 2422 1288 εἰπεῖν
2455 1237 2639 1305 φύσιν,
2668 1237 2702 1308 ἢ
2736 1237 2887 1290 Θείαν
2920 1238 3100 1307 μόνον,
3138 1238 3171 1308 ἦ
3209 1239 3557 1309 ἀνθρωπίνην
3581 1243 3678 1308 μόο

2091 1346 2202 1392 νον,
2255 1329 2290 1402 ἢ
2338 1331 2489 1386 Θείαν
2536 1333 2632 1386 καὶ
2683 1331 3033 1404 ἀνθρωπίνην
3070 1333 3211 1403 ἅμα,
3257 1335 3291 1406 ἥ
3337 1335 3475 1405 μήτε
3505 1334 3674 1402 θείαν,

2095 1424 2231 1492 μήτε
2262 1423 2632 1494 ἀνθρωπίνην.
2694 1425 2836 1477 Ἀλλ’
2875 1427 2922 1478 εί
2959 1425 3059 1496 μέν
3101 1427 3251 1479 ἑστιν
3294 1428 3328 1496 ή
3377 1428 3476 1498 μία
3517 1427 3678 1495 φύσις

2090 1511 2229 1584 αὕτη
2262 1514 2382 1568 θεία
2418 1516 2596 1585 μόνον,
2631 1519 2660 1570 6
2686 1518 2918 1587 Χριστὸς
2949 1516 3058 1589 ἄρα
3083 1518 3214 1581 Θεὸς
3244 1518 3419 1582 ἔσται,
3453 1519 3548 1571 καὶ
3577 1520 3676 1572 οὑκ

2091 1604 2392 1676 ἄνθρωπος.
2428 1608 2490 1661 Et
2519 1608 2576 1662 δέ
2605 1609 2752 1662 ἔστιν
2779 1611 2812 1679 ἡ
2848 1609 2946 1679 μία
2980 1609 3140 1679 φύσις
3171 1608 3311 1681 αὕτη
3354 1611 3475 1664 θεία
3501 1627 3559 1663 τε
3585 1611 3678 1664 καὶ

2091 1695 2407 1768 ἀνθρωπίνη
2451 1698 2588 1768 ἅμα,
2637 1699 2762 1752 οὑτε
2816 1700 2909 1752 τοῦ
2953 1701 3170 1771 Πατρὸς
3215 1700 3337 1754 οὔτε
3381 1701 3477 1755 τοῦ
3523 1702 3678 1768 ἁγίου

2092 1786 2425 1858 Πνεύματος,
2454 1787 2578 1844 οὔτε
2609 1788 2713 1861 μὴν
2744 1789 2854 1844 τῶν
2885 1789 3190 1861 ἀνθρώπιον
3217 1791 3322 1863 ἄρα
3345 1793 3508 1862 φύσις
3539 1793 3676 1860 ἐστὶ,

401 1879 566 1950 igitur
593 1893 871 1937 vertamus
909 1883 1236 1948 orationem,
1275 1899 1536 1953 eogemur
1605 1883 1760 1940 fateri
1826 1884 1986 1940 Chri-

2093 1877 2186 1929 καὶ
2217 1877 2605 1948 ἀμφοτέρωθεν
2631 1879 2980 1948 βλασφημίας
3004 1879 3259 1950 ἔγκλημα
3284 1881 3362 1951 τῷ
3375 1882 3529 1935 τουτὶ
3549 1900 3680 1954 φρομ

402 1978 551 2027 stum
586 1987 754 2026 unam
785 1984 988 2028 sanctae
1017 1972 1298 2030 Trinitatis
1331 1976 1664 2046 hypostasim
1695 1991 1817 2033 esse
1849 1977 1989 2034 duas

403 2069 633 2116 naturas
672 2061 987 2128 habentem,
1022 2065 1260 2119 divinam
1304 2067 1511 2122 scilicet
1562 2077 1616 2121 et
1667 2068 1986 2135 humanam,

404 2149 637 2219 ideoque
670 2147 724 2202 in
754 2151 929 2218 ipsum
963 2150 1084 2205 dua:
1106 2152 1342 2207 rationes
1365 2169 1688 2219 convenere,
1710 2155 1897 2210 eodem
1921 2157 1990 2212 de

402 2247 756 2296 s‘easserente
789 2258 803 2295 :
837 2241 1002 2307 Quem
1023 2260 1102 2297 me
1149 2245 1328 2298 dicunt
1352 2262 1460 2300 esse
1502 2244 1552 2298 F
1555 2247 1703 2300 ilium
1723 2248 1991 2302 hominis?

402 2341 459 2388 et
496 2331 658 2389 Petro
709 2335 1072 2404 respondente
1109 2335 1231 2392 :Tu
1258 2354 1312 2394 es
1359 2338 1603 2395 Christus
1669 2339 1839 2395 Filius
1895 2342 1988 2396 Dei

403 2424 528 2478 vivi.
578 2423 668 2480 10.
705 2425 864 2491 Item,
901 2426 961 2482 Si
1004 2429 1168 2486 unius
1204 2440 1287 2485 est
1320 2441 1530 2487 natura!
1569 2433 1822 2489 Christus
1867 2443 1989 2502 pOst

402 2516 683 2583 unionem,
728 2535 951 2576 necesse
998 2531 1084 2576 est
1134 2534 1411 2590 naturam,
1472 2527 1772 2580 secundmn
1822 2543 1984 2596 quam

401 2606 658 2664 Christus
709 2620 793 2666 est
839 2614 1004 2668 unius
1043 2623 1280 2679 naturae,
1324 2624 1418 2669 aut
1455 2632 1799 2671 communem
1841 2635 1985 2681 esse,

402 2701 500 2748 aut
541 2696 912 2766 singularem;
945 2701 990 2755 si
1040 2717 1388 2758 communem
1424 2721 1545 2761 esse
1583 2709 1985 2772 concesseritis,

399 2783 512 2852 jam
536 2785 650 2852 ipsa
678 2787 744 2842 de
777 2789 1025 2858 pluribus
1049 2791 1284 2857 dicetur,
1315 2795 1408 2850 sed
1454 2795 1592 2850 alios
1622 2796 1870 2852 Chris'os
1903 2813 1988 2852 re-

405 2875 609 2945 perire,
633 2888 727 2934 aut
767 2879 955 2949 fuisse,
988 2883 1056 2938 de
1088 2885 1288 2954 quibus
1313 2885 1428 2942 hasc
1457 2889 1766 2942 communis
1795 2899 1988 2948 natura

403 2969 810 3037 praedicabitur,
843 2974 956 3028 ﬁeri
989 2975 1214 3032 omnino
1241 2978 1447 3048 nequit.
1481 2979 1536 3034 Si
1558 2981 1853 3050 singularis
1881 2992 1984 3048 est,

403 3057 546 3115 idem
578 3063 684 3117 erit
712 3079 838 3120 cum
876 3066 1156 3137 hypostasi
1187 3087 1200 3124 :
1237 3078 1293 3125 et
1321 3071 1366 3126 si
1398 3071 1451 3126 id
1479 3081 1582 3138 est,
1619 3087 1843 3130 necesse
1868 3089 1988 3130 om-

403 3151 533 3208 nino
563 3153 727 3210 l'uerit
773 3159 1074 3214 secundum
1107 3176 1228 3228 vos,
1281 3161 1498 3219 Patrem
1526 3205 1540 3230 ,
1582 3173 1636 3219 et
1665 3163 1861 3220 Filium
1885 3206 1900 3230 ,
1931 3173 1986 3221 et

405 3243 672 3315 Spiritum
709 3259 959 3306 sanctum
1009 3262 1118 3308 tres
1163 3255 1468 3324 peculiares
1507 3259 1782 3313 numerari
1829 3266 1989 3313 natu-

404 3352 516 3401 ras,
546 3346 602 3393 et
646 3347 758 3396 tres
799 3341 930 3397 deos
983 3343 1113 3410 dici,
1140 3354 1195 3400 et
1238 3355 1348 3402 tres
1392 3347 1643 3415 deitates,
1676 3352 1822 3418 quod
1872 3350 1992 3405 bla-

404 3427 688 3497 sphemias
723 3445 914 3488 omnes
944 3445 1237 3505 exsuperat
1263 3455 1276 3489 ε
1302 3437 1411 3492 imo
1439 3447 1494 3494 et
1528 3442 1694 3496 totius
1717 3441 1992 3498 Christia-

403 3516 568 3572 nismi
597 3518 832 3589 ejuratio
863 3533 964 3587 est,
1001 3540 1176 3595 neque
1213 3529 1360 3582 enim
1389 3545 1685 3599 possumus
1711 3533 1892 3589 dicere
1934 3535 1988 3589 iu

401 3603 728 3661 universum
777 3619 1030 3665 naturam
1079 3613 1444 3684 hypostasim,
1500 3627 1596 3673 aut
1649 3620 1987 3692 hypostasim

402 3703 655 3750 naturam
683 3739 698 3766 ,
746 3715 814 3754 ne
843 3716 1036 3758 omnes
1075 3703 1375 3762 Christiani
1421 3723 1667 3764 asserere
1725 3721 1990 3782 cogantur

402 3782 644 3850 Patrem,
680 3798 733 3844 et
777 3789 1001 3856 Filium,
1029 3802 1085 3850 et
1113 3794 1376 3862 Spiritum
1397 3808 1664 3875 sanetum
1696 3811 1802 3857 tres
1832 3813 1991 3857 natu-

403 3893 516 3944 ras,
555 3882 700 3950 quod
744 3892 827 3938 est
862 3894 973 3942 tres
1013 3887 1368 3958 hypostases;
1417 3892 1534 3947 sive
1561 3909 1724 3949 unam
1764 3897 1987 3953 eosdem

401 3967 603 4025 habere
640 3974 1008 4044 hypostasim,
1037 3993 1100 4034 ea
1138 3981 1384 4047 ratione,
1418 3999 1527 4053 qua
1573 4001 1738 4041 unam
1787 3988 1988 4046 habent

403 4072 676 4128 naturam,
709 4081 831 4134 quae
859 4069 1022 4125 ambo
1051 4086 1081 4125 a
1121 4071 1224 4128 ﬁde
1247 4073 1561 4131 Christiana
1607 4079 1785 4134 aliena
1833 4091 1984 4137 sunt.

404 4149 491 4204 Η.
524 4152 675 4220 Item,
708 4153 764 4210 Si
795 4157 959 4213 unius
992 4168 1202 4217 naturae
1241 4163 1540 4231 hominem,
1577 4168 1831 4240 illiusque
1861 4188 1988 4242 par-

403 4252 485 4296 tes
508 4245 692 4312 simul,
727 4265 851 4318 quae
882 4251 1036 4321 prius
1080 4270 1190 4310 non
1242 4267 1419 4325 erant,
1445 4261 1700 4330 produxit
1738 4262 1805 4319 ad
1839 4280 1990 4319 com-

404 4333 734 4430 plementum
773 4340 1037 4409 universi,
1071 4345 1296 4415 lierique
1339 4359 1542 4420 potest,
1567 4362 1629 4409 ut
1677 4371 1800 4426 quae
1838 4359 1987 4430 ejus-

401 4425 522 4478 deut
551 4438 680 4484 sunt
752 4435 1011 4503 temporis
1073 4453 1238 4492 unam
1297 4452 1546 4498 naturam
1622 4425 1984 4518 compositam

2095 1964 2274 2020 νοῦντι
2317 1969 2804 2040 προπριόήσεται,
2852 1974 2948 2024 καὶ
2978 1973 3080 2041 τῆς
3119 1972 3442 2043 ἐρρωμένης
3484 1974 3681 2044 φρενὸς

2095 2058 2437 2129 ἑκστήσεται.
2470 2061 2532 2113 Ei
2561 2059 2618 2113 δέ
2648 2061 2798 2114 ἐστιν
2829 2062 2862 2130 ή
2894 2060 2989 2132 μία
3019 2061 3180 2131 φύσις
3218 2063 3358 2134 αὕτη
3387 2063 3512 2118 οὔτε
3539 2064 3678 2130 θεία,

2094 2148 2215 2202 οὔτε
2262 2150 2597 2223 ἀνθρωπίνη,
2652 2154 2943 2225 ὁΧριστδς
2997 2155 3108 2226 ἀρα
3163 2153 3286 2210 οὔτε
3325 2157 3459 2220 Θεός
3508 2160 3677 2224 ἐστιν,

2094 2240 2216 2294 οὔτε
2242 2242 2547 2314 ἄνθρωπος.
2580 2244 2755 2299 Ὅπου
2781 2247 3072 2317 τοιγαροῦν
3106 2249 3234 2313 τοὺς
3294 2248 3488 2318 λόγους
3518 2268 3679 2321 περιρ

2096 2332 2420 2403 στρέψομεν,
2450 2336 2531 2398 είς
2563 2334 2623 2389 τὸ
2649 2335 2829 2405 λέγειν
2865 2337 3215 2407 ἀπαγόμεθα,
3249 2339 3334 2394 ὅτι
3381 2339 3410 2391 6
3445 2339 3678 2411 Χριστὸς

2097 2422 2196 2491 μία
2228 2423 2527 2489 ὑπόστασις
2562 2425 2665 2494 τῆς
2699 2426 2862 2494 ἁγίας
2891 2427 3124 2497 Τριάδος
3160 2429 3316 2494 ἐστὶ,
3347 2429 3442 2483 δύο
3489 2431 3679 2500 φύσεις

2094 2515 2252 2584 ἔχων,
2308 2515 2469 2584 φύσιν
2502 2533 2561 2570 τε
2595 2517 2768 2582 θείαν,
2806 2519 2900 2572 καὶ
2945 2519 3109 2588 φύσιν
3149 2521 3524 2591 ἀνθρωπίνην.
3571 2523 3680 2576 Καὶ

2093 2607 2284 2659 τούτου
2313 2607 2472 2680 χάριν
2505 2608 2594 2661 ἐπ’
2622 2609 2772 2680 αὑτῷ
2806 2611 3068 2680 συνῆλθον
3095 2611 3397 2681 ἀμφότεροι
3446 2613 3494 2665 oi
3531 2613 3678 2681 λόγοι

2095 2698 2259 2751 αὑτοῦ
2285 2715 2344 2752 τε
2378 2701 2508 2770 περὶ
2541 2701 2739 2753 ἑαυτοῦ
2775 2701 3082 2772 εἰρηκότος,
3117 2703 3254 2758 Τίνα
3276 2721 3354 2772 με
3384 2705 3680 2773 λέγουσιν

2093 2785 2245 2842 εἶναι
2278 2790 2384 2845 τὸν
2438 2792 2576 2846 Υίὸν
2614 2787 2721 2848 τοῦ
2775 2793 3139 2862 ἁνθρώπου;
3189 2796 3286 2849 καὶ
3340 2797 3436 2850 τοῦ
3471 2797 3678 2868 Πέτρου

2095 2882 2555 2953 ἀποκριναμένου,
2582 2884 2664 2940 Σὺ
2690 2881 2745 2939 el
2773 2889 2805 2940 ό
2839 2887 3117 2955 Χριστὸς,
3161 2890 3197 2942 ό
3235 2888 3369 2955 Υἱὸς
3392 2888 3500 2943 τοῦ
3531 2891 3678 2945 Θεοῦ

2094 2974 2199 3028 τοῦ
2225 2973 2460 3042 ζῶντος.
2500 2975 2552 3032 ι’.
2591 2978 2732 3031 Ἔτιο
2767 2979 2828 3031 Et
2865 2980 2995 3048 μιᾶς
3044 2978 3261 3047 φύσεώς
3303 2982 3453 3034 ἐστιν
3483 2983 3512 3034 ὁ
3543 2985 3677 3052 Χρι-

2095 3064 2220 3130 στὸς
2275 3067 2412 3136 μετὰ
2459 3067 2558 3137 τὴν
2591 3067 2816 3132 ἕνωσιν,
2849 3069 3066 3136 ἀνάγκη
3095 3069 3192 3140 τὴν
3223 3069 3408 3138 φύσιν,
3466 3073 3588 3125 καθ’
3611 3073 3678 3141 ήν

2093 3156 2242 3210 ἐστιν
2270 3159 2298 3210 6
2325 3158 2556 3228 Χριστὸς
2588 3162 2718 3230 μιᾶς
2741 3159 2977 3229 φύσεως,
3009 3160 3042 3230 ἢ
3101 3160 3286 3232 κοινὴν
3319 3157 3480 3226 εἶναι,
3519 3164 3552 3235 ἦ
3578 3163 3678 3216 18t-

2095 3247 2217 3318 κήν.
2244 3245 2356 3302 Καὶ
2387 3247 2436 3300 εί
2470 3248 2568 3319 μὲν
2621 3249 2805 3320 κοινήν
2850 3249 3098 3315 εἰπόντες
3150 3251 3354 3321 δοίητε,
3391 3253 3680 3322 συμϐαίνει

2093 3339 2266 3410 αὑτὴν
2293 3339 2432 3393 κατά
2478 3340 2740 3394 πλειόνων
2789 3340 3072 3412 φέρεσθαι.
3122 3342 3318 3412 Εὑρεῖν
3376 3343 3434 3394 δὲ
3487 3344 3679 3407 ἄλλους

2094 3430 2381 3501 Χριστοῦς,
2417 3429 2754 3500 ἢγενέσοαι,
2791 3431 2912 3483 καθ’
2948 3425 3023 3486 ὧν
3061 3430 3202 3500 αὕτη
3235 3433 3267 3503 ή
3324 3435 3478 3503 κοινὴ
3518 3433 3679 3502 φύσις

2094 3519 2626 3590 κατηγορηθήσεται,
2674 3519 2785 3574 τῶν
2813 3521 3098 3576 ἀδυνάτων
3141 3521 3310 3578 ἐστίν.
3345 3513 3410 3577 Et
3441 3524 3498 3578 δὲ
3536 3525 3678 3594 ίδική

2091 3613 2232 3678 ἐστι,
2261 3611 2458 3665 ταυτὸν
2487 3611 2640 3666 ἔσται
2669 3615 2735 3684 τῇ
2756 3613 3072 3668 ὑποστάσει.
3103 3615 3163 3668 Εί
3192 3615 3249 3668 δὲ
3265 3613 3444 3682 τοῦτο,
3464 3616 3676 3688 ἀνάγκη

2093 3704 2392 3764 πᾶσα,καθ⁹
2424 3704 2590 3772 ὑμᾶς,
2635 3703 2726 3757 τὸν
2756 3704 2996 3776 Πατέρα,
3033 3705 3128 3758 καὶ⁵
3181 3706 3272 3759 τὸν
3301 3705 3454 3773 Υίδν,
3491 3707 3586 3761 καὶ
3619 3707 3679 3760 τὸ

2094 3794 2318 3863 Πνεῦμα
2343 3794 2403 3847 τὸ
2432 3794 2608 3862 ἅγιον,
2640 3798 2790 3864 τρεῖς
2825 3795 3059 3865 μερικάς
3091 3795 3440 3866 ἀριθμεῖσθαι
3467 3796 3676 3865 φύσεις,

2093 3886 2187 3937 καὶ
2217 3887 2365 3955 τρεῖς
2396 3885 2770 3956 ὁμολογεῖσθαι
2796 3885 2976 3950 θεοὺς,
3015 3888 3112 3940 καὶ
3157 3890 3305 3956 τρεῖς
3343 3887 3624 3957 θεότητας,
3649 3887 3679 3941 6

2091 3977 2156 4047 δὴ
2185 3975 2546 4047 βλασφημιῶν
2567 3978 2715 4030 ἐστιν
2741 3976 2969 4030 ἀπασῶν
2999 3979 3300 4049 ἀκροτάτη,
3331 3979 3531 4048 μᾶλλον
3582 3978 3678 4032 καὶ

2091 4069 2184 4122 τοῦ
2219 4068 2646 4139 Χριστιανισμοῦ
2687 4069 2889 4132 παντὸς
2917 4070 3168 4140 ἄρνησις.
3197 4071 3273 4124 Οὑ
3296 4069 3404 4140 γάρ
3434 4069 3583 4123 ἔστιν
3605 4072 3678 4123 εί-

2092 4161 2214 4213 πεῖν
2248 4159 2476 4213 καθόλου
2510 4159 2787 4230 τὴνφύσιν
2821 4160 3140 4224 ὑπόστασιν,
3182 4161 3215 4230 ἢ
3251 4159 3351 4230 τὴν
3377 4161 3678 4213 ὑπόστασιν

2093 4251 2276 4322 φύσιν,
2307 4252 2395 4305 ἵνα
2423 4252 2497 4322 μὴ
2522 4253 2656 4305 πᾶσι
2682 4253 2796 4315 τοῖς
2835 4253 3187 4322 Χριστιανοῖς
3220 4252 3561 4322 συμϐήσεται
3588 4253 3679 4304 λέ-

2093 4360 2210 4412 γειν
2235 4342 2327 4396 τὸν
2359 4343 2601 4413 Πατέρα,
2650 4343 2746 4396 καὶ
2779 4343 2872 4397 τὸν
2902 4343 3064 4407 Υίὸν,
3108 4343 3204 4396 καὶ
3244 4343 3304 4397 τὸ
3347 4343 3574 4413 Πνεῦμα
3617 4343 3680 4397 τὸ

2091 4435 2247 4503 ἆγιον
2277 4435 2426 4507 τρεῖς
2450 4433 2664 4504 φύσεις,
2713 4435 2853 4506 ὅπερ
2903 4436 3020 4488 ἐστὶ
3054 4437 3202 4505 τρεῖς
3236 4435 3586 4498 ὑποστάσεις,
3643 4435 3676 4505 ἢ

401 4516 667 4587 etiiciant,
730 4523 837 4577 tale
894 4525 1172 4582 decretum
1239 4540 1292 4585 et
1348 4533 1518 4605 legem
1595 4516 1900 4598 naturalem
1951 4559 1981 4598 a

2093 4527 2224 4594 μίαν
2253 4525 2451 4589 αὐτοὺς
2483 4525 2628 4595 ἔχειν
2651 4525 2971 4591 ὑπόστασιν,
3000 4527 3058 4580 6v
3101 4526 3306 4598 τρόπον
3342 4528 3471 4598 μίαν
3499 4527 3678 4596 ἔχουσι

401 4607 661 4666 Creatore
691 4615 1031 4684 accipientia,
1069 4629 1126 4673 ut
1151 4635 1216 4674 ex
1260 4622 1373 4695 lege
1419 4636 1632 4684 natura:
1682 4633 1880 4688 similia
1919 4650 1984 4689 ex

401 4700 672 4760 similibus
713 4708 1016 4763 secundum
1068 4716 1473 4772 successionem
1523 4734 1902 4790 procreentur,
1931 4726 1985 4780 in

402 4793 636 4850 Domino
707 4814 837 4853 vero
883 4802 1161 4858 unitarum
1210 4816 1560 4878 naturarum,
1596 4813 1711 4868 haec
1763 4816 1984 4885 quidem

401 4886 521 4974 sine
567 4887 837 4959 principio
899 4901 984 4948 est
1031 4901 1083 4948 et
1127 4904 1254 4951 ante
1314 4913 1477 4956 omne
1528 4912 1772 4974 tempus,
1816 4906 1986 4962 altera

399 4972 728 5044 principium
775 4979 955 5045 habet,
1012 4989 1068 5035 et
1116 4983 1218 5037 sub
1253 4991 1496 5056 tempore
1531 4972 1657 5056 est,
1688 5004 1862 5058 neque
1906 4991 1987 5046 l'a-

399 5075 500 5121 eta:
538 5079 667 5123 sunt
694 5071 905 5139 species
959 5073 1029 5128 ad
1067 5077 1522 5144 complementum
1557 5083 1833 5149 universi,
1861 5101 1985 5140 cum

401 5160 698 5215 cessaverit
739 5160 882 5217 Deus
916 5165 984 5220 ab
1005 5167 1263 5236 operibus
1296 5171 1412 5224 suis
1460 5171 1548 5225 die
1591 5175 1856 5242 septimo;
1889 5190 1987 5230 ne-

400 5263 508 5317 que
564 5253 886 5307 naturaliter
931 5255 1262 5324 ﬂoruerunt,
1303 5269 1395 5314 aut
1438 5271 1647 5316 natura:
1699 5263 1799 5333 legi
1858 5265 1988 5318 sub-

401 5339 630 5408 duntur,
666 5351 777 5398 uta
807 5344 1026 5402 Christo
1078 5359 1428 5419 generentur,
1460 5362 1515 5406 et
1565 5355 1802 5423 speciem
1851 5370 1985 5410 eon-

401 5432 631 5487 stituant
669 5433 1038 5507 Christorum,
1075 5441 1372 5496 multarum
1415 5445 1782 5513 hypostaseon
1821 5461 1986 5514 capa-

400 5539 542 5588 cem,
576 5529 670 5582 sed
708 5546 872 5584 unam
911 5533 1246 5604 hypostasim
1277 5535 1638 5605 compositam
1672 5553 1736 5590 ex
1773 5535 1984 5591 duabus

407 5617 642 5683 naturis,
705 5630 757 5676 et
805 5621 860 5676 in
910 5623 1124 5680 duabus
1181 5626 1415 5691 naturis,
1466 5637 1520 5682 et
1573 5627 1709 5682 duas
1760 5636 1986 5684 naturas

405 5707 716 5778 habentem,
748 5728 1076 5785 quacunque
1124 5726 1319 5772 natura
1367 5729 1488 5788 post
1519 5719 1776 5774 unionem
1800 5759 1816 5782 ,
1855 5733 1984 5788 pro-

403 5799 577 5867 priam
610 5802 1003 5874 deﬁnitionem,
1043 5818 1096 5864 et
1135 5810 1326 5883 legem.
1356 5821 1412 5868 et
1451 5820 1694 5868 mutuam
1726 5809 1977 5867 dill'ercn-

2091 4616 2286 4684 φύσιν·
2321 4615 2611 4686 ἀμφότερα
2648 4615 2706 4668 δὲ
2761 4615 2862 4685 τῆς
2895 4615 3006 4669 τῶν
3058 4617 3405 4686 Χριστιανῶν
3439 4618 3678 4680 πίστεως

2087 4707 2362 4776 ἀλλότρια.
2397 4705 2486 4761 ια’.
2521 4706 2667 4760 Ἔτιο
2707 4709 2768 4760 Εἰ
2826 4709 2956 4778 μιᾶς
2989 4707 3206 4776 φύσεως
3251 4709 3344 4762 τὸν
3387 4708 3678 4779 ἄνθρωπον

2088 4799 2215 4853 ὄντα
2230 4799 2299 4852 ea;
2334 4797 2474 4870 μέρη
2506 4798 2622 4868 ἅμα
2649 4799 2714 4850 ὲκ
2738 4798 2835 4851 τοῦ
2872 4798 2948 4869 μὴ
2979 4798 3132 4863 ὄντος
3153 4801 3234 4863 είς
3267 4799 3327 4852 τὸ
3359 4795 3497 4854 εἶναι
3531 4816 3678 4868 παρ-

2087 4889 2312 4957 αγαγὼν
2364 4889 2564 4960 ἔσχηκε
2601 4889 2736 4960 πρὸς
2769 4891 3166 4961 συμπλήρωσιν
3197 4891 3290 4944 τοὺ⁹
3331 4891 3554 4954 παντὸς,
3582 4891 3678 4944 καὶ

2087 4980 2311 5035 δυνατὸν
2336 4980 2404 5034 τὰ
2431 4980 2710 5050 ὁμόχρονα
2734 4979 2864 5050 μίαν
2894 4979 3057 5050 φύσιν
3080 4981 3364 5034 ἀποτελεῖν
3399 4980 3675 5046 σύνθετον,

2086 5073 2328 5128 τοιοῦτον
2353 5073 2477 5146 ὅρον
2505 5075 2601 5128 καὶ
2623 5073 2852 5142 φυσικόν
2867 5075 3033 5144 νόμον
3056 5077 3206 5145 παρὰ
3222 5074 3314 5127 τοῦ
3329 5073 3676 5146 Δημιουργοῦ

2089 5167 2377 5238 δεχόμενα,
2436 5165 2576 5219 ὥστε
2606 5167 2823 5234 φύσεως
2873 5166 3023 5236 νόμῳ
3057 5167 3200 5220 κατά
3231 5165 3486 5236 διαδοχὴν
3511 5166 3696 5236 ὅμοια,

2089 5257 2150 5320 ὲξ
2168 5256 2367 5326 ὁμοίων
2397 5255 2648 5324 γενέσθαι
2672 5274 2686 5288 ’
2719 5257 2811 5309 ἐπὶ
2840 5256 2898 5308 δὲ
2929 5257 3024 5308 τοῦ
3052 5256 3259 5326 Κυρίου
3316 5257 3428 5310 τῶν
3457 5257 3676 5310 ἐνωθει-

2090 5348 2198 5400 σῶν
2222 5347 2436 5415 φύσεων
2489 5349 2522 5417 ἡ
2575 5348 2673 5417 μὲν
2722 5347 2955 5418 ἀναρχός
2985 5349 3100 5401 ὲστι
3140 5349 3232 5401 καὶ
3267 5347 3516 5417 ἀχρονος,
3548 5350 3580 5418 ἡ
3617 5349 3675 5402 δὲ

2088 5439 2340 5511 ἠργμένη
2368 5440 2462 5494 καὶ
2489 5440 2593 5492 ὑπὸ
2615 5439 2827 5509 χρόνον,
2847 5442 2941 5492 καὶ
2969 5441 3030 5491 οὑ
3057 5440 3348 5508 γεγόνασιν
3370 5434 3508 5503 εἶδος
3537 5442 3676 5511 πρὸς

2090 5532 2484 5602 συμπλήρωσιν
2552 5529 2648 5584 τοῦ
2703 5530 2942 5594 παντός·
2980 5532 3105 5584 ἐπεὶ
3151 5531 3214 5583 οὑ
3269 5531 3674 5584 κατέπαυσενό

2088 5623 2222 5686 Θεὸς
2271 5621 2380 5676 ἀπὸ
2411 5623 2520 5676 τῶν
2572 5621 2750 5694 ἔργων
2799 5620 2967 5677 αὑτοῦ
3009 5624 3074 5692 τῇ
3112 5621 3293 5694 ἡμέρᾳ
3324 5624 3389 5693 τῇ
3444 5621 3671 5692 ἑϐδόμῃ,

2088 5714 2212 5768 οὒτε
2241 5715 2484 5785 φυσικῶς
2514 5715 2776 5786 ήνοησαν,
2805 5715 2844 5786 ἢ
2867 5714 2971 5768 ὑπὸ
2997 5715 3214 5784 φύσεως
3249 5715 3374 5786 ὅρον
3402 5713 3670 5776 τελοῦσιν,

2090 5805 2229 5862 ὥστε
2261 5805 2374 5860 ἀπὸ
2400 5806 2634 5875 Χριστοῦ
2665 5806 2977 5876 γεννᾶσθαι,
3001 5806 3093 5860 καὶ
3124 5801 3260 5870 εῐδος
3294 5802 3668 5863 ἀποτελεῖσθαι
