4064 6424
378 403 488 468 641

1256 402 1688 463 REFUTATIO
1727 399 2113 463 EPISTOL/E
2141 404 2372 464 REGIS
2412 405 2807 466 ARMENL’E.

3541 410 3648 475 642

376 519 676 593 Χριστῶν,
729 518 1081 591 περιεκτικδν
1132 516 1345 573 πολλῶν
1387 519 1783 585 ὑποστάσεων,
1836 518 1975 573 ἀλλά

2087 519 2209 574 tiam
2269 529 2654 576 couservante.
2711 522 2800 576 12.
2857 522 3014 591 Item,
3079 524 3134 580 Si
3185 525 3416 582 diversae
3474 528 3675 600 speciei

381 615 518 686 μίαν
547 612 845 667 ὑπόστασιν
877 610 1154 676 σύνθετον,
1179 613 1243 665 ἐκ
1272 611 1367 665 δύο
1397 611 1637 681 φύσεων,
1671 613 1767 665 καὶ
1796 614 1854 665 ὲν
1878 612 1972 665 δύο

379 706 635 776 φύσεσιν,
673 704 890 756 καὶδύο
922 703 1114 770 φύσεις
1163 703 1415 774 ἔχουσαν,
1457 705 1694 774 ἑκάστης
1751 703 1971 770 φύσεως

384 797 480 851 καὶ
506 796 648 866 μετὰ
696 793 793 865 τὴν
825 795 1020 847 ἕνωσιν
1071 794 1451 864 φυλαττούσης
1497 795 1588 848 τὸν
1619 797 1819 848 οίκεῐον
1849 797 1974 864 ὅρον

291 922 296 924 -
384 905 445 939 τε
509 886 606 940 καὶ
677 884 866 956 νόμον,
932 885 1026 937 καὶ
1093 884 1192 955 τὴν
1261 885 1396 954 πρὸς
1445 884 1650 956 ἄλληλα
1685 885 1972 955 διαφοράν.

384 978 473 1047 ιβ’.
517 979 658 1032 Ἔτι·
688 979 752 1032 Εἰ
781 980 836 1030 αἱ
866 978 1186 1048 ὲτεροειδεῖς
1226 979 1553 1042 ὑποστάσεις
1587 980 1686 1049 οὑχ
1744 981 1975 1034 ὑποστα-

379 1071 513 1138 τικῇ
573 1067 958 1138 συγκρίνονται
1016 1067 1049 1138 ἢ
1103 1067 1470 1139 διακρίνονται
1516 1069 1784 1141 διαφορᾷ,
1839 1069 1977 1124 ἀλλὰ

379 1164 616 1234 φυσικῇ,
675 1162 772 1215 καὶ
824 1161 880 1214 αἱ
950 1161 1216 1231 ὁμοειδεῖς
1276 1161 1604 1225 ὑποστάσεις
1658 1163 1720 1215 οὑ
1769 1165 1974 1234 φυσικῇ

381 1254 772 1326 συγκρίνονται
801 1253 835 1325 ἢ
869 1253 1260 1324 διακρίνονται,
1318 1254 1433 1308 ἀλλ’
1485 1255 1850 1326 ὑποστατικῇ,
1883 1256 1977 1307 καὶ

379 1345 573 1416 ὥσπερ
600 1345 861 1398 ἀδύνατον
891 1344 956 1397 τὰ
991 1347 1328 1417 ὑποστατικῇ
1381 1345 1618 1418 διαφορᾷ
1653 1346 1976 1418 διαφέροντα

384 1439 520 1506 μιᾶς
549 1432 690 1489 εἶναι
735 1436 1107 1500 ὑποστάσεως,
1145 1423 1317 1501 οὑτως
1375 1438 1639 1492 ἀδύνατον
1668 1439 1736 1492 τὰ
1767 1441 1973 1510 φυσικῇ

379 1531 618 1600 διαφορᾷ
645 1529 972 1600 διαφέροντα
1010 1532 1140 1599 μιᾶς
1189 1525 1328 1583 εἶναι
1382 1531 1600 1600 φύσεως
1632 1548 1647 1563 ο
1705 1534 1808 1585 οὑκ
1865 1533 1976 1600 ἄρα

381 1621 536 1676 ἐστιν
565 1622 742 1675 εἰπεῖν
770 1621 900 1690 μίαν
931 1619 1090 1688 φύσιν
1114 1621 1208 1673 ἐπὶ
1237 1621 1331 1673 τοῦ
1362 1621 1566 1692 Κυρίου
1600 1622 1760 1692 ήμῶν
1801 1622 1976 1692 Ἰησοῦ

380 1711 648 1784 Χριστοῦ,
709 1712 822 1765 ἀλλ’
859 1713 922 1765 ὲκ
950 1710 1044 1766 δύο
1083 1711 1299 1780 φύσεων
1332 1713 1573 1778 τελείων,
1605 1706 1756 1778 θείας
1786 1731 1842 1767 τε
1883 1715 1979 1768 καὶ

381 1803 753 1875 ἀνθρωπίνης,
785 1802 1112 1874 γεγενῆσθαι
1145 1803 1244 1874 τὴν
1269 1805 1389 1856 καθ’
1418 1805 1719 1858 ὑπόστασιν
1781 1806 1978 1859 ἕνωσιν

2076 610 2400 680 hypostases
2462 627 2571 668 nou
2665 613 3008 684 hypostatica
3077 629 3462 688 comparantur
3502 663 3518 688 ,
3583 632 3678 678 aut

2075 701 2428 771 distiarantur
2485 703 2818 772 diﬂ'erentia,
2862 707 2955 761 sed
2998 711 3256 775 naturali,
3313 720 3369 766 et
3417 713 3664 782 ejusdem

2075 795 2276 863 speciei
2311 795 2633 865 hypostases
2675 813 2785 852 non
2835 801 3073 854 naturali
3112 813 3533 871 comparantur,
3583 817 3681 860 aut

2074 885 2430 956 disparantur
2461 886 2802 955 diti‘erentia,
2840 888 2935 945 sed
2971 890 3330 961 hypostatica,
3389 903 3442 948 et
3477 911 3671 965 quem-

2085 978 2381 1032 admodum
2451 977 2567 1032 iieri
2622 980 2834 1049 nequit,
2862 989 2922 1034 ut
2977 996 3100 1050 quae
3143 983 3484 1053 hypostatica
3525 976 3680 1039 diil‘e1

2077 1069 2253 1122 rentia
2297 1067 2775 1133 discriminantur,
2823 1071 2992 1127 unius
3035 1073 3152 1126 sint
3199 1073 3514 1143 hypostasis
3541 1114 3556 1138 ,
3603 1077 3679 1128 ita

2078 1157 2196 1211 ﬁeri
2227 1158 2439 1227 nequit,
2468 1168 2529 1213 ut
2549 1175 2670 1228 qua:
2691 1160 2974 1216 essentiali
3000 1161 3312 1217 differentia
3343 1164 3682 1229 dividuntur,

2086 1251 2252 1305 unius
2304 1251 2416 1306 sint
2463 1263 2675 1308 naturae
2720 1269 2870 1309 :non
2918 1270 3214 1325 possumus
3266 1255 3454 1326 itaque
3499 1257 3685 1311 dicere

2082 1360 2251 1399 unam
2301 1354 2556 1401 naturam
2606 1347 2673 1401 de
2727 1348 2956 1404 Domino
2999 1358 3192 1404 nostro
3239 1349 3365 1406 Jesu
3423 1352 3676 1415 Christo,

2081 1441 2175 1494 sed
2196 1454 2258 1493 ex
2293 1439 2508 1494 duabus
2544 1441 2754 1495 naturis
2800 1440 3082 1511 perfectis,
3116 1442 3303 1498 divina
3333 1453 3387 1498 et
3418 1445 3683 1508 humana,

2085 1529 2285 1586 factam
2322 1531 2496 1586 fuisse
2543 1535 2800 1586 unionem
2841 1535 3142 1589 secundum
3186 1535 3524 1607 ltypostasim
3574 1539 3680 1592 im-

2084 1625 2444 1688 mutabiliter,
2465 1635 2522 1679 et
2556 1625 2746 1679 inconl'
2749 1641 2864 1691 use,
2889 1636 2942 1680 et
2965 1626 3223 1692 indivise,
3255 1638 3312 1683 et
3339 1630 3686 1685 continenter

2084 1713 2139 1767 in
2176 1713 2394 1768 duabus
2428 1708 2644 1766 naturis
2677 1713 2913 1782 perfecte
2959 1714 3284 1771 habentibus
3309 1731 3473 1771 unam
3508 1717 3684 1788 hypo-

2084 1806 2274 1860 stasim
2306 1805 2668 1874 compositam
2707 1805 2830 1859 Filii
2867 1804 2982 1871 Dei,
3018 1815 3073 1862 et
3099 1808 3394 1872 incarnati,
3425 1811 3683 1865 eamdem

380 1893 692 1965 ἀτρέπτως,
747 1895 840 1948 καὶ
892 1894 1237 1966 ἀσυγχύτως,
1289 1896 1384 1949 καὶ
1445 1897 1846 1962 ἀναλλοιὼτως,
1879 1901 1977 1952 καὶ

2087 1872 2450 1965 hypostasitm
2485 1904 2798 1950 asserentes
2877 1895 3102 1952 deitatis
3170 1907 3226 1952 et
3301 1900 3684 1965 humanitatis,

379 1987 728 2057 ἀδιαιρέτως,
766 1987 859 2039 καὶ
887 1987 1244 2060 ἁδιαστάτως,
1273 1989 1330 2040 ὲν
1367 1989 1490 2042 δυσὶ
1522 1988 1722 2058 φύσεσι
1751 1990 1977 2054 τελείως

381 2077 638 2148 ἐχούσαις
687 2077 815 2148 μίαν
857 2079 1158 2132 ὑπόστασιν
1215 2079 1471 2134 σύνθετον
1519 2081 1978 2151 ἀποτελεσθεῖσαν

379 2171 778 2244 ὁμολογοῦντες
800 2172 893 2225 τοὺ
921 2171 1050 2226 Υἱοῦ
1080 2175 1174 2226 τοῦ
1203 2172 1360 2239 Θεοῦ,
1390 2173 1485 2227 καὶ
1529 2177 1977 2247 σεσαρκωμένου,

381 2264 484 2335 τὴν
515 2263 683 2336 αὐτὴν
711 2263 1007 2318 ὑπόστασιν
1061 2264 1314 2334 λέγοντες
1347 2267 1445 2336 τῆς
1477 2266 1726 2339 θεότητος
1761 2269 1980 2338 καὶτῆς

383 2359 806 2430 ἀνθρωπότητος
836 2358 1028 2424 αὑτοῦ,
1079 2360 1180 2424 τὰς
1213 2359 1310 2413 δύο
1341 2360 1536 2429 φύσεις
1582 2362 1981 2432 ὁμολογοῦντες

385 2451 658 2517 σώζεσθαι
687 2454 746 2506 ὲν
775 2451 925 2522 αὑτῷ
983 2452 1121 2522 μετὰ
1149 2452 1248 2522 τὴν
1303 2452 1498 2507 ’ἐνωσιν
1518 2493 1534 2518 ,
1591 2455 1693 2508 οὑκ
1749 2456 1855 2526 ἰδίᾳ
1885 2457 1980 2509 καὶ

384 2544 493 2598 ἀνᾶ
523 2543 688 2614 μέρος
717 2543 955 2607 τιθέντες
978 2545 1236 2615 ἑκάστην,
1256 2545 1370 2598 ἀλλ’
1397 2547 1682 2617 ήνωμένας
1710 2547 1976 2618 ἀλλήλαις

385 2637 447 2687 ἐν
499 2638 566 2705 τῇ
621 2637 720 2707 μιᾷ
780 2636 1019 2707 συνθέτῳ
1064 2638 1394 2703 ὑποστάσει,
1443 2639 1678 2710 οὑσιὼδη
1725 2641 1980 2710 λέγοντες

384 2726 618 2792 ἕνωσιν,
656 2725 888 2797 οὑσιώδη
923 2729 1001 2791 δὲ,
1044 2730 1143 2800 οὑχ
1197 2729 1272 2794 ῶς
1310 2729 1419 2784 τῶν
1451 2730 1546 2784 δύο
1582 2733 1798 2796 φύσεων
1845 2737 1982 2790 ἁπο-

385 2816 715 2880 τελεσασῶν,
749 2819 878 2888 μίαν
911 2819 1165 2873 σύνθετον
1198 2820 1384 2890 φύσιν,
1407 2821 1566 2876 τοῦτο
1584 2825 1690 2893 γάρ
1715 2825 1980 2880 δέδεικται

389 2909 612 2973 πάντως
667 2909 950 2975 ἀδύνατον,
1004 2911 1122 2965 ἀλλ’
1184 2913 1492 2966 ὲνωθεισῶν
1525 2916 1786 2986 ἀλλήλαις
1840 2924 1981 2974 κατὰ

389 2999 645 3068 ἀλήθειαν
689 3002 768 3063 εἰς
811 2999 940 3069 μίαν
989 3000 1241 3053 σύνθετον
1273 3001 1571 3055 ὑπόστασιν
1597 3003 1691 3056 τοῦ
1726 3005 1853 3058 Υἱοῦ
1883 3005 1978 3059 τοῦ

389 3092 565 3147 Θεοῦ”
602 3093 696 3147 καὶ
729 3093 994 3158 σώζεσθαι
1047 3095 1227 3150 αὑτῶν
1273 3096 1372 3167 τὴν
1417 3096 1654 3168 οὑσιὼδη
1710 3099 1980 3172 διαφοράν

2083 1986 2258 2055 ipsius
2281 1986 2417 2040 duas
2443 1995 2669 2041 naturas
2695 1988 3017 2044 confitentes
3047 1988 3099 2041 in
3123 2005 3189 2044 eo
3212 1993 3527 2046 conservari
3556 2002 3686 2062 post

2081 2078 2364 2138 unionem.
2383 2095 2490 2131 non
2515 2089 2850 2148 separatam,
2879 2089 2931 2133 et
2954 2079 3184 2134 divisam
3210 2097 3682 2153 unamquamque,

2082 2173 2174 2225 sed
2229 2173 2372 2225 inter
2402 2187 2524 2226 sese
2555 2172 2739 2226 unitas
2788 2174 2839 2225 in
2883 2189 2990 2227 una
3031 2175 3336 2244 etmposita
3385 2177 3689 2246 hypostasi,

2079 2264 2420 2320 essentialem
2440 2263 2770 2318 atIirmautes
2817 2265 3099 2332 unionem,
3125 2267 3474 2322 essentialem
3505 2279 3690 2324 autem

2081 2371 2190 2409 non
2245 2364 2502 2424 tanquam
2561 2355 2780 2410 duabus
2849 2357 3062 2412 naturis
3113 2356 3476 2414 eﬂicientibus
3521 2377 3690 2415 unam

2080 2447 2437 2515 compositam
2508 2455 2762 2501 naturam
2813 2465 2828 2502 :
2882 2447 2986 2503 hoc
3035 2449 3181 2505 enim
3258 2465 3486 2519 prorsus
3560 2455 3680 2509 tieri

2081 2539 2290 2608 nequit,
2352 2546 2409 2593 ut
2479 2539 3000 2607 demonstravimus,
3066 2541 3162 2596 sed
3223 2543 3395 2599 unitis
3453 2545 3691 2602 invicem

2083 2630 2385 2684 secundum
2437 2612 2725 2685 veritatem
2779 2632 2831 2685 in
2886 2646 2994 2685 una
3047 2633 3354 2702 composita
3407 2635 3692 2705 hypostasi

2082 2719 2206 2774 Filii
2245 2721 2364 2785 Dei,
2395 2736 2697 2792 earumque
2727 2724 3080 2779 essentialem
3131 2724 3497 2781 differentiam
3540 2745 3691 2784 eou-

2086 2815 2297 2868 servari
2338 2814 2686 2870 decernimus
2719 2834 2732 2869 :
2766 2825 3012 2871 creatum
3051 2817 3198 2872 enim
3231 2820 3494 2874 remansit
3535 2835 3693 2875 erea-

2082 2912 2219 2968 tum,
2251 2913 2304 2958 et
2335 2903 2658 2970 increatum,
2697 2905 3002 2960 increatum
3040 2923 3054 2960 :
3105 2906 3358 2962 similiter
3387 2917 3439 2962 et
3465 2909 3692 2979 reliqua:

2081 2994 2478 3064 oppositiones.
2509 2994 2595 3048 15.
2616 2994 2771 3061 Item,
2794 2994 2850 3049 Si
2876 2996 3038 3050 unius
3068 3006 3152 3050 est
3178 3005 3387 3050 natum
3429 2996 3692 3054 Christus

2083 3095 2204 3152 post
2227 3084 2702 3149 uuionem,dicite,
2723 3085 2914 3154 cujus?
2938 3086 3137 3154 etquid
3166 3086 3231 3142 de
3245 3087 3349 3141 alia
3373 3097 3554 3142 actum
3577 3089 3694 3145 est?

391 3184 718 3256 ὁριζόμεθα⁹
750 3185 811 3238 τὸ
844 3185 953 3257 γὰρ
981 3186 1199 3240 κτιστὸν
1231 3189 1509 3260 μεμένηκε
1533 3193 1772 3258 κτιστὸν,
1807 3195 1980 3248 καὶτὸ

2089 3176 2144 3230 Si
2165 3177 2327 3230 ambo
2344 3176 2639 3240 exsistunt,
2666 3177 2945 3246 quomodo
2969 3193 3102 3240 una,
3117 3177 3223 3232 nisi
3238 3193 3302 3232 ex
3319 3178 3565 3249 utrisque
3580 3195 3692 3234 una

390 3277 666 3343 ἄκτιστον,
701 3278 992 3332 ἄκτιστον·
1025 3278 1288 3342 ὡσαύτως
1328 3279 1394 3350 δή
1440 3281 1535 3334 καὶ
1568 3282 1627 3336 αί
1672 3283 1858 3337 λοιπαὶ
1896 3285 1990 3339 ἀν-

389 3368 643 3433 τιθέσεις.
679 3366 770 3438 ιγ’.
811 3367 934 3422 Ἔτι
955 3384 969 3400 ο
997 3370 1064 3423 Ei
1096 3372 1225 3441 μιᾶς
1254 3370 1470 3438 φύσεως
1508 3373 1647 3442 μετὰ
1664 3373 1761 3444 τὴν
1789 3374 1986 3432 ἕνωσίν

392 3460 543 3513 ἔστιν
597 3460 626 3513 ὁ
669 3459 926 3529 Χριστὸς,
962 3460 1175 3526 εἴπατε,
1227 3461 1417 3530 ποίας;
1455 3463 1550 3515 καὶ
1576 3462 1632 3516 τί
1689 3464 1914 3534 γέγονεν
1957 3468 1991 3538 ή

391 3548 593 3619 ὲτέρα;
632 3551 695 3603 Ei
715 3551 770 3604 δὲ
793 3551 1131 3623 ὑπάρχουσιν
1162 3553 1496 3625 ἀμφότεραι,
1519 3555 1637 3618 πῶς
1664 3555 1797 3626 μίας
1831 3561 1880 3610 εἰ
1914 3558 1992 3630 μὴ

391 3641 450 3707 ἐξ
480 3642 811 3713 ἀμφοτέρων
840 3644 939 3714 μία
975 3644 1313 3716 ἀπετελέσθη
1363 3645 1618 3710 σύνθετος
1667 3647 1791 3701 καθ’
1821 3650 1987 3720 ὑμᾶς.

392 3734 526 3787 Είδὲ
557 3734 734 3800 τοῦτο,
775 3736 1411 3807 ὲτερεούσιοςὸΧριστὸς
1439 3737 1533 3791 τοῦ
1553 3740 1788 3811 Πατρδς,
1822 3743 1990 3795 ἀσυν-

393 3826 550 3878 θέτου
585 3827 946 3897 ὑπάρχοντος,
981 3828 1246 3892 ὡσαύτως
1291 3829 1348 3882 δὲ
1383 3829 1478 3883 καὶ
1510 3831 1603 3882 τοῦ
1645 3831 1986 3903 Πνεύματος,

392 3918 530 3990 ὅπερ
561 3919 676 3972 ἐστὶ
714 3918 1038 3990 βλάσφημον
1068 3919 1290 3990 καὶτῆς
1341 3920 1450 3973 τῶν
1507 3921 1852 3992 Χριστιανῶν
1887 3940 1988 3991 με-

397 4009 543 4079 ρίδος
573 4010 871 4081 ἀλλότριον.
933 4010 993 4064 ιδ’
999 4051 1014 4067 .
1051 4012 1173 4065 Ἔτι
1201 4026 1218 4043 ⁸
1245 4013 1309 4064 Εἰ
1343 4013 1372 4064 ὁ
1397 4011 1682 4082 ἄνθρωπος
1708 4015 1773 4067 ἐκ
1802 4014 1988 4083 διαφό-

397 4115 508 4169 ρων
566 4098 784 4168 φύσεων
819 4100 921 4169 μία
969 4099 1132 4170 φύσις
1179 4099 1435 4162 σύνθετος
1490 4102 1858 4169 ἀποτελεῖται,
1911 4104 1987 4166 ὡς

393 4192 582 4262 ἔτερόν
631 4208 685 4244 τι
737 4193 886 4263 παρὰ
914 4193 984 4246 τὰ
1013 4192 1074 4258 ἐξ
1131 4186 1205 4246 ὧν
1239 4193 1499 4264 συνετέθη
1546 4194 1858 4264 γενόμενος,
1890 4196 1986 4247 καὶ

393 4282 647 4352 οὐδαμῶς
691 4282 815 4337 οὔτε
844 4283 1008 4346 αὑτὸς
1044 4283 1350 4354 όμοούσιος,
1397 4283 1431 4353 ἢ
1468 4284 1716 4356 ὁμοφυὴς
1754 4285 1890 4356 πρὸς
1916 4285 1986 4338 τὰ

394 4373 456 4438 ἐξ
486 4367 561 4426 ὧν
615 4374 872 4445 συνετέθη
913 4375 1067 4446 παρά
1114 4392 1260 4438 τινος
1313 4375 1539 4447 ῥηθείη*
1579 4376 1756 4446 ἕτεροι
1792 4377 1899 4446 γὰρ
1934 4379 1982 4430 oi

395 4463 544 4532 λόγοι
576 4465 738 4518 αὑτοῦ
771 4483 828 4519 τε
860 4467 1088 4520 καὶτῶν
1130 4467 1334 4538 μερῶν,
1367 4467 1491 4520 οὔτε
1527 4468 1636 4538 μὴν
1669 4469 1718 4521 oi
1752 4469 1856 4522 ὑπὸ
1885 4469 1983 4538 τὴν

2093 3267 2283 3322 etl‘ccta
2337 3281 2443 3335 εει,
2499 3269 2799 3339 composita
2835 3269 3135 3324 secundum
3178 3269 3332 3326 vos?
3373 3269 3430 3325 ld
3481 3270 3528 3327 si
3583 3282 3687 3338 est,

2095 3361 2323 3416 alterius
2384 3362 2642 3418 essentne
2709 3362 2815 3417 erit.
2867 3360 3126 3417 Christus
3177 3379 3208 3416 ιι
3242 3361 3426 3427 Patre,
3459 3363 3554 3433 qui
3603 3361 3692 3418 in-

2094 3453 2434 3524 compositus
2468 3463 2592 3520 est;
2623 3453 2880 3510 similiter
2912 3463 2968 3509 et
3005 3468 3036 3508 a
3081 3453 3292 3524 Spiritu
3330 3463 3548 3510 sancto.
3583 3455 3692 3511 Sed

2094 3545 2201 3599 hoc
2250 3545 2632 3615 blasphemum
2689 3553 2792 3611 est,
2841 3553 2897 3600 et
2941 3560 2972 3599 ιι
3019 3543 3336 3600 Christiana
3411 3545 3678 3615 religione

2092 3634 2356 3688 alienum.
2398 3637 2484 3689 14.
2519 3634 2676 3701 Item,
2713 3633 2770 3688 Si
2805 3635 2968 3689 homo
2997 3649 3062 3689 ex
3087 3634 3300 3690 duabus
3325 3635 3535 3690 naturis
3576 3650 3690 3690 una

2091 3737 2290 3782 natura
2344 3727 2652 3797 composita
2700 3725 2954 3792 eﬂicitur,
3013 3737 3271 3798 tanquam
3324 3727 3470 3783 aliud
3499 3729 3570 3783 ab
3600 3728 3690 3791 iis,

2091 3836 2158 3876 ex
2209 3821 2412 3890 quibus
2480 3820 2832 3888 componitur
2891 3819 3072 3876 factus
3112 3838 3128 3876 :
3163 3820 3423 3889 nullaque
3475 3820 3691 3874 ratione

2088 3913 2180 3968 ille
2215 3928 2391 3983 neque
2413 3912 2658 3980 ejusdem
2692 3913 2970 3980 essentiae,
2999 3927 3176 3982 neque
3204 3912 3446 3980 ejusdem
3478 3921 3690 3966 natura:

2088 4021 2213 4060 eum
2269 4006 2360 4068 iis,
2401 4020 2468 4058 ex
2519 4005 2723 4073 quibus
2761 4004 3054 4068 conﬂatur,
3108 4019 3230 4060 esse
3277 4003 3685 4059 atlirmabitur:

2088 4098 2209 4152 alia:
2249 4098 2396 4152 enim
2447 4105 2579 4152 sunt
2616 4097 2789 4166 ipsius
2839 4096 3208 4161 definitiones,
3236 4097 3356 4150 alia:
3400 4098 3684 4166 partium:

2088 4205 2264 4259 neque
2295 4190 2482 4251 etiam,
2514 4190 2605 4258 qui
2648 4189 2898 4243 eamdem
2932 4189 3173 4243 hominis
3201 4197 3460 4243 naturam
3509 4189 3563 4243 in
3599 4190 3686 4243 in-

2086 4281 2311 4336 dividuo
2359 4281 2654 4350 complent,
2714 4279 2963 4350 ejusdem
3017 4287 3229 4335 natura:
3281 4290 3376 4334 aut
3426 4281 3684 4334 essentite

2086 4380 2363 4427 suntcum
2392 4372 2840 4442 anituabus,quae
2867 4373 3144 4426 communi
3189 4383 3400 4427 natura:
3429 4373 3684 4438 subsunt,

2092 4479 2275 4534 neque
2322 4479 2447 4520 cum
2511 4465 2599 4530 iis,
2639 4479 2760 4534 qua:
2796 4465 3072 4518 communi
3107 4472 3318 4519 natura:
3372 4465 3680 4532 subjacent,

395 4556 567 4626 αὐτὴν
619 4555 782 4623 φύσιν
844 4557 940 4610 τοῦ
998 4556 1288 4631 ἀνθρώπου
1345 4559 1625 4622 τελοῦντες
1674 4559 1988 4614 καθέκαστα

2097 4557 2466 4627 corporibus:
2510 4556 2604 4612 sed
2677 4555 2931 4611 Christus
3004 4571 3130 4610 cum
3209 4571 3315 4610 una
3370 4556 3681 4626 hypostasis

395 4651 682 4718 ὁμοφυεῖς,
715 4650 746 4721 ἥ
778 4649 1053 4720 ὁμοούσιοι
1086 4651 1195 4705 τῶν
1233 4652 1336 4704 ὑπὸ
1359 4652 1460 4723 τὴν
1489 4652 1676 4722 κοινὴν
1708 4653 1870 4721 φύσιν
1896 4670 1988 4706 τε-

397 4741 635 4796 λούντων
663 4743 872 4814 ψυχῶν,
911 4742 1035 4797 οὔτε
1059 4744 1167 4816 μὴν
1189 4746 1297 4797 τῶν
1337 4746 1442 4798 ὑπὸ
1475 4747 1574 4818 τὴν
1610 4747 1794 4817 κοινὴν
1824 4747 1986 4817 φύσιν

395 4834 697 4888 τελούντων
734 4836 1004 4906 σωμάτων
1034 4838 1177 4890 εἰσίν
1204 4853 1218 4867 ⁸
1249 4840 1276 4892 ὁ
1308 4838 1362 4891 δὲ
1388 4838 1452 4910 δή
1492 4840 1747 4909 Χριστὸς,
1784 4841 1883 4907 μία
1902 4857 1986 4904 τις

397 4922 532 4978 οὖσα
563 4927 860 4992 ὑπόστασις
888 4929 996 4984 τῶν
1028 4929 1133 4982 ὑπὸ
1165 4929 1263 5000 τὴν
1294 4930 1444 4984 θείαν
1470 4931 1631 5001 φύσιν
1661 4931 1982 4998 τελούντων,

400 5019 614 5091 Πατρός
640 5037 722 5087 τε,
754 5021 920 5091 φημὶ,
952 5021 1048 5075 καὶ
1077 5022 1233 5090 ἁγίου
1261 5022 1598 5094 Πνεύματος,
1619 5025 1867 5094 ὁμοφυὴς
1888 5022 1984 5078 καὶ

399 5110 679 5180 ὁμοούσιός
711 5113 828 5165 ἐστι
857 5113 951 5166 καὶ
983 5114 1186 5183 κυρίως
1213 5113 1362 5180 Θεὸς,
1395 5114 1493 5169 καὶ
1527 5113 1686 5183 φύσει
1720 5115 1850 5177 Θεός
1868 5115 1988 5168 ἐστι

404 5203 497 5256 καὶ
512 5204 642 5273 ἡμῖν
664 5207 757 5257 καὶ
770 5207 836 5274 τῇ
862 5205 1046 5276 Μητρὶ
1072 5204 1354 5275 ὁμοούσιος
1367 5207 1460 5260 καὶ
1480 5207 1750 5276 ὁμοφυὴς,
1791 5207 1867 5268 ὡς
1891 5223 1990 5258 κυ-

407 5293 534 5364 ρίως
560 5294 863 5365 ἄνθρωπος,
886 5296 982 5349 καὶ
1017 5295 1175 5362 φύσει
1202 5295 1488 5366 ἄνθρωπος
1516 5295 1616 5362 ὢν,
1663 5298 1758 5351 καὶ
1788 5293 1868 5361 εἷς
1889 5299 1990 5369 τῆς

405 5385 564 5453 ἁγίας
589 5386 816 5458 Τριάδος
838 5403 853 5418 ’
893 5387 1084 5458 ήαὺτή
1113 5391 1223 5460 γὰρ
1240 5389 1536 5453 ὑπόστασις
1558 5390 1682 5452 τοὺς
1699 5391 1860 5460 ὅρους
1886 5389 1996 5444 τῶν

403 5477 499 5530 δύο
523 5478 738 5547 φύσεων
775 5478 1111 5548 ἐπιδέχεται,
1166 5479 1262 5534 καὶ
1291 5479 1350 5534 ὃν
1381 5478 1445 5532 ἂν
1472 5479 1631 5549 λόγον
1674 5479 1860 5552 ἀποδῴ
1910 5499 1995 5546 τις

406 5567 505 5636 τῆς
524 5567 798 5638 θεότητος,
818 5569 910 5622 τὸν
941 5569 1101 5623 αὑτὸν
1124 5569 1348 5640 εὑρήσει
1379 5569 1474 5622 καὶ
1491 5569 1584 5622 ἐπὶ
1604 5568 1697 5622 τοῦ
1729 5571 1992 5642 Χριστοῦ,

407 5663 503 5715 καὶ
525 5661 584 5715 ὃν
610 5660 654 5714 δ’
689 5661 756 5715 ἂν
809 5661 991 5732 ἀποδῷ
1024 5662 1122 5733 τῆς
1178 5662 1635 5734 ἀνθρωπότητος,
1689 5663 1780 5716 τὸν
1828 5663 1994 5717 αὑτὸν

409 5753 634 5823 εὑρήσει
666 5754 760 5807 καὶ
793 5752 886 5806 ἐπὶ
931 5753 1025 5806 τοῦ
1054 5753 1292 5825 Χριστοῦ
1333 5754 1644 5826 ἁρμόζοντα
1671 5772 1686 5786 ·
1743 5753 1885 5808 ὥστε
1930 5754 1991 5820 ἐξ

409 5846 657 5919 ἀνάγκης
690 5845 1005 5916 συνάγεται,
1071 5845 1148 5918 μὴ
1177 5841 1321 5901 εἶναι
1350 5847 1442 5902 τὸν
1469 5849 1703 5920 Χριστὸν
1728 5848 1858 5919 μιᾶς
1885 5847 1988 5918 φύ-

2098 4650 2172 4706 sit
2223 4664 2350 4705 eum
2393 4649 2482 4713 iis,
2522 4663 2645 4719 qua:
2679 4649 2783 4703 sub
2828 4648 3012 4703 divina
3061 4656 3257 4702 natura
3309 4658 3456 4713 sunt,
3504 4645 3682 4701 Patris

2095 4758 2313 4814 nempe,
2357 4751 2412 4798 et
2445 4741 2689 4812 Spiritus
2748 4741 2947 4806 sancti,
3017 4740 3262 4812 ejusdem
3325 4739 3579 4795 essentia:
3633 4749 3689 4794 et

2093 4846 2304 4889 natura:
2343 4846 2449 4899 est,
2483 4843 2538 4888 et
2568 4849 2692 4888 vere
2728 4832 2892 4898 Deus,
2924 4843 2978 4886 et
3013 4845 3209 4886 natura
3241 4831 3405 4897 Deus,
3451 4839 3505 4885 et
3532 4832 3686 4900 ejus-

2091 4928 2212 4982 dem
2228 4941 2351 4981 cum
2367 4927 2525 4982 nobis
2549 4935 2602 4981 et
2620 4924 2790 4980 Matre
2813 4925 3067 4982 essentiae
3093 4935 3146 4980 et
3175 4935 3403 4987 naturas.
3423 4934 3685 4994 tanquam

2091 5018 2184 5090 qtti
2245 5018 2465 5088 proprie
2515 5017 2679 5072 homo
2739 5027 2793 5071 et
2825 5025 3020 5071 natura
3054 5016 3220 5072 homo
3282 5017 3372 5080 sit,
3431 5029 3688 5084 unusque

2093 5128 2158 5167 ex
2185 5121 2374 5168 sancta
2409 5110 2611 5166 Triade
2636 5127 2650 5165 :
2677 5112 2866 5166 eadem
2890 5111 3036 5166 enim
3067 5109 3377 5180 hypostasis
3405 5109 3686 5164 deﬁnitio-

2095 5220 2195 5258 nes
2212 5204 2442 5258 duarum
2465 5214 2786 5257 naturarum
2808 5201 3023 5271 recipit,
3039 5211 3093 5256 et
3108 5199 3502 5262 deﬁnitionem,
3518 5213 3684 5268 quam

2095 5297 2368 5368 quispiam
2421 5295 2610 5350 deitati
2651 5294 2935 5358 attribuet,
2983 5293 3234 5348 eamdem
3265 5301 3319 5347 et
3350 5293 3405 5345 itt
3463 5289 3686 5345 Christo

2099 5388 2422 5460 comperiet,
2447 5395 2684 5457 etquam
2709 5386 3034 5442 humanitati
3067 5383 3400 5446 exhibuerit.
3433 5382 3684 5437 eamdem

2097 5491 2153 5536 et
2181 5480 2403 5537 Christo
2438 5479 2780 5535 conformem
2809 5493 2934 5536 esse
2965 5477 3240 5534 oﬂ'endet:
3267 5476 3399 5530 hinc
3427 5487 3684 5528 necessa-

2097 5575 2182 5627 rio
2239 5571 2518 5642 colligitur
2603 5570 2881 5627 Christum
2935 5585 3045 5624 non
3088 5582 3212 5624 esse
3241 5567 3405 5621 unius
3453 5575 3682 5628 naturae,

2097 5666 2192 5721 sed
2252 5665 2393 5722 duas
2447 5679 2571 5718 esse
2608 5673 2838 5718 naturas
2885 5663 3050 5716 unius
3100 5660 3304 5714 Christi
3365 5657 3685 5726 compositae

2101 5757 2438 5828 hypostasis,
2489 5756 2618 5811 licet
2675 5753 2838 5809 unius
2905 5761 3115 5807 natura:
3171 5751 3336 5806 homo
3391 5749 3484 5804 sit.
3543 5747 3682 5803 Cmu

2098 5847 2284 5920 itaque
2325 5847 2506 5907 oratio
2534 5863 2603 5908 ex
2654 5846 3044 5904 communibus
3087 5843 3408 5902 motionibus
3454 5850 3509 5897 ct
3558 5839 3650 5911 plu
