4064 6386
465 387 576 449 643
1742 387 2034 447 meum
2061 387 2467 450 BYZANTINI
3645 400 3751 466 544

464 507 625 561 rimis
735 503 1078 559 naturalibus
1166 505 1507 574 argumentis
1599 507 2024 560 commonstravi

2160 525 2317 575 σεως,
2348 510 2464 563 ἀλλ’
2523 511 2555 581 ἦ
2594 510 2687 564 δύο
2732 510 2920 580 φύσεις
2973 507 3112 566 εἶναι
3149 512 3248 583 τῆς
3301 515 3431 584 μιᾶς
3493 517 3754 573 συνθέτου

469 600 752 653 Christum
795 612 903 651 non
954 612 1078 652 esse
1123 597 1288 652 unius
1341 606 1556 651 naturze
1589 608 1712 668 post
1765 598 2019 653 unionem

2154 602 2506 666 ὑποστάσεως
2537 602 2632 656 τοῦ
2663 603 2923 674 Χριστοῦ,
2959 605 3007 658 εί
3043 605 3138 658 καὶ
3187 607 3320 677 μιᾶς
3347 607 3571 676 φύσεώς
3604 612 3754 666 ἐστιν

462 707 642 762 neque
690 690 927 745 similem
991 706 1114 746 esse
1188 691 1645 762 compositionem
1706 691 1944 746 hominis
1995 709 2024 748 e

2153 691 2182 744 6
2213 691 2500 763 ἄνθρωπος
2520 709 2534 724 ·
2570 693 2692 746 ἐπεὶ
2713 688 2806 746 οὖν
2828 695 2856 746 6
2880 693 3039 761 λόγος
3068 696 3132 748 ὲκ
3169 695 3369 750 κοινῶν
3404 698 3632 752 ἐννοιῶν
3656 704 3749 754 καὶ

464 782 694 846 Christi,
744 798 869 836 cum
922 783 1086 836 homo
1144 783 1330 837 unitus
1374 798 1486 836 una
1539 781 1703 838 simul
1758 784 2023 839 subsistat

2154 783 2402 852 φυσικῶν
2427 786 2873 856 ἐπιχειρημάτων
2918 786 3002 839 ὅτι
3046 786 3318 841 πλείστων
3375 791 3745 861 παρέστησεν,

461 875 717 930 Christus
773 885 953 930 autem
1015 875 1122 931 alio
1183 875 1342 929 modo
1403 884 1732 929 naturarum
1787 875 2024 931 nnionen

2156 876 2231 947 μὴ
2270 872 2411 932 εἶναι
2441 878 2534 932 τὸν
2587 880 2822 951 Χριστὸν
2871 880 3000 949 μιᾶς
3053 879 3270 948 φύσεως
3310 882 3448 952 μετὰ
3477 881 3578 954 τὴν
3612 883 3746 937 ἐνω..

464 967 682 1034 habeat,
710 967 822 1037 jam
857 975 1002 1038 patet
1027 965 1250 1019 mentita
1305 964 1552 1035 falsaque
1568 981 1688 1020 esse
1715 975 1895 1020 vestra
1949 968 2021 1023 do

2155 987 2260 1036 σιν,
2294 971 2433 1043 μήτε
2469 972 2575 1044 μὴν
2596 973 2694 1046 τὴν
2726 973 2817 1026 τοῦ
2849 972 3141 1043 ἀνθρώπου
3169 973 3420 1028 σύνθεσιν
3447 975 3646 1044 ὁμοίαν
3671 972 3746 1028 εῖ-

463 1071 667 1129 gwata,
705 1062 932 1132 ideoque
964 1061 1032 1114 ab
1063 1060 1128 1114 iis
1157 1059 1546 1114 recedendum.

2155 1079 2242 1117 ναι
2264 1064 2364 1134 τῆς
2392 1065 2487 1120 τοῦ
2516 1065 2752 1137 Χριστοῦ
2784 1064 3111 1130 συνθέσεως,
3142 1065 3284 1120 κατὰ
3314 1066 3374 1119 τὸ
3402 1067 3746 1121 συνυποστά-

457 1170 565 1215 τως
587 1151 826 1222 ἡνῶσθαι
856 1151 944 1204 τὸν
974 1150 1279 1218 ἄνθρωπον,
1313 1149 1406 1202 τοῦ
1439 1147 1680 1219 Χριστοῦ
1712 1149 1916 1222 ἑτέρως
1936 1151 2048 1207 τῶν
2088 1151 2303 1222 φύσεων
2332 1155 2432 1227 τὴν
2458 1154 2653 1210 ἕνωσιν
2695 1155 2936 1230 ἔχοντος,
2971 1156 3208 1227 φανερὸν
3269 1157 3352 1209 ὅτι
3415 1156 3746 1230 διεσφαλμέ-

459 1263 557 1316 νην
579 1242 870 1314 ὁμολογίαν
895 1242 1065 1312 ἔχετε,
1098 1235 1166 1312 ἦς
1194 1240 1500 1312 ἀποστῆναι
1529 1239 1727 1312 χρεών.

396 1334 412 1398 Ῑ
534 1337 625 1390 17.
665 1336 898 1402 Quando
929 1351 1058 1388 vero
1087 1350 1209 1404 quae.
1242 1335 1308 1388 de
1340 1335 1650 1388 meouomia
1697 1334 1906 1390 Christi
1955 1334 2042 1390 di-

463 1438 666 1484 cuntur
697 1429 876 1481 tribus
905 1427 1082 1482 modis
1110 1427 1163 1480 iu
1196 1426 1400 1480 divinis
1429 1426 1652 1480 Litteris
1681 1427 2006 1496 digeruntur

2146 1428 2413 1498 λεγόμενα
2459 1430 2600 1482 κατὰ
2634 1431 2782 1499 τρεῖς
2817 1429 3056 1499 τρόπους
3091 1427 3246 1499 παρὰ
3278 1431 3346 1499 τῇ
3384 1429 3521 1500 ἁγίᾳ
3555 1430 3740 1502 Γραφῇ

455 1521 704 1590 quaedam
779 1535 874 1590 per
929 1519 1329 1589 synecdochen,
1403 1534 1530 1571 eum
1582 1534 1611 1572 a
1657 1527 1808 1589 parte
1866 1529 2021 1574 tulun

2147 1520 2437 1574 λέλεκταιο
2487 1523 2555 1574 τὰ
2607 1522 2706 1592 μὲν
2758 1521 2902 1592 λόγῳ
2949 1520 3314 1590 συνεκδοχῆς,
3360 1515 3474 1574 οἷον
3521 1523 3606 1586 τὸ,
3639 1523 3741 1576 ἀπ’)

451 1613 793 1676 nominatur,
847 1621 926 1679 ut,
960 1611 1202 1668 Christus
1251 1628 1347 1680 pro
1385 1611 1538 1664 nobis
1588 1621 1830 1665 mortuus
1862 1623 1938 1666 est
1977 1613 1998 1644 ⁵

2149 1611 2349 1682 μέρους
2375 1611 2434 1664 τδ
2463 1611 2582 1664 ὅλον
2615 1611 2923 1682 ὀνομάζεινο
2959 1606 3072 1664 οἷόν
3104 1611 3220 1662 ἐστι
3241 1649 3256 1674 ,
3297 1610 3558 1678 Χριστὸς
3593 1612 3741 1679 ὑπὲρ

451 1721 690 1774 namque
721 1721 750 1758 a
785 1713 960 1774 parte,
987 1704 1331 1758 humanitate
1355 1718 1574 1774 nempe,
1609 1703 1714 1758 hoc
1742 1704 2024 1775 Apostolut

2145 1702 2314 1771 ἡμῶν
2333 1702 2654 1758 ἀπέθανεν
2690 1703 2799 1756 ἀπὸ
2833 1705 2942 1774 γὰρ
2987 1702 3190 1774 μέρους
3220 1702 3469 1768 δηλονότι
3507 1704 3610 1776 τῆς
3644 1705 3738 1758 άν-

447 1798 777 1864 enuntiavit,
833 1798 958 1852 licet
1019 1796 1225 1852 Christi
1283 1781 1484 1850 nomen
1542 1795 1733 1851 ambas
1806 1805 2024 1852 naturas

2143 1796 2492 1867 θρωπότητος
2531 1796 2610 1868 τῷ
2649 1795 2960 1866 Ἀποστόλῳ
2987 1795 3150 1848 τοῦτο
3179 1797 3397 1865 εἴρηται
3423 1836 3438 1860 ,
3477 1799 3527 1850 εἰ
3559 1798 3654 1851 καὶ
3680 1798 3738 1850 τὸ

2221 1335 2305 1401 ιζ’.
2360 1335 2578 1404 Ἐπειδὴ
2604 1335 2660 1389 δὲ
2689 1335 2758 1388 τὰ
2789 1335 2882 1389 ἐπὶ
2911 1335 3011 1406 τῆς
3037 1333 3355 1405 οἰκονομίας
3382 1333 3478 1388 τοῦ
3504 1335 3742 1406 Χριστοῦ

448 1887 652 1940 inferat
686 1903 701 1952 ;
735 1885 830 1941 sed
867 1886 983 1940 haac
1022 1894 1109 1939 est
1137 1883 1440 1955 Scriptura:
1468 1901 1638 1940 sacrae
1665 1885 1978 1955 proprietas
2013 1903 2027 1939 :

447 1977 533 2031 vel
566 1985 758 2031 contra
787 1993 912 2031 cum
947 1993 977 2031 a
1010 1986 1126 2032 toto
1157 1993 1306 2047 pars,
1339 1987 1397 2032 ut
1424 1978 1554 2034 illud
1591 1977 1736 2048 apud
1769 1977 2029 2032 eumdem

446 2069 793 2140 Apostolum,
830 2067 1066 2123 Interior
1098 2070 1276 2133 homo,
1331 2081 1380 2123 et
1434 2071 1666 2124 exterior
1705 2071 1726 2102 ⁵
1766 2087 1780 2124 :
1826 2084 1856 2123 a
1921 2079 2037 2124 toto

445 2164 618 2228 enim,
653 2163 875 2217 homine
908 2162 1138 2227 scilicet,
1195 2163 1436 2216 animam
1486 2173 1641 2217 notat
1674 2173 1727 2218 et
1783 2178 1988 2233 corpus
2020 2176 2036 2216 :

446 2253 700 2323 quaedam
738 2269 867 2308 vero
898 2268 998 2324 per
1056 2253 1496 2318 retributionem,
1536 2265 1758 2325 propter
1791 2263 2034 2309 mutuam

445 2345 685 2415 partium
721 2345 1296 2414 circumvolutionem,
1330 2356 1384 2402 et
1431 2347 1734 2402 secundum
1773 2347 2034 2418 hyposta-

444 2436 572 2500 sim,
613 2446 669 2491 et
727 2437 1150 2494 incnarrabilem
1231 2439 1514 2504 unionem,
1575 2447 1631 2493 et
1682 2439 1826 2508 quod
1887 2454 2035 2493 unus

441 2539 588 2594 erat,
645 2527 926 2600 ide‘mque,
981 2531 1073 2600 qui
1123 2529 1309 2584 divina
1359 2529 1523 2586 simul
1577 2539 1740 2600 atque
1791 2531 2032 2584 humana

443 2623 883 2688 exsequebatur.
961 2619 1347 2676 Commnuicat
1432 2621 1615 2690 itaque
1676 2635 1774 2676 sua
1844 2620 2034 2674 divina

441 2721 640 2766 natura
675 2712 828 2765 carni
863 2727 960 2782 per
1006 2712 1230 2766 modum
1265 2711 1666 2777 retributionis,
1693 2727 2035 2783 rursumque

441 2802 680 2857 humana
737 2805 955 2874 propria
1005 2805 1204 2859 divina:
1254 2813 1464 2859 natum
1512 2804 1566 2858 in
1617 2804 1806 2860 divino
1851 2802 2033 2860 Verbo

449 2895 605 2950 unita
677 2897 979 2952 secundum
1049 2895 1409 2966 hypostasim,
1473 2911 1596 2966 quae
1645 2896 1812 2952 simul
1880 2895 2031 2951 inter

437 2999 498 3040 se
524 2993 654 3039 sunt
678 2985 1118 3054 inseparabiliter
1149 2986 1480 3057 conjunctae.
1515 2986 1755 3059 Ideoque
1801 2997 1850 3042 et
1907 2987 2024 3041 Do-

436 3077 612 3130 minus
677 3077 864 3147 gloria:
906 3080 1054 3130 cruci
1113 3077 1299 3147 amatus
1349 3078 1370 3109 '
1421 3078 1646 3148 dicitur,
1706 3080 1836 3135 licet.
1888 3080 2030 3134 nihil

437 3169 622 3222 divina
657 3167 778 3239 ejus
808 3177 1003 3222 natura
1035 3183 1293 3240 perpessa
1352 3167 1539 3238 fuerit,
1593 3179 1649 3226 et
1701 3169 1876 3227 Filius
1928 3173 2030 3226 ho-

438 3261 605 3316 minis
668 3272 796 3316 ante
849 3263 1165 3332 passionem
1223 3264 1276 3319 in
1327 3264 1469 3319 cmlo
1523 3257 1645 3319 esse
1695 3265 2022 3330 atiirmatur,

2140 1889 2397 1954 Χριστὸς
2453 1887 2628 1957 ὄνομα
2681 1887 2790 1942 τῶν
2843 1888 2936 1941 δύο
2985 1885 3202 1957 φύσεων
3254 1889 3369 1940 ὲστι
3418 1889 3736 1958 δηλωτικόνο

2142 1979 2259 2032 ἀλλ’
2302 1977 2397 2033 οὖν
2440 1982 2600 2034 τοῦτο
2643 1982 2841 2050 ἰδίωμα
2879 1982 2977 2053 τῆς
3009 1981 3232 2051 Γραφῆς
3257 1996 3270 2010 ·
3307 1979 3339 2050 ἢ
3374 1981 3438 2034 τὸ
3477 1980 3739 2051 ἔμπαλιν,

2142 2072 2252 2125 ἀπὸ
2296 2072 2394 2126 τοῦ
2445 2074 2569 2126 ὅλου
2603 2072 2663 2127 τὸ
2705 2074 2906 2144 μέρος,
2962 2067 3077 2126 οἷόν
3117 2075 3234 2126 ἐστι
3266 2073 3418 2144 παρὰ
3465 2075 3547 2144 τῷ
3592 2074 3739 2146 αὐτῷ

2155 2162 2466 2234 Ἀποστόλῳ
2503 2163 2837 2233 λεγόμενονο
2881 2161 2935 2215 '0
2986 2164 3109 2217 ἕσω
3159 2162 3510 2230 ἅνθρωπος,
3562 2165 3663 2219 καί
3705 2166 3736 2218 ό

2140 2249 2282 2313 ἐξωο
2317 2251 2425 2304 ἀπὸ
2454 2251 2564 2322 γὰρ
2593 2251 2687 2305 τοῦ
2717 2251 2867 2318 ὅλου,
2903 2252 3046 2322 φημὶ
3075 2252 3140 2322 δὴ
3161 2251 3262 2304 ’τοῦ
3293 2251 3609 2323 ἀνθρώπου,
3640 2255 3735 2326 τὴν

2139 2339 2318 2412 ψυχὴν
2351 2340 2448 2394 καὶ
2485 2342 2547 2394 τὸ
2583 2342 2745 2411 σῶμα
2791 2343 3050 2412 σημαίνει
3075 2358 3090 2372 ⁸
3141 2345 3211 2397 τὰ
3243 2343 3299 2396 δὲ
3339 2342 3488 2415 λόγῳ
3523 2347 3729 2399 ἀντιδό·

2142 2449 2303 2496 σεως,
2344 2433 2434 2486 διὰ
2462 2434 2562 2503 τὴν
2589 2435 2670 2496 εις
2712 2433 2924 2506 ἄλληλα
2949 2433 3060 2490 τῶν
3091 2436 3278 2506 μερῶν
3331 2454 3396 2491 πε
3408 2437 3726 2510 ριχώρησιν,

2140 2517 2237 2571 καὶ
2265 2519 2368 2587 τὴν
2411 2519 2539 2573 καθ’
2571 2519 2872 2572 ὑπόστασιν
2909 2520 3004 2573 καὶ
3051 2520 3334 2592 ἄφραστον
3368 2521 3589 2589 ῑνωσιν,
3641 2524 3732 2577 καὶ

2139 2611 2224 2663 ὅτι
2263 2605 2342 2674 εἷς
2370 2607 2439 2684 ἦν
2473 2614 2566 2665 καὶ
2601 2614 2632 2666 6
2660 2611 2826 2676 αὐτὸς
2855 2615 2884 2666 6
2910 2614 2979 2667 τὰ
3014 2613 3135 2667 θεῖα
3173 2615 3270 2668 καὶ
3299 2614 3369 2668 τὰ
3415 2616 3730 2687 ἀνθρώπινα

2139 2701 2402 2771 ἐνεργῶν.
2444 2703 2815 2758 Μεταδίδωσιν
2863 2699 2958 2758 οὗν
3015 2707 3084 2777 τῇ
3131 2707 3300 2777 σαρκὶ
3354 2707 3467 2760 τῶν
3507 2709 3654 2762 ἰδίων
3693 2711 3724 2780 ἡ

2139 2793 2260 2847 θεία
2304 2794 2466 2865 φύσις
2513 2796 2655 2850 κατὰ
2698 2796 2791 2850 τὸν
2836 2796 2937 2867 τῆς
2991 2798 3317 2862 ἀντιδόσεως
3351 2801 3577 2872 τρόπον,
3637 2802 3727 2854 καὶ

2137 2887 2302 2940 πάλιν
2332 2889 2364 2958 ἡ
2418 2887 2734 2961 ἀνθρωπίνη
2771 2891 2837 2959 τῇ
2884 2889 3008 2960 θείᾳ
3038 2889 3200 2960 φύσει
3230 2892 3301 2946 τὰ
3330 2895 3534 2960 οἰκεῖα,
3565 2897 3622 2947 ιν
3650 2893 3724 2966 τῷ

2135 2979 2268 3050 θείῳ
2295 2981 2452 3051 Λόγῳ
2480 2981 2740 3051 ἡνωμένη
2776 2981 2901 3035 καθ’
2933 2982 3255 3049 ὑπόστασιν,
3289 2986 3384 3038 καὶ
3421 2987 3545 3058 ἃμα
3572 2987 3723 3040 ἀδιαο

2136 3073 2393 3136 σπάστως
2421 3069 2480 3126 οῦ
2491 3090 2597 3126 σαι.
2625 3074 2714 3127 Διὸ
2745 3073 2842 3126 καὶ
2867 3077 2901 3128 ὀ
2923 3076 3140 3144 Κύριος
3166 3076 3279 3146 τῆς
3300 3077 3494 3146 δόξης
3514 3080 3723 3134 ἐσταυ·

2123 3164 2354 3234 ρῶσθαι
2378 3165 2616 3236 λέγεται,
2643 3168 2822 3222 καίτοι
2841 3167 2942 3239 τῆς
2969 3167 3118 3232 θείλς
3145 3170 3312 3224 αὑτοῦ
3343 3173 3418 3244 μὴ
3449 3172 3722 3243 παθούσης

2131 3256 2382 3324 φύσεως,
2421 3258 2516 3312 καὶ
2545 3260 2573 3312 6
2608 3259 2732 3323 Υἱὸς
2759 3259 2854 3313 τοῦ
2885 3260 3173 3329 ἀνθρώπου
3218 3263 3325 3333 πρὸ
3371 3263 3470 3317 τοῦ
3521 3263 3721 3326 πάθους

436 3353 898 3422 quemadmodum
932 3356 1046 3424 ipse
1077 3353 1339 3410 Dominus
1364 3356 1500 3411 dixit
1525 3373 1538 3410 :
1568 3355 1765 3411 Nullus
1789 3357 2024 3411 ascendit

2140 3349 2200 3402 ὲν
2227 3350 2306 3420 τῷ
2334 3350 2549 3422 οὐρανῷ
2578 3347 2720 3405 εἶναι
2755 3354 2994 3425 εἴρηται⁸
3019 3355 3094 3419 ὼς
3128 3355 3292 3420 αὐτὸς
3320 3356 3348 3409 6
3369 3357 3580 3430 Κύριος
3599 3358 3720 3428 ἔφη*

436 3446 492 3498 in
527 3444 736 3510 caelum,
786 3447 889 3499 nisi
920 3447 1010 3516 qui
1036 3446 1100 3501 de
1142 3449 1268 3500 cmlo
1304 3446 1568 3500 descendit
1618 3437 1808 3501 Filius
1835 3448 2016 3500 homi-

437 3537 525 3618 nis
554 3539 597 3592 ⁷.
629 3537 696 3591 Et
728 3547 908 3592 tamen
963 3554 1070 3592 non
1114 3539 1181 3592 de
1215 3538 1354 3594 ccclo
1385 3553 1605 3594 carnem
1641 3540 2020 3605 descendisse,

435 3629 529 3684 sed
559 3646 626 3685 ex
661 3631 816 3700 puris
846 3629 1330 3700 immacnlatisque
1382 3631 1748 3702 sanguinibus
1778 3630 2023 3701 Virginis

439 3721 644 3775 factam
700 3719 872 3776 fuisse
925 3721 1181 3776 dicimus.
1217 3720 1322 3776 Per
1369 3723 1782 3778 retributionem
1836 3723 2020 3792 itaque

431 3825 486 3868 et
515 3815 621 3868 hoe
660 3813 871 3869 dictum
919 3822 1023 3870 est.
1062 3814 1323 3881 Quaedam
1358 3830 1458 3885 per
1494 3815 2022 3887 appropriationem,

431 3917 492 3984 ut
519 3923 644 3964 cum
678 3908 916 3965 dicimus
943 3926 957 3964 :
987 3906 1222 3963 Modicw
1255 3918 1422 3978 gutta:
1445 3909 1723 3980 sanguinis
1754 3907 1852 3962 Dei
1901 3906 2025 3960 uni-

429 4017 637 4057 versum
671 4012 935 4057 terrarum
973 4002 1152 4058 orbem
1179 4001 1624 4072 sanctiﬁcarunt;
1653 4015 2019 4070 rursumque:

429 4095 665 4152 Deicidw
695 4095 868 4152 Judwi
889 4113 910 4163 ;
941 4097 1202 4169 quoniam
1241 4109 1372 4151 caro
1412 4094 1636 4165 prapria
1682 4093 1843 4148 Verbi
1878 4091 2022 4145 facta

430 4197 534 4256 est,
571 4198 625 4244 et
657 4189 710 4243 in
742 4189 964 4260 propria
1021 4189 1170 4244 illius
1222 4187 1508 4260 hypostasi
1568 4185 1838 4241 substitit.
1881 4183 2022 4240 Pro-

431 4283 580 4351 prias
608 4281 795 4352 itaque
834 4281 1020 4337 carnis
1044 4281 1331 4352 passiones
1382 4278 1485 4334 sibi
1536 4278 1774 4332 Verbum
1818 4293 2022 4348 appro-

431 4374 598 4443 priat,
634 4381 689 4427 et
749 4375 828 4427 uti
859 4373 1110 4443 proprias
1141 4370 1388 4441 agnoscit
1417 4387 1432 4437 ;
1468 4369 1926 4439 quemadmodum
1965 4377 2020 4422 tu

429 4465 594 4519 etiam
626 4449 680 4518 in
713 4464 1116 4519 commentario
1143 4464 1212 4518 de
1240 4462 1461 4518 Christo
1486 4477 1552 4516 ex
1584 4461 1783 4516 divinis
1804 4461 2022 4516 Litteris

430 4555 750 4621 adnotaras,
811 4557 938 4610 licet
986 4570 1094 4609 non
1237 4563 1292 4610 et
1343 4553 1413 4609 de
1459 4553 1699 4608 hominis
1746 4554 2023 4624 composi-

434 4649 584 4703 tione
614 4648 866 4702 similiter
889 4649 941 4702 in
993 4645 1303 4717 Scriptura,
1358 4645 1525 4702 sicuti
1573 4656 1626 4700 et
1672 4644 1741 4699 de
1793 4644 2018 4700 Christo

2125 3442 2340 3507 Οὐδείς
2357 3443 2734 3512 ἀναϐέϐηκεν
2747 3447 2836 3512 εἰς
2861 3445 2969 3500 τὸν
2988 3449 3271 3516 οὐρανὸν,
3289 3451 3340 3502 sl
3361 3448 3452 3519 μὴ
3484 3454 3515 3504 ό
3531 3451 3597 3503 ὲκ
3622 3449 3723 3504 τοῦ

2128 3534 2394 3601 οὐρανοῦ
2425 3536 2687 3602 καταϐὰς
2707 3577 2720 3602 ,
2750 3540 2784 3590 ὁ
2814 3538 2936 3604 Υἱὸς
2969 3539 3077 3593 τοῦ
3106 3539 3448 3609 ἀνθρώπου.
3487 3543 3594 3595 Καὶ
3619 3543 3722 3613 μὴν

2127 3625 2230 3680 οὐκ
2259 3628 2324 3680 ὲκ
2345 3626 2440 3680 τοῦ
2460 3628 2692 3700 οὐρανοῦ
2710 3629 2812 3702 τὴν
2842 3633 3025 3701 σάρκα
3054 3633 3505 3704 κατεληλυθέναι,
3531 3633 3642 3688 ἀλλ’
3659 3637 3720 3688 ἐκ

2127 3717 2238 3770 τῶν
2259 3717 2564 3791 [καθαρῶν]
2595 3720 2690 3774 καὶ
2713 3721 3001 3793 ἀχράντων
3033 3724 3284 3794 αἱμάτων
3310 3725 3408 3797 τῆς
3443 3727 3718 3798 Παρθένου

2126 3807 2532 3866 διαπεπλάσθαι
2569 3813 2773 3883 φαμέν.
2811 3814 2904 3886 Τῷ
2947 3815 3092 3887 λόγῳ
3120 3812 3213 3870 οὖν
3251 3817 3355 3888 τῆς
3396 3819 3718 3881 ἀντιδόσεως

2127 3900 2223 3954 καὶ
2275 3899 2435 3954 τοῦτο
2469 3901 2709 3973 εἴρηται.
2759 3903 2838 3958 Τὰ
2874 3903 2932 3958 δὲ
2967 3906 3133 3959 πάλιν
3169 3906 3313 3977 λόγῳ
3355 3908 3716 3972 οἱκειὼσεως,

2126 3992 2202 4056 ὡς
2232 3992 2362 4047 ὃταν
2393 3995 2556 4048 πάλιν
2589 3993 2868 4066 λέγωμενο
2922 3996 3153 4066 Ὀλίται
3179 3998 3430 4066 ῥανίδες
3473 4000 3717 4069 αἵματος

2129 4085 2279 4140 Θεοῦ
2302 4089 2537 4156 κόσμον
2562 4085 2711 4141 ὅλον
2743 4087 3028 4156 ήγίασαν.
3061 4089 3169 4142 Καὶ
3199 4089 3378 4156 πάλιν,
3407 4091 3716 4145 Θεοκτόνοι

2140 4177 2447 4245 Ἰουδαῖοι,
2485 4179 2673 4252 ἐπειδὴ
2715 4181 2748 4254 ὴ
2795 4180 2932 4252 σὰρξ
2981 4181 3087 4234 ιδία
3121 4182 3214 4235 τοῦ
3257 4182 3435 4252 Λόγου
3483 4184 3710 4253 γέγονε,

2127 4270 2222 4323 καὶ
2254 4271 2312 4323 ὲν
2341 4274 2406 4342 τῇ
2445 4270 2551 4341 ἰδίᾳ
2588 4271 2883 4324 ὑποστάσει
2913 4271 3143 4343 ὑπέστη.
3175 4273 3495 4326 Οἰκειοῦται
3522 4271 3614 4327 οὖν
3647 4274 3712 4327 τὰ

2124 4359 2226 4430 τῆς
2270 4361 2406 4426 ιδίας
2441 4361 2644 4433 σαρκὸς
2687 4361 2836 4433 πάθη
2884 4363 2912 4415 6
2945 4364 3139 4432 Λόγος,
3175 4365 3282 4428 καὶ,
3305 4364 3382 4428 ὡς
3419 4368 3595 4420 οἰκεῖα
3627 4365 3710 4418 λο-

2125 4451 2361 4520 γίζεται·
2410 4452 2503 4517 οὓς
2553 4455 2646 4508 καὶ
2689 4454 2854 4518 αὐτὸς
2897 4457 2955 4508 ὲν
3001 4455 3080 4526 τῷ
3127 4457 3530 4529 συγγράμματι
3588 4456 3710 4527 περὶ

2126 4545 2365 4618 Χριστοῦ
2397 4547 2548 4620 παρὰ
2571 4548 2668 4620 τῆς
2690 4547 2842 4612 θείας
2879 4547 2918 4600 Γ
2925 4548 3103 4619 ραφῆς
3125 4548 3381 4617 λέγεσθαι
3409 4549 3705 4621 διεξῆλθες,

2127 4643 2176 4694 εί
2206 4644 2299 4698 καὶ
2331 4645 2407 4715 μὴ
2443 4643 2568 4714 περὶ
2597 4642 2673 4714 (1)
2709 4682 2724 4699 .
2762 4681 2777 4696 .
2814 4681 2828 4696 .
2864 4683 2878 4698 .
2917 4681 2933 4696 .
2979 4643 3196 4714 ᾠήθης,
3230 4644 3325 4697 καὶ
3367 4644 3462 4696 ἐπὶ
3487 4643 3585 4713 τῆς
3612 4638 3705 4693 τοῦ

429 4751 539 4798 tres
588 4742 689 4796 hos
756 4740 973 4805 modos,
1024 4739 1426 4810 synecdochen,
1480 4739 1725 4808 inquam,
1781 4738 2017 4794 retribu-

2130 4705 2412 4804 ἀνθρώπου
2447 4705 2772 4798 συνθέσεως.
2817 4705 3060 4804 Ὁμοίως.
3105 4705 3258 4802 παρὰ
3309 4734 3408 4804 τῆς
3449 4705 3704 4804 Γραφῆς.

429 4835 634 4890 tionem
695 4845 748 4888 et
787 4832 1288 4904 appropriationem
1321 4831 1578 4896 inveniri,
1612 4831 1770 4902 quasi
1820 4847 1888 4886 ex
1940 4845 2007 4885 eo

426 4927 693 4998 colligens
776 4927 1202 4982 similitudinem
1269 4925 1691 4996 compositionis
1768 4925 2010 4980 hominis

427 5032 549 5071 cum
576 5015 782 5072 Christi
813 5019 1036 5082 unione,
1075 5027 1476 5088 proptereaque
1516 5018 1819 5087 scripseras
1849 5019 2012 5072 uuius

431 5121 643 5166 natura:
668 5127 791 5166 esse
837 5111 1118 5168 Christum
1147 5121 1272 5184 post
1309 5112 1590 5176 unionem,
1651 5112 2011 5182 quemadmo-

2121 4826 2267 4879 καθὰ
2299 4825 2394 4880 καὶ
2418 4825 2511 4879 ἐπὶ
2542 4824 2636 4878 τοῦ
2664 4823 2900 4896 Χριστοῦ
2931 4823 3056 4887 τοὺς
3083 4826 3236 4893 τρεῖς
3261 4823 3533 4894 τρόπους,
3565 4820 3705 4890 φημὶ

2118 4920 2185 4993 δὴ
2217 4922 2318 4992 τὴν
2359 4918 2705 4990 συνεκδοχὴν,
2761 4917 2860 4989 τὴν
2917 4917 3210 4984 ἀντίδοσιν,
3243 4917 3335 4970 καὶ
3362 4917 3464 4989 τὴν
3495 4915 3702 4970 οίκείω-

2120 5030 2206 5066 σιν
2232 5011 2606 5084 εὑρίσκεσθαι,
2627 5011 2704 5074 ὼς
2731 5012 2798 5064 ὲκ
2822 5008 2975 5062 τοῦδε
3005 5008 3254 5077 συνάγων
3279 5008 3380 5077 τὴν
3409 5007 3701 5077 ὁμοιότητα

2115 5107 2215 5179 τῆς
2245 5106 2340 5160 τοῦ
2363 5101 2655 5176 ἀνθρώπου
2684 5100 2987 5164 συνθέσεως
3014 5098 3156 5168 μετὰ
3182 5101 3281 5172 τῆς
3306 5096 3544 5170 Χριστοῦ
3573 5091 3702 5149 ινὼ·

493 5325 517 5358 δ
548 5321 710 5380 Boni.
738 5340 792 5390 ν,
823 5327 878 5382 9.
955 5322 975 5354 ⁵
1001 5320 1020 5374 ι
1050 5317 1178 5378 Cor.
1211 5334 1274 5387 ιι,
1298 5321 1388 5387 14,
1417 5321 1502 5377 l5.
1579 5318 1600 5350 ⁶
1635 5315 1657 5373 ι
1686 5315 1811 5373 Cor.
1851 5331 1913 5380 ιι,
1947 5312 2001 5370 8.

2137 5311 2295 5372 Joau.
2330 5332 2413 5384 ιιι,
2441 5315 2530 5373 l3.

495 5505 574 5574 tl)
618 5505 719 5560 llic
769 5504 926 5560 locus
980 5504 1050 5559 ab
1095 5502 1462 5574 exscriptorg
1495 5501 1732 5571 pessime
1781 5498 2021 5574 habitus,

422 5570 516 5648 qui
551 5570 727 5645 neque
755 5579 940 5648 sanior
967 5583 1051 5630 est
1103 5576 1156 5628 in
1185 5570 1372 5628 codice
1421 5570 1709 5648 Vaticano.
1779 5570 1845 5648 Et
1892 5586 2017 5648 cum

425 5641 621 5700 scirem
640 5641 926 5703 asservari
957 5649 1096 5701 idem
1126 5649 1454 5715 Opuscntum
1515 5641 2020 5715 inhBavaricanbi-

423 5715 712 5777 bliotheca.
741 5719 934 5783 scripsi
989 5718 1055 5771 ad
1109 5710 1488 5771 doctissimum
1555 5714 1833 5767 Simonem
1891 5710 2021 5765 Wa-

421 5785 796 5852 guereckium,
847 5797 908 5838 ut
957 5803 1115 5852 epetu
1165 5802 1368 5850 amico,
1424 5787 1470 5841 si
1523 5793 1729 5854 posset,
1767 5783 2015 5854 afferret.

419 5855 568 5918 Nihil
598 5871 720 5914 esse
752 5857 942 5911 auxilii
979 5874 1044 5912 ex
1080 5873 1146 5913 eo
1180 5858 1372 5914 codice
1414 5852 1714 5924 respondit.
1767 5852 2018 5925 Namque

2123 5506 2177 5553 et
2203 5499 2274 5552 ibi
2306 5498 2500 5572 lacuna
2524 5501 2608 5572 est
2655 5489 3077 5572 signata’uibus
3118 5489 3337 5572 punctis
3380 5489 3447 5546 ad
3501 5486 3695 5572 marglo

2125 5586 2270 5623 nem.
2325 5569 2464 5623 Hinc
2511 5567 2594 5618 vir
2617 5562 3026 5617 eruditissimus
3071 5562 3405 5631 suspicatur,
3449 5562 3590 5630 quod
3641 5562 3690 5608 in

2123 5642 2466 5710 autographa
2493 5635 2848 5710 Niceta!_oli_nt
2871 5647 2900 5685 a
2931 5632 3170 5710 librariis
3197 5631 3428 5710 legiritc
3452 5646 3576 5710 uon_
3596 5641 3692 5707 p9-

2123 5700 2338 5772 tuissZ-t,
2361 5700 2526 5760 'hanc
2561 5706 2630 5760 ab
2667 5705 2744 5758 eis
2780 5706 3026 5756 lacunam
3061 5701 3130 5772 ad
3165 5700 3348 5760 omnia
3370 5700 3688 5771 exemplaria

2125 5783 2249 5838 inde
2295 5771 2620 5846 transcripta
2663 5782 3014 5846 prapagatatu
3051 5771 3241 5828 fuisse.
