4064 6400
292 374 405 439 645

1146 373 1580 435 REFUTATIO
1626 374 2009 437 EPISTOLIE
2038 377 2265 441 REGIS
2295 380 2688 445 ARMENLE.

3448 393 3556 460 646

290 508 457 554 σεως.
490 490 590 544 Διά
607 508 689 544 τοι
720 488 878 546 τοῦτο
902 491 1063 562 ἔφης,
1091 492 1222 562 μιᾶς
1245 490 1460 560 φύσεως
1482 487 1624 546 εἶναι
1642 491 1741 547 τὸν
1753 493 1796 546 Χ
1805 510 1890 565 ρι-

1995 494 2122 550 dum
2154 497 2304 553 etde
2337 498 2562 554 homine
2588 498 2811 559 dicitur.
2872 504 3069 560 Annon
3113 506 3268 563 vides
3307 504 3462 566 hisee
3507 517 3562 565 te

289 584 419 639 στὸν
471 583 612 655 μετὰ
663 583 762 654 τὴν
811 583 1031 648 ἕνωσιν,
1077 582 1266 655 ὥσπερ
1313 584 1408 638 καὶ
1439 582 1527 637 ἐπ’
1566 581 1880 656 ἀνθρώπου.

290 674 467 728 Τοῦτο
515 674 571 728 δὲ
615 673 786 728 ποιῶν
835 674 1072 747 λέληθας
1115 675 1344 730 σεαυτὸν
1395 675 1469 729 τὰ
1517 675 1881 745 ἀσύγκλωστα

297 770 648 840 συγκλώθων,
675 771 770 823 καὶ
799 773 870 825 τὰ
901 771 1111 840 ἄμικτα
1149 769 1413 841 μιγνύων.
1449 771 1523 825 Ού
1554 771 1662 841 γὰρ
1691 771 1883 840 ὥσπερ

299 865 389 914 ἐπὶ
413 863 510 931 τῆς
537 860 850 930 οἰκονομίας
876 859 1117 930 Χριστοῦ
1150 861 1244 914 καὶ
1269 860 1370 930 τῆς
1393 862 1531 931 ἀμφ’
1561 861 1726 914 αὐτὸν
1752 859 1882 914 ἑνώ-

298 970 459 1021 σεως,
497 952 670 1015 οῦτως
701 952 798 1005 καὶ
830 952 925 1005 ἐπὶ
958 951 1059 1021 τῆς
1104 951 1202 1007 τοῦ
1253 949 1548 1021 ἀνθρώπου
1592 949 1840 1014 ἑνώσεως
1863 990 1881 1017 ,

290 1042 443 1095 ἐστιν
494 1041 679 1113 εὑρεῖν
717 1040 817 1113 τὴν
864 1040 1028 1110 ἁγίαν
1071 1040 1299 1112 Γραφὴν
1353 1042 1695 1112 φάσκουσαν,
1745 1039 1883 1095 ἀλλὰ

293 1131 387 1184 τὸν
419 1132 520 1205 μὲν
547 1131 928 1205 συνεκδοχικὸν
957 1131 1161 1203 τρόπον
1186 1132 1247 1186 τὸ
1289 1132 1399 1187 ἀπὸ
1428 1132 1631 1205 μέρους
1656 1132 1718 1187 τὸ
1738 1131 1880 1198 ὅλον,

293 1221 329 1292 ἢ
360 1221 473 1276 ἀπὸ
504 1221 598 1275 τοῦ
643 1222 765 1275 ὅλου
809 1223 872 1276 τὸ
918 1222 1085 1295 μέρος
1122 1222 1213 1277 ἐπ’
1245 1223 1535 1295 ἀνθρώπου
1574 1223 1755 1293 λέγειν
1785 1224 1883 1295 τὴν

292 1313 543 1386 ι’ραφὴν,
570 1311 681 1369 οἷον
704 1315 800 1369 καί
830 1316 991 1378 αὐτὸς
1018 1316 1183 1388 ἔφης,
1214 1315 1249 1387 ἢ
1277 1317 1386 1372 ἀπὸ
1411 1317 1591 1389 ψυχῆς
1614 1317 1782 1391 μόνης
1802 1357 1818 1383 9
1848 1316 1885 1389 ἢ

292 1405 408 1458 ἀπὸ
446 1402 698 1476 σώματος
724 1403 816 1459 τὸν
845 1406 968 1460 ὅλον
997 1406 1284 1478 ἄνθρωπον
1316 1410 1690 1480 σημαίνουσαν
1734 1409 1885 1464 ἔστιν

290 1496 497 1566 εὑρεῖν,
522 1495 556 1566 ἢ
585 1495 693 1548 ἀπὸ
714 1495 809 1549 τοῦ
841 1496 964 1549 ὅλου
996 1496 1058 1551 τὸ
1085 1499 1272 1569 μέρος.
1313 1499 1419 1553 Τὸν
1456 1500 1514 1552 δὲ
1544 1501 1646 1570 τῆς
1672 1500 1885 1555 οἰκειώο

294 1603 460 1651 σεως,
490 1584 616 1640 οὔτε
641 1588 733 1641 ἐπὶ
759 1588 1001 1659 Χριστοῦ
1028 1589 1297 1660 ἢδυνήθης
1319 1591 1482 1656 αὐτὸς
1505 1594 1880 1664 παραστῆσαι,

293 1680 375 1748 μὴ
416 1678 500 1733 ὅτι
545 1694 607 1748 γε
645 1677 744 1733 καὶ
786 1680 883 1732 ἐπὶ
921 1681 1021 1750 τῆς
1066 1678 1511 1752 ἀνθρωπότητος.
1559 1683 1665 1737 Τὸν
1695 1683 1754 1736 δὲ
1786 1684 1884 1754 τῆς

291 1769 620 1835 ἀντιδόσεως
655 1769 878 1841 τρόπον,
922 1771 1015 1825 τὸν
1048 1770 1278 1840 λέγοντα
1310 1770 1652 1844 μεταδιδόναι
1689 1774 1760 1829 τὰ
1788 1774 1883 1829 τοῦ

294 1861 549 1934 σώματος
593 1865 676 1928 εἰς
723 1862 823 1934 τὴν
856 1864 1061 1936 ψυχὴν,
1112 1865 1147 1936 ἢ
1189 1866 1289 1937 τῆς
1334 1866 1514 1938 ψυχῆς
1547 1869 1629 1932 εἰς
1674 1867 1744 1921 τὰ
1785 1867 1881 1921 τοῦ
1911 1847 1959 1907 Β

298 1953 579 2026 σώματος,
609 1954 1023 2026 διεσφαλμένως
1053 1955 1350 2027 διεξῆλθες
1386 1959 1487 2012 οὐκ
1515 1957 1631 2013 ἔστι
1659 1958 1769 2030 γὰρ
1793 1959 1884 2015 τὸν

290 2044 499 2115 τρόπον
529 2048 625 2116 τῆς
650 2046 974 2110 ἀντιδόσεως
993 2087 1010 2113 ,
1037 2048 1073 2119 ἢ
1104 2048 1206 2119 τῆς
1235 2048 1564 2115 οίκειώσεως
1589 2052 1680 2103 ἐπὶ
1708 2050 1885 2122 ψυχῆς

293 2138 394 2192 καὶ
436 2137 689 2209 σώματος
719 2138 1017 2211 λεγόμενον
1042 2141 1427 2214 εὑρίσκεσθαι,
1462 2143 1538 2207 ὡς
1577 2144 1673 2198 καὶ
1704 2145 1769 2199 σὺ
1797 2144 1888 2200 διὰ

293 2230 410 2283 τῶν
452 2229 563 2284 σῶν
597 2231 1063 2304 παραδειγμάτων
1100 2233 1333 2305 ἔφησθα.
1360 2234 1436 2288 Τὸ
1471 2234 1580 2306 γὰρ
1608 2235 1889 2307 εἰρηκέναι

295 2339 383 2388 σε,
411 2320 495 2378 ὅτι
526 2323 679 2393 παρά
704 2326 772 2395 τῇ
810 2324 932 2396 θεία
964 2324 1155 2398 Γραφῇ
1192 2325 1439 2380 λέλεκται
1483 2328 1605 2382 ἀντὶ
1638 2327 1889 2399 σώματος

296 2416 334 2483 ἡ
361 2413 530 2486 ψυχὴ,
569 2415 628 2469 ὲν
666 2416 745 2485 τῷ
774 2417 948 2470 εἰπεῖν
982 2416 1073 2470 τὸν
1103 2418 1328 2489 Κύριον·
1356 2419 1454 2488 Μὴ
1481 2420 1890 2489 μεριμνήσητε

294 2505 374 2576 τῇ
413 2504 587 2577 ψυχῇ
617 2506 808 2577 ἡμῶν,
843 2509 900 2562 τί
949 2509 1180 2580 φάγητε
1214 2510 1254 2579 ἢ
1287 2512 1346 2565 τί
1378 2513 1574 2579 πίητε,
1607 2513 1765 2582 δῆλον
1806 2514 1895 2566 ὅτι

295 2598 361 2651 οὐ
409 2596 661 2669 σώματός
704 2599 829 2671 ,ἐστι
878 2599 940 2652 τὸ
991 2599 1215 2665 ἐσθίειν,
1278 2598 1312 2669 ἦ
1363 2598 1570 2652 πίνειν·
1612 2599 1751 2654 ἀλλὰ
1794 2598 1891 2653 τοῦ

300 2686 741 2757 συναμφοτέρου,
768 2685 914 2755 λέγω
955 2685 1019 2758 δὴ
1049 2685 1144 2740 τοῦ
1179 2685 1347 2750 (dion.
1378 2686 1606 2759 Εἴρηται
1634 2687 1744 2758 γὰρ
1779 2688 1893 2749 τοῖς

301 2781 493 2848 σοφοῖς
515 2818 531 2845 ,
562 2777 630 2833 τὰ
662 2778 763 2850 μὲν
793 2778 901 2832 ἴδια
928 2773 1067 2833 εἶναι
1099 2779 1282 2855 ψυχῆς
1319 2779 1511 2851 μόνης,
1541 2773 1652 2832 οἷόν
1689 2780 1807 2832 ἑστι
1833 2777 1895 2832 τὸ

301 2872 471 2936 νοεῖν,
507 2872 576 2925 τὰ
604 2871 660 2925 δὲ
693 2871 787 2924 τοῦ
822 2873 1236 2944 συναμφοτέρου
1257 2910 1273 2937 ,
1321 2865 1437 2926 οἷον
1478 2870 1573 2926 τοῦ
1608 2869 1783 2935 ζώου,
1833 2869 1895 2924 τὸ

304 2964 533 3030 ἐσθίειν,
563 2963 658 3017 καὶ
691 2963 888 3029 πίνειν,
929 2969 1025 3019 καὶ
1058 2963 1367 3030 κινεῖσθαι,
1400 2962 1498 3017 καὶ
1543 2961 1768 3028 ὑπνοῦν,
1801 2962 1898 3015 καὶ

300 3057 672 3127 ἐγρηγορέναι
695 3094 710 3119 ,
738 3056 832 3109 καὶ
861 3054 930 3108 τὰ
964 3057 1323 3127 παραπλήσια
1357 3054 1423 3108 δι’
1464 3054 1683 3127 ἐκείνην
1716 3054 1896 3125 ὑπάρ-

1982 599 2072 651 ea,
2108 602 2231 657 quae
2260 587 2425 645 simul
2458 591 2713 661 componi
2761 607 2872 649 non
2900 606 3157 665 possunt,
3207 612 3560 669 connectere,

1982 685 2038 731 et
2078 691 2201 747 qua:
2241 679 2458 734 misceri
2518 696 2626 735 non
2679 692 2912 752 possunt
2941 686 3300 745 commiscere
3327 689 3352 742 ?
3376 689 3564 761 Neque

1984 770 2131 826 enim
2171 773 2364 828 eodem
2416 775 2580 830 modo
2612 774 2682 831 de
2710 779 3025 832 teconomia
3056 777 3284 847 Christi,
3327 783 3563 838 unione-

1984 875 2096 929 que
2129 876 2253 917 cum
2286 864 2427 934 ipso,
2467 872 2522 919 et
2552 864 2622 921 de
2648 869 3050 937 compositione
3099 870 3336 926 hominis
3366 873 3565 929 divinae

1985 952 2204 1010 Littera:
2263 959 2429 1012 verba
2488 955 2697 1013 faciunt
2726 977 2743 1026 ;
2775 961 2870 1015 sed
2921 976 3019 1031 per
3067 962 3442 1033 synecdochen
3495 980 3565 1020 ex

1986 1053 2141 1115 parte
2173 1056 2371 1114 totum,
2405 1049 2490 1104 vel
2517 1064 2585 1104 ex
2627 1059 2745 1105 toto
2797 1061 3007 1122 partem
3038 1054 3105 1108 de
3148 1054 3370 1110 homine
3417 1056 3568 1110 Scri-

1985 1147 2205 1207 pturam
2245 1140 2450 1208 dicere,
2483 1144 2631 1214 quod
2662 1155 2718 1198 et
2743 1156 2798 1199 tu
2849 1161 3073 1217 quoque
3105 1148 3422 1224 insinuasti,
3481 1149 3569 1205 vel

1985 1232 2053 1284 ah
2086 1232 2270 1285 anima
2304 1241 2539 1298 tantum,
2595 1236 2738 1290 vela
2783 1251 3018 1307 corpore
3063 1246 3238 1293 totum
3286 1239 3567 1296 hominem

1985 1331 2199 1390 notare,
2246 1325 2390 1379 vela
2428 1336 2541 1381 toto
2588 1336 2798 1397 partem
2837 1328 3198 1385 inveniemus.
3251 1331 3323 1386 At
3368 1346 3571 1403 appro-

1984 1417 2281 1486 priationis
2332 1419 2562 1473 modum
2629 1435 2808 1491 neque
2863 1421 2932 1476 de
2991 1420 3217 1478 Christe
3273 1424 3569 1479 ostendere

1990 1510 2243 1578 potuisti,
2277 1520 2492 1566 tantum
2535 1512 2724 1577 abest,
2747 1522 2806 1568 ut
2833 1512 2901 1569 de
2930 1514 3269 1571 humanitate
3291 1516 3343 1571 id
3368 1516 3565 1589 egeris.

1987 1601 2080 1657 Sic
2142 1616 2366 1673 quoque
2430 1603 2818 1661 retributionis
2878 1606 3122 1672 modum,
3179 1606 3274 1677 qui
3326 1622 3390 1663 ea
3446 1622 3571 1678 quae

1986 1691 2237 1761 corporis
2265 1699 2397 1747 sunt
2421 1693 2620 1748 animae
2649 1695 3039 1761 communicat,
3078 1704 3174 1751 aut
3196 1712 3319 1767 quae
3347 1697 3566 1765 animae,

1988 1781 2223 1850 corpori,
2272 1795 2384 1836 non
2427 1784 2637 1854 absque
2654 1798 2844 1839 errore
2888 1794 3210 1854 prosecutus
3251 1801 3351 1842 es:
3388 1801 3570 1858 neque

1987 1872 2135 1926 enim
2199 1872 2580 1929 retributionis
2629 1883 2725 1928 aut
2762 1876 3219 1944 appropriationis
3249 1877 3468 1932 modum
3501 1877 3570 1932 de

1987 1962 2172 2019 anima
2203 1972 2259 2019 et
2284 1976 2516 2034 corpore
2543 1964 2751 2019 dictum
2789 1966 2934 2035 potis
2955 1979 3017 2021 es
3041 1966 3347 2031 ostendere,
3371 1981 3569 2036 quem-

1987 2055 2282 2110 admodum
2337 2065 2397 2112 tu
2447 2056 2633 2115 itidem
2671 2072 2769 2128 per
2807 2066 2901 2113 tua
2945 2059 3195 2129 exempla
3237 2060 3570 2125 asseruisti;

1989 2160 2115 2198 nam
2150 2160 2277 2201 cum
2315 2147 2519 2202 astruis
2544 2146 2599 2201 in
2628 2146 2818 2205 divina
2849 2144 3135 2217 Scriptura
3178 2147 3286 2203 dici
3332 2148 3576 2203 animum

1988 2250 2090 2306 pro
2133 2251 2362 2304 corpore
2408 2237 2466 2293 in
2511 2237 2623 2293 illis
2672 2236 2889 2292 Domini
2924 2226 3146 2293 :Nolite
3200 2238 3423 2293 sollieiti
3460 2254 3577 2293 esse

1989 2332 2183 2387 animae
2208 2340 2414 2399 vestra,
2442 2332 2570 2402 quid
2595 2331 2950 2397 manducetis,
2980 2345 3073 2388 aut
3104 2333 3298 2388 bibatis
3328 2334 3371 2401 ⁸,
3403 2332 3578 2389 falsus

1989 2434 2070 2474 es.
2106 2402 2456 2476 Manifestum
2486 2423 2691 2476 etenim
2748 2432 2833 2478 est
2881 2426 3217 2479 manducare
3263 2434 3357 2481 aut
3386 2424 3579 2481 bibere

1992 2530 2101 2575 non
2128 2532 2250 2574 esse
2282 2517 2556 2587 corporis,
2604 2518 2701 2572 sed
2751 2519 3061 2589 utriusque,
3125 2519 3381 2575 animalis
3434 2519 3579 2574 dun-

1992 2622 2166 2668 taxat.
2199 2610 2482 2667 Prolatum
2511 2612 2716 2682 quippe
2743 2622 2828 2667 est
2866 2628 2896 2666 a
2930 2613 3271 2681 sapientibus
3325 2612 3430 2667 alia
3453 2627 3581 2670 esse

1993 2705 2214 2776 propria
2250 2704 2453 2759 attint:
2480 2704 2679 2767 solius,
2725 2712 2787 2760 ut
2837 2704 3166 2775 intelligere,
3217 2705 3325 2760 alia
3372 2707 3581 2760 utrius-

1994 2808 2125 2864 que,
2159 2793 2457 2849 animantis
2502 2809 2722 2864 nempe,
2758 2803 2818 2848 ut
2845 2795 3027 2861 edere,
3082 2795 3294 2861 bibere,
3344 2796 3579 2862 moveri,

1995 2885 2260 2951 dormire,
2312 2894 2367 2939 et
2422 2885 2670 2955 vigilare,
2715 2893 2773 2940 et
2819 2884 2907 2940 his
2952 2885 3153 2940 similia
3197 2894 3417 2955 propter
3451 2899 3578 2940 eam

1995 2977 2337 3034 exsistentin.
2374 2974 2468 3033 Sic
2491 2992 2714 3046 quoque
2760 2992 2993 3048 magnus
3026 2976 3263 3033 Basilius
3294 2977 3580 3033 decernit:

1999 3071 2249 3140 corporis
2293 3084 2426 3124 vero
2470 3071 2693 3139 propria
2727 3078 2878 3133 sunt,
2924 3070 3124 3136 secari,
3160 3079 3259 3123 aut
3291 3069 3376 3123 uri
3414 3086 3429 3123 :
3471 3070 3582 3124 alia

307 3164 498 3218 χοντα.
540 3143 817 3207 Ὡσαύτως
840 3144 896 3198 δὲ
921 3146 1018 3198 καὶ⁵
1046 3144 1121 3215 τῷ
1154 3144 1376 3215 μεγάλῳ
1402 3142 1689 3213 Βασιλείῳ.
1723 3141 1894 3195 Ἀλλα

2004 3177 2133 3217 vero
2187 3169 2320 3216 sunt
2380 3160 2633 3231 corporis
2695 3160 2949 3228 animati,
3014 3169 3076 3215 ut
3126 3160 3395 3216 delassari
3431 3160 3584 3216 :alia

305 3238 560 3309 σώματος
589 3237 720 3300 ῐδια,
747 3230 860 3290 οἷον
897 3236 958 3319 re
994 3235 1328 3308 τέμνεσθαι,
1358 3236 1393 3309 ἢ
1440 3236 1724 3290 καίεσθαιο
1757 3235 1892 3290 ἄλλα

1997 3258 2216 3317 animm,
2245 3270 2365 3325 qua:
2392 3230 2621 3323 corpore
2647 3252 2841 3319 utitur,
2874 3262 2931 3306 ut
2962 3252 3206 3316 tristitia,
3225 3260 3323 3306 aut
3345 3265 3586 3307 mturare

303 3331 362 3385 δὲ
391 3331 645 3402 σώματος
668 3329 915 3402 ἐμψύχου
984 3324 1094 3383 οἷον
1116 3329 1178 3383 τὸ
1208 3331 1408 3402 κοπιᾷν
1427 3345 1441 3361 ·
1472 3329 1608 3385 ἀλλα
1628 3331 1686 3384 δὲ
1713 3328 1893 3401 ψυχῆς

306 3421 525 3494 σώματι
550 3423 841 3495 χρωμένης
866 3460 880 3487 ,
907 3415 1019 3475 οἷον
1042 3422 1104 3474 τὸ
1143 3421 1467 3489 λυπεῖσθαι,
1492 3421 1553 3475 τὺ
1581 3421 1891 3493 ἀδημονεῖν,

311 3516 461 3585 ἅπερ
488 3516 607 3567 ἐστὶ
632 3514 728 3568 τοῦ
755 3512 1165 3586 συναμφοτέρου
1190 3514 1333 3568 κατά
1357 3513 1707 3585 συνεκδοχήν.
1746 3512 1896 3567 Ἐλέ-

303 3606 413 3679 χθη
441 3606 498 3659 δὲ
539 3606 620 3670 τὸ,
653 3606 751 3674 Μὴ
788 3605 1201 3676 μεριμνήσητε
1251 3603 1329 3675 τῇ
1375 3602 1549 3676 ψυχῇ
1594 3604 1784 3675 ὑμῶν,
1840 3607 1899 3660 τι

309 3696 564 3768 φάγητε,
594 3695 632 3766 ἢ
658 3696 715 3749 τι
735 3697 934 3764 πίητε,
956 3696 1234 3749 τουτέστιν
1255 3695 1410 3753 αὐτοὶ
1439 3696 1616 3768 ὑμεῖς.
1666 3688 1897 3766 Ὁμοίως

309 3792 369 3846 δὲ
415 3792 511 3845 καὶ
549 3789 620 3844 τὰ
650 3790 813 3844 λοιπά
843 3789 944 3843 ὅσα
975 3790 1041 3844 ἂν
1084 3789 1214 3859 περὶ
1245 3787 1436 3842 τούτου
1470 3787 1747 3859 διεξῆλθες
1771 3827 1787 3855 ,
1829 3788 1900 3842 τὰ

313 3885 589 3956 λεγόμενα
635 3884 778 3938 κατὰ
821 3883 1173 3955 συνεκδοχὴν,
1199 3884 1281 3946 είς
1320 3880 1414 3934 τὸν
1453 3884 1549 3952 τῆς
1578 3881 1900 3946 ἀντιδόσεως

312 3979 516 4049 τρόπον
544 3976 843 4053 μετέφερες
864 4014 879 4040 ,
904 3974 1130 4044 ἀμαθῶς
1158 3976 1255 4031 καὶ
1292 3973 1533 4044 ἀκρίτως
1563 3973 1755 4028 ποιῶν.
1790 3973 1901 4026 Καὶ

317 4065 485 4120 ταῦτα
514 4066 615 4136 μὲν
645 4065 773 4135 περὶ
801 4064 1007 4116 τούτων
1038 4056 1161 4116 ὧδε.

394 4155 486 4230 ιη’.
515 4130 698 4211 ’Πάλιν
718 4130 802 4217 ⁷δὲ.
844 4159 901 4208 ἐν
929 4155 1007 4225 τῷ
1039 4152 1326 4226 γράμματι
1376 4170 1470 4206 σου
1498 4151 1686 4220 ὥσπερ
1711 4130 1933 4202 ἑαυτδί

316 4253 678 4310 ἀπαλλάττων
708 4249 1054 4323 ἐγκλήματος
1105 4248 1194 4305 διὰ
1234 4248 1296 4302 τὸ
1339 4249 1679 4317 γεγραφέναι
1712 4244 1858 4315 ἡμᾶς
1883 4280 1901 4308 ,

308 4348 396 4403 ὅτι
441 4348 490 4401 εἰ
537 4346 668 4417 μίαν
716 4346 879 4415 φύσιν
911 4345 1004 4398 ἐπὶ
1050 4339 1290 4415 Χριστοῦ
1339 4341 1623 4407 δοξάζετε,
1656 4337 1902 4408 συμὸαίη

315 4442 411 4506 ἂν,
442 4439 477 4511 ἦ
510 4438 661 4492 θείαν
707 4436 869 4507 μόνον
911 4432 1117 4505 ταύτην
1158 4426 1332 4500 εἶναι,
1370 4431 1406 4502 ἢ
1452 4428 1824 4501 ἀνθρωπίνην,
1868 4426 1902 4500 ἢ

1993 3345 2157 3412 allici,
2178 3358 2300 3414 quae
2327 3343 2617 3412 utriusque
2663 3356 2759 3410 per
2785 3341 3167 3413 synecdochen
3196 3349 3343 3396 sunt.
3368 3341 3584 3395 Dictum

1993 3454 2126 3494 vero
2151 3449 2254 3501 est,
2283 3436 2462 3491 Nolite
2486 3436 2700 3489 solliciti
2722 3450 2833 3496 esse
2861 3434 3056 3488 anima:
3076 3444 3258 3487 vestrae
3271 3431 3398 3503 quid
3428 3448 3587 3487 matt-

1995 3531 2222 3595 ducetis,
2255 3537 2348 3582 aut
2367 3526 2583 3594 bibatis,
2617 3526 2720 3581 hoc
2749 3534 2835 3581 est
2853 3539 2953 3581 vos
2975 3525 3101 3595 ipsi.
3128 3524 3394 3580 Similiter
3418 3527 3584 3582 etiam

1995 3638 2340 3694 quaecunque
2372 3622 2441 3677 de
2477 3621 2578 3676 hoc.
2606 3620 2970 3686 disserueras,
3016 3633 3138 3688 quat
3180 3633 3277 3688 per
3311 3619 3586 3691 synecdo-

1997 3715 2139 3770 chen
2185 3714 2330 3769 dicta
2373 3720 2521 3778 sunt,
2556 3712 2626 3767 ad
2690 3709 3072 3765 retributionis
3116 3709 3339 3763 modum
3388 3708 3588 3778 ignave

1999 3813 2057 3859 et
2119 3805 2258 3860 citra
2319 3802 2593 3873 judicium
2640 3800 3019 3856 transvexisti.
3074 3798 3144 3853 Et
3192 3799 3312 3855 hac
3361 3799 3588 3870 quidem

1999 3898 2068 3956 de
2093 3898 2183 3954 his
2221 3897 2379 3954 satis.

2075 4169 2162 4226 18.
2186 4168 2399 4223 Rursus
2424 4167 2476 4221 in
2509 4165 2740 4237 epistula
2770 4172 2863 4219 tua
2924 4161 3275 4232 temetipsum
3299 4176 3329 4216 a
3352 4160 3591 4218 crimine

2003 4260 2275 4326 liberans,
2305 4258 2452 4329 quod
2492 4274 2595 4315 nos
2638 4255 3045 4327 scripserimus,
3084 4253 3132 4308 sl
3168 4268 3336 4307 uuam
3374 4260 3588 4306 tantum

2005 4352 2062 4407 in
2109 4350 2332 4407 Christo
2379 4360 2633 4406 naturam
2672 4345 2941 4412 statuitis,
2972 4346 3279 4413 continget,
3311 4352 3410 4398 aut
3444 4342 3589 4398 divi-

2007 4457 2135 4497 nam
2162 4450 2374 4497 tantum
2417 4455 2539 4495 eam
2571 4453 2716 4504 esse,
2744 4446 2841 4493 aut
2872 4437 3189 4501 humanam,
3223 4442 3320 4490 aut
3343 4433 3591 4489 divinam

316 4528 765 4612 μεταβεϐλῆσθαι
791 4527 892 4601 τὴν
939 4527 1199 4607 θείανκείς
1245 4524 1345 4597 τὴν
1370 4522 1660 4595 ἀνθρώπου
1684 4561 1700 4589 ,
1735 4522 1768 4593 ἢ
1800 4521 1899 4593 τὴν

2008 4534 2063 4588 in
2112 4535 2409 4589 humanam
2460 4532 2806 4587 immutatam
2849 4529 3047 4594 fuisse,
3080 4535 3178 4582 aut
3212 4527 3508 4582 humanam
3533 4525 3591 4579 in

312 4598 724 4692 ἀνθρωπουνείς
754 4598 859 4690 τὴν
901 4616 1074 4681 θείαν,
1104 4598 1152 4688 κῆ
1202 4615 1458 4669 συνθέτου
1508 4615 1637 4686 μιᾶς
1685 4613 1901 4682 φύσεως

319 4714 477 4779 ὗντος
501 4712 597 4768 τοῦ
623 4709 865 4783 Χριστοῦ
882 4750 898 4777 ,
924 4709 1247 4781 σωζομένων
1272 4707 1513 4779 δηλονότι
1541 4706 1651 4759 τῶν
1686 4704 1901 4776 φύσεων

315 4806 742 4880 ἀμεταϐλήτων,
785 4804 1005 4874 ἀνάγκη
1043 4801 1139 4855 καὶ
1190 4799 1282 4853 τοῦ
1327 4799 1541 4872 Πατρὸς
1590 4798 1689 4870 τὴν
1741 4798 1904 4867 φύσιν

319 4899 581 4955 σύνθετον
607 4894 747 4951 εἶναι
767 4936 782 4962 ,
805 4895 896 4949 διά
918 4893 978 4948 τὸ
1013 4892 1109 4946 καὶ
1153 4892 1292 4963 μετά
1321 4891 1417 4962 τὴν
1468 4891 1661 4944 ἕνωσιν
1685 4890 1914 4962 ὁμοφυῆ,

322 4996 421 5049 καὶ
447 4991 734 5063 όμοούσιον
772 4984 913 5042 εἶναι
954 4986 1044 5040 τὸν
1075 4984 1309 5056 Χριστὸν
1338 4985 1476 5054 μετά
1513 4982 1606 5036 τοῦ
1645 4981 1781 5036 Θεοῦ
1812 4982 1905 5035 καὶ

319 5085 561 5158 Πατρδς,
585 5085 681 5140 καὶ
710 5081 805 5136 τοῦ
853 5081 1011 5149 ἁγίου
1046 5077 1396 5148 Πνεύματος,
1429 5074 1465 5147 ἢ
1499 5074 1575 5145 μὴ
1607 5070 1746 5129 εἶναι
1774 5075 1907 5143 ὁμο-

322 5183 438 5253 φυῆ
479 5182 575 5235 καὶ
613 5177 899 5252 όμοούσιον
939 5174 1035 5229 τοῦ
1071 5171 1207 5227 Θεοῦ
1247 5171 1346 5225 καὶ
1376 5168 1594 5239 Πατρός
1635 5170 1727 5223 τὸν
1757 5168 1909 5235 Υίδν,

321 5275 421 5329 καὶ
450 5272 591 5344 μετά
622 5270 722 5341 τὴν
758 5270 975 5322 ἕνωσιν·
1005 5266 1102 5321 καὶ
1134 5264 1307 5319 πολλά
1345 5263 1521 5319 ἄτοπα
1549 5260 1689 5331 τάχα
1720 5259 1786 5316 ἄν
1818 5278 1905 5324 τις

323 5368 391 5420 ὲκ
441 5363 597 5418 τοῦδε
639 5362 733 5417 τοῦ
771 5363 931 5431 λόγου
985 5356 1244 5422 συνάξει,
1298 5354 1459 5420 αὐτὸς
1504 5353 1605 5425 τὴν
1648 5353 1906 5423 τοιαύτην

325 5459 549 5535 γραφὴν
603 5457 793 5529 ὥσπερ
845 5454 1281 5526 ἀποθαυμάζων,
1348 5452 1446 5506 καὶ
1501 5449 1697 5506 ἑαυτὸν
1746 5447 1904 5513 ὲκτδς

327 5552 677 5627 ἐγκλήματος
705 5548 969 5604 συνιστῶν
995 5541 1098 5607 ὧδέ
1140 5563 1219 5617 πη
1253 5543 1488 5617 γράφεις
1508 5558 1523 5572 ·
1567 5541 1908 5612 Ἐθαύμασα

327 5647 465 5717 περὶ
507 5638 597 5701 ὧν
648 5642 920 5714 ἔγραψας
953 5641 1023 5696 ἐν
1069 5637 1150 5706 τῷ
1194 5637 1490 5711 γράμματι
1539 5635 1749 5701 τούτῳ.
1798 5634 1910 5690 Καὶ

398 5823 426 5859 ·
446 5823 637 5883 Matth.
665 5839 739 5893 v1,
768 5819 860 5879 es.

2008 4626 2250 4688 divinam
2295 4643 2314 4682 :
2360 4624 2447 4681 vel
2495 4623 2817 4694 composita
2851 4621 3019 4676 unius
3066 4630 3279 4683 naturae
3336 4633 3463 4673 cum
3519 4618 3594 4672 sit

2008 4717 2283 4785 Christus,
2335 4730 2444 4772 non
2491 4714 2738 4772 alteratis
2795 4714 3061 4769 duntaxat
3110 4713 3342 4778 naturis,
3368 4726 3596 4766 necesse

2011 4807 2177 4865 fuerit
2232 4815 2288 4863 et
2338 4804 2519 4863 Patris
2548 4813 2799 4860 naturam
2835 4801 3203 4873 compositam
3247 4815 3369 4856 esse
3401 4818 3415 4854 :
3445 4798 3594 4869 quod

2011 4899 2177 4955 etiam
2223 4905 2347 4967 post
2375 4896 2637 4952 unionem
2674 4894 2922 4964 ejusdem
2983 4903 3194 4948 naturae
3230 4898 3289 4948 et
3337 4891 3598 4946 essentia

2011 5004 2135 5045 cum
2168 4989 2307 5055 Deo,
2333 4997 2388 5043 et
2411 4987 2591 5053 Patre,
2618 4995 2675 5044 et
2704 4985 2908 5056 Spiritu
2951 4993 3146 5041 sancto
3187 4983 3440 5038 Christus
3471 4982 3544 5037 sit
3575 4997 3593 5039 :

2012 5089 2108 5137 aut
2134 5096 2245 5137 non
2271 5094 2394 5136 esse
2422 5078 2670 5150 ejusdem
2705 5088 2917 5135 natura:
2965 5085 3022 5133 et
3048 5076 3298 5133 essentia
3322 5090 3449 5131 cum
3485 5073 3598 5131 Deo

2011 5182 2066 5227 et
2094 5171 2255 5227 Patre
2277 5170 2481 5225 Filium
2509 5171 2673 5226 etiam
2708 5178 2832 5239 post
2874 5169 3165 5234 unionem;
3193 5175 3250 5227 et
3284 5167 3453 5223 multa
3488 5165 3595 5218 alia

2006 5263 2248 5320 absurda
2304 5261 2447 5318 alius
2490 5277 2558 5318 ex
2594 5261 2697 5318 hac
2731 5262 2980 5318 oratione
3027 5261 3083 5316 in
3134 5274 3305 5316 unum
3357 5257 3595 5326 cellich

2013 5356 2145 5420 Hoc,
2166 5356 2413 5425 inquam.
2437 5356 2647 5425 scripto
2664 5354 2829 5410 veluti
2859 5355 2917 5410 iu
2938 5353 3362 5411 διῴκει-σείουσαι
3385 5358 3601 5416 raptus,

2014 5455 2220 5516 tequea
2241 5444 2474 5503 crimine
2506 5445 2808 5509 inmunem
2834 5442 3225 5513 comprobans,
3254 5441 3330 5496 ita
3359 5437 3556 5496 scribis
3581 5452 3598 5489 :

2013 5535 2376 5592 Admirationi
2403 5535 2537 5589 mihi
2571 5535 2811 5607 fuerunt,
2841 5548 2962 5605 qua
2990 5534 3115 5587 huic
3151 5532 3348 5601 scripto
3377 5529 3600 5582 conmi-

2014 5645 2162 5686 serat
2216 5644 2236 5686 :
2276 5638 2334 5688 et
2379 5635 2507 5700 post
2539 5642 2713 5700 pauca
2752 5647 2770 5684 :
2819 5625 3032 5683 Etenim
3070 5625 3119 5681 si
3164 5639 3261 5679 nos
3322 5621 3605 5692 contusam
