4064 6426
447 406 556 474 64']

1706 395 2002 459 NICETE
2035 391 2442 456 BYZANTINI

3639 393 3751 458 648

446 517 741 572 mistionem
758 511 980 568 dicimus
1010 512 1064 567 in
1094 512 1296 570 Christi
1327 514 1557 578 naturis,
1587 509 2035 582 quemadmodum

2170 508 2282 562 ιετὰ
2319 505 2560 578 βραχέα⁰
2618 504 2762 559 Ἐὰν
2791 503 2900 576 γὰρ
2940 505 3115 575 ἡμεῖς
3145 507 3553 577 πεφυρμένην
3592 508 3761 573 μίξιν

446 625 589 678 aqua
636 617 686 662 et
719 607 902 662 vinum
939 606 1195 676 permista
1244 607 1461 660 omnino
1513 603 1737 673 confusa
1782 609 1938 664 sunt;
1965 597 2043 653 vel

449 710 504 754 ut
554 701 610 754 in
662 700 974 770 conﬂatm-io
1031 697 1166 768 ignis
1215 713 1431 761 aurum,
1493 705 1543 750 et
1594 702 1868 764 argentum
1923 691 2043 760 fusa

448 793 655 860 penitus
693 789 1122 858 confunduntur,
1153 795 1254 840 non
1284 787 1562 840 dissideret
1592 784 1805 838 omnino
1841 783 1905 836 ab
1937 781 2042 844 his,

449 895 567 950 qua
609 880 857 932 dicimus.
904 877 964 931 Si
1017 893 1136 930 vero
1201 876 1264 929 ab
1319 875 1401 928 liis
1454 873 1876 942 disjunctissima
1929 879 2041 933 est,

448 989 610 1043 quam
645 987 737 1024 nos
766 985 1013 1024 vocamus
1045 969 1338 1021 mistionent
1374 965 1527 1020 Verbi
1551 965 1645 1019 Dei
1676 980 1795 1018 cum
1830 963 2044 1033 proprio

450 1081 687 1134 corpore,
723 1061 1164 1133 quemadmodum
1196 1060 1372 1113 lumen
1401 1074 1520 1112 cum
1552 1057 1730 1118 radio,
1763 1056 1868 1109 sive
1906 1054 2045 1124 ignis

450 1173 570 1209 cum
627 1171 781 1220 auro,
823 1156 932 1208 sive
963 1154 1183 1223 spiritus
1243 1165 1362 1203 cum
1417 1163 1633 1216 corpore
1684 1147 1825 1200 citra
1877 1144 2046 1198 ullam

450 1247 872 1300 immutationem
927 1252 976 1298 et
1039 1243 1465 1312 separationem,
1530 1239 1793 1292 immerito
1876 1237 2043 1307 igitur

453 1341 604 1393 nobis
639 1339 872 1395 convitia
913 1337 1177 1407 ingeritis,
1202 1335 1479 1405 justitiam
1516 1333 1902 1396 conculcantes,
1938 1338 2044 1385 etc.

455 1432 522 1484 Et
550 1431 618 1484 ad
673 1431 814 1484 hanc
849 1438 1168 1484 naturarum
1207 1428 1470 1482 unionem
1526 1423 1876 1479 inconfusam
1917 1437 2050 1476 con-

455 1520 860 1585 stabiliendam,
895 1518 1219 1589 Gregorium
1247 1517 1588 1587 Theologum
1649 1523 1704 1571 et
1735 1521 2046 1570 consortem

455 1614 625 1678 illius,
656 1612 1100 1682 concordemque
1127 1611 1293 1666 alium
1328 1609 1805 1677 Thaumalurqum
1845 1606 2052 1675 Grego-

453 1706 598 1760 rium
645 1706 698 1760 id
756 1705 905 1760 idem
949 1714 1292 1760 asserentem
1340 1701 1587 1757 adducis.
1622 1698 1689 1754 Et
1729 1714 1830 1755 nos
1861 1699 1916 1753 in
1950 1699 2053 1752 hoc

456 1798 577 1853 solo
630 1797 1013 1853 convenimus.
1051 1795 1142 1851 Sic
1180 1793 1384 1850 videris
1432 1793 1656 1864 quidem
1713 1790 2054 1847 criminatio-

2150 601 2419 671 λέγωμεν
2438 601 2526 666 εἰς
2563 599 2670 666 τὰς
2698 598 2808 653 τοῦ
2853 598 3112 667 Χριστοῦ
3157 599 3376 668 φύσεις
3398 640 3414 661 ,
3447 597 3666 668 ὥσπερ
3694 605 3759 657 τὸ

2151 695 2311 763 ὕδωρ
2343 693 2493 765 μετὰ
2519 694 2625 748 τοῦ
2654 691 2825 747 οἷνου
2847 691 3097 762 μιγέντα
3127 691 3362 756 πάντως
3393 691 3492 745 ὅτι
3528 708 3764 760 πεφυρο

2147 785 2323 856 μέντιι
2369 785 2562 848 εἰσιν,
2620 782 2656 850 ἦ
2697 782 2901 851 ὥσπερ
2943 782 3042 834 ἐπὶ
3091 782 3512 850 χωνευτηρίου
3571 785 3765 849 stupet;

2153 877 2386 946 χρυσὸς
2432 877 2587 944 λέγω
2639 875 2736 928 καὶ
2773 874 3011 942 ἄσημος
3050 875 3464 942 χωνευόμενοι
3519 876 3765 940 πάντως

2153 963 2252 1018 καὶ
2295 966 2610 1033 φύρονται,
2649 958 2816 1031 εἶχεν
2844 961 2921 1015 ἂν
2969 961 3290 1030 ὁμοιότητα
3335 955 3432 1014 ὧν
3477 960 3762 1030 λέγομεν.

2153 1059 2222 1112 El
2244 1057 2312 1110 δὲ
2337 1057 2560 1121 ἔξωθεν
2583 1057 2810 1109 τούτων
2827 1052 3017 1118 ἐστίν,
3049 1052 3129 1120 ἣν
3153 1053 3427 1123 λέγωμεν
3449 1053 3632 1122 μίξιν
3659 1055 3765 1108 τοῦ

2153 1150 2349 1219 Λόγου
2381 1149 2489 1202 τοῦ
2525 1147 2675 1202 Θεοῦ
2709 1147 2861 1216 μετὰ
2887 1144 2995 1199 τοῦ
3021 1145 3180 1200 ἰδίου
3212 1145 3526 1214 σώματος,
3561 1144 3765 1216 ὥσπερ

2153 1238 2280 1312 φῶς
2311 1239 2468 1310 μετὰ
2505 1240 2617 1308 τῆς
2651 1239 2918 1304 ἀκτῖνος,
2983 1238 3104 1291 εἴτε
3133 1237 3253 1306 πῦρ
3279 1239 3439 1307 μετὰ
3479 1238 3594 1292 τοῦ
3627 1255 3767 1306 χρυ-

2154 1335 2308 1401 σοῦ,
2344 1335 2382 1403 ἢ
2425 1334 2662 1404 πνεῦμα
2722 1333 2875 1402 μετὰ
2917 1331 3026 1386 τοῦ
3073 1331 3345 1400 σώματος
3401 1331 3766 1400 ἀπαραλλά-

2134 1444 2311 1494 ικτως
2324 1426 2422 1480 καὶ
2447 1425 2795 1496 ἀχωρίστως
2819 1462 2834 1488 ,
2870 1422 3090 1478 λοιπὸν
3111 1423 3330 1490 ἀδίκως
3359 1420 3532 1492 ἡμᾶς
3564 1423 3763 1477 ,λοιδο-

2149 1519 2331 1587 ρεῖτε,
2378 1517 2869 1582 καταπατοῦντες
2914 1515 3031 1583 τὴν
3071 1514 3512 1580 δικαιοσύνην,
3569 1515 3662 1566 καὶ
3701 1514 3766 1568 τὰ

2157 1611 2303 1679 ἑξῆς.
2358 1609 2467 1662 Kal
2512 1607 2842 1661 ἑπιϐεδαιῶν
2871 1606 2970 1676 τὴν
3014 1606 3324 1676 ἁσύγχυτον
3374 1605 3495 1658 τῶν
3553 1605 3764 1675 φύσεων

2157 1701 2374 1763 ἕνωσιν,
2403 1700 2816 1771 προκεκόμικας
2849 1697 3150 1768 Γρηγόριον
3191 1697 3283 1750 τὸν
3309 1693 3593 1763 Θεολόγον
3617 1695 3764 1750 τοῦτο

2161 1791 2296 1846 αὐτὸ
2345 1792 2624 1860 φάσκοντα
2649 1831 2664 1856 ,
2696 1791 2792 1844 καὶ
2829 1790 2921 1844 τὸν
2955 1790 3204 1860 ὁμοταγῆ
3251 1787 3428 1843 αὐτοῦ
3489 1791 3590 1842 καὶ
3639 1789 3761 1858 όμό⁴

455 1904 582 1945 nem
641 1888 906 1958 effugere,
937 1887 1084 1958 quod
1113 1887 1397 1943 existimes
1441 1886 1607 1942 unius
1652 1895 1864 1942 naturae
1889 1886 2050 1940 unio-

2170 1900 2332 1951 ppova
2396 1884 2696 1955 Γρηγόριον
2760 1881 2852 1936 τὸν
2905 1881 3362 1952 Θαυματουργόν.
3424 1881 3618 1951 ’Ὀπερ
3676 1880 3762 1934 καὶ

459 1996 585 2036 nem
629 1982 682 2036 in
725 1979 947 2037 Christo
978 1980 1187 2050 absque
1213 1978 1541 2035 confusione
1607 1978 1780 2036 fuisse
1827 1977 2050 2041 factam,

457 2088 626 2142 quam
673 2083 727 2128 et
761 2071 1054 2142 proﬁteris.
1085 2071 1190 2127 Per
1220 2088 1284 2129 ea
1322 2073 1505 2144 itaque
1537 2087 1660 2143 qua
1693 2072 1808 2142 ipse
1829 2072 2056 2126 conlitc-

460 2166 539 2222 ris
572 2175 628 2220 et
673 2165 893 2232 scribis,
938 2173 1146 2220 tantum
1174 2166 1349 2230 abest,
1401 2173 1463 2220 ut
1489 2164 1731 2221 maculas
1786 2176 2056 2234 notasque

460 2257 686 2324 evadas,
777 2267 838 2313 ut
925 2257 1108 2328 potius
1191 2259 1300 2312 tuis
1403 2257 1517 2327 ipse
1595 2257 1698 2312 alis
1798 2256 2054 2326 capiaris.

461 2349 620 2415 Quod
685 2364 752 2404 ex
815 2349 902 2405 his
983 2358 1234 2420 apertum
1318 2347 1784 2419 manifestumque
1869 2347 2055 2402 fuerit.

463 2443 642 2496 Omne
671 2442 1042 2512 compositum
1069 2456 1235 2496 unam
1265 2448 1521 2495 naturam
1552 2439 1793 2495 efﬁciens
1810 2454 1876 2494 ex
1905 2453 2059 2494 como

463 2533 735 2602 positione
758 2574 772 2600 ,
835 2542 933 2588 aut
989 2533 1330 2589 immistione
1355 2573 1370 2600 ,
1427 2542 1523 2588 aut
1573 2532 1902 2588 confusione
1925 2569 1941 2596 ,
1965 2539 2062 2586 aut

461 2627 669 2682 unione
718 2625 1009 2682 inconfusa
1061 2625 1197 2682 ellici
1257 2625 1494 2682 dicimus
1542 2667 1555 2681 .
1605 2626 1972 2691 immistione,
2003 2633 2063 2680 ut

463 2724 716 2770 nostrum
748 2729 972 2785 corpus,
998 2723 1053 2771 et
1082 2715 1187 2770 alia
1216 2730 1439 2786 quoque
1486 2717 1722 2782 ratione,
1750 2716 1844 2771 sed
1890 2715 2062 2784 potis-

459 2808 692 2870 simum,
741 2805 890 2875 quod
938 2821 1002 2862 ex
1040 2817 1278 2876 quatuor
1321 2807 1611 2863 elementis
1671 2822 1842 2861 unum
1895 2806 2060 2877 quid,

465 2898 743 2969 uniusque
783 2909 994 2953 naturae
1033 2881 1313 2965 effectum,
1345 2907 1401 2954 et
1470 2900 1881 2970 corruptionem
1933 2886 2094 2969 par--

467 2991 636 3057 tibus,
665 3005 788 3060 quae
817 3000 1197 3046 convenerunt
1223 2991 1279 3045 in
1315 2991 1519 3047 unione
1544 2992 1722 3062 passis
1754 2991 1858 3046 ltoc
1890 3000 2064 3046 totum

466 3083 828 3136 constitutum
889 3091 1008 3148 est;
1068 3097 1191 3152 quae
1242 3097 1420 3152 neque
1485 3082 1713 3138 omnino
1769 3097 1798 3135 a
1844 3081 2066 3153 propria

466 3181 699 3240 natura,
755 3188 882 3228 cum
939 3174 1316 3242 conveniunt,
1364 3177 1630 3231 recedunt

2157 1975 2319 2044 ἡμεῖς
2351 1976 2409 2027 ὲν
2437 1974 2612 2045 τούτῳ
2671 1971 3075 2044 συμφωνοῦμεν
3115 1972 3297 2042 μόνον.
3327 1972 3428 2025 Διὸ
3455 1972 3644 2036 δοκεῖς
3675 1974 3761 2042 μὲν

2156 2064 2438 2136 διαδρᾶναι
2461 2067 2589 2128 τοὺς
2616 2065 2904 2135 ἐλέγχους,
2929 2063 2995 2117 δι’
3021 2056 3097 2118 ὧν
3125 2063 3228 2118 οῐει
3246 2063 3348 2133 τῆς
3384 2064 3526 2133 μιᾶς
3559 2064 3754 2133 φύσεως

2158 2156 2259 2228 τὴν
2290 2157 2485 2210 ἕνωσιν
2523 2159 2624 2228 τὴν
2656 2157 2750 2210 ἐπὶ
2785 2155 3024 2230 Χριστοῦ
3070 2154 3202 2210 ἄνευ
3242 2154 3581 2225 συγχύσεως
3609 2172 3756 2224 γεγε-

2160 2248 2375 2321 νῆσθαι,
2412 2250 2478 2319 ἣν
2510 2249 2604 2302 καὶ
2631 2248 2939 2320 ὁμολογεῖς,
2972 2248 3070 2318 οὐχ
3104 2248 3308 2318 ἥκιστα
3339 2246 3403 2300 δὲ
3437 2247 3511 2300 δι’
3538 2241 3617 2301 ὧν
3641 2249 3762 2317 γρά-

2161 2360 2284 2415 φεις
2311 2345 2438 2406 τοὺς
2465 2343 2726 2412 ἐλέγχους
2766 2340 3013 2412 ὲκφεύγῃ
3038 2383 3053 2406 ,
3090 2339 3292 2410 μᾶλλον
3318 2338 3384 2393 δὲ
3415 2341 3539 2405 τοῖς
3570 2341 3758 2395 ἑαυτοῦ

2163 2438 2391 2508 πτεροῖς
2438 2435 2746 2508 φωραθήσῃ
2796 2433 3179 2505 ἁλισκόμενος.
3221 2433 3335 2486 Kal
3401 2432 3573 2486 τοῦτο
3619 2433 3765 2503 δῆλον

2161 2527 2436 2582 ἐντεῦθενο
2477 2527 2592 2580 Πᾶν
2624 2525 2686 2579 τὸ
2713 2524 3099 2595 συντιθέμενον
3124 2523 3255 2595 μίαν
3278 2523 3452 2593 φύσιν
3478 2524 3766 2579 ἀποτελοῦν

2164 2623 2230 2674 ἐκ
2256 2621 2354 2691 τῆς
2385 2618 2688 2684 συνθέσεως
2713 2659 2728 2685 ,
2757 2619 2791 2692 ἢ
2817 2619 2958 2674 κατὰ
2985 2619 3204 2690 κρᾶσιν,
3236 2617 3362 2689 ἦτοι
3394 2620 3546 2673 κατὰ
3571 2619 3765 2690 σύγχυ-

2167 2729 2251 2766 σιν
2277 2711 2435 2766 τοῦτο
2470 2711 2725 2781 φαίνεται
2769 2712 3079 2782 γινόμενον,
3110 2713 3144 2784 ἢ
3193 2710 3316 2766 καθ’
3352 2714 3561 2768 ἕνωσιν
3603 2711 3765 2780 ὰσὺγιο

2166 2820 2347 2874 χυτον.
2393 2804 2504 2857 Kal
2545 2804 2686 2857 κατὰ
2719 2804 2917 2874 κρᾶσιν
2961 2806 3082 2875 μὲν,
3117 2801 3230 2862 οἷον
3269 2806 3341 2861 τὰ
3393 2808 3647 2878 ἡμέτερα
3674 2803 3770 2858 orb-

2169 2914 2338 2968 ματα.
2370 2895 2483 2951 Kal
2508 2895 2637 2950 ἄλλο
2665 2897 2748 2951 ὅτι
2775 2897 2871 2950 καὶ
2917 2898 3170 2953 πλεῖστον
3200 2901 3266 2954 ὲκ
3300 2900 3602 2970 τεσσάρων
3633 2915 3766 2951 στοι-

2169 2988 2332 3060 χείων
2362 2988 2422 3042 ἓν
2467 3004 2524 3041 τι
2564 2988 2660 3042 καὶ
2692 2989 2822 3058 μιᾶς
2851 2989 3068 3058 φύσεως
3114 2989 3588 3061 ἀποτελούμενον,
3635 2989 3767 3058 σύμ·

2170 3081 2407 3152 φθαρσιν
2446 3081 2557 3136 τῶν
2595 3080 2962 3136 συνελθόντων
3003 3081 3188 3154 μερῶν
3232 3084 3292 3137 ὲν
3334 3085 3411 3154 τῇ
3456 3081 3651 3136 ὲνώσει
3677 3095 3770 3132 πε.

1684 3194 1700 3230 :
1763 3185 1876 3231 lum
1916 3175 2064 3231 enim
2106 3237 2138 3243 _
2169 3172 2466 3236 πονθότων,
2523 3171 2584 3226 τὺ
2625 3171 2746 3226 ὅλον
2793 3172 3147 3243 συνέστηκεν,
3193 3173 3231 3227 ἃ
3273 3171 3406 3226 οὔτε
3456 3175 3636 3241 πάντη
3679 3171 3770 3241 τῆς

468 3265 826 3334 compositio,
885 3280 1010 3335 quae
1049 3277 1447 3334 convenerunt,
1502 3268 1739 3338 partium
1787 3269 1954 3333 unio,
2020 3267 2066 3322 si

2170 3266 2379 3330 οἰκείας
2422 3265 2638 3334 φύσεως
2679 3267 2738 3321 ὲν
2776 3264 2852 3336 τῷ
2901 3237 3178 3320 συνελθεῒν
3228 3265 3346 3338 ἅμα
3384 3237 3695 3337 ἐξέστηκεν·
3731 3237 3769 3332 ⁷ἢ

467 3358 688 3424 penitus
734 3369 1188 3427 corrumpantur,
1219 3358 1416 3414 merito
1463 3375 1572 3414 non
1615 3361 1925 3425 vocabitur,
1976 3359 2072 3416 sed

467 3447 524 3499 in
562 3447 751 3515 aliquo
791 3448 1092 3524 corrumpi,
1132 3450 1186 3504 in
1221 3451 1407 3520 aliquo
1447 3454 1764 3507 conservari
1798 3453 2072 3507 videbun-

466 3548 578 3594 tur.
615 3539 772 3604 Quod
802 3555 934 3595 vero
971 3556 1040 3596 ex
1071 3542 1224 3598 hisce
1254 3551 1430 3598 totum
1469 3544 1530 3600 ﬁt
1568 3560 1636 3601 ex
1705 3555 1786 3600 tot
1825 3547 2073 3616 quidem.

470 3645 596 3699 quae
641 3640 1044 3700 convenerunt,
1087 3633 1313 3700 dicitur,
1350 3635 1406 3690 in
1453 3637 1564 3693 illis
1631 3653 1763 3693 vero
1799 3639 2078 3708 laudisque

470 3736 598 3790 quae
631 3730 757 3776 actu
807 3723 956 3776 nulla
988 3733 1142 3790 sunt,
1176 3727 1396 3796 proprie
1435 3743 1544 3784 non
1589 3729 1864 3795 dicentur,
1889 3728 1992 3784 nisi
2026 3729 2076 3783 id

471 3813 679 3883 aliquis
737 3813 943 3871 virtute
990 3817 1158 3872 dicat.
1191 3817 1258 3874 Et
1290 3829 1541 3876 nostrum
1571 3837 1796 3891 corpus,
1826 3830 1886 3876 ut
1915 3833 2076 3877 antea

470 3906 738 3969 diximus,
766 3920 834 3961 ex
867 3906 1112 3976 quatuor
1137 3909 1426 3967 elementis
1448 3926 1545 3981 per
1563 3913 1955 3968 immistionem
1984 3919 2080 3968 aut

470 3996 856 4052 confusionem
890 3998 1125 4067 factum,
1161 4016 1229 4056 ex
1264 4011 1505 4072 quatuor
1532 4003 1755 4075 quidem
1793 4020 1915 4060 esse
1943 4005 2080 4060 dici-

479 4099 592 4155 tur,
627 4090 681 4144 in
729 4101 971 4162 quatuor
1024 4102 1230 4160 autem,
1262 4104 1357 4149 aut
1413 4105 1654 4165 quatuor
1701 4097 1902 4152 virlulc
1933 4111 2076 4163 esse,

474 4197 763 4247 nunquam
796 4197 928 4240 vero
973 4193 1100 4240 actu
1151 4185 1386 4242 dicetur.
1432 4187 1538 4243 Sed
1602 4203 1804 4260 corpus
1860 4203 2080 4260 quoque

475 4274 604 4330 licet
629 4287 904 4331 asseralur
923 4277 1124 4334 habere
1152 4289 1388 4348 quatuor
1410 4281 1702 4348 elementa,
1737 4283 1887 4337 nullo
1917 4283 2080 4337 modo

473 4363 657 4432 ipsum
709 4366 956 4434 ejusdem
1011 4376 1226 4422 naturae
1276 4377 1333 4422 et
1381 4369 1638 4425 essentiae
1703 4384 1828 4425 cum
1885 4371 1974 4436 iis,
2011 4386 2074 4424 ex

477 4455 680 4524 quibus
703 4460 1070 4527 compositum
1104 4468 1210 4524 est,
1243 4459 1459 4515 dicetur
1493 4477 1508 4514 :
1541 4462 1690 4530 quod
1728 4462 1880 4516 nullo
1910 4463 2076 4517 modo

2174 3356 2282 3429 γὰρ
2321 3357 2389 3412 ἂν
2419 3356 2540 3411 οὐδὲ
2565 3356 2817 3422 σύνθεσις
2844 3359 2878 3427 ὴ
2910 3357 3108 3421 ἓνωσις
3132 3357 3242 3412 τῶν
3273 3357 3647 3413 συνελθόντων
3676 3372 3768 3426 μευ

2177 3449 2286 3520 ρῶν
2335 3449 2514 3520 πάντη
2565 3448 2941 3520 φθειρομένων
2983 3449 3209 3516 δικαίως
3257 3450 3326 3506 ἂν
3375 3451 3476 3504 καὶ
3515 3449 3771 3519 κληθείη,

2174 3540 2290 3594 ἀλλ’
2330 3539 2421 3594 ἐπί
2450 3557 2504 3592 τι
2536 3540 2635 3611 μὲν
2663 3539 2808 3606 δόξει
2863 3539 3203 3613 φθείρεσθαι,
3228 3541 3320 3594 ἐπί
3345 3558 3403 3595 τι
3429 3541 3487 3595 δὲ
3519 3540 3773 3610 φυλάττε-

2178 3633 2325 3687 σθαι.
2357 3633 2430 3686 Τὸ
2461 3633 2518 3686 δὲ
2563 3635 2627 3686 ὲκ
2659 3632 2830 3686 τῶνδε
2878 3633 3000 3688 ὅλον
3025 3623 3313 3705 γινόμενον
3358 3635 3430 3688 ὲκ
3474 3635 3648 3687 τόσων
3679 3632 3771 3704 μὲν

2175 3725 2284 3780 τῶν
2312 3724 2675 3780 συνελθόντων
2698 3727 2940 3795 λέγεται,
2967 3727 3025 3780 ὲν
3049 3726 3282 3792 ἐκείνοις
3310 3727 3394 3792 δὲ,
3422 3727 3457 3799 ἢ
3481 3728 3661 3790 τόσοις
3688 3725 3770 3779 οὑο

2176 3816 2365 3888 δαμῶς
2410 3817 2664 3889 ἐνεργείᾳ
2703 3817 2822 3872 οὖσι
2856 3819 3064 3891 κυρίως
3108 3817 3450 3891 ῥηθήσεται,
3494 3820 3544 3872 εί
3591 3818 3771 3889 μήτις

2177 3909 2339 3964 τοῦτο
2384 3909 2613 3980 δυνάμει
2661 3909 2828 3964 εἴποι.
2879 3911 2991 3964 Kal
3037 3910 3098 3964 τὸ
3138 3911 3416 3982 ἡμέτερον
3465 3911 3660 3982 σῶμα,
3700 3906 3769 3969 ὡς

2180 4000 2524 4072 προέφημεν,
2575 4001 2642 4054 ὲκ
2684 4002 2969 4073 τεσσάρων
3021 4002 3304 4073 στοιχείων
3361 4002 3507 4058 κατὰ
3559 4003 3766 4071 κρᾶσιν,

2179 4092 2300 4163 ἦτοι
2345 4091 2490 4147 κατὰ
2537 4092 2801 4162 σύγχυσιν
2851 4092 3169 4163 γενόμενον,
3223 4095 3290 4147 ἐκ
3340 4094 3627 4164 τεσσάρων
3675 4089 3769 4160 μὲν

2179 4180 2321 4240 εῖναι
2348 4185 2606 4255 λέγεται,
2633 4187 2690 4239 ὲν
2733 4184 2960 4256 τέτρασι
2995 4185 3052 4239 δὲ
3071 4225 3087 4252 ,
3118 4186 3151 4257 ἢ
3181 4185 3427 4257 τέσσαρα
3449 4182 3590 4240 εἶναι
3618 4181 3768 4237 δυνά-

2184 4295 2276 4348 μει
2302 4277 2663 4348 λεχθήσεται,
2695 4278 2948 4349 ἐνεργείᾳ
2977 4278 3033 4331 δὲ
3057 4278 3158 4331 οὐκ
3185 4278 3252 4332 ἂν
3284 4279 3503 4350 ῥηθείη,
3536 4278 3631 4330 καὶ
3651 4272 3766 4327 οὔτε

2181 4371 2242 4424 τὸ
2265 4370 2445 4440 σῶμα,
2479 4371 2529 4423 εί
2559 4370 2654 4424 καὶ
2677 4368 2896 4438 λέγεται
2924 4369 3068 4440 ἔχειν
3094 4371 3336 4441 τέσσαρα
3371 4372 3634 4440 στοιχετω
3658 4362 3766 4420 ἀλλ’

2181 4461 2434 4533 οὐδαμῶς
2463 4460 2588 4516 οὔτε
2618 4463 2752 4516 αὐτὸ
2794 4463 3036 4532 όμοερυὲς
3077 4464 3171 4516 καὶ
3209 4463 3500 4533 ὁμοούσιον
3547 4459 3678 4530 πρὸς
3705 4454 3768 4508 τὰ

481 4553 659 4600 totum
691 4550 1135 4604 convenientium
1171 4550 1410 4619 partium
1439 4551 1492 4606 in
1525 4556 1948 4623 compositione,
1982 4571 2066 4610 ne-

2182 4559 2242 4624 ἐξ
2266 4551 2342 4613 ὧν
2382 4558 2641 4630 συνετέθη
2676 4556 3013 4628 ῥηθήσεται,
3049 4558 3139 4612 διὰ
3183 4557 3244 4611 τδ
3271 4556 3540 4628 μηδαμῶς
3569 4554 3629 4607 τὸ
3655 4551 3766 4604 ὅλον

479 4651 588 4706 que
641 4638 900 4705 nomina,
953 4642 1132 4712 neque
1176 4656 1363 4695 earum
1413 4642 1760 4699 deﬁnitiones
1811 4644 2075 4700 obtineat.

481 4730 742 4796 Quinitno
793 4747 972 4802 neque
1025 4734 1327 4804 singularia
1357 4735 1724 4791 humanorum
1760 4751 2078 4807 corporum,

481 4838 606 4893 quae
631 4824 735 4879 sub
761 4827 1097 4881 universalia
1125 4827 1397 4882 elementa
1429 4828 1795 4894 reducuntur,
1833 4829 2078 4900 ejusdem

482 4919 740 4973 essentia:
802 4929 899 4974 aut
947 4931 1156 4976 naturae
1183 4921 1457 4976 dicentur.
1499 4920 1657 4988 Quod
1695 4923 1741 4979 si
1787 4938 1884 4994 per
1917 4924 2080 4978 unio-

487 5025 610 5064 nem
674 5011 1021 5068 inconfusam
1079 5031 1273 5071 rursus
1312 5018 1677 5087 compositum
1733 5033 1839 5072 una
1883 5029 2081 5072 natura

486 5102 567 5168 ﬁt,
598 5113 659 5157 ut
715 5104 878 5160 homo
907 5123 922 5161 :
955 5107 1065 5162 duo
1095 5109 1296 5163 etenim
1342 5110 1735 5165 concurrentia
1766 5111 1913 5166 'citra
1941 5125 2079 5166 eou-

486 5195 759 5250 fusionem
803 5211 1032 5268 corpus,
1091 5207 1147 5254 et
1199 5201 1381 5256 anima
1430 5209 1604 5257 totum
1655 5204 2078 5258 constituerunt.

487 5287 593 5343 Sed
639 5290 743 5345 hoc
773 5292 993 5361 quidem
1037 5293 1310 5349 diversam
1351 5296 1612 5352 unionem
1639 5296 1868 5361 habens,
1900 5296 2082 5352 diver-

485 5392 610 5431 sum
641 5393 863 5450 quoque
890 5379 1111 5435 unionis
1144 5384 1364 5436 modum
1389 5383 1648 5452 possidet.
1687 5384 1763 5438 Ex
1796 5392 1875 5439 tot
1908 5385 2079 5450 enim,

487 5484 716 5541 corpore
751 5487 946 5543 nempe
979 5482 1034 5527 et
1070 5474 1273 5540 anima,
1301 5485 1355 5530 et
1389 5475 1442 5529 in
1475 5485 1552 5532 tot
1593 5491 1717 5532 esse
1739 5476 1862 5546 jure
1890 5475 2084 5530 merito

487 5561 721 5629 dicetur,
766 5579 892 5618 cum
928 5575 984 5619 et
1013 5581 1112 5631 ea,
1153 5581 1274 5636 (line
1327 5578 1701 5622 convenerunt
1754 5568 1808 5622 in
1857 5566 2102 5630 unione,’

490 5646 698 5717 integra
746 5663 1174 5718 conserventur,
1205 5669 1330 5709 cum
1372 5665 1495 5711 actu
1533 5657 1662 5711 sint.
1697 5656 1762 5712 Et
1786 5665 1864 5711 tot
1883 5657 2085 5712 habere

489 5748 673 5804 partes
698 5741 862 5797 homo
902 5745 1116 5800 dicetur
1148 5748 1216 5802 ab
1237 5748 1325 5812 iis,
1358 5751 1451 5819 qui
1477 5765 1564 5805 res
1593 5765 1727 5805 sane
1752 5749 2080 5820 diiudicant,

493 5837 578 5883 tot
638 5846 768 5889 vero
837 5851 984 5906 esse,
1025 5855 1220 5910 nempe
1273 5843 1410 5900 duas
1462 5852 1690 5898 naturas
1735 5843 1898 5898 homo
1933 5841 2085 5899 nullo

2185 4647 2297 4701 τῶν
2341 4646 2706 4700 συνελθόντων
2739 4646 2924 4718 μερῶν
2954 4647 3037 4708 είς
3077 4645 3177 4718 τὴν
3215 4645 3468 4700 σύνθεσιν
3501 4643 3635 4715 μήτε
3677 4639 3767 4698 τὰς

2186 4736 2512 4808 ὀνομασίας,
2546 4740 2683 4810 μήτε
2725 4740 2834 4811 μὴν
2859 4741 2981 4804 τοὺς
3009 4743 3272 4811 ὁρισμοὺς
3311 4740 3494 4794 αὐτῶν
3533 4734 3764 4802 ἐπιδέχε-

2189 4829 2334 4884 σθαι.
2373 4830 2536 4885 Ἀλλὰ
2572 4831 2699 4903 μὴν,
2734 4832 2855 4886 οὐδὲ
2900 4832 2971 4887 τὰ
3005 4833 3323 4888 καθέκαστα
3351 4833 3460 4886 τῶν
3499 4822 3766 4898 ἀνθρωπί-

2187 4939 2294 4976 νων
2320 4924 2590 4994 σωμάτων
2618 4924 2754 4994 πρὸς
2781 4924 2848 4979 τὰ
2909 4926 3012 4979 ὑπὸ
3045 4926 3114 4980 τὰ
3147 4926 3379 4980 καθόλου
3423 4922 3655 4990 στοιχεῖα
3683 4917 3766 4967 ἁν-

2188 5017 2432 5087 αγόμενα
2472 5019 2685 5088 ὀμοφυῆ
2707 5057 2722 5082 ,
2751 5018 2785 5089 ἢ
2820 5019 3083 5088 ὁμοούσια
3117 5019 3335 5090 ρηθεῖεν
3360 5019 3444 5072 ἄν.
3475 5015 3537 5069 Ei
3570 5011 3624 5064 δὲ
3653 4998 3766 5060 καθ’

2188 5109 2390 5162 ἕνωσιν
2417 5109 2725 5179 ἁσύγχυτον
2757 5110 2940 5176 πάλιν,
2968 5111 3030 5164 τὸ
3062 5110 3445 5180 συντιθέμενον
3479 5104 3574 5178 μία
3617 5098 3764 5169 φύσις

2189 5201 2432 5271 γίνεται,
2485 5196 2597 5257 οἷον
2638 5203 2727 5256 ἐπ’
2775 5201 3102 5275 ἀνθρώπου·
3151 5203 3249 5257 δύο
3300 5203 3410 5273 γὰρ
3456 5192 3758 5252 συνελθόντα

2189 5296 2534 5366 ἀσυγχύτως,
2561 5296 2742 5366 σῶμα,
2769 5297 2933 5365 λέγω,
2971 5295 3258 5367 καὶψυχὴ,
3290 5296 3352 5349 τὸ
3379 5296 3496 5348 ελον
3525 5283 3760 5342 ἁπετέλε·

2192 5405 2313 5443 σαν.
2353 5388 2515 5442 Ἀλλὰ
2543 5388 2701 5442 τοῦτο
2731 5388 2830 5460 μὲν
2853 5389 3113 5459 διάφορον
3139 5390 3238 5460 τὴν
3261 5389 3456 5442 ἕνωσιν
3480 5384 3618 5454 ἔχον,
3649 5373 3753 5460 διά-

2191 5494 2359 5548 φορον
2384 5479 2480 5532 καὶ
2505 5479 2596 5532 τὸν
2617 5459 2820 5549 τρόπον
2842 5479 2942 5549 τῆς
2966 5459 3216 5541 ὲνώσεως
3241 5477 3521 5546 κέκτηται.
3545 5468 3635 5522 Ἐκ
3666 5459 3755 5530 μὲν

2189 5570 2299 5642 γὰρ
2336 5571 2530 5635 τόσωνι
2580 5573 2749 5642 ἠγουν
2793 5572 2971 5642 ψυχῆς
3011 5588 3070 5625 τε
3117 5571 3214 5625 καὶ
3259 5569 3542 5640 σώματος,
3589 5559 3676 5612 καὶ
3701 5551 3751 5603 ἐν

2190 5663 2373 5725 τόσοις
2409 5659 2552 5718 εἶναι
2586 5664 2778 5735 ῥηθείη
2809 5663 2874 5716 ἂν
2902 5663 3146 5728 δικαίως.
3190 5664 3345 5717 Ἐπεὶ
3371 5661 3460 5716 καὶ
3486 5657 3550 5710 τά
3581 5645 3749 5705 συνελ-

2192 5753 2355 5807 θόντα
2385 5757 2443 5808 ὲν
2483 5757 2548 5825 τῇ
2585 5755 2774 5808 ὲνώσει
2810 5755 3060 5826 ἁμείωτα
3103 5756 3494 5820 διασώζονται,
3524 5735 3745 5838 ἐνεργεξᾳ

2191 5847 2343 5915 ὄντα,
2391 5848 2486 5902 καὶ
2525 5849 2659 5904 τόσα
2708 5849 2852 5919 ἔχειν
2897 5850 2926 5902 ὁ
2969 5849 3256 5921 ἄνθρωπος
3309 5847 3446 5920 μέρη
3487 5835 3660 5912 ῥηθείη
3689 5835 3743 5879 ἄν
