4064 6406
328 394 438 460 649

1187 380 1623 461 REFUTATIO
1666 400 2053 462 EPISTOLE
2085 401 2314 462 REGIS
2349 399 2741 460 ARMENIE.

3506 399 3616 462 650

329 508 486 581 παρὰ
513 509 624 572 τοῖς
646 508 823 579 ὀρθῶς
853 507 1100 579 κρίνουσι
1126 524 1139 539 ’
1183 509 1318 564 τόσα
1342 511 1400 565 δὲ
1435 506 1574 565 εἶναι
1592 552 1605 574 ,
1641 513 1808 582 ἥγουν
1828 513 1923 566 δύο

2031 512 2190 566 modo
2229 511 2573 580 praedicatur.
2617 508 2755 564 Cum
2810 508 3179 579 compositum
3230 508 3376 564 aliud
3412 510 3620 565 factum

327 604 526 674 φύσεις
552 600 692 656 εἶναι
727 604 756 656 6
806 602 1092 673 ἄνθρωπος
1137 602 1386 674 οὐδαμῶς
1422 603 1661 673 λέγεται,
1695 599 1840 678 ᾗπερ
1865 607 1920 659 αἱ

327 695 525 766 φύσεις
545 694 640 749 τοῦ
661 694 786 749 ὃλου
816 696 1071 766 οὐδαμῶς
1102 695 1558 768 κατηγοροῦνται.
1606 697 1825 770 Ἐπειδὴ
1861 697 1922 752 τὸ

332 790 718 860 συντιθέμενον
759 788 948 861 ἕτερον
986 791 1180 860 γέγονε
1209 789 1363 862 παρὰ
1390 790 1461 844 τά
1503 790 1563 856 ἐξ
1590 784 1688 857 ὧν,
1734 792 1828 845 ml.
1858 790 1920 843 οὐ

331 883 399 937 τὰ
426 883 598 948 αὐτὰ,
628 881 724 936 καὶ
750 881 876 935 οὐτε
920 883 1056 937 αὐτὸ
1080 884 1143 938 τὸ
1185 883 1328 950 ὅλον,
1357 884 1527 954 ἤγουν
1566 884 1595 936 ό
1635 883 1923 951 ἅνθρωπος

328 974 470 1045 πρὸς
494 972 562 1027 τὰ
586 971 648 1038 ἐξ
676 967 751 1027 ὧν
782 972 1068 1045 συνετέθη,
1102 973 1240 1045 πρός
1277 990 1340 1026 τε
1378 975 1480 1043 τὴν
1518 972 1699 1044 ψυχὴν
1730 974 1825 1028 καὶ
1861 974 1923 1027 τὸ

327 1066 493 1136 σῶμά
524 1081 689 1136 φημι,
729 1064 979 1135 όμοφυὴς
1020 1064 1054 1136 ἢ
1090 1064 1374 1136 ὁμοούσιος
1410 1066 1605 1137 ῥηθείη
1643 1065 1710 1120 ἀν
1755 1081 1920 1118 ποτε·

324 1159 454 1211 ἐπεὶ
499 1157 636 1229 μηδὲ
678 1156 885 1228 κυρίως
918 1156 1018 1219 τὰς
1056 1156 1359 1228 ὀνομασίας
1394 1156 1597 1222 αὐτῶν,
1633 1157 1771 1229 μήτε
1815 1157 1924 1228 μὴν

324 1251 457 1313 τοὺς
475 1249 668 1317 λόγους
691 1248 870 1303 αὐτῶν
892 1247 1223 1318 ἐπιδέχεται,
1249 1247 1374 1301 οὔτε
1401 1249 1507 1319 μὴν
1533 1250 1583 1301 οἱ
1607 1249 1924 1303 καθέκαστα

330 1341 638 1414 ἄνθρωποι,
672 1335 806 1409 οἷον,
844 1340 1008 1412 φημὶ,
1049 1338 1291 1405 Παῦλος,
1344 1341 1378 1411 ἢ
1422 1340 1629 1413 Πέτρος
1678 1342 1815 1414 πρὸς
1856 1342 1925 1396 τὰ

326 1433 648 1487 καθὲκαστα
676 1433 786 1484 τῶν
821 1430 1127 1501 ἀνθρώπων
1157 1430 1337 1501 ψυχὰς
1360 1470 1375 1497 ,
1411 1432 1444 1500 ἢ
1479 1431 1550 1485 τὰ
1605 1430 1925 1498 ἀνθρώπινα

327 1525 564 1596 σώματα
592 1522 889 1595 ὁμοφυεῖς,
927 1522 957 1593 ἢ
1004 1522 1284 1589 όμοούσιοι
1327 1522 1571 1594 λεχθεῖεν
1598 1524 1688 1591 ἂν,
1729 1524 1816 1577 διὰ
1863 1525 1925 1578 τὸ

328 1617 474 1689 μηδὲ
526 1615 594 1670 τὰ
641 1616 871 1671 καθόλου
924 1615 1144 1687 ὁμοειδῆ
1179 1612 1340 1673 εἶναι.
1388 1616 1599 1672 Οὐκοῦν
1629 1617 1685 1672 εἷ
1719 1635 1803 1682 τις
1834 1618 1926 1671 τὸν

324 1709 617 1783 ἄνθρωπον
655 1710 721 1763 ἐκ
750 1707 1023 1779 διαφόρων
1054 1707 1271 1778 φύσεων
1301 1709 1626 1780 ἀσυγχύτως
1656 1708 1927 1763 ἐνωθέντα

326 1801 560 1873 φήσειεν
594 1800 811 1871 ὁμοφυῆ
847 1801 942 1855 καὶ
975 1798 1263 1870 όμοούσιον
1296 1799 1394 1871 τῆς
1439 1800 1791 1871 ἀνθρωπίνης
1822 1800 1928 1871 ψυ-

2025 604 2096 659 sit
2120 605 2188 658 ab
2216 603 2304 670 iis,
2322 618 2391 657 ex
2429 603 2633 672 quibus
2662 610 2897 669 constat,
2926 616 3027 657 nec
3055 601 3145 656 illa
3169 601 3358 657 eadem
3388 604 3478 658 sit.
3508 602 3620 660 Nec

2023 696 2187 751 etiam
2208 696 2383 766 ipsum
2407 704 2605 761 totum,
2629 693 2796 748 homo
2818 691 3049 760 scilicet,
3081 706 3207 748 cum
3230 693 3319 758 iis,
3337 707 3403 748 ex
3420 694 3622 761 quibus

2025 786 2295 844 conflatus
2324 793 2430 853 est,
2464 786 2648 841 anima
2697 785 2923 856 inquam
2969 794 3025 840 et
3078 798 3331 854 corpore,
3367 787 3617 855 ejusdem
3724 815 3735 831 ι

2025 890 2237 935 natura
2265 887 2317 935 et
2340 879 2593 935 essentia
2627 878 3126 947 diceturunquam,
3148 892 3274 933 cum
3306 893 3483 948 neque
3519 893 3618 948 ap-

2035 972 2396 1044 pellationum
2414 986 2607 1027 eorum
2634 985 2818 1041 neque
2871 969 3251 1024 definitionum
3281 969 3510 1024 omnino
3530 984 3621 1023 ca-

2027 1080 2131 1135 pax
2150 1064 2240 1120 sit.
2272 1063 2462 1135 Neque
2479 1063 2784 1134 singulares
2807 1061 3080 1127 homines,
3114 1059 3385 1116 utPetrus
3414 1059 3628 1116 etPau-

2028 1157 2137 1223 lus,
2156 1172 2281 1212 cum
2313 1148 2989 1228 singularibushominum
3012 1154 3234 1217 animis,
3256 1163 3346 1209 aut
3366 1154 3625 1209 humanis

2026 1248 2351 1318 corporibus
2371 1247 2619 1319 ejusdem
2651 1258 2862 1301 natura
2886 1252 2983 1299 aut
3013 1244 3269 1301 essentia
3299 1243 3627 1298 essedicen-

2027 1339 2285 1408 tur,qnod
2311 1353 2411 1394 nec
2441 1337 2772 1393 universalia
2795 1335 3041 1407 ejusdem
3071 1335 3272 1406 speciei
3290 1337 3419 1390 sint.
3439 1334 3627 1406 itaque

2028 1434 2073 1488 si
2093 1433 2217 1504 quis
2243 1431 2517 1487 hominem
2532 1445 2596 1484 ex
2618 1428 2856 1485 diversis
2873 1428 3088 1484 naturis
3106 1426 3393 1482 inconfusc
3409 1427 3623 1481 unitum

2029 1533 2306 1582 assereret
2346 1524 2597 1595 ejusdem
2643 1532 2855 1577 natura
2904 1530 2960 1577 et
2996 1521 3251 1576 essentia
3279 1535 3403 1575 cum
3439 1521 3633 1575 animat

2031 1619 2298 1687 humana,
2353 1616 2667 1673 necessario
2714 1616 2841 1672 inde
2874 1623 3224 1686 sequeretur,
3254 1620 3349 1668 aut
3382 1614 3624 1667 animam

2009 1724 2096 1767 ‘ex
2116 1728 2174 1768 se
2190 1722 2245 1768 et
2261 1726 2493 1782 corpore
2516 1710 2877 1781 compositam
2900 1724 3046 1777 esse,
3067 1717 3159 1764 aut
3179 1708 3225 1763 si
3246 1709 3297 1763 id
3318 1722 3424 1762 non
3440 1707 3624 1772 datur,

2031 1812 2254 1873 propter
2276 1813 2471 1873 patens
2492 1800 2817 1865 absurdum,
2839 1800 3077 1854 animam
3102 1814 3210 1853 non
3232 1813 3355 1853 esse
3375 1797 3625 1867 ejusdem

324 1894 455 1964 χῆς,
489 1892 763 1965 συμϐαίνῃ
793 1891 859 1946 ἂν
887 1890 1187 1957 ἐξάπαντος
1210 1933 1226 1959 ,
1264 1893 1298 1963 ἢ
1331 1892 1429 1964 τὴν
1450 1891 1628 1964 ψυχὴν
1665 1890 1919 1946 σύνθετον

2031 1893 2279 1949 essentia
2299 1901 2355 1948 et
2377 1900 2589 1947 natura
2607 1907 2732 1948 cum
2758 1906 2865 1946 una
2897 1890 3222 1960 composita,
3254 1888 3494 1943 hominis
3525 1903 3625 1940 na—

322 1980 474 2039 εῙναι
501 1985 566 2038 ἐκ
598 1983 693 2039 τοῦ
734 1982 907 2055 αὐτῆς
941 1985 1034 2038 καὶ
1067 1983 1162 2038 τοῦ
1192 1982 1465 2055 σώματος’
1500 1984 1533 2056 ἢ
1572 1985 1622 2038 εί
1658 1983 1735 2057 μὴ
1768 1983 1927 2038 τοῦτο

322 2075 421 2130 διὰ
450 2077 511 2130 τὸ
549 2075 778 2147 ἐναργὲς
814 2075 1041 2141 ἄτοπον,
1079 2077 1180 2147 τὴν
1219 2074 1399 2148 ψυχὴν
1432 2076 1508 2147 μὴ
1547 2070 1690 2131 εἶναι
1729 2075 1927 2147 ὁμοσύ-

325 2187 448 2225 σιον
475 2171 570 2225 καὶ
597 2170 812 2241 ὁμοφυῆ
844 2170 942 2241 τῆς
976 2171 1110 2241 μιᾶς
1144 2161 1402 2223 συνθέτου
1443 2169 1659 2239 φύσεως
1700 2168 1795 2223 τοῦ
1835 2170 1930 2224 ἀν-

324 2263 577 2334 θρώπου.
621 2261 876 2316 Τοιοῦτόν
914 2279 967 2315 τι
1016 2263 1112 2316 καὶ
1142 2263 1307 2334 ἡμεῖς
1353 2262 1722 2333 πεπράχαμεν
1764 2263 1825 2315 ἐν
1857 2264 1924 2333 τῇ

336 2356 632 2428 Ἐπιστολῇ
679 2356 838 2427 ἡμῶν
880 2354 1130 2425 λέγοντες
1155 2368 1172 2386 ο
1228 2356 1294 2409 Ei
1347 2358 1477 2426 μίαν
1509 2354 1673 2425 φύσιν
1714 2355 1926 2425 λέγοιτε

324 2449 428 2503 ἐπὶ
452 2448 551 2520 τῆς
585 2447 827 2521 Χριστοῦ
872 2446 1128 2502 συνθέτου
1178 2447 1460 2514 ἐνώσεως,
1492 2447 1708 2519 ἀνάγκη
1742 2448 1923 2513 πᾶσα,

323 2542 359 2612 ἢ
393 2541 546 2596 θείαν
587 2541 759 2608 αὐτὴν
796 2541 1005 2595 εἴποιτε
1047 2536 1227 2607 εἶναι,
1275 2540 1309 2613 ἢ
1352 2540 1705 2613 ἀνθρωπίνην
1742 2540 1925 2611 μόνον,

321 2632 361 2706 ἢ
402 2633 849 2705 μετατετράφθαι
902 2633 1071 2705 ἄμφω
1116 2633 1255 2705 πρὸς
1282 2633 1554 2706 ἀλλήλας·
1588 2635 1623 2706 ἢ
1671 2633 1925 2688 συνθέτου

324 2726 461 2797 μιᾶς
490 2724 659 2797 οὔσης
697 2726 797 2795 τῆς
835 2724 1083 2796 Χριστοῦ
1130 2724 1385 2795 φύσεως,
1419 2726 1638 2796 ἀνάγκη
1688 2727 1858 2792 πᾶσα,
1889 2725 1923 2797 ἢ

323 2817 584 2873 σύνθετον
628 2816 985 2889 εὑρίσκεσθαι
1033 2818 1130 2871 τοῦ
1181 2817 1395 2890 Πατρὸς
1444 2817 1547 2889 τὴν
1595 2815 1783 2887 φύσιν,
1837 2818 1926 2870 ἵνα

320 2911 386 2965 τὸ
414 2910 656 2982 ὀμοφυές
682 2909 823 2981 μετά
847 2909 944 2982 τὴν
966 2910 1164 2965 ἕνωσιν
1195 2909 1290 2964 τοῦ
1318 2909 1559 2982 Χριστοῦ
1587 2910 1727 2981 πρὸς
1761 2909 1926 2963 αὐτὸν

322 3001 685 3067 διασώζοιτοο
727 3002 761 3075 ἢ
803 3004 852 3056 εί
899 3002 974 3074 μὴ
1012 3002 1172 3057 τοῦτο
1215 3002 1304 3058 διὰ
1340 3002 1400 3058 τὸ
1438 3003 1784 3074 βλάσφημον,
1827 3002 1927 3056 οὐκ

323 3093 482 3147 ἔσται
510 3092 589 3163 τῷ
614 3093 793 3164 Πατρὶ
815 3095 844 3146 6
871 3092 1000 3156 Υίὺς
1019 3093 1330 3165 ὀμοούσιος,
1358 3093 1497 3164 ὅπερ
1524 3093 1643 3146 ἐστὶ
1673 3093 1770 3147 ml.
1794 3092 1927 3147 αὐτὸ

323 3187 511 3257 πάσης
561 3184 913 3257 βλασφημίας
960 3184 1257 3240 ἀνώτατον.
1308 3185 1381 3239 Σὺ
1430 3181 1525 3239 οὖν
1577 3184 1751 3239 δοκῶν
1800 3184 1928 3248 τοὺς

324 3278 587 3350 ἐλέγχους
631 3278 946 3348 ἐκφεύγειν,
996 3278 1057 3332 τὺ
1100 3276 1361 3349 διάφορον
1395 3280 1493 3349 τῆς
1544 3276 1792 3341 ἐνώσεως
1828 3274 1923 3330 τοῦ

326 3373 472 3426 κατά
507 3370 773 3442 σύγχυσιν
816 3372 912 3425 καὶ
955 3370 1032 3443 μὴ
1071 3369 1314 3425 τοιούτου
1368 3370 1805 3441 προκεκόμικοις,
1849 3369 1925 3434 ὠς

324 3462 580 3518 ἐντεῦθεν
611 3463 748 3534 μηδὲ
777 3462 1004 3528 δικαίως
1035 3461 1167 3534 παρ’
1194 3462 1353 3534 ἡμῶν
1385 3461 1919 3534 συκοφαντούμενος.

326 3555 402 3610 Τὸ
435 3555 539 3626 μὲν
565 3551 661 3610 οὖν
681 3556 746 3627 δὴ
776 3555 1014 3628 γράφειν
1035 3557 1185 3628 ἡμᾶς
1213 3555 1660 3627 μετατετράφθαι
1691 3554 1928 3626 θατέραν

326 3648 494 3719 φύσιν
537 3649 630 3702 ἐπὶ
665 3648 902 3720 θατέραν
933 3650 1026 3717 ἐπὶ
1058 3648 1170 3703 τῶν
1204 3649 1326 3703 κατ’
1356 3647 1622 3719 ἀνάχυσιν
1669 3647 1768 3721 τὴν
1805 3646 1927 3719 ἴσην

329 3742 470 3811 ἔχει.
522 3740 597 3793 Τὸ
638 3739 696 3793 δέ
745 3739 1068 3811 συμϐαίνειν
1114 3739 1148 3812 ἢ
1207 3738 1464 3794 σύνθετον
1510 3738 1607 3793 τοῦ
1653 3738 1791 3793 Θεοῦ
1834 3739 1927 3792 καὶ

328 3832 546 3905 Πατρὸς
583 3831 937 3905 εὑρίσκεσθαι
971 3831 1075 3904 τὴν
1099 3830 1265 3901 φύσιν
1290 3830 1383 3884 διὰ
1404 3830 1468 3884 τὸ
1499 3830 1638 3900 μετὰ
1667 3828 1765 3901 τὴν
1797 3829 1929 3883 ἐνω-

332 3942 419 3978 σιν
451 3923 545 3978 τὸν
573 3924 810 3995 Χριστὸν
855 3922 1073 3994 ὁμοφυῆ
1102 3922 1197 3977 καὶ
1227 3918 1515 3993 όμοούσιον
1547 3917 1643 3973 τοῦ
1670 3918 1806 3973 Θεοῦ
1835 3918 1928 3973 ml.

328 4016 545 4088 Πατρδς
564 4012 706 4070 εἷναί
731 4032 792 4069 τε
820 4016 917 4069 καὶ
943 4012 1319 4069 πιστεύεσθαι·
1345 4012 1380 4084 ἢ
1407 4012 1455 4065 εί
1486 4010 1561 4083 μὴ
1582 4009 1742 4065 τοῦτο
1765 4010 1929 4065 διὰτὸ

330 4108 677 4180 βλάσφημον,
702 4107 796 4162 τὸν
826 4106 1045 4179 Πατέρα
1073 4108 1148 4179 μὴ
1176 4103 1317 4161 εἶναι
1352 4104 1639 4177 ὁμοούσιον
1667 4104 1762 4159 τοῦ
1794 4103 1926 4158 Υίοῦ

333 4200 477 4272 μετά
504 4198 604 4270 τὴν
633 4197 851 4264 ἕνωσιν,
879 4198 1017 4269 ὅπερ
1046 4198 1163 4251 ἐστὶ
1183 4197 1278 4250 ml.
1304 4195 1436 4251 αὐτὸ
1470 4195 1651 4267 πάσης
1681 4193 1928 4266 βλασφη-

331 4293 468 4364 μίας
512 4291 609 4345 ml.
650 4292 880 4354 ἀτοπίας
917 4290 1196 4344 ἐπέκεινα.
1240 4288 1406 4342 Τουτὶ
1452 4286 1520 4358 δὴ
1563 4288 1658 4342 καὶ
1683 4288 1775 4341 ἐπὶ
1827 4289 1929 4357 τῆς

328 4386 456 4442 καθ’
484 4384 678 4439 ἕνωσιν
701 4381 1027 4454 ἀσυγχύτως
1061 4381 1159 4436 καὶ
1182 4379 1468 4452 ἀτρέπτως
1498 4379 1786 4452 ήνωμένης
1806 4421 1821 4445 ,
1851 4378 1928 4443 ὡς

326 4482 356 4532 6
383 4478 544 4547 λόγος
567 4476 657 4530 διὰ
680 4478 781 4546 τῆς
803 4475 897 4529 τοῦ
924 4472 1215 4545 ἀνθρώπου
1239 4472 1565 4538 ύποδείξεως
1586 4473 1922 4543 παρέστησε,

2031 1995 2174 2041 tura.
2202 1984 2322 2040 Non
2343 1983 2613 2040 dissimile
2629 1998 2731 2040 nos
2757 1997 2977 2054 quoque
3001 1980 3057 2035 in
3085 1980 3316 2051 epistola
3342 1987 3531 2034 nostra
3545 1988 3630 2031 at-

2032 2077 2364 2133 tentavimus
2397 2076 2743 2132 indue-entes.
2781 2073 2837 2129 Si
2867 2088 3036 2129 unam
3062 2081 3325 2128 naturam
3350 2070 3532 2126 dicitis
3571 2070 3637 2125 in.-

2030 2169 2233 2225 Christi
2263 2168 2567 2240 composita
2587 2168 2811 2234 unione,
2844 2180 3072 2224 necesse
3086 2173 3195 2232 est,
3222 2173 3316 2219 aut
3339 2163 3513 2233 ipsam
3544 2164 3635 2215 di-

2031 2263 2210 2319 vinam
2234 2277 2503 2330 asserere,
2533 2271 2630 2317 aut
2652 2263 2947 2316 humanam
2973 2270 3209 2325 tantum,
3237 2268 3333 2313 aut
3365 2268 3635 2327 utrasque

2030 2357 2174 2412 inter
2199 2371 2322 2413 sese
2350 2356 2671 2412 immutatus
2696 2354 2889 2423 fuisse,
2907 2364 3002 2410 aut
3018 2354 3328 2425 composita
3353 2370 3459 2408 una
3476 2354 3634 2408 exsi-

2028 2458 2208 2506 stente
2229 2449 2432 2506 Christi
2466 2460 2686 2516 natura,
2722 2448 3097 2505 necessarium
3135 2447 3361 2503 omnino
3391 2447 3517 2509 erit,
3542 2447 3628 2501 vel

2031 2543 2395 2613 compositam
2424 2542 2653 2614 reperiri
2689 2543 2870 2599 Patris
2908 2548 3187 2607 naturam,
3223 2552 3283 2597 ut
3312 2541 3368 2596 in
3423 2550 3643 2607 natura,

2029 2635 2241 2706 aequale
2264 2636 2426 2691 etiam
2455 2644 2578 2706 post
2608 2636 2869 2691 unionem
2903 2633 3111 2690 Christi
3151 2649 3277 2689 cum
3305 2649 3372 2689 eo
3392 2648 3626 2689 conser-

2027 2737 2186 2782 vetur
2223 2745 2236 2781 :
2270 2727 2354 2783 vel
2375 2727 2419 2782 si
2445 2728 2498 2783 id
2522 2743 2632 2783 non
2667 2735 2771 2793 est,
2808 2736 3030 2798 propter
3053 2725 3477 2798 blasphemiam,
3513 2741 3623 2780 non

2027 2819 2135 2874 erit
2164 2820 2326 2876 Pater
2364 2820 2612 2890 ejusdem
2654 2829 2867 2875 natura
2919 2835 3045 2874 cum
3074 2818 3235 2885 Filio,
3264 2818 3410 2889 quod
3454 2818 3619 2872 etiam

2031 2911 2429 2982 blasphemiam
2471 2928 2689 2967 onmem
2712 2921 3027 2983 exsuperat.
3072 2912 3153 2967 Tu
3185 2911 3372 2983 igitur,
3423 2919 3481 2963 ut
3524 2909 3622 2963 tibi

2030 3003 2235 3058 videris
2291 3012 2741 3074 argumentorum
2812 3002 2922 3058 vim
2971 3002 3172 3067 vitans,
3241 2999 3618 3056 diversitatem

2032 3094 2259 3149 unionis
2288 3094 2592 3151 secundum
2619 3092 3029 3158 confusionem,
3054 3101 3110 3148 et
3151 3106 3262 3146 non
3314 3087 3622 3146 secundum

2031 3185 2421 3241 confusionem
2502 3186 2557 3240 in
2626 3185 2867 3241 medium
2935 3183 3208 3250 attulisti,
3270 3184 3428 3254 quasi
3496 3182 3626 3238 inde

2033 3293 2254 3349 quoque
2288 3288 2340 3334 te
2382 3279 2659 3335 immerito
2690 3278 3188 3335 calumniaremur.
3222 3275 3482 3333 Scribere
3518 3277 3623 3331 ita-

2030 3387 2138 3443 que
2160 3388 2258 3428 nos
2291 3387 2461 3427 unam
2504 3372 2557 3427 in
2591 3373 2755 3428 aliam
2791 3381 3048 3428 naturam
3076 3371 3423 3426 immutatam
3450 3370 3624 3425 fuisse

2029 3465 2098 3521 ab
2125 3465 2214 3533 iis,
2236 3465 2330 3535 qui
2365 3480 2486 3521 eam
2518 3465 2828 3522 secundum
2872 3463 3212 3521 infusionem
3242 3461 3444 3518 factam
3494 3475 3620 3517 esse

2030 3556 2275 3621 tradunt,
2301 3571 2411 3611 non
2460 3556 2740 3612 abhorret.
2773 3554 2972 3611 Verum
3002 3552 3294 3625 consequi,
3330 3561 3426 3609 aut
3463 3567 3622 3607 com-

2032 3649 2262 3720 positam
2292 3648 2387 3704 Dei
2418 3658 2473 3705 et
2498 3648 2677 3704 Patris
2739 3657 2994 3704 naturam
3029 3647 3280 3719 reperiri,
3309 3646 3456 3718 quod
3498 3652 3625 3715 post

2033 3741 2290 3797 unionem
2315 3739 2576 3797 Christus
2613 3740 2861 3809 ejusdem
2904 3749 3117 3795 natura
3150 3747 3206 3793 et
3253 3738 3507 3795 essentia
3543 3744 3637 3793 est.

2031 3841 2087 3888 et
2121 3832 2367 3889 creditur
2404 3847 2530 3888 eum
2582 3830 2693 3888 Deo
2737 3842 2786 3887 et
2843 3831 3023 3897 Patre,
3071 3842 3127 3888 at
3182 3831 3230 3888 si
3282 3831 3337 3886 id
3403 3841 3630 3901 propter

2034 3926 2432 3997 blasphemiam
2477 3939 2588 3979 non
2618 3926 2976 3990 concedatur,
3007 3924 3293 3981 Christum
3340 3938 3450 3978 non
3503 3938 3629 3979 esse

2030 4019 2278 4090 ejusdem
2313 4018 2568 4076 essentia
2593 4034 2718 4074 cum
2762 4017 2873 4075 Deo
2901 4027 3026 4089 post
3077 4018 3363 4085 unionem,
3396 4018 3540 4085 quod
3573 4028 3629 4072 et

2032 4115 2212 4184 ipsum
2274 4121 2331 4168 et
2376 4113 2733 4183 blasphemia
2771 4120 2827 4166 et
2877 4110 3095 4182 ineptia
3123 4109 3392 4166 universa
3422 4109 3625 4165 limites

2031 4205 2270 4262 excedit.
2297 4204 2436 4260 Cum
2461 4213 2644 4261 autem
2682 4213 2738 4260 et
2766 4205 2820 4258 in
2846 4212 3044 4258 natura
3087 4209 3211 4275 post
3239 4202 3500 4256 unionem
3546 4201 3627 4256 in-

2030 4298 2261 4356 cmtfuse
2299 4307 2356 4355 et
2421 4298 2839 4354 immutabiliter
2904 4299 3077 4362 unita,
3157 4295 3623 4366 quemadmodum

2032 4392 2208 4447 oratio
2236 4391 2710 4447 demonstratione
2724 4406 2789 4445 ex
2810 4390 3030 4447 homine
3053 4389 3338 4460 desumpta
3362 4389 3625 4455 ostendit,

2036 4484 2178 4539 idem
2212 4484 2515 4539 absurdum
2570 4483 3071 4554 blasphemumqne
3132 4480 3422 4545 inferatur,
3474 4480 3629 4535 nulla

326 4571 391 4624 τὸ
437 4572 638 4625 ἄτοπον
685 4570 780 4623 ml.
825 4568 1144 4640 βλάσφημον
1181 4567 1537 4637 συνάγοντος,
1573 4565 1825 4637 οὐδαμῶς
1858 4565 1925 4618 ἂν

2038 4576 2154 4647 ipse
2185 4577 2396 4631 ratione
2424 4576 2883 4646 reprehensiones
2906 4583 3129 4630 nostras
3164 4572 3413 4643 elfngies,
3460 4572 3627 4627 unius

325 4664 458 4726 τοὺς
507 4661 637 4732 παρ’
687 4661 846 4732 ἡμῶν
892 4661 1148 4731 ἐλέγχους
1181 4660 1478 4731 ἐκφύγοις,
1530 4660 1659 4730 μιᾶς
1713 4659 1929 4728 φύσεως

326 4755 424 4808 τὸν
456 4753 693 4825 Χριστὸν
727 4754 1095 4824 δογματίζων,
1127 4752 1225 4807 καὶ
1259 4751 1571 4821 ἁσύγχυτον
1600 4750 1698 4822 τὴν
1738 4753 1931 4804 ἐνωσιν

324 4845 637 4913 δοξάσειας.
680 4846 740 4898 '0
770 4847 928 4915 λόγος
969 4846 1079 4916 γὰρ
1120 4844 1463 4917 ἑκατέρωθεν
1497 4843 1746 4909 ἀπέδειξε
1796 4843 1931 4915 πρὸς

326 4938 393 4992 τὸ
436 4937 638 4999 ἄτοπον
669 4940 766 4991 ml.
804 4937 1127 5009 βλάσφημον
1162 4939 1517 5006 συνάγεσθαι.
1562 4937 1840 5000 Ὡσαύτως
1873 4936 1931 4989 δὲ

327 5025 454 5080 οὐδὲ
490 5026 523 5096 ὴ
556 5026 665 5080 τῶν
698 5027 1165 5097 παραδειγμάτων
1199 5027 1539 5098 προσαγωγὴ
1581 5027 1716 5096 πρὸς
1750 5027 1931 5096 παρά-

329 5134 524 5172 στασιν
546 5120 644 5190 τῆς
674 5122 824 5191 παρά
855 5121 949 5175 σοῦ
979 5120 1345 5190 δοξαζομένης
1375 5121 1504 5190 μιᾶς
1537 5118 1773 5188 φύσεως,
1807 5118 1928 5173 καθ’

325 5212 527 5266 ἐνωσιν
564 5212 873 5284 ἀσύγχυτον
899 5215 1305 5284 γεγενημένης,
1342 5212 1519 5282 ὀρθῶς
1565 5211 1797 5282 ἐλήφθη.
1849 5211 1930 5265 Τά

331 5307 433 5378 μὲν
467 5307 576 5377 γὰρ
608 5306 701 5359 ἐπὶ
735 5306 1054 5377 καθαιρέσει
1080 5310 1181 5378 τῆς
1207 5308 1338 5378 μιᾶς
1379 5306 1638 5360 συνθέτου
1680 5305 1926 5374 φύσεως,

331 5401 427 5453 καὶ
471 5399 567 5453 τοῦ
603 5400 697 5453 σοῦ
739 5399 1015 5471 δόγματος
1046 5400 1281 5468 ἔνεισιν,
1313 5394 1427 5454 οἷον
1471 5401 1500 5452 ὁ
1541 5398 1746 5469 χρυσὸς
1791 5398 1928 5468 μετά

333 5492 511 5563 πυρὸς
543 5493 919 5564 μεμιγμένος·
950 5493 1170 5558 πάντως
1195 5493 1277 5547 ὅτι
1309 5493 1367 5546 ἐν
1395 5495 1463 5563 τῇ
1497 5491 1603 5562 ἰδίᾳ
1631 5491 1928 5544 ὑποστάσει

332 5589 361 5640 6
387 5586 588 5659 χρυσὸς
612 5587 674 5640 τὸ
695 5585 808 5657 πῦρ
828 5586 1316 5658 δεχόμενος,’ποιεῖ
1337 5586 1592 5641 σύνθετον
1608 5586 1927 5650 ὑπόστασιν,

334 5676 430 5732 δύο
462 5676 657 5749 φύσεις
692 5677 945 5748 ἔχουσαν,
978 5681 1079 5750 τήν
1116 5696 1173 5733 τε
1201 5679 1294 5733 τοῦ
1330 5677 1533 5751 χρυσοῦ
1570 5679 1662 5732 καὶ
1699 5679 1793 5732 τοῦ
1825 5695 1929 5731 πυ-

338 5771 455 5841 ρὸς,
482 5770 511 5824 δ
539 5771 637 5826 καὶ
665 5773 908 5825 πλεῖστοι
930 5776 1255 5843 περιφανεῖς
1285 5774 1378 5827 ml.
1409 5771 1661 5844 θεοφόροι
1685 5771 1929 5841 Πατέρες

336 5864 418 5930 εἰς
444 5864 792 5937 παράστασιν
822 5864 931 5919 τῶν
965 5865 1060 5920 δύο
1089 5867 1308 5935 φύσεων
1336 5866 1444 5922 τῶν
1485 5868 1542 5921 ἐν
1566 5865 1646 5938 τῷ
1676 5866 1754 5922 ἐνί
1789 5867 1928 5937 Χρι-

659 5963 934 6027 ΡΔτΒοι..
971 5962 1091 6026 Gn.
1143 5964 1266 6027 CV.

2039 4679 2248 4724 natura
2278 4667 2563 4724 Christum
2596 4676 2880 4734 astruens,
2911 4666 3043 4722 licet
3084 4664 3434 4721 inconfusam
3469 4665 3631 4720 unio-
3702 4700 3705 4703 -

2043 4775 2168 4814 nem
2208 4761 2533 4817 asserueris.
2578 4759 2768 4815 Oratio
2816 4759 3020 4833 etenim
3047 4756 3308 4827 utrinque
3350 4758 3622 4824 absonum

2039 4852 2542 4924 blasphemumque
2593 4852 2777 4924 colligi
2835 4852 3257 4909 demonstravit.
3320 4850 3413 4907 Sic
3461 4852 3629 4907 etiam

2035 4946 2283 5017 exempla
2331 4962 2362 5001 a
2408 4956 2461 5002 te
2513 4946 2749 5001 adducta
2802 4946 2871 5001 ad
2926 4945 3393 5015 comprobandam
3460 4959 3630 5000 unam

2036 5047 2317 5107 naturam,
2350 5053 2515 5109 quam
2542 5038 2659 5108 ipse
2682 5038 2881 5095 statuis
2918 5047 3043 5109 post
3071 5039 3331 5093 unionem
3372 5036 3627 5093 inconfu-

2034 5145 2150 5184 sam
2197 5129 2422 5197 factam,
2475 5130 2619 5184 haud
2671 5141 2825 5186 recte
2867 5130 3118 5187 instituta
3165 5140 3295 5186 sunt
3328 5149 3341 5186 :
3371 5129 3625 5201 quadam

2034 5223 2182 5277 enim
2220 5239 2382 5278 unam
2407 5224 2776 5292 compositam
2806 5232 3064 5279 naturam
3114 5232 3380 5293 tuumque
3422 5222 3625 5299 dogma

2035 5313 2411 5383 proscribunt,
2438 5323 2495 5369 ut
2524 5314 2858 5386 aurum‘igni
2881 5315 3185 5371 immistum
3208 5318 3372 5371 :‘cum
3403 5313 3630 5368 omnino

2034 5423 2231 5463 aurum
2250 5407 2302 5462 in
2324 5407 2544 5478 propria
2564 5406 2843 5478 hypostasi
2865 5408 3045 5479 ignem
3067 5406 3343 5476 accipiens
3357 5407 3630 5474 composi-

2035 5506 2145 5554 tam
2160 5501 2496 5571 hypostasim
2524 5496 2740 5563 efﬁciat,
2759 5498 2899 5554 duas
2930 5504 3155 5552 naturas
3174 5495 3485 5559 habentem,
3507 5494 3625 5549 auri

2034 5599 2089 5644 et
2112 5589 2276 5660 ignis,
2312 5588 2457 5660 quod
2482 5587 2729 5658 plerique
2753 5587 2920 5643 etiam
2953 5584 3319 5657 eijatribus,
3343 5583 3515 5639 divini
3547 5584 3625 5639 illi

2034 5696 2167 5738 sane
2244 5696 2309 5736 ac
2389 5680 2773 5751 percelebres,
2835 5679 2905 5735 ad
2971 5676 3419 5749 comprobandas
3484 5677 3626 5734 duas

2034 5785 2260 5830 naturas
2324 5774 2380 5829 in
2462 5788 2575 5829 uno
2646 5772 2903 5841 Christo,
2987 5785 3093 5827 una
3175 5770 3388 5828 scilicet
3450 5770 3628 5843 hypo-

2033 5867 2166 5927 stasi
2187 5908 2202 5936 ,
2230 5866 2471 5940 propriis
2502 5865 2918 5924 commentariis
2958 5873 3300 5938 usurparunt
3326 5883 3341 5921 :
3393 5864 3502 5922 alia
3530 5864 3629 5920 ab-

3191 5959 3270 6021 21
