4064 6388
513 394 613 459 651

1782 379 2078 442 meam
2115 350 2523 440 ‘BYZANTINI

3688 371 3800 437 652

517 511 740 564 horrent
785 503 854 558 ab
913 498 1204 557 inconfnsa
1271 507 1327 554 et
1391 496 1718 553 immutabili
1783 507 2102 550 naturarum

2216 495 2340 565 στῷ,
2372 496 2542 564 ἧγουν
2583 493 2650 562 τῇ
2684 491 2786 562 μιᾷ
2825 489 3124 544 ὑποστάσει
3167 487 3225 542 ἐν
3253 489 3368 552 τοῖς
3400 486 3624 552 οἰκείοις
3664 503 3803 556 συγ-

517 600 747 663 unione;
785 610 960 665 neque
983 594 1128 648 enim
1156 592 1428 663 quispiam
1457 600 1602 646 recte
1640 589 1987 646 sentientium
2023 587 2107 642 luo

519 707 641 745 tuen
670 705 795 744 cum
833 688 1058 759 proprio
1091 689 1247 741 radio
1277 685 1532 755 componi
1561 685 1726 738 dicet.
1755 681 1914 738 Nulla
1958 681 2103 736 enim

518 798 700 836 rerum
735 798 858 835 cum
897 780 1118 852 proprio
1147 790 1293 845 actu,
1325 780 1440 833 sive
1468 793 1592 832 cum
1624 775 1816 831 effectu
1859 792 1961 831 suo
2004 791 2104 830 un-

521 886 682 942 quam
707 872 958 941 componi
993 871 1216 926 dicitur.
1258 869 1518 936 Quinimo
1577 883 1754 938 neque
1799 866 2001 934 anima,
2053 873 2108 920 et

521 969 688 1024 homo
749 967 983 1022 similem
1037 966 1200 1020 habet
1252 965 1512 1018 unionem
1577 962 1927 1018 inconfnsam
1978 976 2106 1016 cum

519 1075 602 1124 ca,
646 1075 768 1125 qure
821 1058 1023 1113 Christi
1069 1065 1171 1112 est.
1235 1055 1393 1122 Quod
1424 1070 1592 1126 supra
1654 1056 2099 1110 demonstratum

519 1161 626 1216 est,
657 1152 918 1222 quoniam
952 1149 1149 1205 anima:
1193 1149 1361 1205 simul
1413 1165 1522 1203 una
1572 1147 1850 1215 subsistit,
1899 1146 2106 1202 Christi

521 1260 651 1299 vero
674 1244 782 1298 alio
813 1243 996 1298 modo.

597 1507 682 1562 t9.
716 1505 929 1561 Rursus
952 1503 1006 1560 in
1033 1503 1267 1576 epistola
1307 1513 1423 1570 tua,
1463 1503 1622 1573 quasi
1654 1517 1963 1560 sermonem
2019 1517 2111 1558 ex-

524 1601 770 1669 cipiens,
803 1599 1000 1669 objicis
1039 1617 1052 1653 :
1091 1599 1248 1654 Circa
1275 1599 1416 1670 quod
1445 1597 1640 1652 Patres
1667 1613 1768 1649 non
1798 1595 2110 1650 convenien-

517 1701 635 1757 tes,
692 1691 937 1760 partibus
1004 1691 1362 1756 studuerunt,
1412 1689 1714 1742 mistionem
1756 1696 1998 1742 vocantes
2061 1695 2111 1742 et

513 1789 784 1855 unionem,
837 1787 977 1856 quod
1015 1787 1194 1840 mistio
1253 1785 1641 1855 separationem
1681 1781 1886 1836 nullam
1931 1781 2110 1847 habet,

497 1895 680 1949 neque
712 1879 841 1932 uuio
895 1877 1208 1931 divisionem
1256 1877 1392 1941 μαι
1421 1892 1512 1946 per
1541 1875 1652 1929 lucc
1712 1873 1868 1927 verba
1919 1871 2113 1928 Patres

496 1971 685 2025 locuti
707 1981 831 2024 sunt
857 1986 875 2023 :
898 1969 1342 2040 quemadmodum
1372 1969 1513 2022 enim
1540 1977 1788 2036 separata
1824 1966 1982 2019 mista
2013 1982 2116 2019 non

515 2063 767 2116 dicuntur
792 2103 808 2129 ,
853 2063 930 2115 ita
972 2077 1064 2116 nec
1105 2064 1264 2115 mista
1303 2061 1557 2113 dicuntur
1588 2067 1858 2127 separata.
1921 2057 2116 2122 Quem-

515 2156 804 2209 admodum
843 2155 1190 2223 proprietates
1239 2155 1484 2207 unionem
1525 2152 1738 2220 tollunt,
1764 2153 1842 2205 ita
1887 2160 1936 2205 et
1990 2153 2114 2204 unio

515 2248 770 2318 opprimit
823 2249 1194 2317 proprietates.
1235 2247 1294 2302 Si
1343 2249 1522 2316 itaque
1585 2262 1686 2299 non
1745 2254 1901 2300 erant
1953 2245 2115 2297 miata

517 2341 797 2410 inconfuse
846 2357 966 2395 cum
1011 2356 1266 2409 corpore,
1314 2355 1478 2410 quare
1536 2339 1720 2392 dicunt
1775 2339 2117 2392 incarnatum

514 2435 680 2502 fuisse
729 2434 754 2486 2
797 2431 856 2487 Si
888 2449 992 2487 non
1034 2441 1151 2486 erat
1201 2433 1386 2486 unitus
1410 2447 1531 2485 cum
1561 2432 1917 2493 humanitate,
1951 2444 2118 2500 quare

511 2525 717 2590 dicunt,
759 2541 879 2580 eum
927 2524 1186 2578 hominem
1219 2521 1768 2594 assumpsisseﬂlaac
1816 2537 1942 2576 cum
1995 2519 2117 2574 nul-

513 2606 623 2674 lius
651 2618 1112 2674 cornsiderationis
1141 2617 1274 2685 sint,
1301 2617 1447 2687 quod
1490 2616 1626 2672 satis
1647 2615 1862 2671 abunde
1888 2615 1940 2668 in
1964 2622 2116 2668 ante-

512 2712 837 2768 cedentibus
866 2727 895 2766 a
926 2711 1084 2766 nobis
1113 2711 1384 2765 dissoluta
1436 2717 1583 2774 sunt,
1617 2723 1811 2782 parum
1842 2707 2002 2761 nobis
2053 2706 2120 2760 de

449 2841 458 2846 -
521 2804 634 2859 illis
671 2803 980 2858 curandum
1031 2811 1138 2857 est.
1198 2801 1469 2857 Cancrum
1521 2817 1588 2855 ne
1623 2799 1712 2854 cui
1747 2799 2120 2869 iactabundus

515 2896 850 2966 superbias,
910 2895 1177 2950 brevibus
1233 2893 1652 2962 respondemus.
1687 2892 1871 2948 Sancti
1929 2890 2120 2946 Patres

517 2986 774 3040 unionem
831 2994 887 3038 et
919 2983 1228 3040 mistiouem
1281 2983 1337 3037 in
1371 2983 1592 3039 Christo
1658 2981 2008 3038 inconiusam
2064 2989 2120 3035 et

514 3074 916 3130 immutabilem
971 3075 1207 3132 duarum
1238 3089 1362 3144 quae
1426 3055 1830 3130 concurrerunt
1891 3081 2118 3127 natura-

2207 587 2534 659 γράμμασιν
2559 585 2950 640 ὲντεθείκασιν·
2981 583 3047 638 τὰ
3069 583 3125 636 δὲ
3148 582 3408 637 ἀπέοικεν
3438 583 3502 634 ὲκ
3526 581 3627 650 τῆς
3657 581 3805 634 κατὰ

2209 683 2445 754 Χριστὸν
2476 679 2783 750 ἁσυγχύτου
2818 679 2914 732 καὶ
2957 678 3234 748 ἁτρέπτου
3262 675 3372 729 τῶν
3399 675 3617 744 φύσεων
3661 672 3806 727 ἑνώ-

2211 790 2371 837 σεως.
2399 773 2474 826 Τὸ
2511 773 2607 843 μὲν
2628 772 2737 844 γάρ
2772 772 2910 842 μετὰ
2931 774 3030 841 τῆς
3061 770 3195 833 ἰδίας
3217 770 3442 828 ἀκτῖνος
3485 768 3661 829 οὐδεὶς
3691 766 3808 818 τῶν

2210 865 2269 922 εὖ
2297 865 2639 939 φρονούντων
2669 864 3042 920 συντεθεῖσθαι
3071 864 3317 932 φήσειεν,
3345 861 3513 914 Οὐδὲν
3537 859 3646 932 γὰρ
3690 859 3808 911 τῶν

2209 960 2378 1013 ὄντων
2421 959 2539 1030 μετ’
2569 959 2778 1021 οἰκείας
2813 957 3096 1027 ἐνεργείας
3121 995 3136 1021 ,
3176 955 3208 1024 ἢ
3249 953 3344 1007 τοῦ
3376 953 3434 1019 ἐξ
3475 952 3639 1006 αὐτοῦ
3667 953 3810 1004 ἀπο.

2208 1059 2542 1128 τελέσματος
2592 1053 2808 1125 λέγεταί
2857 1070 2988 1106 ποτε
3037 1050 3395 1120 συγκεῖσθαι,
3438 1049 3554 1102 ἀλλ’
3594 1047 3716 1101 οὐδὲ
3775 1050 3810 1117 ἡ

2208 1152 2355 1223 ψυχὴ
2395 1151 2490 1205 καὶ
2531 1152 2560 1203 ό
2601 1148 2893 1219 ἄνθρωπος
2933 1143 3128 1216 ὁμοίαν
3168 1142 3281 1213 ἔχει
3314 1141 3414 1213 τὴν
3455 1140 3577 1194 καθ’
3605 1140 3810 1193 ἕνωσιν

2211 1248 2520 1316 άσύγχυτον
2559 1243 2696 1314 πρὸς
2732 1240 2832 1312 τὴν
2876 1237 3020 1292 κατὰ
3064 1235 3318 1308 Χριστόν.
3345 1235 3387 1285 Τ
3390 1234 3508 1286 cuti.
3552 1231 3662 1301 γὰρ
3706 1233 3811 1283 καὶ

2211 1335 2627 1408 προδέδεικται,
2659 1334 2743 1385 ὅτι
2783 1333 2817 1402 ὴ
2867 1329 2967 1400 μὲν
3011 1328 3112 1400 τῆς
3155 1325 3335 1397 ψυχῆς
3383 1322 3810 1385 συνυποστάτως

2213 1425 2462 1495 γέγονεν,
2497 1426 2532 1495 ἡ
2561 1423 2618 1477 δὲ
2644 1421 2870 1492 ἑτέρως.

2287 1517 2374 1572 ιθ’.
2406 1517 2577 1570 Πάλιν
2604 1513 2662 1568 δὲ
2699 1515 2759 1567 ὲν
2787 1510 2867 1583 τῷ
2914 1506 3212 1580 γράμματί
3256 1522 3349 1559 σου
3382 1502 3808 1572 ἁνθυποφερων,

2211 1610 2448 1682 γράφεις
2485 1625 2498 1641 ο
2538 1607 2682 1678 Περί
2723 1623 2780 1660 τι
2809 1607 2863 1660 οι
2891 1602 3150 1671 Πατέρες
3177 1601 3247 1654 ὲν
3279 1597 3571 1668 διαφωνία
3604 1596 3812 1649 ἐπολι-

2212 1704 2537 1771 τεύθησαν,
2573 1699 2744 1772 μίξιν
2765 1699 2857 1766 δὴ,
2880 1697 3150 1766 ὶέγοντες
3183 1692 3283 1747 καὶ
3312 1692 3556 1756 ἕνωσιν,
3586 1689 3736 1743 διότι
3767 1689 3808 1757 ἡ

2209 1794 2330 1865 μὲν
2349 1793 2515 1864 μίξις
2542 1792 2847 1862 χωρισμόν
2875 1792 2984 1844 οὐκ
3013 1787 3161 1857 ἔχει.
3190 1785 3334 1839 οὐδὲ
3360 1784 3398 1850 ἡ
3434 1783 3652 1847 ἓνωσις
3683 1780 3810 1833 δια-

2217 1885 2532 1956 σπασμὸν,
2563 1885 2725 1938 ἀλλὰ
2752 1882 2849 1936 διὰ
2873 1881 3102 1934 τούτων
3131 1877 3249 1931 τῶν
3268 1875 3553 1946 ῥημάτων
3583 1872 3809 1937 ἐλάλη-

2217 1995 2341 2034 σαν
2375 1981 2428 2033 οἱ
2467 1977 2727 2045 Πατέρες
2749 2015 2763 2038 ,
2821 1974 2910 2028 ὅτι
2950 1973 3156 2040 ὥσπερ
3190 1971 3260 2024 τὰ
3293 1966 3711 2038 κεχωρισμένα
3740 1965 3806 2016 οὐ

2218 2073 2500 2140 λέγονται
2533 2067 2889 2140 μεμιγμένα,
2926 2066 3118 2131 οὕτως
3170 2061 3312 2117 οὐδὲ
3358 2061 3432 2114 τὰ
3475 2054 3802 2128 μεμιγμένα

2215 2166 2496 2235 λέγονται
2538 2161 2976 2230 κεχωρισμένα⁹
3028 2158 3231 2226 ὥσπερ
3261 2157 3322 2209 αι
3367 2153 3660 2220 ἰδιότητες
3695 2148 3806 2214 τὴν

2217 2256 2440 2310 ἕνωσιν
2465 2256 2842 2323 ἐπαίρουσιν,
2875 2252 3063 2316 οὕτως
3096 2249 3193 2302 καί
3233 2250 3270 2316 ἡ
3301 2247 3520 2311 ἓνωσις
3571 2240 3806 2311 συγχὼ-

2217 2366 2309 2403 νει
2346 2347 2455 2414 τὰς
2495 2347 2818 2414 ἰδιότητας.
2870 2347 3006 2398 Ἐὰν
3055 2338 3169 2399 οὖν
3217 2343 3328 2395 οὐκ
3361 2337 3440 2408 ἦν
3479 2335 3808 2406 μεμιγμένα

2219 2441 2578 2511 ἀσιντχύτως
2603 2439 2754 2511 μετὰ
2783 2437 2890 2493 τοῦ
2925 2438 3222 2506 σώματος,
3269 2434 3369 2488 διὰ
3399 2432 3454 2486 τί
3495 2431 3808 2498 λέγουσιν,

2220 2533 2310 2588 ὅτι
2352 2532 2700 2600 ἐσαρκώθη;
2734 2533 2803 2585 El
2834 2529 2904 2583 δὲ
2937 2531 3050 2583 οὐκ
3098 2524 3176 2598 ἦν
3217 2524 3459 2590 ἐνωθείς
3499 2523 3652 2592 μετὰ
3699 2519 3810 2586 τὴν

2220 2621 2782 2688 ἀνθρωπότητα,’διὰ
2806 2620 2863 2673 τί
2885 2619 3197 2689 λέγουσιν,
3227 2617 3316 2670 ὅτι
3344 2613 3811 2680 ἐνηνθρώ.τησε;

2220 2713 2410 2768 Ταῦτα
2443 2712 2542 2783 μὲν
2583 2710 2798 2774 οὐδενὸς
2843 2710 3004 2778 λόγου
3039 2709 3168 2773 seu
3209 2707 3360 2771 ὅντα,
3399 2706 3487 2759 διὰ
3517 2705 3578 2757 τὸ
3609 2702 3809 2764 ἱκανῶς

2221 2805 2282 2858 ὲν
2310 2805 2422 2867 τοῖς
2456 2800 2768 2873 ἔμπροσθεν
2814 2799 2948 2871 παρ’
2977 2799 3134 2871 ἡμῶν
3168 2794 3561 2867 προλελῦσθαι,
3609 2795 3809 2864 ἥκιστα

2222 2898 2353 2970 περὶ
2383 2895 2592 2949 τούτων
2637 2892 3008 2965 φροντιστέον.
3056 2889 3202 2961 Πλὴν
3236 2884 3329 2942 οὖν
3365 2889 3413 2940 si
3447 2889 3521 2957 μή
3557 2903 3636 2954 τῳ
3684 2883 3808 2953 δόξῃ

2220 2984 2724 3058 καταϐρενθύεσθαι
2767 2987 2824 3038 ὲν
2867 2981 3083 3046 τούτοις
3125 2982 3213 3035 διὰ
3269 2979 3517 3051 βραχέων
3551 2977 3804 3046 λέγομεν.

2221 3082 2283 3134 Οί
2318 3081 2415 3150 μὲν
2444 3073 2538 3132 οὖν
2563 3077 2710 3147 ἅγιοι
2745 3076 2988 3147 Πατέρες
3012 3075 3207 3128 ’ἐνωσιν
3241 3071 3338 3126 καὶ
3368 3072 3516 3140 μίξιν
3551 3071 3644 3122 ἐπὶ
3673 3070 3805 3140 Χρι-

514 3183 661 3230 rum.
695 3168 914 3223 deitatis
943 3176 996 3222 et
1027 3167 1410 3232 humanitatis,
1446 3173 1780 3231 astruentes,
1808 3164 2112 3220 secundum

2223 3168 2352 3223 στοῦ
2389 3167 2700 3238 ἁσύγχυτον
2741 3165 2835 3220 καὶ
2866 3165 3137 3236 ἄτρεπτον
3172 3163 3280 3216 τῶν
3321 3161 3415 3215 δύο
3452 3159 3670 3229 φύσεων
3699 3157 3805 3209 τῶν

513 3261 853 3332 hypostasim
899 3271 955 3320 et
1003 3261 1400 3328 essentialiter,
1430 3260 1632 3317 factam
1666 3262 1722 3314 in
1747 3275 1857 3314 uno
1890 3259 2114 3313 Christo

514 3360 790 3416 asserunt,
822 3366 1052 3421 eosque,
1116 3351 1212 3421 qui
1241 3361 1368 3408 actu
1398 3361 1453 3407 et
1476 3350 1804 3407 exsistentia
1850 3350 1988 3405 duas
2016 3362 2116 3402 na-

517 3453 672 3498 turas
721 3457 818 3513 per
863 3450 1050 3512 partes
1116 3450 1172 3497 et
1221 3441 1441 3499 divisim
1499 3447 1790 3511 ponerent,
1821 3455 1887 3495 ex
1915 3439 2116 3510 quibus

516 3544 638 3591 erat
668 3535 874 3606 impius
931 3532 1238 3600 Nestorius,
1278 3548 1442 3604 quem
1473 3541 1596 3603 post
1644 3547 1897 3602 magnam
1939 3531 2116 3586 rixam

515 3639 685 3700 atque
767 3627 1176 3684 contentionem
1246 3626 1594 3681 anathemate
1650 3623 1862 3694 _merito
1918 3635 2116 3692 percu-

519 3721 721 3786 lerunt,
753 3717 1165 3774 condemnant:
1197 3730 1436 3784 namque
1482 3721 1636 3769 unlta
1675 3711 1978 3768 secundum
2015 3711 2119 3780 by-

523 3811 789 3881 postasim
821 3816 876 3864 et
917 3806 1308 3874 essentialiter,
1360 3805 1615 3876 privatim
1677 3812 1731 3860 et
1791 3817 1890 3873 per
1933 3809 2117 3872 partes

515 3912 773 3972 separata
803 3899 1041 3970 disjungi
1075 3913 1184 3954 non
1225 3906 1479 3969 possunt,
1517 3893 1980 3967 quemadmodum
2011 3893 2120 3948 dis-

511 3996 703 4066 juncta
725 4003 848 4050 actu
885 4001 940 4049 et
971 4007 1066 4062 per
1090 4001 1296 4063 partes,
1328 3991 1593 4046 unionem
1624 3989 1926 4044 secundum
1948 3987 2119 4058 hypo-

517 4089 708 4147 stasim
753 4097 809 4145 ct
853 4086 1206 4144 cssentialem
1238 4085 1442 4142 habere
1488 4101 1598 4141 non
1637 4093 1892 4155 possunt.
1937 4081 2118 4149 Quare

517 4198 621 4240 nos
670 4181 807 4237 nihil
856 4181 986 4246 tale,
1041 4179 1178 4238 duas
1239 4188 1498 4244 naturas,
1565 4185 1621 4234 et
1686 4178 1824 4234 duas
1871 4177 2118 4248 proprie-

517 4286 659 4332 tates
710 4282 1060 4338 naturarum,
1091 4287 1214 4342 quae
1240 4271 1295 4326 in
1327 4286 1437 4326 uno
1471 4270 1693 4327 Christo
1727 4281 1878 4335 sunt,
1908 4279 2116 4341 partes,

519 4365 956 4432 considerantes,
991 4361 1250 4418 facimus.
1278 4360 1468 4433 Neque
1500 4362 1647 4416 enim
1709 4377 1973 4418 numerus
2030 4376 2118 4417 sea

519 4460 759 4515 cundum
785 4473 845 4514 se
873 4458 1038 4512 rebus
1068 4457 1396 4512 divisionem
1429 4455 1662 4524 inducit,
1697 4471 1873 4527 neque
1903 4471 1993 4512 res
2021 4471 2118 4526 per

520 4568 582 4609 se
611 4551 978 4608 subsistentes
1007 4557 1386 4620 repraesentat.
1423 4547 1613 4619 Neque
1647 4549 1792 4603 enim
1823 4563 1944 4611 nos.
1967 4547 2114 4618 quod
2143 4533 2194 4593 ι)

521 4657 901 4709 numeramus,
925 4651 978 4698 et
1007 4651 1218 4698 tantum
1249 4641 1569 4697 ditl‘erentia:
1600 4641 1830 4704 ratione,
1864 4649 2113 4706 naturas,

521 4745 577 4792 et
601 4750 791 4790 earum
822 4743 1001 4800 actus,
1044 4743 1100 4790 et
1130 4735 1438 4790 voluntates
1495 4733 1709 4789 naturis
1751 4742 2117 4804 congruentes

521 4842 939 4895 asseveramus,
972 4825 1298 4882 divisionem
1333 4825 1638 4881 secundum
1669 4831 1852 4880 actum
1884 4833 1940 4880 et
1979 4826 2119 4880 exsi-

522 4917 778 4976 stentiam
823 4919 880 4973 in
921 4919 1136 4975 naturis
1205 4927 1262 4973 et
1317 4917 1747 4990 proprietatibus
1777 4917 2115 4986 inducimus,

523 5021 584 5067 ut
611 5011 758 5082 quod
796 5026 828 5066 a
865 5021 915 5067 te
979 5011 1260 5077 scribitur,
1312 5011 1493 5066 locum
1549 5009 1767 5066 habeat.
1811 5008 2020 5078 Quodsi
2049 5027 2116 5067 ex

522 5105 612 5173 iis,
645 5120 770 5176 quae.
811 5104 1033 5171 scribis,
1080 5103 1220 5160 nihil
1259 5117 1362 5159 nos
1393 5101 1559 5170 laedit,
1591 5102 1797 5158 frustra
1825 5103 1930 5158 hac
1955 5112 2118 5174 atque

523 5198 652 5256 illac
678 5213 990 5254 sermonem
1029 5199 1228 5272 agitas,
1264 5196 1552 5253 veritatem
1585 5195 1886 5254 infamans.
1909 5197 1977 5254 Et
1999 5197 2117 5255 ιιωο

526 5292 747 5364 quidem
787 5293 863 5349 ita
885 5309 944 5350 se
968 5293 1194 5349 habent.

594 5473 688 5531 20.
717 5472 948 5542 Quando
970 5487 1104 5529 vero
1135 5480 1189 5527 et
1231 5471 1337 5528 hoc
1367 5473 1420 5528 in
1468 5481 1658 5528 nostra
1690 5473 1924 5544 epistola
1980 5475 2118 5530 scri-

523 5569 761 5640 psimus,
789 5566 1294 5623 Chalcedonensem
1323 5566 1594 5637 synodum
1617 5577 1905 5638 propterea
1938 5568 2119 5623 accla-

526 5676 710 5718 masse
740 5677 904 5716 unam
931 5674 1226 5731 personam
1274 5668 1330 5715 et
1357 5675 1524 5715 unam
1571 5661 1937 5732 hypostasim,
1969 5664 2118 5732 quod

527 5764 583 5808 et
617 5753 903 5823 passiones
955 5760 1010 5806 et
1066 5750 1334 5807 miracula
1370 5752 1535 5808 unius
1583 5768 1648 5810 ex
1691 5763 1882 5809 sancta
1935 5753 2117 5810 Trini-

527 5852 658 5908 tate,
707 5845 741 5882 "
945 5844 992 5890 ¹ιῑ
1025 5842 1254 5912 scilicet,
1279 5855 1776 5929 essereputantur,
1799 5856 1856 5926 et
1885 5849 1955 5906 ad
1983 5865 2110 5914 eum

2219 3260 2617 3327 συνελθουσῶν,
2637 3259 2916 3330 θεότητος,
2935 3275 3008 3327 φη
3019 3259 3101 3327 μὶ,
3127 3257 3222 3309 καὶ
3241 3254 3690 3326 ἀνθρωπότητος,
3724 3251 3804 3303 δο-

2217 3355 2602 3427 γματίζοντες,
2637 3352 2882 3425 δηλονότι
2912 3350 3035 3406 καθ’
3069 3350 3371 3403 ὑπόστασιν
3403 3347 3496 3401 καὶ
3535 3344 3808 3407 ούσιωδῶς

2217 3445 2592 3517 γεγενημένην
2639 3447 2696 3499 ὲν
2744 3443 2824 3515 τῷ
2863 3443 2945 3498 ἑνὶ
2986 3441 3210 3513 Χριστῷ
3256 3441 3509 3510 λέγουσι,
3556 3439 3806 3499 καὶτοὺς

2217 3537 2472 3607 ὲνεργείᾳ
2502 3536 2596 3588 καὶ
2625 3535 2858 3604 ὑπάρξει
2888 3534 2988 3598 τὰς
3023 3532 3116 3586 δύο
3153 3531 3346 3600 φύσεις
3384 3531 3488 3586 ἀνὰ
3518 3530 3686 3600 μέρος
3717 3526 3806 3580 καὶ

2217 3628 2390 3700 χωρὶς
2418 3626 2684 3692 τιθέντας,
2712 3628 2740 3681 ὃ
2781 3628 2898 3680 ἐστι
2933 3626 3230 3696 Νεστόριος
3255 3627 3283 3678 ὁ
3320 3623 3641 3694 θεοστυγὴς,
3674 3620 3807 3691 πρὸς

2218 3719 2384 3774 αὐτὸν
2409 3717 2789 3790 διηνέχθησαν,
2819 3718 2914 3772 καὶ
2945 3716 3022 3788 τῷ
3046 3716 3355 3788 ἁναθὲματι
3384 3717 3616 3778 δικαίως
3648 3714 3805 3766 αὑτὸν

2219 3810 2620 3865 καθυπέὸαλον.
2659 3810 2770 3864 Καὶ
2811 3809 2922 3881 γὰρ
2959 3810 3028 3863 τὰ
3058 3809 3320 3880 ἡνωμένα
3351 3807 3474 3861 καθ’
3505 3807 3805 3860 ὑπόστασιν

2219 3903 2315 3958 καὶ
2341 3901 2636 3968 οὺσιωδῶς,
2659 3900 3050 3972 κεχωρισμένα
3076 3900 3182 3972 ἰδίᾳ
3213 3900 3305 3954 καὶ
3336 3898 3438 3952 ἀνὰ
3471 3898 3638 3969 μέρος
3669 3893 3806 3949 εἶναι

2219 3998 2504 4065 ἀδύνατον,
2542 3998 2734 4068 ὥσπερ
2765 3998 2862 4051 καὶ
2903 3996 2974 4050 τὰ
3016 3995 3402 4068 κεχωρισμένα
3445 3991 3679 4064 ὑπάρξει
3716 3989 3806 4044 καὶ

2219 4093 2472 4165 ἐνεργείᾳ
2517 4091 2612 4146 καὶ
2660 4090 2764 4146 ἀνὰ
2815 4090 3015 4162 μέρος,
3056 4091 3155 4164 τὴν
3204 4090 3327 4143 καθ’
3363 4087 3664 4141 ὑπόστασιν
3716 4082 3807 4137 καὶ

2219 4185 2454 4257 nomen
2494 4185 2693 4238 ἕνωσιν
2723 4183 2870 4254 ἔχειν
2894 4183 2957 4237 ού
2984 4183 3262 4237 δύνανται.
3311 4179 3612 4250 Τοιγαροῦν
3651 4179 3808 4249 ἡμεῖς

2219 4280 2372 4335 οὐδὲν
2415 4278 2661 4333 τοιοῦτον
2712 4280 2771 4333 ὲν
2797 4277 2876 4351 τῷ
2915 4276 3164 4343 δοξάζειν
3210 4277 3305 4331 δύο
3335 4273 3559 4346 φύσεις,
3592 4275 3687 4328 καὶ¹
3721 4273 3809 4326 δύο

2224 4373 2496 4443 ἰδιότητας
2519 4371 2629 4424 τῶν
2649 4371 2866 4441 φύσεων
2885 4371 2994 4424 τῶν
3020 4372 3079 4424 ἐν
3106 4370 3184 4440 τῷ
3208 4370 3289 4423 ἐνὶ
3317 4369 3540 4441 Χριστῷ
3562 4368 3634 4421 τὰ
3666 4365 3806 4437 μέρη

2220 4464 2688 4536 ἀναθεωροῦντες,
2739 4462 3024 4535 ποιοῦμεν.
3077 4464 3153 4516 Οὐ
3193 4462 3302 4536 γὰρ
3333 4463 3362 4515 ὁ
3418 4460 3652 4532 ἀριθμὸς
3687 4459 3806 4513 καθ’

2220 4557 2386 4611 αὑτὸν
2431 4555 2756 4626 διαιρέσεως
2803 4553 2912 4608 τῶν
2953 4555 3298 4628 πραγμάτων
3333 4554 3451 4608 ἐστὶ
3485 4552 3804 4625 ποιητικὸς,

2219 4648 2342 4703 οὐδὲ
2381 4646 2770 4703 ίδιοσυστάτων
2818 4646 3176 4718 πραγμάτων,
3208 4644 3640 4716 παραστατικός.
3677 4641 3808 4695 nos;

2219 4742 2329 4812 γὰρ
2367 4741 2530 4812 ἡμεῖς
2563 4737 2652 4792 διὰ
2685 4738 2746 4792 τὸ
2779 4738 3035 4809 ἀριθμεῖν
3068 4739 3164 4791 καὶ
3211 4737 3373 4808 μόνον
3405 4736 3484 4806 τῷ
3530 4736 3676 4804 λόγῳ
3713 4733 3810 4803 τῆς

2217 4834 2480 4905 διαφορᾶς
2521 4831 2620 4896 τὰς
2644 4831 2857 4901 φύσεις,
2887 4831 2983 4886 καὶ
3015 4832 3115 4896 τὰς
3148 4830 3354 4885 τούτων
3384 4829 3689 4901 ἐνεργείας,
3721 4827 3811 4880 καὶ

2220 4926 2467 4998 θελήσεις
2493 4924 2850 4996 καταλλήλως
2870 4924 2982 4978 τῶν
3009 4924 3226 4994 φύσεων
3251 4921 3514 4990 δοξάζειν,
3547 4921 3810 4992 διαίρεσιν

2217 5019 2319 5090 τὴν
2353 5016 2474 5072 κατ’
2502 5017 2786 5088 ἐνέργειαν
2813 5017 2908 5070 καὶ
2937 5015 3170 5088 ὓπαρξιν
3198 5015 3291 5068 ἐπὶ
3329 5013 3440 5068 τῶν
3467 5011 3683 5082 φύσεων
3721 5008 3812 5063 καὶ⁵

2218 5109 2328 5164 τῶν
2367 5110 2649 5179 ίδιοτήτων
2696 5108 2954 5179 λέγομεν,
2987 5107 3074 5160 ἵνα
3101 5108 3195 5160 καὶ
3226 5104 3414 5177 χώραν
3452 5104 3514 5157 τὸ
3541 5103 3692 5174 παρὰ
3719 5099 3808 5154 σοῦ

2218 5203 2566 5275 γραφόμενον
2623 5201 2783 5275 λάϐῃ.
2841 5201 2905 5253 Ei
2955 5201 3014 5254 δὲ
3065 5199 3220 5254 οὐδὲν
3262 5191 3337 5252 ὧν
3377 5198 3611 5267 γράφεις
3656 5194 3812 5266 ἡμῶν

2219 5297 2549 5366 ἐφάπτεται,
2587 5295 2766 5365 μάτην
2804 5290 2906 5346 ὧδε
2940 5293 3163 5347 κάκεῖσε
3193 5292 3288 5345 τὸν
3319 5291 3482 5359 λόγον
3507 5291 3677 5351 κινεῖς
3720 5303 3811 5339 συ-

2218 5385 2506 5457 κοφαντῶν
2541 5388 2638 5458 τὴν
2668 5385 2951 5456 ἀλήθειαν.
3003 5387 3113 5438 Καὶ
3141 5382 3315 5436 ταῦτα
3346 5383 3446 5454 μὲν
3480 5383 3539 5435 ὲν
3579 5380 3806 5442 τούτοις.

2292 5487 2360 5534 κ’.
2425 5479 2581 5532 Ἐπεὶ
2635 5477 2694 5532 δὲ
2747 5476 3036 5532 καὶτοῦτο
3083 5479 3144 5532 ἐν
3184 5477 3261 5547 τῷ
3312 5476 3607 5548 γράμματι
3656 5472 3810 5546 ἡμῶν

2220 5570 2632 5643 συνετάξαμεν,
2688 5571 2772 5624 ὅτι
2825 5573 2859 5641 ή
2909 5575 2969 5625 ὲν
3027 5570 3332 5641 Χαλκηδόνι
3389 5571 3524 5639 ἁγία
3593 5567 3812 5630 σύνοδος

2219 5666 2309 5720 διά
2332 5683 2413 5719 τοι
2436 5663 2596 5718 τοῦτο
2623 5663 2968 5734 ἐξεφώνησεν
2994 5665 3052 5717 ἓν
3078 5666 3374 5736 πρόσωπον
3406 5664 3499 5718 καὶ
3521 5663 3653 5733 μίαν
3675 5662 3807 5715 ὑπό-

2222 5775 2428 5822 στασιν,
2464 5756 2552 5810 διὰ
2587 5757 2650 5810 τὸ
2687 5756 2884 5810 καὶτὰ
2939 5758 3086 5830 πάθη
3129 5758 3224 5811 καὶ
3272 5760 3343 5812 τὰ
3405 5756 3664 5827 θαύματα
3712 5754 3806 5808 τοῦ

2219 5851 2340 5916 ἐνὸς
2368 5851 2466 5920 τῆς
2509 5849 2671 5921 ἁγίας
2703 5850 2955 5920 Τριὰδος,
3000 5853 3119 5924 ἤτοι
3151 5851 3244 5906 τοῦ
3289 5851 3427 5906 Θεοῦ
3454 5852 3631 5922 Λόγου
3660 5846 3805 5920 107i.-
