4064 6406
344 370 460 436 653

1204 357 1639 429 REFUTATIO
1664 364 2051 433 EPISTOL/E
2084 364 2318 427 REGIS
2347 366 2738 428 ARMENLE.

3531 369 3640 435 654

343 477 573 545 ζεσθαι,
611 477 706 532 καὶ
742 479 821 544 εἰς
872 476 1036 534 αὑτὸν
1086 478 1432 550 ἀνατρέχειν,
1483 482 1651 544 αὐτὸς
1697 482 1801 535 οὑκ
1837 477 1935 535 οἷδ’

2052 483 2355 548 iecurrunt,
2389 492 2450 537 tu
2481 483 2620 555 ipse,
2673 482 2863 539 nescio
2897 498 3005 555 qua
3047 483 3282 550 ratione,
3324 484 3638 541 inconsulte

340 573 500 636 ὅπως
529 572 769 643 ἀκρίτως
801 573 872 627 τά
901 572 1035 643 παρ’
1073 572 1230 644 ἡμῶν
1273 573 1550 646 ἐπιγελᾷς,
1581 573 1678 627 καὶ
1704 574 1840 646 πρὸς
1862 574 1935 627 τὰ

341 664 633 737 γραφέντα
659 663 983 734 ἀντιλέγεις,
1007 666 1102 718 καὶ
1119 664 1547 737 ἀποθαυμάζων,
1573 659 1679 720 ὧδέ
1700 683 1773 737 πη
1801 665 1941 739 γρά-

343 771 498 827 φεις·
534 754 646 810 Καὶ
687 754 846 810 ἄλλο
895 757 1093 827 θαῦμα
1124 757 1394 828 ἔγνωμεν
1422 757 1493 811 ἐν
1534 755 1616 823 τῷ
1648 757 1944 827 γράμματι

347 867 491 917 σου,
527 848 614 902 ὅτι
657 849 697 918 ri
744 851 1009 917 σύνοδος
1053 851 1167 919 τῆς
1213 849 1606 917 Χαλκηδόνος
1646 850 1718 905 ἐν
1755 850 1945 920 πρόσ-

345 959 519 996 ωπον
555 943 653 996 καί
693 942 803 996 δύο
846 943 1065 1012 φύσεις
1111 941 1215 997 διὰ
1257 943 1438 997 τοῦτο
1485 943 1799 1011 ἐλάλησεν
1853 944 1944 1010 είς

326 1036 635 1103 λΧριστὸν,
679 1035 770 1090 ὅτι
804 1035 884 1101 τῷ
916 1036 1009 1089 ἐνὶ
1050 1037 1220 1115 Λόγῳ
1254 1036 1360 1091 τοῦ
1399 1037 1549 1092 Θεοῦ
1577 1036 1940 1107 λογίζονται,

342 1128 451 1182 καί
470 1127 876 1197 ἀνατρέχουσι
895 1130 964 1182 τὰ
986 1117 1171 1196 πάθή,
1194 1129 1345 1198 πρὸς
1361 1128 1435 1183 ὃν
1455 1134 1488 1185 d
1499 1131 1795 1201 μακάριος
1823 1131 1943 1186 Κύ-

338 1222 565 1289 ριλλος
600 1220 859 1288 δεόντως
905 1220 1358 1291 ἀπελογήσατο.
1389 1224 1599 1289 Ὄντως
1635 1226 1703 1279 τά
1733 1225 1945 1296 ἄμικτα

348 1311 621 1382 μιγνύων,
654 1313 751 1367 καὶ
789 1315 858 1367 τά
899 1314 1146 1386 μηδόλως
1186 1317 1471 1371 κοινωνίαν
1514 1319 1660 1373 κατὰ
1703 1318 1946 1373 διάνοιαν

342 1403 577 1474 ἔχοντα,
623 1405 1000 1477 ὁμοιοτρόπως
1051 1406 1267 1480 λογίζῃ,
1321 1410 1415 1463 καὶ
1446 1410 1558 1463 εἴτε
1609 1409 1774 1477 ἑκὼν,
1834 1412 1946 1465 εἴτε

342 1498 525 1564 ἄκων,
568 1497 702 1561 Θεὸς
749 1497 817 1552 ἂν
862 1498 1032 1569 εἰδείη
1080 1498 1262 1569 μόνος,
1318 1501 1507 1555 καὶτὸ
1542 1502 1800 1572 διάφορον
1847 1503 1948 1573 τῆς

342 1589 515 1662 ἡμῶν
530 1589 770 1662 γραφῆς,
787 1589 883 1643 καὶ
902 1589 1001 1660 τῆς
1030 1590 1122 1643 τοῦ
1148 1582 1445 1664 Νεστορίου
1476 1594 1788 1659 κακονοίας.
1823 1611 1951 1649 συν-

340 1681 487 1750 ῆσαι
524 1682 584 1734 οὑ
627 1679 828 1753 βούλει.
874 1678 1115 1744 Ἐκεῖνος
1167 1682 1268 1752 μὲν
1319 1682 1427 1754 γὰρ
1461 1684 1660 1738 ταυτὸν
1702 1683 1948 1755 οἰόμενος

344 1771 495 1829 εἶναι
527 1774 692 1846 φύσιν
715 1775 811 1829 καὶ
859 1774 1156 1846 πρόσωπον
1183 1774 1281 1829 καὶ
1306 1775 1632 1842 ὑπόστασιν,
1679 1777 1772 1830 καὶ
1799 1777 1851 1830 τί
1885 1777 1945 1831 τὺ

2048 585 2237 631 nostra
2269 574 2549 643 deridens,
2606 576 2828 647 scriptis
2860 578 3216 647 contradicis,
3243 593 3351 635 nec
3383 577 3504 634 sine
3539 581 3640 633 ad-

2047 669 2341 725 miratione
2371 670 2519 725 hunc
2548 669 2606 724 in
2644 671 2867 725 modum
2918 671 3160 741 loqueris
3194 690 3207 726 :
3243 671 3406 726 Aliud
3435 688 3641 743 quoque

2048 763 2406 817 admiratione
2447 778 2553 817 non
2600 762 2883 834 indignum
2919 765 2975 818 in
3008 774 3101 818 tua
3138 763 3363 835 epistola
3393 764 3664 835 legimus,

2047 852 2307 922 synodum
2352 852 2833 908 Chalcedonemem
2894 854 3013 909 ideo
3066 870 3228 908 unam
3276 871 3554 924 personam
3589 868 3639 908 et

2047 946 2184 1001 duas
2218 954 2437 1001 naturas
2469 949 2736 1003 censuisse
2791 949 2846 1003 in
2892 949 3126 1013 Christo,
3150 949 3290 1019 quod
3338 946 3429 1002 mii
3473 947 3640 1002 Verbo

2048 1039 2227 1094 divino
2258 1037 2599 1094 ascribuntur
2617 1041 2893 1111 passiones
2913 1083 2929 1109 ,
2958 1054 3009 1096 et
3047 1041 3116 1095 ad
3155 1056 3274 1095 eum
3318 1041 3638 1110 referantur,

2049 1133 2135 1185 cui
2179 1130 2366 1186 beatus
2413 1129 2677 1202 Cyri/lus,
2709 1135 2788 1187 uti
2839 1150 2940 1204 par
2983 1142 3121 1200 erat,
3171 1132 3463 1202 respondit.
3501 1129 3643 1185 Vere.

2050 1237 2173 1293 quae
2216 1223 2436 1279 misceri
2477 1239 2590 1279 non
2648 1235 2882 1295 possunt
2932 1226 3274 1294 immiscens,
3320 1240 3441 1297 qua:
3492 1225 3641 1279 nulla

2050 1315 2463 1381 communione,
2490 1318 2654 1372 etiam
2684 1333 2781 1391 per
2812 1320 3174 1383 intellectum,
3203 1320 3641 1391 cunjunguutur,

2051 1405 2243 1461 eadem
2307 1407 2521 1476 ratione
2577 1410 2891 1479 perpendis,
2927 1404 2984 1465 et
3027 1410 3143 1466 sive
3175 1410 3226 1465 id
3280 1410 3484 1474 libens,
3526 1411 3645 1466 sive

2054 1498 2261 1554 invitus
2289 1514 2442 1570 agas,
2479 1499 2621 1556 Deus
2665 1501 3044 1557 tantummodo
3079 1504 3316 1569 noverit,
3359 1512 3415 1558 et
3438 1514 3645 1559 nostra:

2052 1591 2393 1660 scriptionis,
2426 1601 2480 1645 et
2525 1590 2865 1648 Nestori-ana:
2915 1592 3150 1649 vesanize
3197 1592 3494 1651 discrimen
3551 1611 3644 1651 co-

2054 1695 2321 1753 gnoscere
2357 1683 2562 1738 renuis.
2602 1682 2698 1739 Ille
2731 1686 2881 1739 enim
2912 1686 3054 1742 idem
3082 1702 3204 1743 esse
3231 1703 3526 1759 personam
3590 1699 3648 1743 et

2056 1772 2396 1843 hyposlasim
2428 1774 2773 1840 existimans,
2814 1776 3057 1847 quidque
3087 1778 3231 1833 inter
3268 1788 3504 1850 utraque
3556 1780 3646 1833 in-

338 1868 414 1923 ὲν
446 1869 649 1939 ἀμφοῖν
674 1867 932 1938 διάφορον
962 1865 1195 1934 ἀγνοῶν,
1225 1866 1319 1920 καὶ
1347 1868 1529 1920 πᾶσαν
1557 1867 1723 1937 φύσιν
1750 1866 1947 1920 ὶδιοσὺ-

2056 1874 2278 1932 tererat,
2316 1866 2598 1936 ignorans,
2634 1876 2691 1922 et
2718 1882 2937 1924 onmem
2980 1877 3233 1925 naturam
3267 1887 3362 1941 per
3384 1887 3445 1926 sc
3471 1874 3645 1927 subsi-

346 1977 551 2015 στατον
575 1959 949 2030 λογιζόμενος,
977 1958 1115 2030 πρὸς
1139 1957 1239 2031 τὴν
1268 1961 1391 2013 καθ’
1420 1961 1720 2014 ὑπόστασιν
1751 1960 1946 2015 ἕνωσιν

343 2054 747 2121 ἀπεδυσπέτει,
792 2052 869 2117 ὡς
909 2051 1073 2124 δῆθεν
1105 2052 1215 2107 τῶν
1255 2053 1473 2121 φύσεων
1503 2056 1948 2126 συναιρουμένων

336 2149 415 2213 ,ἐν
439 2148 505 2218 τῇ
538 2145 730 2200 ἐνώσει
761 2144 857 2199 τοῦ
900 2145 1017 2208 ἐνὸς
1048 2143 1367 2216 προσώπου.
1401 2147 1497 2211 Εἰς
1540 2145 1634 2200 τὸν
1669 2146 1810 2200 Θείον
1835 2163 1948 2201 τοι-

346 2239 564 2312 γαροῦν
598 2239 771 2308 Λόγον
793 2239 1113 2308 ἐπισφαλῶς
1147 2236 1343 2302 οἴεται,
1375 2239 1513 2312 πρὸς
1541 2238 1600 2293 ὃν
1625 2241 1654 2293 6
1682 2240 1742 2293 ὲν
1772 2238 1950 2308 ἁγίοις

348 2334 627 2406 Κύριλλος
665 2336 732 2387 ὲκ
757 2332 856 2386 τοῦ
897 2331 1349 2404 παραδείγματος
1395 2331 1490 2385 τοῦ
1536 2333 1680 2387 κατὰ
1718 2332 1810 2387 τὸν
1851 2332 1950 2386 άν-

350 2427 577 2500 Θρωπον
627 2425 978 2489 ὑπεδείκνυε,
1022 2423 1116 2477 δύο
1151 2423 1371 2493 φύσεων
1413 2424 1473 2477 ἑν
1513 2426 1611 2496 μιᾷ
1652 2425 1950 2479 ὑποστάσει

348 2515 772 2588 θεωρουμένων,
796 2508 909 2571 οἷόν
936 2515 989 2568 τί
1019 2532 1186 2587 φημι,
1223 2514 1480 2587 σώματος
1501 2518 1597 2570 καὶ
1626 2517 1947 2586 ἀσωμάτου,

348 2611 406 2663 εί
439 2609 532 2663 καί
554 2626 607 2663 τι
626 2608 850 2679 λέγεται
880 2609 1077 2663 παθεῖν
1102 2608 1131 2660 6
1160 2608 1478 2680 ἄνθρωπος,
1515 2603 1629 2662 οἷον
1666 2609 1940 2678 καίεσθαι,

346 2702 387 2773 ἢ
421 2701 741 2773 τέμνεσθαι,
779 2700 922 2756 κατὰ
957 2699 1119 2772 σῶμα
1155 2701 1600 2777 τουτὶοπέπονθε,
1637 2701 1740 2772 τῆς
1771 2701 1954 2773 ψυχῆς

348 2795 633 2866 ἀμειὼτου
657 2796 757 2848 καὶ
792 2792 1064 2858 ἀϐλαϐοῦς
1103 2794 1537 2866 φυλαττομένης.
1576 2794 1680 2848 Τὸν
1705 2794 1869 2849 αὑτὸν
1888 2793 1953 2867 δὴ

346 2889 557 2958 τρόπον
585 2888 683 2942 καὶ
714 2886 809 2940 ἐπὶ
837 2885 933 2941 τοῦ
961 2884 1099 2940 Θεοῦ
1128 2887 1304 2957 Λόγου
1332 2887 1483 2941 ἐστιν
1513 2888 1663 2942 ίδεῖν.
1699 2886 1809 2955 Τοῦ
1842 2887 1952 2958 γὰρ

348 2977 494 3032 Θεοῦ
542 2979 721 3048 Λόγου
749 2977 1080 3049 σωματικῶς
1119 2979 1443 3050 πάσχοντος,
1486 2980 1648 3043 αὐτὸς
1697 2979 1950 3052 ἀπαθὴς,

348 3074 480 3128 ὅσον
506 3070 611 3148 ἧκε
641 3073 703 3128 τὸ
737 3074 829 3127 ἐπ’
864 3071 1035 3143 αὑτῷ,
1071 3072 1208 3126 καθὸ
1233 3073 1367 3137 Θεὸς
1399 3074 1639 3145 ἄναρχος
1667 3074 1763 3127 καὶ
1802 3074 1950 3128 ἀσώ-

354 3168 528 3237 ματός
561 3169 702 3232 ἐστι,
747 3166 1068 3237 διετηρείτο.
1119 3166 1231 3220 Καὶ
1281 3165 1458 3231 οὑ.ως
1508 3167 1606 3238 μὲν
1658 3168 1953 3240 Neon-69w;

2052 1968 2283 2017 stentem
2320 1970 2599 2029 reputans,
2633 1962 2937 2017 secundum
2984 1962 3326 2035 bypostasim
3382 1966 3643 2021 unionem
3692 2008 3695 2017 .

2049 2068 2193 2124 {egre
2237 2051 2468 2123 ferebat,
2499 2054 2657 2124 quasi
2692 2055 2813 2110 duae
2845 2063 3055 2111 natura:
3099 2058 3561 2112 contraherentur
3588 2060 3644 2113 in

2053 2146 2254 2200 unione
2294 2145 2458 2201 unius
2489 2160 2758 2216 personze.
2790 2145 2909 2216 ipse
2942 2147 3128 2217 itaque
3156 2148 3210 2201 in
3248 2147 3486 2203 Verbum
3508 2149 3649 2204 divi-

2050 2253 2182 2292 num
2215 2237 2537 2309 gravissime
2565 2248 2781 2309 peccat,
2827 2240 2915 2295 cui
2946 2240 3107 2296 divus
3123 2240 3648 2312 Cyrillusabcxem-

2052 2330 2143 2399 plo
2172 2330 2415 2386 heminis
2456 2332 2947 2400 commonstrabat,
2981 2334 3119 2388 duas
3160 2344 3389 2391 naturas
3428 2336 3483 2388 in
3539 2352 3649 2391 una

2053 2420 2335 2493 hypostasi
2368 2424 2732 2489 considerari,
2769 2436 2827 2480 ut
2857 2427 3107 2496 corporei
3136 2434 3192 2480 et
3214 2427 3553 2496 incorporei,
3595 2435 3651 2480 et

2055 2516 2101 2571 si
2135 2515 2267 2587 quid
2308 2517 2511 2591 dicitur
2560 2514 2730 2573 homo
2762 2519 2894 2589 pati,
2935 2528 2994 2574 ut
3027 2519 3074 2575 si
3102 2529 3315 2587 uratur,
3358 2521 3403 2575 si
3429 2520 3652 2575 abscin-

2055 2603 2237 2672 datur,
2263 2606 2565 2661 secundum
2590 2620 2795 2679 corpus
2825 2608 2956 2663 illud
2996 2609 3230 2680 perpeti,
3270 2610 3455 2664 anima
3509 2610 3651 2666 inte-

2055 2712 2151 2767 gra
2214 2697 2492 2767 illaesaque
2543 2709 2886 2759 remanente.
2948 2699 3150 2757 Eadem
3213 2703 3425 2759 ratione
3479 2711 3535 2758 et
3583 2705 3651 2759 de

2056 2791 2197 2848 Filio
2224 2793 2317 2849 Dei
2344 2793 2842 2866 philosophandum
2885 2806 3003 2866 est;
3034 2813 3270 2869 namque
3296 2799 3483 2853 divino
3518 2797 3650 2853 Ver-

2057 2882 2512 2955 bocorporaliter
2546 2888 2808 2957 patiente,
2840 2888 2959 2959 ipse
2986 2889 3325 2957 impatibilis,
3376 2902 3647 2962 quantum

2056 2975 2110 3030 in
2139 2990 2205 3032 eo
2234 2984 2338 3045 est,
2388 2992 2497 3049 qua
2527 2977 2671 3036 Deus
2704 2992 2791 3035 σει
2828 2980 3038 3052 absque
3072 2983 3350 3054 principio
3402 2993 3458 3038 et
3507 2985 3648 3039 citra

2056 3083 2276 3140 corpus,
2311 3073 2771 3129 conservabatur.
2823 3074 2892 3129 Et
2928 3075 3004 3130 ita
3054 3076 3344 3133 Nestorius
3403 3079 3651 3133 sentiens

2057 3166 2331 3217 contraria
2368 3164 2586 3235 scripsit
2620 3164 2843 3238 Cyrillo.
2880 3166 2952 3222 At
3000 3180 3191 3224 sancta
3226 3179 3421 3240 quarta
3478 3185 3647 3242 syno-

348 3260 578 3331 νοήσας,
629 3259 871 3314 ἐναντία·
888 3259 1139 3331 γέγραφε
1178 3259 1317 3331 πρὸς
1356 3259 1648 3330 Κὺριλλον.
1699 3260 1759 3314 '0
1795 3260 1852 3314 δὲ
1885 3260 1949 3333 δὴ

2056 3251 2159 3309 dus
2196 3255 2305 3311 alio
2338 3256 2644 3328 proposito,
2682 3270 2738 3315 et
2787 3275 2896 3315 non
2934 3272 2995 3317 ut
3024 3264 3400 3320 exsccrandus
3451 3262 3651 3320 Nesto-

347 3354 451 3423 τῆς
493 3352 661 3422 ἁγίας
699 3353 972 3425 τετάρτης
1022 3355 1241 3409 συνόδου
1285 3353 1489 3418 σκοπὸς
1519 3354 1692 3426 ἑτέρῳ
1720 3355 1826 3408 τινὶ
1855 3354 1952 3409 καὶ

346 3444 415 3499 οὑ
443 3446 567 3500 καθ’
592 3445 621 3499 6
643 3444 942 3518 Νεστόριος
971 3446 1004 3498 6
1032 3445 1255 3519 ἐναγὴς,
1287 3446 1424 3501 ἀλλὰ
1454 3445 1552 3501 καὶ
1596 3446 1658 3500 τὸ
1685 3446 1949 3518 διάφορον

347 3537 452 3608 τῆς
484 3537 733 3608 φύσεως,
768 3538 797 3592 ὃ
825 3537 939 3610 ἔχει
989 3539 1127 3609 πρὸς
1152 3540 1255 3610 τὴν
1296 3539 1620 3606 ὑπόστασιν,
1656 3538 1954 3605 συνοδικῶς

349 3634 448 3686 καὶ
475 3631 772 3704 Πατρικῶς
797 3631 1079 3704 διακριθὲν
1114 3631 1304 3701 σαφῶς
1332 3632 1476 3704 ᾔδει,
1508 3633 1605 3686 καὶ
1636 3633 1821 3687 πᾶσαν
1845 3631 1949 3703 φύ-

350 3740 442 3777 σιν
487 3722 861 3778 ίδιοσὺστατον
888 3721 1031 3779 εἶναι
1077 3725 1153 3797 μὴ
1185 3723 1538 3797 λογιζομένη,
1572 3726 1669 3779 καὶ
1701 3726 1804 3797 τὴν
1825 3725 1949 3780 καθ’

350 3813 656 3869 ὑπόστασιν
683 3814 783 3869 καὶ
802 3814 1036 3886 οὑσιιὶιδη
1056 3815 1258 3871 ἕνωσιν
1274 3816 1376 3890 τὴν
1399 3818 1494 3871 ἐπὶ
1516 3817 1763 3888 Χριστοῦ
1791 3818 1952 3890 ἀκρι-

351 3907 466 3971 ϐῶς
502 3909 877 3980 ἐπισταμένη,
928 3914 1024 3980 καὶ
1066 3911 1150 3964 ὅτι
1179 3913 1209 3966 6
1242 3911 1416 3976 άῖδιος
1443 3910 1622 3981 Λόγος
1652 3913 1719 3967 ὲν
1745 3913 1812 3984 τῇ
1845 3911 1954 3985 ἰδίᾳ

351 4001 655 4057 ὑποστάσει
703 4002 988 4075 ὑπέστησε
1040 4006 1140 4077 τὴν
1191 4005 1471 4079 ἡμετέραν
1505 4005 1692 4076 φύσιν,
1742 4007 1837 4060 καὶ
1868 4005 1953 4078 τῷ

349 4094 497 4167 λόγῳ
510 4097 609 4167 τῆς
631 4096 985 4164 οίκειώσεως,
1007 4098 1108 4168 τῆς
1138 4098 1402 4170 φυσικῆς,
1432 4099 1600 4170 φημὶ,
1634 4098 1732 4152 καὶ
1748 4097 1948 4153 οὑσιὼ-

349 4188 497 4254 δους,
545 4192 641 4244 καὶ
668 4191 735 4245 οὐ
772 4191 872 4262 τῆς
903 4192 1270 4264 προσωπικῆς
1306 4192 1570 4247 καὶκατὰ
1595 4193 1781 4263 σχέσιν
1811 4192 1948 4246 θεω-

352 4282 655 4354 ρουμένης,
708 4281 913 4351 ἄπαγε,
958 4285 1027 4353 ἢν
1071 4283 1168 4337 καὶ
1212 4282 1512 4355 Νεστόριος
1560 4284 1700 4356 πρὸς
1732 4285 1826 4337 τὸν
1852 4284 1947 4339 ἄν·

350 4371 573 4443 θρωπον
599 4370 745 4443 ἔχειν
776 4372 873 4427 τὸν
901 4372 1077 4440 Λόγον
1101 4375 1422 4445 ἐκήρυττεν,
1453 4373 1592 4428 ἀλλὰ
1622 4374 1846 4446 μᾶλλον,
1870 4375 1946 4440 ὡς

349 4463 586 4534 ἔφαμεν,
631 4466 733 4536 τὴν
777 4465 1016 4538 φυσικὴν
1043 4467 1138 4520 καὶ
1182 4465 1442 4537 οὑσιώδη,
1487 4468 1611 4540 ἥτις
1639 4468 1699 4524 ὲν
1729 4468 1796 4540 τῇ
1822 4466 1951 4522 καθ’

350 4558 659 4613 ὑπόστασιν
706 4558 899 4614 ἑνώσει
960 4560 1279 4632 θεωρεῖται,
1334 4561 1520 4626 καλῶς
1573 4560 1943 4631 γινώσκουσα,
1978 4584 2023 4641 ι)

347 4650 450 4705 καὶ⁸
493 4650 575 4704 ὃτι
622 4650 716 4705 τὸν
764 4651 939 4706 ἀΐδιον
974 4651 1106 4706 Υίὸν
1157 4651 1460 4718 δοξάζουσα
1509 4652 1799 4726 ἄνθρωπον
1845 4670 1942 4723 γε-

345 4743 618 4815 γενῆσθαι
639 4784 654 4811 ,
686 4743 847 4799 τοῦτο
882 4745 1093 4815 ἔλεγεν,
1150 4747 1290 4819 ὅπερ
1333 4747 1657 4812 Ἀθανάσιος
1695 4748 1792 4802 καὶ
1828 4746 1944 4801 Κὺο

347 4836 532 4908 ριλλος
568 4840 619 4893 οί
672 4839 773 4908 τῆς
814 4824 1244 4923 ’Ἀλεξανδρείας
1305 4841 1601 4914 εἰρήκασιν
1652 4841 1940 4913 ίεράρχαι,

345 4929 446 4982 καὶ
472 4929 677 4994 πάντες
708 4932 758 4985 oi
795 4931 1060 5001 Πατέρες,
1105 4932 1188 4985 ὅτι
1218 4932 1414 4993 κτίσας
1438 4933 1506 4988 ἐκ
1531 4934 1634 5001 τῆς
1664 4932 1945 5002 πανάγνου

346 5019 634 5092 Παρθένου
672 5023 896 5094 Μαρίας
943 5022 1125 5095 ἑαυτῷ
1156 5024 1338 5096 σάρκα
1387 5023 1752 5097 ἑψυχωμένην
1793 5023 1942 5096 ψυχῇ

344 5110 541 5183 λογικῇ
590 5113 686 5167 καὶ
725 5115 911 5185 νοερᾷ,
951 5113 1053 5186 τὴν
1096 5114 1453 5188 ἀνθρωπίνην
1497 5117 1681 5188 σάρκα
1721 5118 1814 5171 καὶ
1844 5120 1944 5189 τὴν

345 5204 700 5276 ἀνθρωπίνην
758 5206 941 5278 ψυχὴν
1004 5207 1145 5262 ίδίαν
1195 5211 1297 5278 τῆς
1361 5209 1534 5264 αὑτοῦ
1592 5209 1949 5274 ὑποστάσεως

347 5298 666 5368 ἐποιήσατο.
716 5300 830 5352 Καὶ
864 5299 924 5353 ὃν
952 5299 1159 5370 τρόπον
1184 5302 1215 5353 6
1242 5301 1472 5372 Πέτρος,
1522 5300 1555 5372 ἢ
1594 5278 1768 5366 κᾶλλος
1824 5319 1944 5367 πως

351 5389 514 5461 σῶμα
543 5390 888 5463 ἀνθρώπινον
930 5391 1076 5462 ἔχων
1113 5394 1206 5447 καὶ
1246 5392 1430 5464 ψυχὴν
1462 5393 1817 5467 ἀνθρωπίνην
1853 5396 1947 5450 άν-

346 5484 569 5556 θρωπός
588 5486 728 5551 ἐστι,
748 5484 840 5539 τὸν
865 5486 1029 5540 αὑτὸν
1051 5486 1118 5559 δὴ
1136 5488 1343 5558 τρόπον
1360 5489 1388 5542 6
1410 5487 1583 5552 ἀΐδιος
1602 5488 1732 5553 Υἱὸς
1753 5488 1946 5554 κτίσας

342 5578 414 5647 τῇ
448 5575 647 5631 ἑαυτοῦ
689 5577 990 5633 ὑποστάσει
1041 5580 1204 5651 σῶμα
1248 5579 1592 5652 ἀνθρώπινον
1636 5580 1945 5653 καὶψυχὴν

344 5666 722 5740 ἀνθρωπίνην,
774 5670 873 5723 καὶ⁸
922 5670 1033 5726 ἴδια
1087 5647 1262 5743 ἄμφω
1308 5647 1479 5726 αὑτοῦ
1536 5647 1941 5746 ποιησάμενος,

344 5762 575 5833 γέγονεν
605 5762 825 5835 ἀληθῶς
852 5764 1161 5836 ἄνθρωπος.
1197 5766 1411 5839 Ὠσπερ
1436 5766 1495 5821 δὲ
1526 5767 1586 5821 τὸ
1608 5767 1703 5822 τοῦ
1735 5768 1944 5840 Πέτρου

348 5854 515 5928 σῶμα
540 5856 636 5912 καὶ
668 5856 704 5930 ἡ
724 5856 873 5930 ψυχὴ
904 5858 1195 5931 ἀμφότερα
1224 5857 1327 5931 τῆς
1358 5858 1558 5916 ἑαυτοῦ
1587 5860 1945 5927 ὑποστάσεως

2053 3347 2171 3402 rius
2199 3348 2569 3405 diversitatem
2610 3360 2837 3419 naturae,
2871 3368 3037 3424 quam
3069 3355 3231 3410 habet
3269 3357 3336 3413 ad
3388 3359 3649 3428 hyposta-

2054 3437 2181 3502 sim,
2232 3439 2430 3511 synodi
2464 3439 2804 3514 Petrumque
2831 3446 3124 3502 sententiis
3156 3446 3375 3514 edocta,
3422 3456 3476 3504 et
3531 3464 3654 3506 om-

2053 3544 2181 3585 nem
2210 3541 2460 3587 naturam
2478 3546 2575 3603 per
2588 3548 2649 3590 se
2677 3534 2908 3591 minime
2926 3535 3231 3593 subsistere
3255 3552 3419 3609 posse
3442 3539 3647 3602 sciens.
3714 3564 3719 3567 η

2052 3631 2285 3695 cateque
2311 3633 2507 3682 tenens
2540 3628 2847 3684 secundum
2892 3628 3259 3701 hypostasim,
3289 3642 3346 3687 et
3389 3633 3655 3688 essentia-

2052 3716 2158 3772 lem
2195 3709 2456 3775 unionem
2478 3720 2532 3775 in
2552 3721 2800 3786 Christo,
2819 3730 2874 3778 et
2896 3724 3296 3794 sempiternum
3323 3723 3566 3781 Verbum
3593 3726 3650 3781 in

2052 3814 2273 3884 propria
2306 3814 2588 3885 Itypostasi
2623 3817 2959 3875 sustinuisse
2984 3830 3229 3875 nostram
3264 3827 3545 3885 naturam,
3592 3831 3649 3876 et

2051 3905 2320 3961 rationem
2357 3908 2845 3979 appropriationis,
2907 3911 3176 3967 naturalis
3221 3921 3275 3967 et
3311 3913 3643 3980 essentialis,

2051 4012 2160 4054 non
2182 4000 2508 4069 personalis,
2526 4012 2581 4056 et
2599 4016 2723 4070 quae
2746 4002 3049 4058 secundum
3091 4003 3412 4060 relationem
3462 4007 3650 4061 consi-

2049 4091 2299 4156 deratur,
2317 4106 2510 4164 apage,
2525 4107 2691 4163 quam
2703 4092 2987 4151 Nestorius
3004 4111 3133 4167 erga
3150 4095 3429 4151 hominem
3451 4097 3651 4152 habere

2050 4179 2291 4238 Verbum
2309 4184 2645 4255 divulgahat,
2664 4186 2759 4242 sed
2777 4185 3334 4256 potius,utdiximus,
3355 4187 3648 4251 naturalis,

2048 4274 2449 4341 etessentialis,
2473 4291 2598 4347 quae
2621 4276 2676 4332 in
2709 4278 2917 4333 unione
2950 4276 3258 4334 secundum
3299 4278 3649 4349 hypostasim

2048 4368 2406 4437 conspicitur,
2435 4369 2606 4440 probe
2636 4369 2882 4427 sentiens
2916 4378 2973 4426 et
3018 4371 3417 4443 sempiternum
3443 4369 3645 4426 Filium

2052 4460 2329 4517 hominem
2366 4462 2570 4517 factum
2601 4464 2787 4520 sciens
2811 4464 3288 4536 asserebat,'quod
3309 4464 3647 4521 Athanasius

2050 4561 2104 4608 et
2132 4551 2371 4625 Cyrillus
2398 4552 2753 4609 Alexandrini
2785 4554 3083 4623 antistites,
3101 4563 3155 4608 et
3182 4551 3375 4610 Patres
3404 4553 3648 4610 universi

2054 4643 2429 4710 aliirmarunt,
2468 4655 2653 4702 creata
2699 4660 2766 4702 ex
2808 4647 3156 4703 immacalata
3199 4646 3423 4719 Virgine
3475 4645 3647 4702 Maria

2052 4736 2157 4794 sibi
2192 4736 2295 4808 ipsi
2335 4752 2530 4804 carne,
2583 4739 2824 4795 animata
2876 4740 3061 4796 anima
3104 4740 3334 4796 rationis
3391 4749 3648 4811 compote

2051 4839 2107 4886 et
2152 4829 2531 4900 intellectuali,
2591 4833 2888 4889 humanam
2939 4848 3160 4889 carnem
3231 4843 3288 4890 et
3345 4833 3645 4888 humanam

2052 4925 2295 4983 animam
2350 4926 2629 4997 prOpriam
2703 4941 2819 4983 sua:
2878 4925 3193 4998 hypostasis
3249 4926 3516 4982 eﬂecisse.
3580 4921 3651 4979 Et:

2051 5017 2519 5088 quemadmodum
2571 5015 2767 5073 Petrus
2788 5056 2803 5082 ,
2836 5019 2920 5073 vel
2962 5018 3104 5072 alius
3138 5017 3415 5089 quispiam
3450 5017 3650 5072 huma-

2054 5123 2187 5164 num
2218 5124 2419 5180 corpus
2457 5116 2513 5164 et
2543 5110 2843 5163 humanam
2875 5110 3114 5165 animam
3138 5111 3452 5181 possidens,
3483 5110 3650 5163 homo

2053 5211 2157 5267 est,
2196 5201 2270 5255 ita
2302 5209 2358 5255 et
2394 5199 2765 5271 sempiternus
2792 5200 2965 5257 Filius
2992 5216 3190 5257 creans
3223 5218 3337 5258 sua:
3364 5200 3649 5275 hypostasi

2054 5309 2260 5364 corpus
2302 5293 2607 5348 humanum
2664 5300 2720 5348 et
2755 5294 2998 5348 animam
3040 5293 3362 5358 humanam,
3397 5304 3452 5349 et
3484 5293 3650 5353 ambo

2055 5387 2276 5458 propria
2321 5384 2425 5441 sibi
2475 5382 2703 5452 faciens,
2751 5399 2879 5442 vere
2934 5385 3103 5441 homo
3143 5384 3323 5441 factus
3362 5393 3466 5441 est.
3506 5384 3649 5438 Cum

2054 5493 2186 5535 vero
2212 5479 2359 5534 Petri
2398 5492 2602 5548 corpus
2629 5485 2684 5535 et
2712 5478 2918 5544 anima,
2948 5480 3112 5535 ambo
3142 5479 3289 5536 illius
3314 5477 3647 5549 hypostasis,

2055 5580 2165 5631 rion
2201 5573 2433 5630 alterius
2464 5574 2777 5645 hypostasis
2817 5575 3041 5645 propria
3071 5582 3223 5632 sunt.
3254 5581 3650 5644 proptereaque

2054 5684 2118 5725 ea
2144 5670 2399 5725 obtinens
2442 5667 2672 5722 omnino
2701 5667 2999 5722 humanam
3030 5667 3196 5724 habet
3221 5675 3497 5736 naturam,
3525 5684 3650 5737 quae

2055 5780 2166 5820 non
2203 5764 2380 5834 ipsius
2414 5761 2587 5819 solius
2609 5763 2990 5835 Itypostaseos,
3023 5762 3117 5819 sed
3153 5762 3448 5833 cujuslibet
3469 5762 3652 5817 homi-

2057 5873 2189 5915 num
2223 5855 2539 5931 hyposlasis
2567 5856 2814 5927 exsistit,
2842 5855 2968 5915 ideo
3003 5857 3399 5931 sempiternum
3444 5852 3645 5911 Filium
