4064 6390
481 339 588 403 655

1758 323 2055 387 NICETJE
2089 308 2500 388 BYZANTINI

3690 332 3799 402 655

479 448 724 524 synodus
747 444 933 509 tradit,
959 456 1131 499 unum
1158 440 1595 508 Trinitatis,una
1626 437 1907 509 bypostasi
1938 436 2071 493 duas

2181 436 2314 503 ῐδια,
2331 439 2432 492 οὑκ
2454 436 2621 510 άλλης
2640 438 2748 493 τῶν
2771 437 3078 513 ἀνθρώπων
3098 439 3486 506 ὑποστάσεως·
3513 441 3702 516 ταύτῃ
3718 463 3800 501 τοι

475 544 681 597 habere
710 546 955 601 naturas,
990 550 1098 590 non
1127 534 1383 594 privatim
1418 540 1651 602 utraque
1673 543 1772 584 sua
1792 525 2073 599 bypustasi

473 643 747 703 separata,
776 630 869 686 sed
894 629 1078 684 divina
1111 627 1332 699 quidem
1361 635 1555 680 natura
1594 621 1720 693 ipsi,
1749 630 1803 676 et
1824 619 1997 685 Patri,
2019 629 2075 676 et

476 724 705 795 Spiritui
756 729 950 777 sancto
998 719 1303 784 communi,
1352 716 1590 770 humana
1640 720 1831 767 natura
1874 711 1975 781 ipsi
2018 718 2075 765 et

474 816 874 889 singularibus.
912 816 981 869 At
1012 811 1324 884 bypostasis
1372 809 1547 880 ipsius
1577 805 1929 878 potissimum
1970 804 2074 874 ipsi

474 912 574 966 soli
636 926 746 980 pra:
792 908 957 964 Patre
1012 918 1065 962 et
1115 904 1320 975 Spiritu
1358 910 1551 956 sancto
1595 899 1815 954 decreta
1868 905 1975 962 est,
2022 904 2077 950 et

476 1020 680 1074 corpus
710 996 914 1073 ipsius,
944 1010 998 1055 ct
1026 999 1209 1053 anima
1248 995 1469 1067 proprie
1499 1004 1734 1063 utraque
1766 989 1941 1060 ipsius
1970 987 2073 1059 by-

477 1099 682 1168 postasi
702 1111 814 1165 pra:
838 1093 1065 1163 reliquis
1093 1088 1431 1145 hominibus.
1463 1085 1699 1155 Ideoque
1731 1094 2075 1153 quaecunque

477 1190 648 1246 subiit
704 1199 758 1243 et
797 1201 1053 1257 perpessa
1093 1192 1178 1239 est
1212 1178 1529 1250 sempiterni
1565 1177 1656 1232 Dei
1691 1190 1841 1242 caro,
1881 1183 1935 1230 et
1973 1174 2073 1229 hu-

478 1298 639 1336 mana
672 1282 845 1351 ipsius
875 1280 1081 1339 anima,
1115 1276 1228 1345 ipse
1261 1273 1635 1344 sempiternus
1667 1268 1841 1324 Filius
1870 1266 2073 1323 subiis-

479 1392 537 1430 se
581 1384 631 1429 et
677 1387 967 1444 perpessus
1010 1370 1180 1424 fuisse
1210 1368 1413 1422 dicitur
1438 1404 1453 1431 ,
1494 1364 1709 1435 ipsique
1746 1378 1875 1417 vere.
1900 1360 2077 1416 conti-

477 1476 692 1537 gerunt,
732 1464 945 1534 ipsique
981 1461 1354 1523 vindicantur,
1412 1456 1875 1527 quemadmodum
1922 1469 2073 1524 qua:-

475 1572 690 1627 cunque
721 1555 925 1622 patitur
961 1552 1102 1608 Petri
1130 1567 1260 1607 caro
1289 1557 1344 1606 et
1365 1550 1572 1616 anima,
1604 1548 1767 1603 Petro
1798 1546 2071 1612 accidunt,

472 1650 690 1720 ipsique
735 1662 862 1702 vere
923 1645 1295 1701 ascrihuutur.
1342 1642 1746 1713 Proptereaque
1786 1637 2069 1693 veritatem

470 1743 794 1797 conﬁtentes
848 1738 1119 1801 dicimus,
1171 1737 1350 1805 ipsum
1414 1733 1810 1804 sempiternum
1869 1729 2070 1784 Filium

471 1832 759 1896 esuriissc,
790 1830 1015 1895 sitiisse,
1049 1830 1324 1883 turbatum
1349 1834 1405 1880 et
1428 1825 1759 1880 delassatum
1785 1821 1975 1888 fuisse,
2002 1818 2076 1873 fa-
2107 1796 2148 1856 Β

470 1926 610 1982 ciem
636 1925 811 1994 ipsius
835 1922 1007 1993 alapis
1031 1935 1226 1976 caesam
1251 1960 1266 1984 ,
1288 1928 1343 1974 et
1389 1916 1705 1988 sempiterni
1730 1913 1852 1969 Filii
1878 1927 2076 1969 manus

470 2017 709 2087 acpedes
723 2014 892 2071 clavis
910 2012 1117 2078 aﬂixas,
1138 2011 1392 2067 eumdem
1416 2019 1743 2079 consputum
1777 2015 1828 2063 et
1848 2004 2079 2076 ﬂagella-

472 2116 588 2163 tum
612 2108 666 2162 in
697 2121 860 2162 cruce
880 2103 1225 2175 pependisse,
1240 2110 1611 2168 etmortuum,
1629 2108 1683 2156 et
1704 2098 2000 2169 sepultum,
2021 2103 2077 2152 et

470 2202 561 2273 die
592 2201 751 2256 tertia
778 2196 1170 2256 resurrexisse.
1195 2196 1321 2253 Haec
1345 2196 1531 2253 omnia
1562 2196 1901 2266 sempiterno
1931 2193 2074 2250 Filio

470 2295 845 2365 contigerunt.
906 2291 1011 2348 Sed
1070 2292 1172 2349 ista
1224 2304 1518 2362 perpessus
1581 2297 1665 2343 est
1723 2286 1888 2343 modo
1961 2302 2073 2358 quo

470 2386 581 2458 pati
621 2394 856 2457 poterat,
907 2384 1013 2439 hoc
1063 2392 1147 2439 est
1195 2397 1297 2438 sua
1334 2381 1511 2453 ipsius
1550 2381 1793 2436 humana
1821 2394 1990 2435 carne
2018 2388 2074 2434 et

469 2479 678 2543 anima,
730 2492 838 2533 non
874 2493 973 2533 sua
1018 2476 1193 2547 ipsius
1224 2475 1412 2531 divina
1440 2483 1660 2529 natura.
1699 2473 1860 2529 Modo
1888 2473 2073 2543 itaque

468 2571 739 2625 naturalis
786 2578 841 2625 et
884 2568 1200 2625 essentialis
1250 2566 1717 2638 appropriationis
1749 2565 1841 2619 uni
1892 2563 2071 2619 Verbo

470 2665 589 2719 haec
635 2663 820 2718 omnia
873 2663 1217 2727 acciderunt,
1258 2675 1369 2715 non
1416 2667 1479 2714 ut
1513 2668 1634 2714 erat
1678 2656 1918 2712 Verbum
1946 2697 1962 2724 ,
2010 2664 2071 2710 ut

470 2756 736 2811 diximus.
772 2754 1119 2825 Quapropter
1166 2761 1361 2809 sancta
1403 2760 1602 2821 quarta
1628 2750 1872 2821 synodus
1903 2763 2067 2802 unam

470 2848 813 2922 bypostasim
856 2858 910 2904 et
938 2848 1076 2903 duas
1127 2855 1362 2901 naturas
1392 2845 1446 2898 in
1482 2843 1703 2898 Christo
1727 2841 1936 2899 statuit.
1965 2840 2070 2897 Ve-

470 2954 592 2993 rum
632 2936 922 2993 Nestorius
946 2937 1051 2991 alia
1091 2935 1308 2991 ratione
1340 2932 1500 2990 Verbi
1544 2932 1833 3003 passiones
1864 2930 2067 2987 intelli-

470 3048 639 3103 gens,
677 3040 738 3088 ut
771 3047 937 3103 supra
968 3029 1367 3101 explicavimus
1391 3069 1406 3093 ,
1440 3026 1608 3097 probe
1633 3041 1664 3081 a
1694 3025 1899 3097 Cyrillo
1936 3026 2067 3081 Alc-

2184 530 2437 600 ὲσχηκὼς
2466 529 2662 596 ταῦτα,
2694 531 2915 596 πάντως
2936 533 3037 603 τὴν
3060 533 3417 609 ἀνθρωπίνην
3447 534 3576 607 ἔχει
3612 536 3799 606 φύσιν,

2181 623 2305 693 ἥτις
2328 623 2450 694 οὑχὶ
2496 622 2598 693 τῆς
2646 624 3000 689 ὑποστάσεως
3038 627 3205 681 αὑτοῦ
3260 629 3475 701 μόνης,
3526 628 3676 683 ἀλλά
3708 632 3801 685 καὶ

2181 713 2419 786 ἑκάστης
2443 714 2679 785 ὑπάρχει
2702 715 2810 769 τῶν
2834 716 3141 787 ἀνθρώπων
3170 719 3564 788 ὑποστάσεως,
3604 720 3801 777 τούτου

2179 807 2341 877 χάριν
2370 808 2462 862 τὸν
2488 808 2660 863 ἀΐδιον
2681 802 2813 863 Υίδν
2839 810 2871 880 ἠ
2913 810 3132 874 σύνοδος
3160 812 3333 881 λέγει,
3368 813 3475 869 ἕνα
3502 814 3611 885 τῆς
3632 815 3803 885 Τριά-

2177 900 2267 963 δος
2315 902 2447 955 δντα
2493 903 2596 973 μιᾷ
2628 903 2928 956 ὑποστάσει
2961 902 3056 957 δύο
3105 903 3299 972 φύσεις
3341 905 3527 977 ἔχειν,
3563 906 3672 959 οὑκ
3706 908 3802 961 εδι-

2178 992 2292 1056 κῶς
2356 993 2625 1065 ἑκατέρας
2667 997 2736 1065 τῇ
2782 992 2950 1048 αὑτοῦ
3011 994 3311 1050 ὑποστάσει
3369 998 3796 1069 διαφερούσης,

2177 1084 2315 1139 ἀλλά
2340 1086 2442 1155 τῆς
2479 1086 2579 1157 μὲν
2625 1086 2779 1151 θείας
2819 1085 3058 1155 φύσεως,
3087 1086 3239 1159 αὑτῷ
3268 1105 3327 1142 τε
3362 1091 3471 1143 καὶ
3508 1089 3594 1161 τῷ
3622 1091 3800 1163 Ila-cpi

2178 1178 2273 1231 καὶ
2292 1165 2371 1250 τῷ
2388 1178 2669 1249 Πνεῦματι
2690 1179 2768 1251 τῷ
2790 1179 3280 1253 ἀγίῳιὺπεχούσης,
3300 1181 3404 1253 τῆς
3434 1181 3799 1255 ἀνθρωπίνης

2180 1270 2430 1340 φύσεως,
2473 1270 2625 1342 αὑτῷ
2671 1287 2732 1324 τε
2786 1271 2881 1325 καὶ
2917 1273 3030 1335 τοῖς
3064 1273 3211 1327 κατά
3246 1273 3446 1345 μέρος.
3504 1272 3575 1326 Ἦ
3614 1274 3796 1343 μέντοι

2179 1361 2481 1426 ὑπόστασις
2519 1363 2688 1417 αὑτοῦ
2721 1363 3093 1436 διαφερόντως
3128 1365 3278 1437 αὑτῷ
3317 1366 3475 1437 μόνῳ
3514 1366 3676 1437 ποιρά
3707 1367 3795 1420 τὸν

2178 1453 2399 1525 Πατέρα
2431 1454 2528 1507 καὶ
2563 1454 2624 1507 τὸ
2664 1453 2894 1524 Πνεῦμα
2924 1455 2986 1508 τὸ
3028 1454 3185 1523 ἅγιον
3221 1455 3579 1527 ἀφώρισται,
3613 1456 3711 1509 καὶ
3737 1456 3795 1509 τὸ

2178 1544 2337 1616 σῶμα
2365 1544 2531 1600 αὑτοῦ
2569 1547 2665 1600 καὶ
2696 1548 2729 1619 ή
2776 1546 2949 1619 ψυχὴ,
2999 1547 3146 1611 ἰδίως
3177 1549 3480 1621 ἀμφότερα
3518 1548 3627 1619 τῆς
3668 1549 3794 1603 ὑπο-

2178 1637 2421 1702 στάσεως
2465 1638 2636 1693 αὑτοῦ
2679 1640 2831 1709 παρὰ
2872 1640 3083 1705 πάντας
3125 1641 3254 1705 τοὺς
3298 1639 3669 1714 ἀνθρώπους.
3702 1643 3790 1694 Διὸ

2176 1730 2270 1784 καὶ
2293 1731 2394 1783 ὅσα
2416 1730 2629 1801 ὑπέστη
2656 1732 2750 1786 καὶ
2770 1732 3040 1787 πέπονθεν
3064 1735 3097 1803 ή
3124 1732 3221 1787 τοῦ
3243 1734 3419 1788 ἀϊδίου
3453 1733 3604 1788 Θεοῦ
3635 1734 3787 1803 σάρξ,

2177 1823 2273 1877 καὶ
2304 1824 2337 1894 ἡ
2374 1824 2691 1897 ἀνθρωπίνη
2732 1824 2899 1880 αὑτοῦ
2944 1825 3118 1897 ψυχὴ,
3162 1825 3323 1890 αὐτὸς
3363 1829 3392 1881 ὁ
3429 1827 3618 1890 ἀΐδιος
3668 1827 3790 1893 Υἱὸς

2178 1917 2479 1985 ὑφεστάναι
2516 1918 2610 1971 καὶ
2642 1917 2971 1974 πεπονθέναι
3004 1919 3256 1989 λέγεται,
3291 1919 3387 1974 καὶ
3447 1919 3612 1991 αὑτῷ
3654 1937 3787 1990 συμ-

2177 2009 2381 2081 ϐέϐηκε
2431 2010 2572 2065 κατά
2611 2010 2895 2083 ἀλήθειαν,
2940 2012 3036 2065 καὶ
3078 2010 3228 2082 αὑτῷ
3270 2012 3702 2084 ἐπιγράφεται,
3737 2012 3784 2065 δν

2176 2104 2379 2176 τρόπον
2408 2105 2510 2159 ὅσα
2546 2104 2745 2176 πάσχει
2778 2108 2811 2176 ὴ
2852 2103 2949 2159 τοῦ
2981 2094 3190 2176 Πέτρου
3234 2105 3372 2176 σάρξ
3407 2105 3515 2160 καὶ
3552 2106 3590 2176 ἡ
3618 2105 3783 2176 ψυχή,

2175 2194 2255 2265 τῷ
2291 2195 2484 2267 Πέτρῳ
2518 2195 2833 2267 συμϐαίνει,
2873 2197 2969 2250 καὶ
2994 2196 3147 2269 αὑτῷ
3175 2196 3317 2251 κατά
3359 2196 3647 2269 ἀλήθειαν
3678 2199 3787 2250 ὲπι-

2175 2289 2471 2359 γράφεται.
2500 2288 2601 2342 Διά
2616 2286 2775 2342 τοῦτο
2789 2287 2888 2359 τὴν
2908 2288 3171 2361 ἀληθινὴν
3194 2288 3613 2361 ὁμολογοῦντες
3636 2288 3783 2356 λέγο·

2177 2399 2300 2453 μεν,
2330 2383 2414 2437 ὅτι
2456 2382 2617 2447 αὑτὸς
2645 2384 2674 2437 δ
2699 2383 2871 2447 ἀΐδιος
2899 2382 3029 2447 Υἱὸς
3052 2381 3344 2449 ἒπείνασε,
3375 2382 3486 2437 καὶ
3520 2381 3746 2453 ἐδίψησε
3767 2421 3782 2445 ,

2174 2476 2272 2531 καὶ
2296 2478 2596 2546 ἡγωνίασε,
2634 2477 2730 2532 καὶ
2751 2477 3036 2544 ἐκοπίασε,
3065 2479 3165 2531 καὶ
3197 2477 3260 2531 τὸ
3278 2480 3594 2548 πρόσωπον
3622 2475 3781 2531 αὑτοῦ

2172 2568 2507 2640 ὲρῤαπίσοη,
2537 2568 2637 2623 καὶ
2664 2568 2995 2637 ὲνεπτύσθη,
3015 2570 3112 2624 καὶ
3134 2568 3531 2641 ὲμαστιγώθη,
3559 2570 3659 2623 καὶ
3689 2568 3781 2623 τοῦ

2172 2658 2345 2713 ἀϊδίου
2369 2658 2502 2713 Υίοῦ
2525 2658 2926 2731 καθηλὼθησαν
2951 2661 3007 2712 αἱ
3038 2662 3221 2732 χεῖρες
3248 2662 3343 2715 καὶ⁸
3365 2661 3416 2714 οἱ
3459 2660 3648 2727 πόδες,
3687 2658 3777 2713 καὶ

2173 2749 2336 2815 αὑτὸς
2380 2752 2477 2805 ἐπὶ
2528 2752 2764 2825 σταυροῦ
2817 2752 3176 2826 ἐκρεμάσθη,
3223 2753 3320 2808 καὶ
3353 2753 3648 2817 ἀπέθανε,
3690 2752 3778 2806 καὶ

2172 2842 2372 2914 ἐτάφη,
2404 2844 2499 2897 καὶ
2529 2844 2728 2916 ἀνέστη
2758 2847 2825 2917 τῇ
2846 2845 3009 2917 τρίτῃ
3042 2845 3248 2918 ἡμέρᾳ.
3281 2844 3484 2901 Ταῦτα
3510 2846 3572 2900 δὲ
3601 2845 3777 2899 πάντα

2168 2934 2249 3007 τῷ
2277 2935 2434 3006 ἀϊδίῳ
2456 2936 2805 3009 συμϐέϐηκεν
2823 2938 2959 3009 Υἱῷ.
2989 2937 3151 2992 Ἀλλὰ
3173 2937 3350 2994 ταῦτα
3371 2938 3630 2994 πέπονθε
3650 2936 3777 2994 καοό

2168 3028 2394 3085 δυνατδν
2416 3031 2630 3092 παθεῖν,
2655 3030 2903 3084 τουτέστι
2931 3034 3000 3103 τῇ
3018 3030 3217 3085 ἑαυτοῦ
3250 3031 3587 3106 ἀνθρωπίνῃ
3616 3028 3776 3104 σαρκί

470 3126 745 3182 xandrino
777 3123 1051 3181 refutatus
1082 3130 1186 3179 est.
1215 3121 1282 3177 Et
1325 3121 1429 3176 hoc
1458 3134 1681 3191 quoque
1742 3119 1905 3174 inane
1947 3116 2068 3173 nul-

2174 3138 2231 3175 τε
2265 3121 2360 3176 καὶ
2381 3121 2549 3193 ψυχῇ,
2568 3122 2633 3176 οὑ
2672 3124 2737 3194 τῇ
2774 3121 2969 3177 ἑαυτοῦ
3003 3122 3125 3195 θείᾳ
3142 3122 3327 3192 φύσει.
3367 3120 3472 3195 Τῷ
3508 3124 3658 3196 λόγῳ
3684 3120 3774 3177 οῦν

470 3221 689 3290 liusque
706 3218 947 3286 roboris,
968 3217 1115 3288 quod
1136 3217 1253 3286 ipse
1270 3224 1533 3285 tanquam
1552 3212 1788 3283 alicujus
1806 3211 2068 3268 momenti

2174 3215 2279 3286 τῆς
2313 3217 2550 3287 φυσικῆς
2580 3215 2677 3270 καὶ
2695 3216 2992 3282 οὑσιὼδοὺς
3022 3216 3356 3283 οἱκειὼσεως
3381 3217 3572 3273 ταῦτα
3603 3218 3776 3272 πάντα

469 3311 761 3381 aﬂ‘crebas,
790 3311 1228 3367 demonstratum
1256 3317 1363 3365 est.

2179 3306 2261 3378 τῷ
2280 3306 2362 3360 ἑνὶ
2379 3305 2541 3377 Δόγῴ
2565 3306 2940 3379 συμϐέϐηκεν,
2969 3307 3031 3361 οὑ
3056 3307 3192 3362 καθὸ
3210 3307 3405 3377 Λόγος,
3430 3309 3519 3373 ὡς
3543 3308 3769 3380 ἔφαμεν.

474 3410 576 3464 Διά
613 3424 698 3462 τοι
730 3405 893 3461 τοῦτο
924 3406 960 3476 ἦ
991 3421 1052 3458 τε
1093 3403 1226 3473 ἁγία
1258 3402 1498 3474 τετάρτη
1550 3401 1772 3465 σύνοδος
1810 3400 1942 3472 μίαν
1969 3398 2267 3455 ὑπόστασιν
2318 3399 2535 3456 καὶδύο
2571 3400 2764 3471 φύσεις
2828 3402 2922 3456 ἐπὶ
2991 3401 3233 3473 Χριστοῦ
3292 3403 3682 3475 ἐδογμάτισεν.
3722 3403 3776 3456 ’θ

468 3498 528 3552 δὲ
551 3496 845 3567 Νεστόριος
864 3493 1094 3566 ἑτέρωθι
1118 3493 1309 3565 τρόπῳ
1328 3491 1425 3546 τοῦ
1470 3493 1646 3562 Λόγου
1677 3490 1815 3545 νοῶν
1840 3492 1911 3544 τά
1930 3490 2105 3562 πάθη,
2140 3488 2325 3555 καθὼς
2354 3491 2550 3547 άνόπιν
2574 3491 2825 3564 εἴπομεν.
2865 3491 2958 3547 Διὸ
2986 3492 3125 3564 πρὸς
3154 3493 3319 3549 αὑτὸν
3361 3495 3555 3561 καλῶς
3618 3498 3648 3551 ό
3683 3494 3778 3566 τῆς

484 3588 895 3663 Ἀλεξανδρείας
950 3588 1223 3660 Κύριλλος
1278 3589 1526 3644 ἀντεῖπε.
1593 3587 1706 3642 Καὶ
1766 3587 1925 3641 τοῦτό
1983 3603 2067 3641 σοι
2103 3585 2486 3641 ἀποδέδεικται
2517 3586 2684 3641 ἕωλον
2711 3587 2806 3642 καὶ
2839 3588 3018 3661 πάντη
3045 3588 3360 3662 ἀνίσχυρον.
3856 3574 3863 3581 ⁸

539 3685 631 3741 2|.
670 3685 966 3741 Videamus
998 3698 1145 3740 nunc
1167 3684 1300 3755 quid
1346 3685 1465 3755 ipse
1497 3685 1552 3738 iu
1600 3684 2071 3755 subsequentibus

471 3781 718 3836 scribas:
754 3795 995 3850 namque
1027 3779 1296 3849 scriptum
1326 3787 1481 3834 tuum
1518 3777 1595 3833 ita
1619 3792 1680 3834 se
1710 3778 1877 3833 habet
1912 3794 1927 3831 :
1963 3775 2072 3832 Sed

472 3871 776 3939 objicientes
806 3870 1048 3926 dicamus
1077 3884 1143 3925 ea:
1171 3869 1431 3941 oppositis
1464 3869 1658 3935 verbis,
1682 3884 1803 3940 quae
1847 3868 1953 3939 ipsi
1982 3868 2068 3921 di-

472 3973 641 4033 cunt,
678 3964 1130 4034 quemadmodum
1178 3961 1403 4033 legimus
1445 3961 1500 4016 in
1561 3960 1826 4032 epistola;
1859 3975 1983 4013 nam
2021 3959 2070 4014 si

472 4069 697 4111 naturas
766 4064 1038 4128 separant,
1091 4066 1141 4111 et
1188 4069 1443 4125 personas
1518 4054 1765 4109 unientes
1823 4053 2067 4123 ﬁrmant,

472 4151 650 4207 mistio
694 4152 954 4223 sequitur,
1004 4161 1053 4207 et
1108 4166 1395 4221 personam
1450 4147 1572 4218 ﬁeri
1629 4147 1871 4213 addecet,
1927 4148 2068 4218 quod

471 4244 759 4313 Apostolus
786 4260 881 4313 pro
909 4243 1117 4298 duabus
1141 4242 1381 4312 personis
1404 4239 1627 4303 scribat,
1663 4237 1769 4306 Qui
1812 4238 1869 4292 in
1893 4238 2070 4309 [arma

471 4336 571 4391 Dei
603 4353 725 4391 cum
752 4346 908 4400 esset,
938 4335 1171 4405 formam
1197 4334 1335 4389 servi
1369 4332 1608 4403 accepit:
1633 4330 1864 4400 formam
1893 4329 2071 4400 itaque

471 4436 521 4481 et
568 4427 800 4497 formam
846 4429 1006 4483 dixit.
1061 4426 1223 4481 Nunc
1270 4426 1449 4496 itaque
1511 4438 1801 4494 quamnam
1860 4436 1926 4477 ea:
1984 4421 2068 4475 his

2251 3681 2357 3738 κα’.
2408 3682 2639 3755 Ἴδωμεν
2693 3683 2752 3739 δὲ
2804 3685 2863 3739 ὲν
2888 3686 3003 3750 τοῖς
3048 3685 3349 3758 μετέπειτα
3387 3687 3444 3742 τί
3498 3687 3733 3761 γράφεις
3759 3701 3772 3715 ⁸

2170 3774 2285 3848 ἔχει
2318 3775 2500 3831 δὲκαὶ
2545 3775 2608 3830 τδ
2659 3775 2751 3831 σὺν
2784 3776 3023 3849 γράμμα
3053 3776 3248 3843 οὕτως⁹
3300 3779 3455 3834 Ἀλλ’
3508 3781 3776 3837 ἀνθυπο-

2169 3871 2466 3941 φέροντες
2494 3870 2867 3941 λαλήσωμεν
2887 3872 2959 3927 ἐκ
2992 3872 3113 3927 τῶν
3138 3873 3437 3929 ἐναντίων
3457 3874 3771 3946 ῥημάτων,

2167 3957 2256 4019 ὧν
2284 3963 2457 4021 αὐτοὶ
2483 3965 2759 4035 λέγουσι,
2791 3965 2987 4033 καθὼς
3010 3965 3364 4037 ἀνέγνωμεν
3384 3966 3457 4022 ἐν
3483 3966 3569 4034 τῷ
3596 3966 3773 4038 τράμ-

2168 4073 2334 4129 ματι.
2377 4056 2514 4112 Ἐὰν
2532 4058 2644 4127 γὰρ
2675 4058 2781 4124 τὰς
2800 4058 3018 4128 φύσεις
3040 4057 3329 4129 χωριζωσι
3358 4059 3457 4113 καὶ
3486 4061 3564 4115 τὰ
3589 4058 3774 4128 πρόσ·

2175 4164 2308 4204 ωπα
2369 4149 2657 4216 ἐνοῦντες
2701 4149 2979 4223 λέγουσι,
3040 4147 3265 4219 κρᾶσιν
3330 4145 3486 4205 εἶναι
3533 4150 3769 4215 λοιπὸν,

2173 4241 2273 4296 καί
2305 4242 2636 4311 πρόσωπον
2664 4241 2877 4312 πρέπει
2904 4242 3199 4314 γίνεσθαι,
3235 4242 3388 4297 διότι
3413 4244 3445 4297 ό
3490 4244 3770 4299 Ἀπόστρ-

2172 4337 2286 4401 λος
2321 4334 2420 4389 διὰ
2444 4332 2555 4389 δύο
2595 4337 2889 4403 πρόσωπα
2917 4334 3151 4404 γράφει,
3179 4334 3270 4389 ὅτι
3297 4335 3368 4389 ἐν
3379 4334 3590 4406 μορφῇ
3624 4331 3770 4390 Θεοῦ

2174 4422 2279 4489 ὢν,
2306 4424 2554 4495 μορφὴν
2599 4423 2829 4480 δούλου
2875 4423 3310 4495 προσελάϐετο.
3361 4424 3625 4494 Μορφὴν
3660 4416 3771 4476 οὖν

473 4520 682 4574 duabus
708 4530 889 4574 amant
914 4535 1136 4575 onerare
1156 4534 1456 4588 personam,
1477 4531 1635 4587 quam
1656 4514 1840 4568 dicunt
1857 4529 2020 4568 unam
2040 4514 2067 4567 7

2176 4516 2279 4573 καί
2312 4516 2561 4588 μορφὴν
2587 4512 2779 4571 εἶπεν.
2817 4517 3057 4587 Ἀρτίως
3078 4511 3193 4573 οὗν
3217 4518 3395 4572 ποῖον
3413 4518 3483 4572 ἐκ
3512 4517 3637 4571 τῶν
3663 4514 3769 4569 δύο

474 4611 537 4667 Si
568 4610 809 4674 deitatis,
863 4608 1090 4665 Sabeliii
1128 4624 1362 4664 errorem
1395 4608 1692 4672 incurrent,
1734 4605 1781 4658 si
1828 4605 2071 4660 humani-

478 4704 629 4767 tatis,
657 4701 785 4772 quid
809 4701 945 4755 illud
979 4701 1162 4771 fuerit,
1203 4718 1306 4772 quo
1361 4713 1479 4756 uere
1513 4696 1568 4750 in
1601 4695 1778 4766 [arma
1839 4696 2067 4752 hominis

473 4794 763 4849 Dominum
789 4794 1082 4849 videbant?
1108 4792 1208 4849 Hic
1234 4794 1518 4852 enimvero
1548 4797 1860 4852 orationem
1913 4806 2069 4849 com-

473 4887 635 4957 ponis
654 4887 822 4942 veluti
853 4902 919 4941 ex
969 4887 1218 4944 adversis
1273 4897 1467 4943 contra
1526 4905 1628 4946 nos
1688 4888 1985 4960 prolatam,
2014 4895 2069 4943 et

474 4991 597 5042 nos,
624 4991 749 5031 cum
787 4978 1074 5033 videamur
1111 4977 1250 5034 duas
1281 4978 1337 5033 in
1364 4977 1591 5036 Christo
1621 4990 1850 5035 naturas
1873 4992 2069 5033 unam-

472 5067 937 5140 que,hypostasim
963 5084 1240 5136 asserere,
1264 5070 1318 5125 in
1335 5070 1573 5128 absurda
1604 5085 1797 5143 rapere
1824 5069 2063 5135 conaris,

472 5169 537 5214 ut
587 5159 800 5215 scilicet
826 5175 893 5216 ex
937 5177 1003 5217 eo
1039 5162 1185 5232 quod
1221 5178 1322 5219 nos
1359 5164 1416 5219 in
1464 5164 1771 5220 absurdum
1824 5163 2063 5227 inducis,

474 5263 630 5309 ldum
658 5253 833 5324 ipsius
862 5254 1084 5326 dogma,
1121 5257 1287 5313 unius
1315 5271 1513 5328 nempe
1540 5264 1753 5313 naturae
1782 5256 2065 5313 Christum

473 5360 598 5402 esse
620 5339 982 5417 'comprobes.
1034 5345 1217 5413 Quare
1276 5349 1424 5418 quod
1470 5347 1736 5404 adversus
1796 5362 1900 5402 nos
1948 5362 1979 5401 a
2016 5356 2068 5402 te

477 5449 741 5510 tanquam
793 5450 1002 5496 certum
1051 5424 1394 5507 decernitur,
1431 5440 1541 5495 tale
1595 5440 1726 5511 quid
1774 5448 1882 5505 est,
1938 5439 2067 5494 licet

474 5531 674 5587 stolide
703 5532 1120 5603 exprompsisti,
1145 5530 1594 5604 quandoquidem
1646 5546 1755 5586 non
1799 5530 1938 5587 citra
1975 5546 2066 5586 er-

472 5639 656 5681 rorem
709 5632 925 5681 naturae
980 5634 1034 5681 et
1071 5625 1407 5698 hypostasis,
1466 5638 1717 5695 personae
1739 5638 1937 5695 nempe
1961 5638 2065 5679 no--

469 5733 617 5784 men,
647 5719 807 5788 quasi
858 5718 1003 5775 idem
1034 5718 1311 5790 signiﬁcet
1345 5721 1400 5775 in
1444 5718 1770 5774 oeconomiae
1803 5718 2066 5789 mysterio

471 5809 715 5882 accipis:
752 5820 806 5868 et
833 5820 969 5883 quot
990 5820 1119 5870 sunt
1150 5821 1386 5883 naturae,
1415 5817 1495 5869 tot
1522 5811 1690 5869 etiam
1710 5811 2059 5884 bypostases,

2174 4607 2453 4682 ἀγαπῶσι
2481 4609 2788 4681 φορτῶσαι
2814 4610 2913 4663 ἐπὶ
2949 4610 3057 4665 τοῦ
3084 4609 3433 4680 προσώπου,
3457 4605 3530 4667 οὗ
3562 4608 3770 4678 λέγου-

2175 4720 2281 4758 σιν
2296 4702 2400 4768 Er;
2426 4703 2494 4757 Εἰ
2511 4702 2629 4773 μὲν
2670 4701 2781 4772 τῆς
2809 4702 3113 4771 θεότητος,
3145 4702 3263 4772 τὴν
3300 4702 3406 4757 τοῦ
3433 4704 3767 4758 Σαϐελλίου

2173 4793 2501 4851 ἀσθένειαν
2512 4793 2995 4862 ἀσθενήσουσινο
3013 4797 3063 4849 si
3077 4793 3147 4848 δὲ
3162 4794 3271 4863 τῆς
3289 4795 3764 4863 ἀνθρωπότητος,

2175 4889 2234 4945 τί
2260 4889 2437 4944 ἐστιν
2460 4887 2681 4955 ἐκεῖνο,
2703 4888 2734 4943 ὃ
2755 4889 2825 4943 ὲν
2850 4888 3105 4957 ἀληθείᾳ
3130 4889 3201 4943 ἐν
3215 4888 3423 4960 μορφῇ
3450 4884 3765 4956 ἀνθρώπου

2173 4980 2282 5036 τὸν
2299 4980 2523 5048 Κύριον
2548 4980 2849 5046 ἕϐλεπον;
2879 4979 3151 5035 Ἐνταῦθα
3175 4980 3275 5052 μὲν
3298 4977 3660 5051 σχηματίζεις
3678 4972 3765 5026 τὸν

2174 5072 2357 5143 λόγον,
2382 5072 2460 5137 ὡς
2490 5074 2556 5128 ἐκ
2584 5072 2693 5129 τῶν
2726 5073 2988 5128 ἐναντίων
3024 5072 3149 5126 καθ’
3187 5072 3346 5144 ἡμῶν
3384 5067 3764 5145 ,προϐαλλόμε-

2173 5184 2283 5231 νον,
2335 5166 2433 5221 καὶ⁵
2466 5166 2618 5238 ἡμᾶς
2669 5166 2729 5220 ὲν
2784 5164 2864 5237 τῷ
2919 5165 3101 5219 δοκεῖν
3141 5164 3272 5228 τοὺς
3315 5163 3410 5217 δύο
3447 5164 3640 5233 φύσεις
3674 5155 3763 5209 ἐπὶ

2171 5258 2416 5332 Χριστοῦ
2446 5259 2728 5329 λέγοντας,
2776 5258 2875 5313 καὶ
2903 5257 3034 5330 μίαν
3075 5256 3402 5324 ὑπόστασιν,
3451 5257 3531 5319 είς
3562 5253 3760 5309 ἄτοπον

2180 5349 2576 5422 περιστρέφειν
2603 5388 2619 5414 ,
2672 5349 2760 5402 ἵνα
2798 5346 2961 5419 δῆθεν
3009 5348 3075 5401 ὲκ
3115 5345 3211 5401 τοῦ
3245 5347 3393 5418 ἡμᾶς
3447 5346 3529 5409 είς
3567 5342 3759 5397 ἄτοπον

2170 5444 2431 5513 ἀπάγειν,
2462 5442 2525 5496 τὸ
2548 5443 2751 5497 οίκεῖον
2780 5438 2949 5494 αὑτοῦ
2979 5439 3181 5511 δόγμα,
3218 5440 3279 5493 τὸ
3312 5440 3441 5511 μιᾶς
3491 5435 3633 5491 εἶναι
3662 5431 3759 5502 φύ-

2174 5552 2316 5599 σεως
2354 5535 2445 5589 τὸν
2499 5532 2761 5605 Χριστὸν,
2813 5531 3308 5595 κατασκευάσειας.
3360 5530 3652 5601 Τοιγάρτοι
3703 5520 3760 5573 τὸ

2173 5625 2331 5699 παρὰ
2372 5624 2468 5679 σοῦ
2514 5623 2987 5697 δογματιζόμενον
3016 5623 3142 5678 καθ’
3181 5622 3341 5695 ἡμῶν
3383 5621 3502 5676 ἔστι
3535 5615 3758 5676 τοιόνδε,

2170 5720 2219 5773 εί
2242 5718 2338 5773 καὶ
2358 5718 2607 5789 ἀνοήτως
2642 5717 2776 5772 αὑτὸ
2802 5715 3153 5788 ἐξενήνοχας,
3185 5714 3376 5787 ἐπειδὴ
3403 5708 3757 5785 ὲσφαλμένως

2170 5812 2233 5867 τὸ
2266 5812 2366 5884 τῆς
2397 5811 2615 5883 φύσεως
2667 5810 2763 5867 καὶ
2812 5808 3190 5878 ὑποστάσεως,
3249 5808 3419 5882 ἤγουν
3465 5799 3757 5880 προσώπου
