4064 6420
315 450 425 514 657

1187 452 1622 514 REFUTATIO
1649 450 2031 512 EPISTOLE
2070 450 2299 510 REGIS
2341 448 2725 509 ΛΗΜΕΝΙᾹΞ.

3484 448 3590 512 658

315 566 493 634 ὄνομα
524 562 722 617 ταυτὸν
750 559 946 632 δηλοὺν
975 561 1070 615 ἐπὶ
1099 563 1200 633 τῆς
1225 563 1543 634 οἰκονομίας
1573 565 1784 633 ἐπινοῇ,
1813 562 1909 616 καὶ

2013 561 2093 616 vel
2118 575 2382 630 personas
2419 558 2603 614 induci
2640 556 2920 624 concedis,
2966 565 3021 611 et
3054 572 3178 612 cum
3213 573 3316 614 nos
3356 558 3494 613 duas
3534 560 3590 614 in

315 655 440 710 ὅσαι
481 655 582 726 μὲν
633 655 692 708 ui
721 654 935 724 φύσεις,
987 654 1253 719 τοσαύτας
1289 656 1385 709 καὶ
1421 657 1520 720 τὰς
1555 656 1903 722 ὑποστάσεις,

317 749 489 819 ἤγουν
525 747 796 819 πρόσωπα
821 748 1239 815 συνεισάγεσθαι
1260 747 1440 812 δίδως,
1465 748 1628 818 ἡνίκα
1652 748 1718 801 ἂν
1745 749 1906 818 ἡμεῖς

322 840 415 893 δύο
461 839 654 908 φύσεις
685 839 778 891 ἐπὶ
826 839 1066 910 Χριστοῦ
1100 841 1195 892 xui
1244 839 1374 909 μίαν
1403 840 1700 892 ὑπόστασιν
1734 838 1904 892 εἴπω-

329 949 448 1001 μεν,
481 932 798 1003 παραυτίκα
829 932 1086 1000 συνάγεις
1137 931 1278 986 κατὰ
1309 934 1510 985 οἰκεῖον
1549 931 1787 1002 θέλημα,
1818 933 1904 986 ὅτι

321 1025 563 1094 ἀνάγκη,
592 1027 790 1094 κρᾶσιν
819 1024 1107 1094 ωμὸαίνει
1134 1023 1386 1092 γίνεσθαι
1429 1026 1543 1087 τοῖς
1566 1023 1901 1094 προσώποις·

321 1120 374 1168 εί
404 1116 462 1168 δὲ
498 1115 658 1169 τοῦτο
688 1116 893 1170 ἄτοπον
943 1117 1005 1168 τὸ
1052 1116 1256 1183 λέγειν,
1299 1117 1498 1185 κρᾶσιν
1520 1115 1768 1184 γίνεσθαι
1798 1116 1906 1169 τῶν

316 1208 656 1279 προσώπων,
693 1209 906 1278 ἀνάγκη
941 1210 1070 1278 μιᾶς
1116 1207 1471 1270 ὑποστάσεως
1501 1208 1653 1275 ὄντα,
1690 1208 1906 1280 ἀνάγκη

317 1302 419 1354 καὶ
455 1303 578 1370 μιᾶς
615 1300 854 1368 φύσεως.
887 1301 951 1351 Ὢ
975 1299 1072 1368 τῆς
1100 1298 1342 1369 ἀμαθίας
1375 1298 1484 1351 τῶν
1516 1299 1690 1353 ταῦτα
1718 1298 1905 1366 λεγόν-

317 1393 460 1444 τωνί
485 1391 621 1443 Οὑδὲ
652 1391 761 1458 γὰρ
793 1389 1034 1458 συνῆκαν
1058 1388 1186 1458 περὶ
1213 1381 1286 1440 ὧν
1315 1404 1375 1439 τε
1397 1387 1638 1456 λέγουσι,
1665 1387 1760 1441 xui
1780 1389 1908 1458 περὶ

316 1483 485 1534 τίνων
515 1481 980 1536 διαϐεϐαιοῦνται.
1035 1481 1130 1542 Τίς
1156 1480 1266 1550 γὰρ
1308 1480 1416 1533 τῶν
1451 1479 1513 1533 εὑ
1542 1480 1904 1550 φρονούντων,

315 1571 385 1623 τὸ
414 1570 612 1635 κοινὸν,
653 1573 770 1642 ἦτοι
797 1571 859 1623 τὸ
900 1569 1131 1624 καθόλου
1161 1567 1358 1622 ταυτὸν
1406 1569 1634 1638 φήσειεν
1665 1567 1729 1621 ἂν
1765 1564 1906 1622 εἶναι

316 1661 401 1733 τῷ
431 1663 603 1733 ίδικῷ,
630 1663 797 1733 ἤγουν
826 1661 904 1732 τῷ
921 1661 1258 1724 καθέκαστα,
1283 1661 1421 1730 ὅπερ
1447 1661 1562 1712 ἐστὶ
1585 1661 1901 1730 πρόσωπον,

316 1753 356 1821 ἢ
397 1753 736 1819 ὑπόστασις;
771 1752 844 1805 Τὸ
880 1750 980 1821 μὲν
1010 1751 1119 1819 γὰρ
1153 1751 1296 1804 κατὰ
1326 1751 1590 1804 πλειόνων
1618 1751 1776 1804 εἴωθε
1809 1753 1905 1820 φέ-

318 1843 538 1913 ρεσθαι,
571 1841 681 1896 οἷον
726 1845 754 1895 ὁ
798 1843 1086 1913 ἅνθρωπος
1120 1844 1261 1895 κατὰ
1299 1843 1509 1909 Πέτρου
1541 1842 1635 1897 xui
1665 1843 1900 1908 Παύλου,

2009 653 2228 707 Christo
2289 660 2514 704 naturas
2552 656 2609 704 et
2663 663 2824 702 unam
2873 649 3204 718 byposlasim
3263 651 3590 714 asserimus,

2009 745 2155 799 illico
2184 753 2240 798 tu
2273 759 2370 813 pro
2402 742 2630 797 libidine
2664 741 2895 812 colligis,
2931 756 3156 797 necesse
3205 757 3346 807 esse,
3377 742 3592 797 mistio-

2008 850 2130 889 nem
2170 834 2285 889 ﬁeri
2307 849 2686 903 personarum,
2713 833 2859 902 quod
2899 832 2945 887 si
2998 832 3050 887 id
3086 832 3267 886 dicere
3295 833 3590 887 absurdum

2008 925 2362 997 ineptumque
2413 935 2516 992 est,
2557 925 2867 997 mistionem
2924 939 3293 996 personarum
3344 927 3464 981 ﬁeri
3496 943 3593 982 nc-

2010 1033 2162 1074 cesse
2189 1033 2334 1081 esse,
2387 993 2900 1088 uniushypostasis
2948 1033 3074 1071 cum
3118 1019 3212 1082 sit,
3261 1019 3423 1071 unius
3453 1032 3594 1086 quo-

2009 1127 2116 1182 que
2139 1126 2261 1166 esse
2312 1119 2543 1166 naturae.
2602 1107 2646 1164 Ο
2701 1110 3070 1180 ignorantiam
3129 1112 3332 1166 similia
3367 1110 3592 1165 traden-

2009 1202 2176 1255 tium!
2229 1202 2578 1270 nequeenim
2634 1210 2858 1268 norunt,
2912 1202 2980 1256 de
3027 1202 3228 1271 quibus
3277 1217 3592 1258 sermOnem

2009 1291 2234 1358 habent,
2270 1299 2324 1344 ct
2366 1291 2433 1346 de
2474 1291 2676 1361 Quibus
2705 1291 3043 1356 decernunt;
3077 1293 3204 1362 quis
3235 1293 3404 1359 enim,
3434 1292 3597 1347 dum-

2008 1382 2172 1437 modo
2220 1384 2436 1438 animus
2465 1383 2611 1437 illius
2657 1399 2686 1437 a
2733 1383 3000 1453 sapientia
3045 1392 3098 1438 et
3156 1385 3447 1454 prudentia
3508 1402 3596 1440 re-

2009 1483 2188 1528 motus
2238 1489 2345 1527 non
2395 1474 2488 1537 sit,
2548 1489 2875 1537 commune,
2931 1490 3026 1529 seu
3079 1476 3387 1531 universale
3449 1479 3598 1532 dicet

2009 1563 2150 1619 idem
2200 1579 2324 1619 esse
2353 1579 2420 1619 ac
2463 1563 2825 1630 individuum,
2866 1565 2981 1619 sive
3006 1565 3305 1635 singulare,
3333 1569 3481 1636 quod
3511 1579 3597 1624 est

2010 1672 2263 1726 persona,
2298 1657 2411 1712 sive
2451 1657 2815 1727 hypostasis?
2869 1657 2979 1712 lloc
3012 1660 3157 1712 enim
3187 1661 3252 1714 ad
3287 1662 3471 1730 plures
3506 1678 3594 1716 re-

2011 1748 2143 1804 ferri
2173 1749 2330 1810 solet,
2361 1756 2418 1802 ut
2471 1748 2636 1802 homo
2684 1748 2750 1802 ad
2806 1747 3030 1802 Petrum
3089 1759 3143 1804 et
3203 1751 3456 1815 Paulum,
3490 1755 3598 1809 hoc

2007 1853 2141 1892 vero
2166 1837 2234 1892 ad
2273 1854 2465 1899 unum,
2495 1847 2556 1892 ut
2598 1853 2834 1909 persona
2891 1847 2946 1893 et
2981 1841 3330 1909 bypostasis:
3379 1859 3480 1899 nec
3505 1853 3593 1898 est

312 1935 384 1986 τὸ
419 1934 475 1986 δὲ
506 1934 627 1987 καθ’
656 1934 796 1998 ἐνὸς,
831 1936 951 2004 ἦτοι
977 1934 1038 1986 τὸ
1077 1934 1371 2005 πρόσωπον
1399 1936 1491 1988 καὶ
1521 1936 1553 2005 ή
1586 1935 1904 2002 ὑπόστασις,

2017 1946 2261 1995 necesse,
2315 1939 2375 1984 ut
2424 1930 2528 1986 sibi
2585 1939 2778 1984 mutdo
2847 1933 3214 2000 respondeant
3285 1944 3478 1988 natura
3544 1944 3600 1989 et

314 2027 419 2079 xui
446 2027 545 2079 οὐκ
598 2026 820 2095 ἀνάγκη
845 2026 1227 2097 ἀντιστρέφειν
1268 2025 1405 2098 πρὸς
1458 2027 1665 2098 ἄλληλα
1709 2029 1807 2095 τήν
1848 2045 1908 2080 τε

315 2119 487 2187 φύσιν
518 2121 613 2172 καὶ
642 2119 703 2172 τὸ
738 2119 1032 2188 πρόσωπον
1053 2133 1066 2147 ⁸
1096 2117 1173 2188 τῷ
1198 2118 1297 2188 μὲν
1320 2120 1429 2188 γὰρ
1455 2119 1754 2174 ὑπόστασιν
1771 2117 1910 2174 εἶναι

312 2210 553 2278 λέγοντι,
573 2211 788 2282 ἀνάγκη
818 2213 1080 2279 παρεῖναι
1109 2211 1210 2282 τὴν
1241 2209 1426 2280 φύσιν,
1459 2211 1616 2283 εἴπερ
1652 2212 1711 2265 τὸ
1742 2213 1935 2284 πρόσσλ

315 2319 490 2366 ωπον,
538 2303 658 2372 ἦτοι
694 2304 727 2372 ἠ
763 2303 1068 2363 ὑπόστασις
1099 2302 1251 2355 οὐδὲν
1285 2301 1414 2355 ἄλλο
1443 2303 1593 2356 ἐστὶν
1621 2342 1637 2368 ,
1683 2303 1714 2373 ἥ
1748 2303 1912 2372 φύσις

321 2395 468 2464 μετὰ
489 2393 803 2463 ίδιώματος,
830 2395 862 2464 ἢ
897 2394 990 2448 xui
1017 2394 1343 2463 ἰδιωμάτων,
1375 2396 1495 2449 ὅλον
1521 2413 1574 2449 τι
1597 2396 1716 2450 καθ’
1748 2396 1911 2450 ἑαυτὸ

317 2488 656 2557 λεγόμενον
703 2488 781 2558 τῷ
824 2488 881 2540 δὲ
938 2489 1192 2553 καθόλου,
1235 2489 1354 2559 ἦτοι
1412 2489 1575 2556 φύσιν
1625 2489 1908 2556 φάσκοντι,

318 2579 425 2632 οὑκ
469 2579 683 2650 ἀνάγκη
742 2581 837 2632 xui
882 2579 943 2632 τὸ
999 2579 1363 2645 καθέκαστον,
1415 2580 1583 2649 ἤγουν
1633 2580 1694 2632 τὸ
1742 2581 1911 2650 πρόσ-

317 2687 494 2735 ωπον,
520 2671 552 2739 ἢ
586 2672 685 2739 τὴν
710 2671 1012 2726 ὑπόστασιν
1042 2674 1319 2742 παρεῖναι.
1345 2673 1426 2725 Τά
1447 2671 1558 2742 γὰρ
1587 2671 1819 2726 καθόλου
1852 2673 1911 2726 ὲν

315 2763 437 2824 τοῖς
476 2761 791 2816 καθέκαστα
823 2763 1196 2834 θεωρούμενα,
1229 2763 1671 2834 συμπληρωτικὰ
1701 2763 1910 2817 τούτων

318 2850 498 2916 ἐστὶν,
539 2853 598 2905 οὑ
627 2855 735 2924 μὴν
766 2855 833 2907 τὰ
867 2854 1184 2909 καθέκαστα
1214 2855 1271 2909 ὲν
1293 2857 1405 2915 τοῖς
1430 2855 1682 2910 καθόλου.
1701 2855 1911 2909 Οὐκοῦν

319 2943 386 2996 οὑ
416 2943 504 2996 διὰ
537 2943 599 2996 τὸ
629 2945 722 2997 δύο
762 2944 954 3012 φύσεις
1003 2945 1182 3014 λέγειν
1209 2948 1358 3016 ἡμᾶς
1391 2947 1484 3000 ἐπὶ
1516 2947 1776 3016 Χριστοῦ,
1816 2949 1911 3000 xui

324 3035 459 3105 μίαν
495 3035 815 3102 ὑπόστασιν,
870 3037 1159 3107 συμϐαίνει
1200 3039 1295 3091 καὶ
1344 3038 1654 3110 προσώπων
1713 3040 1909 3108 κρᾶσιν

320 3126 594 3195 γίνεσθαι.
626 3127 817 3190 Οὐδεὶς
872 3128 980 3200 γὰρ
1023 3129 1431 3197 καταναγκάζει
1484 3130 1662 3197 λόγος,
1697 3129 1821 3183 ἐπεὶ
1847 3130 1906 3183 οὑ

318 3217 520 3271 ταυτὸν
556 3217 719 3287 φύσις
774 3217 869 3272 καὶ
898 3218 1212 3288 πρόσωπον,
1244 3219 1366 3272 οὑδὲ
1399 3219 1505 3290 μὴν
1530 3220 1906 3289 ἀντιστρέφει,

323 3309 415 3363 ἵνα
435 3309 556 3362 ὅσαι
585 3308 649 3362 ἂν
671 3305 780 3362 εἷεν
805 3311 859 3362 αἱ
886 3309 1099 3379 φύσεις,
1131 3311 1369 3364 τοσαῦτα
1399 3315 1491 3364 xui
1522 3311 1590 3364 τά
1618 3311 1907 3382 πρόσωπα.

336 3398 426 3452 Ἐν
461 3400 678 3464 πολλοῖς
709 3403 817 3471 γὰρ
846 3400 1056 3455 ἔνεστιν
1095 3402 1224 3455 ἰδεῖν
1255 3403 1314 3456 ἐν
1354 3405 1457 3474 μιᾷ
1491 3404 1788 3457 ὑποστάσει
1817 3402 1911 3456 δύο

326 3490 524 3561 φύσεις
563 3492 968 3564 Θεωρουμένας,
1000 3495 1096 3548 xui
1134 3494 1228 3548 δύο
1265 3496 1482 3565 φύσεων
1511 3497 1681 3550 όντων
1709 3495 1783 3566 μὴ
1821 3496 1910 3564 γί-

324 3584 516 3638 νεσθαι
559 3585 654 3638 δύο
699 3585 1012 3657 προσώπων
1053 3588 1158 3652 ἐίς
1189 3587 1307 3650 ἐνὸς
1359 3587 1652 3659 προσώπου
1690 3590 1908 3659 κρᾶσιν,

323 3671 440 3731 οἷον
469 3678 565 3732 ἐπὶ
609 3677 704 3731 τοῦ
733 3679 1054 3736 καθέκαστα
1077 3681 1391 3752 ἀνθρώπου,
1425 3683 1521 3736 καὶ
1554 3683 1648 3735 ἐπὶ
1681 3682 1776 3736 τοῦ
1830 3699 1914 3735 σι-

323 3767 491 3840 δήρου
508 3769 603 3824 τοῦ
626 3773 1161 3843 πεπυρακτωμένου,
1201 3775 1296 3827 καὶ
1330 3776 1418 3828 ἐπ’
1435 3775 1610 3829 ἄλλων
1641 3775 1912 3828 πλείστων

323 3859 416 3913 δύο
442 3860 636 3930 φύσεις
662 3861 927 3934 εὕρηνται
973 3864 1299 3935 άσυγχύτως
1354 3868 1658 3937 ἡνωμέναι,
1691 3870 1752 3922 οὑ
1804 3869 1913 3940 μὴν

323 3956 421 4008 xui
451 3957 725 4025 πρόσωπα
761 3958 877 4024 δύο,
914 3960 1000 4012 ἵνα
1034 3959 1132 4013 xui
1176 3959 1319 4012 κατά
1366 3961 1566 4031 κρᾶσιν
1600 3962 1695 4014 xui
1725 3961 1784 4014 ἓν
1811 3962 1911 4029 γέ-

322 4065 543 4103 νωνται.
591 4049 864 4114 Ὡσαύτως
908 4051 965 4105 δὲ
998 4053 1094 4104 καὶ
1145 4053 1206 4105 τὸ
1237 4052 1332 4105 τοῦ
1388 4053 1716 4107 Ἀποστόλου
1747 4055 1912 4125 ῥητὸν

325 4137 514 4202 κακῶς
547 4139 791 4207 συνῆκας
815 4141 876 4192 τὸ
921 4141 1246 4211 λεγόμενον·
1283 4143 1387 4207 '0;-
1423 4141 1494 4195 ἐν
1525 4141 1730 4210 μορφῇ
1762 4141 1911 4196 Θεοῦ

321 4227 633 4298 ὑπάρχων,
664 4231 778 4300 οὐχ
808 4231 1125 4301 ἁρπαγμὸν
1171 4231 1447 4301 ἡγήσατο
1497 4232 1564 4287 τὸ
1612 4234 1767 4287 εἶναι
1805 4235 1914 4288 tua

328 4320 474 4386 Θεῷ,
497 4322 634 4375 ἀλλ’
653 4323 873 4378 ἑαυτὸν
893 4325 1156 4378 ἐκένωσε
1173 4325 1420 4394 μορφὴν
1443 4325 1668 4381 δούλου
1687 4327 1909 4384 λαϐὼν.

327 4411 403 4463 Τὸ
438 4411 539 4481 μὲν
561 4407 654 4465 οὖν
681 4413 779 4482 τῆς
804 4414 1019 4485 μορφῆς
1052 4415 1080 4468 ὅ
1127 4431 1186 4468 τε
1224 4415 1396 4484 μέγας
1423 4417 1702 4480 Βασίλειος
1732 4420 1790 4472 ὲν
1813 4420 1912 4489 ίσῳ

321 4502 585 4557 δύνασθαι
621 4505 910 4574 σημαίνειν
954 4506 1032 4577 τῷ
1064 4507 1123 4560 ὲν
1165 4508 1327 4580 οὐσίᾳ
1361 4510 1454 4563 xui
1481 4509 1646 4578 φύσει
1697 4513 1762 4583 τῇ
1801 4529 1909 4564 πα-

2015 2037 2288 2092 persona;
2328 2038 2567 2093 namque
2615 2023 2952 2094 bypostasim
3006 2040 3131 2079 esse
3187 2027 3602 2093 asserenti,ne-

2015 2131 2170 2171 cesse
2213 2123 2328 2181 est,
2389 2125 2450 2170 ut
2491 2113 2634 2170 adsit
2689 2124 2924 2181 natura,
2987 2117 3034 2172 si
3086 2117 3252 2171 modo
3318 2133 3597 2187 persona,

2015 2204 2129 2260 sive
2177 2205 2491 2276 bypostasis
2521 2205 2657 2259 nihil
2692 2207 2840 2262 aliud
2872 2213 2976 2275 est,
3019 2213 3184 2279 quam
3221 2219 3415 2266 natura
3471 2227 3601 2268 cum

2015 2298 2369 2367 proprietate,
2421 2296 2504 2352 vel
2565 2298 3021 2366 proprietatibus,
3095 2309 3270 2356 totum
3322 2305 3600 2373 quoddam

2013 2403 2108 2456 per
2133 2403 2193 2443 se
2233 2389 2448 2443 dictum
2481 2405 2496 2455 ;
2532 2397 2588 2442 at
2635 2390 2965 2457 universale,
2998 2393 3114 2448 sive
3135 2405 3386 2448 naturam
3423 2411 3601 2450 enun-

2017 2481 2200 2547 tianti,
2259 2497 2364 2536 non
2420 2491 2504 2537 est
2556 2498 2785 2539 necesse
2832 2492 2888 2538 et
2945 2485 3244 2554 singulare,
3306 2503 3600 2557 personam

2015 2589 2233 2642 nempe,
2260 2583 2355 2629 aut
2392 2574 2734 2645 bypostasim
2779 2576 2994 2631 adesse.
3039 2577 3384 2634 Universalia
3443 2579 3596 2634 enim

2016 2665 2069 2718 in
2105 2664 2403 2722 individuis
2445 2667 2815 2734 considerata,
2855 2670 3048 2723 borum
3097 2669 3305 2726 faciunt
3338 2671 3404 2725 ad
3443 2687 3599 2727 com-

2016 2757 2370 2826 plementum,
2428 2769 2484 2814 at
2535 2775 2642 2815 non
2713 2761 3015 2831 singularia
3060 2763 3115 2817 in
3174 2765 3600 2821 universalibus.

2014 2849 2133 2903 Non
2169 2851 2351 2919 itaque
2379 2866 2446 2905 ex
2485 2867 2552 2906 eo
2598 2855 2744 2923 quod
2783 2855 3020 2910 dicimus
3073 2857 3212 2912 duas
3273 2858 3328 2911 in
3381 2858 3603 2913 Christo

2016 2950 2241 2997 naturas
2299 2951 2354 2996 et
2411 2959 2577 2998 unam
2647 2947 3007 3016 bypostasim,
3064 2949 3372 3003 evincimur
3433 2952 3600 3004 etiam

2014 3032 2196 3086 dicere
2217 3042 2272 3088 et
2303 3033 2696 3090 immistioncm
2753 3052 3117 3106 personarum
3169 3040 3306 3094 ﬁeri.
3351 3039 3507 3095 Nulla
3547 3044 3602 3097 id

2014 3123 2161 3193 cogit
2222 3125 2384 3190 ratio,
2438 3141 2562 3179 cum
2625 3142 2735 3180 non
2796 3127 2938 3182 idem
2993 3131 3067 3184 sit
3124 3140 3319 3186 natura
3371 3142 3424 3187 et
3480 3150 3601 3202 per-

2013 3230 2168 3281 sona,
2202 3231 2378 3285 neque
2425 3233 2531 3271 una
2572 3233 2671 3287 pro
2707 3219 2813 3273 alia
2849 3231 3124 3287 sumatur,
3186 3232 3246 3278 ut
3297 3233 3433 3292 quot
3490 3227 3603 3280 sint

2022 3317 2253 3372 naturae,
2291 3316 2369 3361 tot
2427 3309 2593 3362 etiam
2655 3310 2766 3364 sint
2825 3326 3095 3379 personae.
3131 3311 3186 3366 In
3236 3316 3424 3369 multis
3453 3319 3602 3371 enim

2016 3398 2389 3466 conspicimus
2423 3399 2478 3453 in
2538 3415 2646 3454 una
2692 3402 2970 3472 byposlasi
3024 3404 3161 3459 duas
3201 3414 3427 3462 naturas
3473 3424 3606 3462 con-

2013 3491 2263 3557 siderari,
2311 3502 2366 3546 et
2395 3493 2608 3550 duabus
2656 3495 2870 3550 naturis
2919 3496 3314 3555 exsistentibus
3350 3515 3456 3554 non
3491 3501 3606 3555 ﬁeri

2013 3581 2150 3636 duas
2180 3599 2442 3652 personas
2473 3586 2530 3639 in
2563 3587 2730 3640 unius
2800 3601 3049 3655 personae
3095 3588 3433 3655 mistionem,
3461 3603 3518 3644 ut
3547 3593 3604 3646 in

2013 3672 2279 3742 singulari
2307 3675 2547 3744 homine,
2575 3685 2628 3731 et
2662 3675 2716 3730 in
2747 3675 2895 3731 ferro
2918 3693 3208 3746 succenso,
3239 3693 3294 3735 et
3321 3681 3374 3734 in
3409 3682 3607 3752 pleris-

2013 3778 2121 3833 que
2190 3764 2312 3819 aliis
2369 3765 2490 3821 duae
2559 3777 2771 3822 natura:
2831 3770 3246 3840 comperinntur
3308 3772 3601 3829 inconfuse

2013 3857 2204 3920 unitas,
2241 3872 2352 3911 non
2402 3868 2586 3913 autem
2637 3871 2691 3915 et
2735 3861 2857 3916 duae
2898 3877 3165 3930 personm,
3237 3873 3298 3917 ut
3347 3879 3444 3933 per
3495 3866 3602 3919 mi-

2013 3949 2249 4006 stionem
2280 3965 2452 4013 unum
2481 3951 2634 4006 (iant.
2669 3951 2934 4008 Similiter
2993 3954 3158 4008 etiam
3227 3954 3475 4024 A-postoli
3513 3959 3599 4011 di-

2013 4050 2161 4095 ctum
2198 4056 2305 4096 non
2334 4042 2504 4112 probe
2575 4042 2913 4107 intellexisti,
2952 4044 3099 4113 quod
3155 4044 3271 4098 ait:
3335 4043 3440 4110 Qui
3479 4064 3600 4100 cum

2013 4134 2070 4185 in
2109 4132 2283 4202 forma
2322 4134 2421 4188 Dei
2451 4145 2631 4200 esset,
2685 4151 2789 4188 non
2855 4137 3100 4205 rapinam
3153 4137 3449 4191 arbitratus
3498 4151 3598 4203 est,

2012 4239 2124 4276 esse
2153 4240 2208 4277 se
2255 4225 2514 4294 aequalem
2574 4225 2705 4292 Deo,
2771 4228 2862 4282 sed
2914 4229 3250 4296 semetipsum
3279 4231 3601 4286 .exinanivit

2015 4316 2245 4385 formam
2279 4318 2416 4372 servi
2452 4320 2718 4389 accipiens
2743 4322 2789 4374 ⁹.
2854 4320 3063 4376 Nomen
3095 4323 3279 4392 itaque
3327 4322 3515 4380 formae
3545 4336 3603 4379 et

2014 4424 2249 4478 magnus
2311 4411 2547 4467 Basilius
2596 4413 2820 4482 perinde
2858 4429 2980 4470 esse
3024 4416 3279 4485 idemque
3336 4417 3597 4485 innuero,

2014 4515 2080 4555 ac
2147 4502 2240 4571 qui
2302 4503 2355 4556 in
2421 4506 2658 4560 essentia
2724 4516 2778 4561 et
2857 4515 3055 4562 natura
3141 4519 3366 4578 paterna
3426 4509 3600 4566 Filius

323 4597 490 4665 τρικῇ
527 4595 620 4649 τὸν
654 4597 780 4651 Υίὸν
811 4597 964 4663 ὄντα,
1025 4599 1242 4671 μορφὴν
1293 4601 1506 4666 δούλου,
1541 4603 1710 4673 ἤγουν
1744 4603 1907 4674 φύσιν

2015 4603 2152 4656 erat,
2203 4593 2435 4649 formam
2485 4599 2652 4663 servi,
2702 4599 2807 4655 hoc
2858 4609 2942 4654 est
2989 4610 3265 4666 naturam,
3303 4605 3602 4672 assumpsit

323 4686 682 4756 ἀνειληφέναι
732 4689 824 4742 τὸν
861 4690 1088 4760 Κύριον,
1145 4692 1242 4744 xui
1270 4693 1532 4763 γεγονότα
1582 4694 1905 4765 ἀνθρωπονο

323 4779 421 4831 xui
454 4779 570 4832 ὅσοι
608 4780 676 4833 ἂν
729 4780 883 4834 τοῦδε
939 4781 1035 4834 τοῦ
1067 4781 1233 4853 ῥητοῦ
1285 4785 1386 4854 τὴν
1430 4783 1692 4856 ἐξήγησιν
1723 4787 1912 4858 ἐποιή-

325 4883 492 4920 σαντο
522 4869 788 4940 Πατέρες,
822 4872 880 4924 ὲν
909 4871 1090 4942 οὑσίᾳ,
1126 4872 1248 4942 ἦτοι
1279 4873 1462 4941 φύσει,
1485 4875 1545 4928 τὸ
1567 4876 1666 4946 τῆς
1696 4879 1911 4948 μορφῆς

230 4993 238 4999 .
323 4958 497 5028 ὄνομα
522 4959 814 5030 σημαίνειν
842 4963 1183 5033 νενσήκασιν.
1208 4961 1382 5027 Αὐτὸς
1405 4960 1498 5020 οὖν
1523 4967 1618 5019 xui
1641 4967 1761 5020 τόδε
1783 4985 1913 5020 ταυ-

321 5050 414 5104 τὸν
449 5053 801 5124 ἡγησάμενος
851 5056 1140 5127 σημαίνειν
1176 5057 1254 5129 τῷ
1303 5057 1583 5130 προσώπῳ
1634 5059 1778 5114 καθὰ
1815 5061 1910 5114 xui

321 5144 422 5214 τὴν
453 5146 643 5215 φύσιν,
667 5148 901 5218 ἀμαθῶς
937 5151 1028 5204 xui
1057 5152 1466 5215 ἀναποδείκτως
1493 5153 1899 5223 συμπεραίνεις.

323 5236 436 5289 Καὶ
455 5237 630 5303 ἄλλως
661 5242 742 5304 είς
770 5241 830 5293 τὸ
858 5243 1012 5296 αὑτόο
1047 5244 1108 5295 Ei
1137 5243 1235 5312 μὲν
1260 5239 1354 5297 οὖν
1384 5243 1481 5308 τὰς
1510 5244 1704 5314 φύσεις
1732 5263 1905 5315 κεχω-

327 5327 625 5397 ρισμένας,
649 5333 768 5403 ἤτοι
793 5333 1218 5399 ίδιοσυστάτους,
1252 5333 1345 5386 xui
1373 5335 1495 5387 καθ’
1524 5334 1724 5395 ἑαυτὰς
1739 5335 1906 5398 οὑσας

323 5420 774 5493 ἑδογματὶζομεν,
808 5420 922 5478 οἷον
967 5426 1060 5479 τὸν
1087 5425 1221 5479 Θεὸν
1255 5427 1428 5495 Λόγον
1468 5427 1612 5490 ἰδίως
1641 5427 1781 5497 μετὰ
1811 5430 1911 5498 τῆς

327 5510 518 5582 θεῖκῆς
539 5515 705 5569 αὑτοῦ
739 5516 956 5585 φύσεως
983 5517 1136 5584 ὄντα,
1168 5522 1263 5574 xui
1289 5519 1452 5574 πάλιν
1475 5521 1762 5589 ἄνθρωπον
1784 5521 1909 5576 καθ’

324 5603 520 5656 ἑαυτὸν
557 5609 1004 5676 προὺποστάντα,
1059 5611 1155 5663 xui
1206 5610 1628 5677 διαπλασθέντα,
1665 5609 1782 5666 εἶτα
1810 5615 1908 5683 τὴν

323 5695 521 5751 ἕνωσιν
556 5697 664 5752 τῶν
691 5699 908 5769 φύσεων
939 5700 1212 5772 λέγοντες,
1245 5703 1340 5758 xui
1373 5702 1466 5758 δύο
1512 5704 1682 5771 αὑτὰς
1718 5705 1908 5777 ὁμολο-

435 5875 456 5906 ⁹
498 5873 737 5948 Philipp.
772 5892 835 5945 ll,
866 5879 918 5934 6.

2018 4683 2301 4751 Dominus,
2336 4686 2625 4758 factusque
2657 4699 2742 4746 est
2796 4692 2982 4756 homo,
3039 4703 3096 4750 et
3136 4695 3456 4767 quicunque
3505 4698 3598 4751 alii

2009 4776 2199 4834 Patres
2223 4781 2430 4836 dictum
2490 4783 2592 4837 hoc
2656 4784 2995 4852 interpretati
3031 4795 3183 4853 sunt,
3245 4789 3300 4842 in
3343 4791 3602 4844 essentia:

2010 4880 2329 4941 naturaeque
2359 4873 2761 4945 signiﬁcatione
2778 4869 2780 4872 ’
2795 4875 2987 4932 formae
3009 4893 3206 4932 nomen
3241 4890 3596 4949 acceperunt.

2012 4960 2094 5018 Tu
2133 4965 2318 5034 itaque
2369 4975 2425 5020 et
2481 4967 2587 5022 hoc
2623 4985 2732 5023 non
2787 4970 2934 5024 aliud
2986 4981 3140 5026 ratus
3194 4982 3386 5027 notare
3431 4990 3597 5042 quam

2014 5071 2329 5126 personam,
2354 5060 2818 5130 quemadmodum
2875 5071 2931 5118 et
2996 5073 3274 5131 naturam,
3318 5076 3521 5121 temere
3547 5079 3601 5123 et

2016 5151 2225 5220 absque
2283 5151 2395 5206 ulla
2435 5152 2908 5211 demonstratione
2957 5155 3264 5212 concludis.
3317 5157 3436 5210 Alia
3461 5175 3601 5228 quo-

2013 5258 2121 5313 que
2158 5245 2375 5300 ratione
2413 5246 2483 5300 de
2528 5247 2742 5302 eodem.
2801 5245 2861 5302 Si
2913 5257 3146 5303 naturas
3205 5249 3432 5311 divisas,
3501 5264 3598 5317 per

2013 5352 2072 5392 se
2104 5353 2298 5406 nempe
2325 5338 2708 5405 subsistentes,
2741 5349 2796 5394 et
2818 5351 3102 5410 separatas
3141 5343 3593 5408 decerneremus,

2013 5444 2208 5499 nempe
2239 5429 2406 5484 Deum
2458 5430 2695 5486 Verbum
2733 5432 3028 5502 separatim
3072 5449 3198 5488 cum
3245 5434 3426 5488 divina
3494 5449 3593 5488 sua

2012 5531 2233 5588 natura,
2282 5539 2619 5593 rursumque
2656 5524 2942 5580 hominem
2970 5527 3271 5581 secundum
3325 5541 3386 5581 se
3432 5533 3593 5580 antea

2013 5613 2066 5668 in
2097 5613 2378 5684 hypostasi
2403 5614 2813 5682 subsistentem,
2857 5624 2912 5669 et
2937 5623 3208 5681 creatum,
3261 5623 3376 5670 tum
3432 5614 3595 5669 unio-

2011 5722 2136 5762 nem
2173 5714 2496 5762 naturarum
2530 5705 2947 5775 aiiirmaremus,
2994 5721 3200 5771 easque
3240 5707 3379 5764 duas
3425 5705 3596 5776 proli-
