  <div class='ocr_page' id='page_1' title='image "/cluster/home/n/w/nwhite01/storage/ocr_20150623/105/coo.31924054870096/349.png"; bbox 0 0 4064 6390; ppageno 0'>
   <div class='ocr_carea' id='block_1_1' title="bbox 501 391 606 453">
    <p class='ocr_par' dir='ltr' id='par_1_1' title="bbox 501 391 606 453">
     <span class='ocr_line' id='line_1_1' title="bbox 501 391 606 453; baseline 0.019 -2"><span class='ocrx_word' id='word_1_1' title='bbox 501 391 606 453; x_wconf 79' lang='grc'><strong>659</strong></span> 
     </span>
    </p>
   </div>
   <div class='ocr_carea' id='block_1_2' title="bbox 1777 397 2509 458">
    <p class='ocr_par' dir='ltr' id='par_1_2' title="bbox 1777 397 2509 458">
     <span class='ocr_line' id='line_1_2' title="bbox 1777 397 2509 458; baseline -0.001 1"><span class='ocrx_word' id='word_1_2' title='bbox 1777 398 2066 458; x_wconf 66' lang='lat' dir='ltr'><strong>NICETAS</strong></span> <span class='ocrx_word' id='word_1_3' title='bbox 2105 397 2474 458; x_wconf 78' lang='grc' dir='ltr'><strong>ΒΥΖΑΝΤΙΝ</strong></span> <span class='ocrx_word' id='word_1_4' title='bbox 2486 399 2509 458; x_wconf 86' lang='grc' dir='ltr'><strong>ι</strong></span> 
     </span>
    </p>
   </div>
   <div class='ocr_carea' id='block_1_3' title="bbox 3675 399 3790 463">
    <p class='ocr_par' dir='ltr' id='par_1_3' title="bbox 3675 399 3790 463">
     <span class='ocr_line' id='line_1_3' title="bbox 3675 399 3790 463; baseline 0 -1"><span class='ocrx_word' id='word_1_5' title='bbox 3675 399 3790 463; x_wconf 74' lang='grc'><strong>660</strong></span> 
     </span>
    </p>
   </div>
   <div class='ocr_carea' id='block_1_4' title="bbox 499 514 2086 590">
    <p class='ocr_par' dir='ltr' id='par_1_4' title="bbox 499 515 2086 588">
     <span class='ocr_line' id='line_1_4' title="bbox 499 515 2086 588; baseline 0.004 -22"><span class='ocrx_word' id='word_1_6' title='bbox 499 523 740 566; x_wconf 85' lang='lat' dir='ltr'><strong>tcrcmur</strong></span> <span class='ocrx_word' id='word_1_7' title='bbox 792 521 847 568; x_wconf 90' lang='lat' dir='ltr'><strong>et</strong></span> <span class='ocrx_word' id='word_1_8' title='bbox 877 528 1042 570; x_wconf 83' lang='lat' dir='ltr'><strong>unam</strong></span> <span class='ocrx_word' id='word_1_9' title='bbox 1075 515 1443 587; x_wconf 88' lang='lat' dir='ltr'><strong>hypostasim,</strong></span> <span class='ocrx_word' id='word_1_10' title='bbox 1480 517 1794 573; x_wconf 89' lang='lat' dir='ltr'><strong>necessario</strong></span> <span class='ocrx_word' id='word_1_11' title='bbox 1833 532 2086 588; x_wconf 86' lang='lat' dir='ltr'><strong>sequere-</strong></span> 
     </span>
    </p>
   </div>
   <div class='ocr_carea' id='block_1_5' title="bbox 2186 514 3792 590">
    <p class='ocr_par' dir='ltr' id='par_1_5' title="bbox 2200 514 3792 590">
     <span class='ocr_line' id='line_1_5' title="bbox 2200 514 3792 590; baseline 0.003 -21"><span class='ocrx_word' id='word_1_12' title='bbox 2200 515 2448 585; x_wconf 89' lang='grc' dir='ltr'>γοῦντες,</span> <span class='ocrx_word' id='word_1_13' title='bbox 2486 515 2581 570; x_wconf 75' lang='grc' dir='ltr'>καὶ</span> <span class='ocrx_word' id='word_1_14' title='bbox 2617 514 2750 586; x_wconf 91' lang='grc' dir='ltr'>μίαν</span> <span class='ocrx_word' id='word_1_15' title='bbox 2799 516 3118 583; x_wconf 76' lang='grc' dir='ltr'><strong>ὑπόστασιν,</strong></span> <span class='ocrx_word' id='word_1_16' title='bbox 3151 517 3364 588; x_wconf 78' lang='grc' dir='ltr'><strong>ἀνάγκη</strong></span> <span class='ocrx_word' id='word_1_17' title='bbox 3412 519 3477 574; x_wconf 80' lang='grc' dir='ltr'>τὰ</span> <span class='ocrx_word' id='word_1_18' title='bbox 3510 519 3792 590; x_wconf 77' lang='grc' dir='ltr'>πρόσωπα</span> 
     </span>
    </p>
   </div>
   <div class='ocr_carea' id='block_1_6' title="bbox 500 605 2083 677">
    <p class='ocr_par' dir='ltr' id='par_1_6' title="bbox 500 605 2083 677">
     <span class='ocr_line' id='line_1_6' title="bbox 500 605 2083 677; baseline 0.004 -20"><span class='ocrx_word' id='word_1_19' title='bbox 500 617 610 670; x_wconf 84' lang='lat' dir='ltr'><strong>tur,</strong></span> <span class='ocrx_word' id='word_1_20' title='bbox 672 605 812 661; x_wconf 89' lang='lat' dir='ltr'><strong>duas</strong></span> <span class='ocrx_word' id='word_1_21' title='bbox 865 622 1135 677; x_wconf 78' lang='lat' dir='ltr'><strong>personas</strong></span> <span class='ocrx_word' id='word_1_22' title='bbox 1194 610 1249 664; x_wconf 91' lang='lat' dir='ltr'><strong>in</strong></span> <span class='ocrx_word' id='word_1_23' title='bbox 1298 626 1462 665; x_wconf 89' lang='lat' dir='ltr'><strong>unam</strong></span> <span class='ocrx_word' id='word_1_24' title='bbox 1521 620 1831 668; x_wconf 88' lang='lat' dir='ltr'><strong>contractas</strong></span> <span class='ocrx_word' id='word_1_25' title='bbox 1892 610 2083 677; x_wconf 90' lang='lat' dir='ltr'><strong>fuisse,</strong></span> 
     </span>
    </p>
   </div>
   <div class='ocr_carea' id='block_1_7' title="bbox 499 697 2090 765">
    <p class='ocr_par' dir='ltr' id='par_1_7' title="bbox 499 697 2090 765">
     <span class='ocr_line' id='line_1_7' title="bbox 499 697 2090 765; baseline 0.007 -15"><span class='ocrx_word' id='word_1_26' title='bbox 499 697 643 765; x_wconf 85' lang='lat' dir='ltr'><strong>quod</strong></span> <span class='ocrx_word' id='word_1_27' title='bbox 676 697 722 753; x_wconf 87' lang='lat' dir='ltr'><strong>si</strong></span> <span class='ocrx_word' id='word_1_28' title='bbox 756 699 998 755; x_wconf 87' lang='lat' dir='ltr'><strong>alienum</strong></span> <span class='ocrx_word' id='word_1_29' title='bbox 1059 713 1144 758; x_wconf 88' lang='lat' dir='ltr'><strong>est</strong></span> <span class='ocrx_word' id='word_1_30' title='bbox 1200 720 1229 758; x_wconf 93' lang='lat' dir='ltr'><strong>a</strong></span> <span class='ocrx_word' id='word_1_31' title='bbox 1276 703 1717 760; x_wconf 85' lang='lat' dir='ltr'><strong>Christianorum</strong></span> <span class='ocrx_word' id='word_1_32' title='bbox 1760 705 1863 760; x_wconf 82' lang='lat' dir='ltr'><strong>[ide</strong></span> <span class='ocrx_word' id='word_1_33' title='bbox 1905 707 2090 761; x_wconf 88' lang='lat' dir='ltr'><strong>ortho-</strong></span> 
     </span>
    </p>
   </div>
   <div class='ocr_carea' id='block_1_8' title="bbox 499 789 2085 867">
    <p class='ocr_par' dir='ltr' id='par_1_8' title="bbox 499 789 2085 867">
     <span class='ocr_line' id='line_1_8' title="bbox 499 789 2085 867; baseline 0.007 -25"><span class='ocrx_word' id='word_1_34' title='bbox 499 789 664 853; x_wconf 83' lang='lat' dir='ltr'><strong>doxa,</strong></span> <span class='ocrx_word' id='word_1_35' title='bbox 736 791 904 862; x_wconf 84' lang='lat' dir='ltr'><strong>idque</strong></span> <span class='ocrx_word' id='word_1_36' title='bbox 969 809 1072 851; x_wconf 90' lang='lat' dir='ltr'><strong>nos</strong></span> <span class='ocrx_word' id='word_1_37' title='bbox 1133 805 1394 867; x_wconf 85' lang='lat' dir='ltr'><strong>tanquam</strong></span> <span class='ocrx_word' id='word_1_38' title='bbox 1445 796 1684 852; x_wconf 88' lang='lat' dir='ltr'><strong>Nestorii</strong></span> <span class='ocrx_word' id='word_1_39' title='bbox 1754 799 2085 853; x_wconf 89' lang='lat' dir='ltr'><strong>sententiam</strong></span> 
     </span>
    </p>
   </div>
   <div class='ocr_carea' id='block_1_9' title="bbox 499 883 2087 948">
    <p class='ocr_par' dir='ltr' id='par_1_9' title="bbox 499 883 2087 948">
     <span class='ocr_line' id='line_1_9' title="bbox 499 883 2087 948; baseline 0.005 -13"><span class='ocrx_word' id='word_1_40' title='bbox 499 897 874 948; x_wconf 76' lang='lat' dir='ltr'><strong>exsecramur,</strong></span> <span class='ocrx_word' id='word_1_41' title='bbox 909 883 1112 940; x_wconf 90' lang='lat' dir='ltr'><strong>frustra</strong></span> <span class='ocrx_word' id='word_1_42' title='bbox 1144 887 1410 943; x_wconf 87' lang='lat' dir='ltr'><strong>adversus</strong></span> <span class='ocrx_word' id='word_1_43' title='bbox 1439 904 1543 944; x_wconf 89' lang='lat' dir='ltr'><strong>nos</strong></span> <span class='ocrx_word' id='word_1_44' title='bbox 1599 888 1803 944; x_wconf 80' lang='lat' dir='ltr'><strong>similia</strong></span> <span class='ocrx_word' id='word_1_45' title='bbox 1860 889 2087 943; x_wconf 91' lang='lat' dir='ltr'><strong>conclu-</strong></span> 
     </span>
    </p>
   </div>
   <div class='ocr_carea' id='block_1_10' title="bbox 497 972 2086 1035">
    <p class='ocr_par' dir='ltr' id='par_1_10' title="bbox 497 972 2086 1035">
     <span class='ocr_line' id='line_1_10' title="bbox 497 972 2086 1035; baseline 0.005 -9"><span class='ocrx_word' id='word_1_46' title='bbox 497 974 604 1028; x_wconf 87' lang='lat' dir='ltr'><strong>dis.</strong></span> <span class='ocrx_word' id='word_1_47' title='bbox 641 972 752 1030; x_wconf 85' lang='lat' dir='ltr'><strong>Nos</strong></span> <span class='ocrx_word' id='word_1_48' title='bbox 804 976 951 1030; x_wconf 91' lang='lat' dir='ltr'><strong>enim</strong></span> <span class='ocrx_word' id='word_1_49' title='bbox 1006 977 1240 1033; x_wconf 85' lang='lat' dir='ltr'><strong>dicimus</strong></span> <span class='ocrx_word' id='word_1_50' title='bbox 1293 977 1539 1033; x_wconf 90' lang='lat' dir='ltr'><strong>divinum</strong></span> <span class='ocrx_word' id='word_1_51' title='bbox 1601 977 1801 1035; x_wconf 88' lang='lat' dir='ltr'><strong>Filium</strong></span> <span class='ocrx_word' id='word_1_52' title='bbox 1843 980 2086 1034; x_wconf 75' lang='lat' dir='ltr'><strong>divinam</strong></span> 
     </span>
    </p>
   </div>
   <div class='ocr_carea' id='block_1_11' title="bbox 499 1069 2084 1143">
    <p class='ocr_par' dir='ltr' id='par_1_11' title="bbox 499 1069 2084 1143">
     <span class='ocr_line' id='line_1_11' title="bbox 499 1069 2084 1143; baseline 0.006 -24"><span class='ocrx_word' id='word_1_53' title='bbox 499 1075 749 1123; x_wconf 91' lang='lat' dir='ltr'><strong>naturam</strong></span> <span class='ocrx_word' id='word_1_54' title='bbox 780 1070 835 1123; x_wconf 87' lang='lat' dir='ltr'><strong>in</strong></span> <span class='ocrx_word' id='word_1_55' title='bbox 871 1085 930 1125; x_wconf 91' lang='lat' dir='ltr'><strong>se</strong></span> <span class='ocrx_word' id='word_1_56' title='bbox 968 1069 1540 1140; x_wconf 87' lang='lat' dir='ltr'><strong>perfectehabentem,</strong></span> <span class='ocrx_word' id='word_1_57' title='bbox 1593 1083 1780 1143; x_wconf 86' lang='lat' dir='ltr'><strong>postea</strong></span> <span class='ocrx_word' id='word_1_58' title='bbox 1829 1083 2084 1128; x_wconf 89' lang='lat' dir='ltr'><strong>naturam</strong></span> 
     </span>
    </p>
   </div>
   <div class='ocr_carea' id='block_1_12' title="bbox 500 1160 2084 1237">
    <p class='ocr_par' dir='ltr' id='par_1_12' title="bbox 500 1160 2084 1237">
     <span class='ocr_line' id='line_1_12' title="bbox 500 1160 2084 1237; baseline 0.005 -25"><span class='ocrx_word' id='word_1_59' title='bbox 500 1160 797 1216; x_wconf 84' lang='lat' dir='ltr'><strong>humanam</strong></span> <span class='ocrx_word' id='word_1_60' title='bbox 831 1177 958 1217; x_wconf 88' lang='lat' dir='ltr'><strong>cum</strong></span> <span class='ocrx_word' id='word_1_61' title='bbox 1020 1163 1356 1233; x_wconf 65' lang='lat' dir='ltr'><strong>praescriptis</strong></span> <span class='ocrx_word' id='word_1_62' title='bbox 1410 1165 1489 1219; x_wconf 90' lang='lat' dir='ltr'><strong>illi</strong></span> <span class='ocrx_word' id='word_1_63' title='bbox 1552 1167 1975 1237; x_wconf 89' lang='lat' dir='ltr'><strong>proprietatibus</strong></span> <span class='ocrx_word' id='word_1_64' title='bbox 2029 1167 2084 1220; x_wconf 93' lang='lat' dir='ltr'><strong>in</strong></span> 
     </span>
    </p>
   </div>
   <div class='ocr_carea' id='block_1_13' title="bbox 495 1254 2082 1329">
    <p class='ocr_par' dir='ltr' id='par_1_13' title="bbox 495 1254 2082 1329">
     <span class='ocr_line' id='line_1_13' title="bbox 495 1254 2082 1329; baseline 0.004 -24"><span class='ocrx_word' id='word_1_65' title='bbox 495 1254 719 1324; x_wconf 86' lang='lat' dir='ltr'><strong>propria</strong></span> <span class='ocrx_word' id='word_1_66' title='bbox 747 1255 1029 1326; x_wconf 87' lang='lat' dir='ltr'><strong>hypostasi</strong></span> <span class='ocrx_word' id='word_1_67' title='bbox 1071 1256 1531 1322; x_wconf 87' lang='lat' dir='ltr'><strong>individuantem,</strong></span> <span class='ocrx_word' id='word_1_68' title='bbox 1583 1265 1638 1313; x_wconf 87' lang='lat' dir='ltr'><strong>et</strong></span> <span class='ocrx_word' id='word_1_69' title='bbox 1682 1258 2082 1329; x_wconf 83' lang='lat' dir='ltr'><strong>hypOstaticum</strong></span> 
     </span>
    </p>
   </div>
   <div class='ocr_carea' id='block_1_14' title="bbox 494 1343 2085 1420">
    <p class='ocr_par' dir='ltr' id='par_1_14' title="bbox 494 1343 2085 1420">
     <span class='ocr_line' id='line_1_14' title="bbox 494 1343 2085 1420; baseline 0.006 -24"><span class='ocrx_word' id='word_1_70' title='bbox 494 1343 842 1402; x_wconf 87' lang='lat' dir='ltr'><strong>Dominicum</strong></span> <span class='ocrx_word' id='word_1_71' title='bbox 903 1347 1178 1403; x_wconf 84' lang='lat' dir='ltr'><strong>hominem</strong></span> <span class='ocrx_word' id='word_1_72' title='bbox 1213 1348 1527 1415; x_wconf 78' lang='lat' dir='ltr'><strong>facientem,</strong></span> <span class='ocrx_word' id='word_1_73' title='bbox 1571 1349 1626 1404; x_wconf 92' lang='lat' dir='ltr'><strong>in</strong></span> <span class='ocrx_word' id='word_1_74' title='bbox 1664 1350 1784 1420; x_wconf 89' lang='lat' dir='ltr'><strong>ipso</strong></span> <span class='ocrx_word' id='word_1_75' title='bbox 1818 1360 2085 1420; x_wconf 87' lang='lat' dir='ltr'><strong>conceptu</strong></span> 
     </span>
    </p>
   </div>
   <div class='ocr_carea' id='block_1_15' title="bbox 497 1437 2085 1505">
    <p class='ocr_par' dir='ltr' id='par_1_15' title="bbox 497 1437 2085 1505">
     <span class='ocr_line' id='line_1_15' title="bbox 497 1437 2085 1505; baseline 0.005 -16"><span class='ocrx_word' id='word_1_76' title='bbox 497 1437 597 1505; x_wconf 85' lang='lat' dir='ltr'><strong>ipsi</strong></span> <span class='ocrx_word' id='word_1_77' title='bbox 629 1439 865 1502; x_wconf 90' lang='lat' dir='ltr'><strong>unitum,</strong></span> <span class='ocrx_word' id='word_1_78' title='bbox 909 1448 964 1493; x_wconf 90' lang='lat' dir='ltr'><strong>et</strong></span> <span class='ocrx_word' id='word_1_79' title='bbox 995 1455 1102 1495; x_wconf 89' lang='lat' dir='ltr'><strong>non</strong></span> <span class='ocrx_word' id='word_1_80' title='bbox 1140 1449 1302 1496; x_wconf 89' lang='lat' dir='ltr'><strong>antea</strong></span> <span class='ocrx_word' id='word_1_81' title='bbox 1350 1442 1648 1496; x_wconf 84' lang='lat' dir='ltr'><strong>contictum</strong></span> <span class='ocrx_word' id='word_1_82' title='bbox 1675 1443 1731 1496; x_wconf 93' lang='lat' dir='ltr'><strong>in</strong></span> <span class='ocrx_word' id='word_1_83' title='bbox 1775 1452 1932 1498; x_wconf 84' lang='lat' dir='ltr'><strong>utero</strong></span> <span class='ocrx_word' id='word_1_84' title='bbox 1958 1441 2085 1497; x_wconf 91' lang='lat' dir='ltr'><strong>Vir-</strong></span> 
     </span>
    </p>
   </div>
   <div class='ocr_carea' id='block_1_16' title="bbox 493 1528 2085 1603">
    <p class='ocr_par' dir='ltr' id='par_1_16' title="bbox 493 1528 2085 1603">
     <span class='ocr_line' id='line_1_16' title="bbox 493 1528 2085 1603; baseline 0.004 -23"><span class='ocrx_word' id='word_1_85' title='bbox 493 1528 656 1596; x_wconf 79' lang='lat' dir='ltr'><strong>ginis,</strong></span> <span class='ocrx_word' id='word_1_86' title='bbox 701 1529 793 1583; x_wconf 86' lang='lat' dir='ltr'><strong>sed</strong></span> <span class='ocrx_word' id='word_1_87' title='bbox 829 1531 1014 1584; x_wconf 89' lang='lat' dir='ltr'><strong>statim</strong></span> <span class='ocrx_word' id='word_1_88' title='bbox 1051 1532 1104 1585; x_wconf 91' lang='lat' dir='ltr'><strong>in</strong></span> <span class='ocrx_word' id='word_1_89' title='bbox 1158 1531 1332 1601; x_wconf 87' lang='lat' dir='ltr'><strong>ipsius</strong></span> <span class='ocrx_word' id='word_1_90' title='bbox 1390 1533 1567 1603; x_wconf 90' lang='lat' dir='ltr'><strong>prima</strong></span> <span class='ocrx_word' id='word_1_91' title='bbox 1617 1533 1980 1602; x_wconf 84' lang='lat' dir='ltr'><strong>productione</strong></span> <span class='ocrx_word' id='word_1_92' title='bbox 2012 1534 2085 1589; x_wconf 80' lang='lat' dir='ltr'><strong>si-</strong></span> 
     </span>
    </p>
   </div>
   <div class='ocr_carea' id='block_1_17' title="bbox 492 1621 2086 1694">
    <p class='ocr_par' dir='ltr' id='par_1_17' title="bbox 492 1621 2086 1694">
     <span class='ocr_line' id='line_1_17' title="bbox 492 1621 2086 1694; baseline 0.007 -23"><span class='ocrx_word' id='word_1_93' title='bbox 492 1621 605 1673; x_wconf 83' lang='grc' dir='ltr'>ιηιιΙ</span> <span class='ocrx_word' id='word_1_94' title='bbox 658 1623 762 1677; x_wconf 87' lang='lat' dir='ltr'><strong>tria</strong></span> <span class='ocrx_word' id='word_1_95' title='bbox 821 1622 1014 1687; x_wconf 85' lang='lat' dir='ltr'><strong>fuisse,</strong></span> <span class='ocrx_word' id='word_1_96' title='bbox 1069 1626 1527 1694; x_wconf 84' lang='lat' dir='ltr'><strong>assumptionem,</strong></span> <span class='ocrx_word' id='word_1_97' title='bbox 1571 1626 1977 1692; x_wconf 75' lang='lat' dir='ltr'><strong>exsistentiam,</strong></span> <span class='ocrx_word' id='word_1_98' title='bbox 2031 1638 2086 1683; x_wconf 83' lang='lat' dir='ltr'><strong>et</strong></span> 
     </span>
    </p>
   </div>
   <div class='ocr_carea' id='block_1_18' title="bbox 489 1713 2084 1791">
    <p class='ocr_par' dir='ltr' id='par_1_18' title="bbox 489 1713 2084 1791">
     <span class='ocr_line' id='line_1_18' title="bbox 489 1713 2084 1791; baseline 0.006 -26"><span class='ocrx_word' id='word_1_99' title='bbox 489 1713 894 1770; x_wconf 82' lang='lat' dir='ltr'><strong>deiﬁcationem</strong></span> <span class='ocrx_word' id='word_1_100' title='bbox 924 1716 1099 1786; x_wconf 86' lang='lat' dir='ltr'><strong>ipsius</strong></span> <span class='ocrx_word' id='word_1_101' title='bbox 1129 1734 1160 1772; x_wconf 90' lang='lat' dir='ltr'><strong>a</strong></span> <span class='ocrx_word' id='word_1_102' title='bbox 1193 1716 1396 1784; x_wconf 89' lang='lat' dir='ltr'><strong>Verbo,</strong></span> <span class='ocrx_word' id='word_1_103' title='bbox 1421 1718 1614 1789; x_wconf 84' lang='lat' dir='ltr'><strong>sicque</strong></span> <span class='ocrx_word' id='word_1_104' title='bbox 1671 1718 1926 1791; x_wconf 81' lang='lat' dir='ltr'><strong>intelligi,</strong></span> <span class='ocrx_word' id='word_1_105' title='bbox 2000 1719 2084 1776; x_wconf 85' lang='lat' dir='ltr'><strong>di-</strong></span> 
     </span>
    </p>
   </div>
   <div class='ocr_carea' id='block_1_19' title="bbox 491 1806 2080 1880">
    <p class='ocr_par' dir='ltr' id='par_1_19' title="bbox 491 1806 2080 1880">
     <span class='ocr_line' id='line_1_19' title="bbox 491 1806 2080 1880; baseline 0.006 -20"><span class='ocrx_word' id='word_1_106' title='bbox 491 1806 651 1874; x_wconf 85' lang='lat' dir='ltr'><strong>eique</strong></span> <span class='ocrx_word' id='word_1_107' title='bbox 683 1806 974 1877; x_wconf 89' lang='lat' dir='ltr'><strong>Deiparam</strong></span> <span class='ocrx_word' id='word_1_108' title='bbox 1023 1818 1272 1864; x_wconf 86' lang='lat' dir='ltr'><strong>sanctam</strong></span> <span class='ocrx_word' id='word_1_109' title='bbox 1331 1809 1636 1880; x_wconf 90' lang='lat' dir='ltr'><strong>Virginem,</strong></span> <span class='ocrx_word' id='word_1_110' title='bbox 1700 1827 1810 1867; x_wconf 91' lang='lat' dir='ltr'><strong>non</strong></span> <span class='ocrx_word' id='word_1_111' title='bbox 1868 1822 2080 1868; x_wconf 90' lang='lat' dir='ltr'><strong>tantum</strong></span> 
     </span>
    </p>
   </div>
   <div class='ocr_carea' id='block_1_20' title="bbox 2192 607 3792 682">
    <p class='ocr_par' dir='ltr' id='par_1_20' title="bbox 2192 607 3792 682">
     <span class='ocr_line' id='line_1_20' title="bbox 2192 607 3792 682; baseline 0.003 -20"><span class='ocrx_word' id='word_1_112' title='bbox 2192 607 2262 662; x_wconf 83' lang='grc' dir='ltr'>τὰ</span> <span class='ocrx_word' id='word_1_113' title='bbox 2284 607 2379 662; x_wconf 85' lang='grc' dir='ltr'><strong>δύο</strong></span> <span class='ocrx_word' id='word_1_114' title='bbox 2412 609 2492 672; x_wconf 84' lang='grc' dir='ltr'><strong>εἰς</strong></span> <span class='ocrx_word' id='word_1_115' title='bbox 2535 607 2593 660; x_wconf 85' lang='grc' dir='ltr'><strong>ἓν</strong></span> <span class='ocrx_word' id='word_1_116' title='bbox 2652 608 2950 678; x_wconf 80' lang='grc' dir='ltr'>πρόσωπον</span> <span class='ocrx_word' id='word_1_117' title='bbox 3001 609 3364 682; x_wconf 80' lang='grc' dir='ltr'><strong>συνῃρῆσθαι.</strong></span> <span class='ocrx_word' id='word_1_118' title='bbox 3416 611 3478 662; x_wconf 71' lang='lat' dir='ltr'><strong>Et</strong></span> <span class='ocrx_word' id='word_1_119' title='bbox 3515 611 3573 664; x_wconf 78' lang='grc' dir='ltr'>δὲ</span> <span class='ocrx_word' id='word_1_120' title='bbox 3622 612 3792 666; x_wconf 86' lang='grc' dir='ltr'>τοῦτο</span> 
     </span>
    </p>
   </div>
   <div class='ocr_carea' id='block_1_21' title="bbox 2191 700 3792 773">
    <p class='ocr_par' dir='ltr' id='par_1_21' title="bbox 2191 700 3792 773">
     <span class='ocr_line' id='line_1_21' title="bbox 2191 700 3792 773; baseline 0.001 -19"><span class='ocrx_word' id='word_1_121' title='bbox 2191 701 2477 772; x_wconf 81' lang='grc' dir='ltr'>ἀλλότριον</span> <span class='ocrx_word' id='word_1_122' title='bbox 2518 701 2619 771; x_wconf 82' lang='grc' dir='ltr'>τῆς</span> <span class='ocrx_word' id='word_1_123' title='bbox 2661 700 2771 754; x_wconf 90' lang='grc' dir='ltr'><strong>τῶν</strong></span> <span class='ocrx_word' id='word_1_124' title='bbox 2819 700 3167 772; x_wconf 81' lang='grc' dir='ltr'><strong>Χριστιανῶν</strong></span> <span class='ocrx_word' id='word_1_125' title='bbox 3212 701 3499 773; x_wconf 81' lang='grc' dir='ltr'>ὸρθοδόξου</span> <span class='ocrx_word' id='word_1_126' title='bbox 3549 703 3792 766; x_wconf 87' lang='grc' dir='ltr'>πίστεως</span> 
     </span>
    </p>
   </div>
   <div class='ocr_carea' id='block_1_22' title="bbox 2193 792 3791 865">
    <p class='ocr_par' dir='ltr' id='par_1_22' title="bbox 2193 792 3791 865">
     <span class='ocr_line' id='line_1_22' title="bbox 2193 792 3791 865; baseline -0.002 -16"><span class='ocrx_word' id='word_1_127' title='bbox 2193 795 2291 865; x_wconf 85' lang='grc' dir='ltr'>(ὡς</span> <span class='ocrx_word' id='word_1_128' title='bbox 2325 795 2433 864; x_wconf 81' lang='grc' dir='ltr'>γὰρ</span> <span class='ocrx_word' id='word_1_129' title='bbox 2455 792 2753 865; x_wconf 81' lang='grc' dir='ltr'>Νεστορίου</span> <span class='ocrx_word' id='word_1_130' title='bbox 2778 793 3037 865; x_wconf 83' lang='grc' dir='ltr'>φρόνημα</span> <span class='ocrx_word' id='word_1_131' title='bbox 3057 793 3118 846; x_wconf 77' lang='grc' dir='ltr'>ὃν</span> <span class='ocrx_word' id='word_1_132' title='bbox 3141 793 3574 864; x_wconf 88' lang='grc' dir='ltr'>μυσαττόμεθα),</span> <span class='ocrx_word' id='word_1_133' title='bbox 3605 795 3791 864; x_wconf 81' lang='grc' dir='ltr'><strong>μάτην</strong></span> 
     </span>
    </p>
   </div>
   <div class='ocr_carea' id='block_1_23' title="bbox 2190 884 3791 958">
    <p class='ocr_par' dir='ltr' id='par_1_23' title="bbox 2190 884 3791 958">
     <span class='ocr_line' id='line_1_23' title="bbox 2190 884 3791 958; baseline -0.001 -17"><span class='ocrx_word' id='word_1_134' title='bbox 2190 886 2418 942; x_wconf 89' lang='grc' dir='ltr'>τοιαῦτα</span> <span class='ocrx_word' id='word_1_135' title='bbox 2450 885 2572 940; x_wconf 86' lang='grc' dir='ltr'>καθ’</span> <span class='ocrx_word' id='word_1_136' title='bbox 2598 884 2755 956; x_wconf 86' lang='grc' dir='ltr'>ήμῶν</span> <span class='ocrx_word' id='word_1_137' title='bbox 2785 886 3204 957; x_wconf 84' lang='grc' dir='ltr'>συμπεραίνεις.</span> <span class='ocrx_word' id='word_1_138' title='bbox 3255 887 3447 957; x_wconf 85' lang='grc' dir='ltr'><strong>Ἡμεῖς</strong></span> <span class='ocrx_word' id='word_1_139' title='bbox 3475 887 3581 958; x_wconf 83' lang='grc' dir='ltr'><strong>γάρ</strong></span> <span class='ocrx_word' id='word_1_140' title='bbox 3599 903 3791 956; x_wconf 83' lang='grc' dir='ltr'>φαμεν</span> 
     </span>
    </p>
   </div>
   <div class='ocr_carea' id='block_1_24' title="bbox 2191 977 3791 1049">
    <p class='ocr_par' dir='ltr' id='par_1_24' title="bbox 2191 977 3791 1049">
     <span class='ocr_line' id='line_1_24' title="bbox 2191 977 3791 1049; baseline -0.002 -16"><span class='ocrx_word' id='word_1_141' title='bbox 2191 979 2286 1033; x_wconf 83' lang='grc' dir='ltr'>τὸν</span> <span class='ocrx_word' id='word_1_142' title='bbox 2317 979 2453 1033; x_wconf 75' lang='grc' dir='ltr'>Θεὸν</span> <span class='ocrx_word' id='word_1_143' title='bbox 2483 979 2657 1048; x_wconf 87' lang='grc' dir='ltr'>Λόγον</span> <span class='ocrx_word' id='word_1_144' title='bbox 2704 977 2805 1049; x_wconf 83' lang='grc' dir='ltr'><strong>τὴν</strong></span> <span class='ocrx_word' id='word_1_145' title='bbox 2845 977 2998 1031; x_wconf 82' lang='grc' dir='ltr'><strong>θείαν</strong></span> <span class='ocrx_word' id='word_1_146' title='bbox 3026 977 3190 1048; x_wconf 88' lang='grc' dir='ltr'>φύσιν</span> <span class='ocrx_word' id='word_1_147' title='bbox 3224 980 3284 1032; x_wconf 81' lang='grc' dir='ltr'>ὲν</span> <span class='ocrx_word' id='word_1_148' title='bbox 3338 978 3520 1048; x_wconf 77' lang='grc' dir='ltr'>ἑαυτῷ</span> <span class='ocrx_word' id='word_1_149' title='bbox 3568 978 3791 1031; x_wconf 79' lang='grc' dir='ltr'>τελείαν</span> 
     </span>
    </p>
   </div>
   <div class='ocr_carea' id='block_1_25' title="bbox 2188 1067 3790 1142">
    <p class='ocr_par' dir='ltr' id='par_1_25' title="bbox 2188 1067 3790 1142">
     <span class='ocr_line' id='line_1_25' title="bbox 2188 1067 3790 1142; baseline 0.001 -20"><span class='ocrx_word' id='word_1_150' title='bbox 2188 1071 2402 1142; x_wconf 73' lang='grc' dir='ltr'>ἔχοντα,</span> <span class='ocrx_word' id='word_1_151' title='bbox 2435 1067 2555 1124; x_wconf 80' lang='grc' dir='ltr'>εἶτα</span> <span class='ocrx_word' id='word_1_152' title='bbox 2590 1070 2690 1141; x_wconf 79' lang='grc' dir='ltr'><strong>τὴν</strong></span> <span class='ocrx_word' id='word_1_153' title='bbox 2721 1069 3075 1142; x_wconf 80' lang='grc' dir='ltr'><strong>ἀνθρωπίνην</strong></span> <span class='ocrx_word' id='word_1_154' title='bbox 3123 1069 3287 1140; x_wconf 85' lang='grc' dir='ltr'>φύσιν</span> <span class='ocrx_word' id='word_1_155' title='bbox 3342 1071 3483 1141; x_wconf 87' lang='grc' dir='ltr'><strong>μετά</strong></span> <span class='ocrx_word' id='word_1_156' title='bbox 3515 1070 3622 1123; x_wconf 91' lang='grc' dir='ltr'><strong>τῶν</strong></span> <span class='ocrx_word' id='word_1_157' title='bbox 3669 1071 3790 1139; x_wconf 84' lang='grc' dir='ltr'>ἀφ-</span> 
     </span>
    </p>
   </div>
   <div class='ocr_carea' id='block_1_26' title="bbox 2188 1163 3786 1235">
    <p class='ocr_par' dir='ltr' id='par_1_26' title="bbox 2188 1163 3786 1235">
     <span class='ocr_line' id='line_1_26' title="bbox 2188 1163 3786 1235; baseline 0.001 -19"><span class='ocrx_word' id='word_1_158' title='bbox 2188 1163 2482 1234; x_wconf 88' lang='grc' dir='ltr'>οριστικῶν</span> <span class='ocrx_word' id='word_1_159' title='bbox 2519 1163 2830 1234; x_wconf 72' lang='grc' dir='ltr'><strong>ἰδιωμάτων</strong></span> <span class='ocrx_word' id='word_1_160' title='bbox 2861 1164 2920 1218; x_wconf 82' lang='grc' dir='ltr'><strong>ὲν</strong></span> <span class='ocrx_word' id='word_1_161' title='bbox 2965 1166 3032 1234; x_wconf 83' lang='grc' dir='ltr'>τῇ</span> <span class='ocrx_word' id='word_1_162' title='bbox 3067 1163 3176 1235; x_wconf 76' lang='grc' dir='ltr'>ἰδίᾳ</span> <span class='ocrx_word' id='word_1_163' title='bbox 3212 1164 3512 1235; x_wconf 77' lang='grc' dir='ltr'>ὑποστάσει</span> <span class='ocrx_word' id='word_1_164' title='bbox 3556 1164 3786 1234; x_wconf 83' lang='grc' dir='ltr'>ἀτομώ-</span> 
     </span>
    </p>
   </div>
   <div class='ocr_carea' id='block_1_27' title="bbox 2190 1233 3787 1330">
    <p class='ocr_par' dir='ltr' id='par_1_27' title="bbox 2190 1233 3787 1330">
     <span class='ocr_line' id='line_1_27' title="bbox 2190 1233 3787 1330; baseline 0.001 -21"><span class='ocrx_word' id='word_1_165' title='bbox 2190 1233 2380 1322; x_wconf 84' lang='grc' dir='ltr'>σαντα,</span> <span class='ocrx_word' id='word_1_166' title='bbox 2404 1256 2498 1311; x_wconf 80' lang='grc' dir='ltr'>καὶ</span> <span class='ocrx_word' id='word_1_167' title='bbox 2515 1233 2877 1310; x_wconf 83' lang='grc' dir='ltr'>ὑποστατικὸν</span> <span class='ocrx_word' id='word_1_168' title='bbox 2898 1256 2990 1311; x_wconf 85' lang='grc' dir='ltr'>τὸν</span> <span class='ocrx_word' id='word_1_169' title='bbox 3008 1233 3298 1328; x_wconf 14' lang='grc' dir='ltr'>ῨΚυριακδν</span> <span class='ocrx_word' id='word_1_170' title='bbox 3313 1256 3601 1328; x_wconf 78' lang='grc' dir='ltr'>ἄνθρωπον</span> <span class='ocrx_word' id='word_1_171' title='bbox 3622 1257 3787 1330; x_wconf 76' lang='grc' dir='ltr'>ποιή-</span> 
     </span>
    </p>
   </div>
   <div class='ocr_carea' id='block_1_28' title="bbox 2189 1349 3779 1420">
    <p class='ocr_par' dir='ltr' id='par_1_28' title="bbox 2189 1349 3779 1420">
     <span class='ocr_line' id='line_1_28' title="bbox 2189 1349 3779 1420; baseline 0 -18"><span class='ocrx_word' id='word_1_172' title='bbox 2189 1367 2383 1416; x_wconf 92' lang='grc' dir='ltr'>σαντα,</span> <span class='ocrx_word' id='word_1_173' title='bbox 2435 1349 2496 1417; x_wconf 76' lang='grc' dir='ltr'><strong>ἐξ</strong></span> <span class='ocrx_word' id='word_1_174' title='bbox 2554 1349 2728 1419; x_wconf 80' lang='grc' dir='ltr'>αὑτῆς</span> <span class='ocrx_word' id='word_1_175' title='bbox 2785 1350 2885 1420; x_wconf 84' lang='grc' dir='ltr'>τῆς</span> <span class='ocrx_word' id='word_1_176' title='bbox 2939 1349 3255 1419; x_wconf 77' lang='grc' dir='ltr'><strong>συλλήψεως</strong></span> <span class='ocrx_word' id='word_1_177' title='bbox 3290 1351 3559 1404; x_wconf 78' lang='grc' dir='ltr'>ἐνωθέντα</span> <span class='ocrx_word' id='word_1_178' title='bbox 3602 1350 3779 1420; x_wconf 83' lang='grc' dir='ltr'>αὑτῷ,</span> 
     </span>
    </p>
   </div>
   <div class='ocr_carea' id='block_1_29' title="bbox 2187 1439 3781 1513">
    <p class='ocr_par' dir='ltr' id='par_1_29' title="bbox 2187 1439 3781 1513">
     <span class='ocr_line' id='line_1_29' title="bbox 2187 1439 3781 1513; baseline -0.001 -17"><span class='ocrx_word' id='word_1_179' title='bbox 2187 1440 2284 1496; x_wconf 81' lang='grc' dir='ltr'>καὶ</span> <span class='ocrx_word' id='word_1_180' title='bbox 2317 1441 2392 1511; x_wconf 83' lang='grc' dir='ltr'>μὴ</span> <span class='ocrx_word' id='word_1_181' title='bbox 2426 1439 2938 1513; x_wconf 83' lang='grc' dir='ltr'>προδιαπλασθὲντα</span> <span class='ocrx_word' id='word_1_182' title='bbox 2964 1441 3022 1494; x_wconf 80' lang='grc' dir='ltr'><strong>ἐν</strong></span> <span class='ocrx_word' id='word_1_183' title='bbox 3053 1443 3120 1512; x_wconf 75' lang='grc' dir='ltr'><strong>τῇ</strong></span> <span class='ocrx_word' id='word_1_184' title='bbox 3148 1440 3304 1512; x_wconf 81' lang='grc' dir='ltr'>νηδύϊ</span> <span class='ocrx_word' id='word_1_185' title='bbox 3339 1444 3438 1512; x_wconf 77' lang='grc' dir='ltr'>τῆς</span> <span class='ocrx_word' id='word_1_186' title='bbox 3475 1441 3781 1512; x_wconf 80' lang='grc' dir='ltr'><strong>Παρθένου,</strong></span> 
     </span>
    </p>
   </div>
   <div class='ocr_carea' id='block_1_30' title="bbox 2186 1527 3782 1607">
    <p class='ocr_par' dir='ltr' id='par_1_30' title="bbox 2186 1527 3782 1607">
     <span class='ocr_line' id='line_1_30' title="bbox 2186 1527 3782 1607; baseline -0.001 -19"><span class='ocrx_word' id='word_1_187' title='bbox 2186 1533 2304 1590; x_wconf 83' lang='grc' dir='ltr'>ἀλλ’</span> <span class='ocrx_word' id='word_1_188' title='bbox 2335 1534 2453 1604; x_wconf 78' lang='grc' dir='ltr'><strong>ἅμα</strong></span> <span class='ocrx_word' id='word_1_189' title='bbox 2485 1537 2552 1607; x_wconf 79' lang='grc' dir='ltr'>τῇ</span> <span class='ocrx_word' id='word_1_190' title='bbox 2588 1534 2668 1598; x_wconf 84' lang='grc' dir='ltr'><strong>είς</strong></span> <span class='ocrx_word' id='word_1_191' title='bbox 2723 1533 2784 1586; x_wconf 85' lang='grc' dir='ltr'>τὸ</span> <span class='ocrx_word' id='word_1_192' title='bbox 2841 1527 2984 1587; x_wconf 74' lang='grc' dir='ltr'>εἶναι</span> <span class='ocrx_word' id='word_1_193' title='bbox 3035 1532 3228 1586; x_wconf 80' lang='grc' dir='ltr'>τούτου</span> <span class='ocrx_word' id='word_1_194' title='bbox 3282 1535 3590 1604; x_wconf 80' lang='grc' dir='ltr'><strong>παραγωγῇ</strong></span> <span class='ocrx_word' id='word_1_195' title='bbox 3640 1534 3782 1603; x_wconf 79' lang='grc' dir='ltr'>ὁμοῦ</span> 
     </span>
    </p>
   </div>
   <div class='ocr_carea' id='block_1_31' title="bbox 2185 1623 3784 1696">
    <p class='ocr_par' dir='ltr' id='par_1_31' title="bbox 2185 1623 3784 1696">
     <span class='ocr_line' id='line_1_31' title="bbox 2185 1623 3784 1696; baseline 0 -18"><span class='ocrx_word' id='word_1_196' title='bbox 2185 1626 2441 1695; x_wconf 86' lang='grc' dir='ltr'>γενέσθαι</span> <span class='ocrx_word' id='word_1_197' title='bbox 2474 1625 2544 1678; x_wconf 85' lang='grc' dir='ltr'>τὰ</span> <span class='ocrx_word' id='word_1_198' title='bbox 2567 1625 2697 1696; x_wconf 92' lang='grc' dir='ltr'>τρία</span> <span class='ocrx_word' id='word_1_199' title='bbox 2731 1625 2830 1692; x_wconf 84' lang='grc' dir='ltr'>τὴν</span> <span class='ocrx_word' id='word_1_200' title='bbox 2873 1625 3201 1696; x_wconf 81' lang='grc' dir='ltr'>πρόσληψιν,</span> <span class='ocrx_word' id='word_1_201' title='bbox 3241 1624 3342 1696; x_wconf 77' lang='grc' dir='ltr'><strong>τὴν</strong></span> <span class='ocrx_word' id='word_1_202' title='bbox 3383 1623 3642 1696; x_wconf 75' lang='grc' dir='ltr'>ὕπαρξιν,</span> <span class='ocrx_word' id='word_1_203' title='bbox 3674 1626 3784 1696; x_wconf 79' lang='grc' dir='ltr'><strong>τὴν</strong></span> 
     </span>
    </p>
   </div>
   <div class='ocr_carea' id='block_1_32' title="bbox 2189 1716 3782 1790">
    <p class='ocr_par' dir='ltr' id='par_1_32' title="bbox 2189 1716 3782 1790">
     <span class='ocr_line' id='line_1_32' title="bbox 2189 1716 3782 1790; baseline 0 -20"><span class='ocrx_word' id='word_1_204' title='bbox 2189 1717 2401 1790; x_wconf 23' lang='grc' dir='ltr'>θέωσιν,</span> <span class='ocrx_word' id='word_1_205' title='bbox 2420 1717 2571 1788; x_wconf 82' lang='grc' dir='ltr'><strong>αὑτῷ</strong></span> <span class='ocrx_word' id='word_1_206' title='bbox 2600 1717 2705 1770; x_wconf 77' lang='grc' dir='ltr'><strong>ὑπὸ</strong></span> <span class='ocrx_word' id='word_1_207' title='bbox 2733 1717 2830 1771; x_wconf 91' lang='grc' dir='ltr'><strong>τοῦ</strong></span> <span class='ocrx_word' id='word_1_208' title='bbox 2876 1718 3078 1786; x_wconf 89' lang='grc' dir='ltr'>Λόγου,</span> <span class='ocrx_word' id='word_1_209' title='bbox 3112 1717 3208 1771; x_wconf 61' lang='grc' dir='ltr'><strong>καὶ⁸</strong></span> <span class='ocrx_word' id='word_1_210' title='bbox 3236 1717 3380 1772; x_wconf 88' lang='grc' dir='ltr'>οῦτω</span> <span class='ocrx_word' id='word_1_211' title='bbox 3409 1716 3651 1771; x_wconf 86' lang='grc' dir='ltr'>νοεῖσθαι</span> <span class='ocrx_word' id='word_1_212' title='bbox 3681 1718 3782 1771; x_wconf 77' lang='grc' dir='ltr'><strong>καὶ</strong></span> 
     </span>
    </p>
   </div>
   <div class='ocr_carea' id='block_1_33' title="bbox 2187 1809 3781 1881">
    <p class='ocr_par' dir='ltr' id='par_1_33' title="bbox 2187 1809 3781 1881">
     <span class='ocr_line' id='line_1_33' title="bbox 2187 1809 3781 1881; baseline 0 -18"><span class='ocrx_word' id='word_1_213' title='bbox 2187 1809 2447 1878; x_wconf 81' lang='grc' dir='ltr'>λέγεσθαι</span> <span class='ocrx_word' id='word_1_214' title='bbox 2485 1809 2750 1863; x_wconf 86' lang='grc' dir='ltr'>Θεοτόκον</span> <span class='ocrx_word' id='word_1_215' title='bbox 2794 1809 2892 1880; x_wconf 84' lang='grc' dir='ltr'><strong>τὴν</strong></span> <span class='ocrx_word' id='word_1_216' title='bbox 2940 1810 3107 1879; x_wconf 89' lang='grc' dir='ltr'>ἀγίαν</span> <span class='ocrx_word' id='word_1_217' title='bbox 3164 1809 3466 1881; x_wconf 82' lang='grc' dir='ltr'>Παρθένον,</span> <span class='ocrx_word' id='word_1_218' title='bbox 3513 1810 3576 1863; x_wconf 91' lang='grc' dir='ltr'><strong>οὑ</strong></span> <span class='ocrx_word' id='word_1_219' title='bbox 3614 1809 3781 1880; x_wconf 88' lang='grc' dir='ltr'>μόνον</span> 
     </span>
    </p>
   </div>
   <div class='ocr_carea' id='block_1_34' title="bbox 489 1897 2086 1974">
    <p class='ocr_par' dir='ltr' id='par_1_34' title="bbox 489 1897 2082 1974">
     <span class='ocr_line' id='line_1_34' title="bbox 489 1897 2082 1974; baseline 0.007 -26"><span class='ocrx_word' id='word_1_220' title='bbox 489 1897 562 1951; x_wconf 88' lang='lat' dir='ltr'><strong>ob</strong></span> <span class='ocrx_word' id='word_1_221' title='bbox 597 1907 847 1952; x_wconf 85' lang='lat' dir='ltr'><strong>naturam</strong></span> <span class='ocrx_word' id='word_1_222' title='bbox 883 1898 1070 1963; x_wconf 84' lang='lat' dir='ltr'><strong>Verbi,</strong></span> <span class='ocrx_word' id='word_1_223' title='bbox 1103 1901 1196 1954; x_wconf 89' lang='lat' dir='ltr'><strong>sed</strong></span> <span class='ocrx_word' id='word_1_224' title='bbox 1231 1900 1302 1955; x_wconf 85' lang='lat' dir='ltr'><strong>ob</strong></span> <span class='ocrx_word' id='word_1_225' title='bbox 1343 1901 1602 1956; x_wconf 90' lang='lat' dir='ltr'><strong>unionem</strong></span> <span class='ocrx_word' id='word_1_226' title='bbox 1646 1903 1909 1970; x_wconf 87' lang='lat' dir='ltr'><strong>hominis,</strong></span> <span class='ocrx_word' id='word_1_227' title='bbox 1943 1920 2082 1974; x_wconf 90' lang='lat' dir='ltr'><strong>quo-</strong></span> 
     </span>
    </p>
   </div>
   <div class='ocr_carea' id='block_1_35' title="bbox 2186 1897 3782 1974">
    <p class='ocr_par' dir='ltr' id='par_1_35' title="bbox 2186 1899 3782 1973">
     <span class='ocr_line' id='line_1_35' title="bbox 2186 1899 3782 1973; baseline -0.002 -19"><span class='ocrx_word' id='word_1_228' title='bbox 2186 1902 2274 1955; x_wconf 76' lang='grc' dir='ltr'><strong>διὰ</strong></span> <span class='ocrx_word' id='word_1_229' title='bbox 2303 1901 2406 1973; x_wconf 81' lang='grc' dir='ltr'><strong>,τὴν</strong></span> <span class='ocrx_word' id='word_1_230' title='bbox 2446 1900 2612 1970; x_wconf 92' lang='grc' dir='ltr'>φύσιν</span> <span class='ocrx_word' id='word_1_231' title='bbox 2644 1900 2738 1953; x_wconf 92' lang='grc' dir='ltr'><strong>τοῦ</strong></span> <span class='ocrx_word' id='word_1_232' title='bbox 2771 1900 2968 1969; x_wconf 82' lang='grc' dir='ltr'>Λόγου,</span> <span class='ocrx_word' id='word_1_233' title='bbox 3020 1899 3158 1954; x_wconf 82' lang='grc' dir='ltr'>ἀλλὰ</span> <span class='ocrx_word' id='word_1_234' title='bbox 3207 1901 3302 1954; x_wconf 72' lang='grc' dir='ltr'>καὶ</span> <span class='ocrx_word' id='word_1_235' title='bbox 3333 1900 3421 1953; x_wconf 81' lang='grc' dir='ltr'>διὰ</span> <span class='ocrx_word' id='word_1_236' title='bbox 3443 1899 3545 1970; x_wconf 78' lang='grc' dir='ltr'><strong>τὴν</strong></span> <span class='ocrx_word' id='word_1_237' title='bbox 3579 1899 3782 1952; x_wconf 77' lang='grc' dir='ltr'>ἕνωσιν</span> 
     </span>
    </p>
   </div>
   <div class='ocr_carea' id='block_1_36' title="bbox 491 1982 2085 2058">
    <p class='ocr_par' dir='ltr' id='par_1_36' title="bbox 491 1982 2085 2058">
     <span class='ocr_line' id='line_1_36' title="bbox 491 1982 2085 2058; baseline 0.009 -18"><span class='ocrx_word' id='word_1_238' title='bbox 491 2003 611 2041; x_wconf 84' lang='lat' dir='ltr'><strong>rum</strong></span> <span class='ocrx_word' id='word_1_239' title='bbox 640 1987 808 2043; x_wconf 87' lang='lat' dir='ltr'><strong>simul</strong></span> <span class='ocrx_word' id='word_1_240' title='bbox 856 1982 1247 2058; x_wconf 52' lang='lat' dir='ltr'><strong>conceptus&#39;et</strong></span> <span class='ocrx_word' id='word_1_241' title='bbox 1293 1994 1614 2049; x_wconf 64' lang='lat' dir='ltr'><strong>exsistentia</strong></span> <span class='ocrx_word' id='word_1_242' title='bbox 1637 2009 1744 2048; x_wconf 91' lang='lat' dir='ltr'><strong>non</strong></span> <span class='ocrx_word' id='word_1_243' title='bbox 1763 1995 1883 2052; x_wconf 88' lang='lat' dir='ltr'><strong>sine</strong></span> <span class='ocrx_word' id='word_1_244' title='bbox 1911 1998 2085 2053; x_wconf 86' lang='lat' dir='ltr'><strong>mira-</strong></span> 
     </span>
    </p>
   </div>
   <div class='ocr_carea' id='block_1_37' title="bbox 491 2079 2082 2157">
    <p class='ocr_par' dir='ltr' id='par_1_37' title="bbox 491 2079 2082 2157">
     <span class='ocr_line' id='line_1_37' title="bbox 491 2079 2082 2157; baseline 0.006 -23"><span class='ocrx_word' id='word_1_245' title='bbox 491 2079 617 2134; x_wconf 83' lang='lat' dir='ltr'><strong>culo</strong></span> <span class='ocrx_word' id='word_1_246' title='bbox 675 2080 931 2136; x_wconf 76' lang='lat' dir='ltr'><strong>effectum</strong></span> <span class='ocrx_word' id='word_1_247' title='bbox 970 2082 1214 2140; x_wconf 87' lang='lat' dir='ltr'><strong>habuit:</strong></span> <span class='ocrx_word' id='word_1_248' title='bbox 1273 2086 1559 2156; x_wconf 88' lang='lat' dir='ltr'><strong>conceptio</strong></span> <span class='ocrx_word' id='word_1_249' title='bbox 1613 2087 1834 2157; x_wconf 84' lang='lat' dir='ltr'><strong>quidem</strong></span> <span class='ocrx_word' id='word_1_250' title='bbox 1896 2088 2082 2154; x_wconf 87' lang='lat' dir='ltr'><strong>Verbi,</strong></span> 
     </span>
    </p>
   </div>
   <div class='ocr_carea' id='block_1_38' title="bbox 491 2173 2086 2251">
    <p class='ocr_par' dir='ltr' id='par_1_38' title="bbox 491 2173 2086 2251">
     <span class='ocr_line' id='line_1_38' title="bbox 491 2173 2086 2251; baseline 0.007 -27"><span class='ocrx_word' id='word_1_251' title='bbox 491 2188 550 2225; x_wconf 78' lang='lat' dir='ltr'><strong>ea</strong></span> <span class='ocrx_word' id='word_1_252' title='bbox 564 2173 676 2230; x_wconf 90' lang='lat' dir='ltr'><strong>rnis</strong></span> <span class='ocrx_word' id='word_1_253' title='bbox 690 2190 820 2229; x_wconf 88' lang='lat' dir='ltr'><strong>vero</strong></span> <span class='ocrx_word' id='word_1_254' title='bbox 838 2176 889 2228; x_wconf 89' lang='lat' dir='ltr'><strong>in</strong></span> <span class='ocrx_word' id='word_1_255' title='bbox 909 2178 1028 2246; x_wconf 86' lang='lat' dir='ltr'><strong>ipso</strong></span> <span class='ocrx_word' id='word_1_256' title='bbox 1048 2174 1223 2232; x_wconf 87' lang='lat' dir='ltr'><strong>Verbo</strong></span> <span class='ocrx_word' id='word_1_257' title='bbox 1241 2177 1558 2233; x_wconf 83' lang='lat' dir='ltr'><strong>exsistentia</strong></span> <span class='ocrx_word' id='word_1_258' title='bbox 1579 2195 1676 2250; x_wconf 87' lang='lat' dir='ltr'><strong>per</strong></span> <span class='ocrx_word' id='word_1_259' title='bbox 1702 2181 1873 2250; x_wconf 88' lang='lat' dir='ltr'><strong>ipsam</strong></span> <span class='ocrx_word' id='word_1_260' title='bbox 1895 2180 2086 2251; x_wconf 90' lang='lat' dir='ltr'><strong>Deipa-</strong></span> 
     </span>
    </p>
   </div>
   <div class='ocr_carea' id='block_1_39' title="bbox 489 2272 2084 2340">
    <p class='ocr_par' dir='ltr' id='par_1_39' title="bbox 489 2272 2084 2340">
     <span class='ocr_line' id='line_1_39' title="bbox 489 2272 2084 2340; baseline 0.007 -20"><span class='ocrx_word' id='word_1_261' title='bbox 489 2277 698 2322; x_wconf 88' lang='lat' dir='ltr'><strong>rentcm</strong></span> <span class='ocrx_word' id='word_1_262' title='bbox 719 2284 882 2338; x_wconf 85' lang='lat' dir='ltr'><strong>supra</strong></span> <span class='ocrx_word' id='word_1_263' title='bbox 906 2280 1154 2325; x_wconf 88' lang='lat' dir='ltr'><strong>naturam</strong></span> <span class='ocrx_word' id='word_1_264' title='bbox 1187 2272 1521 2328; x_wconf 88' lang='lat' dir='ltr'><strong>creationem</strong></span> <span class='ocrx_word' id='word_1_265' title='bbox 1540 2273 1804 2340; x_wconf 85' lang='lat' dir='ltr'><strong>Creatori,</strong></span> <span class='ocrx_word' id='word_1_266' title='bbox 1828 2284 1881 2331; x_wconf 91' lang='lat' dir='ltr'><strong>et</strong></span> <span class='ocrx_word' id='word_1_267' title='bbox 1903 2276 2084 2330; x_wconf 89' lang='lat' dir='ltr'><strong>incar-</strong></span> 
     </span>
    </p>
   </div>
   <div class='ocr_carea' id='block_1_40' title="bbox 489 2359 2084 2434">
    <p class='ocr_par' dir='ltr' id='par_1_40' title="bbox 489 2359 2084 2434">
     <span class='ocr_line' id='line_1_40' title="bbox 489 2359 2084 2434; baseline 0.006 -22"><span class='ocrx_word' id='word_1_268' title='bbox 489 2360 768 2414; x_wconf 80' lang='lat' dir='ltr'><strong>nationem</strong></span> <span class='ocrx_word' id='word_1_269' title='bbox 802 2359 932 2426; x_wconf 91' lang='lat' dir='ltr'><strong>Deo,</strong></span> <span class='ocrx_word' id='word_1_270' title='bbox 958 2371 1013 2416; x_wconf 91' lang='lat' dir='ltr'><strong>et</strong></span> <span class='ocrx_word' id='word_1_271' title='bbox 1043 2360 1236 2417; x_wconf 86' lang='lat' dir='ltr'><strong>factori</strong></span> <span class='ocrx_word' id='word_1_272' title='bbox 1267 2364 1528 2432; x_wconf 82' lang='lat' dir='ltr'><strong>universi,</strong></span> <span class='ocrx_word' id='word_1_273' title='bbox 1559 2369 1706 2434; x_wconf 87' lang='lat' dir='ltr'><strong>quod</strong></span> <span class='ocrx_word' id='word_1_274' title='bbox 1722 2376 1837 2421; x_wconf 81' lang='lat' dir='ltr'><strong>erat</strong></span> <span class='ocrx_word' id='word_1_275' title='bbox 1867 2381 2084 2422; x_wconf 86' lang='lat' dir='ltr'><strong>assum-</strong></span> 
     </span>
    </p>
   </div>
   <div class='ocr_carea' id='block_1_41' title="bbox 489 2453 2082 2523">
    <p class='ocr_par' dir='ltr' id='par_1_41' title="bbox 489 2453 2082 2523">
     <span class='ocr_line' id='line_1_41' title="bbox 489 2453 2082 2523; baseline 0.008 -22"><span class='ocrx_word' id='word_1_276' title='bbox 489 2459 640 2518; x_wconf 81' lang='lat' dir='ltr'><strong>ptum</strong></span> <span class='ocrx_word' id='word_1_277' title='bbox 673 2453 947 2507; x_wconf 89' lang='lat' dir='ltr'><strong>deiticanti</strong></span> <span class='ocrx_word' id='word_1_278' title='bbox 978 2455 1442 2523; x_wconf 85' lang='lat' dir='ltr'><strong>suppeditantem,</strong></span> <span class='ocrx_word' id='word_1_279' title='bbox 1468 2467 1829 2514; x_wconf 79' lang='lat' dir='ltr'><strong>ronservante</strong></span> <span class='ocrx_word' id='word_1_280' title='bbox 1869 2457 2082 2514; x_wconf 87' lang='lat' dir='ltr'><strong>unitate</strong></span> 
     </span>
    </p>
   </div>
   <div class='ocr_carea' id='block_1_42' title="bbox 487 2543 2076 2615">
    <p class='ocr_par' dir='ltr' id='par_1_42' title="bbox 487 2543 2076 2615">
     <span class='ocr_line' id='line_1_42' title="bbox 487 2543 2076 2615; baseline 0.003 -21"><span class='ocrx_word' id='word_1_281' title='bbox 487 2557 615 2610; x_wconf 71' lang='lat' dir='ltr'><strong>quae</strong></span> <span class='ocrx_word' id='word_1_282' title='bbox 655 2550 818 2598; x_wconf 89' lang='lat' dir='ltr'><strong>erant</strong></span> <span class='ocrx_word' id='word_1_283' title='bbox 852 2543 1029 2607; x_wconf 86' lang='lat' dir='ltr'><strong>unita,</strong></span> <span class='ocrx_word' id='word_1_284' title='bbox 1067 2545 1195 2598; x_wconf 88' lang='lat' dir='ltr'><strong>talia</strong></span> <span class='ocrx_word' id='word_1_285' title='bbox 1227 2555 1281 2600; x_wconf 90' lang='lat' dir='ltr'><strong>et</strong></span> <span class='ocrx_word' id='word_1_286' title='bbox 1314 2545 1496 2615; x_wconf 86' lang='lat' dir='ltr'><strong>qualia</strong></span> <span class='ocrx_word' id='word_1_287' title='bbox 1537 2546 1590 2599; x_wconf 91' lang='lat' dir='ltr'><strong>in</strong></span> <span class='ocrx_word' id='word_1_288' title='bbox 1630 2546 1892 2601; x_wconf 89' lang='lat' dir='ltr'><strong>unionem</strong></span> <span class='ocrx_word' id='word_1_289' title='bbox 1941 2560 2076 2602; x_wconf 89' lang='lat' dir='ltr'><strong>con-</strong></span> 
     </span>
    </p>
   </div>
   <div class='ocr_carea' id='block_1_43' title="bbox 487 2635 2080 2706">
    <p class='ocr_par' dir='ltr' id='par_1_43' title="bbox 487 2635 2080 2706">
     <span class='ocr_line' id='line_1_43' title="bbox 487 2635 2080 2706; baseline 0.003 -20"><span class='ocrx_word' id='word_1_290' title='bbox 487 2643 779 2698; x_wconf 76' lang='lat' dir='ltr'><strong>venerunt,</strong></span> <span class='ocrx_word' id='word_1_291' title='bbox 812 2650 921 2693; x_wconf 86' lang='lat' dir='ltr'><strong>non</strong></span> <span class='ocrx_word' id='word_1_292' title='bbox 947 2635 1218 2702; x_wconf 91' lang='lat' dir='ltr'><strong>divinum,</strong></span> <span class='ocrx_word' id='word_1_293' title='bbox 1251 2637 1502 2706; x_wconf 90' lang='lat' dir='ltr'><strong>inquam,</strong></span> <span class='ocrx_word' id='word_1_294' title='bbox 1560 2636 1924 2702; x_wconf 83' lang='lat' dir='ltr'><strong>solummodo,</strong></span> <span class='ocrx_word' id='word_1_295' title='bbox 1985 2637 2080 2691; x_wconf 89' lang='lat' dir='ltr'><strong>sed</strong></span> 
     </span>
    </p>
   </div>
   <div class='ocr_carea' id='block_1_44' title="bbox 487 2727 2083 2800">
    <p class='ocr_par' dir='ltr' id='par_1_44' title="bbox 487 2727 2083 2800">
     <span class='ocr_line' id='line_1_44' title="bbox 487 2727 2083 2800; baseline 0.003 -19"><span class='ocrx_word' id='word_1_296' title='bbox 487 2727 653 2782; x_wconf 88' lang='lat' dir='ltr'><strong>etiam</strong></span> <span class='ocrx_word' id='word_1_297' title='bbox 681 2728 984 2783; x_wconf 88' lang='lat' dir='ltr'><strong>humanum</strong></span> <span class='ocrx_word' id='word_1_298' title='bbox 1020 2729 1254 2793; x_wconf 87' lang='lat' dir='ltr'><strong>Christi,</strong></span> <span class='ocrx_word' id='word_1_299' title='bbox 1310 2731 1456 2800; x_wconf 88' lang='lat' dir='ltr'><strong>quod</strong></span> <span class='ocrx_word' id='word_1_300' title='bbox 1495 2740 1612 2785; x_wconf 88' lang='lat' dir='ltr'><strong>erat</strong></span> <span class='ocrx_word' id='word_1_301' title='bbox 1677 2746 1842 2799; x_wconf 87' lang='lat' dir='ltr'><strong>supra</strong></span> <span class='ocrx_word' id='word_1_302' title='bbox 1879 2745 1982 2785; x_wconf 92' lang='lat' dir='ltr'><strong>nos</strong></span> <span class='ocrx_word' id='word_1_303' title='bbox 2028 2739 2083 2785; x_wconf 88' lang='lat' dir='ltr'><strong>et</strong></span> 
     </span>
    </p>
   </div>
   <div class='ocr_carea' id='block_1_45' title="bbox 487 2819 2080 2891">
    <p class='ocr_par' dir='ltr' id='par_1_45' title="bbox 487 2819 2080 2891">
     <span class='ocr_line' id='line_1_45' title="bbox 487 2819 2080 2891; baseline 0.004 -20"><span class='ocrx_word' id='word_1_304' title='bbox 487 2820 793 2875; x_wconf 84' lang='lat' dir='ltr'><strong>secundum</strong></span> <span class='ocrx_word' id='word_1_305' title='bbox 826 2835 946 2876; x_wconf 90' lang='lat' dir='ltr'><strong>nos.</strong></span> <span class='ocrx_word' id='word_1_306' title='bbox 977 2819 1133 2886; x_wconf 85' lang='lat' dir='ltr'><strong>Quod</strong></span> <span class='ocrx_word' id='word_1_307' title='bbox 1166 2823 1210 2878; x_wconf 87' lang='lat' dir='ltr'><strong>si</strong></span> <span class='ocrx_word' id='word_1_308' title='bbox 1249 2822 1300 2876; x_wconf 92' lang='lat' dir='ltr'><strong>id</strong></span> <span class='ocrx_word' id='word_1_309' title='bbox 1332 2829 1435 2885; x_wconf 88' lang='lat' dir='ltr'><strong>est,</strong></span> <span class='ocrx_word' id='word_1_310' title='bbox 1473 2831 1676 2877; x_wconf 89' lang='lat' dir='ltr'><strong>temere</strong></span> <span class='ocrx_word' id='word_1_311' title='bbox 1719 2838 1786 2877; x_wconf 82' lang='lat' dir='ltr'><strong>ex</strong></span> <span class='ocrx_word' id='word_1_312' title='bbox 1826 2837 1893 2877; x_wconf 89' lang='lat' dir='ltr'><strong>eo</strong></span> <span class='ocrx_word' id='word_1_313' title='bbox 1933 2823 2080 2891; x_wconf 86' lang='lat' dir='ltr'><strong>quod</strong></span> 
     </span>
    </p>
   </div>
   <div class='ocr_carea' id='block_1_46' title="bbox 488 2913 2077 2984">
    <p class='ocr_par' dir='ltr' id='par_1_46' title="bbox 488 2913 2077 2984">
     <span class='ocr_line' id='line_1_46' title="bbox 488 2913 2077 2984; baseline 0.001 -18"><span class='ocrx_word' id='word_1_314' title='bbox 488 2927 592 2967; x_wconf 89' lang='lat' dir='ltr'><strong>nos</strong></span> <span class='ocrx_word' id='word_1_315' title='bbox 615 2913 683 2966; x_wconf 88' lang='lat' dir='ltr'><strong>de</strong></span> <span class='ocrx_word' id='word_1_316' title='bbox 713 2913 934 2967; x_wconf 82' lang='lat' dir='ltr'><strong>Christo</strong></span> <span class='ocrx_word' id='word_1_317' title='bbox 965 2913 1103 2968; x_wconf 89' lang='lat' dir='ltr'><strong>duas</strong></span> <span class='ocrx_word' id='word_1_318' title='bbox 1134 2925 1359 2969; x_wconf 89' lang='lat' dir='ltr'><strong>naturas</strong></span> <span class='ocrx_word' id='word_1_319' title='bbox 1415 2922 1471 2969; x_wconf 91' lang='lat' dir='ltr'><strong>et</strong></span> <span class='ocrx_word' id='word_1_320' title='bbox 1511 2929 1675 2968; x_wconf 83' lang='lat' dir='ltr'><strong>uuam</strong></span> <span class='ocrx_word' id='word_1_321' title='bbox 1731 2914 2077 2984; x_wconf 88' lang='lat' dir='ltr'><strong>hypostasim</strong></span> 
     </span>
    </p>
   </div>
   <div class='ocr_carea' id='block_1_47' title="bbox 486 3005 2077 3077">
    <p class='ocr_par' dir='ltr' id='par_1_47' title="bbox 486 3005 2077 3077">
     <span class='ocr_line' id='line_1_47' title="bbox 486 3005 2077 3077; baseline 0.004 -22"><span class='ocrx_word' id='word_1_322' title='bbox 486 3005 752 3072; x_wconf 80' lang='lat' dir='ltr'><strong>dicimus,</strong></span> <span class='ocrx_word' id='word_1_323' title='bbox 798 3019 1158 3072; x_wconf 87' lang='lat' dir='ltr'><strong>personarum</strong></span> <span class='ocrx_word' id='word_1_324' title='bbox 1203 3007 1512 3061; x_wconf 89' lang='lat' dir='ltr'><strong>mistionem</strong></span> <span class='ocrx_word' id='word_1_325' title='bbox 1543 3007 1720 3077; x_wconf 84' lang='lat' dir='ltr'><strong>colligi</strong></span> <span class='ocrx_word' id='word_1_326' title='bbox 1767 3006 2077 3062; x_wconf 82' lang='lat' dir='ltr'><strong>contendis.</strong></span> 
     </span>
    </p>
   </div>
   <div class='ocr_carea' id='block_1_48' title="bbox 486 3095 2081 3168">
    <p class='ocr_par' dir='ltr' id='par_1_48' title="bbox 486 3095 2081 3168">
     <span class='ocr_line' id='line_1_48' title="bbox 486 3095 2081 3168; baseline 0 -16"><span class='ocrx_word' id='word_1_327' title='bbox 486 3095 554 3152; x_wconf 85' lang='lat' dir='ltr'><strong>Et</strong></span> <span class='ocrx_word' id='word_1_328' title='bbox 577 3112 710 3152; x_wconf 86' lang='lat' dir='ltr'><strong>sane</strong></span> <span class='ocrx_word' id='word_1_329' title='bbox 734 3097 802 3151; x_wconf 89' lang='lat' dir='ltr'><strong>ad</strong></span> <span class='ocrx_word' id='word_1_330' title='bbox 844 3106 1055 3154; x_wconf 76' lang='lat' dir='ltr'><strong>vestras</strong></span> <span class='ocrx_word' id='word_1_331' title='bbox 1082 3099 1424 3168; x_wconf 84' lang='lat' dir='ltr'><strong>querelas,et</strong></span> <span class='ocrx_word' id='word_1_332' title='bbox 1447 3099 1709 3154; x_wconf 85' lang='lat' dir='ltr'><strong>adversus</strong></span> <span class='ocrx_word' id='word_1_333' title='bbox 1728 3107 1930 3153; x_wconf 83' lang='lat' dir='ltr'><strong>rectam</strong></span> <span class='ocrx_word' id='word_1_334' title='bbox 1960 3113 2081 3152; x_wconf 89' lang='lat' dir='ltr'><strong>ma-</strong></span> 
     </span>
    </p>
   </div>
   <div class='ocr_carea' id='block_1_49' title="bbox 490 3188 2080 3261">
    <p class='ocr_par' dir='ltr' id='par_1_49' title="bbox 490 3188 2080 3261">
     <span class='ocr_line' id='line_1_49' title="bbox 490 3188 2080 3261; baseline 0.001 -20"><span class='ocrx_word' id='word_1_335' title='bbox 490 3205 608 3256; x_wconf 70' lang='lat' dir='ltr'><strong>gna:</strong></span> <span class='ocrx_word' id='word_1_336' title='bbox 643 3197 699 3243; x_wconf 87' lang='lat' dir='ltr'><strong>et</strong></span> <span class='ocrx_word' id='word_1_337' title='bbox 727 3188 1086 3245; x_wconf 73' lang='lat' dir='ltr'><strong>oecumenica:</strong></span> <span class='ocrx_word' id='word_1_338' title='bbox 1108 3189 1305 3261; x_wconf 89' lang='lat' dir='ltr'><strong>synodi</strong></span> <span class='ocrx_word' id='word_1_339' title='bbox 1341 3189 1810 3245; x_wconf 83' lang='lat' dir='ltr'><strong>Chalcedonensis</strong></span> <span class='ocrx_word' id='word_1_340' title='bbox 1876 3189 2080 3243; x_wconf 88' lang='lat' dir='ltr'><strong>doctri-</strong></span> 
     </span>
    </p>
   </div>
   <div class='ocr_carea' id='block_1_50' title="bbox 487 3254 2153 3352">
    <p class='ocr_par' dir='ltr' id='par_1_50' title="bbox 487 3254 2153 3352">
     <span class='ocr_line' id='line_1_50' title="bbox 487 3254 2153 3352; baseline 0.003 -20"><span class='ocrx_word' id='word_1_341' title='bbox 487 3296 614 3336; x_wconf 87' lang='lat' dir='ltr'><strong>nam</strong></span> <span class='ocrx_word' id='word_1_342' title='bbox 649 3281 1067 3338; x_wconf 83' lang='lat' dir='ltr'><strong>criminationes</strong></span> <span class='ocrx_word' id='word_1_343' title='bbox 1091 3292 1146 3338; x_wconf 88' lang='lat' dir='ltr'><strong>et</strong></span> <span class='ocrx_word' id='word_1_344' title='bbox 1193 3282 1471 3350; x_wconf 84' lang='lat' dir='ltr'><strong>convicia,</strong></span> <span class='ocrx_word' id='word_1_345' title='bbox 1511 3291 1718 3338; x_wconf 75' lang='lat' dir='ltr'><strong>nostrae</strong></span> <span class='ocrx_word' id='word_1_346' title='bbox 1767 3281 2079 3352; x_wconf 86' lang='lat' dir='ltr'><strong>responsio-</strong></span> <span class='ocrx_word' id='word_1_347' title='bbox 2108 3254 2153 3314; x_wconf 66' lang='grc' dir='ltr'>ο</span> 
     </span>
    </p>
   </div>
   <div class='ocr_carea' id='block_1_51' title="bbox 489 3375 2078 3448">
    <p class='ocr_par' dir='ltr' id='par_1_51' title="bbox 489 3375 2078 3448">
     <span class='ocr_line' id='line_1_51' title="bbox 489 3375 2078 3448; baseline 0.001 -21"><span class='ocrx_word' id='word_1_348' title='bbox 489 3389 590 3430; x_wconf 84' lang='lat' dir='ltr'><strong>nes</strong></span> <span class='ocrx_word' id='word_1_349' title='bbox 643 3381 699 3430; x_wconf 82' lang='lat' dir='ltr'><strong>et</strong></span> <span class='ocrx_word' id='word_1_350' title='bbox 734 3375 1033 3443; x_wconf 76' lang='lat' dir='ltr'><strong>instantiae,</strong></span> <span class='ocrx_word' id='word_1_351' title='bbox 1072 3390 1167 3447; x_wconf 90' lang='lat' dir='ltr'><strong>per</strong></span> <span class='ocrx_word' id='word_1_352' title='bbox 1198 3392 1337 3448; x_wconf 83' lang='lat' dir='ltr'><strong>quas</strong></span> <span class='ocrx_word' id='word_1_353' title='bbox 1371 3391 1399 3430; x_wconf 88' lang='lat' dir='ltr'><strong>a</strong></span> <span class='ocrx_word' id='word_1_354' title='bbox 1456 3376 1769 3441; x_wconf 76' lang='lat' dir='ltr'><strong>calumniis,</strong></span> <span class='ocrx_word' id='word_1_355' title='bbox 1803 3375 1897 3445; x_wconf 87' lang='lat' dir='ltr'><strong>qni</strong></span> <span class='ocrx_word' id='word_1_356' title='bbox 1951 3389 2078 3430; x_wconf 90' lang='lat' dir='ltr'><strong>cum</strong></span> 
     </span>
    </p>
   </div>
   <div class='ocr_carea' id='block_1_52' title="bbox 492 3465 2080 3538">
    <p class='ocr_par' dir='ltr' id='par_1_52' title="bbox 492 3465 2080 3538">
     <span class='ocr_line' id='line_1_52' title="bbox 492 3465 2080 3538; baseline 0.001 -20"><span class='ocrx_word' id='word_1_357' title='bbox 492 3466 598 3520; x_wconf 91' lang='lat' dir='ltr'><strong>hac</strong></span> <span class='ocrx_word' id='word_1_358' title='bbox 631 3477 818 3522; x_wconf 82' lang='lat' dir='ltr'><strong>sancta</strong></span> <span class='ocrx_word' id='word_1_359' title='bbox 865 3469 1076 3538; x_wconf 83' lang='lat' dir='ltr'><strong>synodo</strong></span> <span class='ocrx_word' id='word_1_360' title='bbox 1108 3484 1216 3523; x_wconf 88' lang='lat' dir='ltr'><strong>una</strong></span> <span class='ocrx_word' id='word_1_361' title='bbox 1252 3468 1518 3536; x_wconf 84' lang='lat' dir='ltr'><strong>sentiunt,</strong></span> <span class='ocrx_word' id='word_1_362' title='bbox 1551 3467 1925 3530; x_wconf 80' lang='lat' dir='ltr'><strong>vindicantur,</strong></span> <span class='ocrx_word' id='word_1_363' title='bbox 1972 3465 2080 3520; x_wconf 84' lang='lat' dir='ltr'><strong>illis</strong></span> 
     </span>
    </p>
   </div>
   <div class='ocr_carea' id='block_1_53' title="bbox 488 3558 2081 3632">
    <p class='ocr_par' dir='ltr' id='par_1_53' title="bbox 488 3558 2081 3632">
     <span class='ocr_line' id='line_1_53' title="bbox 488 3558 2081 3632; baseline 0.001 -19"><span class='ocrx_word' id='word_1_364' title='bbox 488 3558 584 3629; x_wconf 87' lang='lat' dir='ltr'><strong>qui</strong></span> <span class='ocrx_word' id='word_1_365' title='bbox 619 3569 826 3615; x_wconf 88' lang='lat' dir='ltr'><strong>rectum</strong></span> <span class='ocrx_word' id='word_1_366' title='bbox 852 3559 1177 3632; x_wconf 74' lang='lat' dir='ltr'><strong>iustumque</strong></span> <span class='ocrx_word' id='word_1_367' title='bbox 1218 3562 1473 3631; x_wconf 87' lang='lat' dir='ltr'><strong>amplecti</strong></span> <span class='ocrx_word' id='word_1_368' title='bbox 1525 3568 1812 3632; x_wconf 86' lang='lat' dir='ltr'><strong>appetunt,</strong></span> <span class='ocrx_word' id='word_1_369' title='bbox 1841 3575 1870 3613; x_wconf 91' lang='lat' dir='ltr'><strong>a</strong></span> <span class='ocrx_word' id='word_1_370' title='bbox 1919 3559 2081 3615; x_wconf 88' lang='lat' dir='ltr'><strong>nobis</strong></span> 
     </span>
    </p>
   </div>
   <div class='ocr_carea' id='block_1_54' title="bbox 489 3650 1509 3720">
    <p class='ocr_par' dir='ltr' id='par_1_54' title="bbox 489 3650 1509 3720">
     <span class='ocr_line' id='line_1_54' title="bbox 489 3650 1509 3720; baseline 0.002 -15"><span class='ocrx_word' id='word_1_371' title='bbox 489 3650 573 3705; x_wconf 84' lang='lat' dir='ltr'><strong>sic</strong></span> <span class='ocrx_word' id='word_1_372' title='bbox 617 3651 896 3720; x_wconf 71' lang='lat' dir='ltr'><strong>disposita:</strong></span> <span class='ocrx_word' id='word_1_373' title='bbox 925 3651 1014 3708; x_wconf 92' lang='lat' dir='ltr'><strong>hic</strong></span> <span class='ocrx_word' id='word_1_374' title='bbox 1055 3651 1218 3707; x_wconf 80' lang='lat' dir='ltr'><strong>tinem</strong></span> <span class='ocrx_word' id='word_1_375' title='bbox 1253 3652 1509 3707; x_wconf 86' lang='lat' dir='ltr'><strong>habeant.</strong></span> 
     </span>
    </p>
   </div>
   <div class='ocr_carea' id='block_1_55' title="bbox 562 3743 2074 3814">
    <p class='ocr_par' dir='ltr' id='par_1_55' title="bbox 562 3743 2074 3814">
     <span class='ocr_line' id='line_1_55' title="bbox 562 3743 2074 3814; baseline -0.002 -17"><span class='ocrx_word' id='word_1_376' title='bbox 562 3743 653 3797; x_wconf 75' lang='lat'><strong>‘22.</strong></span> <span class='ocrx_word' id='word_1_377' title='bbox 682 3743 971 3814; x_wconf 81' lang='lat' dir='ltr'><strong>Reliquum</strong></span> <span class='ocrx_word' id='word_1_378' title='bbox 1009 3753 1110 3811; x_wconf 91' lang='lat' dir='ltr'><strong>est,</strong></span> <span class='ocrx_word' id='word_1_379' title='bbox 1148 3754 1302 3800; x_wconf 88' lang='lat' dir='ltr'><strong>utea</strong></span> <span class='ocrx_word' id='word_1_380' title='bbox 1352 3745 1541 3808; x_wconf 88' lang='lat' dir='ltr'><strong>etiam,</strong></span> <span class='ocrx_word' id='word_1_381' title='bbox 1599 3759 1720 3812; x_wconf 66' lang='lat' dir='ltr'><strong>quae</strong></span> <span class='ocrx_word' id='word_1_382' title='bbox 1773 3743 1827 3798; x_wconf 92' lang='lat' dir='ltr'><strong>in</strong></span> <span class='ocrx_word' id='word_1_383' title='bbox 1888 3748 2074 3797; x_wconf 87' lang='lat' dir='ltr'><strong>vestra</strong></span> 
     </span>
    </p>
   </div>
   <div class='ocr_carea' id='block_1_56' title="bbox 487 3833 2078 3904">
    <p class='ocr_par' dir='ltr' id='par_1_56' title="bbox 487 3833 2078 3904">
     <span class='ocr_line' id='line_1_56' title="bbox 487 3833 2078 3904; baseline -0.003 -15"><span class='ocrx_word' id='word_1_384' title='bbox 487 3833 836 3904; x_wconf 84' lang='lat' dir='ltr'><strong>professione</strong></span> <span class='ocrx_word' id='word_1_385' title='bbox 870 3851 980 3891; x_wconf 90' lang='lat' dir='ltr'><strong>non</strong></span> <span class='ocrx_word' id='word_1_386' title='bbox 1012 3843 1224 3890; x_wconf 86' lang='lat' dir='ltr'><strong>tantum</strong></span> <span class='ocrx_word' id='word_1_387' title='bbox 1257 3851 1323 3889; x_wconf 71' lang='lat' dir='ltr'><strong>ex</strong></span> <span class='ocrx_word' id='word_1_388' title='bbox 1374 3835 1748 3902; x_wconf 86' lang='lat' dir='ltr'><strong>improbitate,</strong></span> <span class='ocrx_word' id='word_1_389' title='bbox 1785 3848 1951 3903; x_wconf 88' lang='lat' dir='ltr'><strong>quam</strong></span> <span class='ocrx_word' id='word_1_390' title='bbox 1977 3847 2078 3885; x_wconf 89' lang='lat' dir='ltr'><strong>an-</strong></span> 
     </span>
    </p>
   </div>
   <div class='ocr_carea' id='block_1_57' title="bbox 491 3926 2082 3999">
    <p class='ocr_par' dir='ltr' id='par_1_57' title="bbox 491 3926 2082 3999">
     <span class='ocr_line' id='line_1_57' title="bbox 491 3926 2082 3999; baseline -0.001 -19"><span class='ocrx_word' id='word_1_391' title='bbox 491 3939 716 3999; x_wconf 69' lang='lat' dir='ltr'><strong>tecepta:</strong></span> <span class='ocrx_word' id='word_1_392' title='bbox 736 3929 922 3984; x_wconf 91' lang='lat' dir='ltr'><strong>animo</strong></span> <span class='ocrx_word' id='word_1_393' title='bbox 972 3928 1388 3983; x_wconf 82' lang='lat' dir='ltr'><strong>informationis</strong></span> <span class='ocrx_word' id='word_1_394' title='bbox 1430 3927 1720 3999; x_wconf 88' lang='lat' dir='ltr'><strong>tyrannide</strong></span> <span class='ocrx_word' id='word_1_395' title='bbox 1781 3926 2082 3996; x_wconf 78' lang='lat' dir='ltr'><strong>depravata</strong></span> 
     </span>
    </p>
   </div>
   <div class='ocr_carea' id='block_1_58' title="bbox 441 4017 2080 4091">
    <p class='ocr_par' dir='ltr' id='par_1_58' title="bbox 441 4017 2080 4091">
     <span class='ocr_line' id='line_1_58' title="bbox 441 4017 2080 4091; baseline -0.003 -17"><span class='ocrx_word' id='word_1_396' title='bbox 441 4047 447 4057; x_wconf 96' lang='lat'><strong><em>-</em></strong></span> <span class='ocrx_word' id='word_1_397' title='bbox 489 4021 869 4090; x_wconf 82' lang='lat' dir='ltr'><strong>intelliguntur</strong></span> <span class='ocrx_word' id='word_1_398' title='bbox 897 4027 947 4076; x_wconf 90' lang='lat' dir='ltr'><strong>et</strong></span> <span class='ocrx_word' id='word_1_399' title='bbox 992 4029 1416 4086; x_wconf 82' lang='lat' dir='ltr'><strong>conservantur,</strong></span> <span class='ocrx_word' id='word_1_400' title='bbox 1461 4018 1647 4091; x_wconf 77' lang='lat' dir='ltr'><strong>gravis</strong></span> <span class='ocrx_word' id='word_1_401' title='bbox 1700 4017 1847 4072; x_wconf 89' lang='lat' dir='ltr'><strong>enim</strong></span> <span class='ocrx_word' id='word_1_402' title='bbox 1877 4030 2080 4081; x_wconf 75' lang='lat' dir='ltr'><strong>essem,</strong></span> 
     </span>
    </p>
   </div>
   <div class='ocr_carea' id='block_1_59' title="bbox 491 4108 2080 4172">
    <p class='ocr_par' dir='ltr' id='par_1_59' title="bbox 491 4108 2080 4172">
     <span class='ocr_line' id='line_1_59' title="bbox 491 4108 2080 4172; baseline -0.002 -4"><span class='ocrx_word' id='word_1_403' title='bbox 491 4114 538 4168; x_wconf 90' lang='lat' dir='ltr'><strong>si</strong></span> <span class='ocrx_word' id='word_1_404' title='bbox 591 4114 858 4169; x_wconf 85' lang='lat' dir='ltr'><strong>discerem</strong></span> <span class='ocrx_word' id='word_1_405' title='bbox 903 4128 969 4168; x_wconf 78' lang='lat' dir='ltr'><strong>ex</strong></span> <span class='ocrx_word' id='word_1_406' title='bbox 1027 4113 1316 4169; x_wconf 88' lang='lat' dir='ltr'><strong>inscientia</strong></span> <span class='ocrx_word' id='word_1_407' title='bbox 1365 4123 1418 4167; x_wconf 92' lang='lat' dir='ltr'><strong>et</strong></span> <span class='ocrx_word' id='word_1_408' title='bbox 1465 4108 1833 4168; x_wconf 87' lang='lat' dir='ltr'><strong>contentionis</strong></span> <span class='ocrx_word' id='word_1_409' title='bbox 1872 4108 2080 4172; x_wconf 88' lang='lat' dir='ltr'><strong>studio,</strong></span> 
     </span>
    </p>
   </div>
   <div class='ocr_carea' id='block_1_60' title="bbox 491 4202 2138 4276">
    <p class='ocr_par' dir='ltr' id='par_1_60' title="bbox 491 4202 2138 4276">
     <span class='ocr_line' id='line_1_60' title="bbox 491 4202 2138 4276; baseline -0.002 -16"><span class='ocrx_word' id='word_1_410' title='bbox 491 4206 858 4261; x_wconf 81' lang='lat' dir='ltr'><strong>considerem.</strong></span> <span class='ocrx_word' id='word_1_411' title='bbox 901 4203 1021 4260; x_wconf 86' lang='lat' dir='ltr'><strong>Non</strong></span> <span class='ocrx_word' id='word_1_412' title='bbox 1052 4221 1283 4276; x_wconf 91' lang='lat' dir='ltr'><strong>prorsus</strong></span> <span class='ocrx_word' id='word_1_413' title='bbox 1339 4221 1368 4260; x_wconf 88' lang='lat' dir='ltr'><strong>a</strong></span> <span class='ocrx_word' id='word_1_414' title='bbox 1419 4212 1567 4260; x_wconf 89' lang='lat' dir='ltr'><strong>recta</strong></span> <span class='ocrx_word' id='word_1_415' title='bbox 1629 4202 1774 4259; x_wconf 89' lang='lat' dir='ltr'><strong>circa</strong></span> <span class='ocrx_word' id='word_1_416' title='bbox 1816 4202 1977 4258; x_wconf 82' lang='lat' dir='ltr'><strong>[idem</strong></span> <span class='ocrx_word' id='word_1_417' title='bbox 2001 4215 2085 4257; x_wconf 84' lang='lat' dir='ltr'><strong>ra-</strong></span> <span class='ocrx_word' id='word_1_418' title='bbox 2119 4224 2138 4230; x_wconf 83' lang='lat'><em>-</em></span> 
     </span>
    </p>
   </div>
   <div class='ocr_carea' id='block_1_61' title="bbox 486 4296 2081 4370">
    <p class='ocr_par' dir='ltr' id='par_1_61' title="bbox 486 4296 2081 4370">
     <span class='ocr_line' id='line_1_61' title="bbox 486 4296 2081 4370; baseline 0 -18"><span class='ocrx_word' id='word_1_419' title='bbox 486 4300 644 4360; x_wconf 63' lang='lat' dir='ltr'><strong>aione</strong></span> <span class='ocrx_word' id='word_1_420' title='bbox 667 4300 974 4364; x_wconf 85' lang='lat' dir='ltr'><strong>excidistis,</strong></span> <span class='ocrx_word' id='word_1_421' title='bbox 1003 4301 1095 4356; x_wconf 87' lang='lat' dir='ltr'><strong>sed</strong></span> <span class='ocrx_word' id='word_1_422' title='bbox 1127 4315 1194 4355; x_wconf 85' lang='lat' dir='ltr'><strong>ex</strong></span> <span class='ocrx_word' id='word_1_423' title='bbox 1241 4311 1420 4370; x_wconf 81' lang='lat' dir='ltr'><strong>parte,</strong></span> <span class='ocrx_word' id='word_1_424' title='bbox 1475 4297 1583 4355; x_wconf 89' lang='lat' dir='ltr'><strong>nisi</strong></span> <span class='ocrx_word' id='word_1_425' title='bbox 1627 4298 1753 4368; x_wconf 87' lang='lat' dir='ltr'><strong>quis</strong></span> <span class='ocrx_word' id='word_1_426' title='bbox 1804 4296 2081 4368; x_wconf 85' lang='lat' dir='ltr'><strong>proverbii</strong></span> 
     </span>
    </p>
   </div>
   <div class='ocr_carea' id='block_1_62' title="bbox 491 4387 2079 4461">
    <p class='ocr_par' dir='ltr' id='par_1_62' title="bbox 491 4387 2079 4461">
     <span class='ocr_line' id='line_1_62' title="bbox 491 4387 2079 4461; baseline -0.002 -17"><span class='ocrx_word' id='word_1_427' title='bbox 491 4391 628 4444; x_wconf 88' lang='lat' dir='ltr'><strong>illud</strong></span> <span class='ocrx_word' id='word_1_428' title='bbox 657 4393 787 4447; x_wconf 88' lang='lat' dir='ltr'><strong>velit</strong></span> <span class='ocrx_word' id='word_1_429' title='bbox 818 4392 977 4447; x_wconf 86' lang='lat' dir='ltr'><strong>vobis</strong></span> <span class='ocrx_word' id='word_1_430' title='bbox 1017 4391 1336 4461; x_wconf 86' lang='lat' dir='ltr'><strong>appingere,</strong></span> <span class='ocrx_word' id='word_1_431' title='bbox 1375 4389 1480 4456; x_wconf 83' lang='lat' dir='ltr'><strong>Qui</strong></span> <span class='ocrx_word' id='word_1_432' title='bbox 1543 4404 1776 4459; x_wconf 87' lang='lat' dir='ltr'><strong>parvum</strong></span> <span class='ocrx_word' id='word_1_433' title='bbox 1833 4387 2079 4458; x_wconf 85' lang='lat' dir='ltr'><strong>negligit,</strong></span> 
     </span>
    </p>
   </div>
   <div class='ocr_carea' id='block_1_63' title="bbox 489 4476 2082 4552">
    <p class='ocr_par' dir='ltr' id='par_1_63' title="bbox 489 4476 2082 4552">
     <span class='ocr_line' id='line_1_63' title="bbox 489 4476 2082 4552; baseline -0.001 -19"><span class='ocrx_word' id='word_1_434' title='bbox 489 4480 754 4552; x_wconf 83' lang='lat' dir='ltr'><strong>paulatim</strong></span> <span class='ocrx_word' id='word_1_435' title='bbox 786 4481 981 4549; x_wconf 87' lang='lat' dir='ltr'><strong>cadet;</strong></span> <span class='ocrx_word' id='word_1_436' title='bbox 1009 4481 1380 4551; x_wconf 86' lang='lat' dir='ltr'><strong>quodcunque</strong></span> <span class='ocrx_word' id='word_1_437' title='bbox 1417 4494 1542 4534; x_wconf 84' lang='lat' dir='ltr'><strong>vero</strong></span> <span class='ocrx_word' id='word_1_438' title='bbox 1588 4479 1642 4533; x_wconf 90' lang='lat' dir='ltr'><strong>in</strong></span> <span class='ocrx_word' id='word_1_439' title='bbox 1689 4494 1878 4534; x_wconf 90' lang='lat' dir='ltr'><strong>casum</strong></span> <span class='ocrx_word' id='word_1_440' title='bbox 1903 4476 2082 4533; x_wconf 89' lang='lat' dir='ltr'><strong>abdu-</strong></span> 
     </span>
    </p>
   </div>
   <div class='ocr_carea' id='block_1_64' title="bbox 491 4568 2161 4658">
    <p class='ocr_par' dir='ltr' id='par_1_64' title="bbox 491 4568 2161 4658">
     <span class='ocr_line' id='line_1_64' title="bbox 491 4568 2161 4658; baseline -0.002 -32"><span class='ocrx_word' id='word_1_441' title='bbox 491 4571 586 4637; x_wconf 84' lang='lat' dir='ltr'><strong>cit.</strong></span> <span class='ocrx_word' id='word_1_442' title='bbox 617 4580 671 4626; x_wconf 90' lang='lat' dir='ltr'><strong>et</strong></span> <span class='ocrx_word' id='word_1_443' title='bbox 705 4587 892 4627; x_wconf 89' lang='lat' dir='ltr'><strong>casum</strong></span> <span class='ocrx_word' id='word_1_444' title='bbox 930 4586 960 4626; x_wconf 91' lang='lat' dir='ltr'><strong>a</strong></span> <span class='ocrx_word' id='word_1_445' title='bbox 1023 4573 1152 4636; x_wconf 84' lang='lat' dir='ltr'><strong>Deo,</strong></span> <span class='ocrx_word' id='word_1_446' title='bbox 1211 4569 1614 4626; x_wconf 83' lang='lat' dir='ltr'><strong>exsecrationis</strong></span> <span class='ocrx_word' id='word_1_447' title='bbox 1665 4568 2082 4637; x_wconf 86' lang='lat' dir='ltr'><strong>aversionisque</strong></span> <span class='ocrx_word' id='word_1_448' title='bbox 2107 4597 2161 4658; x_wconf 79' lang='lat' dir='ltr'><strong>D</strong></span> 
     </span>
    </p>
   </div>
   <div class='ocr_carea' id='block_1_65' title="bbox 492 4657 2084 4736">
    <p class='ocr_par' dir='ltr' id='par_1_65' title="bbox 492 4657 2084 4736">
     <span class='ocr_line' id='line_1_65' title="bbox 492 4657 2084 4736; baseline -0.004 -16"><span class='ocrx_word' id='word_1_449' title='bbox 492 4664 718 4736; x_wconf 83' lang='lat' dir='ltr'><strong>dignum</strong></span> <span class='ocrx_word' id='word_1_450' title='bbox 745 4674 850 4722; x_wconf 87' lang='lat' dir='ltr'><strong>est.</strong></span> <span class='ocrx_word' id='word_1_451' title='bbox 889 4664 1139 4735; x_wconf 86' lang='lat' dir='ltr'><strong>Namque</strong></span> <span class='ocrx_word' id='word_1_452' title='bbox 1180 4663 1304 4718; x_wconf 83' lang='lat' dir='ltr'><strong>Filii</strong></span> <span class='ocrx_word' id='word_1_453' title='bbox 1352 4671 1407 4718; x_wconf 94' lang='lat' dir='ltr'><strong>et</strong></span> <span class='ocrx_word' id='word_1_454' title='bbox 1438 4661 1607 4716; x_wconf 85' lang='lat' dir='ltr'><strong>Verbi</strong></span> <span class='ocrx_word' id='word_1_455' title='bbox 1635 4661 1730 4716; x_wconf 91' lang='lat' dir='ltr'><strong>Dei</strong></span> <span class='ocrx_word' id='word_1_456' title='bbox 1754 4675 1879 4717; x_wconf 90' lang='lat' dir='ltr'><strong>cum</strong></span> <span class='ocrx_word' id='word_1_457' title='bbox 1921 4657 2084 4714; x_wconf 86' lang='lat' dir='ltr'><strong>Patre</strong></span> 
     </span>
    </p>
   </div>
   <div class='ocr_carea' id='block_1_66' title="bbox 493 4753 2084 4828">
    <p class='ocr_par' dir='ltr' id='par_1_66' title="bbox 493 4753 2084 4828">
     <span class='ocr_line' id='line_1_66' title="bbox 493 4753 2084 4828; baseline -0.004 -14"><span class='ocrx_word' id='word_1_458' title='bbox 493 4758 615 4814; x_wconf 90' lang='lat' dir='ltr'><strong>sine</strong></span> <span class='ocrx_word' id='word_1_459' title='bbox 645 4758 933 4828; x_wconf 89' lang='lat' dir='ltr'><strong>principio,</strong></span> <span class='ocrx_word' id='word_1_460' title='bbox 993 4768 1050 4813; x_wconf 90' lang='lat' dir='ltr'><strong>et</strong></span> <span class='ocrx_word' id='word_1_461' title='bbox 1106 4755 1460 4813; x_wconf 86' lang='lat' dir='ltr'><strong>sanctissimo</strong></span> <span class='ocrx_word' id='word_1_462' title='bbox 1515 4755 1845 4826; x_wconf 81' lang='lat' dir='ltr'><strong>viviﬁcoque</strong></span> <span class='ocrx_word' id='word_1_463' title='bbox 1908 4753 2084 4824; x_wconf 85' lang='lat' dir='ltr'><strong>ipsius</strong></span> 
     </span>
    </p>
   </div>
   <div class='ocr_carea' id='block_1_67' title="bbox 495 4843 2082 4919">
    <p class='ocr_par' dir='ltr' id='par_1_67' title="bbox 495 4843 2082 4919">
     <span class='ocr_line' id='line_1_67' title="bbox 495 4843 2082 4919; baseline -0.003 -16"><span class='ocrx_word' id='word_1_464' title='bbox 495 4849 704 4919; x_wconf 90' lang='lat' dir='ltr'><strong>Spiritu</strong></span> <span class='ocrx_word' id='word_1_465' title='bbox 741 4857 868 4904; x_wconf 90' lang='lat' dir='ltr'><strong>ante</strong></span> <span class='ocrx_word' id='word_1_466' title='bbox 900 4847 1101 4904; x_wconf 71' lang='lat' dir='ltr'><strong>saecula</strong></span> <span class='ocrx_word' id='word_1_467' title='bbox 1151 4846 1530 4903; x_wconf 79' lang='lat' dir='ltr'><strong>exsistentiam</strong></span> <span class='ocrx_word' id='word_1_468' title='bbox 1591 4854 1737 4900; x_wconf 82' lang='lat' dir='ltr'><strong>recte</strong></span> <span class='ocrx_word' id='word_1_469' title='bbox 1780 4843 2082 4901; x_wconf 89' lang='lat' dir='ltr'><strong>secundum</strong></span> 
     </span>
    </p>
   </div>
   <div class='ocr_carea' id='block_1_68' title="bbox 495 4936 2086 4997">
    <p class='ocr_par' dir='ltr' id='par_1_68' title="bbox 495 4936 2086 4997">
     <span class='ocr_line' id='line_1_68' title="bbox 495 4936 2086 4997; baseline -0.003 -1"><span class='ocrx_word' id='word_1_470' title='bbox 495 4942 824 4997; x_wconf 75' lang='lat' dir='ltr'><strong>Catholicam</strong></span> <span class='ocrx_word' id='word_1_471' title='bbox 859 4950 913 4997; x_wconf 93' lang='lat' dir='ltr'><strong>et</strong></span> <span class='ocrx_word' id='word_1_472' title='bbox 933 4940 1296 4996; x_wconf 81' lang='lat' dir='ltr'><strong>orthodoxam</strong></span> <span class='ocrx_word' id='word_1_473' title='bbox 1325 4939 1623 4995; x_wconf 88' lang='lat' dir='ltr'><strong>Ecclesiam</strong></span> <span class='ocrx_word' id='word_1_474' title='bbox 1661 4938 1886 4995; x_wconf 87' lang='lat' dir='ltr'><strong>tenetis.</strong></span> <span class='ocrx_word' id='word_1_475' title='bbox 1940 4936 2086 4992; x_wconf 65' lang='lat' dir='ltr'><strong>Pras-</strong></span> 
     </span>
    </p>
   </div>
   <div class='ocr_carea' id='block_1_69' title="bbox 499 5028 2083 5105">
    <p class='ocr_par' dir='ltr' id='par_1_69' title="bbox 499 5028 2083 5105">
     <span class='ocr_line' id='line_1_69' title="bbox 499 5028 2083 5105; baseline -0.004 -16"><span class='ocrx_word' id='word_1_476' title='bbox 499 5046 647 5089; x_wconf 88' lang='lat' dir='ltr'><strong>terea</strong></span> <span class='ocrx_word' id='word_1_477' title='bbox 707 5035 802 5090; x_wconf 87' lang='lat' dir='ltr'><strong>Dei</strong></span> <span class='ocrx_word' id='word_1_478' title='bbox 851 5035 1138 5105; x_wconf 84' lang='lat' dir='ltr'><strong>Patrisque</strong></span> <span class='ocrx_word' id='word_1_479' title='bbox 1198 5034 1574 5105; x_wconf 83' lang='lat' dir='ltr'><strong>beneplacito,</strong></span> <span class='ocrx_word' id='word_1_480' title='bbox 1624 5040 1679 5088; x_wconf 92' lang='lat' dir='ltr'><strong>et</strong></span> <span class='ocrx_word' id='word_1_481' title='bbox 1745 5028 2083 5088; x_wconf 88' lang='lat' dir='ltr'><strong>sanctissimi</strong></span> 
     </span>
    </p>
   </div>
   <div class='ocr_carea' id='block_1_70' title="bbox 498 5125 2086 5198">
    <p class='ocr_par' dir='ltr' id='par_1_70' title="bbox 498 5125 2086 5198">
     <span class='ocr_line' id='line_1_70' title="bbox 498 5125 2086 5198; baseline -0.002 -16"><span class='ocrx_word' id='word_1_482' title='bbox 498 5127 736 5198; x_wconf 90' lang='lat' dir='ltr'><strong>Spiritus</strong></span> <span class='ocrx_word' id='word_1_483' title='bbox 787 5143 1064 5185; x_wconf 85' lang='lat' dir='ltr'><strong>concursu</strong></span> <span class='ocrx_word' id='word_1_484' title='bbox 1125 5129 1180 5184; x_wconf 89' lang='lat' dir='ltr'><strong>in</strong></span> <span class='ocrx_word' id='word_1_485' title='bbox 1246 5138 1404 5185; x_wconf 89' lang='lat' dir='ltr'><strong>utero</strong></span> <span class='ocrx_word' id='word_1_486' title='bbox 1466 5142 1680 5196; x_wconf 86' lang='lat' dir='ltr'><strong>semper</strong></span> <span class='ocrx_word' id='word_1_487' title='bbox 1743 5125 1970 5195; x_wconf 77' lang='lat' dir='ltr'><strong>virginis</strong></span> <span class='ocrx_word' id='word_1_488' title='bbox 2020 5139 2086 5179; x_wconf 91' lang='lat' dir='ltr'><strong>ac</strong></span> 
     </span>
    </p>
   </div>
   <div class='ocr_carea' id='block_1_71' title="bbox 498 5218 2086 5289">
    <p class='ocr_par' dir='ltr' id='par_1_71' title="bbox 498 5218 2086 5289">
     <span class='ocr_line' id='line_1_71' title="bbox 498 5218 2086 5289; baseline -0.002 -17"><span class='ocrx_word' id='word_1_489' title='bbox 498 5219 745 5289; x_wconf 68' lang='lat' dir='ltr'><strong>Deiparze</strong></span> <span class='ocrx_word' id='word_1_490' title='bbox 787 5218 970 5276; x_wconf 66' lang='lat' dir='ltr'><strong>Mariae</strong></span> <span class='ocrx_word' id='word_1_491' title='bbox 1016 5218 1432 5286; x_wconf 87' lang='lat' dir='ltr'><strong>habitationem,</strong></span> <span class='ocrx_word' id='word_1_492' title='bbox 1502 5227 1558 5273; x_wconf 90' lang='lat' dir='ltr'><strong>et</strong></span> <span class='ocrx_word' id='word_1_493' title='bbox 1616 5227 1820 5273; x_wconf 61' lang='lat' dir='ltr'><strong>nostris</strong></span> <span class='ocrx_word' id='word_1_494' title='bbox 1873 5225 2086 5272; x_wconf 69' lang='lat' dir='ltr'><strong>natura:</strong></span> 
     </span>
    </p>
   </div>
   <div class='ocr_carea' id='block_1_72' title="bbox 501 5310 2086 5379">
    <p class='ocr_par' dir='ltr' id='par_1_72' title="bbox 501 5310 2086 5379">
     <span class='ocr_line' id='line_1_72' title="bbox 501 5310 2086 5379; baseline -0.003 -13"><span class='ocrx_word' id='word_1_495' title='bbox 501 5311 852 5367; x_wconf 85' lang='lat' dir='ltr'><strong>ineonfusam</strong></span> <span class='ocrx_word' id='word_1_496' title='bbox 913 5320 970 5368; x_wconf 89' lang='lat' dir='ltr'><strong>et</strong></span> <span class='ocrx_word' id='word_1_497' title='bbox 1013 5310 1445 5379; x_wconf 83' lang='lat' dir='ltr'><strong>inseparabilem</strong></span> <span class='ocrx_word' id='word_1_498' title='bbox 1495 5311 1780 5374; x_wconf 88' lang='lat' dir='ltr'><strong>unionem,</strong></span> <span class='ocrx_word' id='word_1_499' title='bbox 1828 5310 2086 5364; x_wconf 91' lang='lat' dir='ltr'><strong>immuta-</strong></span> 
     </span>
    </p>
   </div>
   <div class='ocr_carea' id='block_1_73' title="bbox 502 5401 2086 5472">
    <p class='ocr_par' dir='ltr' id='par_1_73' title="bbox 502 5401 2086 5472">
     <span class='ocr_line' id='line_1_73' title="bbox 502 5401 2086 5472; baseline -0.003 -14"><span class='ocrx_word' id='word_1_500' title='bbox 502 5403 599 5458; x_wconf 74' lang='lat' dir='ltr'><strong>Lili</strong></span> <span class='ocrx_word' id='word_1_501' title='bbox 624 5413 942 5458; x_wconf 83' lang='lat' dir='ltr'><strong>remanente</strong></span> <span class='ocrx_word' id='word_1_502' title='bbox 967 5403 1077 5458; x_wconf 89' lang='lat' dir='ltr'><strong>Deo</strong></span> <span class='ocrx_word' id='word_1_503' title='bbox 1105 5401 1305 5467; x_wconf 88' lang='lat' dir='ltr'><strong>Verbo,</strong></span> <span class='ocrx_word' id='word_1_504' title='bbox 1333 5403 1388 5457; x_wconf 90' lang='lat' dir='ltr'><strong>in</strong></span> <span class='ocrx_word' id='word_1_505' title='bbox 1409 5402 1626 5472; x_wconf 86' lang='lat' dir='ltr'><strong>propria</strong></span> <span class='ocrx_word' id='word_1_506' title='bbox 1649 5413 1865 5464; x_wconf 88' lang='lat' dir='ltr'><strong>natura,</strong></span> <span class='ocrx_word' id='word_1_507' title='bbox 1891 5414 2086 5468; x_wconf 90' lang='lat' dir='ltr'><strong>nempe</strong></span> 
     </span>
    </p>
   </div>
   <div class='ocr_carea' id='block_1_74' title="bbox 499 5493 2083 5562">
    <p class='ocr_par' dir='ltr' id='par_1_74' title="bbox 499 5493 2083 5562">
     <span class='ocr_line' id='line_1_74' title="bbox 499 5493 2083 5562; baseline -0.001 -15"><span class='ocrx_word' id='word_1_508' title='bbox 499 5495 723 5559; x_wconf 83' lang='lat' dir='ltr'><strong>deitate,</strong></span> <span class='ocrx_word' id='word_1_509' title='bbox 742 5502 796 5548; x_wconf 90' lang='lat' dir='ltr'><strong>et</strong></span> <span class='ocrx_word' id='word_1_510' title='bbox 815 5493 1149 5548; x_wconf 85' lang='lat' dir='ltr'><strong>immutabili</strong></span> <span class='ocrx_word' id='word_1_511' title='bbox 1165 5493 1689 5562; x_wconf 69' lang='lat' dir='ltr'><strong>conservatajpsius</strong></span> <span class='ocrx_word' id='word_1_512' title='bbox 1719 5493 2083 5557; x_wconf 90' lang='lat' dir='ltr'><strong>humanitate,</strong></span> 
     </span>
    </p>
   </div>
   <div class='ocr_carea' id='block_1_75' title="bbox 499 5584 2087 5656">
    <p class='ocr_par' dir='ltr' id='par_1_75' title="bbox 499 5584 2087 5656">
     <span class='ocr_line' id='line_1_75' title="bbox 499 5584 2087 5656; baseline -0.001 -17"><span class='ocrx_word' id='word_1_513' title='bbox 499 5584 942 5656; x_wconf 83' lang='lat' dir='ltr'><strong>nempehumara</strong></span> <span class='ocrx_word' id='word_1_514' title='bbox 964 5593 1176 5652; x_wconf 87' lang='lat' dir='ltr'><strong>natura,</strong></span> <span class='ocrx_word' id='word_1_515' title='bbox 1197 5585 1382 5641; x_wconf 85' lang='lat' dir='ltr'><strong>omnia</strong></span> <span class='ocrx_word' id='word_1_516' title='bbox 1396 5599 1521 5640; x_wconf 88' lang='lat' dir='ltr'><strong>vere</strong></span> <span class='ocrx_word' id='word_1_517' title='bbox 1547 5600 1655 5655; x_wconf 85' lang='lat' dir='ltr'><strong>prae</strong></span> <span class='ocrx_word' id='word_1_518' title='bbox 1673 5601 1730 5642; x_wconf 87' lang='lat' dir='ltr'><strong>se</strong></span> <span class='ocrx_word' id='word_1_519' title='bbox 1745 5584 1946 5641; x_wconf 86' lang='lat' dir='ltr'><strong>ferente</strong></span> <span class='ocrx_word' id='word_1_520' title='bbox 1963 5599 2087 5654; x_wconf 84' lang='lat' dir='ltr'><strong>quae</strong></span> 
     </span>
    </p>
   </div>
   <div class='ocr_carea' id='block_1_76' title="bbox 501 5678 2082 5752">
    <p class='ocr_par' dir='ltr' id='par_1_76' title="bbox 501 5678 2082 5752">
     <span class='ocr_line' id='line_1_76' title="bbox 501 5678 2082 5752; baseline 0.001 -22"><span class='ocrx_word' id='word_1_521' title='bbox 501 5678 741 5733; x_wconf 86' lang='lat' dir='ltr'><strong>hominis</strong></span> <span class='ocrx_word' id='word_1_522' title='bbox 780 5685 1161 5751; x_wconf 81' lang='lat' dir='ltr'><strong>sunt,excepto</strong></span> <span class='ocrx_word' id='word_1_523' title='bbox 1195 5689 1421 5752; x_wconf 88' lang='lat' dir='ltr'><strong>peccato</strong></span> <span class='ocrx_word' id='word_1_524' title='bbox 1449 5679 2082 5751; x_wconf 84' lang='lat' dir='ltr'><strong>solo,corpns,animam,</strong></span> 
     </span>
    </p>
   </div>
   <div class='ocr_carea' id='block_1_77' title="bbox 499 5768 2086 5843">
    <p class='ocr_par' dir='ltr' id='par_1_77' title="bbox 499 5768 2086 5843">
     <span class='ocr_line' id='line_1_77' title="bbox 499 5768 2086 5843; baseline 0.003 -23"><span class='ocrx_word' id='word_1_525' title='bbox 499 5779 554 5821; x_wconf 83' lang='lat' dir='ltr'><strong>et</strong></span> <span class='ocrx_word' id='word_1_526' title='bbox 579 5779 837 5825; x_wconf 90' lang='lat' dir='ltr'><strong>mentem.</strong></span> <span class='ocrx_word' id='word_1_527' title='bbox 880 5768 976 5825; x_wconf 89' lang='lat' dir='ltr'><strong>llis</strong></span> <span class='ocrx_word' id='word_1_528' title='bbox 1007 5787 1137 5827; x_wconf 87' lang='lat' dir='ltr'><strong>vero</strong></span> <span class='ocrx_word' id='word_1_529' title='bbox 1200 5789 1292 5843; x_wconf 85' lang='lat' dir='ltr'><strong>per</strong></span> <span class='ocrx_word' id='word_1_530' title='bbox 1328 5789 1426 5829; x_wconf 81' lang='lat' dir='ltr'><strong>vos</strong></span> <span class='ocrx_word' id='word_1_531' title='bbox 1459 5772 1851 5843; x_wconf 87' lang='lat' dir='ltr'><strong>comprobalis,</strong></span> <span class='ocrx_word' id='word_1_532' title='bbox 1902 5768 2086 5842; x_wconf 84' lang='lat' dir='ltr'><strong>perfe-</strong></span> 
     </span>
    </p>
   </div>
   <div class='ocr_carea' id='block_1_78' title="bbox 502 5859 2084 5937">
    <p class='ocr_par' dir='ltr' id='par_1_78' title="bbox 502 5859 2084 5937">
     <span class='ocr_line' id='line_1_78' title="bbox 502 5859 2084 5937; baseline 0.003 -24"><span class='ocrx_word' id='word_1_533' title='bbox 502 5871 625 5916; x_wconf 82' lang='lat' dir='ltr'><strong>ctus</strong></span> <span class='ocrx_word' id='word_1_534' title='bbox 658 5860 712 5915; x_wconf 90' lang='lat' dir='ltr'><strong>in</strong></span> <span class='ocrx_word' id='word_1_535' title='bbox 767 5859 972 5918; x_wconf 85' lang='lat' dir='ltr'><strong>dcitate</strong></span> <span class='ocrx_word' id='word_1_536' title='bbox 1017 5871 1072 5919; x_wconf 81' lang='lat' dir='ltr'><strong>et</strong></span> <span class='ocrx_word' id='word_1_537' title='bbox 1101 5864 1376 5937; x_wconf 80' lang='lat' dir='ltr'><strong>perfectus</strong></span> <span class='ocrx_word' id='word_1_538' title='bbox 1423 5867 1479 5923; x_wconf 89' lang='lat' dir='ltr'><strong>in</strong></span> <span class='ocrx_word' id='word_1_539' title='bbox 1531 5869 1876 5924; x_wconf 85' lang='lat' dir='ltr'><strong>humanitate</strong></span> <span class='ocrx_word' id='word_1_540' title='bbox 1930 5879 2084 5922; x_wconf 87' lang='lat' dir='ltr'><strong>com-</strong></span> 
     </span>
    </p>
   </div>
   <div class='ocr_carea' id='block_1_79' title="bbox 2187 1985 3784 2064">
    <p class='ocr_par' dir='ltr' id='par_1_79' title="bbox 2187 1985 3784 2064">
     <span class='ocr_line' id='line_1_79' title="bbox 2187 1985 3784 2064; baseline -0.003 -17"><span class='ocrx_word' id='word_1_541' title='bbox 2187 1994 2281 2048; x_wconf 89' lang='grc' dir='ltr'><strong>τοῦ</strong></span> <span class='ocrx_word' id='word_1_542' title='bbox 2305 1993 2674 2064; x_wconf 80' lang='grc' dir='ltr'>ἀνθρωπίνου,</span> <span class='ocrx_word' id='word_1_543' title='bbox 2708 1985 2782 2047; x_wconf 81' lang='grc' dir='ltr'><strong>ὧν</strong></span> <span class='ocrx_word' id='word_1_544' title='bbox 2814 1992 2935 2063; x_wconf 71' lang='grc' dir='ltr'>ἃμα</span> <span class='ocrx_word' id='word_1_545' title='bbox 2964 1993 2998 2062; x_wconf 80' lang='grc' dir='ltr'><strong>η</strong></span> <span class='ocrx_word' id='word_1_546' title='bbox 3035 1990 3300 2062; x_wconf 78' lang='grc' dir='ltr'>σύλληψις</span> <span class='ocrx_word' id='word_1_547' title='bbox 3338 1990 3436 2044; x_wconf 71' lang='grc' dir='ltr'>καὶ</span> <span class='ocrx_word' id='word_1_548' title='bbox 3467 1992 3501 2061; x_wconf 80' lang='grc' dir='ltr'>ἡ</span> <span class='ocrx_word' id='word_1_549' title='bbox 3537 1990 3784 2060; x_wconf 78' lang='grc' dir='ltr'>ῦπαρξις</span> 
     </span>
    </p>
   </div>
   <div class='ocr_carea' id='block_1_80' title="bbox 2186 2083 3781 2157">
    <p class='ocr_par' dir='ltr' id='par_1_80' title="bbox 2186 2083 3781 2157">
     <span class='ocr_line' id='line_1_80' title="bbox 2186 2083 3781 2157; baseline -0.001 -18"><span class='ocrx_word' id='word_1_550' title='bbox 2186 2085 2762 2157; x_wconf 81' lang='grc' dir='ltr'>τεθαυματούργηται,</span> <span class='ocrx_word' id='word_1_551' title='bbox 2794 2087 2828 2156; x_wconf 84' lang='grc' dir='ltr'>ἡ</span> <span class='ocrx_word' id='word_1_552' title='bbox 2880 2086 2980 2156; x_wconf 74' lang='grc' dir='ltr'><strong>μὶν</strong></span> <span class='ocrx_word' id='word_1_553' title='bbox 3013 2083 3274 2154; x_wconf 78' lang='grc' dir='ltr'>σύλληψις</span> <span class='ocrx_word' id='word_1_554' title='bbox 3305 2084 3400 2138; x_wconf 91' lang='grc' dir='ltr'><strong>τοῦ</strong></span> <span class='ocrx_word' id='word_1_555' title='bbox 3444 2085 3641 2153; x_wconf 87' lang='grc' dir='ltr'>Λόγου,</span> <span class='ocrx_word' id='word_1_556' title='bbox 3673 2085 3781 2154; x_wconf 84' lang='grc' dir='ltr'>τῆς</span> 
     </span>
    </p>
   </div>
   <div class='ocr_carea' id='block_1_81' title="bbox 2185 2178 3780 2251">
    <p class='ocr_par' dir='ltr' id='par_1_81' title="bbox 2185 2178 3780 2251">
     <span class='ocr_line' id='line_1_81' title="bbox 2185 2178 3780 2251; baseline 0.001 -19"><span class='ocrx_word' id='word_1_557' title='bbox 2185 2179 2239 2232; x_wconf 86' lang='grc' dir='ltr'>δὲ</span> <span class='ocrx_word' id='word_1_558' title='bbox 2272 2179 2474 2251; x_wconf 84' lang='grc' dir='ltr'>σαρκὸς</span> <span class='ocrx_word' id='word_1_559' title='bbox 2504 2183 2538 2250; x_wconf 81' lang='grc' dir='ltr'>ή</span> <span class='ocrx_word' id='word_1_560' title='bbox 2567 2181 2624 2232; x_wconf 76' lang='grc' dir='ltr'><strong>ὲν</strong></span> <span class='ocrx_word' id='word_1_561' title='bbox 2657 2178 2809 2249; x_wconf 87' lang='grc' dir='ltr'>αὑτῷ</span> <span class='ocrx_word' id='word_1_562' title='bbox 2835 2179 2916 2249; x_wconf 88' lang='grc' dir='ltr'>τῷ</span> <span class='ocrx_word' id='word_1_563' title='bbox 2945 2178 3106 2249; x_wconf 85' lang='grc' dir='ltr'>Λόγῳ</span> <span class='ocrx_word' id='word_1_564' title='bbox 3123 2178 3358 2248; x_wconf 81' lang='grc' dir='ltr'>ῦπαρξις</span> <span class='ocrx_word' id='word_1_565' title='bbox 3384 2178 3451 2232; x_wconf 80' lang='grc' dir='ltr'><strong>δι’</strong></span> <span class='ocrx_word' id='word_1_566' title='bbox 3471 2179 3644 2248; x_wconf 82' lang='grc' dir='ltr'>αὑτῆς</span> <span class='ocrx_word' id='word_1_567' title='bbox 3674 2179 3780 2248; x_wconf 68' lang='grc' dir='ltr'>τῆς</span> 
     </span>
    </p>
   </div>
   <div class='ocr_carea' id='block_1_82' title="bbox 2184 2257 3778 2344">
    <p class='ocr_par' dir='ltr' id='par_1_82' title="bbox 2184 2257 3778 2344">
     <span class='ocr_line' id='line_1_82' title="bbox 2184 2257 3778 2344; baseline -0.002 -20"><span class='ocrx_word' id='word_1_568' title='bbox 2184 2271 2552 2342; x_wconf 76' lang='grc' dir='ltr'>Θεομήτορος,</span> <span class='ocrx_word' id='word_1_569' title='bbox 2587 2271 2884 2344; x_wconf 81' lang='grc' dir='ltr'>ὑπερφυῶς</span> <span class='ocrx_word' id='word_1_570' title='bbox 2912 2269 3257 2340; x_wconf 84' lang='grc' dir='ltr'>χορηγούσης</span> <span class='ocrx_word' id='word_1_571' title='bbox 3276 2269 3337 2322; x_wconf 83' lang='grc' dir='ltr'><strong>τὸ</strong></span> <span class='ocrx_word' id='word_1_572' title='bbox 3369 2257 3679 2338; x_wconf 82' lang='grc' dir='ltr'>πλασθῆναι</span> <span class='ocrx_word' id='word_1_573' title='bbox 3694 2268 3778 2338; x_wconf 84' lang='grc' dir='ltr'><strong>τῷ</strong></span> 
     </span>
    </p>
   </div>
   <div class='ocr_carea' id='block_1_83' title="bbox 2186 2360 3774 2432">
    <p class='ocr_par' dir='ltr' id='par_1_83' title="bbox 2186 2360 3774 2432">
     <span class='ocr_line' id='line_1_83' title="bbox 2186 2360 3774 2432; baseline -0.003 -15"><span class='ocrx_word' id='word_1_574' title='bbox 2186 2363 2476 2426; x_wconf 65' lang='grc' dir='ltr'>πλάσαντι,</span> <span class='ocrx_word' id='word_1_575' title='bbox 2503 2364 2598 2417; x_wconf 71' lang='grc' dir='ltr'>καὶ</span> <span class='ocrx_word' id='word_1_576' title='bbox 2625 2363 2686 2416; x_wconf 86' lang='grc' dir='ltr'><strong>τὸ</strong></span> <span class='ocrx_word' id='word_1_577' title='bbox 2723 2361 3177 2432; x_wconf 82' lang='grc' dir='ltr'>ἀνθρωπισθῆναι</span> <span class='ocrx_word' id='word_1_578' title='bbox 3199 2360 3278 2432; x_wconf 83' lang='grc' dir='ltr'>τῷ</span> <span class='ocrx_word' id='word_1_579' title='bbox 3299 2361 3422 2432; x_wconf 83' lang='grc' dir='ltr'>Θεῷ</span> <span class='ocrx_word' id='word_1_580' title='bbox 3446 2362 3543 2415; x_wconf 75' lang='grc' dir='ltr'>καὶ</span> <span class='ocrx_word' id='word_1_581' title='bbox 3572 2364 3774 2432; x_wconf 80' lang='grc' dir='ltr'>ποιητῇ</span> 
     </span>
    </p>
   </div>
   <div class='ocr_carea' id='block_1_84' title="bbox 2183 2453 3777 2526">
    <p class='ocr_par' dir='ltr' id='par_1_84' title="bbox 2183 2453 3777 2526">
     <span class='ocr_line' id='line_1_84' title="bbox 2183 2453 3777 2526; baseline -0.001 -17"><span class='ocrx_word' id='word_1_582' title='bbox 2183 2454 2278 2509; x_wconf 91' lang='grc' dir='ltr'><strong>τοῦ</strong></span> <span class='ocrx_word' id='word_1_583' title='bbox 2319 2456 2521 2519; x_wconf 77' lang='grc' dir='ltr'>παντὸς</span> <span class='ocrx_word' id='word_1_584' title='bbox 2566 2454 2779 2508; x_wconf 83' lang='grc' dir='ltr'>θεοῦντι</span> <span class='ocrx_word' id='word_1_585' title='bbox 2816 2454 2878 2508; x_wconf 83' lang='grc' dir='ltr'><strong>τὺ</strong></span> <span class='ocrx_word' id='word_1_586' title='bbox 2912 2453 3254 2526; x_wconf 86' lang='grc' dir='ltr'>πρόσλημμα</span> <span class='ocrx_word' id='word_1_587' title='bbox 3276 2495 3290 2520; x_wconf 93' lang='grc'><strong>,</strong></span> <span class='ocrx_word' id='word_1_588' title='bbox 3351 2453 3637 2524; x_wconf 83' lang='grc' dir='ltr'>σωζούσης</span> <span class='ocrx_word' id='word_1_589' title='bbox 3673 2454 3777 2522; x_wconf 85' lang='grc' dir='ltr'>τῆς</span> 
     </span>
    </p>
   </div>
   <div class='ocr_carea' id='block_1_85' title="bbox 2185 2540 3774 2616">
    <p class='ocr_par' dir='ltr' id='par_1_85' title="bbox 2185 2540 3774 2616">
     <span class='ocr_line' id='line_1_85' title="bbox 2185 2540 3774 2616; baseline -0.003 -15"><span class='ocrx_word' id='word_1_590' title='bbox 2185 2547 2437 2611; x_wconf 85' lang='grc' dir='ltr'>ὲνώσεως</span> <span class='ocrx_word' id='word_1_591' title='bbox 2485 2548 2556 2600; x_wconf 83' lang='grc' dir='ltr'><strong>τὰ</strong></span> <span class='ocrx_word' id='word_1_592' title='bbox 2583 2546 2858 2600; x_wconf 79' lang='grc' dir='ltr'>ἑνωθέντα</span> <span class='ocrx_word' id='word_1_593' title='bbox 2900 2545 3127 2600; x_wconf 89' lang='grc' dir='ltr'>τοιαῦτα</span> <span class='ocrx_word' id='word_1_594' title='bbox 3159 2540 3247 2599; x_wconf 76' lang='grc' dir='ltr'>οἷα</span> <span class='ocrx_word' id='word_1_595' title='bbox 3281 2546 3377 2600; x_wconf 76' lang='grc' dir='ltr'>καὶ</span> <span class='ocrx_word' id='word_1_596' title='bbox 3421 2546 3681 2616; x_wconf 72' lang='grc' dir='ltr'>ἦνωνται,</span> <span class='ocrx_word' id='word_1_597' title='bbox 3711 2543 3774 2597; x_wconf 87' lang='grc' dir='ltr'><strong>οὑ</strong></span> 
     </span>
    </p>
   </div>
   <div class='ocr_carea' id='block_1_86' title="bbox 2184 2636 3776 2709">
    <p class='ocr_par' dir='ltr' id='par_1_86' title="bbox 2184 2636 3776 2709">
     <span class='ocr_line' id='line_1_86' title="bbox 2184 2636 3776 2709; baseline -0.003 -16"><span class='ocrx_word' id='word_1_598' title='bbox 2184 2640 2246 2693; x_wconf 85' lang='grc' dir='ltr'><strong>τὸ</strong></span> <span class='ocrx_word' id='word_1_599' title='bbox 2277 2639 2419 2692; x_wconf 83' lang='grc' dir='ltr'>θεῖον</span> <span class='ocrx_word' id='word_1_600' title='bbox 2457 2638 2604 2706; x_wconf 81' lang='grc' dir='ltr'>λέγω</span> <span class='ocrx_word' id='word_1_601' title='bbox 2657 2639 2840 2709; x_wconf 85' lang='grc' dir='ltr'>μόνον,</span> <span class='ocrx_word' id='word_1_602' title='bbox 2883 2638 3021 2691; x_wconf 80' lang='grc' dir='ltr'>ἀλλὰ</span> <span class='ocrx_word' id='word_1_603' title='bbox 3058 2637 3153 2691; x_wconf 58' lang='grc' dir='ltr'><strong>καὶ⁵</strong></span> <span class='ocrx_word' id='word_1_604' title='bbox 3189 2638 3251 2691; x_wconf 82' lang='grc' dir='ltr'>τὸ</span> <span class='ocrx_word' id='word_1_605' title='bbox 3298 2636 3644 2708; x_wconf 88' lang='grc' dir='ltr'>ἀνθρώπινον</span> <span class='ocrx_word' id='word_1_606' title='bbox 3677 2636 3776 2690; x_wconf 88' lang='grc' dir='ltr'><strong>τοῦ</strong></span> 
     </span>
    </p>
   </div>
   <div class='ocr_carea' id='block_1_87' title="bbox 2185 2727 3772 2802">
    <p class='ocr_par' dir='ltr' id='par_1_87' title="bbox 2185 2727 3772 2802">
     <span class='ocr_line' id='line_1_87' title="bbox 2185 2727 3772 2802; baseline -0.003 -16"><span class='ocrx_word' id='word_1_607' title='bbox 2185 2731 2448 2802; x_wconf 82' lang='grc' dir='ltr'>Χριστοῦ,</span> <span class='ocrx_word' id='word_1_608' title='bbox 2483 2731 2544 2785; x_wconf 79' lang='grc' dir='ltr'><strong>τὸ</strong></span> <span class='ocrx_word' id='word_1_609' title='bbox 2569 2730 2712 2802; x_wconf 79' lang='grc' dir='ltr'>ὑπὲρ</span> <span class='ocrx_word' id='word_1_610' title='bbox 2746 2731 2893 2801; x_wconf 78' lang='grc' dir='ltr'><strong>ἡμᾶς</strong></span> <span class='ocrx_word' id='word_1_611' title='bbox 2921 2731 3015 2783; x_wconf 80' lang='grc' dir='ltr'>καὶ</span> <span class='ocrx_word' id='word_1_612' title='bbox 3043 2729 3168 2783; x_wconf 81' lang='grc' dir='ltr'>καθ’</span> <span class='ocrx_word' id='word_1_613' title='bbox 3209 2730 3380 2800; x_wconf 76' lang='grc' dir='ltr'>ἡμᾶς.</span> <span class='ocrx_word' id='word_1_614' title='bbox 3411 2729 3475 2781; x_wconf 77' lang='lat' dir='ltr'><strong>Et</strong></span> <span class='ocrx_word' id='word_1_615' title='bbox 3513 2727 3570 2781; x_wconf 84' lang='grc' dir='ltr'>δὲ</span> <span class='ocrx_word' id='word_1_616' title='bbox 3592 2727 3772 2792; x_wconf 89' lang='grc' dir='ltr'>τοῦτο,</span> 
     </span>
    </p>
   </div>
   <div class='ocr_carea' id='block_1_88' title="bbox 2189 2819 3775 2897">
    <p class='ocr_par' dir='ltr' id='par_1_88' title="bbox 2189 2819 3775 2897">
     <span class='ocr_line' id='line_1_88' title="bbox 2189 2819 3775 2897; baseline -0.004 -18"><span class='ocrx_word' id='word_1_617' title='bbox 2189 2826 2367 2897; x_wconf 85' lang='grc' dir='ltr'><strong>μάτην</strong></span> <span class='ocrx_word' id='word_1_618' title='bbox 2404 2824 2492 2878; x_wconf 81' lang='grc' dir='ltr'><strong>διὰ</strong></span> <span class='ocrx_word' id='word_1_619' title='bbox 2517 2823 2580 2876; x_wconf 80' lang='grc' dir='ltr'>τὸ</span> <span class='ocrx_word' id='word_1_620' title='bbox 2627 2821 2875 2889; x_wconf 82' lang='grc' dir='ltr'><strong>δοξάζειν</strong></span> <span class='ocrx_word' id='word_1_621' title='bbox 2921 2823 3069 2892; x_wconf 76' lang='grc' dir='ltr'>ἡμᾶς</span> <span class='ocrx_word' id='word_1_622' title='bbox 3111 2819 3206 2875; x_wconf 86' lang='grc' dir='ltr'><strong>δύο</strong></span> <span class='ocrx_word' id='word_1_623' title='bbox 3238 2820 3454 2889; x_wconf 88' lang='grc' dir='ltr'>φύσεις,</span> <span class='ocrx_word' id='word_1_624' title='bbox 3496 2821 3594 2873; x_wconf 72' lang='grc' dir='ltr'><strong>καὶ</strong></span> <span class='ocrx_word' id='word_1_625' title='bbox 3643 2819 3775 2890; x_wconf 90' lang='grc' dir='ltr'>μίαν</span> 
     </span>
    </p>
   </div>
   <div class='ocr_carea' id='block_1_89' title="bbox 2184 2911 3776 2988">
    <p class='ocr_par' dir='ltr' id='par_1_89' title="bbox 2184 2911 3776 2988">
     <span class='ocr_line' id='line_1_89' title="bbox 2184 2911 3776 2988; baseline -0.006 -17"><span class='ocrx_word' id='word_1_626' title='bbox 2184 2918 2482 2971; x_wconf 86' lang='grc' dir='ltr'>ὑπόστασιν</span> <span class='ocrx_word' id='word_1_627' title='bbox 2517 2915 2611 2968; x_wconf 69' lang='grc' dir='ltr'><strong>ἐπὶ</strong></span> <span class='ocrx_word' id='word_1_628' title='bbox 2644 2913 2909 2988; x_wconf 81' lang='grc' dir='ltr'>Χριστοῦ,</span> <span class='ocrx_word' id='word_1_629' title='bbox 2939 2913 3033 2969; x_wconf 77' lang='grc' dir='ltr'>καὶ</span> <span class='ocrx_word' id='word_1_630' title='bbox 3065 2911 3376 2985; x_wconf 81' lang='grc' dir='ltr'>προσώπων</span> <span class='ocrx_word' id='word_1_631' title='bbox 3407 2914 3609 2982; x_wconf 78' lang='grc' dir='ltr'>κρᾶσιν</span> <span class='ocrx_word' id='word_1_632' title='bbox 3648 2925 3776 2963; x_wconf 88' lang='grc' dir='ltr'>συν-</span> 
     </span>
    </p>
   </div>
   <div class='ocr_carea' id='block_1_90' title="bbox 2184 3001 3774 3077">
    <p class='ocr_par' dir='ltr' id='par_1_90' title="bbox 2184 3001 3774 3077">
     <span class='ocr_line' id='line_1_90' title="bbox 2184 3001 3774 3077; baseline -0.005 -16"><span class='ocrx_word' id='word_1_633' title='bbox 2184 3007 2415 3077; x_wconf 86' lang='grc' dir='ltr'>άγεσθαι</span> <span class='ocrx_word' id='word_1_634' title='bbox 2463 3006 2665 3076; x_wconf 77' lang='grc' dir='ltr'>λέγοις.</span> <span class='ocrx_word' id='word_1_635' title='bbox 2717 3005 2829 3059; x_wconf 71' lang='grc' dir='ltr'><strong>Καὶ</strong></span> <span class='ocrx_word' id='word_1_636' title='bbox 2887 3006 2943 3058; x_wconf 75' lang='grc' dir='ltr'>αἱ</span> <span class='ocrx_word' id='word_1_637' title='bbox 2987 3003 3088 3074; x_wconf 80' lang='grc' dir='ltr'>μὲν</span> <span class='ocrx_word' id='word_1_638' title='bbox 3125 3004 3263 3075; x_wconf 82' lang='grc' dir='ltr'>πρὸς</span> <span class='ocrx_word' id='word_1_639' title='bbox 3294 3004 3391 3066; x_wconf 81' lang='grc' dir='ltr'>τὰς</span> <span class='ocrx_word' id='word_1_640' title='bbox 3442 3002 3567 3056; x_wconf 87' lang='grc' dir='ltr'>καθ’</span> <span class='ocrx_word' id='word_1_641' title='bbox 3612 3001 3774 3072; x_wconf 74' lang='grc' dir='ltr'>ἡμῶν</span> 
     </span>
    </p>
   </div>
   <div class='ocr_carea' id='block_1_91' title="bbox 2187 3094 3771 3171">
    <p class='ocr_par' dir='ltr' id='par_1_91' title="bbox 2187 3094 3771 3171">
     <span class='ocr_line' id='line_1_91' title="bbox 2187 3094 3771 3171; baseline -0.005 -18"><span class='ocrx_word' id='word_1_642' title='bbox 2187 3098 2449 3171; x_wconf 82' lang='grc' dir='ltr'>μέμψεις,</span> <span class='ocrx_word' id='word_1_643' title='bbox 2481 3099 2579 3152; x_wconf 74' lang='grc' dir='ltr'>καὶ</span> <span class='ocrx_word' id='word_1_644' title='bbox 2613 3098 2712 3162; x_wconf 83' lang='grc' dir='ltr'><strong>τὰς</strong></span> <span class='ocrx_word' id='word_1_645' title='bbox 2746 3098 2889 3152; x_wconf 86' lang='grc' dir='ltr'>κατὰ</span> <span class='ocrx_word' id='word_1_646' title='bbox 2911 3095 3007 3150; x_wconf 90' lang='grc' dir='ltr'><strong>τοῦ</strong></span> <span class='ocrx_word' id='word_1_647' title='bbox 3037 3095 3201 3167; x_wconf 84' lang='grc' dir='ltr'>ὀρθοῦ</span> <span class='ocrx_word' id='word_1_648' title='bbox 3235 3095 3507 3165; x_wconf 90' lang='grc' dir='ltr'>δόγματος</span> <span class='ocrx_word' id='word_1_649' title='bbox 3537 3094 3640 3164; x_wconf 79' lang='grc' dir='ltr'><strong>τῆς</strong></span> <span class='ocrx_word' id='word_1_650' title='bbox 3674 3109 3771 3164; x_wconf 83' lang='grc' dir='ltr'><strong>με·</strong></span> 
     </span>
    </p>
   </div>
   <div class='ocr_carea' id='block_1_92' title="bbox 2183 3187 3771 3264">
    <p class='ocr_par' dir='ltr' id='par_1_92' title="bbox 2183 3187 3771 3264">
     <span class='ocr_line' id='line_1_92' title="bbox 2183 3187 3771 3264; baseline -0.005 -17"><span class='ocrx_word' id='word_1_651' title='bbox 2183 3193 2357 3264; x_wconf 87' lang='grc' dir='ltr'>γάλης</span> <span class='ocrx_word' id='word_1_652' title='bbox 2387 3193 2482 3246; x_wconf 80' lang='grc' dir='ltr'>καὶ</span> <span class='ocrx_word' id='word_1_653' title='bbox 2513 3191 2902 3262; x_wconf 83' lang='grc' dir='ltr'>οίκουμενικῆς</span> <span class='ocrx_word' id='word_1_654' title='bbox 2927 3191 2987 3243; x_wconf 83' lang='grc' dir='ltr'><strong>ὲν</strong></span> <span class='ocrx_word' id='word_1_655' title='bbox 3009 3189 3312 3260; x_wconf 86' lang='grc' dir='ltr'>Χαλκηδόνι</span> <span class='ocrx_word' id='word_1_656' title='bbox 3363 3187 3585 3241; x_wconf 88' lang='grc' dir='ltr'>συνόδου</span> <span class='ocrx_word' id='word_1_657' title='bbox 3634 3203 3771 3241; x_wconf 85' lang='grc' dir='ltr'>κακ-</span> 
     </span>
    </p>
   </div>
   <div class='ocr_carea' id='block_1_93' title="bbox 2185 3279 3768 3355">
    <p class='ocr_par' dir='ltr' id='par_1_93' title="bbox 2185 3279 3768 3355">
     <span class='ocr_line' id='line_1_93' title="bbox 2185 3279 3768 3355; baseline -0.004 -18"><span class='ocrx_word' id='word_1_658' title='bbox 2185 3283 2417 3355; x_wconf 87' lang='grc' dir='ltr'>ηγορίας</span> <span class='ocrx_word' id='word_1_659' title='bbox 2450 3283 2545 3338; x_wconf 69' lang='grc' dir='ltr'>καὶ</span> <span class='ocrx_word' id='word_1_660' title='bbox 2594 3281 2869 3348; x_wconf 78' lang='grc' dir='ltr'>διαϐολὰς,</span> <span class='ocrx_word' id='word_1_661' title='bbox 2887 3282 3226 3352; x_wconf 83' lang='grc' dir='ltr'>ἀπαντήσεις</span> <span class='ocrx_word' id='word_1_662' title='bbox 3254 3297 3314 3334; x_wconf 82' lang='grc' dir='ltr'><strong>τε</strong></span> <span class='ocrx_word' id='word_1_663' title='bbox 3338 3281 3432 3335; x_wconf 77' lang='grc' dir='ltr'>καὶ</span> <span class='ocrx_word' id='word_1_664' title='bbox 3464 3279 3768 3344; x_wconf 79' lang='grc' dir='ltr'>ἐνστάσεις,</span> 
     </span>
    </p>
   </div>
   <div class='ocr_carea' id='block_1_94' title="bbox 2183 3370 3773 3444">
    <p class='ocr_par' dir='ltr' id='par_1_94' title="bbox 2183 3370 3773 3444">
     <span class='ocr_line' id='line_1_94' title="bbox 2183 3370 3773 3444; baseline -0.003 -15"><span class='ocrx_word' id='word_1_665' title='bbox 2183 3376 2251 3429; x_wconf 82' lang='grc' dir='ltr'><strong>δι’</strong></span> <span class='ocrx_word' id='word_1_666' title='bbox 2280 3370 2355 3431; x_wconf 84' lang='grc' dir='ltr'>ὧν</span> <span class='ocrx_word' id='word_1_667' title='bbox 2386 3373 2556 3430; x_wconf 87' lang='grc' dir='ltr'>ἀθῶοι</span> <span class='ocrx_word' id='word_1_668' title='bbox 2579 3375 2783 3438; x_wconf 86' lang='grc' dir='ltr'>πάντες</span> <span class='ocrx_word' id='word_1_669' title='bbox 2815 3375 2865 3428; x_wconf 82' lang='lat' dir='ltr'><strong>oi</strong></span> <span class='ocrx_word' id='word_1_670' title='bbox 2903 3375 3217 3444; x_wconf 76' lang='grc' dir='ltr'>σύμφρονες</span> <span class='ocrx_word' id='word_1_671' title='bbox 3262 3375 3330 3444; x_wconf 78' lang='grc' dir='ltr'>τῇ</span> <span class='ocrx_word' id='word_1_672' title='bbox 3363 3371 3591 3444; x_wconf 76' lang='grc' dir='ltr'>τοιαύτῃ</span> <span class='ocrx_word' id='word_1_673' title='bbox 3625 3371 3773 3443; x_wconf 76' lang='grc' dir='ltr'>ἁγίᾳ</span> 
     </span>
    </p>
   </div>
   <div class='ocr_carea' id='block_1_95' title="bbox 2187 3463 3770 3539">
    <p class='ocr_par' dir='ltr' id='par_1_95' title="bbox 2187 3463 3770 3539">
     <span class='ocr_line' id='line_1_95' title="bbox 2187 3463 3770 3539; baseline -0.003 -17"><span class='ocrx_word' id='word_1_674' title='bbox 2187 3467 2393 3539; x_wconf 84' lang='grc' dir='ltr'>συνόδῳ</span> <span class='ocrx_word' id='word_1_675' title='bbox 2423 3467 2732 3522; x_wconf 87' lang='grc' dir='ltr'>δείκνυνται</span> <span class='ocrx_word' id='word_1_676' title='bbox 2760 3468 2875 3530; x_wconf 81' lang='grc' dir='ltr'>τοῖς</span> <span class='ocrx_word' id='word_1_677' title='bbox 2896 3466 3075 3537; x_wconf 82' lang='grc' dir='ltr'>ὀρθῶς</span> <span class='ocrx_word' id='word_1_678' title='bbox 3096 3463 3236 3520; x_wconf 74' lang='grc' dir='ltr'>εἶναι</span> <span class='ocrx_word' id='word_1_679' title='bbox 3268 3465 3620 3537; x_wconf 77' lang='grc' dir='ltr'>βουλομένοις</span> <span class='ocrx_word' id='word_1_680' title='bbox 3642 3467 3770 3537; x_wconf 79' lang='grc' dir='ltr'>παρ’</span> 
     </span>
    </p>
   </div>
   <div class='ocr_carea' id='block_1_96' title="bbox 2184 3559 3415 3633">
    <p class='ocr_par' dir='ltr' id='par_1_96' title="bbox 2184 3559 3415 3633">
     <span class='ocr_line' id='line_1_96' title="bbox 2184 3559 3415 3633; baseline 0.001 -21"><span class='ocrx_word' id='word_1_681' title='bbox 2184 3559 2343 3632; x_wconf 83' lang='grc' dir='ltr'>ἡμῶν</span> <span class='ocrx_word' id='word_1_682' title='bbox 2375 3560 2665 3631; x_wconf 80' lang='grc' dir='ltr'>ἐκτεθῆναι</span> <span class='ocrx_word' id='word_1_683' title='bbox 2698 3560 2794 3615; x_wconf 72' lang='grc' dir='ltr'>καὶ</span> <span class='ocrx_word' id='word_1_684' title='bbox 2827 3561 3016 3616; x_wconf 78' lang='grc' dir='ltr'>ἐνθάδε</span> <span class='ocrx_word' id='word_1_685' title='bbox 3045 3559 3415 3633; x_wconf 87' lang='grc' dir='ltr'>περιωρίσθω.</span> 
     </span>
    </p>
   </div>
   <div class='ocr_carea' id='block_1_97' title="bbox 2255 3737 3770 3811">
    <p class='ocr_par' dir='ltr' id='par_1_97' title="bbox 2255 3737 3770 3811">
     <span class='ocr_line' id='line_1_97' title="bbox 2255 3737 3770 3811; baseline -0.002 -17"><span class='ocrx_word' id='word_1_686' title='bbox 2255 3737 2361 3811; x_wconf 84' lang='grc' dir='ltr'>κβ’.</span> <span class='ocrx_word' id='word_1_687' title='bbox 2403 3739 2605 3794; x_wconf 81' lang='grc' dir='ltr'>Λοιπὸν</span> <span class='ocrx_word' id='word_1_688' title='bbox 2637 3741 2731 3794; x_wconf 74' lang='grc' dir='ltr'>καὶ</span> <span class='ocrx_word' id='word_1_689' title='bbox 2763 3739 2834 3794; x_wconf 88' lang='grc' dir='ltr'><strong>τά</strong></span> <span class='ocrx_word' id='word_1_690' title='bbox 2885 3740 3028 3794; x_wconf 84' lang='grc' dir='ltr'>κατὰ</span> <span class='ocrx_word' id='word_1_691' title='bbox 3065 3738 3163 3811; x_wconf 77' lang='grc' dir='ltr'><strong>τὴν</strong></span> <span class='ocrx_word' id='word_1_692' title='bbox 3193 3737 3485 3811; x_wconf 76' lang='grc' dir='ltr'>ὁμολογίαν</span> <span class='ocrx_word' id='word_1_693' title='bbox 3515 3737 3676 3810; x_wconf 87' lang='grc' dir='ltr'>ὑμῶν</span> <span class='ocrx_word' id='word_1_694' title='bbox 3707 3737 3770 3792; x_wconf 90' lang='grc' dir='ltr'><strong>οὑ</strong></span> 
     </span>
    </p>
   </div>
   <div class='ocr_carea' id='block_1_98' title="bbox 2183 3831 3772 3907">
    <p class='ocr_par' dir='ltr' id='par_1_98' title="bbox 2183 3831 3772 3907">
     <span class='ocr_line' id='line_1_98' title="bbox 2183 3831 3772 3907; baseline -0.001 -22"><span class='ocrx_word' id='word_1_695' title='bbox 2183 3833 2439 3886; x_wconf 86' lang='grc' dir='ltr'>τοσοῦτον</span> <span class='ocrx_word' id='word_1_696' title='bbox 2495 3835 2560 3886; x_wconf 83' lang='grc' dir='ltr'>ὲκ</span> <span class='ocrx_word' id='word_1_697' title='bbox 2609 3831 2934 3907; x_wconf 85' lang='grc' dir='ltr'>μοχθηρίας,</span> <span class='ocrx_word' id='word_1_698' title='bbox 2971 3834 3098 3888; x_wconf 73' lang='grc' dir='ltr'>ὅσον</span> <span class='ocrx_word' id='word_1_699' title='bbox 3143 3835 3210 3905; x_wconf 84' lang='grc' dir='ltr'><strong>τῇ</strong></span> <span class='ocrx_word' id='word_1_700' title='bbox 3254 3835 3356 3904; x_wconf 82' lang='grc' dir='ltr'>τῆς</span> <span class='ocrx_word' id='word_1_701' title='bbox 3408 3831 3772 3903; x_wconf 86' lang='grc' dir='ltr'>προσλήψεως</span> 
     </span>
    </p>
   </div>
   <div class='ocr_carea' id='block_1_99' title="bbox 2182 3920 3773 3992">
    <p class='ocr_par' dir='ltr' id='par_1_99' title="bbox 2182 3920 3773 3992">
     <span class='ocr_line' id='line_1_99' title="bbox 2182 3920 3773 3992; baseline -0.001 -18"><span class='ocrx_word' id='word_1_702' title='bbox 2182 3921 2460 3991; x_wconf 86' lang='grc' dir='ltr'>τυραννίδι</span> <span class='ocrx_word' id='word_1_703' title='bbox 2490 3921 2847 3991; x_wconf 80' lang='grc' dir='ltr'>ὲσφαλμένως</span> <span class='ocrx_word' id='word_1_704' title='bbox 2878 3922 3150 3992; x_wconf 86' lang='grc' dir='ltr'>νοούμενά</span> <span class='ocrx_word' id='word_1_705' title='bbox 3180 3939 3242 3974; x_wconf 85' lang='grc' dir='ltr'>τε</span> <span class='ocrx_word' id='word_1_706' title='bbox 3273 3920 3367 3976; x_wconf 76' lang='grc' dir='ltr'>καὶ</span> <span class='ocrx_word' id='word_1_707' title='bbox 3391 3920 3773 3990; x_wconf 83' lang='grc' dir='ltr'>φυλαττόμενα</span> 
     </span>
    </p>
   </div>
   <div class='ocr_carea' id='block_1_100' title="bbox 2187 4011 3769 4085">
    <p class='ocr_par' dir='ltr' id='par_1_100' title="bbox 2187 4011 3769 4085">
     <span class='ocr_line' id='line_1_100' title="bbox 2187 4011 3769 4085; baseline 0.001 -19"><span class='ocrx_word' id='word_1_708' title='bbox 2187 4013 2442 4085; x_wconf 80' lang='grc' dir='ltr'>(ὀκνηρὸν</span> <span class='ocrx_word' id='word_1_709' title='bbox 2471 4013 2581 4084; x_wconf 85' lang='grc' dir='ltr'><strong>γὰρ</strong></span> <span class='ocrx_word' id='word_1_710' title='bbox 2614 4015 2790 4067; x_wconf 82' lang='grc' dir='ltr'>εἰπεῖν</span> <span class='ocrx_word' id='word_1_711' title='bbox 2815 4015 2874 4080; x_wconf 79' lang='grc' dir='ltr'>ἐξ</span> <span class='ocrx_word' id='word_1_712' title='bbox 2914 4013 3157 4085; x_wconf 80' lang='grc' dir='ltr'>ἀμαθίας</span> <span class='ocrx_word' id='word_1_713' title='bbox 3183 4032 3244 4068; x_wconf 90' lang='grc' dir='ltr'>τε</span> <span class='ocrx_word' id='word_1_714' title='bbox 3264 4014 3361 4068; x_wconf 74' lang='grc' dir='ltr'>καὶ</span> <span class='ocrx_word' id='word_1_715' title='bbox 3389 4011 3769 4083; x_wconf 83' lang='grc' dir='ltr'>φιλονεικίας),</span> 
     </span>
    </p>
   </div>
   <div class='ocr_carea' id='block_1_101' title="bbox 2185 4105 3772 4179">
    <p class='ocr_par' dir='ltr' id='par_1_101' title="bbox 2185 4105 3772 4179">
     <span class='ocr_line' id='line_1_101' title="bbox 2185 4105 3772 4179; baseline -0.002 -19"><span class='ocrx_word' id='word_1_716' title='bbox 2185 4107 2570 4160; x_wconf 82' lang='grc' dir='ltr'>ἐπισκεπτέον.</span> <span class='ocrx_word' id='word_1_717' title='bbox 2612 4109 2688 4160; x_wconf 91' lang='grc' dir='ltr'><strong>Οὑ</strong></span> <span class='ocrx_word' id='word_1_718' title='bbox 2724 4107 2900 4179; x_wconf 82' lang='grc' dir='ltr'>πάντη</span> <span class='ocrx_word' id='word_1_719' title='bbox 2951 4105 3047 4160; x_wconf 90' lang='grc' dir='ltr'><strong>τοῦ</strong></span> <span class='ocrx_word' id='word_1_720' title='bbox 3079 4106 3242 4177; x_wconf 81' lang='grc' dir='ltr'>ὀρθοῦ</span> <span class='ocrx_word' id='word_1_721' title='bbox 3277 4107 3409 4178; x_wconf 78' lang='grc' dir='ltr'>περὶ</span> <span class='ocrx_word' id='word_1_722' title='bbox 3450 4106 3551 4175; x_wconf 82' lang='grc' dir='ltr'><strong>τὴν</strong></span> <span class='ocrx_word' id='word_1_723' title='bbox 3588 4106 3772 4158; x_wconf 79' lang='grc' dir='ltr'>πίστιν</span> 
     </span>
    </p>
   </div>
   <div class='ocr_carea' id='block_1_102' title="bbox 2185 4183 3772 4267">
    <p class='ocr_par' dir='ltr' id='par_1_102' title="bbox 2185 4183 3772 4267">
     <span class='ocr_line' id='line_1_102' title="bbox 2185 4183 3772 4267; baseline -0.003 -14"><span class='ocrx_word' id='word_1_724' title='bbox 2185 4196 2605 4254; x_wconf 82' lang='grc' dir='ltr'>διαπεπτώκατε</span> <span class='ocrx_word' id='word_1_725' title='bbox 2641 4198 2824 4266; x_wconf 82' lang='grc' dir='ltr'>λόγου,</span> <span class='ocrx_word' id='word_1_726' title='bbox 2861 4195 2978 4250; x_wconf 86' lang='grc' dir='ltr'>ἀλλ’</span> <span class='ocrx_word' id='word_1_727' title='bbox 3023 4197 3118 4250; x_wconf 69' lang='grc' dir='ltr'><strong>ἐπὶ</strong></span> <span class='ocrx_word' id='word_1_728' title='bbox 3148 4183 3376 4267; x_wconf 82' lang='grc' dir='ltr'>μέρους.</span> <span class='ocrx_word' id='word_1_729' title='bbox 3408 4195 3471 4249; x_wconf 82' lang='lat' dir='ltr'><strong>Et</strong></span> <span class='ocrx_word' id='word_1_730' title='bbox 3505 4196 3639 4267; x_wconf 79' lang='grc' dir='ltr'>μήτι</span> <span class='ocrx_word' id='word_1_731' title='bbox 3663 4195 3772 4265; x_wconf 79' lang='grc' dir='ltr'>ἄρα</span> 
     </span>
    </p>
   </div>
   <div class='ocr_carea' id='block_1_103' title="bbox 2184 4265 3771 4360">
    <p class='ocr_par' dir='ltr' id='par_1_103' title="bbox 2184 4265 3771 4360">
     <span class='ocr_line' id='line_1_103' title="bbox 2184 4265 3771 4360; baseline -0.001 -18"><span class='ocrx_word' id='word_1_732' title='bbox 2184 4289 2248 4343; x_wconf 87' lang='grc' dir='ltr'><strong>τὸ</strong></span> <span class='ocrx_word' id='word_1_733' title='bbox 2281 4287 2651 4360; x_wconf 73' lang='grc' dir='ltr'>παροιμιακὸν</span> <span class='ocrx_word' id='word_1_734' title='bbox 2679 4265 2858 4342; x_wconf 76' lang='grc' dir='ltr'>ἐκεῖνό</span> <span class='ocrx_word' id='word_1_735' title='bbox 2883 4305 2969 4351; x_wconf 88' lang='grc' dir='ltr'><strong>τις</strong></span> <span class='ocrx_word' id='word_1_736' title='bbox 2995 4265 3286 4358; x_wconf 78' lang='grc' dir='ltr'>βουληθείη</span> <span class='ocrx_word' id='word_1_737' title='bbox 3313 4287 3445 4357; x_wconf 78' lang='grc' dir='ltr'>ὑμῖν</span> <span class='ocrx_word' id='word_1_738' title='bbox 3489 4265 3771 4356; x_wconf 72' lang='grc' dir='ltr'>ἔπαφῆναι</span> 
     </span>
    </p>
   </div>
   <div class='ocr_carea' id='block_1_104' title="bbox 2189 4373 3772 4452">
    <p class='ocr_par' dir='ltr' id='par_1_104' title="bbox 2189 4373 3772 4452">
     <span class='ocr_line' id='line_1_104' title="bbox 2189 4373 3772 4452; baseline -0.002 -19"><span class='ocrx_word' id='word_1_739' title='bbox 2189 4379 2506 4452; x_wconf 57' lang='grc' dir='ltr'>ῥητὸνγὸτι</span> <span class='ocrx_word' id='word_1_740' title='bbox 2549 4378 2608 4432; x_wconf 88' lang='grc' dir='ltr'>Ὁ</span> <span class='ocrx_word' id='word_1_741' title='bbox 2659 4377 3024 4449; x_wconf 85' lang='grc' dir='ltr'>καταφρονῶν</span> <span class='ocrx_word' id='word_1_742' title='bbox 3071 4377 3132 4430; x_wconf 76' lang='grc' dir='ltr'>τὸ</span> <span class='ocrx_word' id='word_1_743' title='bbox 3183 4376 3380 4448; x_wconf 80' lang='grc' dir='ltr'>μικρὸν</span> <span class='ocrx_word' id='word_1_744' title='bbox 3431 4375 3554 4430; x_wconf 83' lang='grc' dir='ltr'>κατ’</span> <span class='ocrx_word' id='word_1_745' title='bbox 3593 4373 3772 4444; x_wconf 75' lang='grc' dir='ltr'>ὀλίγον</span> 
     </span>
    </p>
   </div>
   <div class='ocr_carea' id='block_1_105' title="bbox 2187 4467 3772 4539">
    <p class='ocr_par' dir='ltr' id='par_1_105' title="bbox 2187 4467 3772 4539">
     <span class='ocr_line' id='line_1_105' title="bbox 2187 4467 3772 4539; baseline -0.004 -13"><span class='ocrx_word' id='word_1_746' title='bbox 2187 4475 2433 4527; x_wconf 83' lang='grc' dir='ltr'>πεσεῖται</span> <span class='ocrx_word' id='word_1_747' title='bbox 2458 4488 2472 4502; x_wconf 87' lang='grc'><em>’</em></span> <span class='ocrx_word' id='word_1_748' title='bbox 2513 4472 2623 4526; x_wconf 83' lang='grc' dir='ltr'><strong>πᾶν</strong></span> <span class='ocrx_word' id='word_1_749' title='bbox 2655 4471 2712 4524; x_wconf 77' lang='grc' dir='ltr'>δὲ</span> <span class='ocrx_word' id='word_1_750' title='bbox 2740 4471 2800 4524; x_wconf 85' lang='grc' dir='ltr'><strong>τὸ</strong></span> <span class='ocrx_word' id='word_1_751' title='bbox 2828 4472 2910 4534; x_wconf 83' lang='grc' dir='ltr'><strong>είς</strong></span> <span class='ocrx_word' id='word_1_752' title='bbox 2929 4470 3139 4524; x_wconf 86' lang='grc' dir='ltr'>πτῶσιν</span> <span class='ocrx_word' id='word_1_753' title='bbox 3168 4471 3406 4539; x_wconf 85' lang='grc' dir='ltr'>ἀπάγον,</span> <span class='ocrx_word' id='word_1_754' title='bbox 3432 4469 3529 4523; x_wconf 58' lang='grc' dir='ltr'><strong>καὶ⁵</strong></span> <span class='ocrx_word' id='word_1_755' title='bbox 3561 4467 3772 4522; x_wconf 86' lang='grc' dir='ltr'>πτῶσιν</span> 
     </span>
    </p>
   </div>
   <div class='ocr_carea' id='block_1_106' title="bbox 2185 4560 3771 4634">
    <p class='ocr_par' dir='ltr' id='par_1_106' title="bbox 2185 4560 3771 4634">
     <span class='ocr_line' id='line_1_106' title="bbox 2185 4560 3771 4634; baseline -0.005 -14"><span class='ocrx_word' id='word_1_756' title='bbox 2185 4566 2296 4620; x_wconf 70' lang='grc' dir='ltr'><strong>ἀπὸ</strong></span> <span class='ocrx_word' id='word_1_757' title='bbox 2333 4563 2495 4628; x_wconf 88' lang='grc' dir='ltr'>Θεοῦ,</span> <span class='ocrx_word' id='word_1_758' title='bbox 2535 4563 2727 4634; x_wconf 88' lang='grc' dir='ltr'>μίσους</span> <span class='ocrx_word' id='word_1_759' title='bbox 2780 4563 2876 4616; x_wconf 72' lang='grc' dir='ltr'>καὶ</span> <span class='ocrx_word' id='word_1_760' title='bbox 2919 4563 3272 4634; x_wconf 71' lang='grc' dir='ltr'>ἀποστροφῆς</span> <span class='ocrx_word' id='word_1_761' title='bbox 3304 4560 3476 4626; x_wconf 78' lang='grc' dir='ltr'>ἀξιον.</span> <span class='ocrx_word' id='word_1_762' title='bbox 3522 4560 3636 4632; x_wconf 79' lang='grc' dir='ltr'><strong>Τὴν</strong></span> <span class='ocrx_word' id='word_1_763' title='bbox 3665 4560 3771 4630; x_wconf 80' lang='grc' dir='ltr'><strong>γὰρ</strong></span> 
     </span>
    </p>
   </div>
   <div class='ocr_carea' id='block_1_107' title="bbox 2187 4650 3773 4727">
    <p class='ocr_par' dir='ltr' id='par_1_107' title="bbox 2187 4650 3773 4727">
     <span class='ocr_line' id='line_1_107' title="bbox 2187 4650 3773 4727; baseline -0.005 -16"><span class='ocrx_word' id='word_1_764' title='bbox 2187 4654 2519 4727; x_wconf 84' lang='grc' dir='ltr'>προαιώνιον</span> <span class='ocrx_word' id='word_1_765' title='bbox 2566 4653 2662 4708; x_wconf 85' lang='grc' dir='ltr'><strong>τοῦ</strong></span> <span class='ocrx_word' id='word_1_766' title='bbox 2713 4653 2846 4708; x_wconf 88' lang='grc' dir='ltr'><strong>Υίοῦ</strong></span> <span class='ocrx_word' id='word_1_767' title='bbox 2877 4653 2975 4709; x_wconf 81' lang='grc' dir='ltr'>καὶ</span> <span class='ocrx_word' id='word_1_768' title='bbox 3021 4655 3196 4722; x_wconf 84' lang='grc' dir='ltr'>Λόγου</span> <span class='ocrx_word' id='word_1_769' title='bbox 3239 4651 3336 4705; x_wconf 86' lang='grc' dir='ltr'><strong>τοῦ</strong></span> <span class='ocrx_word' id='word_1_770' title='bbox 3381 4651 3518 4705; x_wconf 82' lang='grc' dir='ltr'>Θεοῦ</span> <span class='ocrx_word' id='word_1_771' title='bbox 3565 4651 3665 4704; x_wconf 79' lang='grc' dir='ltr'><strong>σὺν</strong></span> <span class='ocrx_word' id='word_1_772' title='bbox 3696 4650 3773 4720; x_wconf 84' lang='grc' dir='ltr'>τῷ</span> 
     </span>
    </p>
   </div>
   <div class='ocr_carea' id='block_1_108' title="bbox 2185 4743 3775 4821">
    <p class='ocr_par' dir='ltr' id='par_1_108' title="bbox 2185 4743 3775 4821">
     <span class='ocr_line' id='line_1_108' title="bbox 2185 4743 3775 4821; baseline -0.006 -15"><span class='ocrx_word' id='word_1_773' title='bbox 2185 4752 2412 4821; x_wconf 80' lang='grc' dir='ltr'>ἀνάρχῳ</span> <span class='ocrx_word' id='word_1_774' title='bbox 2457 4749 2627 4804; x_wconf 88' lang='grc' dir='ltr'>αὑτοῦ</span> <span class='ocrx_word' id='word_1_775' title='bbox 2668 4749 2846 4820; x_wconf 75' lang='grc' dir='ltr'>Πατρὶ</span> <span class='ocrx_word' id='word_1_776' title='bbox 2875 4749 2971 4803; x_wconf 73' lang='grc' dir='ltr'>καὶ</span> <span class='ocrx_word' id='word_1_777' title='bbox 2992 4746 3071 4819; x_wconf 84' lang='grc' dir='ltr'>τῷ</span> <span class='ocrx_word' id='word_1_778' title='bbox 3102 4744 3356 4817; x_wconf 79' lang='grc' dir='ltr'>παναγίῳ</span> <span class='ocrx_word' id='word_1_779' title='bbox 3393 4747 3488 4800; x_wconf 69' lang='grc' dir='ltr'>καὶ</span> <span class='ocrx_word' id='word_1_780' title='bbox 3523 4743 3775 4812; x_wconf 83' lang='grc' dir='ltr'>ζωοποιῷ</span> 
     </span>
    </p>
   </div>
   <div class='ocr_carea' id='block_1_109' title="bbox 2186 4837 3775 4913">
    <p class='ocr_par' dir='ltr' id='par_1_109' title="bbox 2186 4837 3775 4913">
     <span class='ocr_line' id='line_1_109' title="bbox 2186 4837 3775 4913; baseline -0.005 -16"><span class='ocrx_word' id='word_1_781' title='bbox 2186 4842 2354 4897; x_wconf 84' lang='grc' dir='ltr'>αὑτοῦ</span> <span class='ocrx_word' id='word_1_782' title='bbox 2410 4841 2690 4913; x_wconf 84' lang='grc' dir='ltr'>Πνεύματι</span> <span class='ocrx_word' id='word_1_783' title='bbox 2746 4840 3016 4910; x_wconf 83' lang='grc' dir='ltr'>ὓπαρξιν,</span> <span class='ocrx_word' id='word_1_784' title='bbox 3077 4839 3256 4912; x_wconf 82' lang='grc' dir='ltr'>ὀρθῶς</span> <span class='ocrx_word' id='word_1_785' title='bbox 3310 4837 3566 4903; x_wconf 78' lang='grc' dir='ltr'>δοξάζετε</span> <span class='ocrx_word' id='word_1_786' title='bbox 3633 4837 3775 4890; x_wconf 82' lang='grc' dir='ltr'><strong>κατά</strong></span> 
     </span>
    </p>
   </div>
   <div class='ocr_carea' id='block_1_110' title="bbox 2185 4929 3774 5004">
    <p class='ocr_par' dir='ltr' id='par_1_110' title="bbox 2185 4929 3774 5004">
     <span class='ocr_line' id='line_1_110' title="bbox 2185 4929 3774 5004; baseline -0.006 -15"><span class='ocrx_word' id='word_1_787' title='bbox 2185 4936 2286 5003; x_wconf 86' lang='grc' dir='ltr'><strong>τὴν</strong></span> <span class='ocrx_word' id='word_1_788' title='bbox 2313 4934 2699 5004; x_wconf 82' lang='grc' dir='ltr'>οίκουμενικὴν</span> <span class='ocrx_word' id='word_1_789' title='bbox 2729 4933 2825 4986; x_wconf 76' lang='grc' dir='ltr'>καὶ</span> <span class='ocrx_word' id='word_1_790' title='bbox 2852 4931 3130 5004; x_wconf 80' lang='grc' dir='ltr'>ὀρθόδοξον</span> <span class='ocrx_word' id='word_1_791' title='bbox 3174 4929 3521 5001; x_wconf 82' lang='grc' dir='ltr'>Ἐκκλησίαν.</span> <span class='ocrx_word' id='word_1_792' title='bbox 3569 4929 3691 4982; x_wconf 87' lang='grc' dir='ltr'><strong>Ἔτι</strong></span> <span class='ocrx_word' id='word_1_793' title='bbox 3711 4943 3774 4996; x_wconf 87' lang='grc' dir='ltr'><strong>γε</strong></span> 
     </span>
    </p>
   </div>
   <div class='ocr_carea' id='block_1_111' title="bbox 2189 5023 3776 5101">
    <p class='ocr_par' dir='ltr' id='par_1_111' title="bbox 2189 5023 3776 5101">
     <span class='ocr_line' id='line_1_111' title="bbox 2189 5023 3776 5101; baseline -0.004 -19"><span class='ocrx_word' id='word_1_794' title='bbox 2189 5029 2299 5101; x_wconf 79' lang='grc' dir='ltr'>μὴν</span> <span class='ocrx_word' id='word_1_795' title='bbox 2327 5029 2420 5084; x_wconf 75' lang='grc' dir='ltr'>καὶ</span> <span class='ocrx_word' id='word_1_796' title='bbox 2456 5028 2558 5100; x_wconf 78' lang='grc' dir='ltr'><strong>τὴν</strong></span> <span class='ocrx_word' id='word_1_797' title='bbox 2595 5026 2811 5098; x_wconf 74' lang='grc' dir='ltr'>εὐδοκία</span> <span class='ocrx_word' id='word_1_798' title='bbox 2843 5027 2938 5080; x_wconf 91' lang='grc' dir='ltr'><strong>τοῦ</strong></span> <span class='ocrx_word' id='word_1_799' title='bbox 2973 5024 3109 5080; x_wconf 89' lang='grc' dir='ltr'>Θεοῦ</span> <span class='ocrx_word' id='word_1_800' title='bbox 3145 5026 3239 5080; x_wconf 71' lang='grc' dir='ltr'>καὶ</span> <span class='ocrx_word' id='word_1_801' title='bbox 3270 5024 3502 5096; x_wconf 84' lang='grc' dir='ltr'>Πατρὸς,</span> <span class='ocrx_word' id='word_1_802' title='bbox 3527 5023 3625 5077; x_wconf 82' lang='grc' dir='ltr'>καὶ</span> <span class='ocrx_word' id='word_1_803' title='bbox 3650 5038 3776 5076; x_wconf 80' lang='grc' dir='ltr'>συνο</span> 
     </span>
    </p>
   </div>
   <div class='ocr_carea' id='block_1_112' title="bbox 2187 5111 3777 5194">
    <p class='ocr_par' dir='ltr' id='par_1_112' title="bbox 2187 5111 3777 5194">
     <span class='ocr_line' id='line_1_112' title="bbox 2187 5111 3777 5194; baseline -0.006 -19"><span class='ocrx_word' id='word_1_804' title='bbox 2187 5122 2350 5194; x_wconf 76' lang='grc' dir='ltr'>εργίᾳ</span> <span class='ocrx_word' id='word_1_805' title='bbox 2427 5121 2522 5175; x_wconf 90' lang='grc' dir='ltr'><strong>τοῦ</strong></span> <span class='ocrx_word' id='word_1_806' title='bbox 2599 5119 2872 5188; x_wconf 85' lang='grc' dir='ltr'>παναγίου</span> <span class='ocrx_word' id='word_1_807' title='bbox 2934 5117 3252 5190; x_wconf 85' lang='grc' dir='ltr'>Πνεύματος</span> <span class='ocrx_word' id='word_1_808' title='bbox 3302 5116 3614 5186; x_wconf 78' lang='grc' dir='ltr'>ῖγενομένην</span> <span class='ocrx_word' id='word_1_809' title='bbox 3683 5111 3777 5166; x_wconf 86' lang='grc' dir='ltr'><strong>τοῦ</strong></span> 
     </span>
    </p>
   </div>
   <div class='ocr_carea' id='block_1_113' title="bbox 2186 5209 3776 5284">
    <p class='ocr_par' dir='ltr' id='par_1_113' title="bbox 2186 5209 3776 5284">
     <span class='ocr_line' id='line_1_113' title="bbox 2186 5209 3776 5284; baseline -0.006 -15"><span class='ocrx_word' id='word_1_810' title='bbox 2186 5215 2323 5269; x_wconf 79' lang='grc' dir='ltr'>Θεοῦ</span> <span class='ocrx_word' id='word_1_811' title='bbox 2371 5215 2546 5284; x_wconf 87' lang='grc' dir='ltr'>Λόγου</span> <span class='ocrx_word' id='word_1_812' title='bbox 2602 5215 2661 5267; x_wconf 82' lang='grc' dir='ltr'><strong>ὲν</strong></span> <span class='ocrx_word' id='word_1_813' title='bbox 2709 5215 2777 5284; x_wconf 75' lang='grc' dir='ltr'>τῇ</span> <span class='ocrx_word' id='word_1_814' title='bbox 2832 5213 3033 5282; x_wconf 69' lang='grc' dir='ltr'>γαστρὶ</span> <span class='ocrx_word' id='word_1_815' title='bbox 3087 5213 3186 5282; x_wconf 80' lang='grc' dir='ltr'>τῆς</span> <span class='ocrx_word' id='word_1_816' title='bbox 3253 5209 3618 5280; x_wconf 85' lang='grc' dir='ltr'>ἀειπαρθένου</span> <span class='ocrx_word' id='word_1_817' title='bbox 3683 5223 3776 5260; x_wconf 88' lang='grc' dir='ltr'><strong>και</strong></span> 
     </span>
    </p>
   </div>
   <div class='ocr_carea' id='block_1_114' title="bbox 2186 5300 3776 5376">
    <p class='ocr_par' dir='ltr' id='par_1_114' title="bbox 2186 5300 3776 5376">
     <span class='ocr_line' id='line_1_114' title="bbox 2186 5300 3776 5376; baseline -0.006 -16"><span class='ocrx_word' id='word_1_818' title='bbox 2186 5307 2449 5360; x_wconf 86' lang='grc' dir='ltr'>Θεοτόκου</span> <span class='ocrx_word' id='word_1_819' title='bbox 2491 5305 2748 5376; x_wconf 83' lang='grc' dir='ltr'>Μαρίας,</span> <span class='ocrx_word' id='word_1_820' title='bbox 2799 5304 3012 5375; x_wconf 80' lang='grc' dir='ltr'>οἴκησίν</span> <span class='ocrx_word' id='word_1_821' title='bbox 3081 5321 3141 5356; x_wconf 88' lang='grc' dir='ltr'><strong>τε</strong></span> <span class='ocrx_word' id='word_1_822' title='bbox 3185 5301 3282 5357; x_wconf 78' lang='grc' dir='ltr'>καὶ</span> <span class='ocrx_word' id='word_1_823' title='bbox 3341 5300 3443 5371; x_wconf 79' lang='grc' dir='ltr'>τῆς</span> <span class='ocrx_word' id='word_1_824' title='bbox 3501 5300 3776 5370; x_wconf 81' lang='grc' dir='ltr'>ἡμετέρας</span> 
     </span>
    </p>
   </div>
   <div class='ocr_carea' id='block_1_115' title="bbox 2188 5392 3775 5469">
    <p class='ocr_par' dir='ltr' id='par_1_115' title="bbox 2188 5392 3775 5469">
     <span class='ocr_line' id='line_1_115' title="bbox 2188 5392 3775 5469; baseline -0.008 -16"><span class='ocrx_word' id='word_1_825' title='bbox 2188 5399 2405 5469; x_wconf 84' lang='grc' dir='ltr'>φύσεως</span> <span class='ocrx_word' id='word_1_826' title='bbox 2447 5398 2757 5468; x_wconf 85' lang='grc' dir='ltr'>ἁσὺγχυτον</span> <span class='ocrx_word' id='word_1_827' title='bbox 2811 5398 2905 5451; x_wconf 77' lang='grc' dir='ltr'>καὶ</span> <span class='ocrx_word' id='word_1_828' title='bbox 2951 5393 3256 5465; x_wconf 83' lang='grc' dir='ltr'>ἀχώριστον</span> <span class='ocrx_word' id='word_1_829' title='bbox 3297 5393 3515 5457; x_wconf 76' lang='grc' dir='ltr'>ἕνωσιν,</span> <span class='ocrx_word' id='word_1_830' title='bbox 3567 5392 3775 5460; x_wconf 88' lang='grc' dir='ltr'>ἀμετα-</span> 
     </span>
    </p>
   </div>
   <div class='ocr_carea' id='block_1_116' title="bbox 2187 5479 3776 5562">
    <p class='ocr_par' dir='ltr' id='par_1_116' title="bbox 2187 5479 3776 5562">
     <span class='ocr_line' id='line_1_116' title="bbox 2187 5479 3776 5562; baseline -0.008 -18"><span class='ocrx_word' id='word_1_831' title='bbox 2187 5491 2387 5562; x_wconf 72' lang='grc' dir='ltr'>ϐλήτου</span> <span class='ocrx_word' id='word_1_832' title='bbox 2440 5490 2725 5561; x_wconf 82' lang='grc' dir='ltr'>μείναντος</span> <span class='ocrx_word' id='word_1_833' title='bbox 2767 5487 2864 5542; x_wconf 80' lang='grc' dir='ltr'><strong>τοῦ</strong></span> <span class='ocrx_word' id='word_1_834' title='bbox 2903 5487 3038 5542; x_wconf 87' lang='grc' dir='ltr'>Θεοῦ</span> <span class='ocrx_word' id='word_1_835' title='bbox 3086 5487 3262 5556; x_wconf 85' lang='grc' dir='ltr'>Λόγου</span> <span class='ocrx_word' id='word_1_836' title='bbox 3317 5487 3383 5556; x_wconf 80' lang='grc' dir='ltr'><strong>τῇ</strong></span> <span class='ocrx_word' id='word_1_837' title='bbox 3441 5482 3620 5554; x_wconf 71' lang='grc' dir='ltr'>οἰκείᾳ</span> <span class='ocrx_word' id='word_1_838' title='bbox 3676 5479 3776 5550; x_wconf 88' lang='grc' dir='ltr'>φύ-</span> 
     </span>
    </p>
   </div>
   <div class='ocr_carea' id='block_1_117' title="bbox 2190 5572 3774 5652">
    <p class='ocr_par' dir='ltr' id='par_1_117' title="bbox 2190 5572 3774 5652">
     <span class='ocr_line' id='line_1_117' title="bbox 2190 5572 3774 5652; baseline -0.008 -18"><span class='ocrx_word' id='word_1_839' title='bbox 2190 5598 2294 5649; x_wconf 87' lang='grc' dir='ltr'>σει,</span> <span class='ocrx_word' id='word_1_840' title='bbox 2329 5581 2500 5652; x_wconf 70' lang='grc' dir='ltr'><strong>ιίιγουν</strong></span> <span class='ocrx_word' id='word_1_841' title='bbox 2559 5579 2800 5651; x_wconf 80' lang='grc' dir='ltr'>θεότητι,</span> <span class='ocrx_word' id='word_1_842' title='bbox 2847 5576 2942 5631; x_wconf 81' lang='grc' dir='ltr'>καὶ</span> <span class='ocrx_word' id='word_1_843' title='bbox 2993 5576 3371 5646; x_wconf 79' lang='grc' dir='ltr'>ἀμεταϐλήτου</span> <span class='ocrx_word' id='word_1_844' title='bbox 3435 5572 3774 5644; x_wconf 85' lang='grc' dir='ltr'>τηρηθείσης</span> 
     </span>
    </p>
   </div>
   <div class='ocr_carea' id='block_1_118' title="bbox 2187 5663 3770 5747">
    <p class='ocr_par' dir='ltr' id='par_1_118' title="bbox 2187 5663 3770 5747">
     <span class='ocr_line' id='line_1_118' title="bbox 2187 5663 3770 5747; baseline -0.008 -19"><span class='ocrx_word' id='word_1_845' title='bbox 2187 5677 2287 5747; x_wconf 79' lang='grc' dir='ltr'>τῆς</span> <span class='ocrx_word' id='word_1_846' title='bbox 2333 5674 2755 5747; x_wconf 77' lang='grc' dir='ltr'>ἁνθρωπότητος</span> <span class='ocrx_word' id='word_1_847' title='bbox 2797 5672 2963 5725; x_wconf 87' lang='grc' dir='ltr'>αὑτοῦ</span> <span class='ocrx_word' id='word_1_848' title='bbox 2993 5711 3006 5736; x_wconf 94' lang='grc'><strong>,</strong></span> <span class='ocrx_word' id='word_1_849' title='bbox 3053 5672 3224 5740; x_wconf 72' lang='grc' dir='ltr'>ἦγουν</span> <span class='ocrx_word' id='word_1_850' title='bbox 3262 5669 3363 5737; x_wconf 82' lang='grc' dir='ltr'>τῆς</span> <span class='ocrx_word' id='word_1_851' title='bbox 3422 5663 3770 5736; x_wconf 69' lang='grc' dir='ltr'>ἀνθρωπίνης</span> 
     </span>
    </p>
   </div>
   <div class='ocr_carea' id='block_1_119' title="bbox 2190 5756 3770 5838">
    <p class='ocr_par' dir='ltr' id='par_1_119' title="bbox 2190 5756 3770 5838">
     <span class='ocr_line' id='line_1_119' title="bbox 2190 5756 3770 5838; baseline -0.008 -17"><span class='ocrx_word' id='word_1_852' title='bbox 2190 5767 2427 5838; x_wconf 85' lang='grc' dir='ltr'>φύσεως,</span> <span class='ocrx_word' id='word_1_853' title='bbox 2468 5771 2642 5822; x_wconf 86' lang='grc' dir='ltr'>πάντα</span> <span class='ocrx_word' id='word_1_854' title='bbox 2687 5763 2935 5834; x_wconf 75' lang='grc' dir='ltr'>ἀψευδῶς</span> <span class='ocrx_word' id='word_1_855' title='bbox 2969 5761 3408 5835; x_wconf 72' lang='grc' dir='ltr'>προϐαλλομένου</span> <span class='ocrx_word' id='word_1_856' title='bbox 3439 5758 3532 5813; x_wconf 87' lang='grc' dir='ltr'><strong>τοῦ</strong></span> <span class='ocrx_word' id='word_1_857' title='bbox 3560 5756 3770 5826; x_wconf 82' lang='grc' dir='ltr'>ἀνθρω-</span> 
     </span>
    </p>
   </div>
   <div class='ocr_carea' id='block_1_120' title="bbox 2193 5846 3772 5932">
    <p class='ocr_par' dir='ltr' id='par_1_120' title="bbox 2193 5846 3772 5932">
     <span class='ocr_line' id='line_1_120' title="bbox 2193 5846 3772 5932; baseline -0.011 -15"><span class='ocrx_word' id='word_1_858' title='bbox 2193 5862 2349 5918; x_wconf 80' lang='grc' dir='ltr'>πίνου</span> <span class='ocrx_word' id='word_1_859' title='bbox 2376 5861 2515 5932; x_wconf 72' lang='grc' dir='ltr'>π&gt;.ὴν</span> <span class='ocrx_word' id='word_1_860' title='bbox 2546 5862 2639 5932; x_wconf 77' lang='grc' dir='ltr'>τῆς</span> <span class='ocrx_word' id='word_1_861' title='bbox 2669 5859 2946 5932; x_wconf 81' lang='grc' dir='ltr'>ἁμαρτίας</span> <span class='ocrx_word' id='word_1_862' title='bbox 2974 5857 3162 5930; x_wconf 80' lang='grc' dir='ltr'>μόνης,</span> <span class='ocrx_word' id='word_1_863' title='bbox 3189 5855 3435 5909; x_wconf 82' lang='grc' dir='ltr'>τουτέστι</span> <span class='ocrx_word' id='word_1_864' title='bbox 3460 5853 3640 5923; x_wconf 87' lang='grc' dir='ltr'>σῶμα,</span> <span class='ocrx_word' id='word_1_865' title='bbox 3671 5846 3772 5919; x_wconf 83' lang='grc' dir='ltr'>ψυ-</span> 
     </span>
    </p>
   </div>
  </div>
