4064 6416
346 364 454 430 661
1206 361 1643 423 REFUTATIO
1682 361 1941 424 EPISTO

2043 362 2069 422 Ξ.
2103 364 2335 426 REGIS
2372 364 2767 427 ARMENLIE.
3502 359 3612 425 662

343 482 469 552 χὴν,
496 479 591 534 καὶ
623 477 766 552 νοῦν.
792 478 1012 534 Τούτων
1039 477 1097 532 δὲ
1120 478 1249 547 παρ’
1273 478 1429 550 ὑμῶν
1457 480 1925 551 ὁμολογουμένων,

2043 488 2385 538 monstratur
2419 498 2565 538 unus
2621 489 2677 537 et
2728 480 2873 537 idem
2914 479 3170 536 Christus
3224 476 3368 532 Deus
3406 485 3615 532 noster.

342 551 555 636 τέλειος
603 551 670 624 ἐν’
719 570 958 636 θεότητι,
1023 570 1117 624 καὶ
1171 570 1378 633 τέλειος
1426 573 1485 625 ὲν
1541 572 1925 642 ἀνθρωπὸτητι

2043 572 2099 629 Si
2126 576 2316 645 itaque
2337 575 2482 632 Deus
2546 573 2785 631 Verbum
2832 574 3021 628 unitus
3062 570 3387 627 humanitati
3442 567 3620 640 perfe-

340 664 617 719 δείκνυται
651 657 732 728 εἷς
765 664 862 717 καὶ
897 664 926 716 ὁ
954 662 1119 726 αὐτὸς
1148 661 1225 715 ὣν
1263 662 1499 732 Χριστὸς
1525 664 1553 716 ὁ
1583 662 1714 726 Θεὸς
1745 661 1925 733 ἡμῶν.

2043 675 2172 724 :tam
2213 667 2421 735 habens
2468 668 2746 731 deitatem,
2779 664 3078 746 perfectam
3120 678 3285 720 suam
3302 660 3618 718 humanita-

344 756 409 811 Ei
433 753 527 812 οῦν
546 758 574 810 ὁ
601 756 734 819 Θεὸς
754 755 929 824 Λόγος
952 755 1176 818 ἐνωθεὶς
1198 758 1263 827 τῇ
1288 755 1692 827 ἀνθρωπότητι,
1717 755 1929 811 τελείαν

2043 767 2166 825 lem,
2202 759 2357 815 vobis
2374 759 2480 815 hoc
2502 759 2650 814 idem
2678 773 2787 813 non
2846 756 3244 821 abnuentibus,
3290 763 3610 822 conservat,

343 847 487 919 ἔχων
511 847 612 916 τὴν
634 844 888 911 θεότητα,
920 844 1134 898 τελείαν
1172 845 1272 915 τὴν
1310 843 1709 916 ἀνθρωπότητα
1759 842 1928 897 αὐτοῦ

2043 867 2195 923 quam
2218 853 2288 908 ob
2315 867 2538 909 causam
2559 866 2629 907 ex
2659 850 2898 916 duabus,
2929 858 2983 906 et
3005 850 3066 905 in
3097 849 3309 905 duabus
3368 846 3615 910 naturis,

343 941 442 994 καὶ
472 938 594 994 καθ’
619 938 765 1009 ὑμᾶς
797 936 1080 1007 φυλάττων
1111 936 1478 1008 ὁμολογεῖται,
1499 937 1607 990 τίνι
1640 936 1784 1007 λόγῳ
1808 933 1932 1006 οὐχὶ

2043 952 2088 999 et
2148 943 2289 1000 duas
2338 958 2464 999 eum
2521 951 2748 999 naturas
2797 943 3004 999 habere
3063 956 3172 996 non
3218 939 3464 1006 creditis,
3517 936 3616 995 sed

341 1032 444 1087 καὶ
466 1033 530 1085 ὲκ
559 1030 675 1098 δύο,
700 1031 795 1085 καὶ
811 1031 870 1084 ὲν
907 1029 1001 1083 δύο
1031 1028 1252 1099 φύσεσι,
1278 1030 1374 1083 καὶ⁹
1399 1028 1493 1083 δύο
1519 1028 1716 1098 φύσεις
1739 1028 1933 1099 ἔχοντα

343 1120 515 1175 αὐτὸν
544 1121 862 1188 πιστεύετε,
899 1118 1035 1175 ἀλλά
1064 1121 1194 1191 μιᾶς
1232 1120 1397 1174 αὐτὸν
1429 1120 1792 1191 ἀναγορεύετε
1831 1119 1933 1190 φύ-

343 1230 489 1278 σεως
512 1230 527 1280 ;
555 1214 619 1267 Et
642 1211 735 1266 οὖν
755 1212 959 1266 τέλειον
978 1210 1070 1266 τὸν
1098 1212 1263 1266 αὑτὸν
1294 1213 1352 1266 ἐν
1386 1213 1624 1285 ἑκατέρᾳ
1654 1213 1932 1283 πεφηνότα

342 1301 508 1374 φύσει
541 1303 882 1373 ὁμολογεῖτε,
908 1302 1067 1375 δῆλον
1102 1303 1185 1357 ὅτι
1211 1304 1307 1357 καὶ
1343 1303 1565 1375 ἀριθμῷ
1597 1302 1804 1368 ταύτας
1833 1305 1934 1374 τήν

341 1413 408 1449 τε
430 1395 580 1448 θείαν
606 1394 768 1464 φύσιν
799 1396 943 1465 φημὶ
968 1394 1064 1449 καὶ
1091 1393 1191 1466 τὴν
1234 1394 1607 1466 ἀνθρωπίνην,
1641 1395 1718 1466 τῷ
1743 1396 1933 1467 τρόπῳ

342 1488 448 1557 τῆς
482 1487 749 1559 διαφορᾶς
775 1484 1191 1559 ἀριθμουμένας
1225 1487 1693 1553 καθυποῦάλλετε,
1733 1489 1829 1542 καὶ
1870 1488 1932 1542 οὐ

340 1578 426 1649 τῷ
449 1577 717 1650 διορισμῷ
739 1581 839 1649 τῆς
876 1576 1166 1649 ὑπάρξεως
1200 1577 1289 1647 ὑφ’
1319 1576 1478 1650 ἡμῶν
1510 1580 1605 1633 καὶ
1636 1578 1738 1643 τῆς
1772 1579 1935 1647 ἁγίας

342 1669 616 1742 τετάρτης
659 1669 882 1723 συνόδου
918 1668 1100 1737 λέγειν
1143 1668 1438 1741 ὁριζούσης
1466 1668 1643 1734 οὕτως
1673 1671 1767 1724 ἐπὶ
1794 1672 1932 1741 Χρι-

346 1761 481 1815 στοῦ
509 1759 610 1824 τὰς
653 1760 748 1815 δύο
792 1761 986 1830 φύσεις
1023 1760 1439 1831 ὁμολογοῦντες,
1471 1761 1622 1825 ἐντὸς
1665 1761 1764 1831 τῆς
1803 1762 1934 1831 ἀλη-

342 1853 502 1917 θείας
528 1854 821 1924 ἑστήκατε.
860 1852 925 1907 Ei
951 1852 1009 1906 δὲ
1042 1851 1456 1924 ὁμολογοῦντες,
1482 1853 1564 1907 ὅτι
1590 1855 1649 1907 ὲν
1670 1853 1820 1923 αὐτῷ
1852 1852 1931 1925 τῷ
1966 1836 2008 1892 Β
2039 1873 2156 1914 ram

342 1947 432 1998 ἑνὶ
459 1944 682 2016 Χριστῷ
704 1945 739 2015 ἦ
770 1962 827 1998 τε
862 1944 980 1998 θεία
1001 1944 1096 1998 καὶ
1128 1944 1447 2016 ἀνθρωπίνη
1486 1944 1648 2009 φύσις
1685 1945 1745 1999 ἓν
1790 1947 1928 2011 ἐστι,

341 2038 556 2103 ταύτας
585 2038 642 2092 δὲ
676 2038 778 2102 τὰς
823 2038 1017 2108 φύσεις
1052 2039 1193 2093 κατά
1247 2039 1309 2093 τὸ
1354 2038 1613 2111 διάφορον
1653 2041 1754 2094 οὐκ
1809 2041 1934 2112 ἀρι-

342 2129 559 2198 θμεῖτε,
592 2130 651 2183 ὲν
669 2130 763 2183 δύο
798 2131 1028 2200 φύσεσιν
1060 2130 1246 2194 αὐτὸν,
1274 2132 1368 2187 καὶ
1391 2133 1485 2187 δύο
1514 2132 1706 2200 φύσεις
1739 2132 1933 2203 ἔχοντα

342 2222 440 2276 τὸν
480 2222 721 2293 Χριστὸν
744 2221 1018 2291 λέγοντες,
1044 2222 1282 2294 φανεσρὸν
1309 2223 1391 2276 ὅτι
1420 2222 1741 2294 ἀσύμφωνοι
1764 2222 1936 2295 ἀλλήο

343 2312 458 2366 λων
496 2314 641 2378 ἐστὲ,
669 2316 743 2384 πῆ
779 2314 882 2384 μὲν
919 2313 1336 2383 ὁμολογοῦντες,
1370 2314 1448 2385 πῆ
1478 2315 1536 2368 δὲ
1578 2315 1935 2387 ἀπαρνούμε-

342 2422 452 2460 νοι.
487 2405 586 2460 Διά
623 2406 721 2476 μὲν
752 2406 861 2477 γὰρ
883 2405 974 2459 τοῦ
1001 2406 1077 2476 μὴ
1103 2406 1362 2477 ἀριθμεῖν
1390 2407 1489 2472 τὴν
1518 2407 1803 2479 διαφορὰν,
1837 2407 1937 2470 τὰς

345 2497 547 2567 φύσεις
578 2499 876 2570 ἀναιρεῖτε.
915 2498 1002 2552 διὰ
1032 2499 1091 2551 δὲ
1140 2500 1234 2552 τοῦ
1270 2500 1520 2570 ἀναιρεῖν
1571 2500 1670 2562 τὰς
1718 2499 1933 2568 φύσεις,

345 2591 446 2643 καὶ
479 2589 539 2644 τὸ
573 2590 881 2661 ἀσύγχυτον
915 2590 1013 2643 καὶ
1036 2590 1095 2643 τὸ
1126 2591 1398 2660 ἄτρεπτον
1425 2591 1562 2660 μετὰ
1588 2590 1687 2661 τὴν
1716 2590 1934 2645 ἕνωσιν·

345 2685 401 2735 εἰ
444 2681 501 2734 δὲ
529 2682 709 2748 τοῦτο,
760 2683 852 2735 καὶ
887 2682 948 2735 τὸ
978 2681 1267 2752 ὁμοούσιον
1324 2680 1401 2752 τῷ
1436 2684 1613 2753 Πατρὶ
1658 2683 1801 2737 κατά
1838 2683 1937 2755 τὴν

348 2775 608 2846 θεότητα,
647 2776 742 2828 καὶ
769 2777 901 2847 ἡμῖν
928 2776 1070 2829 κατά
1105 2774 1202 2843 τὴν
1233 2775 1656 2847 άνθρωπότητα.
1700 2777 1758 2829 Ὀ
1787 2776 1843 2830 δὲ
1878 2775 1938 2830 τὸ

348 2863 487 2917 αὐτὸ
518 2866 772 2935 πρᾶγμα,
803 2864 882 2934 πῆ
915 2865 1015 2935 μὲν
1050 2865 1125 2929 ὡς
1155 2866 1279 2936 ἔχον
1303 2865 1519 2933 φύσεως
1549 2865 1937 2935 ἀπαγγέλλων,

351 2951 437 3023 πῆ
478 2952 535 3005 δὲ
573 2952 650 3017 ὡς
706 2955 809 3008 οὐκ
866 2952 1081 3008 ἔστιτὸ
1129 2941 1266 3008 αὐτὸ
1302 2952 1380 3018 ὠς
1432 2952 1698 3026 πρότερον
1748 2955 1937 3027 εἴρηκε

350 3042 899 3116 διισχυριζόμενος,ἢ
931 3047 1301 3117 παραφρονεῖ,
1326 3046 1360 3117 ἢ
1392 3048 1716 3118 κακουργεῖ,
1742 3038 1817 3101 ὧν
1843 3042 1939 3101 oo-

351 3126 576 3243 65:53:):
606 3131 1058 3243 una;‘eoxdps0a
1089 3133 1343 3205 πάσχειν.
1376 3134 1449 3188 Τὸ
1473 3135 1573 3205 μὲν
1610 3136 1721 3208 γὰρ
1755 3136 1940 3193 ἄθλιον
1965 3183 2011 3243 c

354 3218 453 3271 καὶ
484 3220 691 3287 ἐλέους,
725 3221 785 3275 τὸ
818 3222 876 3276 δὲ
908 3224 1184 3288 κολάσεως
1222 3224 1392 3290 ἀξιον.
1426 3226 1488 3280 Ei
1532 3227 1588 3281 δὲ
1620 3227 1730 3282 τῶν
1759 3227 1940 3283 τοιού-

353 3325 466 3362 των
488 3312 646 3374 ἐκτὸς
665 3313 1033 3385 ἐγκλημάτων
1054 3317 1232 3370 οἴεσθε
1251 3319 1480 3383 ἑαυτοὺς
1500 3322 1941 3393 παριστᾷν,ὁμο-

355 3401 651 3470 λογοῦντες
673 3405 763 3459 τὸν
794 3406 921 3460 Υίὸν
954 3406 1050 3460 τοῦ
1086 3408 1220 3462 Θεοῦ
1251 3410 1395 3463 κατὰ
1438 3410 1670 3484 θεότητα
1710 3412 1855 3484 ἔχειν
1881 3410 1943 3469 τδ

352 3495 664 3565 ὁμοούσιον,
697 3498 834 3569 πρός
858 3517 919 3553 τε
941 3498 1017 3571 τῷ
1042 3500 1163 3573 Θεῷ
1189 3502 1287 3556 καὶ
1309 3503 1509 3571 Πατρὶ,
1539 3505 1635 3558 καὶ
1653 3507 1784 3576 ἡμῖν
1801 3503 1945 3561 κατά

354 3586 461 3655 τὴν
493 3587 919 3661 ἀνθρωπότητα,
951 3591 1047 3645 καὶ⁵
1075 3592 1364 3665 ἀριθμεῖτε
1393 3594 1643 3665 δηλονότι
1668 3596 1942 3665 λέγοντες,

357 3679 468 3732 Δύο
504 3678 698 3749 φύσεις
721 3681 836 3751 ἔχει
864 3683 893 3734 ὁ
942 3683 1198 3755 Χριστὸς,
1241 3685 1338 3739 καὶ
1381 3686 1440 3739 ὲν
1465 3685 1560 3739 δύο
1587 3686 1808 3756 φύσεσι,
1849 3686 1945 3741 καὶ

355 3770 452 3824 δύο
479 3770 700 3841 φύσεων
721 3764 863 3826 εἷναι
891 3774 1028 3844 μετά
1059 3774 1159 3845 τὴν
1182 3774 1378 3829 ἕνωσιν
1403 3776 1462 3829 ὲν
1496 3778 1595 3847 μιᾷ
1620 3777 1941 3843 ὑποστάσει,

356 3860 452 3916 καὶ
488 3862 589 3932 τὴν
613 3864 670 3915 ὲν
696 3863 1002 3934 Χαλκηδόνι
1032 3864 1252 3919 σύνοδον
1274 3865 1434 3920 τοῦτο
1461 3868 1798 3923 θεσπίσασαν
1819 3867 1942 3938 μεθ’

358 3953 516 4023 ἡμῶν
549 3953 873 4022 σεὸάζεσθε,
898 3955 996 4009 καὶ
1032 3955 1208 4019 οὕτως
1232 3956 1532 4027 ὁρθοδόξως
1559 3958 1942 4013 πολιτεύεσθαι

359 4046 639 4117 θαρρεῖτε.
659 4047 732 4099 Τὸ
754 4046 811 4100 δὲ
843 4046 1048 4116 λέγειν,
1082 4049 1191 4103 Καὶ
1221 4049 1321 4120 οὐχ
1352 4050 1532 4119 ἁπλῆν
1570 4051 1942 4123 ὁμολογοῦμεν

357 4137 470 4192 τῶν
500 4137 720 4207 φύσεων
739 4139 837 4209 τὴν
867 4139 1083 4204 ἕνωσιν,
1101 4140 1378 4212 θεότητος,
1399 4145 1569 4214 φημὶ,
1598 4144 1694 4198 καὶ
1725 4143 1940 4217 ἀνθρω-

362 4227 620 4297 πότητος,
660 4230 710 4282 εί
743 4230 844 4298 μὲν
882 4229 942 4283 τὸ
976 4222 1233 4285 συντεθὲν
1274 4234 1405 4303 μιᾶς
1439 4234 1819 4300 ὑποστάσεως,
1849 4235 1942 4289 δύο

358 4335 420 4372 τε
448 4316 650 4390 ,φύσεις
683 4319 830 4391 ἔχειν
864 4322 1084 4394 φαίητε,
1109 4323 1280 4388 ὅντως
1303 4325 1482 4396 ὀρθῶς
1512 4326 1608 4380 καὶ
1638 4326 1778 4397 μετὰ
1807 4327 1944 4400 ἁλη-

359 4408 940 4481 θείαςλογισθήσεσθεο
976 4414 1025 4466 εί
1044 4413 1101 4466 δὲ
1115 4414 1177 4467 τὸ
1196 4416 1262 4468 ὲκ
1280 4414 1554 4487 διαφόρων
1574 4416 1791 4485 φύσεων
1814 4421 1944 4489 μιᾶς

2032 1051 2161 1092 eum
2190 1037 2354 1092 unius
2387 1043 2598 1091 natura:
2627 1043 2841 1091 tantum
2897 1032 3307 1105 pronuntiatis?
3348 1030 3407 1085 Si
3438 1028 3621 1100 perie-

2035 1138 2184 1185 ctum
2223 1129 2402 1199 ipsum
2435 1129 2491 1184 in
2514 1138 2747 1199 utraque
2801 1126 3123 1198 apparuisse
3168 1132 3365 1191 natura
3394 1122 3622 1178 conﬁte-

2035 1218 2196 1285 mini,
2235 1217 2589 1277 tnanit'estum
2616 1226 2724 1287 est,
2749 1233 2850 1275 vos
2868 1218 3112 1284 easdem,
3137 1215 3380 1271 divinam
3411 1213 3622 1269 scilicet

2039 1318 2296 1367 naturam
2356 1321 2412 1368 et
2473 1312 2810 1376 humanam,
2882 1308 3205 1366 differentia:
3253 1306 3466 1364 rati0ne
3518 1320 3624 1359 uu-

2035 1410 2311 1468 meratas,
2383 1420 2617 1460 numero
2680 1403 2983 1474 subjicere,
3047 1409 3104 1457 et
3174 1415 3288 1455 non
3351 1398 3625 1454 exsisten-

2036 1492 2125 1547 tiae
2174 1491 2677 1558 determinatione,
2744 1491 2816 1546 ita
2887 1497 3081 1546 sancta
3150 1497 3348 1559 quarta
3414 1485 3625 1558 synodo

2037 1581 2377 1653 iniungente.
2432 1581 2525 1637 Sic
2573 1582 2630 1637 in
2684 1580 2902 1638 Christo
2933 1582 3071 1636 duas
3111 1590 3338 1648 naturas
3364 1592 3623 1635 asseren-

2038 1680 2180 1727 tesa
2233 1674 2463 1728 veritate
2495 1687 2603 1727 non
2655 1672 2950 1728 aberratis.
2997 1671 3155 1739 Quod
3201 1671 3248 1729 si
3288 1670 3625 1726 aﬂirmantes

2039 1763 2094 1819 in
2149 1764 2268 1833 ipso
2310 1779 2420 1820 uno
2457 1764 2681 1821 Christo
2735 1765 2977 1821 divinam
3023 1774 3077 1819 et
3120 1765 3414 1819 humanam
3460 1770 3625 1831 natu;

2249 1857 2456 1923 fuisse,
2544 1867 2766 1915 naturas
2859 1860 3163 1914 secundum
3264 1857 3627 1913 ditiorentiam

2034 1962 2143 2001 non
2197 1945 2525 2009 numeratis,
2573 1945 2630 2000 in
2695 1944 2908 2001 duabus
2954 1948 3189 2012 naturis,
3238 1955 3292 2001 et
3339 1947 3476 2000 duas
3528 1959 3629 1999 na-

2039 2046 2195 2094 turas
2228 2038 2509 2095 Christum
2557 2038 2758 2094 habere
2795 2038 3112 2107 probantes,
3142 2039 3321 2109 palam
3373 2044 3488 2102 est,
3531 2051 3630 2092 vos

2035 2130 2179 2186 inter
2205 2146 2304 2186 vos
2341 2146 2448 2184 non
2496 2129 2810 2195 convenire,
2843 2144 2991 2185 nunc
3022 2130 3242 2199 quidem
3280 2129 3626 2192 conﬁtentes,

2036 2237 2186 2277 nunc
2244 2222 2577 2293 abnegantes
2620 2239 2635 2276 :
2670 2237 2737 2275 ex
2782 2236 2849 2276 eo
2892 2222 3039 2275 enim
3077 2222 3222 2291 quod
3268 2220 3627 2276 diderentiam

2037 2328 2146 2367 non
2197 2314 2520 2378 numeratis,
2566 2323 2793 2368 naturas
2843 2313 3069 2377 tollitis,
3127 2323 3182 2368 et
3236 2329 3302 2369 ex
3356 2329 3422 2367 eo
3480 2312 3630 2383 quod

2038 2409 2266 2456 naturas
2316 2402 2525 2468 tollitis,
2571 2401 2762 2457 tollitis
2810 2402 2973 2457 etiam
3024 2401 3399 2467 inconfusum,
3431 2412 3484 2456 et
3526 2403 3632 2456 im-

2038 2493 2304 2547 mutabile
2336 2505 2456 2562 post
2486 2494 2766 2556 unionem,
2800 2502 2851 2549 ct
2885 2507 2981 2564 per
3002 2509 3349 2564 consequens
3386 2493 3631 2548 consub-

2037 2584 2293 2640 stantiale
2324 2583 2469 2638 Patri
2506 2584 2807 2639 secundum
2848 2585 3141 2650 deitatem,
3178 2595 3230 2640 et
3261 2585 3628 2639 consubstan-

2042 2677 2170 2732 tiale
2202 2677 2360 2732 nobis
2392 2677 2699 2732 secundum
2740 2678 3161 2733 humanitatem.
3193 2678 3296 2745 Qui
3339 2693 3470 2733 vero
3514 2693 3629 2734 rem

2039 2770 2289 2824 eamdem
2334 2783 2479 2822 nunc
2516 2769 2739 2838 quidem
2770 2779 2829 2823 ut
2855 2785 2913 2825 se
2938 2769 3098 2825 habet
3119 2770 3455 2839 pronuntiat,
3484 2785 3633 2824 nunc

2039 2872 2158 2913 eam
2190 2872 2298 2910 non
2325 2856 2401 2910 ita
2431 2870 2489 2910 se
2524 2855 2750 2923 habere,
2781 2865 2840 2911 ut
2866 2865 3027 2911 antea
3064 2858 3301 2921 dixerat,
3325 2858 3630 2920 contendit,

2041 2956 2135 3003 aut
2171 2958 2351 3002 mente
2400 2955 2592 3017 captus
2621 2954 2726 3010 est,
2768 2956 2861 3001 aut
2900 2947 3171 3003 malitiose
3214 2948 3346 3018 agit,
3394 2962 3631 3017 quorum

2041 3040 2174 3095 nulli
2227 3056 2297 3096 ne
2345 3040 2569 3096 obnoxii
2626 3039 2746 3095 sitis
2778 3038 2951 3095 Deum
3003 3054 3344 3106 exoramus;
3394 3039 3445 3093 id
3481 3040 3630 3095 enim

2043 3131 2301 3188 miserum
2369 3140 2426 3187 et
2488 3131 3005 3198 commiseratione,
3094 3132 3199 3186 hoc
3271 3131 3635 3200 castigatione

2042 3224 2267 3295 dignum
2298 3233 2403 3279 est.
2430 3224 2487 3278 Si
2536 3233 2719 3278 autem
2750 3238 2850 3279 vos
2906 3224 2976 3278 ab
3028 3223 3113 3279 his
3158 3222 3638 3279 criminationibus

2043 3325 2326 3386 exemptos
2349 3315 2629 3386 judicatis,
2662 3316 2793 3371 dum
2826 3315 3096 3379 fatemini,
3143 3314 3340 3369 Filium
3401 3314 3493 3370 Dei
3540 3330 3634 3370 sc-

2047 3408 2284 3465 cundnm
2320 3408 2578 3463 deitatem
2632 3408 2839 3463 habere
2891 3415 3148 3462 naturam
3202 3406 3452 3462 eamdem
3505 3421 3633 3460 cum

2039 3500 2159 3577 Deo
2191 3499 2377 3564 Patre,
2416 3509 2472 3555 et
2516 3498 2803 3555 nobiscum
2861 3499 3169 3555 secundum
3214 3497 3636 3563 humanitatem,

2046 3603 2102 3649 et
2139 3593 2467 3658 numeratis,
2504 3590 2655 3648 verbi
2696 3593 2871 3665 gratia
2918 3593 3184 3657 dicentes,
3228 3591 3373 3647 Duas
3410 3597 3636 3646 naturas

2045 3686 2211 3741 habet
2234 3684 2510 3753 Christus,
2542 3695 2598 3740 et
2640 3685 2696 3739 in
2754 3684 2969 3741 duabus
3010 3682 3245 3748 naturis,
3292 3691 3346 3737 et
3399 3683 3633 3737 duarum

2045 3785 2369 3832 naturarum
2427 3785 2508 3833 est
2550 3785 2674 3847 post
2705 3777 2963 3831 unionem
3005 3775 3060 3830 in
3098 3791 3207 3830 una
3252 3774 3554 3846 hypostasi,
3583 3782 3638 3829 et

2048 3867 2554 3924 Chalcedonensem
2608 3867 2879 3939 synodum
2918 3866 3050 3922 illud
3090 3866 3477 3922 decernentem
3529 3880 3635 3920 no-

2048 3959 2264 4015 biscum
2323 3958 2686 4023 veneramini,
2751 3959 2832 4013 sic
2895 3966 2953 4013 ut
3001 3957 3296 4013 orthodoxi
3331 3958 3420 4026 pie
3467 3955 3637 4010 vitam

2044 4060 2287 4122 agentes,
2311 4051 2453 4105 bono
2481 4051 2603 4107 sitis
2635 4050 2842 4106 animo.
2898 4048 2992 4105 Sie
3042 4049 3244 4113 dicere,
3280 4048 3398 4104 Non
3422 4049 3637 4118 simpli-

2049 4158 2166 4198 cem
2199 4142 2524 4198 coniitemur
2547 4151 2869 4197 naturarum
2898 4141 3181 4208 unionem,
3200 4142 3418 4198 deitatis
3441 4157 3636 4209 nempe

2046 4243 2102 4291 et
2155 4234 2535 4298 humanitatis,
2593 4232 2640 4290 si
2698 4235 3061 4304 compositum
3111 4233 3274 4289 unius
3320 4234 3634 4305 hypostasis

2045 4325 2185 4382 duas
2211 4334 2440 4380 naturas
2464 4325 2667 4381 habere
2719 4323 3106 4380 concesseritis
3131 4364 3147 4389 ,
3190 4334 3337 4380 recte
3375 4324 3628 4395 equidem

2047 4431 2150 4471 nec
2180 4415 2317 4471 citra
2348 4416 2635 4471 veritatem
2669 4416 2998 4486 opinamini.
3046 4415 3261 4483 Quodsi
3306 4430 3372 4471 ex
3400 4403 3635 4471 diversis

361 4501 624 4558 συνθέτου
653 4504 867 4574 φύσεως
893 4505 1251 4559 ἀποτελεσθὲν
1274 4505 1529 4577 καθάπερ
1544 4506 1631 4560 ἐπ’
1652 4506 1941 4580 ἀνθρώπου

2049 4505 2264 4562 naturis
2299 4506 2465 4562 unius
2505 4506 2824 4577 composita:
2884 4517 3095 4562 natura:
3141 4506 3417 4568 elfectum,
3464 4515 3523 4561 ut
3566 4504 3637 4560 de

359 4591 428 4646 ἑκ
449 4592 629 4664 ψυχῆς
657 4594 750 4649 καὶ
778 4596 1030 4665 σώματος
1054 4595 1152 4666 μία
1169 4595 1333 4666 φύσις
1373 4597 1738 4664 ἀποτελεῖται,
1769 4599 1944 4666 οὕτως

358 4683 698 4755 ὁμολογεῖτε,
731 4688 968 4759 φανερὸν
997 4688 1079 4741 ὅτι
1104 4687 1206 4750 τὰς
1229 4687 1437 4752 οἰκείας
1465 4689 1757 4760 ὁμολογίας
1789 4693 1947 4748 ἀναι-

368 4777 538 4846 ρεῖτε.
564 4777 846 4832 Δέδεικται
880 4778 990 4849 γὰρ
1029 4779 1118 4834 διὰ
1151 4779 1365 4833 πολλῶν
1393 4777 1704 4853 ἔμπροσθεν
1733 4785 1947 4856 ἐπιχει-

367 4869 761 4938 ρημάτων,ιὸτι
789 4870 859 4924 τά
898 4871 1221 4942 άσυγχύτως
1255 4872 1636 4944 συντιθέμενα,
1672 4876 1767 4929 καὶ
1817 4877 1947 4947 μίαν

366 4959 532 5031 φύσιν
570 4961 959 5027 ἀποτελοῦντα,
1004 4965 1142 5036 μήτε
1176 4965 1316 5018 αὐτά
1348 4965 1485 5037 πρὸς
1521 4966 1589 5020 τὰ
1618 4967 1678 5033 ἐξ
1707 4962 1784 5023 ὧν
1818 4987 1945 5023 συν-

363 5050 527 5124 ετέθη
585 5053 955 5127 ὁμοούσια,ἢ
1001 5056 1220 5127 ὁμοφυῆ
1281 5055 1446 5124 εἶναι,
1508 5059 1647 5131 ἢτά
1686 5061 1792 5115 ὑπὸ
1845 5062 1948 5133 τῆς

360 5141 679 5212 κοινότητος
726 5145 908 5200 αὐτῶν
936 5146 1252 5218 ἀναγόμενα
1275 5147 1475 5219 ἄτομα.
1513 5149 1578 5203 Εί
1608 5149 1667 5203 δὲ
1717 5151 1894 5216 τοῦτο,
1920 5154 1950 5206 ὁ

364 5233 605 5304 Χριστὸς
638 5235 738 5306 οὐχ
787 5237 1073 5307 ὁμοούσιος
1098 5236 1177 5309 τῷ
1205 5239 1325 5310 Θεῷ
1358 5240 1454 5293 καὶ
1480 5242 1654 5311 Πατρὶ
1684 5243 1826 5296 κατὰ
1847 5244 1948 5315 τὴν

368 5325 624 5396 θεότητα,
651 5324 748 5381 καὶ
775 5330 909 5400 ἡμῖν
960 5329 1102 5384 κατὰ
1129 5331 1230 5402 τὴν
1258 5331 1679 5402 ἀνθρωπότητα.
1709 5332 1774 5388 Ei
1807 5334 1865 5387 δὲ
1888 5333 1948 5388 τὸ

364 5415 663 5485 ὁμοούσιονι
687 5417 783 5472 καὶ
812 5420 870 5472 ἐν
899 5422 967 5490 τῇ
1004 5418 1195 5473 ένώσει
1244 5420 1501 5492 βούλεσθε
1543 5418 1862 5491 διασώζειν,
1886 5423 1948 5479 τὸ

365 5506 614 5575 δοξάζειν
660 5510 791 5582 μίαν
826 5510 990 5579 φύσιν
1024 5512 1115 5565 ἐπὶ
1151 5512 1393 5583 Χριστοῦ
1436 5512 1495 5579 ἐξ
1524 5513 1679 5586 ὑμῶν
1713 5516 1947 5589 ἀπορρί-

363 5599 530 5669 ψατι.
565 5600 677 5655 Καὶ
698 5600 873 5656 ταῦτα
907 5603 1006 5674 μὲν
1035 5603 1103 5657 τὰ
1129 5603 1371 5674 ἑπόμενα
1397 5605 1573 5660 ἄτοπα
1602 5606 1665 5660 ὲκ
1684 5604 1795 5662 τῶν
1818 5610 1947 5679 παρ’

364 5689 501 5759 ὑμῖν
534 5690 984 5763 ὁμολογουμένων
1037 5692 1131 5746 ἐπὶ
1190 5692 1291 5764 τῆς
1341 5692 1437 5747 τοῦ
1487 5692 1618 5746 Υίοῦ
1660 5694 1757 5748 τοῦ
1811 5693 1947 5748 Θεοῦ

370 5781 745 5851 συμϐαίνοντα
802 5785 1293 5857 ἑνανθρωπήσεως,
1343 5785 1432 5840 διὰ
1477 5785 1537 5840 τὸ
1594 5787 1670 5861 μὴ
1714 5785 1946 5842 ἕπεσθαι

2049 4600 2281 4654 homine
2309 4613 2379 4653 ex
2408 4598 2593 4653 anima
2633 4605 2688 4654 et
2734 4613 2969 4669 corpore
3018 4614 3125 4653 una
3151 4608 3350 4653 natura
3380 4596 3630 4664 edicitur,

2051 4684 2153 4745 bac
2185 4690 2397 4745 ratione
2422 4689 2778 4762 proﬁtemini,
2806 4688 3156 4745 manifestum
3175 4697 3279 4756 est,
3298 4704 3397 4744 vos
3424 4697 3635 4745 vestras

2048 4780 2426 4838 confessiones
2494 4782 2816 4838 destruere:
2849 4791 3006 4836 antea
3072 4781 3216 4836 enim
3253 4778 3440 4835 multis
3472 4793 3636 4848 argu-

2049 4873 2480 4930 mentationibus
2502 4873 2942 4930 demonstratum
2976 4882 3081 4936 est,
3103 4886 3163 4928 ea
3200 4887 3323 4943 quae
3348 4869 3635 4928 inconfuse

2049 4965 2316 5021 uniuntur
2344 4972 2400 5022 et
2445 4980 2609 5021 unam
2645 4975 2897 5020 naturam
2916 4962 3177 5030 ediciunt,
3210 4979 3319 5019 non
3351 4978 3473 5020 esse
3506 4978 3634 5022 cum

2049 5052 2180 5124 illis,
2234 5070 2302 5113 ex
2359 5057 2561 5127 quibus
2595 5056 2898 5127 composita
2957 5064 3109 5120 sunt,
3161 5071 3340 5124 neque
3382 5055 3631 5127 ejusdem

2049 5149 2335 5215 essentia),
2378 5163 2555 5218 neque
2609 5148 2856 5219 ejusdem
2915 5156 3150 5212 naturas,
3206 5152 3303 5202 aut
3358 5162 3481 5217 quae
3528 5148 3634 5205 sub

2050 5242 2405 5297 universitate
2430 5254 2618 5295 eorum
2672 5239 2986 5295 referuntur
3018 5238 3317 5295 individua.
3345 5239 3402 5295 Id
3441 5238 3487 5295 si
3522 5246 3628 5306 est,

2048 5326 2306 5383 Christus
2366 5342 2475 5383 non
2530 5327 2634 5382 erit
2689 5328 3176 5384 consubstantialis
3217 5324 3327 5383 Deo
3389 5338 3445 5384 et
3482 5327 3629 5383 Patri

2053 5420 2356 5476 Secundum
2391 5419 2671 5485 deitatem,
2704 5429 2760 5475 et
2793 5420 2952 5478 nobis
2992 5418 3293 5477 secundum
3315 5419 3631 5474 humanita-

2053 5520 2183 5569 tem.
2220 5511 2375 5579 Quod
2401 5512 2447 5568 si
2479 5512 2944 5585 consnbstantiale
2974 5513 3138 5568 etiam
3189 5512 3243 5566 in
3271 5509 3471 5566 unione
3501 5525 3632 5567 con-

2055 5617 2274 5661 servare
2296 5602 2653 5673 praetenditis,
2705 5618 2869 5658 unam
2922 5604 2975 5657 in
3010 5600 3232 5659 Christo
3260 5611 3513 5658 naturam
3548 5612 3631 5658 te-

2054 5711 2205 5762 nere,
2263 5711 2293 5751 a
2339 5695 2495 5753 vobis
2552 5696 2790 5766 abjicite.
2844 5695 2911 5751 Et
2952 5695 3069 5751 haec
3121 5695 3341 5767 quidem
3390 5694 3632 5752 absurda

2051 5799 2466 5860 consequuntur
2493 5804 2560 5847 ex
2615 5788 2706 5858 iis,
2764 5803 2886 5862 quae
2935 5803 2968 5845 a
3000 5788 3150 5845 vobis
3193 5797 3516 5846 astruuntur
3562 5788 3631 5845 de
