4064 6400
492 323 601 387 663

1770 336 2066 400 ΝῙΟΕΤΙΕ
2103 336 2510 409 BYZANTINI

3700 362 3815 431 664

490 441 616 497 Filii
673 441 764 498 Dei
820 442 1224 514 incarnatione,
1279 450 1433 521 quod
1483 469 1583 511 vos
1631 469 1742 511 non
1796 458 2071 529 sequimin

2202 468 2349 540 ὑμᾶς
2374 470 2442 539 τῇ
2464 468 2600 541 ὀρθῇ
2636 469 2733 539 τῆς
2766 471 2874 526 τῶν
2903 473 3256 544 Χριστιανῶν
3302 475 3555 545 πίστεως
3582 481 3818 540 ἐκθέσει

491 544 695 591 rectam
731 536 1061 596 Christiana:
1104 543 1226 598 ﬁdei
1266 544 1616 603 traditionem
1650 563 1681 604 α
1733 551 2080 608 sanctissima

489 639 546 682 et
567 631 910 687 meumenica
940 620 1375 711 Chalcedonensi
1413 640 1625 712 synodo
1647 642 1947 723 .traditam.
2006 643 2084 700 Ex

488 736 557 776 eo
587 738 753 791 porro
776 725 923 797 quod
957 742 1055 783 vos
1086 729 1234 786 illius
1282 747 1413 787 sana
1453 733 1836 806 exquisitaque
1861 736 2084 792 decreta

491 814 818 885 improbatis
871 819 1255 888 inverecunde,
1289 825 1403 879 imo
1435 827 1603 883 stulte
1633 828 1961 900 intelligitis,
1992 846 2083 886 er-

488 909 736 978 ratisque
770 910 912 966 circa
934 928 1148 983 ca,qu:e
1175 916 1639 977 deincarnatione
1663 922 1928 993 unigeniti
1958 922 2080 979 Filii

487 999 585 1056 Dei
622 1012 677 1057 et
694 1003 910 1059 Domini
933 1008 1105 1062 nostri
1128 1006 1256 1063 Jesu
1279 1008 1485 1066 Christi
1502 1011 1908 1076 dicuntur,haec
1926 1023 2076 1070 sunt.

556 1094 646 1149 23.
692 1093 1010 1154 Concursus
1057 1108 1239 1154 autem
1297 1101 1593 1159 dictionem
1655 1105 1896 1177 vulgaris
1949 1105 2105 1161 futi-'

484 1185 663 1257 lisque
689 1189 985 1258 plebecula;
1017 1207 1148 1248 usus
1188 1191 1256 1249 de
1302 1195 1539 1263 duobus,
1572 1206 1667 1253 aut
1706 1198 1957 1269 plurihus
1986 1200 2082 1255 de-

484 1283 849 1350 certantibus,
877 1293 972 1338 aut
1000 1300 1166 1356 equo,
1202 1288 1547 1361 pedibusque
1567 1290 1637 1346 de
1661 1308 1826 1349 cursu
1853 1303 2080 1350 conten-

485 1376 746 1433 dentibus
778 1378 1001 1446 accipit,
1033 1388 1090 1433 at
1119 1381 1453 1451 sapientium
1483 1385 1724 1441 virorum
1773 1398 2079 1459 conceptus

484 1485 593 1524 non
624 1471 728 1526 hoc
760 1472 1143 1529 tantummodo
1204 1484 1410 1533 notare
1430 1491 1763 1536 concursum
1812 1482 1947 1548 vult,
1981 1482 2079 1538 sed

480 1572 537 1617 et
562 1563 821 1630 duarum,
874 1572 969 1621 aut
1014 1566 1256 1637 plurium
1293 1583 1475 1624 rerum
1518 1571 1749 1627 celerem
1779 1588 1844 1629 ac
1870 1573 2078 1630 subita-

478 1671 637 1711 neam
664 1656 717 1711 in
760 1657 904 1714 idem
947 1660 1159 1731 absque
1202 1661 1316 1716 ullo
1352 1664 1619 1734 temporis
1659 1665 1946 1722 intervallo
1971 1675 2079 1722 ter-

476 1747 861 1815 minationem,
918 1753 1383 1821 quemadmodum
1421 1756 1475 1810 in
1528 1757 1828 1828 paralytico
1867 1756 2073 1813 factum

477 1842 808 1912 agnovimus
848 1859 863 1896 :
897 1845 1082 1900 statim
1151 1847 1298 1901 enim
1341 1856 1507 1919 atque
1557 1838 1697 1904 dixit
1757 1848 2070 1906 Dominus:

477 1932 672 2006 Surge,
705 1944 754 1989 et
786 1935 1027 2002 ambula,
1062 1935 1273 2003 Subito,
1316 1940 1394 1994 ait
1442 1940 1800 2011 evangelista,
1835 1942 2070 1996 surrexit

474 2039 527 2082 et
555 2027 869 2082 ambulabat
902 2029 966 2082 ”.
999 2028 1287 2097 Pernicem
1337 2032 1523 2104 itaque
1558 2033 1825 2088 Dominiei
1857 2033 2075 2103 imperii

2190 562 2346 634 παρὰ
2369 563 2472 635 τῆς
2502 563 2812 636 ἁγιωτάτης
2840 567 2934 620 καὶ
2962 569 3357 643 οἰκουμενικῆς
3385 575 3441 628 ὲν
3470 575 3814 649 Χαλκηδόνι

2185 656 2458 729 τετάρτης
2499 657 2745 713 συνόδου.
2796 660 2862 713 Ἀ
2889 660 2946 714 δὲ
2988 661 3057 714 δι’
3095 664 3230 718 αὐτὸ
3265 665 3422 720 τοῦτο
3473 668 3544 723 τὸ
3586 669 3819 728 ἀθετεῖν

2188 750 2336 821 ὑμᾶς
2354 750 2433 837 ,τᾲ
2457 752 2660 824 ἀκριϐῆ
2698 753 2903 826 ταύτης
2924 755 3173 827 δόγματα
3205 758 3459 829 ἀναιδῶς,
3500 763 3725 834 μᾶλλον
3755 766 3816 820 δὲ

2187 841 2419 910 ἀμαθῶς
2452 846 2646 912 νοεῖτε,
2679 846 2774 900 καί⁵
2819 846 3167 917 ἁμαρτάνετε
3213 853 3345 923 περὶ
3392 855 3460 909 τά
3521 855 3817 926 λεγόμενα

2187 935 2284 989 ἐπὶ
2319 938 2386 1007 τῇ
2418 937 2835 1010 ἐνανθρωπήσει
2854 938 2951 992 τοῦ
2979 943 3306 1012 μονογενοῦς
3337 944 3473 1000 Υίοῦ
3501 946 3609 1000 τοῦ
3642 947 3811 1017 Θεοῦ,

2187 1025 2399 1096 Κυρίου
2431 1026 2489 1080 δὲ
2522 1027 2679 1099 ἡμῶν
2722 1029 2900 1099 Ἰησοῦ
2934 1030 3176 1103 Χριστοῦ
3198 1034 3373 1089 ταῦτά
3404 1038 3556 1091 ἐστι.

2259 1118 2366 1188 κγ’.
2414 1119 2528 1191 Τὴν
2578 1121 2636 1174 δὲ
2684 1122 2987 1194 λεγομένην
3040 1125 3368 1198 συνδρομὴν,
3418 1129 3452 1199 ἡ
3533 1129 3646 1200 μὲν
3709 1132 3811 1186 τοῦ

2187 1211 2385 1266 πολλοῦ
2421 1213 2517 1268 καὶ
2564 1213 2917 1286 άγυρτώδους
2946 1216 3080 1270 λαοῦ
3111 1219 3333 1290 χρῆσις,
3362 1220 3457 1274 ὲπί
3491 1238 3673 1276 τινων
3714 1223 3813 1279 δύο

2184 1305 2219 1376 ἢ
2284 1307 2381 1361 καί⁵
2437 1306 2700 1362 πλειόνων
2763 1309 3161 1382 ἁμιλλωμένων
3192 1352 3209 1379 ,
3265 1311 3683 1386 ἱππαζομένων
3748 1336 3807 1373 τε

2181 1398 2278 1453 καὶ
2321 1398 2459 1472 πεζῇ
2487 1402 2577 1455 τὸν
2602 1402 2802 1473 δρόμον
2828 1402 3160 1469 ὲξανυόντων
3193 1407 3660 1479 παραλαμϐάνει·
3687 1412 3723 1482 ἡ
3748 1410 3806 1465 δὲ

2181 1490 2293 1545 τῶν
2326 1492 2508 1563 σοφῶν
2534 1492 2743 1566 ἀνδρῶν
2773 1494 3001 1561 διάνοια,
3031 1496 3093 1551 οὑ
3138 1497 3299 1552 τοῦτο
3351 1499 3524 1571 μόνον
3589 1502 3803 1573 σημαί-

2180 1602 2297 1640 νειν
2350 1585 2450 1656 τὴν
2508 1585 2817 1659 συνδρομὴν
2873 1586 3147 1659 βούλεται,
3199 1589 3337 1646 ἀλλά
3392 1592 3496 1647 καὶ
3545 1594 3655 1664 τὴν
3710 1593 3805 1649 δύο

2180 1679 2348 1736 τινῶν
2373 1680 2406 1753 ἥ
2432 1680 2527 1736 καὶ
2565 1681 2831 1737 πλειόνων
2864 1684 3210 1755 πραγμάτων
3234 1686 3415 1751 ὀξεῖαν
3468 1671 3798 1762 καὶ’άδιαρῆ

2178 1774 2260 1839 είς
2279 1773 2449 1829 ταυτὸ
2502 1772 2816 1848 περάτωσιν
2846 1777 3047 1842 παντὸς
3091 1780 3346 1851 χρονικοῦ
3395 1781 3794 1853 διαστήματος

2178 1864 2332 1927 ἄνευ,
2356 1864 2432 1929 ὡς
2455 1864 2551 1918 ἐπὶ
2574 1865 2671 1919 τοῦ
2688 1865 3066 1938 παραλυτικοῦ
3087 1868 3246 1923 τοῦτο
3259 1869 3491 1939 γεγονὸς
3514 1870 3796 1940 ἔγνωμεν.

2179 1959 2334 2031 ’Ἀμα
2361 1958 2472 2032 γάρ
2521 1958 2626 2031 ἔφη
2653 1960 2683 2015 ὀ
2730 1960 2958 2033 Κύριος,
2991 1962 3252 2033 Ἕγειραι
3291 1965 3391 2020 καί
3432 1965 3798 2034 περιπάτει,

2177 2051 2439 2118 Εὐθέως,
2477 2053 2643 2124 φησὶν
2685 2055 2714 2109 ὁ
2758 2053 3176 2126 εὑαγγελιστὴς,
3215 2056 3450 2126 ἀνέστη
3525 2058 3635 2112 καὶ
3690 2075 3798 2113 πε-

475 2121 882 2179 absolutionem
924 2138 1050 2178 cum
1099 2125 1387 2199 paralytici
1439 2126 1675 2182 sanitate
1738 2142 2070 2184 concursum

2181 2144 2464 2212 ριεποίτει.
2495 2121 2608 2218 Την
2648 2141 2743 2201 οῦν
2773 2121 2955 2212 ὀξείαν
2993 2121 3122 2218 τῆς-
3146 2121 3509 2220 προστάξεως
3551 2151 3651 2205 τοῦ
3683 2153 3796 2205 Κυ-

475 2215 764 2286 sapientes
822 2226 1180 2287 nuncupant;
1233 2218 1396 2273 simul
1439 2220 1586 2274 enim
1624 2234 1748 2275 cum
1788 2219 2075 2276 Dominica

469 2306 723 2378 jussione
784 2306 1030 2364 hominis
1084 2310 1293 2365 sanitas
1328 2310 1597 2367 cucurrit.
1643 2310 1910 2367 Similiter
1931 2320 1987 2367 et
2017 2311 2071 2366 in

473 2417 638 2456 socro
668 2400 837 2469 Petri,
893 2410 948 2458 et
988 2402 1159 2459 maris
1212 2403 1612 2473 increpatione,
1658 2412 1714 2459 et
1775 2404 2071 2461 similibus.

471 2492 668 2547 Patres
711 2492 901 2561 itaque
924 2492 1159 2546 duarum
1211 2503 1534 2548 naturarum
1565 2493 1619 2548 in
1654 2494 1844 2549 eodem
1875 2502 1930 2550 et
1962 2509 2075 2551 uno

471 2582 698 2638 Christo
725 2583 959 2639 Domino
988 2592 1183 2640 nostro
1203 2598 1539 2639 concursum
1572 2592 1913 2650 astruentes,
1934 2583 2075 2639 nihil

473 2672 623 2729 aliud
669 2674 899 2730 innuere
934 2673 1215 2737 videntur,
1273 2688 1439 2743 quam
1492 2674 1632 2729 citra
1669 2675 1840 2730 ullam
1877 2689 2076 2747 exspe-

472 2766 798 2834 ctationem,
829 2778 882 2823 et
912 2767 1120 2838 absque
1146 2767 1258 2822 ullo
1288 2767 1549 2839 temporis
1578 2766 1885 2835 intervallo,
1911 2768 2077 2824 simul

472 2868 639 2929 atque
681 2859 1052 2916 Exccisissimi
1083 2860 1260 2914 virtus
1317 2858 1785 2931 semper‘Virgini
1828 2857 2077 2932 Deiparae

472 2952 846 3018 obumbravit,
882 2953 1115 3008 duarum
1146 2961 1471 3008 naturarum
1505 2955 1767 3010 unionem
1803 2953 2072 3010 etfecisse.

472 3044 587 3101 Vos
605 3062 732 3102 vero
766 3048 1070 3103 secundum
1098 3047 1336 3117 priorem
1374 3048 1743 3120 signiﬁcatum
1770 3061 2078 3104 concursus

2180 2238 2300 2312 ρίου
2355 2237 2639 2310 πλήρωσιν
2703 2238 2841 2309 μετά
2889 2238 2989 2309 τῆς
3038 2237 3133 2294 τοῦ
3187 2240 3518 2312 Μραλύτου
3579 2242 3792 2311 ὑγείας,

2180 2331 2487 2405 συνδρομὴν
2540 2331 2589 2385 οί
2644 2329 2800 2401 σοφοὶ
2857 2329 3106 2400 λέγουσι.
3168 2332 3492 2405 Συνέδραμε
3554 2334 3671 2405 γὰρ
3724 2337 3789 2405 τῇ

2178 2426 2486 2495 Δεσποτικῇ
2547 2423 2797 2478 κελεύσει
2845 2425 2942 2478 καὶ
2984 2425 3017 2485 ή
3082 2423 3176 2478 τοῦ
3231 2424 3539 2497 ἀνθρώπου
3607 2427 3788 2494 ὑγεία.

2191 2516 2426 2589 Ὁμοίως
2454 2516 2550 2571 καὶ
2578 2516 2672 2571 ἐπὶ
2705 2517 2808 2588 τῆς
2840 2517 2937 2571 τοῦ
2969 2516 3180 2588 Πέτρου
3204 2517 3509 2590 πενθερᾶς,
3564 2519 3662 2572 καὶ
3690 2519 3787 2586 τῆς

2180 2610 2553 2682 ἐπιτιμήσεως
2605 2610 2708 2682 τῆς
2756 2593 3055 2679 θαλάσσης,
3098 2612 3195 2665 καὶ
3240 2611 3349 2665 τῶν
3395 2611 3693 2667 τοιούτων.
3723 2612 3785 2667 Ol

2179 2699 2272 2759 οῦν
2307 2704 2549 2776 Πατέρες
2586 2704 2891 2776 συνδρομὴν
2916 2705 3167 2775 λέγοντες
3206 2705 3317 2760 τῶν
3347 2705 3444 2761 δύο
3480 2706 3701 2776 φύσεων
3730 2708 3786 2759 ἐν

2178 2799 2260 2872 τῷ
2300 2799 2452 2870 αὑτῷ
2500 2800 2597 2854 καὶ
2640 2800 2724 2854 ἐνὶ
2777 2799 3005 2872 Χριστῷ
3033 2799 3113 2871 τῷ
3147 2800 3340 2872 Κυρίῳ
3405 2799 3604 2872 ἡμῶν,
3635 2800 3785 2853 οὐδὲν

2179 2893 2311 2950 ἄλλο
2342 2891 2538 2966 δηλοῦν
2570 2892 2875 2963 φαίνονται,
2908 2893 2942 2964 ἢ
2972 2893 3055 2947 ὅτι
3090 2893 3270 2963 πάσης
3301 2893 3601 2965 ἀναμονῆς
3621 2893 3778 2955 ἐκτὸς

2179 2984 2274 3037 καὶ
2313 2982 2516 3049 παντὸς
2544 2982 2800 3055 χρονικοῦ
2832 2982 3203 3053 διαστήματος
3234 2982 3352 3054 ἅμα
3376 2983 3720 3038 ἐπεσκίασεν
3746 2983 3777 3052 ἡ

2179 3076 2277 3131 τοῦ
2307 3076 2566 3146 Ὑψίστου
2600 3075 2831 3146 δύναμις
2858 3079 2925 3149 τῇ
2968 3074 3343 3148 Ἀειπαρθένῳ
3376 3075 3660 3146 Θεοτόκῳ,
3686 3074 3778 3142 τὴν

472 3139 670 3195 divinae
728 3156 852 3195 cum
897 3141 1135 3195 humana
1178 3150 1377 3195 natura
1423 3141 1681 3196 unionem
1716 3141 2073 3212 accipientes,

2181 3168 2288 3223 τῶν
2318 3139 2413 3222 δύο
2444 3167 2660 3237 φύσεων
2674 3139 2870 3222 ἒνῶσιν
2892 3139 3288 3240 άπειργάοατο.
3314 3139 3523 3238 ιΥμείς
3552 3139 3623 3221 δὲ.
3645 3139 3778 3221 κατὰ

471 3231 702 3287 divisam
736 3240 790 3286 et
843 3232 1071 3302 propria
1117 3231 1402 3304 hypostasi
1444 3232 1836 3289 subsistentem
1862 3240 2076 3287 utram-

471 3342 581 3397 que
638 3328 955 3381 essentiam
1008 3326 1199 3382 Patres
1265 3328 1574 3383 asseruisse
1619 3326 2073 3383 calunmiamini:

470 3428 829 3489 vestramque
883 3419 1284 3491 ignorationem
1355 3404 1585 3475 Patrum
1666 3419 2073 3489 blasphemiam

470 3512 602 3573 rati,
655 3511 813 3582 longe
866 3527 896 3567 a
946 3512 1199 3577 veritate,
1236 3521 1310 3579 et,
1361 3511 1508 3582 quod
1556 3511 1701 3567 idem
1741 3518 1849 3576 est,
1897 3511 2076 3568 salute

471 3606 793 3662 aberrastis.
871 3606 1064 3661 Edocti
1120 3605 1306 3676 itaque
1362 3614 1418 3662 et
1478 3605 1713 3677 hujusce
1767 3620 2075 3662 concursus

470 3697 866 3771 signiﬁcatum,
899 3706 953 3753 et
985 3713 1145 3754 usum
1178 3697 1234 3752 iu
1273 3696 1399 3752 Filii
1435 3695 1530 3752 Dei
1580 3694 1983 3761 incarnatione,
2005 3708 2073 3751 ex

469 3807 532 3849 ea
570 3806 694 3861 qum
741 3791 811 3845 ab
832 3791 1177 3862 ignoratione
1204 3790 1381 3845 oritur
1404 3788 1787 3845 maledicentia
1808 3787 2068 3852 recedite,

470 3888 611 3944 etin
645 3895 893 3942 exactam
929 3885 1163 3940 duarum
1197 3893 1520 3938 naturarum
1555 3882 1609 3938 in
1651 3881 1873 3938 Christo
1910 3881 2071 3936 unio-

467 3995 622 4044 nem,
653 3993 822 4049 quam
858 3991 960 4032 nos
990 3984 1230 4040 tuemur,
1276 3973 1579 4046 confugite.
1624 3971 1874 4044 Namque
1896 3987 1975 4031 ,ex
2003 3985 2070 4027 eo

469 4070 884 4142 conscquemiui
922 4068 1161 4139 primum
1211 4067 1431 4138 quidem
1478 4074 1633 4122 catos
1681 4064 2070 4134 sapientesque

467 4163 735 4239 reputari,
763 4162 1116 4235 postmodum
1176 4160 1485 4225 veritatem,
1522 4158 1578 4214 in
1632 4158 1833 4230 quibus
1877 4156 2070 4212 decer-

2179 3260 2279 3331 τὴν
2324 3262 2600 3333 προτέραν
2633 3259 2915 3332 σημασίαν
2945 3261 3047 3331 τῆς
3087 3261 3394 3331 συνδρομῆς
3432 3260 3546 3333 τὴν
3591 3261 3777 3314 ἕνωσιν

2175 3353 2277 3425 τῆς
2306 3353 2495 3425 θεῖκῆς
2538 3353 2753 3425 φύσεως
2798 3354 2939 3425 μετὰ
2984 3354 3083 3423 τῆς
3109 3352 3464 3425 ἀνθρωπίνης
3500 3351 3777 3423 ἐκλαμϐα-

2176 3448 2430 3519 νομενοι,
2488 3447 2807 3522 διαιρετὴν,
2862 3448 2959 3503 καὶ
3027 3446 3150 3502 καθ’
3207 3446 3411 3517 ἑαυτὴν
3481 3444 3774 3515 ὑφεστάναι

2174 3538 2446 3612 ἑκατέραν
2475 3537 2586 3595 τῶν
2630 3537 2831 3593 οὐσιῶν
2886 3539 3015 3603 τοὺς
3044 3538 3295 3610 Πατέρας
3341 3536 3643 3610 εἰρηκέναι
3691 3553 3776 3589 συ-

2174 3634 2522 3703 κοφαντεῖτε,
2577 3631 2674 3687 καὶ
2719 3631 2821 3702 τὴν
2867 3630 3145 3704 ὑμετέραν
3196 3632 3443 3699 ἄγνοιαν,
3496 3628 3773 3699 Πατρικὴν

2176 3716 2532 3794 βλασφημίαν
2590 3720 2848 3791 οἰόμενοι,
2908 3719 3129 3792 μακρὰν
3179 3720 3281 3791 τῆς
3331 3720 3625 3791 ἀληθείας,
3682 3716 3774 3773 καὶ

2172 3814 2373 3869 ταυτὸν
2417 3815 2603 3885 φάναι.
2652 3812 2757 3883 τῆς
2799 3811 3094 3882 σωτηρίας,
3134 3811 3629 3884 ἀποπεπλάνησθε.
3661 3810 3772 3867 Ms.

2175 3904 2486 3978 μαθηκότες
2554 3898 2649 3959 οὖν
2718 3902 2817 3959 καὶ
2867 3903 3074 3975 ταύτης
3131 3903 3231 3974 τῆς
3294 3905 3611 3975 συνδρομῆς
3672 3903 3768 3971 τὴν

2173 3996 2479 4068 σημασίαν,
2524 3995 2727 4051 καὶτὸ
2783 3995 2990 4067 ταύτης
3053 3994 3315 4067 χρειῶδες
3369 3997 3454 4061 είς
3512 3996 3614 4067 τὴν
3672 3991 3764 4048 τοῦ

2173 4087 2309 4143 Υίοῦ
2343 4086 2440 4143 τοῦ
2465 4088 2601 4143 Θεοῦ
2649 4087 3092 4161 ὲνανθρώπησιν,
3140 4088 3420 4159 ἀπόστητε
3467 4090 3574 4161 τῆς
3647 4086 3764 4142 κατ’

2170 4181 2398 4249 ἄγνοιαν
2455 4181 2621 4252 ὑμῶν’
2663 4180 3002 4253 δυσφημίας,
3049 4180 3144 4235 καὶ
3191 4181 3274 4244 είς
3318 4180 3531 4251 ἀκριϐῆ
3572 4180 3762 4234 ἕνωσιν

465 4257 625 4323 uitis,
661 4255 884 4313 sectari.
918 4253 1125 4321 Quodsi
1158 4251 1412 4308 nonnulli
1437 4268 1502 4309 ex
1528 4250 1800 4308 haereticis
1834 4265 2068 4306 concur-

2181 4268 2279 4323 τῶν
2305 4266 2398 4322 δύο
2445 4250 2505 4322 ἐν
2552 4250 2789 4340 Χριστῷί
2822 4250 3038 4338 ἐρύσεων
3076 4266 3303 4339 ταύτην,
3355 4250 3543 4332 καθὼς
3580 4267 3758 4337 ἡμεῖς,

466 4364 566 4407 sus
589 4364 791 4405 nomen
821 4346 1127 4404 secundum
1161 4346 1407 4419 primum
1444 4344 1813 4415 signiﬁcatum
1848 4344 1901 4399 in
1935 4360 2066 4416 pro-

2181 4356 2561 4431 προὸάλλεσθε.
2590 4356 2823 4428 Ἕψεται
2839 4357 2948 4428 γὰρ
2968 4356 3094 4427 ὑμῖν
3116 4358 3182 4410 ὲκ
3203 4356 3414 4422 τούτου,
3429 4356 3646 4430 πρῶτον
3662 4353 3759 4424 μὲν

464 4441 575 4513 prii
621 4439 896 4513 dogmatis
942 4439 1230 4495 subdolam
1296 4437 1549 4494 fraudem
1597 4447 2061 4508 assumpserunt,

2181 4448 2231 4503 τὸ
2276 4448 2475 4518 σοφοὺς
2525 4449 2623 4503 καὶ
2655 4448 2949 4520 είδήμονας
2985 4448 3311 4518 πεφηνέναι,
3343 4447 3540 4503 ἔπειτα
3580 4447 3638 4501 δὲ
3667 4443 3757 4499 καὶ

466 4533 702 4604 ideoque
728 4532 861 4586 illud
896 4531 1127 4602 rejieitis
1156 4530 1211 4586 in
1247 4530 1453 4586 unione
1475 4529 1674 4586 divina:
1699 4528 2065 4600 humanaeque

2181 4538 2230 4594 τὸ
2258 4514 2501 4610 ἀληθεῖς,
2533 4541 2590 4594 ὲν
2612 4533 2694 4603 οἷς
2725 4514 3104 4610 δογματίζετε,
3125 4514 3571 4609 διαγγέλλεσθαι.
3609 4539 3671 4592 Εἰ
3700 4535 3754 4589 δὲ

464 4637 679 4683 natura:
695 4625 863 4681 unius
882 4623 1102 4680 Domini
1138 4624 1312 4681 nostri
1333 4622 1462 4680 Jesu
1495 4622 1723 4686 Christi,
1760 4639 1907 4679 nunc
1933 4638 2059 4679 cum

2181 4631 2267 4686 καί
2304 4648 2450 4694 τινες
2481 4629 2592 4684 τῶν
2618 4630 3002 4702 αἱρετιζὼτων
3028 4633 3090 4686 τὸ
3123 4632 3224 4702 τῆς
3253 4630 3562 4704 συνδρομῆς
3590 4630 3753 4699 ὄνομα

465 4723 699 4777 alterum
731 4718 878 4776 illius
929 4719 1298 4791 signiﬁcatum
1332 4716 1828 4788 apprehenderitis,
1884 4717 2063 4786 deque

2181 4719 2313 4773 κατά
2358 4718 2418 4772 τὸ
2472 4719 2692 4791 πρῶτον
2730 4719 3135 4792 σημαινόμενον
3171 4718 3496 4785 ὲξελάϐοντο
3526 4721 3608 4782 είς
3656 4714 3751 4785 τὴν

464 4809 671 4869 unione
716 4808 940 4864 ﬁrmum
978 4807 1128 4864 illius
1171 4823 1237 4862 ac
1266 4808 1498 4878 ;cautum
1531 4807 1813 4874 callentes,
1840 4822 1964 4863 eum
2002 4806 2058 4861 in

2181 4807 2261 4862 τοῦ
2291 4805 2494 4862 οἰκείου
2515 4806 2787 4879 δόγματος
2815 4806 3173 4878 κακουργίαν,
3193 4807 3288 4862 καὶ
3313 4808 3404 4862 διὰ
3432 4806 3593 4861 τοῦτο
3617 4818 3750 4872 παρ·

466 4912 746 4974 posterum
792 4917 862 4957 ne
914 4900 1205 4973 negligatis
1242 4916 1256 4954 :
1299 4914 1480 4970 neque
1516 4899 1661 4956 enim
1698 4899 2060 4969 aequivocatio

2181 4894 2410 4949 ιιτεῖσθε
2446 4895 2620 4969 ταύτῃ
2652 4895 2746 4949 ἐπὶ
2783 4897 2851 4966 τῇ
2893 4896 3085 4949 ὲνὼσει
3106 4895 3205 4967 τῆς
3233 4894 3384 4960 θείας
3421 4894 3515 4949 καὶ
3543 4890 3747 4959 ἀνθρω-

464 5013 694 5063 eorum,
753 4997 847 5068 qui
904 5012 1010 5051 non
1066 4996 1140 5050 ita
1191 5008 1253 5049 se
1322 4993 1542 5059 habent,
1602 4985 1821 5063 proprie
1880 4993 1955 5048 ita
1999 5007 2060 5049 se

2181 4988 2333 5059 πίνης
2353 4986 2571 5057 φύσεως
2595 4987 2689 5042 τοῦ
2721 4988 2840 5053 ἐνὸς
2864 4988 3071 5060 Κυρίου
3098 4986 3257 5059 ἡμῶν
3286 4986 3464 5058 Ἰησοῦ
3491 4978 3743 5057 Χριστοῦ,

463 5091 724 5148 habentia
811 5088 1069 5145 destruit.
1147 5085 1378 5153 Quando
1433 5100 1566 5141 vero
1649 5084 1743 5139 uni
1820 5083 2056 5140 Domino

2181 5078 2262 5135 νῦν
2277 5081 2337 5134 τὸ
2352 5079 2607 5152 δεύτερον
2632 5079 3034 5153 σημαινόμενον
3049 5078 3254 5150 ταύτης
3271 5073 3758 5163 κατανενοηκότεςνυ

462 5193 659 5240 nostro
715 5184 845 5238 Jesu
910 5180 1134 5238 Christo
1188 5193 1383 5233 omnes
1422 5193 1532 5232 uno
1585 5191 1885 5241 consensu,
1934 5191 2057 5247 quae

2181 5177 2262 5230 ιαὶ
2289 5175 2350 5230 τὸ
2383 5177 2448 5230 ὲκ
2476 5175 2671 5230 τούτου
2712 5175 2954 5247 ἀσφαλὲς
2981 5175 3110 5247 περὶ
3134 5175 3232 5246 τὴν
3264 5175 3458 5230 ἕνωσιν
3499 5169 3742 5243 μεμαθη-

464 5274 523 5329 in
595 5271 892 5344 Evangelio
986 5271 1338 5332 referuntur,
1428 5269 1638 5339 deiecta
1724 5268 2056 5339 excelsaque

2181 5269 2344 5337 ιότες,
2362 5267 2455 5323 τοῦ
2479 5269 2668 5323 λοιποῦ
2691 5268 2896 5338 ταύτην
2917 5267 2993 5340 μὴ
3013 5266 3454 5339 άπαγορεύσητε.
3481 5263 3615 5318 Οὐδὲ
3637 5257 3739 5329 γὰρ

462 5365 804 5429 vindicatis,
881 5377 1150 5435 corporeo
1238 5362 1677 5433 incorporeoque
1765 5361 2049 5432 insepara-

2181 5360 2486 5432 ιυμαίνεται
2522 5361 2555 5432 ἡ
2603 5359 2895 5433 ὁμωνυμία
2923 5360 3032 5414 τῶν
3066 5358 3142 5431 μὴ
3179 5358 3352 5419 οὑτως
3388 5352 3734 5448 ὑπαρχόν-των

463 5458 645 5514 biliter
705 5456 1106 5528 inconfuseque
1176 5454 1234 5510 in
1293 5469 1359 5510 eo
1403 5453 1770 5521 conservatis,
1830 5455 2056 5511 cuinam

2181 5452 2230 5508 τὰ
2275 5452 2480 5524 κυρίως
2513 5452 2645 5506 ὄντα
2692 5453 3014 5524 πράγματα.
3056 5450 3275 5522 Ἐπειδὴ
3324 5449 3383 5503 δὲ
3430 5445 3522 5503 τοῦ
3579 5444 3734 5496 αὑτοῦ

465 5565 532 5606 ex
553 5552 791 5616 naturis,
821 5566 945 5622 quae
976 5550 1031 5604 in
1060 5564 1172 5604 uno
1197 5545 1420 5604 Christo
1445 5555 1822 5605 convenerunt
1842 5545 2055 5616 dejecta

2181 5546 2286 5609 ἐνὸς
2313 5546 2524 5617 Κυρίου
2563 5544 2726 5617 ήμῶν
2768 5544 2946 5617 Ἰησοῦ
2983 5542 3226 5616 Χριστοῦ
3260 5536 3405 5597 εἶναι
3433 5532 3732 5630 ὁμολογεῖτε

465 5642 785 5710 ascribetis,
827 5642 990 5714 quale
1020 5641 1153 5697 illud
1203 5638 1369 5696 fuerit
1402 5639 1670 5712 proﬁcere
1701 5646 1881 5708 aetate,
1906 5639 2054 5696 cola-

2181 5640 2224 5695 τά
2244 5640 2301 5693 ὲν
2318 5638 2632 5711 Εὐαγγελίῳ
2657 5639 2931 5711 φερόμενα
2957 5635 3188 5695 ταπεινά
3232 5650 3293 5689 τε
3319 5632 3414 5689 καὶ
3429 5625 3623 5701 ὑψηλὰ,
3644 5625 3733 5676 τοῦ

542 5819 588 5889 ‘9
624 5818 814 5876 Matth.
856 5836 937 5891 ιι,
968 5818 1022 5877 5.
