4064 6400
357 358 476 424 665

159 541 238 603 ξ-Ξξῇ

153 821 160 832 ‘
167 833 184 844 ι.

177 861 347 948 Ι

200 892 231 909 tu

203 948 417 1228 ,Ξ

411 1228 453 1263 οι

231 1228 453 1501 lt:

261 1501 450 1782 Ι

233 1782 454 2068 l

155 2163 415 2527 ι

362 563 696 634 ἀσυγχύτως
727 563 816 615 ἐπ’
870 564 1035 618 αὑτοῦ
1087 567 1532 640 φυλαττομένων,
1573 572 1802 643 πότερον
1831 563 1964 643 ποία

236 655 293 734 λ
363 659 485 713 τῶν
549 655 914 710 συνελθουσῶν
966 657 1181 726 φύσεων
1245 664 1302 714 ὲν
1355 661 1432 732 τῷ
1488 662 1570 716 ὲνὶ
1616 663 1840 734 Χριστῷ
1893 663 1963 716 τά

52 755 70 804 ἑ
371 747 607 803 ταπεινά
662 744 884 810 δώσετε,
913 750 978 818 τῇ
1015 748 1353 822 ἀνθρωπίνῃ,
1381 727 1508 822 τῇ
1544 727 1684 822 θείᾳ,
1713 727 1966 804 τουτέστι

167 830 340 911 ἴ
373 841 440 892 τὸ
472 837 796 910 προκόπτειν
820 838 1026 910 ἡλικίᾳ,
1068 841 1162 892 καὶ
1195 839 1254 893 τὸ
1278 840 1629 910 ῥαπίζεσθαι,
1658 841 1720 894 τὸ
1747 842 1966 911 δεσμεῖ-

377 931 526 996 σθαι,
558 931 618 984 τὸ
667 931 820 1001 ἥλοις
867 934 1297 1006 πεπερονῆσθαι,
1347 935 1406 988 τὺ
1446 936 1720 1001 τεθνάναι,
1753 938 1848 989 καὶ
1900 936 1968 990 τὰ

330 1018 632 1097 [τοιαύτη
663 1018 760 1088 Εἷς
796 1025 895 1095 μὲν
927 1026 1036 1096 γὰρ
1062 1027 1278 1097 ἀληθῶς
1307 1029 1399 1080 καὶ
1429 1029 1456 1080 6
1495 1030 1656 1093 αὑτός
1685 1033 1801 1083 ἐστι
1834 1031 1972 1093 Θεὸς

370 1119 473 1191 μαι
505 1117 809 1189 ἄνθρωπος,
841 1121 869 1172 ὁ
900 1118 1072 1173 ταῦτα
1104 1121 1541 1191 ὑπομεμενηκὼς
1572 1139 1586 1154 ·
1647 1123 1764 1180 ἀλλ’
1795 1125 1971 1187 οὐδεὶς

411 1210 507 1264 οὖν
530 1210 670 1281 ἔχων
691 1211 834 1264 κατά
866 1211 966 1283 τὴν
1000 1211 1190 1282 θεῖκὴν
1217 1209 1390 1266 ταῦτα
1422 1215 1832 1285 ὑπομενηκέναι
1871 1215 1969 1285 φύ-

418 1319 467 1354 ιεν
512 1303 644 1370 ἐρεῖ.
691 1301 934 1372 Ἀπαθὴς
962 1303 1132 1374 γὰρὴ
1189 1303 1309 1358 θεία
1347 1304 1530 1373 φύσις,
1558 1305 1653 1358 καὶ
1693 1306 1972 1374 αὐξήσεως

453 1395 760 1458 επίδεκτος.
798 1396 990 1466 Ὅμως
1017 1413 1080 1464 γε
1113 1397 1348 1451 πέπονθε
1383 1398 1556 1452 ταῦτα
1599 1401 1625 1451 ὅ
1659 1399 1818 1463 αὑτὸς
1857 1399 1969 1452 Κύ-

441 1504 498 1550 ος
533 1486 773 1551 ἀληθῶς.
801 1483 930 1557 'Ap’
955 1487 1048 1541 οὑν
1073 1488 1193 1559 οὑχὶ
1229 1490 1322 1544 καὶ
1353 1491 1507 1544 αὑτοὶ
1535 1493 1584 1544 οί
1603 1492 1738 1545 λίθοι
1769 1493 1975 1564 κεκρά-

425 1596 590 1657 ρνται,
623 1580 727 1634 κᾶν
757 1581 917 1650 ὑμεῖς
957 1583 1246 1652 σιγὴσησε,
1277 1585 1358 1638 ὅτι
1388 1585 1530 1640 κατά
1556 1585 1656 1657 τὴν
1700 1586 1978 1656 ἀνθρωπί-

452 1692 480 1726 ν
510 1671 680 1725 αὑτοῦ
719 1671 895 1726 ταῦτα
927 1671 1088 1742 φύσιν
1120 1674 1328 1745 ὑπέστη
1361 1677 1388 1728 6
1418 1677 1625 1738 τέλειος
1647 1679 1703 1731 ὲν
1739 1677 1976 1745 θεότητι,

426 1765 478 1818 αἰ
506 1765 711 1828 τέλειος
748 1766 806 1818 ὲν
841 1766 1248 1840 ἀνθρωπότητι,
1282 1763 1360 1834 εἷς
1397 1770 1600 1842 Κύριος
1639 1773 1883 1842 Ἰησοῦς;
1915 1773 1978 1826 Ei

411 1950 540 2020 ἧλον
561 1953 641 2004 ὅτι
684 1951 741 2005 ὲν
770 1950 864 2005 δύο
895 1952 1091 2021 φύσεσι
1118 1953 1406 2025 θεωρεῖται
1433 1955 1460 2008 6
1495 1952 1577 2021 είς
1594 1956 1671 2026 τῷ
1702 1957 1982 2029 προσώπῳ

425 2047 485 2097 αὶ
537 2047 602 2116 τῇ
658 2045 957 2101 ὑποστάσει
989 2047 1196 2118 Κύριος
1243 2039 1406 2119 ’ἡμῶν
1466 2049 1675 2120 Ἰησοῦς
1719 2052 1978 2122 Χριστός.

388 2138 495 2201 Ti;
530 2138 585 2190 δὲ
632 2139 775 2193 κατὰ
800 2139 894 2192 τοῦ
952 2141 1249 2212 Νεστορίου
1295 2142 1390 2196 τοῦ
1419 2143 1695 2214 ὲπαράτου
1744 2144 1982 2215 μέμψεις

382 2229 510 2284 καθ’
555 2230 712 2300 ήμῶν
753 2233 865 2286 τῶν
912 2232 971 2286 ἓν
1022 2234 1317 2304 πρόσωπον
1364 2237 1458 2289 καὶ
1497 2236 1626 2306 μίαν
1681 2237 1980 2292 ὑπόστασιν

419 2321 605 2377 ἰδότων
645 2325 702 2376 ὲν
723 2323 801 2394 τῷ
841 2325 921 2378 ἑνὶ
949 2325 1175 2397 Χριστῷ
1221 2327 1298 2398 τῷ
1349 2327 1470 2398 Θεῷ
1517 2329 1696 2398 ἡμῶν,
1727 2331 1980 2399 ἀφρόνως

378 2414 778 2483 ἐπιφημίζετε.
813 2413 1007 2486 Ἡμεῖς
1035 2417 1144 2488 γὰρ
1173 2417 1273 2489 τὴν
1303 2418 1428 2472 καθ’
1458 2419 1759 2474 ὑπόστασιν
1783 2420 1979 2472 ’ἐνωσιν

377 2507 447 2558 ὲν
482 2504 559 2576 τῷ
600 2506 822 2578 Χριστῷ
853 2508 1245 2578 ὁμολογοῦντες
1271 2551 1286 2577 ,
1343 2511 1437 2564 καὶ
1486 2510 1545 2564 ἓν
1595 2511 1760 2564 αὑτοῦ
1807 2512 1980 2578 πρόσ-

377 2615 533 2651 ωπον
562 2599 655 2653 καὶ
689 2599 818 2670 μίαν
867 2600 1167 2654 ὑπόστασιν
1210 2602 1348 2673 μετὰ
1384 2601 1480 2673 τὴν
1504 2602 1698 2657 ἕνωσιν
1724 2603 1978 2669 δοξάζον-

377 2707 500 2754 τες,
527 2691 621 2744 καὶ
666 2692 763 2760 τὴν
801 2693 860 2745 ὲν
901 2694 1102 2764 γαστρὶ
1149 2695 1249 2765 τῆς
1295 2695 1662 2768 ἀειπαροένου
1700 2699 1978 2766 σκήνωσιν

379 2780 790 2850 ἁνυμνοῦντες,
847 2785 942 2837 καὶ
992 2783 1090 2854 τὴν
1134 2786 1302 2840 αὑτοῦ
1357 2787 1701 2859 πανάμωμον
1739 2789 1974 2860 Μητέρα

377 2871 646 2926 Θεοτόκον
707 2874 913 2945 κυρίως
961 2876 1330 2943 δοξάζοντες,-
1369 2879 1464 2932 καὶ
1511 2880 1606 2933 ἕνα
1669 2881 1761 2934 τὸν
1814 2883 1977 2936 αὑτὸν

382 2964 518 3018 Υίδν
557 2964 650 3018 τοῦ
675 2965 812 3020 Θεοῦ
841 2969 935 3021 καὶ
966 2969 1094 3022 Υίὸν
1123 2970 1221 3041 τῆς
1255 2971 1536 3040 Παρθένου
1562 2972 1974 3042 ὁμολογοῦντες,

378 3046 464 3108 ὧν
500 3054 759 3110 ἁπάντων
792 3057 948 3110 οὑδὲν
984 3061 1011 3112 6
1045 3061 1276 3129 μάταιος
1318 3061 1528 3125 ἐκεῖνος
1575 3063 1972 3133 καθωμολόγει,

379 3143 506 3208 πῶς
542 3147 641 3214 τῆς
665 3144 834 3217 αὑτῆς
858 3146 1009 3216 αὑτῷ
1040 3148 1301 3219 μέμψεως
1323 3148 1646 3220 κριθείημεν
1671 3150 1812 3215 ἄξιοι
1846 3153 1974 3222 παρ’

380 3236 572 3307 ὕμῶν;
608 3239 658 3290 εί
690 3239 843 3311 μήτι
874 3241 982 3311 ἄρα
1016 3242 1107 3295 τὸν
1142 3243 1270 3313 ὑμῖν
1296 3243 1676 3314 ἐφαρμόζοντα
1696 3243 1864 3314 ψόγον
1893 3245 1984 3300 διὰ

381 3325 485 3395 τὴν
520 3326 578 3392 ἐξ
614 3326 890 3398 ἀμαθείας
941 3329 1035 3383 τοῦ
1069 3329 1232 3402 ὀρθοῦ
1281 3332 1555 3402 δόγματος
1606 3335 1979 3406 παρατροπὴν

382 3415 694 3488 ἀποτρέψαι
734 3417 1072 3490 βουλόμενοι,
1099 3421 1190 3474 διὰ
1203 3425 1302 3494 τῆς
1324 3423 1448 3477 καθ’
1479 3423 1637 3494 ἡμῶν
1666 3424 1772 3478 τῶν
1804 3425 1982 3497 ὀρθῶς

386 3508 734 3578 φρονούντων
781 3509 980 3579 ἀλόγου
1035 3511 1292 3583 διαϐολῆς
1338 3514 1498 3568 τοῦτο
1547 3517 1723 3568 ποιεῖν
1785 3533 1981 3586 προαι-

387 3598 593 3670 ρετσθε.
652 3600 718 3654 Ἦ
748 3601 806 3655 δὲ
855 3602 977 3656 καθ’
1013 3604 1162 3675 ἡμᾶς
1191 3603 1498 3676 ,ἀμώμητος
1531 3607 1628 3660 καὶ
1657 3607 1982 3680 ἀδιάϐλητος

386 3687 538 3755 δόξα,
569 3689 702 3760 περί
747 3708 807 3744 τε
850 3693 950 3762 τῆς
1001 3695 1148 3749 κατά
1197 3695 1296 3767 τὴν
1347 3697 1509 3765 ἁγίαν
1545 3698 1752 3770 Τριάδα
1803 3699 1984 3755 θεολο-

388 3778 540 3847 γίας,
572 3782 702 3853 περί
741 3800 802 3836 τε
848 3785 948 3855 τῆς
997 3785 1141 3839 κατά
1191 3787 1290 3858 τὴν
1339 3787 1610 3862 ἔνσαρκον
1667 3791 1984 3863 οἰκονομίαν

386 3870 488 3926 τοῦ
519 3872 651 3927 Υίοῦ
677 3874 773 3929 τοῦ
805 3876 1290 3949 Θεοῦζόρθοτομίας
1317 3881 1382 3935 ἐκ
1404 3881 1500 3934 τοῦ
1532 3882 1662 3954 παρ’
1679 3884 1835 3955 ἡμῶν
1859 3886 1977 3957 ὁμοι

386 3960 725 4036 λογουμένου
752 3966 1049 4039 ίερωτάτου
1078 3969 1174 4022 καὶ
1203 3968 1349 4023 θείου
1381 3970 1652 4041 συμϐόλου
1685 3972 1983 4041 δείκνυται,

389 4058 708 4128 ἀρξαμένου
742 4061 841 4131 μὲν
875 4062 984 4116 ἀπὸ
1017 4063 1127 4117 τῶν
1166 4063 1494 4135 τριακοσίων
1532 4065 1666 4120 δέκα
1690 4067 1785 4121 καὶ
1838 4067 1986 4122 ὀκτὼ

393 4151 571 4216 ἁγίων
592 4153 693 4223 τῆς
727 4155 785 4206 ὲν
808 4155 1016 4228 Νικαίᾳ
1053 4157 1275 4211 συνόδου
1305 4159 1591 4231 Πατέρων,
1630 4162 1725 4216 καὶ
1757 4161 1846 4216 διὰ
1877 4164 1989 4218 τῶν

391 4241 607 4298 λοιπῶν
642 4244 818 4314 ἁγίων
848 4265 905 4300 τε
948 4248 1044 4302 καὶ
1079 4250 1478 4321 οίκουμενικῶν
1525 4251 1585 4316 ἒξ
1627 4253 1864 4308 συνόδων
1895 4256 1988 4326 βε-

52 4395 62 4506 i
395 4395 600 4499 μέτρόυ
626 4472 641 4498 ,
673 4395 809 4488 ἐπεὶ⁵
831 4435 926 4488 καὶ
951 4395 1112 4508 κόρος
1135 4437 1298 4508 λόγου
1321 4395 1583 4511 πολέμιος

1304 359 1742 425 REFUTATIO
1781 364 2262 429 MOHAMEDIS.
2292 392 2361 404 —
2393 370 2776 434 MONITUM.

358 489 427 524 τε
463 467 718 539 σώματος
762 467 856 522 καὶ
896 468 990 523 1:06
1025 472 1324 544 ἀσωμάτου
1377 477 1833 548 ἀπαρασπάστως
1879 479 1974 533 καὶ

2085 483 2199 549 phis
2236 484 2391 550 credi,
2441 486 2678 540 vinculis
2726 484 2962 556 alligari,
2995 484 3165 541 clavis
3201 487 3473 558 transﬁgi,
3502 494 3667 546 mori»

2072 583 2125 626 et
2148 573 2388 628 similia?
2417 575 2693 636 humanm,
2723 591 2791 630 an
2819 576 3052 631 divina}?
3086 575 3235 632 Unus
3255 578 3398 632 enim
3427 588 3512 635 est
3543 597 3670 636 vere

3565 376 3670 440 666

2076 665 2330 736 idemque
2379 666 2524 723 Deus
2573 677 2629 722 et
2679 669 2866 734 homo,
2927 669 3022 737 qui
3097 670 3186 724 illa
3233 672 3514 728 sustinuit.
3557 675 3667 728 Sed

2077 775 2260 826 nemo,
2280 761 2580 816 dummodo
2604 777 2700 816 eor
2731 763 2950 829 habeat,
2985 763 3282 818 secundum
3313 765 3552 819 divinam
3580 767 3669 821 illa

2077 855 2341 910 tolerasse
2399 867 2652 910 naturam
2699 856 2848 910 dicet
2876 875 2889 910 :
2917 873 3095 926 neque
3128 859 3274 912 enim
3316 860 3670 926 passiouibus

2077 949 2309 1004 obnoxia
2362 962 2444 1002 est
2469 949 2652 1003 divina
2707 959 2923 1012 natura,
2971 960 3024 1006 et
3078 966 3250 1021 capax
3289 951 3609 1005 incrementi
3651 971 3665 1006 :

2080 1041 2438 1096 nihilominus
2487 1057 2548 1095 ea
2586 1057 2714 1095 vere
2762 1058 3055 1111 perpessus
3090 1055 3173 1097 est
3204 1043 3345 1096 idem
3383 1041 3670 1097 Dominus.

2079 1135 2276 1187 Annon
2303 1133 2466 1204 igitur
2502 1149 2632 1188 saxa
2685 1133 2803 1203 ipsa
2837 1135 3178 1198 clamabunt,
3216 1135 3432 1189 etiamsi
3461 1151 3557 1188 vos
3591 1145 3674 1188 ta-

2081 1227 2323 1290 cueritis,
2356 1227 2658 1282 secundum
2699 1229 2994 1281 humanam
3047 1229 3220 1297 ipsius
3253 1237 3504 1282 naturam
3559 1228 3674 1283 haec

2083 1319 2337 1383 Subiisse,
2374 1318 2672 1389 perfectum
2713 1321 2769 1374 in
2805 1320 3025 1383 deitate,
3059 1332 3112 1374 et
3157 1320 3454 1389 perfectum
3481 1321 3534 1374 in
3573 1321 3676 1373 bu-

2083 1411 2350 1464 manitate
2403 1427 2572 1465 unum
2619 1410 2912 1465 Dominum
2945 1410 3130 1466 Jesum
3163 1413 3186 1466 ?
3218 1412 3372 1478 Quod
3407 1413 3448 1466 si
3483 1429 3679 1467 secun-

2084 1505 2212 1556 dum
2249 1503 2548 1556 humanam
2579 1503 2752 1571 ipsius
2779 1514 3030 1556 naturam
3088 1504 3178 1557 illa
3210 1519 3408 1572 passus
3437 1505 3675 1573 est,jam

2086 1595 2268 1663 palam
2308 1603 2393 1649 est
2443 1595 2496 1648 in
2534 1593 2750 1650 duabus
2799 1595 3014 1651 naturis
3059 1611 3179 1651 esse
3210 1613 3380 1652 unum
3413 1613 3672 1666 persona,

2085 1696 2139 1741 et
2187 1687 2472 1757 bypostasi
2515 1685 2808 1740 Dominum
2846 1698 3096 1742 nostrum
3142 1686 3327 1744 Iesum
3361 1689 3673 1754 Christum,

2089 1791 2140 1835 et
2172 1779 2493 1834 exsecrandi
2520 1777 2754 1834 Nestorii
2791 1781 3058 1836 adversus
3092 1797 3213 1845 nos,
3245 1781 3338 1850 qui
3366 1797 3528 1834 unam
3555 1797 3682 1851 por-

410 1841 441 1940 β
483 1857 624 1913 κατά
679 1858 1031 1931 ἀνθρωπίνην
1093 1861 1262 1915 αὑτοῦ
1307 1841 1497 1918 ταῦτα
1533 1841 1711 1934 φύσιν
1749 1867 1978 1936 ὑπέστη,

2091 1887 2282 1926 sonam
2338 1879 2393 1925 et
2453 1885 2621 1925 uuam
2671 1869 3009 1940 hyposmsim
3073 1871 3401 1923 conlitemur
3455 1872 3506 1924 iu
3569 1885 3680 1923 uno

2090 1963 2313 2020 Christo
2355 1963 2466 2017 Deo
2517 1968 2730 2021 nostro,
2783 1959 3200 2016 criminationes
3241 1959 3562 2028 insipienter
3594 1960 3681 2012 in—

2091 2055 2356 2126 torqueri.
2405 2053 2520 2109 Nos
2577 2053 2802 2116 ctenim,
2844 2051 2939 2122 qui
2984 2049 3286 2105 secundum
3339 2051 3680 2120 hypostasim

2089 2147 2352 2201 unionem
2402 2144 2456 2198 in
2518 2141 2742 2199 Christo
2794 2141 3142 2208 conﬁtemur,
3184 2150 3237 2197 et
3287 2157 3454 2196 unam
3508 2143 3683 2210 ipsius

2089 2251 2381 2307 personam
2439 2242 2494 2289 et
2528 2249 2693 2288 unam
2721 2233 3061 2304 hypostasim
3090 2245 3213 2303 post
3237 2234 3491 2286 unionem
3527 2239 3684 2287 tene-

2087 2343 2234 2392 mus,
2270 2336 2324 2383 et
2348 2328 2401 2382 in
2434 2335 2592 2381 utero
2627 2341 2843 2395 semper
2872 2325 3099 2395 virginis
3146 2324 3540 2378 habitationem
3593 2338 3684 2377 ce-

2086 2417 2460 2481 lebramus,et
2483 2415 2658 2486 ipsius
2687 2414 2914 2469 Matrem
2947 2414 3356 2468 immaculatam
3389 2413 3678 2480 Deiparam

2087 2510 2309 2578 proprie
2345 2507 2736 2577 pradicamus,
2780 2516 2835 2562 et
2877 2522 3048 2560 unum
3083 2504 3447 2573 eumdemque
3479 2503 3680 2557 Filium

2088 2601 2183 2657 Dei
2233 2611 2286 2656 et
2323 2601 2517 2655 Filium
2552 2599 2796 2670 Virginis
2822 2599 3145 2663 astruimus,
3173 2613 3240 2652 ex
3271 2598 3474 2668 quibus
3501 2597 3686 2651 omni-

2083 2694 2188 2749 bus
2206 2693 2340 2747 nihil
2367 2692 2632 2763 insipiens
2650 2692 2740 2746 ille
2789 2691 3160 2756 asseverabat,
3185 2691 3462 2760 quomodo
3490 2690 3682 2743 eadem

2085 2797 2249 2857 atque
2290 2787 2381 2842 ille
2411 2785 2797 2842 criminatione
2853 2796 3094 2855 nemque
3155 2801 3185 2838 a
3244 2784 3406 2838 vobis
3481 2783 3686 2836 merito

2085 2877 2619 2942 condemnabimur,
2669 2875 2777 2930 nisi
2818 2875 3316 2946 vituperationem,
3361 2889 3526 2943 quam
3587 2887 3688 2926 vos

2086 2980 2309 3043 propter
2370 2970 2773 3039 ignorationem
2830 2981 2886 3024 et
2925 2985 2956 3024 a
2999 2976 3151 3022 recto
3183 2969 3436 3035 dogmate
3464 2965 3690 3019 aberra-

2085 3066 2288 3120 tionem
2349 3062 2782 3126 commeruistis,
2837 3072 3084 3116 avertere
3127 3059 3556 3121 contendentes,
3591 3072 3691 3125 per

2087 3156 2530 3213 irrationabilcm
2562 3155 2896 3212 calumniam
2953 3153 3006 3208 in
3041 3169 3167 3218 nos,
3199 3152 3294 3222 qui
3323 3151 3493 3222 probe
3517 3150 3690 3205 sentis

2090 3266 2234 3313 mus,
2267 3247 2520 3304 conferre
2547 3245 2830 3303 studetis?
2860 3244 3251 3300 Verumtamen
3282 3251 3471 3298 nostra
3506 3241 3688 3295 incul-

2089 3355 2215 3415 pata
2243 3342 2574 3412 innoxiaque
2615 3339 2803 3411 opinio
2846 3348 2960 3394 tum
2990 3340 3058 3394 de
3099 3353 3253 3393 sacra
3281 3336 3498 3391 Triadis
3532 3336 3689 3389 theo-

2090 3437 2255 3506 logia,
2315 3443 2430 3489 tum
2473 3434 2540 3489 de
2593 3432 2996 3488 incarnationis
3050 3429 3372 3486 meonomiae
3417 3427 3535 3482 Filii
3591 3427 3689 3483 Dei

2091 3525 2418 3582 rectitudine
2487 3540 2554 3580 ex
2631 3534 2987 3580 sacrosancto
3057 3524 3353 3593 divinoque
3418 3522 3690 3593 symbolo,

2091 3617 2237 3686 quod
2263 3629 2364 3670 nos
2384 3614 2733 3686 proﬁtemur,
2755 3613 3069 3684 incepitque
3094 3628 3122 3665 a
3157 3621 3238 3667 ter
3256 3620 3478 3667 centum
3503 3612 3692 3666 decem

2089 3719 2145 3764 et
2174 3719 2298 3765 octo
2325 3708 2533 3764 sanctis
2561 3706 2842 3772 Patribus,
2862 3707 2934 3761 -in
2964 3706 3182 3761 Nicana
3217 3706 3429 3776 synodo
3460 3721 3694 3774 congre-

2095 3801 2258 3872 gatis,
2286 3810 2342 3856 et
2379 3816 2410 3855 a
2443 3800 2674 3870 reliquis
2705 3800 2914 3856 sanctis
2943 3815 3037 3855 sex
3068 3798 3425 3872 oecumenicis
3466 3797 3696 3868 synodis

2086 3893 2515 3958 constabilitur,’
2544 3892 2655 3947 nisi
2701 3893 2754 3946 id
2803 3891 2970 3948 etiam
3037 3905 3132 3946 vos
3172 3905 3268 3960 per
3311 3892 3690 3959 importunam

2087 3984 2384 4040 amentiam
2431 3985 2576 4039 haud
2620 3992 2766 4040 recte
2821 3984 3214 4053 intelligentes,
3248 3981 3536 4036 criminari
3581 3996 3690 4034 non

2087 4075 2378 4146 veremini,
2426 4077 2536 4132 late
2592 4087 2952 4147 patenterque
3001 4076 3433 4132 demonstratur.
3472 4073 3536 4129 Et
3580 4075 3696 4128 bare

2090 4167 2311 4237 quidem
2344 4168 2469 4239 plus
2502 4170 2639 4226 satis
2682 4170 2813 4237 sint,
2857 4177 2912 4225 et
2950 4177 3148 4240 praeter
3177 4182 3492 4223 mensuram
3522 4206 3536 4232 ,
3565 4181 3693 4221 cum

2094 4271 2153 4316 et
2176 4262 2453 4318 sermonis
2483 4263 2711 4319 satietas
2739 4263 2969 4318 auribus
3000 4263 3342 4316 adversetur.

391 4333 742 4404 σαιουμένου,
773 4333 916 4409 ἦπου
947 4341 1056 4412 ἄρα
1086 4341 1179 4396 καὶ
1208 4340 1365 4396 τοῦτο
1388 4343 1576 4409 κακῶς
1595 4345 1754 4416 ὑμεῖς
1789 4347 2038 4416 νοοῦντες
2086 4351 2345 4425 διασύραι
2398 4355 2715 4427 πειράσετε.
2775 4357 2887 4411 καὶ
2955 4355 3132 4410 ταῦτα
3194 4355 3292 4425 μὲν
3373 4352 3520 4424 πέρα
3595 4349 3694 4404 τοῦ

423 4593 3692 4650 Wa

1007 4769 1104 4828 DE
1177 4770 1563 4844 SEQUENTI
1619 4774 1920 4836 NIC‘ETzE
1959 4775 2374 4838 BYZANTINI
2405 4775 2654 4838 OPERE
2687 4774 3082 4837 MONITUM.

247 5338 553 5687 Υ⁴

5 5687 520 6266 ,

1241 4919 1402 4992 (Ang.
1439 4920 1568 4988 ΜΑι,
1615 4922 1944 4980 Bibliotheca
1983 4942 2120 4982 nova
2149 4924 2462 4994 Patrum,t.
2497 4925 2590 4993 IV,
2623 4941 2680 4998 p.
2703 4922 2863 4993 521.)

494 5211 808 5274 Fridericus
840 5219 1166 5295 Sylburgius
1202 5225 1255 5279 in
1279 5223 1600 5296 praal’atione
1631 5224 1796 5281 libelli
1826 5225 1934 5290 sui,
1983 5239 2148 5294 quem
2183 5224 2513 5280 Saracenica
2546 5223 2850 5294 inscripsit,
2875 5220 3158 5292 ediditqne
3209 5233 3356 5274 anno
3410 5217 3572 5280 1595,
3610 5217 3692 5270 sic

396 5303 594 5383 scribit
624 5324 638 5360 :
687 5326 706 5359 ι
734 5306 922 5365 Roma:
953 5313 1008 5367 in
1046 5312 1307 5368 Vaticana
1350 5313 1682 5370 bibliotheca
1711 5323 1931 5368 exstare
1961 5312 2161 5367 dicitur
2183 5312 2386 5368 Nieeta:
2418 5311 2702 5383 Byzantini
2732 5309 3044 5380 phil030phi
3079 5316 3268 5362 contra
3297 5303 3683 5359 Moltamedem

485 5406 562 5457 cr,
600 5403 655 5449 et
680 5397 925 5465 epistolae
952 5399 1021 5455 ab
1039 5401 1310 5472 Agarenis
1343 5401 1529 5457 missa‘.
1558 5401 1890 5467 confutatio,
1922 5402 1988 5455 ad
2023 5400 2346 5456 Michaelem
2381 5399 2670 5470 Theophili
2705 5400 2900 5464 tilium,
2939 5399 3074 5468 imp.
3111 5391 3685 5460 Constantinopolita-

552 5520 565 5533 .
605 5482 710 5539 Sed
740 5487 1003 5555 quoniam
1038 5503 1218 5559 neque
1243 5489 1391 5544 illius
1427 5504 1604 5556 neque
1637 5489 1804 5559 hujus
1835 5490 2171 5558 exemplaria
2223 5489 2411 5545 Grzeea
2467 5488 2714 5543 nancisci
2758 5487 2918 5542 nobis
2951 5486 3127 5546 licuit,
3165 5484 3271 5537 alia
3299 5496 3490 5536 eorum
3525 5479 3687 5532 cden~

553 5587 600 5623 m
636 5577 1006 5643 exspectanda
1047 5576 1152 5630 fuit
1182 5579 1428 5632 occasio.
1469 5596 1486 5628 ι
1517 5575 1688 5632 Vides
1719 5592 1892 5632 annos
1921 5576 2030 5631 250
2055 5585 2106 5630 ct
2129 5577 2369 5646 amplius
2395 5574 2672 5631 ellluxisse
2705 5590 2768 5628 ex
2794 5589 2906 5644 quo
2942 5571 3291 5644 Sylburgius,
3332 5567 3479 5620 facto
3528 5563 3682 5618 Vatis

517 5654 758 5716 icodicis
794 5661 1021 5727 indicio,
1060 5665 1270 5734 Optavit
1301 5665 1452 5720 hunc
1481 5665 1843 5737 Byzantinum
1875 5663 2123 5720 Nicetam
2174 5667 2357 5729 edere,
2391 5679 2555 5734 quem
2597 5678 2700 5718 nos
2736 5663 2956 5717 demum
2994 5668 3118 5730 post
3171 5666 3382 5711 tantam
3422 5654 3692 5723 temporis

524 5749 871 5817 rcapedinem
902 5751 955 5804 in
985 5752 1374 5822 sempiternam
1409 5754 1587 5810 lucem
1617 5755 2013 5825 protrahimus.
2049 5755 2358 5826 Caeteroqui
2395 5755 2668 5828 Sylburgii
2707 5754 2938 5812 dictum,
2976 5761 3034 5806 ut
3075 5751 3135 5804 lit
3169 5749 3222 5804 in
3253 5749 3420 5803 rebus
3455 5743 3697 5800 absenti-

485 5832 530 5898 ε,
565 5847 671 5890 non
700 5844 785 5894 est
809 5838 1050 5910 undique
1085 5849 1345 5898 exactum
1383 5861 1396 5897 :
1426 5858 1554 5899 nam
1581 5857 1690 5900 non
1720 5860 1851 5913 una,
1882 5842 1981 5902 sed
2007 5845 2126 5902 dua:
2149 5857 2276 5903 sunt
2303 5846 2687 5918 Agztrcnorum
2717 5842 2992 5914 epistolae,
3027 5840 3236 5912 basque
3265 5838 3336 5895 ad
3367 5832 3689 5892 Michaclelll
