4064 6382
483 327 587 390 667
1753 331 2045 393 NICET/E
2077 334 2487 397 BYZANTINI
3649 330 3761 395 668

484 441 621 512 imp.
662 437 858 496 missas
897 439 1087 496 titulus
1119 440 1284 508 dicit,
1319 459 1429 499 non
1461 454 1643 502 autem
1671 447 1878 505 diserte
1911 452 2057 522 quod
2085 451 2308 510 Nicetas
2348 455 2594 525 ipsarum
2628 452 3018 510 refutationem
3051 450 3119 508 ad
3159 451 3479 509 Michaelem
3509 451 3756 521 scripse-

487 531 578 583 rit.
614 527 888 584 Decennio
915 537 1040 598 post
1073 528 1428 603 Sylburgium
1458 535 1588 590 Ant.
1620 537 1955 595 Possevinus
1987 541 2040 595 in
2090 543 2402 612 Apparatus
2432 543 2683 612 principe
2733 541 2974 598 editione
3032 540 3238 597 Veneta
3265 549 3307 596 t.
3345 540 3410 609 ll,
3452 555 3509 612 p.
3544 541 3673 606 477,
3699 553 3758 599 et

484 626 524 672 ι.
559 616 650 683 ill,
684 617 738 671 in
766 619 999 690 catalog.
1027 635 1080 690 p.
1115 621 1201 686 16,
1234 623 1535 691 pleniorem
1568 633 1623 680 et
1670 629 2074 684 accuratiorem
2110 633 2296 702 operis
2343 630 2616 688 Nicetiaui
2672 631 2890 687 titulum
2943 631 3216 698 recitavit,
3262 640 3491 686 eatenus
3542 639 3755 686 tantum

483 706 770 771 mendose,
803 718 1079 777 quatenus
1111 725 1209 780 pro
1244 710 1516 781 Theophili
1545 722 1778 781 utroque
1813 715 1869 770 in
1900 717 2022 773 loco
2068 721 2293 791 scripsit
2340 720 2740 795 Theophylacti.
2781 721 3066 791 Reliquos,
3093 721 3188 791 qui
3217 736 3283 776 ex
3309 719 3590 788 praedictis
3613 721 3757 776 hau-

483 808 626 859 sere,
659 797 1018 863 praetermitto
1044 798 1481 870 bibliographos,
1516 814 1744 874 excepto
1773 812 1958 861 tamen
2003 807 2186 866 Leone
2222 811 2446 878 Allatio,
2481 812 2576 882 qui
2616 813 2670 867 in
2700 811 2851 868 calce
2889 812 3090 882 prioris
3122 811 3254 865 tomi
3279 809 3500 865 erciw
3559 811 3750 863 ortho-

483 881 640 936 doxa:
672 883 876 939 diserte
913 888 1195 942 contendit
1221 887 1466 944 Nicetam
1498 891 1646 946 hunc
1676 891 2037 964 Byzantinum
2080 900 2334 954 eumdem
2367 881 2513 963 esse,
2547 899 2642 966 qui
2681 909 2736 954 et
2793 881 3016 955 Nicetas
3060 899 3254 963 David,
3281 907 3336 953 et
3365 898 3666 969 Paphlago,
3700 907 3758 953 et

486 969 862 1042 Dadybrorum
899 973 1064 1027 etiam
1093 974 1406 1045 episcopus,
1435 978 1766 1048 appellatur.
1803 1000 1822 1033 ι
1863 980 2098 1054 Floruit,
2120 986 2317 1058 inquit,
2350 987 2657 1054 Michaelis,
2685 987 2870 1042 Basilii
2904 997 2958 1042 et
2987 986 3229 1053 Leonis,‘
3257 989 3427 1058 impp.
3476 996 3658 1051 aetate,
3699 995 3761 1041 ut

484 1059 760 1130 colligitur
793 1077 856 1116 ex
908 1064 1179 1132 prooemio
1241 1063 1366 1119 vitae
1423 1064 1484 1121 S.
1541 1065 1734 1138 lgnatii
1775 1071 2122 1140 patriarchae,
2163 1088 2328 1142 quam
2386 1072 2477 1127 ille
2536 1087 2717 1142 neque
2763 1071 2980 1127 indocte
3018 1085 3192 1142 neque
3248 1072 3584 1142 ineleganter
3620 1086 3760 1126 con-

481 1149 748 1214 cinnavit,
774 1159 827 1205 et
855 1151 980 1206 aliis
1020 1151 1269 1219 ejusdem
1306 1153 1527 1224 scriptis
1557 1170 1572 1209 :
1613 1175 1633 1208 ι
1671 1171 1781 1226 quo
1806 1169 2090 1230 postremo
2110 1160 2258 1215 dicto
2283 1160 2629 1232 (descriptis
2653 1169 2867 1216 aetatem
2894 1158 3097 1216 Nicetze
3117 1160 3575 1230 designantihus)
3603 1160 3762 1213 intel-

481 1237 576 1307 ligi
614 1237 682 1291 ab
716 1238 913 1292 Allatio
945 1248 1075 1308 puto
1109 1238 1496 1296 refutationem
1524 1246 1824 1308 praesertim
1853 1261 2020 1315 quam
2047 1245 2176 1301 fecit
2199 1243 2417 1299 Nicetas
2438 1254 2624 1300 noster
2646 1245 3004 1316 epistolarum
3030 1243 3098 1298 ab
3123 1243 3388 1314 Agarenis
3421 1244 3486 1298 ad
3516 1244 3762 1298 Michae-

485 1325 591 1378 lcm
628 1326 764 1395 imp.
799 1327 1325 1398 missarum.Pergit
1363 1330 1436 1383 ibi
1471 1331 1705 1387 Allatius
1741 1321 1954 1389 Nicette
1996 1336 2199 1404 scripta
2254 1349 2564 1398 recensere,
2633 1349 2868 1402 quorum
2919 1347 3091 1402 prope
3137 1341 3378 1386 extrema
3427 1333 3581 1402 ponit
3641 1334 3766 1388 lucc

481 1412 746 1468 adversus
773 1413 1147 1468 Mohamedem
1184 1425 1236 1471 et
1265 1417 1548 1487 Agarenos
1581 1420 1780 1476 dictata
1810 1439 1824 1488 ;
1871 1437 2048 1491 neque
2083 1431 2266 1476 tamen
2308 1421 2552 1475 codicem
2600 1420 2942 1483 Vaticanum,
2979 1419 3072 1488 qui
3099 1435 3163 1474 ea
3211 1419 3473 1482 continet,
3509 1420 3765 1474 nominat

481 1510 574 1554 aut
601 1517 660 1556 se
695 1503 913 1558 novisse
942 1491 1305 1562 demonstrat.
1342 1507 1547 1563 Habuit
1577 1525 1709 1565 sane
1759 1510 1996 1567 Allatius
2039 1510 2185 1566 aliud
2216 1507 2420 1563 Nicette
2452 1508 2732 1578 egregium
2765 1507 3091 1578 opusculum
3125 1523 3225 1577 pro
3256 1507 3491 1561 concilio
3529 1506 3765 1562 Chalce-

480 1589 709 1643 doneusi
741 1591 807 1644 ad
836 1588 1110 1647 Armeniae
1145 1595 1450 1665 principem
1483 1614 1497 1664 ;
1541 1598 1706 1667 idque
1742 1598 1798 1654 in
1828 1599 2150 1669 praedictum
2181 1596 2403 1652 erciae
2441 1597 2580 1650 ortlr.
2617 1605 2829 1650 tomum
2859 1595 3114 1661 inseruit,
3170 1595 3551 1650 indubitanter
3606 1595 3763 1649 allir-

482 1691 639 1736 mans
669 1678 834 1734 unius
865 1680 1226 1752 ejusdemque
1265 1684 1554 1755 Byzantini
1606 1685 1809 1741 Nicetze
1841 1687 2008 1742 fetum
2041 1702 2198 1752 esse;
2257 1685 2308 1740 id
2350 1685 2498 1755 quod
2559 1699 2662 1754 ego
2711 1684 3061 1739 verissimum
3109 1683 3295 1753 judico
3321 1723 3336 1747 ,
3377 1684 3504 1753 quia
3557 1693 3764 1752 pra-ter

480 1772 734 1819 czetcram
765 1768 889 1838 styli
923 1769 1363 1835 similitudinem,
1404 1773 1652 1829 clausula
1702 1783 1854 1831 certe
1902 1775 2143 1845 praedicti
2177 1773 2426 1841 opusculi
2474 1773 2664 1826 eadem
2697 1773 2923 1825 omnino
2971 1778 3075 1837 est,
3113 1785 3233 1840 quae
3281 1770 3334 1824 in
3393 1770 3626 1825 duarum
3684 1769 3761 1825 ad

477 1849 799 1908 Michaelem
833 1855 966 1925 imp.
989 1858 1346 1926 epistolarum
1387 1860 1722 1918 refutatione
1756 1863 2112 1932 conspicitur.
2151 1863 2224 1916 De
2251 1863 2355 1916 hoc
2371 1862 2590 1916 demum
2623 1859 2814 1915 Niceta
2839 1859 3069 1929 ejusque
3101 1858 3323 1929 scriptis
3362 1859 3589 1914 uberius
3611 1858 3762 1913 dixit

477 1940 713 1996 Allatius
751 1943 806 1998 in
839 1943 1040 1999 inedita
1077 1947 1258 2003 adhuc
1288 1948 1677 2006 dissertatione
1706 1966 1804 2006 sua
1830 1954 1896 2006 de
1929 1951 2116 2022 viginti
2150 1948 2376 2014 Nicetis,
2407 1949 2566 2018 cuius
2593 1964 2694 2019 ego
2717 1948 3047 2018 particulam
3075 1948 3143 2002 de
3187 1955 3382 2002 nostro
3429 1947 3754 2016 loquentem

477 2029 694 2098 vulgavi
728 2030 782 2084 in
809 2031 960 2102 praef.
997 2034 1064 2088 ad
1103 2044 1140 2089 t.
1173 2035 1243 2089 iX
1286 2034 1622 2106 Scriptorum
1655 2048 1925 2104 veterum;
1973 2053 2152 2109 neque
2187 2047 2369 2093 tamen
2405 2038 2546 2092 hanc
2574 2038 2753 2106 ipsam
2804 2035 3589 2106 dissertationis"particulam
3625 2035 3759 2092 dedi

477 2117 769 2189 integram,
801 2122 930 2190 quia
966 2122 1018 2176 id
1052 2133 1185 2179 tunc
1219 2135 1416 2193 praeter
1441 2129 1748 2198 argumenti
1776 2129 1882 2182 mei
1906 2127 2247 2198 propositum
2281 2133 2425 2182 erat.
2459 2125 2536 2180 De
2566 2132 2751 2180 vetere
2780 2126 2963 2195 operis
2993 2123 3262 2179 Nicetiani
3314 2125 3508 2179 notitia
3562 2124 3757 2179 hacte-

477 2221 604 2261 nus.
636 2207 747 2262 Cur
774 2222 958 2265 autem
992 2211 1351 2282 Byzantinum
1387 2215 1534 2270 hunc
1558 2214 1801 2271 Nicctam
1843 2216 2091 2272 nonnulli
2120 2213 2490 2284 bibliographi
2515 2213 2569 2267 in
2596 2229 2673 2268 ιιι
2706 2213 2907 2268 saeculo
2931 2213 3218 2280 colloceut,
3247 2212 3503 2283 equidem
3536 2213 3754 2280 nescio,

483 2309 665 2362 neque
691 2297 809 2366 ejus
833 2299 907 2352 rei
939 2299 1272 2355 documenta
1308 2302 1416 2355 ulla
1449 2302 1633 2357 afferri
1678 2303 1882 2369 video;
1939 2302 2045 2359 nisi
2073 2302 2216 2357 forte
2263 2309 2343 2357 tot
2393 2300 2708 2355 Nicetarum
2744 2301 2902 2370 copia
2957 2301 3445 2370 perturbationem,
3485 2310 3546 2355 ut
3579 2305 3657 2363 tit,
3695 2302 3755 2356 in

478 2384 718 2451 ipsorum
755 2387 1039 2441 historiam
1078 2389 1308 2444 invexit.
1347 2391 1453 2445 Sed
1517 2392 1710 2461 ntjam
1768 2391 1993 2461 propius
2047 2391 2116 2446 ad
2174 2407 2290 2446 rem
2350 2391 2629 2455 accedam,
2696 2403 2798 2460 ego
2850 2389 3072 2459 quidem
3137 2404 3455 2458 quanquam
3504 2388 3754 2443 nondum

475 2471 823 2538 inspexeram
858 2472 1156 2546 Sylburgii,
1196 2477 1479 2533 Possevini
1513 2489 1570 2533 et
1601 2479 1783 2534 Allatii
1815 2479 2154 2542 testimonia,
2198 2478 2562 2533 nihilominus
2585 2478 2638 2530 in
2678 2478 2817 2532 meis
2849 2486 2976 2532 ante
3000 2477 3312 2546 complures
3344 2492 3517 2532 annos
3548 2477 3754 2531 biblio-

474 2558 648 2613 thec:e
681 2559 954 2618 Vaticame
995 2566 1080 2618 cui
1112 2581 1376 2635 preceram
1413 2567 1954 2636 perlustratiouibus,
1988 2568 2135 2622 hunc
2165 2567 2410 2622 codicem
2436 2565 2862 2620 obscrvavcram
2894 2565 2998 2621 sub
3031 2579 3264 2619 numero
3293 2565 3422 2628 681,
3455 2565 3750 2634 pulchrum

488 2662 646 2711 sane,
682 2650 988 2718 antiquum,
1021 2653 1462 2720 mcmbraueum,
1506 2655 1942 2725 integerrimum.
1977 2657 2230 2711 Attamen
2256 2654 2376 2708 aliis
2410 2653 2744 2708 editionibus
2776 2661 3100 2723 occupatus,
3133 2653 3378 2708 Nicetam
3420 2655 3543 2722 plus
3575 2655 3750 2708 nimio

479 2736 671 2790 distuli
723 2757 736 2791 :
788 2740 881 2793 scd
929 2757 1078 2797 nunc
1126 2743 1345 2799 demum
1381 2745 1442 2798 de
1474 2745 1704 2808 codicis,
1741 2754 1802 2800 ut
1838 2760 1984 2810 reor,
2031 2744 2179 2799 unici
2238 2742 2462 2796 incertis
2501 2740 2628 2795 fatis
2661 2742 2934 2810 cogitans,
3001 2741 3097 2811 qui
3155 2757 3287 2798 casu
3335 2741 3519 2811 aliquo
3559 2744 3746 2812 perire

475 2823 774 2892 aliquando
835 2838 1056 2895 posset;
1124 2839 1238 2884 tum
1305 2831 1470 2886 etiam
1523 2831 1600 2888 rei
1647 2831 1767 2887 sine
1825 2832 1992 2887 dubio
2047 2831 2204 2886 bonte
2261 2829 2552 2885 dulcedine
2599 2837 2654 2882 et
2696 2829 2933 2883 utilitate
2992 2828 3251 2894 illectus,
3305 2831 3740 2885 exscribcudum

475 2928 642 2966 manu
677 2917 919 2985 propria,
959 2915 1213 2972 Latinum
1245 2934 1467 2989 quoque
1498 2919 1687 2974 labore
1704 2936 1827 2976 meo
1856 2929 1913 2974 ut
1940 2928 2136 2975 caetera
2165 2917 2349 2974 omnia
2374 2914 2711 2984 faciendum,
2747 2924 2804 2970 et
2833 2914 2976 2986 typis
3007 2931 3160 2971 mora
3195 2917 3348 2972 omni
3375 2917 3606 2988 abrupta
3636 2927 3752 2972 tra-

474 3001 715 3058 dendum
754 3003 1020 3073 judicavi.

549 3120 709 3175 Nunc
733 3121 800 3176 dc
829 3121 949 3190 ipso
977 3137 1143 3192 opere
1184 3124 1426 3180 breviter
1477 3124 1817 3195 praefandum
1865 3133 1986 3186 estk
2020 3120 2333 3178 Ludovicus
2378 3117 2706 3185 Maraccius,
2760 3117 2856 3189 qui
2881 3118 3192 3190 philarabes
3235 3126 3467 3176 cunctos
3523 3118 3751 3175 refutati

473 3208 731 3264 Aicorani
766 3210 929 3267 laude
963 3213 1268 3282 superavit,
1299 3213 1552 3283 queritur
1587 3213 1641 3267 in
1679 3212 1997 3283 praefatione
2025 3213 2093 3266 ad
2130 3209 2490 3279 prodromum
2521 3208 2590 3263 de
2620 3208 2841 3264 illorum
2881 3208 3083 3280 exiguo
3110 3223 3363 3276 numero,
3418 3209 3610 3264 saltem
3654 3224 3750 3263 ve-

476 3307 680 3362 terum,
709 3299 803 3368 qui
845 3308 1037 3354 contra
1069 3299 1452 3355 Mohatncdem
1507 3300 1742 3370 ejusque
1791 3299 1990 3354 librum
2024 3299 2298 3353 calamum
2330 3298 2696 3363 strinxerunt,
2729 3305 2784 3352 et
2835 3311 3012 3368 pauca
3043 3305 3193 3353 certe
3247 3297 3472 3353 nomina
3529 3297 3750 3364 recitat,

472 3381 635 3440 Joan.
671 3401 868 3457 nempe
904 3389 1324 3454 Datnasccnum,
1352 3387 1511 3442 Joan.
1544 3388 2018 3452 Cantacuzenum,
2071 3387 2294 3441 Petrum
2320 3384 2763 3448 Cluniacensem,
2800 3393 2856 3440 et
2895 3383 3180 3441 Chaldaeos
3207 3385 3368 3441 duos.
3397 3384 3562 3456 Atqui
3603 3385 3748 3440 dila-

477 3483 593 3526 tare
624 3490 917 3528 numerum
947 3491 1242 3545 parumper
1265 3484 1498 3544 poterat,
1531 3475 1700 3529 citato
1725 3473 2025 3544 Euthymio
2049 3473 2337 3546 Zygahcno
2370 3488 2493 3527 cum
2531 3473 2659 3527 aliis
2685 3472 2946 3528 brevibus
2981 3473 3250 3542 ejusmodi
3281 3473 3523 3542 scriptis.
3551 3473 3747 3528 edente

477 3560 805 3632 Sylburgio;
841 3561 1131 3617 Theodoro
1154 3563 1427 3625 Abucara.
1463 3564 1657 3617 edente
1682 3561 1964 3625 Gretscro,
1998 3579 2312 3633 quanquam
2345 3562 2436 3618 hic
2467 3577 2578 3632 prae
2609 3561 2901 3634 Zygabeno
2929 3563 3084 3618 valde
3111 3563 3291 3619 tenuis
3318 3571 3424 3617 est.
3461 3563 3566 3617 Sed
3592 3564 3740 3617 enim

476 3649 530 3700 in
569 3647 834 3703 Romanis
862 3649 954 3705 Gr.
991 3651 1276 3706 codicibus
1308 3659 1466 3706 erant
1493 3665 1507 3703 :
1540 3651 1592 3705 1.
1616 3649 1874 3721 Ejusdem
1906 3649 2179 3721 Zygabeni
2202 3649 2453 3722 dialogus
2480 3649 2747 3706 adversus
2780 3647 3183 3716 Mohamedem,
3213 3665 3376 3720 quem
3407 3665 3511 3706 nos
3537 3651 3735 3720 vulga-

477 3735 678 3791 himus.
715 3737 769 3793 2.
814 3735 1015 3793 Nicctze
1043 3738 1326 3798 Choniatte
1368 3737 1670 3808 capitulum
1699 3739 1750 3792 in
1787 3736 2073 3807 Panoplia,
2122 3739 2266 3806 quod
2301 3754 2402 3793 nos
2433 3737 2486 3791 in
2531 3737 2845 3792 Romanum
2887 3739 3000 3808 jam
3041 3736 3396 3808 Spicilegium
3432 3738 3742 3792 intulimus.

478 3824 583 3878 Sed
611 3825 754 3894 quod
786 3841 1006 3880 omnem
1040 3827 1255 3896 c0piam
1290 3835 1534 3897 supcrat,
1569 3834 1728 3882 erant
1759 3825 1981 3881 Arabici
2036 3825 2254 3882 codices
2305 3825 2577 3889 Vaticani,
2609 3842 2847 3896 quorum
2879 3827 3185 3898 catalogum
3214 3841 3244 3882 a
3277 3827 3437 3882 nobis
3468 3842 3534 3880 ex
3580 3827 3748 3882 Asse-

476 3912 622 3965 mani
652 3913 871 3968 schedis
891 3914 1094 3968 editum
1122 3914 1214 3983 qui
1252 3913 1468 3986 legerit,
1509 3927 1864 3969 numeroSam
1893 3914 2163 3969 adversus
2196 3914 2529 3969 Alcoranum
2560 3911 3005 3969 Christianorum
3042 3914 3372 3982 scriptorum
3411 3913 3740 3968 instructam

475 3999 650 4053 aciem
675 4002 1014 4067 conspiciet;
1059 4001 1314 4056 videlicet
1346 4002 1399 4056 in
1433 4000 1721 4057 codicibus
1763 4001 2015 4057 Arabicis
2048 4003 2080 4057 9

2138 4048 2140 4058 ι
2180 4003 2302 4068 112,
2343 4001 2634 4070 115,11ι1ν,
2680 4001 3115 4069 118,119,127,
3155 4001 3743 4067 128,155,141,145,

477 4088 602 4151 180,
629 4087 752 4151 504,
786 4089 912 4154 545,
946 4089 1070 4155 550,
1090 4089 1221 4152 645,
1245 4097 1302 4145 et
1335 4089 1570 4146 fortasse
1597 4089 1741 4145 aliis.
1773 4089 1977 4160 Utique
2005 4104 2082 4144 ma

2137 4107 2240 4146 nus
2277 4089 2582 4146 Maraccius
2613 4089 2668 4144 in
2700 4089 2961 4160 praedicta
2986 4089 3307 4160 praefatione
3334 4105 3386 4159 p.
3416 4089 3447 4142 7
3479 4089 3739 4158 globatim

475 4184 747 4230 memorat
778 4175 1042 4232 Arabicos
1075 4175 1294 4232 codices
1323 4177 1668 4232 diversarum
1694 4176 1959 4233 Romamn
1982 4178 2135 4235 urbis
2171 4180 2650 4244 bibliothecarum,
2679 4178 2774 4249 qui
2812 4178 2862 4234 ei
2916 4179 3232 4249 adjumento
3282 4178 3522 4240 fuerunt,
3593 4188 3651 4232 ut
3690 4177 3742 4230 in

475 4263 702 4320 scholiis
732 4274 787 4320 et
825 4266 878 4319 in
909 4267 1194 4336 polemicis
1225 4267 1698 4336 disputationibus
1732 4275 1922 4338 postea
1974 4267 2401 4333 demonstravit,
2455 4269 2547 4323 ubi
2597 4269 2777 4324 lautas
2807 4267 3055 4323 Arabum
3095 4266 3164 4322 de
3210 4267 3312 4323 hac
3368 4265 3739 4322 controversia

476 4343 804 4421 scriptorum
829 4369 962 4423 opes
996 4355 1288 4423 exposuit;
1327 4357 1533 4411 rectius
1564 4365 1747 4412 tamen
1780 4354 2021 4423 fecisset,
2048 4357 2136 4413 vel
2157 4367 2311 4414 certe
2339 4358 2624 4413 hodiernae
2654 4355 2920 4412 methodo
2949 4355 3443 4422 accommodatius,
3471 4353 3515 4410 si
3546 4353 3736 4422 singuo

473 4440 653 4497 lorum
681 4442 882 4510 quibus
911 4457 1046 4497 usus
1076 4451 1161 4498 est
1193 4444 1447 4498 codicum
1483 4445 1806 4499 nominatim
1840 4446 2150 4517 catalogum
2185 4445 2269 4500 vel
2317 4445 2568 4501 notitiam
2605 4444 3038 4515 perscripsisset.

544 4527 662 4583 Jam
703 4546 828 4586 vero
855 4530 1068 4586 fructus
1094 4531 1260 4601 hujus
1290 4542 1492 4588 nostrae
1517 4532 1720 4589 Nicetar
1753 4533 2013 4590 editionis
2049 4534 2354 4604 multiplex,
2379 4544 2438 4590 ut
2458 4548 2639 4606 spero,
2665 4533 2891 4608 futurus
2926 4541 3031 4589 est.
3066 4531 3118 4586 1.
3146 4529 3478 4587 Christiana!
3523 4527 3742 4598 religio-

474 4617 564 4674 nis
598 4634 734 4672 nova
772 4619 1041 4685 defensio,
1060 4629 1112 4676 et
1146 4619 1560 4678 Mohamedana:
1592 4622 2005 4693 superstitionis
2061 4622 2382 4692 fraudisque
2435 4623 2723 4678 accusatio
2749 4630 2916 4691 atque
2967 4620 3279 4676 subversio.
3310 4619 3366 4672 2.
3434 4617 3745 4688 Theologia:

475 4707 620 4775 apud
643 4706 862 4762 Graecos
895 4708 1238 4764 scholasticae
1259 4725 1357 4764 seu
1393 4710 1746 4779 spcculativae
1778 4711 2072 4781 imaginem
2100 4711 2400 4781 genuinam
2432 4710 2523 4765 hic
2557 4709 2888 4779 aspicimus,
2925 4716 2981 4764 et
3005 4724 3114 4778 qua
3144 4707 3429 4773 methodo,
3465 4722 3577 4776 quo
3611 4721 3743 4759 acu-

477 4796 643 4860 mine,
682 4796 884 4866 quibus
921 4797 1222 4852 dialecticae
1243 4807 1298 4853 et
1331 4798 1712 4853 communium
1742 4799 2048 4863 notionum,
2080 4798 2196 4855 sive
2227 4809 2447 4862 sensus,
2485 4798 2722 4861 viribus,
2753 4795 3047 4852 Trinitatis
3079 4795 3386 4867 przesertim
3421 4791 3741 4863 perdifﬁcile

476 4887 982 4957 perobscurumque
1013 4888 1331 4958 mysterium
1366 4887 1510 4956 apud
1567 4886 1820 4942 ethnicos
1867 4886 2410 4957 Mohamedauosque
2463 4885 2766 4942 Christiani
2812 4885 3182 4954 approbarent
3216 4883 3312 4939 :in
3346 4897 3454 4951 qua
3497 4879 3746 4952 profecto

476 4969 868 5038 disputationis
896 4979 1053 5039 parte
1077 4971 1298 5026 Nicetas
1321 4978 1509 5025 noster
1542 4969 1812 5026 mirabilis
1841 4980 1957 5036 est;
1993 4970 2278 5044 Graecique
2313 4974 2518 5044 ingenii
2551 4982 2606 5028 et
2627 4973 2800 5028 doctae
2831 4970 3134 5042 solidaeque
3166 4968 3489 5025 subtilitatis
3523 4967 3740 5035 insigne

394 5045 399 5053 ’
477 5060 786 5126 exemplum
819 5060 1150 5129 suppeditat.
1177 5062 1230 5116 5.
1268 5061 1328 5114 In
1360 5060 1704 5130 singulorum
1732 5061 1962 5116 satanici
1994 5061 2118 5116 libri
2147 5061 2390 5130 capitum
2425 5059 2927 5126 confutationibus,
2956 5059 3222 5114 recitatur
3245 5057 3434 5112 Graece
3467 5054 3745 5108 Mohame-

476 5145 562 5198 dis
594 5155 794 5211 textus,
825 5149 906 5203 vel
942 5149 1060 5217 ipso
1090 5149 1274 5203 Niceta
1307 5148 1627 5216 interprete,
1667 5149 1748 5202 vel
1781 5164 1845 5202 ex
1884 5148 2129 5218 cujusvis
2157 5147 2331 5203 Graeci
2374 5148 2616 5204 hominis
2653 5147 3034 5208 translatione,
3071 5160 3236 5215 quam
3288 5159 3438 5198 nunc
3469 5156 3648 5211 neque
3687 5140 3740 5194 in

480 5231 634 5287 libris
668 5234 850 5302 editis,
881 5249 1058 5304 neque
1090 5234 1143 5288 in
1185 5235 1320 5304 ipsis
1352 5243 1412 5289 ut
1439 5234 1677 5289 arbitror
1707 5237 2102 5306 mauuscriptis
2137 5237 2422 5292 codicibus
2454 5235 2640 5290 videre
2669 5243 2771 5292 est.
2811 5235 2973 5288 Certe
2995 5232 3216 5288 Graecos
3246 5232 3582 5286 Alcoranum
3615 5243 3725 5282 non

479 5321 650 5376 semel
684 5324 1082 5388 tantummodo,
1125 5324 1218 5378 sed
1253 5322 1486 5378 fortasse
1514 5323 1742 5392 plurics,
1770 5325 1838 5379 ad
1874 5326 2123 5396 linguam
2158 5340 2315 5381 suam
2346 5322 2716 5387 transtulisse,
2744 5321 2982 5377 dubitari
3013 5321 3243 5390 nequit;
3283 5333 3409 5373 cum
3443 5317 3740 5370 immanem

477 5419 683 5466 Sectam
714 5411 765 5464 in
795 5421 1112 5481 prospectu,
1155 5411 1266 5464 imo
1298 5420 1352 5464 et
1381 5411 1432 5465 in
1465 5411 1678 5481 imperii
1708 5407 2010 5469 visceribus
2041 5424 2315 5482 receptam
2349 5413 2638 5476 haberent,
2677 5421 2731 5466 et
2757 5427 2883 5467 cum
2919 5409 3041 5480 cjus
3077 5407 3400 5464 doctoribus
3428 5401 3741 5460 necessario

475 5499 912 5564 contenderent;
951 5500 1002 5554 id
1035 5500 1178 5569 quod
1213 5497 1398 5554 Graeca
1435 5485 1802 5555 monumenta
1829 5501 2188 5572 superstitum
2221 5500 2662 5571 disputationum
2711 5507 3002 5554 testantur.
3057 5495 3214 5550 Nunc
3255 5496 3439 5564 itaque
3484 5491 3742 5546 festivum

476 5595 558 5640 est
593 5587 800 5650 videre,
827 5595 1168 5656 quantopere
1206 5586 1479 5642 interdum
1514 5586 1738 5645 Grrcus
1769 5590 2023 5645 Alcorani
2058 5596 2238 5645 textus
2260 5589 2401 5659 apud
2439 5587 2685 5643 Nicctam
2726 5588 2795 5641 ab
2837 5586 3091 5651 Arabico,
3117 5600 3278 5655 quem
3302 5583 3465 5653 vulgo
3482 5581 3736 5654 legimIIS.

477 5673 695 5729 differat
729 5693 741 5728 :
778 5691 943 5744 quam
975 5691 1111 5741 rem,
1152 5675 1350 5744 partim
1379 5691 1441 5732 ex
1482 5677 1797 5747 interpretis
1835 5677 2011 5733 Grrcci
2043 5677 2338 5747 imperitia,
2375 5675 2572 5747 partim
2605 5676 2674 5730 ob
2709 5675 2986 5746 polysema
3039 5674 3287 5729 Arabicae
3335 5671 3535 5741 lingua:
3569 5681 3734 5722 voca-

481 5764 628 5831 uula,
661 5764 858 5834 partim
890 5764 1127 5836 denique
1159 5773 1382 5838 propter
1437 5765 1610 5838 ipsius
1665 5766 1928 5824 Alcorani
1986 5767 2293 5824 editionum
2365 5765 2712 5829 varietatem,
2773 5763 3071 5834 contigisse
3106 5759 3435 5818 credendum
3466 5765 3570 5814 est.
3602 5751 3740 5809 Nam
