4064 6396
315 373 425 440 €69
1465 360 1902 424 REFUTATIO
1942 360 2420 422 MOHAMEDIS.
3491 357 3602 421 670

315 498 525 560 septem
562 484 788 542 criticas
821 483 1182 554 diversasque
1214 483 1479 540 Alcorani
1502 483 1727 540 Ar-abici
1754 483 2027 538 editiones
2062 481 2313 538 nominat
2361 481 2732 548 HerbeIOtius,
2790 481 3143 538 Medinenses
3174 481 3333 549 duas,
3371 490 3604 551 praeter-

317 594 495 649 eaque
523 575 862 640 Meccanam,
897 573 1216 638 Cufensem,
1246 572 1664 637 Bassorensem,
1703 572 2056 644 Syriaticam,
2093 581 2148 626 et
2169 571 2359 643 κοινὴν
2393 572 2511 626 sive
2536 571 2810 642 vulgatam
2845 586 2860 624 :
2887 586 3124 642 quarum
3157 573 3396 626 varietas
3428 569 3604 624 Cora-

322 660 467 724 niéis
489 665 726 720 Arabum
748 663 1138 734 interpretibus
1169 662 1504 718 uberrimam
1535 661 1840 718 disserendi
1860 661 2072 730 copiam
2100 663 2319 717 obtulit.
2351 663 2522 718 Porro
2548 667 2695 735 quod
2729 667 2877 720 nulla
2910 665 3053 734 apud
3084 663 3308 720 Graecos
3339 662 3605 717 Alcorani

328 754 613 812 translatio
651 766 943 821 superesse
981 766 1130 806 nunc
1161 751 1428 816 videatur,
1452 750 1692 806 odiorei
1712 750 1922 806 scilicet
1959 748 2165 805 factum
2201 751 2383 806 credo.
2424 751 2564 809 Ecce
2604 755 2752 808 enim
2784 769 2852 810 ne
2882 753 3065 808 Latini
3097 752 3318 822 quidem
3379 752 3608 806 Alcora-

333 858 460 897 num
493 841 807 894 habuerunt
835 854 1012 909 usque
1043 838 1108 892 ad
1135 836 1358 893 Petrum
1391 837 1838 902 Cluniacensem,
1868 838 1961 908 qui
1995 838 2152 894 illum
2179 840 2231 894 in
2269 839 2532 911 llispania
2577 858 2674 912 per
2713 842 3014 898 Robertum
3058 842 3446 902 Reteneusem,
3483 838 3607 892 rudi

327 932 449 986 licet
476 945 664 1000 Opere,
700 943 765 983 ex
794 928 1032 983 Arabico
1069 927 1537 998 interpretandum
1573 927 1810 988 curavit,
1851 937 2017 999 atque
2049 929 2116 984 ad
2145 930 2332 985 divum
2391 931 2872 988 Claraevallensem
2925 930 3268 986 Bernardum
3328 927 3502 990 misit,
3553 935 3609 980 et

325 1019 651 1074 Theodorus
679 1015 998 1072 Bibliander
1029 1031 1174 1071 anno
1209 1017 1349 1072 1550
1384 1015 1528 1087 apud
1553 1015 1830 1072 Helvetios
1885 1016 2040 1086 prelo
2063 1001 2531 1075 commisit.'Ante
2562 1021 2703 1076 hanc
2731 1030 2913 1075 tamen
2938 1019 3233 1075 editionem
3267 1017 3602 1070 Alcorauum

323 1106 449 1161 Itali
487 1106 670 1176 lingua
695 1107 918 1176 propria
951 1119 1017 1160 ex
1048 1101 1244 1159 Latino
1272 1103 1602 1158 Retenensis
1652 1111 1800 1158 textu
1857 1104 2221 1176 vulgaverant
2271 1122 2417 1162 anno
2472 1108 2635 1175 1547,
2672 1109 2881 1164 editore
2937 1107 3158 1161 Andrea
3223 1104 3608 1168 Arrivabenio,

324 1195 670 1266 typographo
701 1192 948 1257 Veneto;
985 1208 1149 1262 quem
1177 1191 1416 1246 nitidum
1443 1191 1798 1262 priscumque
1829 1191 2061 1256 librum,
2091 1210 2193 1250 nec
2228 1194 2390 1251 facile
2419 1196 2665 1262 obvium,
2699 1197 3034 1266 multi,quos
3058 1196 3199 1250 inter
3232 1195 3350 1264 ipse
3387 1191 3602 1246 Marac-

323 1285 468 1347 cius,
503 1284 781 1354 ignorant.
817 1281 1002 1352 Longe
1035 1281 1372 1336 recentiores
1397 1290 1526 1336 sunt
1551 1279 1735 1354 Ryerii
1766 1289 1818 1335 et
1855 1278 2069 1335 Savarii
2103 1297 2360 1338 sermone
2393 1283 2604 1339 Gallico
2626 1284 2917 1350 editiones,
2963 1283 3206 1354 itemque
3249 1283 3373 1337 duae
3414 1283 3602 1350 lingua

322 1372 679 1433 Germanica,
715 1385 857 1437 quas
887 1369 1050 1424 Bern.
1084 1367 1334 1434 Rubeus,
1366 1369 1628 1439 magister
1655 1370 1785 1423 olim
1819 1384 1999 1435 meus,
2032 1368 2086 1422 in
2115 1367 2318 1423 Lexico
2339 1376 2486 1422 auct.
2518 1368 2686 1423 Arab.
2713 1377 3001 1422 memorat.
3037 1368 3142 1421 Sed
3173 1368 3349 1422 nostri
3383 1365 3609 1420 demum

325 1459 587 1514 Maraccii
626 1475 772 1514 anno
804 1458 942 1514 1698
966 1457 1346 1528 interpretatio
1381 1459 1586 1528 Optima
1619 1459 1794 1514 lucem
1822 1458 2056 1528 aspexit.
2087 1457 2175 1512 cui
2203 1456 2518 1528 philarabes
2542 1457 2726 1512 cuncti
2762 1456 2939 1512 fasces
2982 1458 3380 1512 submisernnt.
3419 1455 3612 1520 Quan-

323 1563 495 1617 quam
528 1562 660 1603 vero
695 1548 811 1602 haec
847 1546 1031 1616 operis
1066 1545 1268 1601 Nicetze
1291 1546 1460 1602 editio
1489 1548 1692 1602 multas
1724 1548 2006 1616 postulare
2041 1545 2330 1600 videbatur
2381 1553 2495 1598 tum
2531 1545 2754 1600 criticas
2789 1554 2904 1599 tum
2966 1544 3262 1600 historicas
3296 1542 3611 1598 adnotatio-

323 1653 450 1701 nes,
482 1645 540 1691 et
567 1635 900 1706 quandoque
923 1634 1088 1690 etiam
1112 1634 1554 1706 grammaticales
1581 1633 1634 1688 in
1663 1633 2066 1689 dissidentibus
2094 1634 2163 1688 ab
2198 1631 2432 1687 Arabico
2457 1632 2712 1687 sensibus
2737 1650 2751 1700 ;
2785 1647 2886 1702 ego
2915 1632 3137 1702 quidem
3168 1633 3235 1687 ad
3271 1632 3376 1686 alia
3411 1646 3613 1702 prope-

323 1741 464 1782 rans
488 1739 758 1795 suspenso
784 1725 1182 1794 propemodum
1215 1733 1310 1778 aut
1338 1731 1486 1779 certe
1513 1723 1615 1778 levi
1643 1723 1780 1795 pede
1804 1723 1986 1778 omnia
2010 1722 2352 1788 transiliam;
2380 1721 2486 1776 nisi
2517 1719 2661 1776 forte
2701 1737 2799 1792 per
2817 1722 2991 1777 otium
3013 1732 3205 1793 postea
3229 1721 3382 1778 locus
3409 1720 3614 1791 aliquis

322 1815 490 1884 paulo
509 1813 829 1871 accuratius
859 1812 1220 1882 exponendus
1244 1810 1540 1866 videbitur.

344 1987 3614 2017 W

705 2179 1318 2298 ΝΙΚΗΤΑ
1392 2174 2252 2293 ΒΥΖΑΝΤΙΟΥ
2325 2167 3239 2291 ΦΙΛΟΣΟΦΟΥ

1701 2417 2082 2472 ΑΝΔΤΡΟΠΗ
2104 2415 2243 2469 ΤΗΣ

332 2582 631 2679 ΠΑΡΑ
703 2590 932 2677 ΤΟΥ
984 2589 1399 2678 ΑΡΑΒΟΣ
1436 2591 1604 2681 ΜΩ
1619 2587 1916 2680 AMET
1954 2590 3190 2682 ΠΛΑΣΤΟΓΡΑΦΗΘΕΙΣΗΣ
3219 2585 3622 2675 ΒΙΒΑΟΥ

1117 2941 1517 3060 NICETIS
1605 2943 2169 3064 ΒΥΖΔΝΤΙΝΙ
2262 2945 2876 3066 PHIL080PHI

1771 3184 2220 3244 CONFUTATIO

415 3363 751 3458 FALSI
819 3367 1148 3456 LIBRI
1229 3367 1566 3473 QUEM
1641 3366 2180 3459 SCRIPSIT
2263 3349 3086 3460 MOHAMEDES‘
3157 3365 3564 3456 ARABS.

914 3716 1368 3772 ΠΡΟΓΡΑΜΜΑ.
1967 3718 2022 3780 Α

419 3819 492 3866 α’.
528 3811 802 3881 Μεγάλων
825 3811 1061 3864 καὶτῶν
1097 3811 1239 3881 ὑπὲρ
1284 3811 1432 3881 ἡμᾶς
1463 3811 1631 3880 ἀξίων
1662 3811 1941 3881 ὑπαρχόν-

349 3921 460 3958 των
490 3905 713 3959 πάντων
747 3903 1102 3976 πῘρεσὸεί]ων
1135 3905 1210 3975 (1)
1254 3903 1332 3975 τῷ
1367 3903 1767 3975 θεοφιλεστάτῳ
1789 3905 1942 3973 βασι-

350 3997 454 4065 λεῖ,
482 3997 662 4066 λόγοις
716 3996 998 4067 γεραίρειν
1045 3995 1208 4062 αὐτὰ,
1248 3995 1337 4050 διὰ
1366 3995 1425 4049 τὸ
1453 3995 1704 4067 μέγεθος,
1731 3996 1825 4048 καὶ
1855 3995 1947 4065 μέο

351 4109 470 4162 τρῳ
537 4089 914 4161 περιορίζειν,
968 4089 1057 4142 διὰ
1115 4088 1177 4142 τὸ
1244 4087 1490 4160 ἄπειρον,
1552 4089 1652 4159 οὐχ
1712 4083 1815 4143 οἷοι
1881 4106 1944 4142 τε

2607 3715 3076 3773 ΡΒΟΟΒΑΜΜΛ.

2124 3811 2176 3866 1.
2216 3810 2356 3865 Cum
2394 3817 2582 3865 tantus
2632 3825 2911 3880 supraque
2938 3820 3181 3865 nostram
3217 3810 3642 3866 aestimationem

2051 3904 2122 3960 sit
2149 3903 2472 3958 meritorum
2492 3903 2753 3958 cumulus
2779 3901 3124 3957 dilectissimi
3142 3902 3645 3974 Deoimporaloris,

2051 3995 2236 4050 verbis
2288 3994 2514 4065 quidem
2574 3995 2796 4049 illorum
2860 3995 3256 4050 sublimitatem
3292 4011 3516 4062 ornare,
3549 4007 3649 4053 aut.

2053 4103 2314 4143 mensura
2353 4087 2540 4156 aliqua
2570 4087 2890 4143 corumdem
2922 4087 3248 4142 infinitatem
3283 4089 3646 4158 comprehen-

354 4181 598 4253 ἐσόμεθα
624 4181 685 4234 τὸ
704 4180 968 4252 παράπαν
988 4196 1002 4210 ·
1031 4178 1148 4233 ἀλλ’
1176 4180 1209 4250 ἡ
1241 4178 1336 4233 τοῦ
1405 4178 1713 4249 θαυμάζειν
1769 4197 1948 4250 παρα-

359 4273 703 4338 σκευάζουσα
737 4273 918 4326 πᾶσαν
939 4271 1183 4325 διάνοιαν
1217 4269 1500 4336 ἔκπληξις,
1534 4270 1776 4333 καὶτοὺς
1803 4270 1945 4341 ὑψη-

357 4363 484 4426 λοὺς
513 4361 606 4416 τὸν
633 4361 760 4418 νοῦν
793 4363 1088 4434 κηρύττειν
1121 4362 1215 4416 καὶ
1239 4361 1578 4430 διαγγέλλειν
1625 4360 1814 4430 σαφῶς
1863 4361 1950 4427 ὲξο

359 4455 642 4526 είργουσα,
700 4453 856 4508 τοῦτο
889 4454 949 4508 τὸ
982 4453 1156 4523 ἔργονῖ
1187 4451 1325 4525 [εοά.
1379 4452 1589 4508 τούτων
1645 4454 1707 4508 τὸ
1764 4452 1946 4527 ἔργον]

359 4547 507 4615 ἡμᾶς
534 4546 661 4608 τοὺς
689 4544 1060 4617 χαμαιζήλους
1105 4548 1282 4599 ποιεῖν
1331 4545 1750 4616 κατηνάγκασεν
1782 4563 1797 4579 ο
1850 4547 1952 4601 οὐκ

361 4639 457 4692 ἐπὶ
485 4639 704 4703 πᾲντων
732 4639 790 4693 δὲ
818 4643 837 4709 (
869 4639 1029 4694 τοῦτο
1053 4640 1164 4710 γὰρ
1193 4635 1261 4711 ἦν
1288 4640 1571 4705 παντελῶς
1595 4641 1691 4696 καὶ
1733 4641 1954 4711 ἀμήχα-

361 4731 501 4803 νον),
532 4732 649 4785 ἀλλ’
679 4733 764 4802 ἐφ’
792 4731 911 4796 ἐνὸς
939 4731 1107 4786 αὐτοῦ
1138 4735 1562 4804 προτερήματος
1587 4748 1602 4764 ο
1646 4733 1756 4787 οὐδ’
1805 4733 1954 4797 ὅπως

362 4823 429 4877 δι’
488 4824 780 4894 ἐγκωμίων
835 4824 998 4878 αὐτὸν
1060 4825 1497 4896 καταστέψωμεν
1527 4843 1542 4857 ο
1593 4824 1696 4878 ποῦ
1724 4827 1834 4896 γάρ
1865 4842 1955 4895 μοι

2053 4176 2206 4241 dere,
2267 4191 2496 4246 prorsus
2551 4191 2658 4230 non
2703 4176 3034 4232 valebimus.
3089 4174 3195 4232 Sed
3227 4176 3372 4232 enim
3434 4179 3524 4233 ille
3551 4179 3645 4250 qui

2056 4281 2278 4320 omnem
2318 4274 2557 4321 mentem
2591 4267 2656 4321 ad
2691 4265 3080 4322 admirandum
3132 4269 3277 4340 rapit
3331 4279 3551 4341 stupor,
3593 4279 3648 4324 et

2057 4359 2126 4414 ad
2192 4357 2575 4429 praadicandos
2626 4359 2831 4414 excelsi
2897 4358 3066 4413 animi
3134 4359 3282 4416 viros
3356 4361 3652 4433 palamque

2059 4452 2530 4509 commendandos
2587 4452 2843 4523 impellit,
2897 4452 2944 4508 is
2994 4467 3083 4506 me
3131 4469 3353 4525 quoque
3385 4455 3536 4509 bumi
3566 4471 3653 4510 re-

2059 4553 2276 4616 pentem
2312 4545 2599 4600 mortalem
2631 4545 2696 4601 ad
2731 4546 2834 4602 hoc
2857 4547 3185 4622 opusculum
3209 4549 3651 4617 componendum

2061 4639 2264 4711 adegit.
2293 4637 2482 4709 Neque
2511 4647 2691 4693 tamen
2726 4639 2794 4694 de
2824 4640 2994 4708 gestis
3026 4639 3288 4696 omnibus
3313 4640 3518 4707 dicam,
3550 4640 3656 4694 hoc

2061 4733 2205 4787 enim
2243 4733 2555 4788 nullatenus
2578 4733 2691 4787 fieri
2719 4742 2914 4802 potest,
2945 4734 3039 4788 sed
3067 4735 3133 4789 de
3168 4749 3277 4789 uno
3305 4734 3478 4804 ipsius
3504 4733 3656 4804 prin-

2063 4826 2228 4896 cipali
2257 4826 2542 4893 facinore;
2579 4841 2753 4897 neque
2787 4826 3043 4882 laudibus
3073 4827 3461 4897 imperatorem
3489 4841 3654 4880 coro-

363 4915 602 4986 τοσαύτη
636 4916 882 4986 χρυσέων
915 4916 1066 4970 ἐπῶν
1100 4919 1411 4988 περιουσία,
1444 4917 1519 4982 ὼς
1550 4917 1616 4972 ἂν
1641 4933 1951 4988 χρυσογρα-

2065 4921 2241 4986 nabo;
2275 4935 2516 4992 namque
2544 4920 2815 4975 uudenam
2860 4921 2993 4974 mihi
3027 4937 3324 4975 aureorum
3357 4920 3654 4974 verborum

367 5011 606 5078 φήσαιμι
635 5008 733 5079 (2),
763 5011 862 5073 τὰς
893 5009 1050 5081 δίκην
1097 5011 1435 5074 πολυανθοῖκ
1482 5011 1751 5082 λειμῶνος
1796 5011 1957 5077 ἐξαν-

2065 5012 2245 5082 cepia,
2283 5023 2342 5065 ut
2374 5012 2723 5081 splendorem
2763 5027 2828 5066 ac
2853 5012 3177 5068 suavitatem
3219 5012 3484 5066 virtutum
3514 5009 3657 5078 ejus,

367 5100 572 5164 οούσας
611 5101 719 5154 τῶν
771 5102 984 5172 ἀρετῶν
1045 5101 1214 5156 αὐτοῦ
1275 5101 1672 5173 λαμπρότητας
1713 5103 1808 5156 καὶ
1843 5121 1951 5174 τερ-

2068 5121 2191 5174 quaa
2239 5105 2379 5175 prati
2421 5105 2596 5160 instar
2625 5106 2793 5161 variis
2827 5105 3055 5161 tioribus
3108 5106 3444 5161 luxuriantis
3503 5114 3654 5166 sunt,

369 5193 680 5262 πνότητας;
715 5191 818 5246 ποῦ
836 5193 944 5264 γὰρ
977 5193 1128 5264 θήσω
1161 5195 1261 5264 τὴν
1287 5195 1386 5264 τῆς
1447 5195 1722 5266 βασιλείας
1753 5195 1957 5250 πάνσο-

369 5302 470 5354 φον
495 5285 916 5357 πηδαλιουχία,ν;
959 5288 1062 5340 ποῦ
1093 5286 1268 5358 δὲτὴν
1292 5287 1391 5358 τῆς
1430 5289 1762 5360 Ἑκκλησίας
1802 5291 1960 5361 εἰρη-

371 5377 528 5432 ναίαν
546 5395 605 5430 τε
645 5379 742 5432 καὶ
794 5378 1068 5451 ἀτάραχον
1118 5379 1440 5450 διαγωγήν;
1478 5379 1580 5434 ποῦ
1620 5381 1678 5434 δὲ
1721 5382 1820 5453 τὴν
1864 5384 1962 5454 τῆς

452 5565 524 5636 (*)
557 5564 613 5619 In
651 5561 1214 5636 codicibuiscribitur
1242 5561 1504 5634 Μωάμεδ,
1532 5565 1798 5634 Hminem
1833 5567 1966 5619 Μω-

2067 5211 2201 5252 auro
2229 5195 2577 5250 conscribam
2603 5196 2626 5249 ?
2653 5194 2796 5262 Quid
2817 5197 2964 5252 enim
2991 5196 3058 5252 de
3080 5197 3199 5265 ejus
3239 5194 3657 5266 sapicntissima

2067 5289 2332 5360 regnandi
2363 5299 2478 5343 arte
2505 5289 2723 5344 dicam?
2746 5288 2879 5360 quid
2899 5291 2965 5345 de
2982 5289 3240 5346 Ecclesia:
3263 5286 3656 5359 imperturbata

2068 5389 2124 5436 et
2156 5379 2385 5451 paciﬁca
2417 5380 2930 5439 administratione?
2980 5383 3112 5453 quid
3161 5383 3228 5437 de
3275 5378 3516 5452 generali
3552 5377 3658 5429 τρί-

2147 5567 2224 5640 (‘2)
2254 5567 2499 5638 Respicit
2539 5585 2745 5625 morem
2803 5567 3078 5640 scribendi
3122 5564 3342 5640 auro‘in
3376 5575 3660 5640 pergame-

374 5631 538 5707 άμετ,
567 5635 887 5710 Μαχούρεδ.
925 5631 1524 5710 Primamscripturam
1569 5637 1620 5689 iu
1666 5631 1962 5710 Latinitate
2073 5631 2344 5706 nis,'regii
2370 5631 2678 5709 praesertim
2712 5638 3023 5710 argumenti
3092 5647 3190 5710 aut
3222 5631 3436 5710 divini,_
3462 5631 3660 5710 _(_'ui_t_ts-

373 5702 496 5783 mea
539 5702 738 5783 sequor
771 5702 882 5774 ’(ῑιι
943 5719 1104 5773 quam
1135 5702 1354 5783 _iucidit
1397 5719 1448 5760 et
1484 5708 1746 5783 secunda,
1787 5717 1845 5762 ut
1894 5723 1962 5761 ex
2072 5702 2217 5783 modi
2256 5702 2541 5778 splendida
2586 5702 2924 5783 exerup‘laria
2964 5711 3020 5765 in
3072 5706 3326 5764 codicum
3365 5702 3661 5762 bibliotlic-

373 5778 532 5840 Θεὸς,
575 5774 757 5845 Deus),
787 5790 1100 5844 quanquam
1135 5774 1354 5832 Niertas
1389 5777 1605 5833 tertiam
1645 5787 1812 5834 leuet.

451 5848 532 5921 (l)
565 5846 904 5905 Vocabulum
939 5846 1256 5902 evanidum.

2069 5780 2148 5836 cis
2187 5791 2505 5852 supersunt.
