  <div class='ocr_page' id='page_1' title='image "/cluster/home/n/w/nwhite01/storage/ocr_20150623/105/coo.31924054870096/356.png"; bbox 0 0 4064 6402; ppageno 0'>
   <div class='ocr_carea' id='block_1_1' title="bbox 319 342 430 409">
    <p class='ocr_par' dir='ltr' id='par_1_1' title="bbox 319 342 430 409">
     <span class='ocr_line' id='line_1_1' title="bbox 319 342 430 409; baseline -0.018 0"><span class='ocrx_word' id='word_1_1' title='bbox 319 342 430 409; x_wconf 78' lang='grc' dir='ltr'><strong><em>6ἷ3</em></strong></span> 
     </span>
    </p>
   </div>
   <div class='ocr_carea' id='block_1_2' title="bbox 754 452 1512 514">
    <p class='ocr_par' dir='ltr' id='par_1_2' title="bbox 754 452 1512 514">
     <span class='ocr_line' id='line_1_2' title="bbox 754 452 1512 514; baseline 0.005 -4"><span class='ocrx_word' id='word_1_2' title='bbox 754 452 1156 510; x_wconf 79' lang='grc' dir='ltr'><strong><em>ΚΕΦΑΛΔῙΟΝ</em></strong></span> <span class='ocrx_word' id='word_1_3' title='bbox 1212 455 1512 514; x_wconf 84' lang='grc' dir='ltr'><strong><em>ΠΡΩΤΟΝ.</em></strong></span> 
     </span>
    </p>
   </div>
   <div class='ocr_carea' id='block_1_3' title="bbox 322 543 1920 615">
    <p class='ocr_par' dir='ltr' id='par_1_3' title="bbox 322 543 1920 615">
     <span class='ocr_line' id='line_1_3' title="bbox 322 543 1920 615; baseline 0.005 -17"><span class='ocrx_word' id='word_1_4' title='bbox 322 544 615 608; x_wconf 83' lang='grc' dir='ltr'>Ἔκθεσις</span> <span class='ocrx_word' id='word_1_5' title='bbox 632 543 1166 613; x_wconf 79' lang='grc' dir='ltr'>κατασκευαστικὴ</span> <span class='ocrx_word' id='word_1_6' title='bbox 1201 545 1354 615; x_wconf 80' lang='grc' dir='ltr'>μετὰ</span> <span class='ocrx_word' id='word_1_7' title='bbox 1385 547 1754 615; x_wconf 82' lang='grc' dir='ltr'>ἀποδείξεως</span> <span class='ocrx_word' id='word_1_8' title='bbox 1810 550 1920 606; x_wconf 83' lang='grc' dir='ltr'>τοῦ</span> 
     </span>
    </p>
   </div>
   <div class='ocr_carea' id='block_1_4' title="bbox 400 635 1919 709">
    <p class='ocr_par' dir='ltr' id='par_1_4' title="bbox 400 635 1919 709">
     <span class='ocr_line' id='line_1_4' title="bbox 400 635 1919 709; baseline 0.005 -19"><span class='ocrx_word' id='word_1_9' title='bbox 400 635 820 707; x_wconf 80' lang='grc' dir='ltr'>Χριστιανικοῦ</span> <span class='ocrx_word' id='word_1_10' title='bbox 883 635 1198 707; x_wconf 82' lang='grc' dir='ltr'>δόγματος,</span> <span class='ocrx_word' id='word_1_11' title='bbox 1262 638 1332 693; x_wconf 80' lang='grc' dir='ltr'>ἐκ</span> <span class='ocrx_word' id='word_1_12' title='bbox 1383 639 1604 695; x_wconf 75' lang='grc' dir='ltr'>κοινῶν</span> <span class='ocrx_word' id='word_1_13' title='bbox 1646 641 1919 709; x_wconf 80' lang='grc' dir='ltr'><strong><em>ἐννοιῶν,</em></strong></span> 
     </span>
    </p>
   </div>
   <div class='ocr_carea' id='block_1_5' title="bbox 407 725 1921 802">
    <p class='ocr_par' dir='ltr' id='par_1_5' title="bbox 407 725 1921 802">
     <span class='ocr_line' id='line_1_5' title="bbox 407 725 1921 802; baseline 0.003 -19"><span class='ocrx_word' id='word_1_14' title='bbox 407 728 505 785; x_wconf 79' lang='grc' dir='ltr'>καὶ</span> <span class='ocrx_word' id='word_1_15' title='bbox 532 725 917 796; x_wconf 75' lang='grc' dir='ltr'><strong><em>διαλεκτικῆς</em></strong></span> <span class='ocrx_word' id='word_1_16' title='bbox 940 727 1225 796; x_wconf 81' lang='grc' dir='ltr'><strong><em>μεθόδου,</em></strong></span> <span class='ocrx_word' id='word_1_17' title='bbox 1254 729 1352 783; x_wconf 80' lang='grc' dir='ltr'><strong><em>καί</em></strong></span> <span class='ocrx_word' id='word_1_18' title='bbox 1387 729 1668 799; x_wconf 68' lang='grc' dir='ltr'>φυσικῶν</span> <span class='ocrx_word' id='word_1_19' title='bbox 1694 731 1921 802; x_wconf 76' lang='grc' dir='ltr'><strong><em>ἐπιχει-</em></strong></span> 
     </span>
    </p>
   </div>
   <div class='ocr_carea' id='block_1_6' title="bbox 393 817 1923 894">
    <p class='ocr_par' dir='ltr' id='par_1_6' title="bbox 393 817 1923 894">
     <span class='ocr_line' id='line_1_6' title="bbox 393 817 1923 894; baseline 0.003 -20"><span class='ocrx_word' id='word_1_20' title='bbox 393 817 676 891; x_wconf 75' lang='grc' dir='ltr'>ρημάτων</span> <span class='ocrx_word' id='word_1_21' title='bbox 705 858 721 882; x_wconf 85' lang='grc'><strong><em>,</em></strong></span> <span class='ocrx_word' id='word_1_22' title='bbox 781 819 881 873; x_wconf 74' lang='grc' dir='ltr'>καὶ</span> <span class='ocrx_word' id='word_1_23' title='bbox 953 820 1434 892; x_wconf 77' lang='grc' dir='ltr'>συλλογιστικῆς</span> <span class='ocrx_word' id='word_1_24' title='bbox 1516 825 1923 894; x_wconf 77' lang='grc' dir='ltr'>πολυτεκνίας</span> 
     </span>
    </p>
   </div>
   <div class='ocr_carea' id='block_1_7' title="bbox 400 912 1918 986">
    <p class='ocr_par' dir='ltr' id='par_1_7' title="bbox 400 912 1918 986">
     <span class='ocr_line' id='line_1_7' title="bbox 400 912 1918 986; baseline 0.004 -20"><span class='ocrx_word' id='word_1_25' title='bbox 400 912 778 982; x_wconf 70' lang='grc' dir='ltr'>προαγομὲνη</span> <span class='ocrx_word' id='word_1_26' title='bbox 803 928 816 943; x_wconf 80' lang='grc'><em>’</em></span> <span class='ocrx_word' id='word_1_27' title='bbox 839 912 938 968; x_wconf 82' lang='grc' dir='ltr'>καὶ</span> <span class='ocrx_word' id='word_1_28' title='bbox 959 914 1313 984; x_wconf 73' lang='grc' dir='ltr'>άντίρῤησις</span> <span class='ocrx_word' id='word_1_29' title='bbox 1346 916 1444 969; x_wconf 79' lang='grc' dir='ltr'><strong><em>καί</em></strong></span> <span class='ocrx_word' id='word_1_30' title='bbox 1470 917 1786 986; x_wconf 75' lang='grc' dir='ltr'>ἀνασκεῡὴ</span> <span class='ocrx_word' id='word_1_31' title='bbox 1820 920 1918 972; x_wconf 80' lang='grc' dir='ltr'>καὶ</span> 
     </span>
    </p>
   </div>
   <div class='ocr_carea' id='block_1_8' title="bbox 399 1004 1923 1078">
    <p class='ocr_par' dir='ltr' id='par_1_8' title="bbox 399 1004 1923 1078">
     <span class='ocr_line' id='line_1_8' title="bbox 399 1004 1923 1078; baseline 0.003 -19"><span class='ocrx_word' id='word_1_32' title='bbox 399 1006 655 1076; x_wconf 69' lang='grc' dir='ltr'>ἐλεγχος</span> <span class='ocrx_word' id='word_1_33' title='bbox 677 1004 785 1075; x_wconf 83' lang='grc' dir='ltr'>τῆς</span> <span class='ocrx_word' id='word_1_34' title='bbox 806 1006 1193 1077; x_wconf 62' lang='lat' dir='ltr'><strong><em>(Licymnith</em></strong></span> <span class='ocrx_word' id='word_1_35' title='bbox 1223 1008 1319 1062; x_wconf 74' lang='grc' dir='ltr'><strong><em>καί</em></strong></span> <span class='ocrx_word' id='word_1_36' title='bbox 1348 1009 1790 1078; x_wconf 82' lang='grc' dir='ltr'>μυσαρωτάτης</span> <span class='ocrx_word' id='word_1_37' title='bbox 1821 1011 1923 1075; x_wconf 82' lang='grc' dir='ltr'>,βί-</span> 
     </span>
    </p>
   </div>
   <div class='ocr_carea' id='block_1_9' title="bbox 399 1100 1922 1173">
    <p class='ocr_par' dir='ltr' id='par_1_9' title="bbox 399 1100 1922 1173">
     <span class='ocr_line' id='line_1_9' title="bbox 399 1100 1922 1173; baseline 0.002 -19"><span class='ocrx_word' id='word_1_38' title='bbox 399 1102 549 1155; x_wconf 70' lang='grc' dir='ltr'>ϐλου</span> <span class='ocrx_word' id='word_1_39' title='bbox 580 1100 693 1170; x_wconf 80' lang='grc' dir='ltr'>τῆς</span> <span class='ocrx_word' id='word_1_40' title='bbox 720 1102 880 1171; x_wconf 85' lang='grc' dir='ltr'>παρὰ</span> <span class='ocrx_word' id='word_1_41' title='bbox 902 1102 1009 1157; x_wconf 86' lang='grc' dir='ltr'>τοῦ</span> <span class='ocrx_word' id='word_1_42' title='bbox 1052 1102 1299 1170; x_wconf 79' lang='grc' dir='ltr'>Ἄραϐος</span> <span class='ocrx_word' id='word_1_43' title='bbox 1341 1102 1592 1173; x_wconf 81' lang='grc' dir='ltr'>Μωάμετ</span> <span class='ocrx_word' id='word_1_44' title='bbox 1651 1107 1922 1157; x_wconf 81' lang='grc' dir='ltr'>πλαστο-</span> 
     </span>
    </p>
   </div>
   <div class='ocr_carea' id='block_1_10' title="bbox 396 1192 1922 1265">
    <p class='ocr_par' dir='ltr' id='par_1_10' title="bbox 396 1192 1922 1265">
     <span class='ocr_line' id='line_1_10' title="bbox 396 1192 1922 1265; baseline -0.001 -16"><span class='ocrx_word' id='word_1_45' title='bbox 396 1193 834 1263; x_wconf 70' lang='grc' dir='ltr'>γραφηθείσης,</span> <span class='ocrx_word' id='word_1_46' title='bbox 871 1192 999 1263; x_wconf 77' lang='grc' dir='ltr'>ἦτοι</span> <span class='ocrx_word' id='word_1_47' title='bbox 1036 1192 1151 1263; x_wconf 83' lang='grc' dir='ltr'>τῆς</span> <span class='ocrx_word' id='word_1_48' title='bbox 1172 1193 1291 1248; x_wconf 84' lang='grc' dir='ltr'>τῶν</span> <span class='ocrx_word' id='word_1_49' title='bbox 1318 1194 1650 1265; x_wconf 77' lang='grc' dir='ltr'>Ἀγαρηνῶν</span> <span class='ocrx_word' id='word_1_50' title='bbox 1688 1195 1922 1264; x_wconf 72' lang='grc' dir='ltr'>ψευδω-</span> 
     </span>
    </p>
   </div>
   <div class='ocr_carea' id='block_1_11' title="bbox 395 1286 912 1355">
    <p class='ocr_par' dir='ltr' id='par_1_11' title="bbox 395 1286 912 1355">
     <span class='ocr_line' id='line_1_11' title="bbox 395 1286 912 1355; baseline 0.006 -17"><span class='ocrx_word' id='word_1_51' title='bbox 395 1287 593 1355; x_wconf 79' lang='grc' dir='ltr'>νύμου</span> <span class='ocrx_word' id='word_1_52' title='bbox 634 1286 912 1353; x_wconf 76' lang='grc' dir='ltr'>πίστεως.</span> 
     </span>
    </p>
   </div>
   <div class='ocr_carea' id='block_1_12' title="bbox 400 1375 1920 1452">
    <p class='ocr_par' dir='ltr' id='par_1_12' title="bbox 400 1375 1920 1452">
     <span class='ocr_line' id='line_1_12' title="bbox 400 1375 1920 1452; baseline 0.001 -20"><span class='ocrx_word' id='word_1_53' title='bbox 400 1384 471 1447; x_wconf 86' lang='grc' dir='ltr'><strong><em>γ’.</em></strong></span> <span class='ocrx_word' id='word_1_54' title='bbox 506 1377 727 1431; x_wconf 82' lang='grc' dir='ltr'>Πολλῶν</span> <span class='ocrx_word' id='word_1_55' title='bbox 758 1379 859 1449; x_wconf 72' lang='grc' dir='ltr'>ήδη</span> <span class='ocrx_word' id='word_1_56' title='bbox 882 1375 993 1432; x_wconf 86' lang='grc' dir='ltr'><strong><em>τῶν</em></strong></span> <span class='ocrx_word' id='word_1_57' title='bbox 1025 1377 1106 1443; x_wconf 89' lang='grc' dir='ltr'><strong><em>είς</em></strong></span> <span class='ocrx_word' id='word_1_58' title='bbox 1132 1377 1291 1444; x_wconf 77' lang='grc' dir='ltr'>δόξαν</span> <span class='ocrx_word' id='word_1_59' title='bbox 1329 1377 1464 1432; x_wconf 86' lang='grc' dir='ltr'>Θεοῦ</span> <span class='ocrx_word' id='word_1_60' title='bbox 1515 1379 1920 1452; x_wconf 80' lang='grc' dir='ltr'><strong><em>συντρεχόντων</em></strong></span> 
     </span>
    </p>
   </div>
   <div class='ocr_carea' id='block_1_13' title="bbox 320 1468 1916 1544">
    <p class='ocr_par' dir='ltr' id='par_1_13' title="bbox 320 1468 1916 1544">
     <span class='ocr_line' id='line_1_13' title="bbox 320 1468 1916 1544; baseline 0.002 -21"><span class='ocrx_word' id='word_1_61' title='bbox 320 1471 529 1541; x_wconf 77' lang='grc' dir='ltr'>ἀρετῆς</span> <span class='ocrx_word' id='word_1_62' title='bbox 551 1468 995 1541; x_wconf 80' lang='grc' dir='ltr'><strong><em>κατορθωμάτων</em></strong></span> <span class='ocrx_word' id='word_1_63' title='bbox 1014 1468 1166 1540; x_wconf 83' lang='grc' dir='ltr'>παρὰ</span> <span class='ocrx_word' id='word_1_64' title='bbox 1196 1469 1287 1523; x_wconf 78' lang='grc' dir='ltr'>τοῦ</span> <span class='ocrx_word' id='word_1_65' title='bbox 1321 1470 1620 1540; x_wconf 84' lang='grc' dir='ltr'>φιλαγάθου</span> <span class='ocrx_word' id='word_1_66' title='bbox 1660 1473 1754 1526; x_wconf 82' lang='lat' dir='ltr'><strong><em>xu‘t</em></strong></span> <span class='ocrx_word' id='word_1_67' title='bbox 1777 1474 1916 1544; x_wconf 79' lang='grc' dir='ltr'>Χριο</span> 
     </span>
    </p>
   </div>
   <div class='ocr_carea' id='block_1_14' title="bbox 326 1558 1917 1634">
    <p class='ocr_par' dir='ltr' id='par_1_14' title="bbox 326 1558 1917 1634">
     <span class='ocr_line' id='line_1_14' title="bbox 326 1558 1917 1634; baseline 0.002 -20"><span class='ocrx_word' id='word_1_68' title='bbox 326 1560 760 1615; x_wconf 84' lang='grc' dir='ltr'>στιανικωτάτου</span> <span class='ocrx_word' id='word_1_69' title='bbox 807 1558 966 1630; x_wconf 80' lang='grc' dir='ltr'>ἡμῶν</span> <span class='ocrx_word' id='word_1_70' title='bbox 1022 1559 1286 1631; x_wconf 83' lang='grc' dir='ltr'>βασιλέως</span> <span class='ocrx_word' id='word_1_71' title='bbox 1318 1562 1591 1633; x_wconf 79' lang='grc' dir='ltr'><strong><em>ὁσημέραι</em></strong></span> <span class='ocrx_word' id='word_1_72' title='bbox 1647 1561 1917 1634; x_wconf 88' lang='grc' dir='ltr'>διαπρατ-</span> 
     </span>
    </p>
   </div>
   <div class='ocr_carea' id='block_1_15' title="bbox 322 1646 1920 1724">
    <p class='ocr_par' dir='ltr' id='par_1_15' title="bbox 322 1646 1920 1724">
     <span class='ocr_line' id='line_1_15' title="bbox 322 1646 1920 1724; baseline 0.003 -17"><span class='ocrx_word' id='word_1_73' title='bbox 322 1653 595 1723; x_wconf 79' lang='grc' dir='ltr'>τομένων,</span> <span class='ocrx_word' id='word_1_74' title='bbox 632 1652 873 1723; x_wconf 83' lang='grc' dir='ltr'>μάλιστα</span> <span class='ocrx_word' id='word_1_75' title='bbox 899 1654 956 1706; x_wconf 83' lang='grc' dir='ltr'>δὲ</span> <span class='ocrx_word' id='word_1_76' title='bbox 984 1653 1109 1723; x_wconf 73' lang='grc' dir='ltr'>περὶ</span> <span class='ocrx_word' id='word_1_77' title='bbox 1136 1652 1235 1724; x_wconf 84' lang='grc' dir='ltr'><strong><em>τὴν</em></strong></span> <span class='ocrx_word' id='word_1_78' title='bbox 1267 1653 1468 1724; x_wconf 83' lang='grc' dir='ltr'>εὐσεϐῆ</span> <span class='ocrx_word' id='word_1_79' title='bbox 1517 1646 1599 1718; x_wconf 80' lang='grc' dir='ltr'><strong><em>είς</em></strong></span> <span class='ocrx_word' id='word_1_80' title='bbox 1651 1655 1784 1709; x_wconf 81' lang='grc' dir='ltr'>Θεὸν</span> <span class='ocrx_word' id='word_1_81' title='bbox 1823 1656 1920 1712; x_wconf 82' lang='grc' dir='ltr'>λα-</span> 
     </span>
    </p>
   </div>
   <div class='ocr_carea' id='block_1_16' title="bbox 319 1742 1915 1821">
    <p class='ocr_par' dir='ltr' id='par_1_16' title="bbox 319 1742 1915 1821">
     <span class='ocr_line' id='line_1_16' title="bbox 319 1742 1915 1821; baseline 0.003 -22"><span class='ocrx_word' id='word_1_82' title='bbox 319 1744 533 1816; x_wconf 85' lang='grc' dir='ltr'>τρείαν,</span> <span class='ocrx_word' id='word_1_83' title='bbox 570 1743 627 1798; x_wconf 85' lang='grc' dir='ltr'>ἒν</span> <span class='ocrx_word' id='word_1_84' title='bbox 654 1745 749 1799; x_wconf 82' lang='grc' dir='ltr'><strong><em>καὶ</em></strong></span> <span class='ocrx_word' id='word_1_85' title='bbox 776 1744 938 1799; x_wconf 79' lang='grc' dir='ltr'>τοῦτο</span> <span class='ocrx_word' id='word_1_86' title='bbox 959 1744 1197 1817; x_wconf 83' lang='grc' dir='ltr'>σπουδῆς</span> <span class='ocrx_word' id='word_1_87' title='bbox 1244 1742 1383 1810; x_wconf 82' lang='grc' dir='ltr'>εῖδος</span> <span class='ocrx_word' id='word_1_88' title='bbox 1436 1746 1515 1818; x_wconf 83' lang='grc' dir='ltr'>τῷ</span> <span class='ocrx_word' id='word_1_89' title='bbox 1560 1747 1915 1821; x_wconf 85' lang='grc' dir='ltr'>γαληνοτάτῳ</span> 
     </span>
    </p>
   </div>
   <div class='ocr_carea' id='block_1_17' title="bbox 1505 346 2458 415">
    <p class='ocr_par' dir='ltr' id='par_1_17' title="bbox 1505 346 2458 415">
     <span class='ocr_line' id='line_1_17' title="bbox 1505 346 2458 415; baseline 0.008 -8"><span class='ocrx_word' id='word_1_90' title='bbox 1505 346 1940 410; x_wconf 82' lang='lat' dir='ltr'><strong><em>BEFUTATIO</em></strong></span> <span class='ocrx_word' id='word_1_91' title='bbox 1981 350 2458 415; x_wconf 82' lang='lat' dir='ltr'><strong><em>MOHAMEDIS.</em></strong></span> 
     </span>
    </p>
   </div>
   <div class='ocr_carea' id='block_1_18' title="bbox 1948 470 1996 527">
    <p class='ocr_par' dir='ltr' id='par_1_18' title="bbox 1948 470 1996 527">
     <span class='ocr_line' id='line_1_18' title="bbox 1948 470 1996 527; baseline 0 -2"><span class='ocrx_word' id='word_1_92' title='bbox 1948 470 1996 527; x_wconf 85' lang='grc' dir='ltr'><strong>Δ</strong></span> 
     </span>
    </p>
   </div>
   <div class='ocr_carea' id='block_1_19' title="bbox 3498 360 3607 426">
    <p class='ocr_par' dir='ltr' id='par_1_19' title="bbox 3498 360 3607 426">
     <span class='ocr_line' id='line_1_19' title="bbox 3498 360 3607 426; baseline 0 -1"><span class='ocrx_word' id='word_1_93' title='bbox 3498 360 3607 426; x_wconf 64' lang='lat'><strong><em>674</em></strong></span> 
     </span>
    </p>
   </div>
   <div class='ocr_carea' id='block_1_20' title="bbox 2522 463 3089 524">
    <p class='ocr_par' dir='ltr' id='par_1_20' title="bbox 2522 463 3089 524">
     <span class='ocr_line' id='line_1_20' title="bbox 2522 463 3089 524; baseline 0.002 -2"><span class='ocrx_word' id='word_1_94' title='bbox 2522 463 2754 523; x_wconf 86' lang='lat' dir='ltr'><strong><em>CAPUT</em></strong></span> <span class='ocrx_word' id='word_1_95' title='bbox 2797 466 3066 524; x_wconf 81' lang='lat' dir='ltr'><strong><em>PRIMUM</em></strong></span> <span class='ocrx_word' id='word_1_96' title='bbox 3074 508 3089 523; x_wconf 92' lang='lat'><strong><em>.</em></strong></span> 
     </span>
    </p>
   </div>
   <div class='ocr_carea' id='block_1_21' title="bbox 2025 555 3611 630">
    <p class='ocr_par' dir='ltr' id='par_1_21' title="bbox 2025 555 3611 630">
     <span class='ocr_line' id='line_1_21' title="bbox 2025 555 3611 630; baseline 0.004 -20"><span class='ocrx_word' id='word_1_97' title='bbox 2025 555 2326 629; x_wconf 71' lang='lat' dir='ltr'><strong><em>Expositio,</em></strong></span> <span class='ocrx_word' id='word_1_98' title='bbox 2358 575 2480 613; x_wconf 88' lang='lat' dir='ltr'><strong><em>cum</em></strong></span> <span class='ocrx_word' id='word_1_99' title='bbox 2509 562 2838 630; x_wconf 86' lang='lat' dir='ltr'><strong><em>argumentis</em></strong></span> <span class='ocrx_word' id='word_1_100' title='bbox 2866 569 2916 616; x_wconf 88' lang='lat' dir='ltr'><strong><em>et</em></strong></span> <span class='ocrx_word' id='word_1_101' title='bbox 2943 563 3417 630; x_wconf 77' lang='lat' dir='ltr'><strong><em>demonstratione,</em></strong></span> <span class='ocrx_word' id='word_1_102' title='bbox 3452 564 3611 621; x_wconf 83' lang='lat' dir='ltr'><strong><em>Chri-</em></strong></span> 
     </span>
    </p>
   </div>
   <div class='ocr_carea' id='block_1_22' title="bbox 2093 648 3611 723">
    <p class='ocr_par' dir='ltr' id='par_1_22' title="bbox 2093 648 3611 723">
     <span class='ocr_line' id='line_1_22' title="bbox 2093 648 3611 723; baseline 0.009 -22"><span class='ocrx_word' id='word_1_103' title='bbox 2093 649 2260 703; x_wconf 84' lang='lat' dir='ltr'><strong><em>stiani</em></strong></span> <span class='ocrx_word' id='word_1_104' title='bbox 2307 648 2599 721; x_wconf 83' lang='lat' dir='ltr'><strong><em>dogmatis,</em></strong></span> <span class='ocrx_word' id='word_1_105' title='bbox 2635 668 2701 706; x_wconf 73' lang='lat' dir='ltr'><strong><em>ea:</em></strong></span> <span class='ocrx_word' id='word_1_106' title='bbox 2754 654 3123 709; x_wconf 73' lang='lat' dir='ltr'><strong><em>communibus</em></strong></span> <span class='ocrx_word' id='word_1_107' title='bbox 3179 656 3503 723; x_wconf 86' lang='lat' dir='ltr'><strong><em>nationibus,</em></strong></span> <span class='ocrx_word' id='word_1_108' title='bbox 3559 670 3611 716; x_wconf 87' lang='lat' dir='ltr'><strong><em>et</em></strong></span> 
     </span>
    </p>
   </div>
   <div class='ocr_carea' id='block_1_23' title="bbox 2093 740 3613 820">
    <p class='ocr_par' dir='ltr' id='par_1_23' title="bbox 2093 740 3613 820">
     <span class='ocr_line' id='line_1_23' title="bbox 2093 740 3613 820; baseline 0.007 -28"><span class='ocrx_word' id='word_1_109' title='bbox 2093 740 2378 794; x_wconf 82' lang='lat' dir='ltr'><strong><em>dialectica</em></strong></span> <span class='ocrx_word' id='word_1_110' title='bbox 2409 741 2680 809; x_wconf 81' lang='lat' dir='ltr'><strong><em>methodo,</em></strong></span> <span class='ocrx_word' id='word_1_111' title='bbox 2732 759 2933 797; x_wconf 82' lang='lat' dir='ltr'><strong><em>necnon</em></strong></span> <span class='ocrx_word' id='word_1_112' title='bbox 2960 747 3296 801; x_wconf 85' lang='lat' dir='ltr'><strong><em>naturalibus</em></strong></span> <span class='ocrx_word' id='word_1_113' title='bbox 3327 765 3613 820; x_wconf 87' lang='lat' dir='ltr'><strong><em>argumen-</em></strong></span> 
     </span>
    </p>
   </div>
   <div class='ocr_carea' id='block_1_24' title="bbox 2094 827 3613 908">
    <p class='ocr_par' dir='ltr' id='par_1_24' title="bbox 2094 827 3613 908">
     <span class='ocr_line' id='line_1_24' title="bbox 2094 827 3613 908; baseline 0.009 -23"><span class='ocrx_word' id='word_1_114' title='bbox 2094 832 2181 896; x_wconf 90' lang='lat' dir='ltr'><strong><em>tis,</em></strong></span> <span class='ocrx_word' id='word_1_115' title='bbox 2218 827 2490 904; x_wconf 28' lang='lat' dir='ltr'><strong><em>varioque‘</em></strong></span> <span class='ocrx_word' id='word_1_116' title='bbox 2523 834 2852 906; x_wconf 81' lang='lat' dir='ltr'><strong><em>syllogistico</em></strong></span> <span class='ocrx_word' id='word_1_117' title='bbox 2891 837 3147 908; x_wconf 79' lang='lat' dir='ltr'><strong><em>artiﬁcio,</em></strong></span> <span class='ocrx_word' id='word_1_118' title='bbox 3197 839 3445 895; x_wconf 83' lang='lat' dir='ltr'><strong><em>deducta.</em></strong></span> <span class='ocrx_word' id='word_1_119' title='bbox 3473 841 3613 898; x_wconf 89' lang='lat' dir='ltr'><strong><em>Con-</em></strong></span> 
     </span>
    </p>
   </div>
   <div class='ocr_carea' id='block_1_25' title="bbox 2094 923 3613 1003">
    <p class='ocr_par' dir='ltr' id='par_1_25' title="bbox 2094 923 3613 1003">
     <span class='ocr_line' id='line_1_25' title="bbox 2094 923 3613 1003; baseline 0.009 -26"><span class='ocrx_word' id='word_1_120' title='bbox 2094 923 2291 993; x_wconf 77' lang='lat' dir='ltr'><strong><em>futatio</em></strong></span> <span class='ocrx_word' id='word_1_121' title='bbox 2323 926 2491 1003; x_wconf 67' lang='lat' dir='ltr'><strong><em>simul</em></strong></span> <span class='ocrx_word' id='word_1_122' title='bbox 2532 937 2583 982; x_wconf 87' lang='lat' dir='ltr'><strong><em>et</em></strong></span> <span class='ocrx_word' id='word_1_123' title='bbox 2607 929 2806 984; x_wconf 83' lang='lat' dir='ltr'><strong><em>eversio</em></strong></span> <span class='ocrx_word' id='word_1_124' title='bbox 2855 943 3009 1002; x_wconf 85' lang='lat' dir='ltr'><strong><em>atque</em></strong></span> <span class='ocrx_word' id='word_1_125' title='bbox 3053 934 3327 1003; x_wconf 83' lang='lat' dir='ltr'><strong><em>coargutio</em></strong></span> <span class='ocrx_word' id='word_1_126' title='bbox 3367 935 3613 990; x_wconf 79' lang='lat' dir='ltr'><strong><em>insulsis-</em></strong></span> 
     </span>
    </p>
   </div>
   <div class='ocr_carea' id='block_1_26' title="bbox 2090 1014 3616 1095">
    <p class='ocr_par' dir='ltr' id='par_1_26' title="bbox 2090 1014 3616 1095">
     <span class='ocr_line' id='line_1_26' title="bbox 2090 1014 3616 1095; baseline 0.009 -27"><span class='ocrx_word' id='word_1_127' title='bbox 2090 1014 2214 1068; x_wconf 88' lang='lat' dir='ltr'><strong><em>sinti</em></strong></span> <span class='ocrx_word' id='word_1_128' title='bbox 2235 1031 2298 1069; x_wconf 93' lang='lat' dir='ltr'><strong><em>ac</em></strong></span> <span class='ocrx_word' id='word_1_129' title='bbox 2325 1016 2703 1085; x_wconf 82' lang='lat' dir='ltr'><strong><em>nefandissimi</em></strong></span> <span class='ocrx_word' id='word_1_130' title='bbox 2744 1018 2808 1073; x_wconf 90' lang='lat' dir='ltr'><strong><em>ab</em></strong></span> <span class='ocrx_word' id='word_1_131' title='bbox 2840 1018 3016 1075; x_wconf 84' lang='lat' dir='ltr'><strong><em>Arabe</em></strong></span> <span class='ocrx_word' id='word_1_132' title='bbox 3045 1020 3361 1077; x_wconf 83' lang='lat' dir='ltr'><strong><em>Mohamede</em></strong></span> <span class='ocrx_word' id='word_1_133' title='bbox 3397 1026 3616 1095; x_wconf 81' lang='lat' dir='ltr'><strong><em>conﬁcti</em></strong></span> 
     </span>
    </p>
   </div>
   <div class='ocr_carea' id='block_1_27' title="bbox 2090 1104 3349 1185">
    <p class='ocr_par' dir='ltr' id='par_1_27' title="bbox 2090 1104 3349 1185">
     <span class='ocr_line' id='line_1_27' title="bbox 2090 1104 3349 1185; baseline 0.01 -27"><span class='ocrx_word' id='word_1_134' title='bbox 2090 1104 2238 1173; x_wconf 82' lang='lat' dir='ltr'><strong><em>libri,</em></strong></span> <span class='ocrx_word' id='word_1_135' title='bbox 2271 1108 2378 1163; x_wconf 84' lang='lat' dir='ltr'><strong><em>sive</em></strong></span> <span class='ocrx_word' id='word_1_136' title='bbox 2401 1110 2779 1182; x_wconf 69' lang='lat' dir='ltr'><strong><em>pseudonyma:</em></strong></span> <span class='ocrx_word' id='word_1_137' title='bbox 2801 1112 3168 1183; x_wconf 68' lang='lat' dir='ltr'><strong><em>Agar-enarunt</em></strong></span> <span class='ocrx_word' id='word_1_138' title='bbox 3203 1114 3349 1185; x_wconf 73' lang='lat' dir='ltr'><strong><em>ﬁdei.</em></strong></span> 
     </span>
    </p>
   </div>
   <div class='ocr_carea' id='block_1_28' title="bbox 2094 1382 3615 1463">
    <p class='ocr_par' dir='ltr' id='par_1_28' title="bbox 2094 1382 3615 1463">
     <span class='ocr_line' id='line_1_28' title="bbox 2094 1382 3615 1463; baseline 0.007 -27"><span class='ocrx_word' id='word_1_139' title='bbox 2094 1382 2150 1438; x_wconf 78' lang='lat'><strong><em>5.</em></strong></span> <span class='ocrx_word' id='word_1_140' title='bbox 2191 1382 2341 1439; x_wconf 86' lang='lat' dir='ltr'><strong><em>Inter</em></strong></span> <span class='ocrx_word' id='word_1_141' title='bbox 2367 1392 2448 1440; x_wconf 88' lang='lat' dir='ltr'><strong><em>tot</em></strong></span> <span class='ocrx_word' id='word_1_142' title='bbox 2477 1385 2623 1442; x_wconf 89' lang='lat' dir='ltr'><strong><em>bona</em></strong></span> <span class='ocrx_word' id='word_1_143' title='bbox 2658 1384 2881 1443; x_wconf 90' lang='lat' dir='ltr'><strong><em>virtutis</em></strong></span> <span class='ocrx_word' id='word_1_144' title='bbox 2910 1402 3100 1458; x_wconf 84' lang='lat' dir='ltr'><strong><em>opera,</em></strong></span> <span class='ocrx_word' id='word_1_145' title='bbox 3144 1389 3212 1445; x_wconf 85' lang='lat' dir='ltr'><strong><em>ad</em></strong></span> <span class='ocrx_word' id='word_1_146' title='bbox 3268 1389 3359 1446; x_wconf 88' lang='lat' dir='ltr'><strong><em>Dei</em></strong></span> <span class='ocrx_word' id='word_1_147' title='bbox 3383 1390 3615 1463; x_wconf 77' lang='lat' dir='ltr'><strong><em>gloriam</em></strong></span> 
     </span>
    </p>
   </div>
   <div class='ocr_carea' id='block_1_29' title="bbox 2022 1476 3611 1549">
    <p class='ocr_par' dir='ltr' id='par_1_29' title="bbox 2022 1476 3611 1549">
     <span class='ocr_line' id='line_1_29' title="bbox 2022 1476 3611 1549; baseline 0.004 -18"><span class='ocrx_word' id='word_1_148' title='bbox 2022 1476 2409 1544; x_wconf 79' lang='lat' dir='ltr'><strong><em>redundantia,</em></strong></span> <span class='ocrx_word' id='word_1_149' title='bbox 2440 1494 2565 1549; x_wconf 82' lang='lat' dir='ltr'><strong><em>quae</em></strong></span> <span class='ocrx_word' id='word_1_150' title='bbox 2592 1478 2662 1534; x_wconf 90' lang='lat' dir='ltr'><strong><em>ab</em></strong></span> <span class='ocrx_word' id='word_1_151' title='bbox 2685 1480 2894 1549; x_wconf 91' lang='lat' dir='ltr'><strong><em>optimo</em></strong></span> <span class='ocrx_word' id='word_1_152' title='bbox 2921 1491 2974 1534; x_wconf 88' lang='lat' dir='ltr'><strong><em>et</em></strong></span> <span class='ocrx_word' id='word_1_153' title='bbox 2999 1481 3481 1540; x_wconf 87' lang='lat' dir='ltr'><strong><em>Christianissimo</em></strong></span> <span class='ocrx_word' id='word_1_154' title='bbox 3505 1484 3611 1538; x_wconf 87' lang='lat' dir='ltr'><strong><em>im-</em></strong></span> 
     </span>
    </p>
   </div>
   <div class='ocr_carea' id='block_1_30' title="bbox 2023 1569 3657 1644">
    <p class='ocr_par' dir='ltr' id='par_1_30' title="bbox 2023 1569 3657 1644">
     <span class='ocr_line' id='line_1_30' title="bbox 2023 1569 3657 1644; baseline 0.005 -21"><span class='ocrx_word' id='word_1_155' title='bbox 2023 1578 2276 1638; x_wconf 83' lang='lat' dir='ltr'><strong><em>peratore</em></strong></span> <span class='ocrx_word' id='word_1_156' title='bbox 2318 1580 2507 1626; x_wconf 90' lang='lat' dir='ltr'><strong><em>nostro</em></strong></span> <span class='ocrx_word' id='word_1_157' title='bbox 2533 1569 2782 1642; x_wconf 81' lang='lat' dir='ltr'><strong><em>quotidie</em></strong></span> <span class='ocrx_word' id='word_1_158' title='bbox 2824 1571 2983 1638; x_wconf 91' lang='lat' dir='ltr'><strong><em>ﬁunt,</em></strong></span> <span class='ocrx_word' id='word_1_159' title='bbox 3022 1574 3299 1644; x_wconf 73' lang='lat' dir='ltr'><strong><em>praecipue</em></strong></span> <span class='ocrx_word' id='word_1_160' title='bbox 3327 1575 3474 1631; x_wconf 90' lang='lat' dir='ltr'><strong><em>circa</em></strong></span> <span class='ocrx_word' id='word_1_161' title='bbox 3511 1592 3613 1631; x_wconf 87' lang='lat' dir='ltr'><strong><em>ve-</em></strong></span> <span class='ocrx_word' id='word_1_162' title='bbox 3648 1601 3657 1609; x_wconf 94' lang='lat'><strong>-</strong></span> 
     </span>
    </p>
   </div>
   <div class='ocr_carea' id='block_1_31' title="bbox 2020 1661 3612 1741">
    <p class='ocr_par' dir='ltr' id='par_1_31' title="bbox 2020 1661 3612 1741">
     <span class='ocr_line' id='line_1_31' title="bbox 2020 1661 3612 1741; baseline 0.007 -26"><span class='ocrx_word' id='word_1_163' title='bbox 2020 1676 2145 1716; x_wconf 87' lang='lat' dir='ltr'><strong><em>rum</em></strong></span> <span class='ocrx_word' id='word_1_164' title='bbox 2205 1661 2301 1718; x_wconf 87' lang='lat' dir='ltr'><strong><em>Dei</em></strong></span> <span class='ocrx_word' id='word_1_165' title='bbox 2350 1664 2582 1729; x_wconf 91' lang='lat' dir='ltr'><strong><em>cultum,</em></strong></span> <span class='ocrx_word' id='word_1_166' title='bbox 2637 1665 2752 1720; x_wconf 72' lang='lat' dir='ltr'><strong><em>haec</em></strong></span> <span class='ocrx_word' id='word_1_167' title='bbox 2799 1681 3022 1737; x_wconf 90' lang='lat' dir='ltr'><strong><em>quoque</em></strong></span> <span class='ocrx_word' id='word_1_168' title='bbox 3067 1668 3440 1725; x_wconf 60' lang='lat' dir='ltr'><strong><em>serenissima</em></strong></span> <span class='ocrx_word' id='word_1_169' title='bbox 3486 1669 3612 1741; x_wconf 89' lang='lat' dir='ltr'><strong><em>ejus</em></strong></span> 
     </span>
    </p>
   </div>
   <div class='ocr_carea' id='block_1_32' title="bbox 2020 1753 3609 1831">
    <p class='ocr_par' dir='ltr' id='par_1_32' title="bbox 2020 1753 3609 1831">
     <span class='ocr_line' id='line_1_32' title="bbox 2020 1753 3609 1831; baseline 0.005 -24"><span class='ocrx_word' id='word_1_170' title='bbox 2020 1753 2294 1823; x_wconf 71' lang='lat' dir='ltr'><strong><em>maiestati</em></strong></span> <span class='ocrx_word' id='word_1_171' title='bbox 2353 1756 2650 1824; x_wconf 84' lang='lat' dir='ltr'><strong><em>peculiaris</em></strong></span> <span class='ocrx_word' id='word_1_172' title='bbox 2708 1772 2842 1814; x_wconf 89' lang='lat' dir='ltr'><strong><em>cura</em></strong></span> <span class='ocrx_word' id='word_1_173' title='bbox 2914 1758 3099 1829; x_wconf 45' lang='lat' dir='ltr'><strong><em>inest...</em></strong></span> <span class='ocrx_word' id='word_1_174' title='bbox 3150 1767 3212 1814; x_wconf 89' lang='lat' dir='ltr'><strong><em>ut</em></strong></span> <span class='ocrx_word' id='word_1_175' title='bbox 3275 1770 3609 1831; x_wconf 78' lang='lat' dir='ltr'><strong><em>coarguatur</em></strong></span> 
     </span>
    </p>
   </div>
   <div class='ocr_carea' id='block_1_33' title="bbox 321 1836 1916 1917">
    <p class='ocr_par' dir='ltr' id='par_1_33' title="bbox 321 1836 1916 1915">
     <span class='ocr_line' id='line_1_33' title="bbox 321 1836 1916 1915; baseline 0.004 -25"><span class='ocrx_word' id='word_1_176' title='bbox 321 1837 519 1909; x_wconf 82' lang='grc' dir='ltr'>κράτει</span> <span class='ocrx_word' id='word_1_177' title='bbox 558 1837 919 1909; x_wconf 76' lang='grc' dir='ltr'><strong><em>καθέστηκεν,</em></strong></span> <span class='ocrx_word' id='word_1_178' title='bbox 956 1836 1018 1891; x_wconf 82' lang='grc' dir='ltr'><strong><em>τὸ</em></strong></span> <span class='ocrx_word' id='word_1_179' title='bbox 1072 1837 1474 1913; x_wconf 80' lang='grc' dir='ltr'>ἀπελεγχθῆναι</span> <span class='ocrx_word' id='word_1_180' title='bbox 1513 1841 1614 1912; x_wconf 82' lang='grc' dir='ltr'><strong><em>τὴν</em></strong></span> <span class='ocrx_word' id='word_1_181' title='bbox 1645 1843 1916 1915; x_wconf 71' lang='grc' dir='ltr'>ἠπατημέε</span> 
     </span>
    </p>
   </div>
   <div class='ocr_carea' id='block_1_34' title="bbox 2021 1836 3611 1917">
    <p class='ocr_par' dir='ltr' id='par_1_34' title="bbox 2033 1844 3611 1917">
     <span class='ocr_line' id='line_1_34' title="bbox 2033 1844 3611 1917; baseline 0.005 -17"><span class='ocrx_word' id='word_1_182' title='bbox 2033 1844 2380 1917; x_wconf 84' lang='lat' dir='ltr'><strong><em>mendaxque</em></strong></span> <span class='ocrx_word' id='word_1_183' title='bbox 2434 1855 2490 1902; x_wconf 87' lang='lat' dir='ltr'><strong><em>et</em></strong></span> <span class='ocrx_word' id='word_1_184' title='bbox 2532 1857 2853 1917; x_wconf 85' lang='lat' dir='ltr'><strong><em>portentosa</em></strong></span> <span class='ocrx_word' id='word_1_185' title='bbox 2916 1850 3324 1907; x_wconf 86' lang='lat' dir='ltr'><strong><em>demonstretur</em></strong></span> <span class='ocrx_word' id='word_1_186' title='bbox 3376 1868 3611 1908; x_wconf 84' lang='lat' dir='ltr'><strong><em>erronca</em></strong></span> 
     </span>
    </p>
   </div>
   <div class='ocr_carea' id='block_1_35' title="bbox 322 1930 1916 2007">
    <p class='ocr_par' dir='ltr' id='par_1_35' title="bbox 322 1930 1916 2007">
     <span class='ocr_line' id='line_1_35' title="bbox 322 1930 1916 2007; baseline 0.004 -23"><span class='ocrx_word' id='word_1_187' title='bbox 322 1948 424 2003; x_wconf 88' lang='grc' dir='ltr'><strong><em>νην</em></strong></span> <span class='ocrx_word' id='word_1_188' title='bbox 452 1930 542 1984; x_wconf 75' lang='grc' dir='ltr'><strong><em>καὶ</em></strong></span> <span class='ocrx_word' id='word_1_189' title='bbox 569 1931 924 2003; x_wconf 84' lang='grc' dir='ltr'>ἀλογωτάτην</span> <span class='ocrx_word' id='word_1_190' title='bbox 972 1931 1130 1997; x_wconf 80' lang='grc' dir='ltr'>δόξαν</span> <span class='ocrx_word' id='word_1_191' title='bbox 1170 1933 1270 2002; x_wconf 80' lang='grc' dir='ltr'>τὴν</span> <span class='ocrx_word' id='word_1_192' title='bbox 1326 1934 1916 2007; x_wconf 84' lang='grc' dir='ltr'>πλαστογραφηθεῖσαν</span> 
     </span>
    </p>
   </div>
   <div class='ocr_carea' id='block_1_36' title="bbox 322 2023 1914 2100">
    <p class='ocr_par' dir='ltr' id='par_1_36' title="bbox 322 2023 1914 2100">
     <span class='ocr_line' id='line_1_36' title="bbox 322 2023 1914 2100; baseline 0.003 -24"><span class='ocrx_word' id='word_1_193' title='bbox 322 2025 383 2076; x_wconf 80' lang='grc' dir='ltr'>ἐν</span> <span class='ocrx_word' id='word_1_194' title='bbox 413 2025 477 2095; x_wconf 83' lang='grc' dir='ltr'>τῇ</span> <span class='ocrx_word' id='word_1_195' title='bbox 511 2023 964 2096; x_wconf 79' lang='grc' dir='ltr'>ὲπονομαζομένῃ</span> <span class='ocrx_word' id='word_1_196' title='bbox 1010 2024 1103 2078; x_wconf 82' lang='grc' dir='ltr'>τοῦ</span> <span class='ocrx_word' id='word_1_197' title='bbox 1143 2025 1383 2096; x_wconf 82' lang='grc' dir='ltr'>’Λραϐος</span> <span class='ocrx_word' id='word_1_198' title='bbox 1420 2027 1667 2099; x_wconf 85' lang='grc' dir='ltr'>Μωάμετ</span> <span class='ocrx_word' id='word_1_199' title='bbox 1700 2028 1868 2100; x_wconf 83' lang='grc' dir='ltr'>βίϐλῳ</span> <span class='ocrx_word' id='word_1_200' title='bbox 1896 2045 1914 2061; x_wconf 81' lang='grc' dir='ltr'><strong><em>ο</em></strong></span> 
     </span>
    </p>
   </div>
   <div class='ocr_carea' id='block_1_37' title="bbox 320 2113 1918 2193">
    <p class='ocr_par' dir='ltr' id='par_1_37' title="bbox 320 2113 1918 2193">
     <span class='ocr_line' id='line_1_37' title="bbox 320 2113 1918 2193; baseline 0.003 -22"><span class='ocrx_word' id='word_1_201' title='bbox 320 2116 448 2171; x_wconf 77' lang='grc' dir='ltr'>ὅθεν</span> <span class='ocrx_word' id='word_1_202' title='bbox 474 2116 573 2189; x_wconf 81' lang='grc' dir='ltr'>τὴν</span> <span class='ocrx_word' id='word_1_203' title='bbox 592 2117 868 2189; x_wconf 82' lang='grc' dir='ltr'><strong><em>ἡμετέραν</em></strong></span> <span class='ocrx_word' id='word_1_204' title='bbox 897 2116 1253 2189; x_wconf 81' lang='grc' dir='ltr'>ἁναξιότητα,</span> <span class='ocrx_word' id='word_1_205' title='bbox 1292 2113 1381 2173; x_wconf 79' lang='grc' dir='ltr'>οἷα</span> <span class='ocrx_word' id='word_1_206' title='bbox 1409 2119 1474 2193; x_wconf 84' lang='grc' dir='ltr'>δὴ</span> <span class='ocrx_word' id='word_1_207' title='bbox 1501 2121 1789 2193; x_wconf 72' lang='grc' dir='ltr'><strong><em>ἐλλόγιμον</em></strong></span> <span class='ocrx_word' id='word_1_208' title='bbox 1820 2139 1918 2176; x_wconf 85' lang='grc' dir='ltr'>πο-</span> 
     </span>
    </p>
   </div>
   <div class='ocr_carea' id='block_1_38' title="bbox 324 2206 1917 2283">
    <p class='ocr_par' dir='ltr' id='par_1_38' title="bbox 324 2206 1917 2283">
     <span class='ocr_line' id='line_1_38' title="bbox 324 2206 1917 2283; baseline 0.001 -20"><span class='ocrx_word' id='word_1_209' title='bbox 324 2209 439 2274; x_wconf 85' lang='grc' dir='ltr'><strong><em>σῶς</em></strong></span> <span class='ocrx_word' id='word_1_210' title='bbox 488 2206 679 2273; x_wconf 79' lang='grc' dir='ltr'>οὖσαν,</span> <span class='ocrx_word' id='word_1_211' title='bbox 714 2208 811 2262; x_wconf 79' lang='lat' dir='ltr'><strong><em>xui.</em></strong></span> <span class='ocrx_word' id='word_1_212' title='bbox 838 2208 1101 2274; x_wconf 81' lang='grc' dir='ltr'>εὐνοϊκῶς</span> <span class='ocrx_word' id='word_1_213' title='bbox 1154 2209 1293 2281; x_wconf 84' lang='grc' dir='ltr'>πρὸς</span> <span class='ocrx_word' id='word_1_214' title='bbox 1326 2211 1426 2283; x_wconf 80' lang='grc' dir='ltr'><strong><em>τὴν</em></strong></span> <span class='ocrx_word' id='word_1_215' title='bbox 1470 2211 1636 2265; x_wconf 83' lang='grc' dir='ltr'>αὐτοῦ</span> <span class='ocrx_word' id='word_1_216' title='bbox 1697 2211 1917 2281; x_wconf 87' lang='grc' dir='ltr'>θεοσυγ-</span> 
     </span>
    </p>
   </div>
   <div class='ocr_carea' id='block_1_39' title="bbox 322 2299 1914 2374">
    <p class='ocr_par' dir='ltr' id='par_1_39' title="bbox 322 2299 1914 2374">
     <span class='ocr_line' id='line_1_39' title="bbox 322 2299 1914 2374; baseline 0.001 -19"><span class='ocrx_word' id='word_1_217' title='bbox 322 2301 590 2373; x_wconf 83' lang='grc' dir='ltr'>κρότητον</span> <span class='ocrx_word' id='word_1_218' title='bbox 618 2299 898 2370; x_wconf 85' lang='grc' dir='ltr'>βασιλείαν</span> <span class='ocrx_word' id='word_1_219' title='bbox 933 2301 1359 2373; x_wconf 82' lang='grc' dir='ltr'>προσκειμένην,</span> <span class='ocrx_word' id='word_1_220' title='bbox 1386 2302 1764 2374; x_wconf 79' lang='grc' dir='ltr'>προετρέψατο</span> <span class='ocrx_word' id='word_1_221' title='bbox 1789 2302 1914 2357; x_wconf 89' lang='grc' dir='ltr'>καθ’</span> 
     </span>
    </p>
   </div>
   <div class='ocr_carea' id='block_1_40' title="bbox 319 2386 1915 2465">
    <p class='ocr_par' dir='ltr' id='par_1_40' title="bbox 319 2386 1915 2465">
     <span class='ocr_line' id='line_1_40' title="bbox 319 2386 1915 2465; baseline 0.001 -17"><span class='ocrx_word' id='word_1_222' title='bbox 319 2394 448 2448; x_wconf 77' lang='grc' dir='ltr'>ὅσον</span> <span class='ocrx_word' id='word_1_223' title='bbox 470 2388 576 2447; x_wconf 78' lang='grc' dir='ltr'>οἶοί</span> <span class='ocrx_word' id='word_1_224' title='bbox 612 2393 672 2447; x_wconf 87' lang='grc' dir='ltr'>τέ</span> <span class='ocrx_word' id='word_1_225' title='bbox 696 2395 885 2464; x_wconf 75' lang='grc' dir='ltr'>ἐσμεν,</span> <span class='ocrx_word' id='word_1_226' title='bbox 920 2386 1271 2464; x_wconf 82' lang='grc' dir='ltr'>στηλιτεῦσαι</span> <span class='ocrx_word' id='word_1_227' title='bbox 1320 2394 1416 2448; x_wconf 81' lang='lat' dir='ltr'><strong><em>xui</em></strong></span> <span class='ocrx_word' id='word_1_228' title='bbox 1468 2394 1641 2461; x_wconf 76' lang='grc' dir='ltr'>δείξαι</span> <span class='ocrx_word' id='word_1_229' title='bbox 1695 2395 1915 2465; x_wconf 73' lang='grc' dir='ltr'>μακρὰν</span> 
     </span>
    </p>
   </div>
   <div class='ocr_carea' id='block_1_41' title="bbox 320 2485 1915 2560">
    <p class='ocr_par' dir='ltr' id='par_1_41' title="bbox 320 2485 1915 2560">
     <span class='ocr_line' id='line_1_41' title="bbox 320 2485 1915 2560; baseline 0.001 -21"><span class='ocrx_word' id='word_1_230' title='bbox 320 2486 423 2558; x_wconf 82' lang='grc' dir='ltr'>τῆς</span> <span class='ocrx_word' id='word_1_231' title='bbox 451 2486 710 2558; x_wconf 77' lang='grc' dir='ltr'><strong><em>ἀληθείας</em></strong></span> <span class='ocrx_word' id='word_1_232' title='bbox 736 2485 1110 2560; x_wconf 79' lang='grc' dir='ltr'>ὑπάρχουσαν,</span> <span class='ocrx_word' id='word_1_233' title='bbox 1137 2487 1199 2540; x_wconf 80' lang='grc' dir='ltr'><strong><em>οὐ</em></strong></span> <span class='ocrx_word' id='word_1_234' title='bbox 1238 2488 1399 2556; x_wconf 85' lang='grc' dir='ltr'>μόνον</span> <span class='ocrx_word' id='word_1_235' title='bbox 1422 2491 1479 2541; x_wconf 81' lang='grc' dir='ltr'><strong><em>ἐν</em></strong></span> <span class='ocrx_word' id='word_1_236' title='bbox 1518 2488 1637 2551; x_wconf 80' lang='grc' dir='ltr'>ταῖς</span> <span class='ocrx_word' id='word_1_237' title='bbox 1668 2487 1796 2559; x_wconf 80' lang='grc' dir='ltr'>περὶ</span> <span class='ocrx_word' id='word_1_238' title='bbox 1852 2489 1915 2541; x_wconf 81' lang='grc' dir='ltr'><strong><em>τὸ</em></strong></span> 
     </span>
    </p>
   </div>
   <div class='ocr_carea' id='block_1_42' title="bbox 322 2578 1916 2651">
    <p class='ocr_par' dir='ltr' id='par_1_42' title="bbox 322 2578 1916 2651">
     <span class='ocr_line' id='line_1_42' title="bbox 322 2578 1916 2651; baseline 0.001 -20"><span class='ocrx_word' id='word_1_239' title='bbox 322 2578 482 2633; x_wconf 70' lang='grc' dir='ltr'>Θςῖον</span> <span class='ocrx_word' id='word_1_240' title='bbox 506 2579 737 2648; x_wconf 80' lang='grc' dir='ltr'>σαφέσιν</span> <span class='ocrx_word' id='word_1_241' title='bbox 770 2578 1125 2649; x_wconf 73' lang='grc' dir='ltr'>ὑπολήψεσιν,</span> <span class='ocrx_word' id='word_1_242' title='bbox 1155 2578 1292 2632; x_wconf 72' lang='grc' dir='ltr'>ἀλλὰ</span> <span class='ocrx_word' id='word_1_243' title='bbox 1318 2581 1412 2633; x_wconf 78' lang='grc' dir='ltr'>καὶ</span> <span class='ocrx_word' id='word_1_244' title='bbox 1454 2581 1512 2633; x_wconf 83' lang='grc' dir='ltr'>ὲν</span> <span class='ocrx_word' id='word_1_245' title='bbox 1536 2580 1727 2643; x_wconf 80' lang='grc' dir='ltr'>αὐταῖς</span> <span class='ocrx_word' id='word_1_246' title='bbox 1763 2578 1916 2651; x_wconf 85' lang='grc' dir='ltr'>παρὰ</span> 
     </span>
    </p>
   </div>
   <div class='ocr_carea' id='block_1_43' title="bbox 322 2669 1913 2744">
    <p class='ocr_par' dir='ltr' id='par_1_43' title="bbox 322 2669 1913 2744">
     <span class='ocr_line' id='line_1_43' title="bbox 322 2669 1913 2744; baseline 0.001 -20"><span class='ocrx_word' id='word_1_247' title='bbox 322 2672 419 2724; x_wconf 79' lang='grc' dir='ltr'>τοῦ</span> <span class='ocrx_word' id='word_1_248' title='bbox 446 2669 625 2724; x_wconf 86' lang='grc' dir='ltr'>κοινοῦ</span> <span class='ocrx_word' id='word_1_249' title='bbox 658 2669 760 2740; x_wconf 82' lang='grc' dir='ltr'>τῆς</span> <span class='ocrx_word' id='word_1_250' title='bbox 791 2670 1214 2742; x_wconf 83' lang='grc' dir='ltr'>ἀνθρωπότητος</span> <span class='ocrx_word' id='word_1_251' title='bbox 1256 2672 1448 2740; x_wconf 81' lang='grc' dir='ltr'>γένους</span> <span class='ocrx_word' id='word_1_252' title='bbox 1500 2671 1696 2744; x_wconf 79' lang='grc' dir='ltr'>ῥᾳδίως</span> <span class='ocrx_word' id='word_1_253' title='bbox 1745 2689 1913 2740; x_wconf 87' lang='grc' dir='ltr'>γινω-</span> 
     </span>
    </p>
   </div>
   <div class='ocr_carea' id='block_1_44' title="bbox 324 2761 1911 2833">
    <p class='ocr_par' dir='ltr' id='par_1_44' title="bbox 324 2761 1911 2833">
     <span class='ocr_line' id='line_1_44' title="bbox 324 2761 1911 2833; baseline 0.001 -18"><span class='ocrx_word' id='word_1_254' title='bbox 324 2762 620 2832; x_wconf 81' lang='grc' dir='ltr'>σκομέναις</span> <span class='ocrx_word' id='word_1_255' title='bbox 653 2778 667 2793; x_wconf 69' lang='grc'><strong>⁸</strong></span> <span class='ocrx_word' id='word_1_256' title='bbox 700 2761 798 2826; x_wconf 83' lang='grc' dir='ltr'><strong><em>τὰς</em></strong></span> <span class='ocrx_word' id='word_1_257' title='bbox 825 2761 1003 2816; x_wconf 86' lang='grc' dir='ltr'>τοίνυν</span> <span class='ocrx_word' id='word_1_258' title='bbox 1034 2762 1347 2828; x_wconf 81' lang='grc' dir='ltr'>θεοδέκτους</span> <span class='ocrx_word' id='word_1_259' title='bbox 1392 2764 1486 2817; x_wconf 80' lang='lat' dir='ltr'><strong><em>xui.</em></strong></span> <span class='ocrx_word' id='word_1_260' title='bbox 1532 2763 1911 2833; x_wconf 86' lang='grc' dir='ltr'>σωσικόσμους</span> 
     </span>
    </p>
   </div>
   <div class='ocr_carea' id='block_1_45' title="bbox 321 2852 1915 2930">
    <p class='ocr_par' dir='ltr' id='par_1_45' title="bbox 321 2852 1915 2930">
     <span class='ocr_line' id='line_1_45' title="bbox 321 2852 1915 2930; baseline 0.003 -22"><span class='ocrx_word' id='word_1_261' title='bbox 321 2855 489 2925; x_wconf 75' lang='grc' dir='ltr'>εὐχὰς</span> <span class='ocrx_word' id='word_1_262' title='bbox 514 2854 607 2908; x_wconf 75' lang='grc' dir='ltr'>τοῦ</span> <span class='ocrx_word' id='word_1_263' title='bbox 636 2852 800 2908; x_wconf 79' lang='grc' dir='ltr'>αὐτοῦ</span> <span class='ocrx_word' id='word_1_264' title='bbox 824 2854 1168 2926; x_wconf 83' lang='grc' dir='ltr'>φιλοχρίστου</span> <span class='ocrx_word' id='word_1_265' title='bbox 1199 2855 1462 2910; x_wconf 78' lang='grc' dir='ltr'>δεσπότου</span> <span class='ocrx_word' id='word_1_266' title='bbox 1506 2856 1663 2928; x_wconf 84' lang='grc' dir='ltr'>ἡμῶν</span> <span class='ocrx_word' id='word_1_267' title='bbox 1691 2859 1786 2912; x_wconf 78' lang='grc' dir='ltr'><strong><em>καὶ</em></strong></span> <span class='ocrx_word' id='word_1_268' title='bbox 1817 2876 1915 2930; x_wconf 77' lang='grc' dir='ltr'>με-</span> 
     </span>
    </p>
   </div>
   <div class='ocr_carea' id='block_1_46' title="bbox 321 2946 1912 3020">
    <p class='ocr_par' dir='ltr' id='par_1_46' title="bbox 321 2946 1912 3020">
     <span class='ocr_line' id='line_1_46' title="bbox 321 2946 1912 3020; baseline 0.003 -20"><span class='ocrx_word' id='word_1_269' title='bbox 321 2948 491 3016; x_wconf 85' lang='grc' dir='ltr'>γάλου</span> <span class='ocrx_word' id='word_1_270' title='bbox 525 2946 790 3017; x_wconf 79' lang='grc' dir='ltr'>βασιλέως</span> <span class='ocrx_word' id='word_1_271' title='bbox 816 2947 1298 3018; x_wconf 73' lang='grc' dir='ltr'>ἐπικαλεσάμενοι,</span> <span class='ocrx_word' id='word_1_272' title='bbox 1329 2948 1426 3002; x_wconf 82' lang='grc' dir='ltr'><strong><em>σὺν</em></strong></span> <span class='ocrx_word' id='word_1_273' title='bbox 1448 2952 1511 3020; x_wconf 82' lang='grc' dir='ltr'>τῇ</span> <span class='ocrx_word' id='word_1_274' title='bbox 1546 2949 1774 3020; x_wconf 81' lang='grc' dir='ltr'>δυνάμει</span> <span class='ocrx_word' id='word_1_275' title='bbox 1818 2950 1912 3005; x_wconf 82' lang='grc' dir='ltr'>τοῦ</span> 
     </span>
    </p>
   </div>
   <div class='ocr_carea' id='block_1_47' title="bbox 323 3038 1913 3114">
    <p class='ocr_par' dir='ltr' id='par_1_47' title="bbox 323 3038 1913 3114">
     <span class='ocr_line' id='line_1_47' title="bbox 323 3038 1913 3114; baseline 0.003 -22"><span class='ocrx_word' id='word_1_276' title='bbox 323 3039 482 3106; x_wconf 80' lang='grc' dir='ltr'>ἁγίου</span> <span class='ocrx_word' id='word_1_277' title='bbox 510 3038 823 3109; x_wconf 85' lang='grc' dir='ltr'>Πνεύματος</span> <span class='ocrx_word' id='word_1_278' title='bbox 844 3082 862 3107; x_wconf 92' lang='grc'><strong><em>,</em></strong></span> <span class='ocrx_word' id='word_1_279' title='bbox 898 3040 996 3094; x_wconf 85' lang='lat' dir='ltr'><strong><em>xui</em></strong></span> <span class='ocrx_word' id='word_1_280' title='bbox 1022 3039 1101 3111; x_wconf 84' lang='grc' dir='ltr'>τῷ</span> <span class='ocrx_word' id='word_1_281' title='bbox 1129 3040 1341 3112; x_wconf 87' lang='grc' dir='ltr'>θώρακι</span> <span class='ocrx_word' id='word_1_282' title='bbox 1382 3042 1481 3112; x_wconf 83' lang='grc' dir='ltr'><strong><em>τῆς</em></strong></span> <span class='ocrx_word' id='word_1_283' title='bbox 1507 3042 1745 3107; x_wconf 87' lang='grc' dir='ltr'>πίστεως</span> <span class='ocrx_word' id='word_1_284' title='bbox 1768 3061 1913 3114; x_wconf 80' lang='grc' dir='ltr'>φρα-</span> 
     </span>
    </p>
   </div>
   <div class='ocr_carea' id='block_1_48' title="bbox 324 3130 1906 3206">
    <p class='ocr_par' dir='ltr' id='par_1_48' title="bbox 324 3130 1906 3206">
     <span class='ocr_line' id='line_1_48' title="bbox 324 3130 1906 3206; baseline 0.003 -21"><span class='ocrx_word' id='word_1_285' title='bbox 324 3132 570 3202; x_wconf 78' lang='grc' dir='ltr'>ξάμενοι,</span> <span class='ocrx_word' id='word_1_286' title='bbox 606 3132 705 3187; x_wconf 89' lang='lat' dir='ltr'><strong><em>xui</em></strong></span> <span class='ocrx_word' id='word_1_287' title='bbox 733 3131 828 3186; x_wconf 83' lang='grc' dir='ltr'>τοῦ</span> <span class='ocrx_word' id='word_1_288' title='bbox 878 3130 1074 3203; x_wconf 88' lang='grc' dir='ltr'>θυρεοῦ</span> <span class='ocrx_word' id='word_1_289' title='bbox 1131 3133 1234 3204; x_wconf 85' lang='grc' dir='ltr'>τῆς</span> <span class='ocrx_word' id='word_1_290' title='bbox 1286 3134 1497 3198; x_wconf 81' lang='grc' dir='ltr'>ἐλπίδος</span> <span class='ocrx_word' id='word_1_291' title='bbox 1557 3134 1906 3206; x_wconf 81' lang='grc' dir='ltr'>δραξάμενοι,</span> 
     </span>
    </p>
   </div>
   <div class='ocr_carea' id='block_1_49' title="bbox 322 3223 1911 3296">
    <p class='ocr_par' dir='ltr' id='par_1_49' title="bbox 322 3223 1911 3296">
     <span class='ocr_line' id='line_1_49' title="bbox 322 3223 1911 3296; baseline 0.001 -18"><span class='ocrx_word' id='word_1_292' title='bbox 322 3225 419 3279; x_wconf 86' lang='lat' dir='ltr'><strong><em>xui</em></strong></span> <span class='ocrx_word' id='word_1_293' title='bbox 448 3225 546 3296; x_wconf 81' lang='grc' dir='ltr'>τὴν</span> <span class='ocrx_word' id='word_1_294' title='bbox 577 3224 1011 3295; x_wconf 83' lang='grc' dir='ltr'>περικεφαλαίαν</span> <span class='ocrx_word' id='word_1_295' title='bbox 1032 3223 1128 3278; x_wconf 83' lang='grc' dir='ltr'><strong><em>τοῦ</em></strong></span> <span class='ocrx_word' id='word_1_296' title='bbox 1160 3224 1428 3296; x_wconf 85' lang='grc' dir='ltr'>σωτηρίου</span> <span class='ocrx_word' id='word_1_297' title='bbox 1470 3224 1911 3295; x_wconf 80' lang='grc' dir='ltr'>περιϐαλόμενοι,</span> 
     </span>
    </p>
   </div>
   <div class='ocr_carea' id='block_1_50' title="bbox 320 3315 1915 3390">
    <p class='ocr_par' dir='ltr' id='par_1_50' title="bbox 320 3315 1915 3390">
     <span class='ocr_line' id='line_1_50' title="bbox 320 3315 1915 3390; baseline 0.002 -21"><span class='ocrx_word' id='word_1_298' title='bbox 320 3317 422 3385; x_wconf 84' lang='grc' dir='ltr'><strong><em>τὴν</em></strong></span> <span class='ocrx_word' id='word_1_299' title='bbox 449 3317 616 3370; x_wconf 71' lang='grc' dir='ltr'>αὐτοῦ</span> <span class='ocrx_word' id='word_1_300' title='bbox 641 3317 956 3388; x_wconf 82' lang='grc' dir='ltr'>προτροπὴν</span> <span class='ocrx_word' id='word_1_301' title='bbox 980 3315 1264 3370; x_wconf 78' lang='grc' dir='ltr'>ἐκτελέσαι</span> <span class='ocrx_word' id='word_1_302' title='bbox 1294 3315 1672 3388; x_wconf 87' lang='grc' dir='ltr'>προήχθημεν.</span> <span class='ocrx_word' id='word_1_303' title='bbox 1697 3318 1915 3390; x_wconf 73' lang='grc' dir='ltr'>Ἐπειδὴ</span> 
     </span>
    </p>
   </div>
   <div class='ocr_carea' id='block_1_51' title="bbox 320 3409 1917 3483">
    <p class='ocr_par' dir='ltr' id='par_1_51' title="bbox 320 3409 1917 3483">
     <span class='ocr_line' id='line_1_51' title="bbox 320 3409 1917 3483; baseline 0.002 -20"><span class='ocrx_word' id='word_1_304' title='bbox 320 3409 379 3463; x_wconf 84' lang='grc' dir='ltr'>δὲ</span> <span class='ocrx_word' id='word_1_305' title='bbox 413 3409 590 3473; x_wconf 87' lang='grc' dir='ltr'>διττός</span> <span class='ocrx_word' id='word_1_306' title='bbox 632 3411 780 3463; x_wconf 73' lang='grc' dir='ltr'>ἐστιν</span> <span class='ocrx_word' id='word_1_307' title='bbox 804 3409 833 3462; x_wconf 84' lang='grc' dir='ltr'><strong><em>ό</em></strong></span> <span class='ocrx_word' id='word_1_308' title='bbox 863 3410 960 3479; x_wconf 82' lang='grc' dir='ltr'>τῆς</span> <span class='ocrx_word' id='word_1_309' title='bbox 993 3412 1373 3483; x_wconf 71' lang='grc' dir='ltr'>ἀντιρρήσεως</span> <span class='ocrx_word' id='word_1_310' title='bbox 1394 3410 1571 3480; x_wconf 82' lang='grc' dir='ltr'>λόγος,</span> <span class='ocrx_word' id='word_1_311' title='bbox 1599 3410 1691 3465; x_wconf 87' lang='grc' dir='ltr'>τοῦ</span> <span class='ocrx_word' id='word_1_312' title='bbox 1723 3412 1825 3483; x_wconf 84' lang='grc' dir='ltr'>μὲν</span> <span class='ocrx_word' id='word_1_313' title='bbox 1855 3412 1917 3466; x_wconf 87' lang='grc' dir='ltr'>τὸ</span> 
     </span>
    </p>
   </div>
   <div class='ocr_carea' id='block_1_52' title="bbox 320 3501 1915 3567">
    <p class='ocr_par' dir='ltr' id='par_1_52' title="bbox 320 3501 1915 3567">
     <span class='ocr_line' id='line_1_52' title="bbox 320 3501 1915 3567; baseline 0.002 -13"><span class='ocrx_word' id='word_1_314' title='bbox 320 3503 520 3554; x_wconf 78' lang='grc' dir='ltr'>οἰκεῖον</span> <span class='ocrx_word' id='word_1_315' title='bbox 546 3501 1072 3567; x_wconf 77' lang='grc' dir='ltr'>κατασκευάζοντος,</span> <span class='ocrx_word' id='word_1_316' title='bbox 1110 3502 1207 3555; x_wconf 82' lang='grc' dir='ltr'>τοῦ</span> <span class='ocrx_word' id='word_1_317' title='bbox 1250 3502 1307 3556; x_wconf 81' lang='grc' dir='ltr'>δὲ</span> <span class='ocrx_word' id='word_1_318' title='bbox 1345 3503 1409 3556; x_wconf 81' lang='grc' dir='ltr'>τὸ</span> <span class='ocrx_word' id='word_1_319' title='bbox 1437 3503 1731 3557; x_wconf 84' lang='grc' dir='ltr'>ἀντίπαλον</span> <span class='ocrx_word' id='word_1_320' title='bbox 1783 3505 1915 3557; x_wconf 77' lang='grc' dir='ltr'>ἁνα-</span> 
     </span>
    </p>
   </div>
   <div class='ocr_carea' id='block_1_53' title="bbox 320 3593 1916 3668">
    <p class='ocr_par' dir='ltr' id='par_1_53' title="bbox 320 3593 1916 3668">
     <span class='ocr_line' id='line_1_53' title="bbox 320 3593 1916 3668; baseline 0.003 -23"><span class='ocrx_word' id='word_1_321' title='bbox 320 3593 640 3664; x_wconf 83' lang='grc' dir='ltr'>τρέποντος,</span> <span class='ocrx_word' id='word_1_322' title='bbox 674 3594 940 3665; x_wconf 85' lang='grc' dir='ltr'>πρότερον</span> <span class='ocrx_word' id='word_1_323' title='bbox 964 3593 1065 3667; x_wconf 78' lang='grc' dir='ltr'><strong><em>τὴν</em></strong></span> <span class='ocrx_word' id='word_1_324' title='bbox 1100 3594 1302 3666; x_wconf 83' lang='grc' dir='ltr'>εὐσεϐῆ</span> <span class='ocrx_word' id='word_1_325' title='bbox 1327 3595 1483 3666; x_wconf 80' lang='grc' dir='ltr'>ἡμῶν</span> <span class='ocrx_word' id='word_1_326' title='bbox 1509 3595 1621 3649; x_wconf 88' lang='grc' dir='ltr'><strong><em>τῶν</em></strong></span> <span class='ocrx_word' id='word_1_327' title='bbox 1652 3597 1696 3650; x_wconf 87' lang='grc' dir='ltr'>Χ</span> <span class='ocrx_word' id='word_1_328' title='bbox 1706 3614 1916 3668; x_wconf 88' lang='grc' dir='ltr'>ριστια-</span> 
     </span>
    </p>
   </div>
   <div class='ocr_carea' id='block_1_54' title="bbox 322 3684 1913 3761">
    <p class='ocr_par' dir='ltr' id='par_1_54' title="bbox 322 3684 1913 3761">
     <span class='ocr_line' id='line_1_54' title="bbox 322 3684 1913 3761; baseline 0.003 -23"><span class='ocrx_word' id='word_1_329' title='bbox 322 3684 429 3738; x_wconf 84' lang='grc' dir='ltr'><strong><em>νῶν</em></strong></span> <span class='ocrx_word' id='word_1_330' title='bbox 452 3684 638 3739; x_wconf 88' lang='grc' dir='ltr'>πίστιν</span> <span class='ocrx_word' id='word_1_331' title='bbox 664 3686 729 3738; x_wconf 82' lang='grc' dir='ltr'>ὲκ</span> <span class='ocrx_word' id='word_1_332' title='bbox 754 3686 1019 3756; x_wconf 80' lang='grc' dir='ltr'>-φυσικῶν</span> <span class='ocrx_word' id='word_1_333' title='bbox 1053 3687 1354 3759; x_wconf 79' lang='grc' dir='ltr'>λογισμῶν,</span> <span class='ocrx_word' id='word_1_334' title='bbox 1395 3687 1471 3753; x_wconf 84' lang='grc' dir='ltr'>ὡς</span> <span class='ocrx_word' id='word_1_335' title='bbox 1515 3688 1762 3758; x_wconf 79' lang='grc' dir='ltr'>ἐφικτὸν,</span> <span class='ocrx_word' id='word_1_336' title='bbox 1791 3689 1913 3761; x_wconf 86' lang='grc' dir='ltr'>μετ’</span> 
     </span>
    </p>
   </div>
   <div class='ocr_carea' id='block_1_55' title="bbox 319 3777 1914 3850">
    <p class='ocr_par' dir='ltr' id='par_1_55' title="bbox 319 3777 1914 3850">
     <span class='ocr_line' id='line_1_55' title="bbox 319 3777 1914 3850; baseline 0.002 -18"><span class='ocrx_word' id='word_1_337' title='bbox 319 3777 654 3842; x_wconf 78' lang='grc' dir='ltr'>ἀποδείξεως</span> <span class='ocrx_word' id='word_1_338' title='bbox 705 3778 1012 3850; x_wconf 78' lang='grc' dir='ltr'>ἐκθέμενοι,</span> <span class='ocrx_word' id='word_1_339' title='bbox 1065 3779 1127 3833; x_wconf 82' lang='grc' dir='ltr'><strong><em>τὸ</em></strong></span> <span class='ocrx_word' id='word_1_340' title='bbox 1169 3777 1475 3850; x_wconf 82' lang='grc' dir='ltr'>τηνικαῦτα</span> <span class='ocrx_word' id='word_1_341' title='bbox 1528 3780 1600 3834; x_wconf 78' lang='grc' dir='ltr'>τὰ</span> <span class='ocrx_word' id='word_1_342' title='bbox 1649 3780 1914 3836; x_wconf 81' lang='grc' dir='ltr'>δοκοῦντα</span> 
     </span>
    </p>
   </div>
   <div class='ocr_carea' id='block_1_56' title="bbox 322 3868 1915 3942">
    <p class='ocr_par' dir='ltr' id='par_1_56' title="bbox 322 3868 1915 3942">
     <span class='ocr_line' id='line_1_56' title="bbox 322 3868 1915 3942; baseline 0.004 -21"><span class='ocrx_word' id='word_1_343' title='bbox 322 3872 647 3941; x_wconf 84' lang='grc' dir='ltr'>συνηγορεῖν</span> <span class='ocrx_word' id='word_1_344' title='bbox 704 3868 783 3941; x_wconf 84' lang='grc' dir='ltr'>τῷ</span> <span class='ocrx_word' id='word_1_345' title='bbox 837 3870 1092 3924; x_wconf 84' lang='grc' dir='ltr'>δυσσεϐεῖ</span> <span class='ocrx_word' id='word_1_346' title='bbox 1130 3869 1296 3924; x_wconf 82' lang='grc' dir='ltr'>αὐτοῦ</span> <span class='ocrx_word' id='word_1_347' title='bbox 1335 3869 1570 3942; x_wconf 86' lang='grc' dir='ltr'>δόγματι</span> <span class='ocrx_word' id='word_1_348' title='bbox 1616 3870 1915 3942; x_wconf 82' lang='grc' dir='ltr'>ἀπελέγξαι</span> 
     </span>
    </p>
   </div>
   <div class='ocr_carea' id='block_1_57' title="bbox 317 3959 1913 4034">
    <p class='ocr_par' dir='ltr' id='par_1_57' title="bbox 317 3959 1913 4034">
     <span class='ocr_line' id='line_1_57' title="bbox 317 3959 1913 4034; baseline 0.003 -22"><span class='ocrx_word' id='word_1_349' title='bbox 317 3959 699 4032; x_wconf 85' lang='grc' dir='ltr'>πειρασόμεθα</span> <span class='ocrx_word' id='word_1_350' title='bbox 728 3976 743 3993; x_wconf 88' lang='grc'><strong>·</strong></span> <span class='ocrx_word' id='word_1_351' title='bbox 772 3964 838 4032; x_wconf 84' lang='grc' dir='ltr'>τῇ</span> <span class='ocrx_word' id='word_1_352' title='bbox 869 3962 988 4032; x_wconf 81' lang='grc' dir='ltr'>μὲν,</span> <span class='ocrx_word' id='word_1_353' title='bbox 1041 3960 1284 4032; x_wconf 83' lang='grc' dir='ltr'>φυσικῶς</span> <span class='ocrx_word' id='word_1_354' title='bbox 1326 3963 1393 4016; x_wconf 82' lang='grc' dir='ltr'>ὲκ</span> <span class='ocrx_word' id='word_1_355' title='bbox 1426 3961 1536 4016; x_wconf 86' lang='grc' dir='ltr'><strong><em>τῶν</em></strong></span> <span class='ocrx_word' id='word_1_356' title='bbox 1587 3962 1720 4034; x_wconf 77' lang='grc' dir='ltr'>περὶ</span> <span class='ocrx_word' id='word_1_357' title='bbox 1776 3963 1913 4018; x_wconf 87' lang='grc' dir='ltr'><strong><em>Θεοῦ</em></strong></span> 
     </span>
    </p>
   </div>
   <div class='ocr_carea' id='block_1_58' title="bbox 320 4048 1915 4127">
    <p class='ocr_par' dir='ltr' id='par_1_58' title="bbox 320 4048 1915 4127">
     <span class='ocr_line' id='line_1_58' title="bbox 320 4048 1915 4127; baseline 0.001 -18"><span class='ocrx_word' id='word_1_358' title='bbox 320 4055 519 4109; x_wconf 87' lang='grc' dir='ltr'>κοινῶν</span> <span class='ocrx_word' id='word_1_359' title='bbox 547 4055 770 4110; x_wconf 80' lang='grc' dir='ltr'>ἐννοιῶν</span> <span class='ocrx_word' id='word_1_360' title='bbox 804 4072 817 4087; x_wconf 87' lang='grc'><strong>·</strong></span> <span class='ocrx_word' id='word_1_361' title='bbox 852 4059 920 4127; x_wconf 81' lang='grc' dir='ltr'>τῇ</span> <span class='ocrx_word' id='word_1_362' title='bbox 968 4056 1048 4124; x_wconf 79' lang='grc' dir='ltr'>δὲ,</span> <span class='ocrx_word' id='word_1_363' title='bbox 1105 4056 1204 4110; x_wconf 84' lang='lat' dir='ltr'><strong><em>xui.</em></strong></span> <span class='ocrx_word' id='word_1_364' title='bbox 1244 4055 1540 4127; x_wconf 85' lang='grc' dir='ltr'>Γραφικῶς</span> <span class='ocrx_word' id='word_1_365' title='bbox 1577 4055 1638 4121; x_wconf 80' lang='grc' dir='ltr'><strong><em>ἐξ</em></strong></span> <span class='ocrx_word' id='word_1_366' title='bbox 1693 4048 1768 4110; x_wconf 82' lang='grc' dir='ltr'>ὧν</span> <span class='ocrx_word' id='word_1_367' title='bbox 1817 4057 1915 4111; x_wconf 88' lang='lat' dir='ltr'><strong><em>xui.</em></strong></span> 
     </span>
    </p>
   </div>
   <div class='ocr_carea' id='block_1_59' title="bbox 319 4148 1916 4221">
    <p class='ocr_par' dir='ltr' id='par_1_59' title="bbox 319 4148 1916 4221">
     <span class='ocr_line' id='line_1_59' title="bbox 319 4148 1916 4221; baseline 0.003 -20"><span class='ocrx_word' id='word_1_368' title='bbox 319 4148 483 4213; x_wconf 80' lang='grc' dir='ltr'>αὐτὸς</span> <span class='ocrx_word' id='word_1_369' title='bbox 539 4151 569 4202; x_wconf 83' lang='grc' dir='ltr'><strong><em>ό</em></strong></span> <span class='ocrx_word' id='word_1_370' title='bbox 610 4149 712 4221; x_wconf 83' lang='grc' dir='ltr'>τῆς</span> <span class='ocrx_word' id='word_1_371' title='bbox 762 4150 1019 4221; x_wconf 82' lang='grc' dir='ltr'>τοιαύτης</span> <span class='ocrx_word' id='word_1_372' title='bbox 1074 4149 1260 4220; x_wconf 88' lang='grc' dir='ltr'>βίϐλου</span> <span class='ocrx_word' id='word_1_373' title='bbox 1299 4149 1721 4221; x_wconf 83' lang='grc' dir='ltr'>πλαστογράφος</span> <span class='ocrx_word' id='word_1_374' title='bbox 1765 4149 1916 4205; x_wconf 83' lang='grc' dir='ltr'>δοκεῖ</span> 
     </span>
    </p>
   </div>
   <div class='ocr_carea' id='block_1_60' title="bbox 321 4241 1412 4316">
    <p class='ocr_par' dir='ltr' id='par_1_60' title="bbox 321 4241 1412 4316">
     <span class='ocr_line' id='line_1_60' title="bbox 321 4241 1412 4316; baseline 0.003 -21"><span class='ocrx_word' id='word_1_375' title='bbox 321 4242 721 4314; x_wconf 73' lang='grc' dir='ltr'>καταδέχεσθαι</span> <span class='ocrx_word' id='word_1_376' title='bbox 756 4259 771 4274; x_wconf 86' lang='grc'><strong>·</strong></span> <span class='ocrx_word' id='word_1_377' title='bbox 792 4243 1025 4316; x_wconf 79' lang='grc' dir='ltr'>ἄρξομαι</span> <span class='ocrx_word' id='word_1_378' title='bbox 1049 4242 1106 4296; x_wconf 83' lang='grc' dir='ltr'>δὲ</span> <span class='ocrx_word' id='word_1_379' title='bbox 1138 4241 1412 4298; x_wconf 79' lang='grc' dir='ltr'>ἐντεῦθεν.</span> 
     </span>
    </p>
   </div>
   <div class='ocr_carea' id='block_1_61' title="bbox 392 4334 1913 4408">
    <p class='ocr_par' dir='ltr' id='par_1_61' title="bbox 392 4334 1913 4408">
     <span class='ocr_line' id='line_1_61' title="bbox 392 4334 1913 4408; baseline 0 -20"><span class='ocrx_word' id='word_1_380' title='bbox 392 4334 454 4389; x_wconf 83' lang='grc' dir='ltr'><strong><em>δ’.</em></strong></span> <span class='ocrx_word' id='word_1_381' title='bbox 501 4337 562 4389; x_wconf 88' lang='lat'><strong><em>&#39;0</em></strong></span> <span class='ocrx_word' id='word_1_382' title='bbox 595 4336 870 4405; x_wconf 84' lang='grc' dir='ltr'>πάνσοφος</span> <span class='ocrx_word' id='word_1_383' title='bbox 904 4336 1001 4390; x_wconf 73' lang='grc' dir='ltr'><strong><em>καὶ</em></strong></span> <span class='ocrx_word' id='word_1_384' title='bbox 1041 4334 1339 4405; x_wconf 83' lang='grc' dir='ltr'>φιλάγαθος</span> <span class='ocrx_word' id='word_1_385' title='bbox 1371 4334 1809 4408; x_wconf 85' lang='grc' dir='ltr'>ἀπειροδύναμός</span> <span class='ocrx_word' id='word_1_386' title='bbox 1851 4351 1913 4388; x_wconf 85' lang='grc' dir='ltr'><strong><em>τε</em></strong></span> 
     </span>
    </p>
   </div>
   <div class='ocr_carea' id='block_1_62' title="bbox 323 4426 1913 4499">
    <p class='ocr_par' dir='ltr' id='par_1_62' title="bbox 323 4426 1913 4499">
     <span class='ocr_line' id='line_1_62' title="bbox 323 4426 1913 4499; baseline 0 -18"><span class='ocrx_word' id='word_1_387' title='bbox 323 4429 420 4483; x_wconf 74' lang='grc' dir='ltr'><strong><em>καὶ</em></strong></span> <span class='ocrx_word' id='word_1_388' title='bbox 461 4429 725 4496; x_wconf 83' lang='grc' dir='ltr'>πανάγιος</span> <span class='ocrx_word' id='word_1_389' title='bbox 762 4427 916 4494; x_wconf 78' lang='grc' dir='ltr'>Θεὸς,</span> <span class='ocrx_word' id='word_1_390' title='bbox 938 4428 1040 4499; x_wconf 83' lang='grc' dir='ltr'>τὴν</span> <span class='ocrx_word' id='word_1_391' title='bbox 1073 4426 1166 4482; x_wconf 81' lang='grc' dir='ltr'>τοῦ</span> <span class='ocrx_word' id='word_1_392' title='bbox 1198 4428 1405 4499; x_wconf 86' lang='grc' dir='ltr'>κόσμου</span> <span class='ocrx_word' id='word_1_393' title='bbox 1432 4427 1690 4482; x_wconf 82' lang='grc' dir='ltr'>σύστασίν</span> <span class='ocrx_word' id='word_1_394' title='bbox 1714 4445 1776 4482; x_wconf 87' lang='grc' dir='ltr'><strong><em>τε</em></strong></span> <span class='ocrx_word' id='word_1_395' title='bbox 1817 4427 1913 4483; x_wconf 88' lang='lat' dir='ltr'><strong><em>xui.</em></strong></span> 
     </span>
    </p>
   </div>
   <div class='ocr_carea' id='block_1_63' title="bbox 2021 1933 3612 2012">
    <p class='ocr_par' dir='ltr' id='par_1_63' title="bbox 2021 1933 3612 2012">
     <span class='ocr_line' id='line_1_63' title="bbox 2021 1933 3612 2012; baseline 0.006 -22"><span class='ocrx_word' id='word_1_396' title='bbox 2021 1934 2116 1991; x_wconf 78' lang='lat' dir='ltr'><strong><em>illa</em></strong></span> <span class='ocrx_word' id='word_1_397' title='bbox 2171 1946 2225 1992; x_wconf 93' lang='lat' dir='ltr'><strong><em>et</em></strong></span> <span class='ocrx_word' id='word_1_398' title='bbox 2265 1937 2666 1994; x_wconf 86' lang='lat' dir='ltr'><strong><em>absurdissima</em></strong></span> <span class='ocrx_word' id='word_1_399' title='bbox 2726 1939 3002 2006; x_wconf 82' lang='lat' dir='ltr'><strong><em>doctrina,</em></strong></span> <span class='ocrx_word' id='word_1_400' title='bbox 3043 1957 3166 2012; x_wconf 75' lang='lat' dir='ltr'><strong><em>quae</em></strong></span> <span class='ocrx_word' id='word_1_401' title='bbox 3231 1933 3427 1998; x_wconf 68' lang='lat' dir='ltr'><strong><em>failaci&#39;</em></strong></span> <span class='ocrx_word' id='word_1_402' title='bbox 3469 1945 3612 1999; x_wconf 89' lang='lat' dir='ltr'><strong><em>libro</em></strong></span> 
     </span>
    </p>
   </div>
   <div class='ocr_carea' id='block_1_64' title="bbox 2019 2025 3610 2104">
    <p class='ocr_par' dir='ltr' id='par_1_64' title="bbox 2019 2025 3610 2104">
     <span class='ocr_line' id='line_1_64' title="bbox 2019 2025 3610 2104; baseline 0.004 -22"><span class='ocrx_word' id='word_1_403' title='bbox 2019 2025 2362 2084; x_wconf 88' lang='lat' dir='ltr'><strong><em>Mohamedis</em></strong></span> <span class='ocrx_word' id='word_1_404' title='bbox 2430 2027 2632 2086; x_wconf 87' lang='lat' dir='ltr'><strong><em>Arabis</em></strong></span> <span class='ocrx_word' id='word_1_405' title='bbox 2702 2045 2902 2087; x_wconf 90' lang='lat' dir='ltr'><strong><em>nomen</em></strong></span> <span class='ocrx_word' id='word_1_406' title='bbox 2980 2040 3203 2104; x_wconf 82' lang='lat' dir='ltr'><strong><em>gerente</em></strong></span> <span class='ocrx_word' id='word_1_407' title='bbox 3273 2034 3610 2091; x_wconf 87' lang='lat' dir='ltr'><strong><em>continetur.</em></strong></span> 
     </span>
    </p>
   </div>
   <div class='ocr_carea' id='block_1_65' title="bbox 2018 2117 3614 2195">
    <p class='ocr_par' dir='ltr' id='par_1_65' title="bbox 2018 2117 3614 2195">
     <span class='ocr_line' id='line_1_65' title="bbox 2018 2117 3614 2195; baseline 0.004 -22"><span class='ocrx_word' id='word_1_408' title='bbox 2018 2117 2385 2186; x_wconf 83' lang='lat' dir='ltr'><strong><em>Quamobrem</em></strong></span> <span class='ocrx_word' id='word_1_409' title='bbox 2428 2132 2673 2178; x_wconf 90' lang='lat' dir='ltr'><strong><em>nostram</em></strong></span> <span class='ocrx_word' id='word_1_410' title='bbox 2704 2123 3107 2195; x_wconf 86' lang='lat' dir='ltr'><strong><em>indignitatem,</em></strong></span> <span class='ocrx_word' id='word_1_411' title='bbox 3155 2140 3254 2181; x_wconf 90' lang='lat' dir='ltr'><strong><em>ceu</em></strong></span> <span class='ocrx_word' id='word_1_412' title='bbox 3309 2125 3446 2180; x_wconf 89' lang='lat' dir='ltr'><strong><em>clari</em></strong></span> <span class='ocrx_word' id='word_1_413' title='bbox 3511 2127 3614 2181; x_wconf 86' lang='lat' dir='ltr'><strong><em>ali-</em></strong></span> 
     </span>
    </p>
   </div>
   <div class='ocr_carea' id='block_1_66' title="bbox 2020 2213 3613 2286">
    <p class='ocr_par' dir='ltr' id='par_1_66' title="bbox 2020 2213 3613 2286">
     <span class='ocr_line' id='line_1_66' title="bbox 2020 2213 3613 2286; baseline 0.004 -20"><span class='ocrx_word' id='word_1_414' title='bbox 2020 2213 2349 2282; x_wconf 87' lang='lat' dir='ltr'><strong><em>quantulum</em></strong></span> <span class='ocrx_word' id='word_1_415' title='bbox 2391 2214 2653 2281; x_wconf 86' lang='lat' dir='ltr'><strong><em>nominis,</em></strong></span> <span class='ocrx_word' id='word_1_416' title='bbox 2691 2225 2746 2270; x_wconf 92' lang='lat' dir='ltr'><strong><em>et</em></strong></span> <span class='ocrx_word' id='word_1_417' title='bbox 2778 2217 2872 2284; x_wconf 89' lang='lat' dir='ltr'><strong><em>qui</em></strong></span> <span class='ocrx_word' id='word_1_418' title='bbox 2907 2216 3031 2286; x_wconf 85' lang='lat' dir='ltr'><strong><em>ejus</em></strong></span> <span class='ocrx_word' id='word_1_419' title='bbox 3062 2232 3095 2271; x_wconf 89' lang='lat' dir='ltr'><strong><em>a</em></strong></span> <span class='ocrx_word' id='word_1_420' title='bbox 3129 2214 3240 2272; x_wconf 89' lang='lat' dir='ltr'><strong><em>Deo</em></strong></span> <span class='ocrx_word' id='word_1_421' title='bbox 3270 2217 3458 2273; x_wconf 75' lang='lat' dir='ltr'><strong><em>electa:</em></strong></span> <span class='ocrx_word' id='word_1_422' title='bbox 3490 2233 3613 2273; x_wconf 89' lang='lat' dir='ltr'><strong><em>ma-</em></strong></span> 
     </span>
    </p>
   </div>
   <div class='ocr_carea' id='block_1_67' title="bbox 2015 2303 3613 2380">
    <p class='ocr_par' dir='ltr' id='par_1_67' title="bbox 2015 2303 3613 2380">
     <span class='ocr_line' id='line_1_67' title="bbox 2015 2303 3613 2380; baseline 0.003 -20"><span class='ocrx_word' id='word_1_423' title='bbox 2015 2303 2201 2374; x_wconf 83' lang='lat' dir='ltr'><strong><em>iestati</em></strong></span> <span class='ocrx_word' id='word_1_424' title='bbox 2234 2304 2417 2360; x_wconf 86' lang='lat' dir='ltr'><strong><em>devoti</em></strong></span> <span class='ocrx_word' id='word_1_425' title='bbox 2450 2322 2668 2374; x_wconf 89' lang='lat' dir='ltr'><strong><em>sumus,</em></strong></span> <span class='ocrx_word' id='word_1_426' title='bbox 2709 2307 2965 2364; x_wconf 86' lang='lat' dir='ltr'><strong><em>hortatus</em></strong></span> <span class='ocrx_word' id='word_1_427' title='bbox 3018 2317 3124 2375; x_wconf 89' lang='lat' dir='ltr'><strong><em>est,</em></strong></span> <span class='ocrx_word' id='word_1_428' title='bbox 3179 2319 3236 2364; x_wconf 91' lang='lat' dir='ltr'><strong><em>ut</em></strong></span> <span class='ocrx_word' id='word_1_429' title='bbox 3282 2324 3382 2380; x_wconf 90' lang='lat' dir='ltr'><strong><em>pro</em></strong></span> <span class='ocrx_word' id='word_1_430' title='bbox 3401 2310 3613 2365; x_wconf 89' lang='lat' dir='ltr'><strong><em>viribus</em></strong></span> 
     </span>
    </p>
   </div>
   <div class='ocr_carea' id='block_1_68' title="bbox 2016 2394 3612 2469">
    <p class='ocr_par' dir='ltr' id='par_1_68' title="bbox 2016 2394 3612 2469">
     <span class='ocr_line' id='line_1_68' title="bbox 2016 2394 3612 2469; baseline 0.003 -18"><span class='ocrx_word' id='word_1_431' title='bbox 2016 2394 2454 2465; x_wconf 87' lang='lat' dir='ltr'><strong><em>diﬁ‘amaremus,</em></strong></span> <span class='ocrx_word' id='word_1_432' title='bbox 2507 2410 2675 2469; x_wconf 87' lang='lat' dir='ltr'><strong><em>atque</em></strong></span> <span class='ocrx_word' id='word_1_433' title='bbox 2728 2414 2759 2454; x_wconf 91' lang='lat' dir='ltr'><strong><em>a</em></strong></span> <span class='ocrx_word' id='word_1_434' title='bbox 2808 2404 3040 2456; x_wconf 86' lang='lat' dir='ltr'><strong><em>veritate</em></strong></span> <span class='ocrx_word' id='word_1_435' title='bbox 3071 2401 3460 2457; x_wconf 86' lang='lat' dir='ltr'><strong><em>abhorrentem</em></strong></span> <span class='ocrx_word' id='word_1_436' title='bbox 3512 2402 3612 2456; x_wconf 86' lang='lat' dir='ltr'><strong><em>do-</em></strong></span> 
     </span>
    </p>
   </div>
   <div class='ocr_carea' id='block_1_69' title="bbox 2017 2489 3611 2560">
    <p class='ocr_par' dir='ltr' id='par_1_69' title="bbox 2017 2489 3611 2560">
     <span class='ocr_line' id='line_1_69' title="bbox 2017 2489 3611 2560; baseline 0.003 -16"><span class='ocrx_word' id='word_1_437' title='bbox 2017 2489 2253 2544; x_wconf 87' lang='lat' dir='ltr'><strong><em>ctrinam</em></strong></span> <span class='ocrx_word' id='word_1_438' title='bbox 2290 2489 2434 2546; x_wconf 88' lang='lat' dir='ltr'><strong><em>hanc</em></strong></span> <span class='ocrx_word' id='word_1_439' title='bbox 2456 2490 2992 2560; x_wconf 86' lang='lat' dir='ltr'><strong><em>demonstraremus,</em></strong></span> <span class='ocrx_word' id='word_1_440' title='bbox 3022 2509 3134 2550; x_wconf 91' lang='lat' dir='ltr'><strong><em>non</em></strong></span> <span class='ocrx_word' id='word_1_441' title='bbox 3169 2494 3350 2549; x_wconf 89' lang='lat' dir='ltr'><strong><em>solum</em></strong></span> <span class='ocrx_word' id='word_1_442' title='bbox 3396 2493 3451 2548; x_wconf 92' lang='lat' dir='ltr'><strong><em>in</em></strong></span> <span class='ocrx_word' id='word_1_443' title='bbox 3488 2510 3611 2549; x_wconf 88' lang='lat' dir='ltr'><strong><em>ma-</em></strong></span> 
     </span>
    </p>
   </div>
   <div class='ocr_carea' id='block_1_70' title="bbox 2017 2580 3608 2653">
    <p class='ocr_par' dir='ltr' id='par_1_70' title="bbox 2017 2580 3608 2653">
     <span class='ocr_line' id='line_1_70' title="bbox 2017 2580 3608 2653; baseline 0.003 -19"><span class='ocrx_word' id='word_1_444' title='bbox 2017 2580 2234 2636; x_wconf 88' lang='lat' dir='ltr'><strong><em>nifestis</em></strong></span> <span class='ocrx_word' id='word_1_445' title='bbox 2285 2581 2430 2636; x_wconf 90' lang='lat' dir='ltr'><strong><em>circa</em></strong></span> <span class='ocrx_word' id='word_1_446' title='bbox 2474 2580 2646 2637; x_wconf 89' lang='lat' dir='ltr'><strong><em>Deum</em></strong></span> <span class='ocrx_word' id='word_1_447' title='bbox 2703 2583 3088 2653; x_wconf 88' lang='lat' dir='ltr'><strong><em>conceptibus,</em></strong></span> <span class='ocrx_word' id='word_1_448' title='bbox 3116 2599 3307 2639; x_wconf 90' lang='lat' dir='ltr'><strong><em>verum</em></strong></span> <span class='ocrx_word' id='word_1_449' title='bbox 3352 2584 3608 2640; x_wconf 90' lang='lat' dir='ltr'><strong><em>etiamin</em></strong></span> 
     </span>
    </p>
   </div>
   <div class='ocr_carea' id='block_1_71' title="bbox 2017 2673 3611 2747">
    <p class='ocr_par' dir='ltr' id='par_1_71' title="bbox 2017 2673 3611 2747">
     <span class='ocr_line' id='line_1_71' title="bbox 2017 2673 3611 2747; baseline 0.003 -19"><span class='ocrx_word' id='word_1_450' title='bbox 2017 2673 2410 2731; x_wconf 87' lang='lat' dir='ltr'><strong><em>communibus</em></strong></span> <span class='ocrx_word' id='word_1_451' title='bbox 2453 2684 2510 2731; x_wconf 90' lang='lat' dir='ltr'><strong><em>et.</em></strong></span> <span class='ocrx_word' id='word_1_452' title='bbox 2571 2674 2833 2731; x_wconf 79' lang='lat' dir='ltr'><strong><em>universo</em></strong></span> <span class='ocrx_word' id='word_1_453' title='bbox 2895 2676 3180 2731; x_wconf 85' lang='lat' dir='ltr'><strong><em>hominum</em></strong></span> <span class='ocrx_word' id='word_1_454' title='bbox 3223 2677 3409 2747; x_wconf 85' lang='lat' dir='ltr'><strong><em>generi</em></strong></span> <span class='ocrx_word' id='word_1_455' title='bbox 3446 2676 3611 2733; x_wconf 84' lang='lat' dir='ltr'><strong><em>facile</em></strong></span> 
     </span>
    </p>
   </div>
   <div class='ocr_carea' id='block_1_72' title="bbox 2016 2764 3610 2840">
    <p class='ocr_par' dir='ltr' id='par_1_72' title="bbox 2016 2764 3610 2840">
     <span class='ocr_line' id='line_1_72' title="bbox 2016 2764 3610 2840; baseline 0.002 -18"><span class='ocrx_word' id='word_1_456' title='bbox 2016 2764 2198 2822; x_wconf 85' lang='lat' dir='ltr'><strong><em>obviis</em></strong></span> <span class='ocrx_word' id='word_1_457' title='bbox 2228 2768 2570 2824; x_wconf 88' lang='lat' dir='ltr'><strong><em>notionibus.</em></strong></span> <span class='ocrx_word' id='word_1_458' title='bbox 2600 2766 2773 2839; x_wconf 87' lang='lat' dir='ltr'><strong><em>Igitur</em></strong></span> <span class='ocrx_word' id='word_1_459' title='bbox 2809 2769 3117 2840; x_wconf 86' lang='lat' dir='ltr'><strong><em>imploratis</em></strong></span> <span class='ocrx_word' id='word_1_460' title='bbox 3152 2770 3396 2839; x_wconf 87' lang='lat' dir='ltr'><strong><em>ejusdem</em></strong></span> <span class='ocrx_word' id='word_1_461' title='bbox 3445 2769 3610 2825; x_wconf 88' lang='lat' dir='ltr'><strong><em>Chri-</em></strong></span> 
     </span>
    </p>
   </div>
   <div class='ocr_carea' id='block_1_73' title="bbox 2017 2856 3607 2931">
    <p class='ocr_par' dir='ltr' id='par_1_73' title="bbox 2017 2856 3607 2931">
     <span class='ocr_line' id='line_1_73' title="bbox 2017 2856 3607 2931; baseline 0.001 -20"><span class='ocrx_word' id='word_1_462' title='bbox 2017 2857 2244 2926; x_wconf 88' lang='lat' dir='ltr'><strong><em>stophili</em></strong></span> <span class='ocrx_word' id='word_1_463' title='bbox 2288 2856 2497 2912; x_wconf 91' lang='lat' dir='ltr'><strong><em>domini</em></strong></span> <span class='ocrx_word' id='word_1_464' title='bbox 2541 2858 2741 2923; x_wconf 87' lang='lat' dir='ltr'><strong><em>nostri,</em></strong></span> <span class='ocrx_word' id='word_1_465' title='bbox 2777 2862 2955 2929; x_wconf 83' lang='lat' dir='ltr'><strong><em>magni</em></strong></span> <span class='ocrx_word' id='word_1_466' title='bbox 2985 2860 3352 2931; x_wconf 88' lang='lat' dir='ltr'><strong><em>imperatoris,</em></strong></span> <span class='ocrx_word' id='word_1_467' title='bbox 3384 2859 3495 2915; x_wconf 80' lang='lat' dir='ltr'><strong><em>Deo</em></strong></span> <span class='ocrx_word' id='word_1_468' title='bbox 3520 2874 3607 2914; x_wconf 89' lang='lat' dir='ltr'><strong><em>ac-</em></strong></span> 
     </span>
    </p>
   </div>
   <div class='ocr_carea' id='block_1_74' title="bbox 2017 2950 3612 3023">
    <p class='ocr_par' dir='ltr' id='par_1_74' title="bbox 2017 2950 3612 3023">
     <span class='ocr_line' id='line_1_74' title="bbox 2017 2950 3612 3023; baseline 0.001 -18"><span class='ocrx_word' id='word_1_469' title='bbox 2017 2950 2192 3020; x_wconf 81' lang='lat' dir='ltr'><strong><em>ceptis</em></strong></span> <span class='ocrx_word' id='word_1_470' title='bbox 2222 2954 2543 3021; x_wconf 87' lang='lat' dir='ltr'><strong><em>mundoque</em></strong></span> <span class='ocrx_word' id='word_1_471' title='bbox 2575 2951 2916 3008; x_wconf 85' lang='lat' dir='ltr'><strong><em>salutaribus</em></strong></span> <span class='ocrx_word' id='word_1_472' title='bbox 2953 2955 3211 3022; x_wconf 88' lang='lat' dir='ltr'><strong><em>precibus</em></strong></span> <span class='ocrx_word' id='word_1_473' title='bbox 3232 2994 3246 3020; x_wconf 90' lang='lat'><strong><em>,</em></strong></span> <span class='ocrx_word' id='word_1_474' title='bbox 3283 2968 3408 3008; x_wconf 83' lang='lat' dir='ltr'><strong><em>cum</em></strong></span> <span class='ocrx_word' id='word_1_475' title='bbox 3439 2951 3612 3023; x_wconf 83' lang='lat' dir='ltr'><strong><em>Spiri-</em></strong></span> 
     </span>
    </p>
   </div>
   <div class='ocr_carea' id='block_1_75' title="bbox 2017 3041 3608 3114">
    <p class='ocr_par' dir='ltr' id='par_1_75' title="bbox 2017 3041 3608 3114">
     <span class='ocr_line' id='line_1_75' title="bbox 2017 3041 3608 3114; baseline 0.001 -17"><span class='ocrx_word' id='word_1_476' title='bbox 2017 3050 2107 3097; x_wconf 85' lang='lat' dir='ltr'><strong><em>tus</em></strong></span> <span class='ocrx_word' id='word_1_477' title='bbox 2153 3041 2329 3097; x_wconf 86' lang='lat' dir='ltr'><strong><em>sancti</em></strong></span> <span class='ocrx_word' id='word_1_478' title='bbox 2382 3042 2605 3109; x_wconf 88' lang='lat' dir='ltr'><strong><em>virtute,</em></strong></span> <span class='ocrx_word' id='word_1_479' title='bbox 2660 3042 2782 3098; x_wconf 89' lang='lat' dir='ltr'><strong><em>ﬁdei</em></strong></span> <span class='ocrx_word' id='word_1_480' title='bbox 2830 3044 3003 3098; x_wconf 79' lang='lat' dir='ltr'><strong><em>lorica</em></strong></span> <span class='ocrx_word' id='word_1_481' title='bbox 3064 3045 3213 3110; x_wconf 88' lang='lat' dir='ltr'><strong><em>tecti,</em></strong></span> <span class='ocrx_word' id='word_1_482' title='bbox 3278 3043 3394 3114; x_wconf 82' lang='lat' dir='ltr'><strong><em>spei</em></strong></span> <span class='ocrx_word' id='word_1_483' title='bbox 3447 3053 3608 3099; x_wconf 89' lang='lat' dir='ltr'><strong><em>scuto</em></strong></span> 
     </span>
    </p>
   </div>
   <div class='ocr_carea' id='block_1_76' title="bbox 2018 3137 3609 3209">
    <p class='ocr_par' dir='ltr' id='par_1_76' title="bbox 2018 3137 3609 3209">
     <span class='ocr_line' id='line_1_76' title="bbox 2018 3137 3609 3209; baseline 0 -16"><span class='ocrx_word' id='word_1_484' title='bbox 2018 3146 2257 3208; x_wconf 89' lang='lat' dir='ltr'><strong><em>sumpto,</em></strong></span> <span class='ocrx_word' id='word_1_485' title='bbox 2291 3137 2556 3209; x_wconf 84' lang='lat' dir='ltr'><strong><em>galeaque</em></strong></span> <span class='ocrx_word' id='word_1_486' title='bbox 2614 3138 2810 3195; x_wconf 87' lang='lat' dir='ltr'><strong><em>salutis</em></strong></span> <span class='ocrx_word' id='word_1_487' title='bbox 2857 3139 3080 3206; x_wconf 88' lang='lat' dir='ltr'><strong><em>muniti,</em></strong></span> <span class='ocrx_word' id='word_1_488' title='bbox 3118 3139 3438 3194; x_wconf 89' lang='lat' dir='ltr'><strong><em>mandatum</em></strong></span> <span class='ocrx_word' id='word_1_489' title='bbox 3488 3139 3609 3207; x_wconf 86' lang='lat' dir='ltr'><strong><em>ejus</em></strong></span> 
     </span>
    </p>
   </div>
   <div class='ocr_carea' id='block_1_77' title="bbox 2017 3228 3609 3301">
    <p class='ocr_par' dir='ltr' id='par_1_77' title="bbox 2017 3228 3609 3301">
     <span class='ocr_line' id='line_1_77' title="bbox 2017 3228 3609 3301; baseline -0.001 -16"><span class='ocrx_word' id='word_1_490' title='bbox 2017 3230 2244 3300; x_wconf 73' lang='lat' dir='ltr'><strong><em>exsequi</em></strong></span> <span class='ocrx_word' id='word_1_491' title='bbox 2274 3232 2647 3301; x_wconf 88' lang='lat' dir='ltr'><strong><em>aggredimur.</em></strong></span> <span class='ocrx_word' id='word_1_492' title='bbox 2703 3228 2772 3285; x_wconf 80' lang='lat' dir='ltr'><strong><em>Et</em></strong></span> <span class='ocrx_word' id='word_1_493' title='bbox 2822 3231 2951 3300; x_wconf 89' lang='lat' dir='ltr'><strong><em>quia</em></strong></span> <span class='ocrx_word' id='word_1_494' title='bbox 2983 3231 3183 3301; x_wconf 84' lang='lat' dir='ltr'><strong><em>duplex</em></strong></span> <span class='ocrx_word' id='word_1_495' title='bbox 3216 3238 3300 3285; x_wconf 83' lang='lat' dir='ltr'><strong><em>est</em></strong></span> <span class='ocrx_word' id='word_1_496' title='bbox 3330 3231 3609 3284; x_wconf 83' lang='lat' dir='ltr'><strong><em>antirrhe-</em></strong></span> 
     </span>
    </p>
   </div>
   <div class='ocr_carea' id='block_1_78' title="bbox 2018 3316 3609 3390">
    <p class='ocr_par' dir='ltr' id='par_1_78' title="bbox 2018 3316 3609 3390">
     <span class='ocr_line' id='line_1_78' title="bbox 2018 3316 3609 3390; baseline 0.003 -20"><span class='ocrx_word' id='word_1_497' title='bbox 2018 3316 2137 3372; x_wconf 68' lang='lat' dir='ltr'><strong><em>ticze</em></strong></span> <span class='ocrx_word' id='word_1_498' title='bbox 2165 3317 2435 3372; x_wconf 88' lang='lat' dir='ltr'><strong><em>orationis</em></strong></span> <span class='ocrx_word' id='word_1_499' title='bbox 2467 3333 2748 3388; x_wconf 87' lang='lat' dir='ltr'><strong><em>pars,una</em></strong></span> <span class='ocrx_word' id='word_1_500' title='bbox 2783 3334 2906 3389; x_wconf 79' lang='lat' dir='ltr'><strong><em>quae</em></strong></span> <span class='ocrx_word' id='word_1_501' title='bbox 2938 3321 3224 3390; x_wconf 89' lang='lat' dir='ltr'><strong><em>proprium</em></strong></span> <span class='ocrx_word' id='word_1_502' title='bbox 3260 3328 3609 3389; x_wconf 87' lang='lat' dir='ltr'><strong><em>assumptum</em></strong></span> 
     </span>
    </p>
   </div>
   <div class='ocr_carea' id='block_1_79' title="bbox 2019 3410 3611 3481">
    <p class='ocr_par' dir='ltr' id='par_1_79' title="bbox 2019 3410 3611 3481">
     <span class='ocr_line' id='line_1_79' title="bbox 2019 3410 3611 3481; baseline 0.004 -18"><span class='ocrx_word' id='word_1_503' title='bbox 2019 3410 2365 3478; x_wconf 86' lang='lat' dir='ltr'><strong><em>comprobat,</em></strong></span> <span class='ocrx_word' id='word_1_504' title='bbox 2423 3411 2593 3466; x_wconf 89' lang='lat' dir='ltr'><strong><em>altera</em></strong></span> <span class='ocrx_word' id='word_1_505' title='bbox 2634 3426 2759 3481; x_wconf 75' lang='lat' dir='ltr'><strong><em>qua:</em></strong></span> <span class='ocrx_word' id='word_1_506' title='bbox 2818 3412 3162 3467; x_wconf 89' lang='lat' dir='ltr'><strong><em>contrarium</em></strong></span> <span class='ocrx_word' id='word_1_507' title='bbox 3213 3412 3457 3479; x_wconf 85' lang='lat' dir='ltr'><strong><em>refutat;</em></strong></span> <span class='ocrx_word' id='word_1_508' title='bbox 3508 3429 3611 3470; x_wconf 75' lang='lat' dir='ltr'><strong><em>nos</em></strong></span> 
     </span>
    </p>
   </div>
   <div class='ocr_carea' id='block_1_80' title="bbox 2017 3500 3612 3571">
    <p class='ocr_par' dir='ltr' id='par_1_80' title="bbox 2017 3500 3612 3571">
     <span class='ocr_line' id='line_1_80' title="bbox 2017 3500 3612 3571; baseline 0.003 -16"><span class='ocrx_word' id='word_1_509' title='bbox 2017 3500 2236 3571; x_wconf 86' lang='lat' dir='ltr'><strong><em>quidem</em></strong></span> <span class='ocrx_word' id='word_1_510' title='bbox 2268 3501 2413 3570; x_wconf 87' lang='lat' dir='ltr'><strong><em>piam</em></strong></span> <span class='ocrx_word' id='word_1_511' title='bbox 2442 3513 2686 3558; x_wconf 88' lang='lat' dir='ltr'><strong><em>nostram</em></strong></span> <span class='ocrx_word' id='word_1_512' title='bbox 2717 3503 3167 3560; x_wconf 90' lang='lat' dir='ltr'><strong><em>Christianorum</em></strong></span> <span class='ocrx_word' id='word_1_513' title='bbox 3199 3505 3360 3559; x_wconf 88' lang='lat' dir='ltr'><strong><em>ﬁdem</em></strong></span> <span class='ocrx_word' id='word_1_514' title='bbox 3389 3513 3612 3560; x_wconf 87' lang='lat' dir='ltr'><strong><em>natura-</em></strong></span> 
     </span>
    </p>
   </div>
   <div class='ocr_carea' id='block_1_81' title="bbox 2019 3592 3612 3665">
    <p class='ocr_par' dir='ltr' id='par_1_81' title="bbox 2019 3592 3612 3665">
     <span class='ocr_line' id='line_1_81' title="bbox 2019 3592 3612 3665; baseline 0.003 -20"><span class='ocrx_word' id='word_1_515' title='bbox 2019 3592 2227 3646; x_wconf 88' lang='lat' dir='ltr'><strong><em>ralibus</em></strong></span> <span class='ocrx_word' id='word_1_516' title='bbox 2255 3593 2557 3648; x_wconf 83' lang='lat' dir='ltr'><strong><em>ratiociniis</em></strong></span> <span class='ocrx_word' id='word_1_517' title='bbox 2584 3609 2694 3663; x_wconf 89' lang='lat' dir='ltr'><strong><em>qua</em></strong></span> <span class='ocrx_word' id='word_1_518' title='bbox 2726 3593 2933 3664; x_wconf 89' lang='lat' dir='ltr'><strong><em>majore</em></strong></span> <span class='ocrx_word' id='word_1_519' title='bbox 2965 3595 3080 3650; x_wconf 82' lang='lat' dir='ltr'><strong><em>ﬁeri</em></strong></span> <span class='ocrx_word' id='word_1_520' title='bbox 3106 3595 3308 3665; x_wconf 67' lang='lat' dir='ltr'><strong><em>poterit</em></strong></span> <span class='ocrx_word' id='word_1_521' title='bbox 3336 3594 3612 3650; x_wconf 80' lang='lat' dir='ltr'><strong><em>evidentia</em></strong></span> 
     </span>
    </p>
   </div>
   <div class='ocr_carea' id='block_1_82' title="bbox 2018 3686 3611 3758">
    <p class='ocr_par' dir='ltr' id='par_1_82' title="bbox 2018 3686 3611 3758">
     <span class='ocr_line' id='line_1_82' title="bbox 2018 3686 3611 3758; baseline 0 -18"><span class='ocrx_word' id='word_1_522' title='bbox 2018 3686 2413 3753; x_wconf 88' lang='lat' dir='ltr'><strong><em>ostendemus;</em></strong></span> <span class='ocrx_word' id='word_1_523' title='bbox 2466 3686 2667 3742; x_wconf 89' lang='lat' dir='ltr'><strong><em>deinde</em></strong></span> <span class='ocrx_word' id='word_1_524' title='bbox 2723 3696 3049 3758; x_wconf 85' lang='lat' dir='ltr'><strong><em>argumenta</em></strong></span> <span class='ocrx_word' id='word_1_525' title='bbox 3103 3702 3227 3757; x_wconf 82' lang='lat' dir='ltr'><strong><em>quae</em></strong></span> <span class='ocrx_word' id='word_1_526' title='bbox 3276 3687 3466 3757; x_wconf 61' lang='lat' dir='ltr'><strong><em>impiae</em></strong></span> <span class='ocrx_word' id='word_1_527' title='bbox 3506 3687 3611 3742; x_wconf 86' lang='lat' dir='ltr'><strong><em>du-</em></strong></span> 
     </span>
    </p>
   </div>
   <div class='ocr_carea' id='block_1_83' title="bbox 2019 3776 3606 3849">
    <p class='ocr_par' dir='ltr' id='par_1_83' title="bbox 2019 3776 3606 3849">
     <span class='ocr_line' id='line_1_83' title="bbox 2019 3776 3606 3849; baseline 0 -18"><span class='ocrx_word' id='word_1_528' title='bbox 2019 3776 2212 3831; x_wconf 70' lang='lat' dir='ltr'><strong><em>cti-ina:</em></strong></span> <span class='ocrx_word' id='word_1_529' title='bbox 2268 3776 2453 3834; x_wconf 85' lang='lat' dir='ltr'><strong><em>favere</em></strong></span> <span class='ocrx_word' id='word_1_530' title='bbox 2505 3778 2792 3845; x_wconf 91' lang='lat' dir='ltr'><strong><em>videntur,</em></strong></span> <span class='ocrx_word' id='word_1_531' title='bbox 2870 3793 3174 3849; x_wconf 85' lang='lat' dir='ltr'><strong><em>coarguere</em></strong></span> <span class='ocrx_word' id='word_1_532' title='bbox 3232 3779 3606 3846; x_wconf 84' lang='lat' dir='ltr'><strong><em>conabimur;</em></strong></span> 
     </span>
    </p>
   </div>
   <div class='ocr_carea' id='block_1_84' title="bbox 2018 3867 3613 3925">
    <p class='ocr_par' dir='ltr' id='par_1_84' title="bbox 2018 3867 3613 3925">
     <span class='ocr_line' id='line_1_84' title="bbox 2018 3867 3613 3925; baseline 0 -3"><span class='ocrx_word' id='word_1_533' title='bbox 2018 3868 2180 3924; x_wconf 89' lang='lat' dir='ltr'><strong><em>modo</em></strong></span> <span class='ocrx_word' id='word_1_534' title='bbox 2208 3869 2538 3925; x_wconf 89' lang='lat' dir='ltr'><strong><em>naturaliter</em></strong></span> <span class='ocrx_word' id='word_1_535' title='bbox 2589 3885 2656 3925; x_wconf 83' lang='lat' dir='ltr'><strong><em>ex</em></strong></span> <span class='ocrx_word' id='word_1_536' title='bbox 2692 3869 3079 3925; x_wconf 90' lang='lat' dir='ltr'><strong><em>communibus</em></strong></span> <span class='ocrx_word' id='word_1_537' title='bbox 3112 3870 3179 3925; x_wconf 87' lang='lat' dir='ltr'><strong><em>de</em></strong></span> <span class='ocrx_word' id='word_1_538' title='bbox 3219 3867 3328 3924; x_wconf 92' lang='lat' dir='ltr'><strong><em>Deo</em></strong></span> <span class='ocrx_word' id='word_1_539' title='bbox 3369 3868 3613 3924; x_wconf 76' lang='lat' dir='ltr'><strong><em>notioni-</em></strong></span> 
     </span>
    </p>
   </div>
   <div class='ocr_carea' id='block_1_85' title="bbox 2018 3958 3608 4032">
    <p class='ocr_par' dir='ltr' id='par_1_85' title="bbox 2018 3958 3608 4032">
     <span class='ocr_line' id='line_1_85' title="bbox 2018 3958 3608 4032; baseline -0.003 -14"><span class='ocrx_word' id='word_1_540' title='bbox 2018 3961 2144 4026; x_wconf 88' lang='lat' dir='ltr'><strong><em>bus,</em></strong></span> <span class='ocrx_word' id='word_1_541' title='bbox 2182 3963 2346 4018; x_wconf 93' lang='lat' dir='ltr'><strong><em>modo</em></strong></span> <span class='ocrx_word' id='word_1_542' title='bbox 2373 3960 2674 4032; x_wconf 59' lang='lat' dir='ltr'><strong><em>Scriptura;</em></strong></span> <span class='ocrx_word' id='word_1_543' title='bbox 2701 3962 3060 4026; x_wconf 87' lang='lat' dir='ltr'><strong><em>testimoniis,</em></strong></span> <span class='ocrx_word' id='word_1_544' title='bbox 3098 3975 3264 4030; x_wconf 91' lang='lat' dir='ltr'><strong><em>quam</em></strong></span> <span class='ocrx_word' id='word_1_545' title='bbox 3299 3960 3415 4030; x_wconf 89' lang='lat' dir='ltr'><strong><em>ipse</em></strong></span> <span class='ocrx_word' id='word_1_546' title='bbox 3444 3958 3608 4028; x_wconf 89' lang='lat' dir='ltr'><strong><em>hujus</em></strong></span> 
     </span>
    </p>
   </div>
   <div class='ocr_carea' id='block_1_86' title="bbox 2017 4052 3606 4113">
    <p class='ocr_par' dir='ltr' id='par_1_86' title="bbox 2017 4052 3606 4113">
     <span class='ocr_line' id='line_1_86' title="bbox 2017 4052 3606 4113; baseline -0.004 0"><span class='ocrx_word' id='word_1_547' title='bbox 2017 4056 2143 4113; x_wconf 83' lang='lat' dir='ltr'><strong><em>falsi</em></strong></span> <span class='ocrx_word' id='word_1_548' title='bbox 2187 4054 2313 4110; x_wconf 88' lang='lat' dir='ltr'><strong><em>libri</em></strong></span> <span class='ocrx_word' id='word_1_549' title='bbox 2363 4066 2559 4112; x_wconf 87' lang='lat' dir='ltr'><strong><em>auctor</em></strong></span> <span class='ocrx_word' id='word_1_550' title='bbox 2601 4055 2819 4111; x_wconf 87' lang='lat' dir='ltr'><strong><em>videtur</em></strong></span> <span class='ocrx_word' id='word_1_551' title='bbox 2862 4055 3177 4111; x_wconf 89' lang='lat' dir='ltr'><strong><em>admittere.</em></strong></span> <span class='ocrx_word' id='word_1_552' title='bbox 3219 4052 3363 4109; x_wconf 84' lang='lat' dir='ltr'><strong><em>Hinc</em></strong></span> <span class='ocrx_word' id='word_1_553' title='bbox 3418 4061 3606 4108; x_wconf 89' lang='lat' dir='ltr'><strong><em>autem</em></strong></span> 
     </span>
    </p>
   </div>
   <div class='ocr_carea' id='block_1_87' title="bbox 2018 4150 2501 4219">
    <p class='ocr_par' dir='ltr' id='par_1_87' title="bbox 2018 4150 2501 4219">
     <span class='ocr_line' id='line_1_87' title="bbox 2018 4150 2501 4219; baseline -0.008 -12"><span class='ocrx_word' id='word_1_554' title='bbox 2018 4150 2239 4207; x_wconf 86' lang='lat' dir='ltr'><strong><em>initium</em></strong></span> <span class='ocrx_word' id='word_1_555' title='bbox 2263 4150 2501 4219; x_wconf 83' lang='lat' dir='ltr'><strong><em>capiam.</em></strong></span> 
     </span>
    </p>
   </div>
   <div class='ocr_carea' id='block_1_88' title="bbox 2089 4324 3612 4401">
    <p class='ocr_par' dir='ltr' id='par_1_88' title="bbox 2089 4324 3612 4401">
     <span class='ocr_line' id='line_1_88' title="bbox 2089 4324 3612 4401; baseline -0.004 -16"><span class='ocrx_word' id='word_1_556' title='bbox 2089 4330 2143 4384; x_wconf 75' lang='grc'><strong>4.</strong></span> <span class='ocrx_word' id='word_1_557' title='bbox 2209 4326 2665 4401; x_wconf 88' lang='lat' dir='ltr'><strong><em>Sapientissimus</em></strong></span> <span class='ocrx_word' id='word_1_558' title='bbox 2710 4333 2767 4381; x_wconf 89' lang='lat' dir='ltr'><strong><em>et</em></strong></span> <span class='ocrx_word' id='word_1_559' title='bbox 2820 4324 3095 4395; x_wconf 65' lang='lat' dir='ltr'><strong><em>{bonitatis</em></strong></span> <span class='ocrx_word' id='word_1_560' title='bbox 3144 4334 3381 4391; x_wconf 87' lang='lat' dir='ltr'><strong><em>amator,</em></strong></span> <span class='ocrx_word' id='word_1_561' title='bbox 3428 4324 3612 4381; x_wconf 87' lang='lat' dir='ltr'><strong><em>omni-</em></strong></span> 
     </span>
    </p>
   </div>
   <div class='ocr_carea' id='block_1_89' title="bbox 2016 4418 3607 4494">
    <p class='ocr_par' dir='ltr' id='par_1_89' title="bbox 2016 4418 3607 4494">
     <span class='ocr_line' id='line_1_89' title="bbox 2016 4418 3607 4494; baseline -0.001 -17"><span class='ocrx_word' id='word_1_562' title='bbox 2016 4433 2214 4494; x_wconf 87' lang='lat' dir='ltr'><strong><em>potens</em></strong></span> <span class='ocrx_word' id='word_1_563' title='bbox 2273 4430 2326 4477; x_wconf 91' lang='lat' dir='ltr'><strong><em>et</em></strong></span> <span class='ocrx_word' id='word_1_564' title='bbox 2392 4419 2776 4477; x_wconf 88' lang='lat' dir='ltr'><strong><em>sanctissimus</em></strong></span> <span class='ocrx_word' id='word_1_565' title='bbox 2820 4418 2986 4485; x_wconf 79' lang='lat' dir='ltr'><strong><em>Deus,</em></strong></span> <span class='ocrx_word' id='word_1_566' title='bbox 3047 4418 3142 4489; x_wconf 90' lang='lat' dir='ltr'><strong><em>qui</em></strong></span> <span class='ocrx_word' id='word_1_567' title='bbox 3191 4419 3384 4474; x_wconf 88' lang='lat' dir='ltr'><strong><em>mundi</em></strong></span> <span class='ocrx_word' id='word_1_568' title='bbox 3435 4419 3607 4490; x_wconf 87' lang='lat' dir='ltr'><strong><em>hujus</em></strong></span> 
     </span>
    </p>
   </div>
   <div class='ocr_carea' id='block_1_90' title="bbox 321 4506 1916 4598">
    <p class='ocr_par' dir='ltr' id='par_1_90' title="bbox 321 4519 1913 4598">
     <span class='ocr_line' id='line_1_90' title="bbox 321 4519 1913 4598; baseline 0 -25"><span class='ocrx_word' id='word_1_569' title='bbox 321 4520 579 4598; x_wconf 33' lang='lat' dir='ltr'><strong><em>obaim‘stv</em></strong></span> <span class='ocrx_word' id='word_1_570' title='bbox 632 4519 694 4585; x_wconf 74' lang='grc' dir='ltr'>ἐξ</span> <span class='ocrx_word' id='word_1_571' title='bbox 741 4521 840 4573; x_wconf 79' lang='grc' dir='ltr'><strong><em>οὐκ</em></strong></span> <span class='ocrx_word' id='word_1_572' title='bbox 882 4519 1052 4574; x_wconf 78' lang='grc' dir='ltr'>όντων</span> <span class='ocrx_word' id='word_1_573' title='bbox 1088 4521 1375 4592; x_wconf 83' lang='grc' dir='ltr'>παράγων,</span> <span class='ocrx_word' id='word_1_574' title='bbox 1417 4519 1538 4593; x_wconf 72' lang='grc' dir='ltr'>ἦτοι</span> <span class='ocrx_word' id='word_1_575' title='bbox 1585 4521 1643 4572; x_wconf 77' lang='grc' dir='ltr'>ὲν</span> <span class='ocrx_word' id='word_1_576' title='bbox 1684 4520 1913 4591; x_wconf 87' lang='grc' dir='ltr'>δυνάμει</span> 
     </span>
    </p>
   </div>
   <div class='ocr_carea' id='block_1_91' title="bbox 2021 4506 3610 4598">
    <p class='ocr_par' dir='ltr' id='par_1_91' title="bbox 2021 4506 3610 4570">
     <span class='ocr_line' id='line_1_91' title="bbox 2021 4506 3610 4570; baseline -0.006 -1"><span class='ocrx_word' id='word_1_577' title='bbox 2021 4512 2473 4570; x_wconf 88' lang='lat' dir='ltr'><strong><em>constitutionem</em></strong></span> <span class='ocrx_word' id='word_1_578' title='bbox 2505 4519 2561 4566; x_wconf 86' lang='lat' dir='ltr'><strong><em>et</em></strong></span> <span class='ocrx_word' id='word_1_579' title='bbox 2588 4508 2972 4565; x_wconf 84' lang='lat' dir='ltr'><strong><em>exsisteutiam</em></strong></span> <span class='ocrx_word' id='word_1_580' title='bbox 3000 4523 3067 4563; x_wconf 81' lang='lat' dir='ltr'><strong><em>ex</em></strong></span> <span class='ocrx_word' id='word_1_581' title='bbox 3097 4522 3206 4563; x_wconf 92' lang='lat' dir='ltr'><strong><em>non</em></strong></span> <span class='ocrx_word' id='word_1_582' title='bbox 3255 4506 3610 4562; x_wconf 79' lang='lat' dir='ltr'><strong><em>exstantibus</em></strong></span> 
     </span>
    </p>
   </div>
   <div class='ocr_carea' id='block_1_92' title="bbox 322 4611 1916 4686">
    <p class='ocr_par' dir='ltr' id='par_1_92' title="bbox 322 4611 1916 4686">
     <span class='ocr_line' id='line_1_92' title="bbox 322 4611 1916 4686; baseline -0.001 -18"><span class='ocrx_word' id='word_1_583' title='bbox 322 4614 551 4676; x_wconf 80' lang='grc' dir='ltr'>δυνατὸς</span> <span class='ocrx_word' id='word_1_584' title='bbox 580 4613 662 4667; x_wconf 86' lang='grc' dir='ltr'>ὣν</span> <span class='ocrx_word' id='word_1_585' title='bbox 687 4613 891 4684; x_wconf 85' lang='grc' dir='ltr'>ταύτην</span> <span class='ocrx_word' id='word_1_586' title='bbox 924 4611 1360 4686; x_wconf 71' lang='grc' dir='ltr'>ἐδημιούργησεν</span> <span class='ocrx_word' id='word_1_587' title='bbox 1385 4628 1450 4666; x_wconf 85' lang='grc' dir='ltr'><strong><em>τε</em></strong></span> <span class='ocrx_word' id='word_1_588' title='bbox 1504 4612 1600 4666; x_wconf 89' lang='lat' dir='ltr'><strong><em>xui.</em></strong></span> <span class='ocrx_word' id='word_1_589' title='bbox 1659 4614 1916 4684; x_wconf 82' lang='grc' dir='ltr'>παρήγα-</span> 
     </span>
    </p>
   </div>
   <div class='ocr_carea' id='block_1_93' title="bbox 326 4703 1916 4777">
    <p class='ocr_par' dir='ltr' id='par_1_93' title="bbox 326 4703 1916 4777">
     <span class='ocr_line' id='line_1_93' title="bbox 326 4703 1916 4777; baseline -0.002 -18"><span class='ocrx_word' id='word_1_590' title='bbox 326 4723 446 4774; x_wconf 86' lang='grc' dir='ltr'>γεν,</span> <span class='ocrx_word' id='word_1_591' title='bbox 481 4705 515 4777; x_wconf 82' lang='grc' dir='ltr'><strong>ἢ</strong></span> <span class='ocrx_word' id='word_1_592' title='bbox 547 4706 647 4759; x_wconf 77' lang='grc' dir='ltr'><strong><em>οὐκ</em></strong></span> <span class='ocrx_word' id='word_1_593' title='bbox 690 4706 748 4759; x_wconf 84' lang='grc' dir='ltr'>ὲν</span> <span class='ocrx_word' id='word_1_594' title='bbox 803 4704 1034 4776; x_wconf 86' lang='grc' dir='ltr'>δυνάμει</span> <span class='ocrx_word' id='word_1_595' title='bbox 1070 4704 1295 4770; x_wconf 81' lang='grc' dir='ltr'>δυνατὸς</span> <span class='ocrx_word' id='word_1_596' title='bbox 1341 4703 1416 4757; x_wconf 82' lang='grc' dir='ltr'>ὢν</span> <span class='ocrx_word' id='word_1_597' title='bbox 1447 4721 1462 4738; x_wconf 82' lang='grc' dir='ltr'><strong><em>ο</em></strong></span> <span class='ocrx_word' id='word_1_598' title='bbox 1511 4705 1560 4757; x_wconf 85' lang='grc' dir='ltr'><strong><em>εἰ</em></strong></span> <span class='ocrx_word' id='word_1_599' title='bbox 1607 4703 1706 4775; x_wconf 80' lang='grc' dir='ltr'>μὲν</span> <span class='ocrx_word' id='word_1_600' title='bbox 1730 4704 1831 4757; x_wconf 82' lang='grc' dir='ltr'><strong><em>οὐκ</em></strong></span> <span class='ocrx_word' id='word_1_601' title='bbox 1858 4703 1916 4756; x_wconf 81' lang='grc' dir='ltr'>ὲν</span> 
     </span>
    </p>
   </div>
   <div class='ocr_carea' id='block_1_94' title="bbox 325 4796 1918 4872">
    <p class='ocr_par' dir='ltr' id='par_1_94' title="bbox 325 4796 1918 4872">
     <span class='ocr_line' id='line_1_94' title="bbox 325 4796 1918 4872; baseline -0.004 -17"><span class='ocrx_word' id='word_1_602' title='bbox 325 4801 574 4872; x_wconf 87' lang='grc' dir='ltr'>δυνάμει,</span> <span class='ocrx_word' id='word_1_603' title='bbox 605 4798 821 4870; x_wconf 82' lang='grc' dir='ltr'>ψευδεῖς</span> <span class='ocrx_word' id='word_1_604' title='bbox 836 4798 892 4851; x_wconf 78' lang='grc' dir='ltr'><strong><em>αἱ</em></strong></span> <span class='ocrx_word' id='word_1_605' title='bbox 915 4797 1327 4865; x_wconf 79' lang='grc' dir='ltr'>κατειθισμέναι</span> <span class='ocrx_word' id='word_1_606' title='bbox 1350 4796 1478 4867; x_wconf 78' lang='grc' dir='ltr'>περὶ</span> <span class='ocrx_word' id='word_1_607' title='bbox 1501 4796 1636 4849; x_wconf 85' lang='grc' dir='ltr'><strong><em>Θεοῦ</em></strong></span> <span class='ocrx_word' id='word_1_608' title='bbox 1667 4798 1779 4860; x_wconf 85' lang='grc' dir='ltr'>τοῖς</span> <span class='ocrx_word' id='word_1_609' title='bbox 1819 4797 1918 4849; x_wconf 87' lang='grc' dir='ltr'>ἁν-</span> 
     </span>
    </p>
   </div>
   <div class='ocr_carea' id='block_1_95' title="bbox 326 4889 1917 4964">
    <p class='ocr_par' dir='ltr' id='par_1_95' title="bbox 326 4889 1917 4964">
     <span class='ocr_line' id='line_1_95' title="bbox 326 4889 1917 4964; baseline -0.003 -17"><span class='ocrx_word' id='word_1_610' title='bbox 326 4893 568 4964; x_wconf 80' lang='grc' dir='ltr'>θρώποις</span> <span class='ocrx_word' id='word_1_611' title='bbox 600 4891 850 4963; x_wconf 83' lang='grc' dir='ltr'>ἀκριϐεῖς</span> <span class='ocrx_word' id='word_1_612' title='bbox 887 4892 982 4945; x_wconf 85' lang='lat' dir='ltr'><strong><em>xui.</em></strong></span> <span class='ocrx_word' id='word_1_613' title='bbox 1013 4892 1194 4945; x_wconf 76' lang='grc' dir='ltr'>κοιναὶ</span> <span class='ocrx_word' id='word_1_614' title='bbox 1241 4889 1461 4955; x_wconf 75' lang='grc' dir='ltr'>ἔννοιαι,</span> <span class='ocrx_word' id='word_1_615' title='bbox 1518 4889 1812 4960; x_wconf 80' lang='grc' dir='ltr'>λεγόμεναι</span> <span class='ocrx_word' id='word_1_616' title='bbox 1857 4906 1917 4943; x_wconf 88' lang='grc' dir='ltr'><strong><em>τε</em></strong></span> 
     </span>
    </p>
   </div>
   <div class='ocr_carea' id='block_1_96' title="bbox 325 4980 1919 5057">
    <p class='ocr_par' dir='ltr' id='par_1_96' title="bbox 325 4980 1919 5057">
     <span class='ocr_line' id='line_1_96' title="bbox 325 4980 1919 5057; baseline -0.003 -18"><span class='ocrx_word' id='word_1_617' title='bbox 325 4985 423 5039; x_wconf 76' lang='grc' dir='ltr'><strong><em>καὶ</em></strong></span> <span class='ocrx_word' id='word_1_618' title='bbox 455 4983 824 5057; x_wconf 81' lang='grc' dir='ltr'>κρατούμεναι</span> <span class='ocrx_word' id='word_1_619' title='bbox 868 4998 880 5012; x_wconf 89' lang='grc'><strong>·</strong></span> <span class='ocrx_word' id='word_1_620' title='bbox 905 4982 998 5036; x_wconf 89' lang='lat' dir='ltr'><strong><em>xui.</em></strong></span> <span class='ocrx_word' id='word_1_621' title='bbox 1038 4981 1155 5046; x_wconf 85' lang='grc' dir='ltr'><strong><em>πῶς</em></strong></span> <span class='ocrx_word' id='word_1_622' title='bbox 1187 4980 1253 5035; x_wconf 82' lang='grc' dir='ltr'><strong><em>ἂν</em></strong></span> <span class='ocrx_word' id='word_1_623' title='bbox 1282 4983 1310 5035; x_wconf 86' lang='grc' dir='ltr'><strong><em>ό</em></strong></span> <span class='ocrx_word' id='word_1_624' title='bbox 1341 4981 1504 5045; x_wconf 81' lang='grc' dir='ltr'>αὐτὸς</span> <span class='ocrx_word' id='word_1_625' title='bbox 1528 4980 1595 5034; x_wconf 86' lang='grc' dir='ltr'><strong><em>τὰ</em></strong></span> <span class='ocrx_word' id='word_1_626' title='bbox 1618 4981 1747 5053; x_wconf 79' lang='grc' dir='ltr'>τῇδε</span> <span class='ocrx_word' id='word_1_627' title='bbox 1793 4998 1919 5035; x_wconf 82' lang='grc' dir='ltr'>συν·</span> 
     </span>
    </p>
   </div>
   <div class='ocr_carea' id='block_1_97' title="bbox 326 5073 1920 5149">
    <p class='ocr_par' dir='ltr' id='par_1_97' title="bbox 326 5073 1920 5149">
     <span class='ocr_line' id='line_1_97' title="bbox 326 5073 1920 5149; baseline -0.004 -17"><span class='ocrx_word' id='word_1_628' title='bbox 326 5078 517 5149; x_wconf 81' lang='grc' dir='ltr'>ἐδησέν</span> <span class='ocrx_word' id='word_1_629' title='bbox 559 5094 619 5130; x_wconf 90' lang='grc' dir='ltr'><strong><em>τε</em></strong></span> <span class='ocrx_word' id='word_1_630' title='bbox 659 5076 753 5130; x_wconf 85' lang='lat' dir='ltr'><strong><em>xui.</em></strong></span> <span class='ocrx_word' id='word_1_631' title='bbox 782 5076 1147 5147; x_wconf 84' lang='grc' dir='ltr'>συνήρμοσεν,</span> <span class='ocrx_word' id='word_1_632' title='bbox 1204 5074 1296 5127; x_wconf 82' lang='grc' dir='ltr'>καὶ</span> <span class='ocrx_word' id='word_1_633' title='bbox 1345 5075 1424 5137; x_wconf 84' lang='grc' dir='ltr'>εἰς</span> <span class='ocrx_word' id='word_1_634' title='bbox 1468 5073 1724 5127; x_wconf 77' lang='grc' dir='ltr'>οὐσίωσιν</span> <span class='ocrx_word' id='word_1_635' title='bbox 1778 5090 1920 5145; x_wconf 89' lang='grc' dir='ltr'>παρ-</span> 
     </span>
    </p>
   </div>
   <div class='ocr_carea' id='block_1_98' title="bbox 328 5166 1919 5243">
    <p class='ocr_par' dir='ltr' id='par_1_98' title="bbox 328 5166 1919 5243">
     <span class='ocr_line' id='line_1_98' title="bbox 328 5166 1919 5243; baseline -0.004 -17"><span class='ocrx_word' id='word_1_636' title='bbox 328 5172 579 5243; x_wconf 84' lang='grc' dir='ltr'>έστησεν;</span> <span class='ocrx_word' id='word_1_637' title='bbox 610 5170 645 5242; x_wconf 83' lang='grc' dir='ltr'><strong>ἢ</strong></span> <span class='ocrx_word' id='word_1_638' title='bbox 674 5169 793 5234; x_wconf 82' lang='grc' dir='ltr'><strong><em>πῶς</em></strong></span> <span class='ocrx_word' id='word_1_639' title='bbox 815 5170 843 5223; x_wconf 85' lang='grc' dir='ltr'>ὁ</span> <span class='ocrx_word' id='word_1_640' title='bbox 869 5170 1033 5233; x_wconf 83' lang='grc' dir='ltr'>αὐτὸς</span> <span class='ocrx_word' id='word_1_641' title='bbox 1059 5166 1398 5238; x_wconf 85' lang='grc' dir='ltr'>παρακτικό;</span> <span class='ocrx_word' id='word_1_642' title='bbox 1434 5185 1495 5221; x_wconf 89' lang='grc' dir='ltr'><strong><em>τε</em></strong></span> <span class='ocrx_word' id='word_1_643' title='bbox 1525 5167 1623 5221; x_wconf 88' lang='lat' dir='ltr'><strong><em>xui.</em></strong></span> <span class='ocrx_word' id='word_1_644' title='bbox 1655 5166 1919 5237; x_wconf 88' lang='grc' dir='ltr'>δημιουρ-</span> 
     </span>
    </p>
   </div>
   <div class='ocr_carea' id='block_1_99' title="bbox 328 5258 1920 5336">
    <p class='ocr_par' dir='ltr' id='par_1_99' title="bbox 328 5258 1920 5336">
     <span class='ocr_line' id='line_1_99' title="bbox 328 5258 1920 5336; baseline -0.003 -19"><span class='ocrx_word' id='word_1_645' title='bbox 328 5266 423 5336; x_wconf 81' lang='grc' dir='ltr'><strong><em>γὸς</em></strong></span> <span class='ocrx_word' id='word_1_646' title='bbox 442 5264 508 5320; x_wconf 77' lang='grc' dir='ltr'>ἂν</span> <span class='ocrx_word' id='word_1_647' title='bbox 535 5266 645 5336; x_wconf 75' lang='grc' dir='ltr'>εἴη,</span> <span class='ocrx_word' id='word_1_648' title='bbox 689 5264 784 5318; x_wconf 83' lang='lat' dir='ltr'><strong><em>xui.</em></strong></span> <span class='ocrx_word' id='word_1_649' title='bbox 809 5263 872 5317; x_wconf 80' lang='grc' dir='ltr'><strong><em>τὸ</em></strong></span> <span class='ocrx_word' id='word_1_650' title='bbox 909 5265 1010 5336; x_wconf 83' lang='grc' dir='ltr'>τῆς</span> <span class='ocrx_word' id='word_1_651' title='bbox 1041 5261 1408 5334; x_wconf 83' lang='grc' dir='ltr'>δημιουργίας</span> <span class='ocrx_word' id='word_1_652' title='bbox 1433 5260 1628 5331; x_wconf 75' lang='grc' dir='ltr'>ὄνομα,</span> <span class='ocrx_word' id='word_1_653' title='bbox 1677 5261 1797 5332; x_wconf 73' lang='grc' dir='ltr'>ἦτοι</span> <span class='ocrx_word' id='word_1_654' title='bbox 1819 5258 1920 5327; x_wconf 78' lang='grc' dir='ltr'>τῆς</span> 
     </span>
    </p>
   </div>
   <div class='ocr_carea' id='block_1_100' title="bbox 325 5350 1917 5427">
    <p class='ocr_par' dir='ltr' id='par_1_100' title="bbox 325 5350 1917 5427">
     <span class='ocr_line' id='line_1_100' title="bbox 325 5350 1917 5427; baseline -0.006 -14"><span class='ocrx_word' id='word_1_655' title='bbox 325 5358 544 5413; x_wconf 78' lang='grc' dir='ltr'>τοιᾶσδε</span> <span class='ocrx_word' id='word_1_656' title='bbox 597 5355 899 5427; x_wconf 75' lang='grc' dir='ltr'>ἐνεργείας,</span> <span class='ocrx_word' id='word_1_657' title='bbox 936 5356 1221 5427; x_wconf 80' lang='grc' dir='ltr'>ἀραρότως</span> <span class='ocrx_word' id='word_1_658' title='bbox 1267 5355 1354 5407; x_wconf 82' lang='grc' dir='ltr'><strong><em>ἐπ’</em></strong></span> <span class='ocrx_word' id='word_1_659' title='bbox 1422 5353 1587 5407; x_wconf 77' lang='grc' dir='ltr'>αὐτὸν</span> <span class='ocrx_word' id='word_1_660' title='bbox 1617 5350 1917 5422; x_wconf 80' lang='grc' dir='ltr'>ὲπιτεθείη,</span> 
     </span>
    </p>
   </div>
   <div class='ocr_carea' id='block_1_101' title="bbox 326 5444 1921 5520">
    <p class='ocr_par' dir='ltr' id='par_1_101' title="bbox 326 5444 1921 5520">
     <span class='ocr_line' id='line_1_101' title="bbox 326 5444 1921 5520; baseline -0.006 -14"><span class='ocrx_word' id='word_1_661' title='bbox 326 5453 414 5506; x_wconf 72' lang='grc' dir='ltr'><strong><em>ἐπ’</em></strong></span> <span class='ocrx_word' id='word_1_662' title='bbox 442 5450 509 5506; x_wconf 85' lang='grc' dir='ltr'><strong><em>ἂν</em></strong></span> <span class='ocrx_word' id='word_1_663' title='bbox 529 5449 697 5513; x_wconf 80' lang='grc' dir='ltr'>αὐτὸς</span> <span class='ocrx_word' id='word_1_664' title='bbox 727 5451 786 5503; x_wconf 81' lang='grc' dir='ltr'>ὲν</span> <span class='ocrx_word' id='word_1_665' title='bbox 813 5448 1088 5520; x_wconf 82' lang='grc' dir='ltr'>ἀδυναμίᾳ</span> <span class='ocrx_word' id='word_1_666' title='bbox 1113 5446 1205 5501; x_wconf 80' lang='grc' dir='ltr'>καὶ</span> <span class='ocrx_word' id='word_1_667' title='bbox 1239 5444 1493 5518; x_wconf 80' lang='grc' dir='ltr'>ἀσθενείᾳ</span> <span class='ocrx_word' id='word_1_668' title='bbox 1523 5444 1737 5514; x_wconf 72' lang='grc' dir='ltr'>φύσεως</span> <span class='ocrx_word' id='word_1_669' title='bbox 1760 5460 1921 5515; x_wconf 86' lang='grc' dir='ltr'>περι-</span> 
     </span>
    </p>
   </div>
   <div class='ocr_carea' id='block_1_102' title="bbox 326 5536 1924 5618">
    <p class='ocr_par' dir='ltr' id='par_1_102' title="bbox 326 5536 1924 5618">
     <span class='ocr_line' id='line_1_102' title="bbox 326 5536 1924 5618; baseline -0.007 -17"><span class='ocrx_word' id='word_1_670' title='bbox 326 5545 631 5618; x_wconf 82' lang='grc' dir='ltr'>γράφηται,</span> <span class='ocrx_word' id='word_1_671' title='bbox 665 5543 760 5598; x_wconf 87' lang='lat' dir='ltr'><strong><em>xui</em></strong></span> <span class='ocrx_word' id='word_1_672' title='bbox 788 5542 862 5606; x_wconf 86' lang='grc' dir='ltr'>ὡς</span> <span class='ocrx_word' id='word_1_673' title='bbox 900 5541 1161 5604; x_wconf 79' lang='grc' dir='ltr'>ἀδύνατος</span> <span class='ocrx_word' id='word_1_674' title='bbox 1206 5538 1339 5603; x_wconf 83' lang='grc' dir='ltr'>Θεὸς</span> <span class='ocrx_word' id='word_1_675' title='bbox 1386 5536 1670 5609; x_wconf 75' lang='grc' dir='ltr'>λογίζηταί</span> <span class='ocrx_word' id='word_1_676' title='bbox 1722 5554 1783 5590; x_wconf 86' lang='grc' dir='ltr'><strong><em>τε</em></strong></span> <span class='ocrx_word' id='word_1_677' title='bbox 1827 5538 1924 5591; x_wconf 85' lang='lat' dir='ltr'><strong><em>xui.</em></strong></span> 
     </span>
    </p>
   </div>
   <div class='ocr_carea' id='block_1_103' title="bbox 329 5628 1921 5713">
    <p class='ocr_par' dir='ltr' id='par_1_103' title="bbox 329 5628 1921 5713">
     <span class='ocr_line' id='line_1_103' title="bbox 329 5628 1921 5713; baseline -0.007 -21"><span class='ocrx_word' id='word_1_678' title='bbox 329 5640 693 5708; x_wconf 77' lang='grc' dir='ltr'>πιστεύηταις</span> <span class='ocrx_word' id='word_1_679' title='bbox 736 5634 810 5688; x_wconf 76' lang='grc' dir='ltr'><strong><em>Τὸ</em></strong></span> <span class='ocrx_word' id='word_1_680' title='bbox 847 5633 955 5704; x_wconf 84' lang='grc' dir='ltr'><strong><em>γὰρ</em></strong></span> <span class='ocrx_word' id='word_1_681' title='bbox 987 5633 1134 5700; x_wconf 85' lang='grc' dir='ltr'>Θεὸς</span> <span class='ocrx_word' id='word_1_682' title='bbox 1179 5631 1374 5703; x_wconf 74' lang='grc' dir='ltr'>δνομα,</span> <span class='ocrx_word' id='word_1_683' title='bbox 1403 5630 1531 5713; x_wconf 17' lang='grc' dir='ltr'>οὐκ*</span> <span class='ocrx_word' id='word_1_684' title='bbox 1563 5629 1725 5685; x_wconf 80' lang='grc' dir='ltr'>ἄλλου</span> <span class='ocrx_word' id='word_1_685' title='bbox 1752 5628 1921 5693; x_wconf 78' lang='grc' dir='ltr'>τινὸς,</span> 
     </span>
    </p>
   </div>
   <div class='ocr_carea' id='block_1_104' title="bbox 327 5720 1925 5799">
    <p class='ocr_par' dir='ltr' id='par_1_104' title="bbox 327 5720 1925 5799">
     <span class='ocr_line' id='line_1_104' title="bbox 327 5720 1925 5799; baseline -0.006 -16"><span class='ocrx_word' id='word_1_686' title='bbox 327 5730 406 5794; x_wconf 80' lang='grc' dir='ltr'><strong><em>ὡς</em></strong></span> <span class='ocrx_word' id='word_1_687' title='bbox 442 5728 615 5797; x_wconf 77' lang='grc' dir='ltr'>ἔγωγε</span> <span class='ocrx_word' id='word_1_688' title='bbox 651 5722 827 5799; x_wconf 80' lang='grc' dir='ltr'>οἶμαι,</span> <span class='ocrx_word' id='word_1_689' title='bbox 860 5725 1033 5798; x_wconf 81' lang='grc' dir='ltr'>ἀλλ’ἢ</span> <span class='ocrx_word' id='word_1_690' title='bbox 1072 5725 1172 5796; x_wconf 82' lang='grc' dir='ltr'>τῆς</span> <span class='ocrx_word' id='word_1_691' title='bbox 1211 5722 1610 5796; x_wconf 85' lang='grc' dir='ltr'>δημιουργικῆς</span> <span class='ocrx_word' id='word_1_692' title='bbox 1641 5720 1925 5792; x_wconf 77' lang='grc' dir='ltr'>ἐνεργείας</span> 
     </span>
    </p>
   </div>
   <div class='ocr_carea' id='block_1_105' title="bbox 332 5814 1923 5893">
    <p class='ocr_par' dir='ltr' id='par_1_105' title="bbox 332 5814 1923 5893">
     <span class='ocr_line' id='line_1_105' title="bbox 332 5814 1923 5893; baseline -0.003 -19"><span class='ocrx_word' id='word_1_693' title='bbox 332 5822 669 5893; x_wconf 81' lang='grc' dir='ltr'>σημαντικόν</span> <span class='ocrx_word' id='word_1_694' title='bbox 691 5838 750 5876; x_wconf 87' lang='grc' dir='ltr'><strong><em>τε</em></strong></span> <span class='ocrx_word' id='word_1_695' title='bbox 787 5821 883 5877; x_wconf 83' lang='lat' dir='ltr'><strong><em>xui.</em></strong></span> <span class='ocrx_word' id='word_1_696' title='bbox 911 5818 1323 5892; x_wconf 72' lang='grc' dir='ltr'>παραστατικὸν</span> <span class='ocrx_word' id='word_1_697' title='bbox 1354 5818 1422 5876; x_wconf 83' lang='grc' dir='ltr'>ἂν</span> <span class='ocrx_word' id='word_1_698' title='bbox 1477 5816 1564 5889; x_wconf 76' lang='grc' dir='ltr'>εἴη</span> <span class='ocrx_word' id='word_1_699' title='bbox 1592 5832 1606 5847; x_wconf 79' lang='grc' dir='ltr'><strong><em>ο</em></strong></span> <span class='ocrx_word' id='word_1_700' title='bbox 1652 5816 1812 5889; x_wconf 71' lang='grc' dir='ltr'>εἴπερ</span> <span class='ocrx_word' id='word_1_701' title='bbox 1861 5814 1923 5870; x_wconf 79' lang='grc' dir='ltr'>τὸ</span> 
     </span>
    </p>
   </div>
   <div class='ocr_carea' id='block_1_106' title="bbox 2019 4587 3609 4678">
    <p class='ocr_par' dir='ltr' id='par_1_106' title="bbox 2019 4587 3609 4678">
     <span class='ocr_line' id='line_1_106' title="bbox 2019 4587 3609 4678; baseline -0.004 -17"><span class='ocrx_word' id='word_1_702' title='bbox 2019 4604 2302 4678; x_wconf 80' lang='lat' dir='ltr'><strong><em>produxit,</em></strong></span> <span class='ocrx_word' id='word_1_703' title='bbox 2340 4604 2426 4659; x_wconf 91' lang='lat' dir='ltr'><strong><em>vel</em></strong></span> <span class='ocrx_word' id='word_1_704' title='bbox 2457 4603 2703 4674; x_wconf 88' lang='lat' dir='ltr'><strong><em>potentia</em></strong></span> <span class='ocrx_word' id='word_1_705' title='bbox 2757 4587 3019 4672; x_wconf 81' lang='lat' dir='ltr'><strong><em>praeditus</em></strong></span> <span class='ocrx_word' id='word_1_706' title='bbox 3048 4601 3193 4656; x_wconf 89' lang='lat' dir='ltr'><strong><em>hanc</em></strong></span> <span class='ocrx_word' id='word_1_707' title='bbox 3241 4599 3424 4655; x_wconf 80' lang='lat' dir='ltr'><strong><em>eﬂ&#39;eeit</em></strong></span> <span class='ocrx_word' id='word_1_708' title='bbox 3452 4615 3609 4655; x_wconf 87' lang='lat' dir='ltr'><strong><em>crea-</em></strong></span> 
     </span>
    </p>
   </div>
   <div class='ocr_carea' id='block_1_107' title="bbox 2021 4678 3609 4768">
    <p class='ocr_par' dir='ltr' id='par_1_107' title="bbox 2021 4678 3609 4768">
     <span class='ocr_line' id='line_1_107' title="bbox 2021 4678 3609 4768; baseline -0.008 -13"><span class='ocrx_word' id='word_1_709' title='bbox 2021 4700 2228 4755; x_wconf 84' lang='lat' dir='ltr'><strong><em>tionem</em></strong></span> <span class='ocrx_word' id='word_1_710' title='bbox 2265 4706 2319 4753; x_wconf 89' lang='lat' dir='ltr'><strong><em>et</em></strong></span> <span class='ocrx_word' id='word_1_711' title='bbox 2340 4696 2797 4768; x_wconf 88' lang='lat' dir='ltr'><strong><em>productionem,</em></strong></span> <span class='ocrx_word' id='word_1_712' title='bbox 2850 4694 2938 4748; x_wconf 88' lang='lat' dir='ltr'><strong><em>vel</em></strong></span> <span class='ocrx_word' id='word_1_713' title='bbox 2983 4706 3049 4748; x_wconf 89' lang='lat' dir='ltr'><strong><em>ea</em></strong></span> <span class='ocrx_word' id='word_1_714' title='bbox 3079 4691 3326 4765; x_wconf 87' lang='lat' dir='ltr'><strong><em>potentia</em></strong></span> <span class='ocrx_word' id='word_1_715' title='bbox 3364 4678 3609 4748; x_wconf 82' lang='lat' dir='ltr'><strong><em>carebat.</em></strong></span> 
     </span>
    </p>
   </div>
   <div class='ocr_carea' id='block_1_108' title="bbox 2020 4780 3612 4863">
    <p class='ocr_par' dir='ltr' id='par_1_108' title="bbox 2020 4780 3612 4863">
     <span class='ocr_line' id='line_1_108' title="bbox 2020 4780 3612 4863; baseline -0.009 -15"><span class='ocrx_word' id='word_1_716' title='bbox 2020 4791 2186 4863; x_wconf 87' lang='lat' dir='ltr'><strong><em>Atqui</em></strong></span> <span class='ocrx_word' id='word_1_717' title='bbox 2220 4796 2266 4846; x_wconf 82' lang='lat' dir='ltr'><strong><em>si</em></strong></span> <span class='ocrx_word' id='word_1_718' title='bbox 2297 4789 2543 4862; x_wconf 87' lang='lat' dir='ltr'><strong><em>potentia</em></strong></span> <span class='ocrx_word' id='word_1_719' title='bbox 2571 4787 2785 4853; x_wconf 89' lang='lat' dir='ltr'><strong><em>caruit,</em></strong></span> <span class='ocrx_word' id='word_1_720' title='bbox 2821 4784 2970 4841; x_wconf 81' lang='lat' dir='ltr'><strong><em>falsae</em></strong></span> <span class='ocrx_word' id='word_1_721' title='bbox 3008 4792 3138 4841; x_wconf 86' lang='lat' dir='ltr'><strong><em>sunt</em></strong></span> <span class='ocrx_word' id='word_1_722' title='bbox 3184 4792 3465 4839; x_wconf 67' lang='lat' dir='ltr'><strong><em>consuetae</em></strong></span> <span class='ocrx_word' id='word_1_723' title='bbox 3504 4780 3612 4835; x_wconf 69' lang='lat' dir='ltr'><strong><em>illae</em></strong></span> 
     </span>
    </p>
   </div>
   <div class='ocr_carea' id='block_1_109' title="bbox 2024 4876 3611 4942">
    <p class='ocr_par' dir='ltr' id='par_1_109' title="bbox 2024 4876 3611 4942">
     <span class='ocr_line' id='line_1_109' title="bbox 2024 4876 3611 4942; baseline -0.009 0"><span class='ocrx_word' id='word_1_724' title='bbox 2024 4885 2342 4942; x_wconf 89' lang='lat' dir='ltr'><strong><em>hominibus</em></strong></span> <span class='ocrx_word' id='word_1_725' title='bbox 2369 4884 2437 4940; x_wconf 90' lang='lat' dir='ltr'><strong><em>de</em></strong></span> <span class='ocrx_word' id='word_1_726' title='bbox 2460 4882 2573 4939; x_wconf 89' lang='lat' dir='ltr'><strong><em>Deo</em></strong></span> <span class='ocrx_word' id='word_1_727' title='bbox 2600 4890 2873 4937; x_wconf 68' lang='lat' dir='ltr'><strong><em>accuratae</em></strong></span> <span class='ocrx_word' id='word_1_728' title='bbox 2894 4890 2952 4935; x_wconf 72' lang='lat' dir='ltr'><strong><em>et</em></strong></span> <span class='ocrx_word' id='word_1_729' title='bbox 2972 4891 3299 4937; x_wconf 78' lang='lat' dir='ltr'><strong><em>mmmunes</em></strong></span> <span class='ocrx_word' id='word_1_730' title='bbox 3332 4876 3611 4936; x_wconf 89' lang='lat' dir='ltr'><strong><em>notiones.</em></strong></span> 
     </span>
    </p>
   </div>
   <div class='ocr_carea' id='block_1_110' title="bbox 2023 4966 3625 5049">
    <p class='ocr_par' dir='ltr' id='par_1_110' title="bbox 2023 4966 3625 5049">
     <span class='ocr_line' id='line_1_110' title="bbox 2023 4966 3625 5049; baseline -0.006 -19"><span class='ocrx_word' id='word_1_731' title='bbox 2023 4991 2145 5047; x_wconf 79' lang='lat' dir='ltr'><strong><em>quae</em></strong></span> <span class='ocrx_word' id='word_1_732' title='bbox 2162 4974 2269 5031; x_wconf 89' lang='lat' dir='ltr'><strong><em>dici</em></strong></span> <span class='ocrx_word' id='word_1_733' title='bbox 2300 4975 2477 5031; x_wconf 88' lang='lat' dir='ltr'><strong><em>solent</em></strong></span> <span class='ocrx_word' id='word_1_734' title='bbox 2502 4981 2557 5028; x_wconf 92' lang='lat' dir='ltr'><strong><em>et</em></strong></span> <span class='ocrx_word' id='word_1_735' title='bbox 2580 4972 2741 5043; x_wconf 88' lang='lat' dir='ltr'><strong><em>vulgo</em></strong></span> <span class='ocrx_word' id='word_1_736' title='bbox 2766 4970 3144 5027; x_wconf 86' lang='lat' dir='ltr'><strong><em>dominantur.</em></strong></span> <span class='ocrx_word' id='word_1_737' title='bbox 3165 4966 3301 5022; x_wconf 83' lang='lat' dir='ltr'><strong><em>Nam</em></strong></span> <span class='ocrx_word' id='word_1_738' title='bbox 3330 4968 3625 5049; x_wconf 89' lang='lat' dir='ltr'><strong><em>quomodo</em></strong></span> 
     </span>
    </p>
   </div>
   <div class='ocr_carea' id='block_1_111' title="bbox 2025 5059 3617 5135">
    <p class='ocr_par' dir='ltr' id='par_1_111' title="bbox 2025 5059 3617 5135">
     <span class='ocr_line' id='line_1_111' title="bbox 2025 5059 3617 5135; baseline -0.006 -13"><span class='ocrx_word' id='word_1_739' title='bbox 2025 5070 2073 5124; x_wconf 91' lang='lat' dir='ltr'><strong><em>is</em></strong></span> <span class='ocrx_word' id='word_1_740' title='bbox 2108 5066 2388 5122; x_wconf 87' lang='lat' dir='ltr'><strong><em>mundana</em></strong></span> <span class='ocrx_word' id='word_1_741' title='bbox 2434 5067 2549 5122; x_wconf 67' lang='lat' dir='ltr'><strong><em>haec</em></strong></span> <span class='ocrx_word' id='word_1_742' title='bbox 2592 5062 2960 5135; x_wconf 85' lang='lat' dir='ltr'><strong><em>compegisset</em></strong></span> <span class='ocrx_word' id='word_1_743' title='bbox 3004 5071 3059 5118; x_wconf 89' lang='lat' dir='ltr'><strong><em>et</em></strong></span> <span class='ocrx_word' id='word_1_744' title='bbox 3091 5059 3519 5125; x_wconf 89' lang='lat' dir='ltr'><strong><em>conformasset,</em></strong></span> <span class='ocrx_word' id='word_1_745' title='bbox 3562 5069 3617 5114; x_wconf 75' lang='lat' dir='ltr'><strong><em>et</em></strong></span> 
     </span>
    </p>
   </div>
   <div class='ocr_carea' id='block_1_112' title="bbox 2024 5153 3612 5239">
    <p class='ocr_par' dir='ltr' id='par_1_112' title="bbox 2024 5153 3612 5239">
     <span class='ocr_line' id='line_1_112' title="bbox 2024 5153 3612 5239; baseline -0.008 -21"><span class='ocrx_word' id='word_1_746' title='bbox 2024 5162 2091 5217; x_wconf 89' lang='lat' dir='ltr'><strong><em>ad</em></strong></span> <span class='ocrx_word' id='word_1_747' title='bbox 2126 5161 2507 5239; x_wconf 76' lang='lat' dir='ltr'><strong><em>exsisteutiam</em></strong></span> <span class='ocrx_word' id='word_1_748' title='bbox 2566 5156 2950 5229; x_wconf 80' lang='lat' dir='ltr'><strong><em>perduxisset?</em></strong></span> <span class='ocrx_word' id='word_1_749' title='bbox 2998 5154 3097 5211; x_wconf 83' lang='lat' dir='ltr'><strong><em>Vel</em></strong></span> <span class='ocrx_word' id='word_1_750' title='bbox 3144 5154 3427 5226; x_wconf 85' lang='lat' dir='ltr'><strong><em>quomodo</em></strong></span> <span class='ocrx_word' id='word_1_751' title='bbox 3466 5153 3612 5207; x_wconf 85' lang='lat' dir='ltr'><strong><em>idem</em></strong></span> 
     </span>
    </p>
   </div>
   <div class='ocr_carea' id='block_1_113' title="bbox 2025 5247 3617 5326">
    <p class='ocr_par' dir='ltr' id='par_1_113' title="bbox 2025 5247 3617 5326">
     <span class='ocr_line' id='line_1_113' title="bbox 2025 5247 3617 5326; baseline -0.008 -15"><span class='ocrx_word' id='word_1_752' title='bbox 2025 5267 2283 5326; x_wconf 83' lang='lat' dir='ltr'><strong><em>operator</em></strong></span> <span class='ocrx_word' id='word_1_753' title='bbox 2325 5260 2474 5309; x_wconf 88' lang='lat' dir='ltr'><strong><em>esset</em></strong></span> <span class='ocrx_word' id='word_1_754' title='bbox 2514 5260 2681 5322; x_wconf 87' lang='lat' dir='ltr'><strong><em>atque</em></strong></span> <span class='ocrx_word' id='word_1_755' title='bbox 2726 5259 2966 5318; x_wconf 88' lang='lat' dir='ltr'><strong><em>creator,</em></strong></span> <span class='ocrx_word' id='word_1_756' title='bbox 3020 5251 3183 5322; x_wconf 90' lang='lat' dir='ltr'><strong><em>eique</em></strong></span> <span class='ocrx_word' id='word_1_757' title='bbox 3222 5247 3521 5305; x_wconf 88' lang='lat' dir='ltr'><strong><em>creationis</em></strong></span> <span class='ocrx_word' id='word_1_758' title='bbox 3560 5254 3617 5299; x_wconf 88' lang='lat' dir='ltr'><strong><em>et</em></strong></span> 
     </span>
    </p>
   </div>
   <div class='ocr_carea' id='block_1_114' title="bbox 2024 5340 3617 5420">
    <p class='ocr_par' dir='ltr' id='par_1_114' title="bbox 2024 5340 3617 5420">
     <span class='ocr_line' id='line_1_114' title="bbox 2024 5340 3617 5420; baseline -0.009 -16"><span class='ocrx_word' id='word_1_759' title='bbox 2024 5348 2246 5420; x_wconf 88' lang='lat' dir='ltr'><strong><em>quidem</em></strong></span> <span class='ocrx_word' id='word_1_760' title='bbox 2274 5355 2438 5402; x_wconf 70' lang='lat' dir='ltr'><strong><em>tantae</em></strong></span> <span class='ocrx_word' id='word_1_761' title='bbox 2465 5343 2804 5415; x_wconf 86' lang='lat' dir='ltr'><strong><em>operationis</em></strong></span> <span class='ocrx_word' id='word_1_762' title='bbox 2837 5340 3217 5400; x_wconf 87' lang='lat' dir='ltr'><strong><em>denominatio</em></strong></span> <span class='ocrx_word' id='word_1_763' title='bbox 3249 5345 3617 5411; x_wconf 85' lang='lat' dir='ltr'><strong><em>congruenter</em></strong></span> 
     </span>
    </p>
   </div>
   <div class='ocr_carea' id='block_1_115' title="bbox 2025 5430 3617 5510">
    <p class='ocr_par' dir='ltr' id='par_1_115' title="bbox 2025 5430 3617 5510">
     <span class='ocr_line' id='line_1_115' title="bbox 2025 5430 3617 5510; baseline -0.009 -10"><span class='ocrx_word' id='word_1_764' title='bbox 2025 5444 2444 5507; x_wconf 84' lang='lat' dir='ltr'><strong><em>attribueretur,</em></strong></span> <span class='ocrx_word' id='word_1_765' title='bbox 2480 5440 2527 5495; x_wconf 91' lang='lat' dir='ltr'><strong><em>si</em></strong></span> <span class='ocrx_word' id='word_1_766' title='bbox 2570 5439 2892 5510; x_wconf 86' lang='lat' dir='ltr'><strong><em>impotentia</em></strong></span> <span class='ocrx_word' id='word_1_767' title='bbox 2928 5445 3250 5505; x_wconf 70' lang='lat' dir='ltr'><strong><em>naturaeque</em></strong></span> <span class='ocrx_word' id='word_1_768' title='bbox 3297 5430 3617 5488; x_wconf 87' lang='lat' dir='ltr'><strong><em>inﬁrmitate</em></strong></span> 
     </span>
    </p>
   </div>
   <div class='ocr_carea' id='block_1_116' title="bbox 2025 5530 3619 5602">
    <p class='ocr_par' dir='ltr' id='par_1_116' title="bbox 2025 5530 3619 5602">
     <span class='ocr_line' id='line_1_116' title="bbox 2025 5530 3619 5602; baseline -0.013 -9"><span class='ocrx_word' id='word_1_769' title='bbox 2025 5537 2378 5599; x_wconf 88' lang='lat' dir='ltr'><strong><em>limitaretur,</em></strong></span> <span class='ocrx_word' id='word_1_770' title='bbox 2418 5533 2675 5602; x_wconf 87' lang='lat' dir='ltr'><strong><em>Deusque</em></strong></span> <span class='ocrx_word' id='word_1_771' title='bbox 2722 5530 2998 5601; x_wconf 89' lang='lat' dir='ltr'><strong><em>impotens</em></strong></span> <span class='ocrx_word' id='word_1_772' title='bbox 3037 5532 3390 5596; x_wconf 89' lang='lat' dir='ltr'><strong><em>reputaretur</em></strong></span> <span class='ocrx_word' id='word_1_773' title='bbox 3416 5531 3472 5579; x_wconf 89' lang='lat' dir='ltr'><strong><em>et</em></strong></span> <span class='ocrx_word' id='word_1_774' title='bbox 3499 5534 3619 5575; x_wconf 84' lang='lat' dir='ltr'><strong><em>cre—</em></strong></span> 
     </span>
    </p>
   </div>
   <div class='ocr_carea' id='block_1_117' title="bbox 2025 5617 3617 5693">
    <p class='ocr_par' dir='ltr' id='par_1_117' title="bbox 2025 5617 3617 5693">
     <span class='ocr_line' id='line_1_117' title="bbox 2025 5617 3617 5693; baseline -0.013 -6"><span class='ocrx_word' id='word_1_775' title='bbox 2025 5627 2301 5693; x_wconf 79' lang='lat' dir='ltr'><strong><em>deretur?,</em></strong></span> <span class='ocrx_word' id='word_1_776' title='bbox 2327 5626 2462 5682; x_wconf 88' lang='lat' dir='ltr'><strong><em>Nam</em></strong></span> <span class='ocrx_word' id='word_1_777' title='bbox 2508 5623 2601 5680; x_wconf 81' lang='lat' dir='ltr'><strong><em>Dei</em></strong></span> <span class='ocrx_word' id='word_1_778' title='bbox 2653 5637 2853 5678; x_wconf 89' lang='lat' dir='ltr'><strong><em>nomen</em></strong></span> <span class='ocrx_word' id='word_1_779' title='bbox 2912 5620 3058 5675; x_wconf 86' lang='lat' dir='ltr'><strong><em>haud</em></strong></span> <span class='ocrx_word' id='word_1_780' title='bbox 3101 5617 3242 5673; x_wconf 89' lang='lat' dir='ltr'><strong><em>alius</em></strong></span> <span class='ocrx_word' id='word_1_781' title='bbox 3273 5618 3388 5682; x_wconf 87' lang='lat' dir='ltr'><strong><em>rei,</em></strong></span> <span class='ocrx_word' id='word_1_782' title='bbox 3428 5621 3489 5668; x_wconf 88' lang='lat' dir='ltr'><strong><em>ut</em></strong></span> <span class='ocrx_word' id='word_1_783' title='bbox 3513 5622 3617 5682; x_wconf 85' lang='lat' dir='ltr'><strong><em>ego</em></strong></span> 
     </span>
    </p>
   </div>
   <div class='ocr_carea' id='block_1_118' title="bbox 2029 5707 3619 5787">
    <p class='ocr_par' dir='ltr' id='par_1_118' title="bbox 2029 5707 3619 5787">
     <span class='ocr_line' id='line_1_118' title="bbox 2029 5707 3619 5787; baseline -0.013 -8"><span class='ocrx_word' id='word_1_784' title='bbox 2029 5722 2293 5787; x_wconf 89' lang='lat' dir='ltr'><strong><em>arbitror,</em></strong></span> <span class='ocrx_word' id='word_1_785' title='bbox 2327 5719 2435 5776; x_wconf 89' lang='lat' dir='ltr'><strong><em>nisi</em></strong></span> <span class='ocrx_word' id='word_1_786' title='bbox 2470 5716 2757 5774; x_wconf 87' lang='lat' dir='ltr'><strong><em>creatricis</em></strong></span> <span class='ocrx_word' id='word_1_787' title='bbox 2785 5712 3038 5770; x_wconf 67' lang='lat' dir='ltr'><strong><em>elﬁcacia:</em></strong></span> <span class='ocrx_word' id='word_1_788' title='bbox 3075 5707 3501 5782; x_wconf 85' lang='lat' dir='ltr'><strong><em>signiﬁcativum</em></strong></span> <span class='ocrx_word' id='word_1_789' title='bbox 3530 5713 3619 5760; x_wconf 85' lang='lat' dir='ltr'><strong><em>est</em></strong></span> 
     </span>
    </p>
   </div>
   <div class='ocr_carea' id='block_1_119' title="bbox 2027 5798 3619 5883">
    <p class='ocr_par' dir='ltr' id='par_1_119' title="bbox 2027 5798 3619 5883">
     <span class='ocr_line' id='line_1_119' title="bbox 2027 5798 3619 5883; baseline -0.012 -8"><span class='ocrx_word' id='word_1_790' title='bbox 2027 5826 2081 5876; x_wconf 88' lang='lat' dir='ltr'><strong><em>et</em></strong></span> <span class='ocrx_word' id='word_1_791' title='bbox 2098 5813 2623 5883; x_wconf 85' lang='lat' dir='ltr'><strong><em>demonstrativum,</em></strong></span> <span class='ocrx_word' id='word_1_792' title='bbox 2651 5808 2914 5883; x_wconf 82' lang='lat' dir='ltr'><strong><em>quoniam</em></strong></span> <span class='ocrx_word' id='word_1_793' title='bbox 2956 5805 3076 5878; x_wconf 88' lang='lat' dir='ltr'><strong><em>ipsa</em></strong></span> <span class='ocrx_word' id='word_1_794' title='bbox 3107 5812 3253 5861; x_wconf 87' lang='lat' dir='ltr'><strong><em>certe</em></strong></span> <span class='ocrx_word' id='word_1_795' title='bbox 3285 5800 3488 5871; x_wconf 87' lang='lat' dir='ltr'><strong><em>deitas,</em></strong></span> <span class='ocrx_word' id='word_1_796' title='bbox 3512 5798 3619 5856; x_wconf 85' lang='lat' dir='ltr'><strong><em>hac</em></strong></span> 
     </span>
    </p>
   </div>
  </div>
