4064 6404
515 365 624 428 675

1804 350 2100 414 ΝΙΟΕΤΑΞ
2138 346 2562 413 ΒΥΖΑΝΤΙΝΪ

3708 352 3820 416 6'76

518 476 733 530 ratione
754 471 1126 538 considerata,
1157 466 1580 526 innominabilis
1603 475 1711 533 εει,
1764 465 2102 521 inenarrabi-

2213 470 2368 525 Θεῖον
2389 468 2536 524 κατὰ
2558 467 2650 523 τὸν
2676 467 2828 522 τουτί
2865 468 2982 523 ἐστι
3021 467 3199 538 λόγον,
3259 470 3707 543 άκατονόμαστόν
3749 495 3811 532 τε

515 566 608 633 lis,
640 574 806 636 atque
832 562 1265 634 inexplicabilis.
1281 562 1511 619 Etiamsi
1537 561 1693 617 enim
1725 557 1916 613 multis
1939 571 2111 627 pecu-

516 659 726 715 liariter
755 659 811 714 in
851 657 1037 714 divina
1067 669 1266 712 natura
1326 655 1426 710 Dei
1457 669 1658 711 nomen
1693 662 1952 724 tanquam
1986 664 2113 717 pro-

515 751 696 820 priunt
734 750 977 813 videtur,
1005 748 1155 805 haud
1182 757 1309 819 apte
1330 747 1401 802 ita
1432 746 1703 817 accipitur
1735 764 1747 800 :
1777 758 2017 815 namque
2044 758 2111 798 ex

516 844 624 899 hoc
653 845 878 900 nomine
903 856 1131 915 prorsus
1164 848 1219 894 et
1272 839 1531 911 potentia:
1561 838 1679 895 idea
1705 836 2025 893 necessario
2055 836 2111 891 in

514 936 678 994 nobis
733 937 1068 993 coniicitur:
1106 934 1377 1006 siquidem
1433 935 1617 989 omnis
1661 933 1911 1003 operatio
1964 931 2112 987 haud

514 1030 726 1100 absque
757 1016 999 1100 potentia
1043 1034 1163 1093 est,
1220 1034 1280 1081 ut
1337 1025 1481 1081 facta
1523 1034 1821 1080 testantur.
1884 1024 1943 1079 Si
1980 1038 2112 1095 ergo

517 1120 682 1184 Deus,
733 1132 794 1176 ut
857 1120 1209 1189 supponitur,
1268 1118 1479 1188 absque
1538 1117 1787 1187 petentia
1840 1116 2108 1171 mundum

514 1214 794 1284 produxit,
825 1213 1170 1282 exploratum
1202 1220 1286 1266 est
1313 1225 1436 1265 eum
1464 1211 1709 1287 potentia
1747 1224 1958 1265 carere.
1995 1209 2105 1276 Qui

513 1312 697 1358 autem
728 1301 972 1373 potentia
994 1301 1172 1365 'caret,
1206 1299 1350 1355 idem
1394 1316 1425 1355 a
1455 1299 1699 1355 creando
1732 1301 2056 1369 prohibetur
2092 1319 2107 1355 :

513 1396 607 1466 qui
634 1410 765 1451 vero
795 1409 824 1448 a
852 1393 1208 1466 producendo
1231 1401 1286 1449 et
1318 1392 1562 1448 creando
1597 1392 1944 1462 prohibetur,
1964 1394 2108 1448 idem

512 1489 680 1541 etiam
729 1486 1033 1556 quominus
1083 1485 1227 1542 Deus
1268 1486 1341 1542 sit
1395 1484 1724 1555 dicaturque
1758 1484 2108 1555 prohibetur.

512 1576 875 1634 Concluditur
913 1591 1046 1647 ergo
1092 1584 1154 1632 ut
1196 1575 1342 1632 Deus
1370 1574 1599 1631 minime
1647 1571 1796 1630 Deus
1824 1574 1931 1643 sit;
1961 1574 2108 1647 quod

512 1678 603 1725 est
630 1668 1024 1741 irreligiosum.

580 1779 635 1836 ὕ.
675 1779 745 1835 Ει
774 1779 975 1835 aliter:
1011 1777 1069 1833 Si
1099 1792 1281 1847 agere,
1321 1792 1426 1833 non
1461 1776 1581 1832 sine
1612 1777 1856 1848 potentia
1887 1784 2014 1844 est;
2052 1775 2105 1832 id

511 1873 660 1942 quod
687 1871 928 1943 potentia
957 1880 1131 1936 caret,
1172 1870 1369 1942 agendi
1408 1885 1631 1941 quoque
1662 1870 1712 1923 vi
1744 1869 1980 1924 naturali
2013 1885 2106 1925 ca-

508 1950 630 2030 ret;
664 1964 815 2035 quod
871 1970 1055 2019 autem
1104 1963 1430 2018 naturaliter
1473 1976 1583 2017 non
1612 1970 1793 2033 potest
1821 1976 2004 2033 agere,
2038 1976 2109 2017 ue

505 2055 763 2127 producit
790 2057 1014 2127 quidem
1042 2073 1056 2123 ;
1087 2055 1235 2127 quod
1266 2064 1447 2111 autem
1484 2054 1533 2108 vi
1584 2054 1804 2125 propria
1829 2070 1894 2109 ex
1931 2055 2105 2112 nihilo

507 2157 621 2196 non
654 2143 928 2213 producit,
973 2158 1040 2199 ne
1071 2143 1215 2199 Deus
1247 2143 1466 2214 quidem
1496 2153 1579 2199 est
1613 2160 1628 2198 :
1660 2160 1788 2214 ergo
1818 2142 1961 2199 Deus
1992 2160 2103 2200 non

504 2243 590 2290 est
652 2235 837 2303 Deus;
886 2236 1032 2307 quod
1066 2236 1217 2292 omni
1255 2237 1593 2307 blasphemia
1650 2236 1870 2305 plenum
1902 2235 2011 2293 est.’
2045 2236 2104 2293 Si

505 2326 693 2396 itaque
725 2326 896 2381 Deum
929 2328 1139 2398 absque
1163 2327 1406 2398 potentia
1440 2342 1682 2393 creasse,
1708 2343 1891 2385 sermo
1915 2338 2106 2385 noster

504 2417 847 2488 impossibile
898 2418 1393 2489 blaSphemumque
1426 2417 1861 2484 demonstravit;
1908 2433 2104 2489 super-

502 2519 588 2563 est
629 2518 689 2562 ut
718 2523 909 2563 verum
941 2508 1271 2579 limatumque
1309 2510 1402 2573 sit,
1439 2524 1563 2563 eum
1596 2509 1817 2580 propria
1860 2511 2102 2579 potentia

502 2615 689 2669 posse,
721 2600 885 2671 cujus
939 2601 1014 2656 rei
1049 2602 1208 2656 testis
1239 2610 1323 2656 est
1353 2601 1651 2657 evidentia.
1687 2600 1961 2668 Quoniam
1999 2602 2105 2656 ita-

504 2708 614 2762 que
665 2710 789 2748 ettm
822 2694 1063 2765 potentia
1114 2694 1260 2749 Deus
1290 2695 1555 2750 mundum
1588 2695 1865 2765 produxit,
1896 2709 2106 2765 suaque

504 2785 778 2853 sapientia
833 2788 1018 2840 omnia
1075 2787 1382 2856 gubernat,
1414 2796 1472 2841 ttt
1509 2787 1609 2858 ipsi
1640 2789 1806 2843 etiam
1869 2787 2103 2857 Agareui

502 2892 733 2946 prorsus
779 2887 1117 2945 concedent,
1169 2880 1516 2950 exploratum
1555 2890 1658 2945 est,
1699 2896 1825 2935 eum
1855 2895 1979 2934 esse
2009 2895 2106 2949 po-

505 2978 734 3025 tentem.
785 2969 979 3027 Omnis
1013 2987 1144 3027 vero
1203 2981 1401 3043 potens
1448 2973 1749 3042 potentiam
1794 2972 1961 3027 habet
1995 2986 2103 3041 qua

501 3069 697 3132 potens
742 3070 846 3127 est,
891 3071 948 3118 et
996 3079 1104 3134 qua
1140 3073 1405 3134 tanquam
1438 3074 1631 3135 potens
1664 3065 1811 3137 agit,
1849 3072 1904 3120 et
1941 3065 2104 3135 cujus

502 3166 675 3208 causa
727 3140 1007 3224 is‘potens
1056 3156 1280 3211 dicitur.
1335 3156 1642 3212 Conﬁcitur
1693 3172 1847 3226 ergo,
1879 3170 1937 3212 ut
1970 3158 2098 3228 quia
2130 3185 2173 3244 ο

501 3242 649 3298 Deus
696 3259 822 3299 cum
873 3248 1117 3315 potentia
1172 3247 1442 3301 mundum
1480 3247 1761 3318 produxit,
1800 3248 2099 3319 potentiam

500 3333 727 3400 habeat,
753 3352 862 3407 qua
894 3347 1086 3406 potens
1111 3346 1215 3404 est,
1247 3347 1300 3393 et
1333 3353 1440 3408 qua
1476 3340 1605 3408 agit,
1642 3347 1699 3393 et
1734 3338 1893 3408 cujus
1931 3352 2102 3394 causa

498 3436 695 3497 potens
727 3443 850 3483 esse
881 3429 1118 3484 videtur.
1153 3427 1311 3498 Quod
1343 3430 1390 3485 si
1441 3430 1517 3485 ita
1548 3439 1655 3497 est,
1686 3432 1876 3501 utique
1905 3442 2102 3504 poten-

501 3520 580 3573 tia
612 3534 736 3588 qutn
788 3509 1059 3585 habetur,
1099 3521 1318 3576 diversa
1366 3521 1437 3576 ab
1468 3522 1706 3578 habente
1758 3524 1885 3579 erit.
1940 3525 2102 3581 Nulla

500 3604 644 3665 eu'im
676 3626 764 3667 res
792 3621 849 3667 et
874 3611 1078 3667 habere
1124 3612 1291 3668 simul
1316 3621 1371 3668 et
1396 3612 1588 3669 haberi
1618 3616 1923 3670 secundum
1956 3617 2100 3673 idem

503 3703 707 3761 dicitur
734 3721 750 3772 ;
781 3704 944 3760 sicuti
971 3721 1081 3761 non
1116 3716 1203 3762 est
1232 3707 1376 3763 idem
1411 3708 1506 3778 qui
1540 3706 1710 3775 videt,
1741 3717 1796 3764 et
1823 3724 1913 3765 res
1945 3710 2097 3778 visa;

499 3810 684 3866 neque
719 3797 814 3867 qui
847 3798 1066 3868 pulsat,
1108 3808 1163 3854 et
1196 3800 1292 3870 qui
1326 3800 1611 3871 pulsatur;
1647 3816 1749 3856 nec
1774 3801 1867 3871 qui
1903 3816 2103 3873 cogno-

497 3887 604 3944 scit
642 3888 786 3944 idem
815 3900 904 3945 est
931 3906 998 3945 ac
1026 3892 1306 3962 cognitus,
1340 3907 1443 3949 nec
1466 3893 1560 3964 qui
1596 3893 1789 3949 scribit
1818 3892 1959 3949 idem
1992 3902 2096 3961 est,

496 3980 642 4059 quod
700 3983 985 4043 scribitur.
1033 3984 1214 4050 Quare
1271 3996 1441 4055 patet,
1511 3985 1655 4041 haud
1708 3985 1888 4056 ipsum
1924 3987 2095 4042 Deum

496 4071 904 4151 quodammodo
937 4075 1045 4131 dici
1094 4077 1417 4145 potentiam,
1450 4091 1557 4146 qua
1611 4084 1807 4147 potens
1834 4086 1938 4141 est,
1965 4092 2102 4148 qua-

493 4172 661 4229 tenus
691 4167 993 4235 potentiam
1028 4167 1218 4235 habet,
1260 4176 1315 4223 et
1351 4180 1629 4237 quatenus
1662 4183 1762 4239 per
1807 4168 1953 4224 illam
1985 4168 2099 4239 agit

506 4264 570 4309 ut
595 4267 754 4311 actor
781 4266 948 4328 atque
971 4267 1208 4312 creator.
1239 4256 1394 4326 Quod
1429 4258 1476 4316 si
1516 4259 1619 4314 hoc
1654 4273 1845 4313 verum
1875 4268 1981 4325 est,
2016 4259 2097 4314 uti

496 4360 693 4415 reapse
739 4362 928 4401 verum
967 4355 1073 4412 εει,
1113 4362 1246 4417 ergo
1287 4361 1385 4418 per
1431 4363 1597 4403 unam
1649 4349 1822 4404 solam
1881 4348 2098 4419 simpli-

496 4452 730 4504 cemque
762 4439 1089 4510 potentiam,
1122 4440 1441 4495 universum
1497 4441 1765 4496 mundum
1819 4440 1967 4497 Deus
2002 4454 2098 4495 ex-

2215 564 2314 618 καὶ
2337 563 2718 634 ἀνέκφραστον
2746 562 2844 617 καὶ
2866 563 3276 634 άνερμὴνευτον
3304 565 3631 620 καθίσταται
3655 582 3671 596 ’
3701 566 3815 620 κᾶν

2214 660 2329 719 τοῖς
2354 656 2570 720 πολλοῖς
2611 640 2922 721 ἰδιαζόντως
2945 655 3040 710 ἐπὶ
3072 656 3174 727 τῆς
3201 657 3353 721 θείας
3404 659 3622 727 φύσεως
3666 660 3826 714 τουτὶ

2218 750 2281 804 τὸ
2310 750 2456 817 Θεὸς
2477 750 2670 821 ὄνομα,
2694 749 2947 821 ὦσπερΙτι
2965 750 3152 822 κύριον
3182 754 3533 823 σημαντικὸν,
3555 755 3615 807 οὐ
3646 768 3822 824 προσ-
3854 763 3861 769 ’

2218 841 2372 911 φυῶς
2405 841 2744 913 ἑξείληπται,
2767 840 2827 907 ἐξ
2854 834 2914 896 οὗ
2941 824 3212 912 ὸνόματος
3250 842 3468 906 πάντως
3502 844 3595 898 καὶ
3650 845 3819 899 δύνα-

2217 933 2341 988 σθαι
2371 935 2503 1005 ἡμῖν
2532 933 2593 999 ἐξ
2612 933 2859 1005 ἀνάγκης
2888 935 3317 1003 συναναφύεταιο
3358 936 3519 1006 εἴπερ
3550 938 3697 990 πᾶσα
3730 939 3824 990 ὲν-

2212 1028 2404 1100 έργεια
2437 1029 2575 1099 μετὰ
2599 1027 2881 1098 δυνάμεως
2922 1026 2999 1097 (5)
3026 1043 3040 1057 '
3086 1029 3182 1082 καὶ
3229 1032 3500 1099 μαρτυρεῖ
3543 1029 3612 1082 τὰ
3672 1029 3825 1101 πρά-

2213 1135 2435 1190 γματα·
2472 1121 2521 1175 ει
2546 1119 2643 1174 οὖν
2668 1122 2695 1175 6
2723 1119 2878 1183 Θεὸς,
2908 1117 2985 1184 ὡς
3022 1118 3283 1190 ὑπετέθη,
3328 1120 3431 1173 οὐκ
3478 1121 3537 1173 ἐν
3581 1119 3822 1191 δυνάμει

2212 1212 2306 1267 τὸν
2335 1212 2544 1284 κόσμον
2568 1214 2930 1284 παρήγαγεν,ἷ
2961 1212 3195 1283 φανερὸν
3247 1213 3329 1265 ὃτι
3361 1213 3655 1285 ἐστέρηται
3717 1214 3819 1267 τοῦ

2213 1307 2476 1362 δύνασθαι
2513 1323 2530 1340 ο
2564 1306 2593 1361 6
2630 1308 2688 1362 δὲ
2717 1308 3010 1379 ἐστέρηται
3042 1306 3137 1360 τοῦ
3170 1305 3456 1370 δύνασθαι,
3520 1309 3822 1380 ἐστέρηται

2211 1398 2423 1454 καὶτοῦ
2451 1400 2720 1472 παράγειν
2751 1417 2766 1433 ·
2796 1400 2824 1453 ὃ
2856 1399 2914 1453 δὲ
2938 1399 3231 1471 ἐπέρηται
3278 1400 3373 1453 κού⁹
3397 1400 3493 1454 τοῦ
3538 1402 3821 1471 παράγειν

2212 1489 2309 1545 καὶ
2363 1491 2735 1562 δημιουργεῖν,
2796 1491 3087 1563 ἐστέρηται
3145 1491 3240 1545 τοῦ
3282 1488 3421 1546 εἶναι
3464 1491 3598 1557 Θεός
3627 1510 3685 1547 τε
3718 1495 3821 1547 καὶ

2210 1578 2474 1650 λέγεσθαι
2504 1596 2520 1612 ’
2548 1581 2845 1651 συνάγεται
2874 1581 2985 1654 ἄρα
3023 1582 3104 1636 ὅτι
3135 1584 3162 1637 6
3185 1581 3317 1647 Θεὸς
3340 1581 3401 1636 οὐ
3435 1583 3568 1648 Θεό⁶ς
3602 1598 3616 1613 ⁸
3673 1585 3819 1657 ὅπερ

2212 1670 2429 1736 ἀσεϐές.

2282 1770 2344 1818 ε’.
2376 1746 2725 1827 Καῖᾶλλωςο
2760 1763 2824 1817 Εἰ
2865 1761 2928 1816 τὸ
2958 1764 3153 1827 ποιεῖν,
3192 1762 3332 1833 μετὰ
3379 1762 3688 1835 δυνάμεως,
3749 1767 3814 1821 τὸ

2222 1853 2299 1927 μὴ
2337 1856 2395 1910 ὲν
2419 1856 2666 1927 δυνάμει,
2690 1856 2813 1910 οὐδὲ
2844 1856 3054 1925 πέφυκε
3091 1860 3268 1910 ποιεῖν
3301 1873 3315 1888 ·
3350 1858 3379 1912 ὃ
3417 1859 3474 1914 δὲ
3521 1861 3581 1913 οὐ
3639 1863 3809 1925 ποιεῖ,

2216 1949 2339 2003 οὐδὲ
2373 1948 2641 2018 πέφυκεν,
2670 1949 2794 2003 οὐδὲ
2829 1950 3096 2020 παράγειο
3127 1949 3156 2004 6
3188 1951 3245 2005 δὲ
3290 1952 3357 2005 οὐ
3391 1953 3664 2023 παράγειν
3706 1955 3812 2007 πέ-

2216 2060 2388 2112 φυκεν
2410 2044 2474 2097 ἐκ
2505 2042 2581 2114 μὴ
2608 2041 2798 2109 ὄντων,
2828 2043 2948 2097 οὐδὲ
2978 2043 3112 2108 Θεός
3137 2060 3150 2076 ⁸
3184 2047 3213 2098 6
3235 2044 3366 2110 Θεὸς
3394 2046 3501 2117 ἄρα
3548 2048 3607 2100 οὐ
3642 2048 3809 2113 Θεός·

2215 2136 2355 2207 ὅπερ
2381 2136 2499 2189 ἐστὶ
2532 2136 2714 2207 πάσης
2759 2134 3114 2207 βλασφημίας
3160 2137 3488 2207 ἀνάμεστον.
3531 2140 3593 2192 El
3627 2137 3721 2193 οὖν
3750 2140 3813 2193 τὸ

2219 2227 2293 2300 μὴ
2343 2229 2402 2282 ἐν
2445 2226 2680 2297 δυνάμει
2718 2227 2810 2281 τὸν
2857 2228 2991 2282 Θεὸν
3037 2229 3312 2299 παράγειν
3354 2232 3382 2284 6
3416 2230 3577 2300 λόγος
3612 2231 3812 2296 ἔδειξεν

2213 2318 2477 2374 ἀδύνατόν
2497 2337 2555 2373 τε
2585 2319 2681 2373 καὶ
2713 2319 3056 2391 βλάσφημον,
3099 2320 3351 2376 λείπεται
3397 2321 3457 2375 τὸ
3489 2325 3546 2376 ὲν
3576 2324 3808 2396 δυνάμει

2211 2409 2436 2473 δυνατὸς
2458 2411 2534 2465 ὣν
2562 2412 2764 2483 άληϐές
2818 2430 2879 2466 τε
2932 2413 3028 2466 καὶ
3082 2412 3299 2484 βέϐαιον
3330 2433 3345 2448 ·
3380 2417 3475 2468 καὶ
3530 2418 3806 2489 μάρτυςή

2214 2501 2475 2569 ἐνάργεια
2503 2501 2602 2573 [ita
2628 2501 2794 2575 cod.].
2845 2503 2998 2557 Ἐπεὶ
3026 2500 3119 2560 οὖν
3142 2507 3200 2558 ὲν
3228 2505 3456 2576 δυνάμει
3486 2507 3514 2559 6
3536 2508 3668 2573 Θεὸς
3713 2509 3805 2562 τὸν

2213 2594 2419 2662 κόσμον
2452 2595 2799 2666 παρήγαγεν,
2834 2597 2929 2650 καὶ
2950 2586 3015 2669 τῇ
3041 2597 3204 2669 σοφίᾳ
3236 2599 3406 2651 αὑτοῦ
3441 2598 3502 2652 τὸ
3534 2600 3643 2654 πᾶν
3683 2599 3803 2653 δια-

2214 2685 2471 2757 κυϐερνᾷ,
2513 2686 2588 2750 ὼς
2618 2688 2713 2741 καὶ
2743 2688 2898 2741 αὐτοὶ
2928 2691 3145 2752 πάντως
3169 2691 3220 2743 οἱ
3250 2691 3313 2743 ὲκ
3362 2690 3462 2761 τῆς
3490 2691 3669 2762 Ἀγαρ
3704 2692 3809 2762 φή-

2215 2791 2388 2829 σαιενο
2422 2777 2656 2847 φανερὸν
2685 2777 2768 2831 ὅτι
2801 2778 3026 2843 δυνατός
3046 2781 3193 2834 ἐστιν
3226 2796 3240 2811 ·
3302 2783 3411 2843 πᾶς
3458 2781 3515 2834 δὲ
3581 2782 3805 2844 δυνατὸς

2211 2867 2440 2939 δύναμιν
2478 2868 2592 2939 ἔχει
2635 2869 2758 2923 καθ’
2802 2870 2872 2941 ἦν
2927 2872 3043 2924 ἐστι
3073 2871 3319 2939 δυνατὸς,
3353 2875 3448 2925 καὶ
3468 2873 3536 2927 δι’
3562 2867 3630 2944 ἧς
3658 2876 3802 2927 ποιεί

2212 2959 2287 3021 ὡς
2331 2958 2574 3023 δυνατὸς,
2641 2960 2735 3028 καὶ,
2778 2961 2865 3013 ἐπ’
2926 2961 3089 3014 αὐτὸν
3135 2962 3197 3014 τὸ
3225 2961 3487 3015 δύνασθαι
3521 2962 3742 3033 λέγεται
3781 2980 3796 2995 ·

2216 3052 2511 3120 συνάγεται
2563 3051 2671 3122 ἄρα
2732 3053 2811 3106 ὅτι
2854 3053 2882 3105 6
2931 3054 2989 3105 ὲν
3014 3053 3241 3123 δυνάμει
3296 3054 3431 3117 Θεὸς
3479 3055 3573 3108 τὸν
3602 3056 3803 3127 κόσμον

2214 3145 2446 3216 πράξας,
2481 3146 2712 3216 δύναμιν
2741 3146 2852 3216 ἔχει
2882 3144 3007 3199 καθ’
3051 3146 3120 3217 ἥν
3142 3148 3259 3200 ἐστι
3295 3147 3545 3213 δυνατὸς,
3596 3149 3691 3201 καὶ
3735 3148 3802 3201 δι’

2205 3232 2272 3310 ἧς
2299 3240 2459 3307 ποιεῖ,
2496 3240 2590 3291 καὶ
2624 3238 2684 3291 τὸ
2708 3238 2972 3292 δύνασθαι
3004 3239 3092 3293 ἐπ’
3125 3239 3289 3293 αὐτὸν
3312 3238 3535 3308 λέγεται
3568 3257 3582 3272 ο
3643 3242 3694 3293 εί
3740 3239 3795 3294 δὲ

2203 3330 2382 3397 τοῦτο,
2425 3331 2519 3384 καὶ
2570 3330 2730 3401 ἑτέρα
2767 3348 2886 3396 πως
2945 3332 3011 3385 ἂν
3056 3330 3140 3402 εἴη
3208 3333 3241 3402 ἡ
3293 3331 3526 3403 ἐχομένη
3572 3331 3801 3404 δύναμις

2203 3423 2297 3477 τοῦ
2323 3424 2536 3494 ἔχοντος
2567 3439 2581 3454 ’
2616 3423 2767 3476 οὐδὲν
2792 3423 2900 3492 γὰρ
2935 3423 3042 3476 τῶν
3081 3422 3252 3476 ὄντων
3276 3423 3408 3476 αὐτὸ
3437 3422 3636 3478 ἑαυτοῦ
3662 3425 3802 3478 κατὰ

2203 3515 2423 3582 ταυτὸν,
2456 3514 2602 3585 ἔχειν
2630 3532 2689 3567 τε
2719 3515 2815 3568 καὶ
2857 3515 3081 3586 ἔχεσθαι
3106 3517 3257 3569 δοκεῖ
3283 3530 3301 3547 ⁸
3343 3515 3534 3587 ὥσπερ
3585 3516 3709 3570 οὐδὲ
3737 3517 3797 3571 τὸ

2205 3610 2338 3664 αὐτὸ
2367 3609 2510 3681 ὁρῶν
2536 3625 2595 3661 τε
2627 3609 2718 3662 καὶ
2744 3608 3043 3680 ὁρώμενον,
3092 3609 3295 3663 τύπτον
3344 3626 3406 3662 τε
3462 3611 3558 3664 καὶ
3604 3610 3801 3665 τυπτό-

2208 3720 2392 3776 μενον,
2417 3704 2687 3772 γινωσκόν
2719 3721 2781 3756 τε
2832 3706 2927 3758 καὶ
2946 3702 3369 3774 γινωσκόμενον,
3390 3706 3602 3776 γράφον
3622 3724 3679 3761 τε
3705 3706 3798 3760 καὶ

2202 3796 2553 3867 γραφόμενον
2583 3809 2599 3826 °
2630 3793 2772 3849 ὥστε
2810 3795 2970 3864 δῆλον
3006 3796 3088 3849 ὅτι
3111 3795 3311 3866 τρόπον
3335 3799 3479 3860 τινα,
3512 3798 3612 3851 οὐκ
3641 3798 3798 3863 αὑτός

2201 3889 2306 3942 τεό
2338 3888 2472 3952 Θεὸς
2499 3887 2732 3958 δύναμις
2753 3887 2995 3957 λέγεται,
3029 3889 3153 3943 καθ’
3180 3889 3251 3960 ῆν
3286 3892 3404 3944 ἐστι
3446 3889 3691 3958 δυνατὸς,
3723 3893 3798 3957 ὡς

2203 3981 2346 4052 ἔχων
2380 3980 2632 4050 δύναμιν,
2676 3980 2770 4034 καὶ
2803 3979 2872 4034 δι’
2919 3974 2989 4051 ἦς
3038 3983 3187 4034 ποιεῖ
3227 3983 3255 4036 6
3300 3984 3534 4054 ποιητής
3587 4001 3645 4038 τε
3703 3985 3798 4038 καὶ

2200 4074 2575 4146 δημιουργός⁶
2625 4076 2676 4127 εί
2711 4074 2769 4129 δὲ
2835 4073 2995 4128 τοῦτο
3054 4074 3279 4144 ἀληθὲς,
3321 4074 3511 4148 ὥσπερ
3563 4074 3657 4131 οὖν
3703 4078 3798 4131 καὶ

2201 4163 2423 4232 ἀληθὲς,
2452 4164 2557 4235 ἄρα
2582 4181 2646 4231 γε
2670 4164 2812 4219 κατὰ
2848 4165 2979 4235 μίαν
2999 4166 3170 4237 μόνην
3196 4166 3292 4220 καὶ
3336 4168 3513 4237 ἁπλῆν
3536 4168 3791 4237 δύναμιν,

2200 4255 2380 4309 πάντα
2412 4256 2504 4309 τὸν
2530 4254 2735 4326 κόσμον
2760 4256 2788 4309 6
2807 4254 2940 4319 Θεὸς
2968 4255 3231 4309 οὐσίωσέν
3250 4274 3309 4311 τε
3339 4256 3431 4310 καὶ
3463 4257 3789 4330 δεδημιούρ-

2198 4363 2374 4419 γηκεν
2407 4364 2424 4380 ⁸
2460 4348 2557 4403 καὶ
2585 4347 2794 4421 ταύτην
2823 4350 3278 4420 πεπερασμένην,
3337 4349 3367 4421 ἢ
3418 4350 3647 4420 ἄπειρον
3678 4365 3694 4382 ο
3752 4349 3787 4421 ἢ

2199 4442 2345 4496 κατὰ
2367 4439 2646 4504 πλείονας,
2689 4441 2788 4494 καὶ
2820 4440 3024 4505 ταύτας
3073 4443 3499 4514 πεπερασμένας
3555 4441 3589 4511 ἢ
3639 4442 3797 4496 ἀπεί-

495 4529 749 4585 sistentia
788 4530 1015 4586 donavit
1052 4531 1388 4602 creavitque.
1449 4531 1622 4587 Porro
1681 4531 1799 4590 haec
1845 4531 2088 4602 potentia

2210 4550 2345 4602 pauc.
2376 4534 2438 4587 El
2455 4533 2556 4605 μὲν
2578 4530 2674 4587 οὖν
2703 4533 2846 4588 κατὰ
2868 4534 2998 4605 μίαν
3027 4534 3198 4605 μόνην
3224 4536 3320 4588 καὶ
3345 4535 3791 4608 πεπερασμένην,

496 4622 582 4681 νει
611 4622 844 4679 limitata
881 4632 987 4689 est,
1013 4623 1099 4680 vel
1125 4624 1340 4679 inﬁnita
1366 4642 1381 4690 ;
1418 4624 1503 4681 vel
1531 4627 1693 4681 etiam
1717 4626 1903 4696 plures
1937 4634 2089 4692 sunt,

493 4716 692 4787 hasque
715 4717 963 4775 limitata:
989 4728 1085 4774 aut
1108 4718 1358 4776 infinitas.
1391 4719 1448 4775 Si
1478 4734 1609 4790 ergo
1637 4719 1747 4791 egit
1769 4736 1867 4793 per
1902 4737 2088 4790 unam,

496 4811 672 4867 solam
715 4825 782 4867 ac
822 4811 1136 4877 limitalam,
1171 4812 1403 4870 evidens
1435 4822 1520 4868 est
1562 4813 1902 4880 absurditas,
1941 4816 2089 4886 quod

492 4901 725 4959 limitata
755 4905 1000 4975 potentia
1034 4894 1179 4960 Déus
1208 4921 1298 4960 res
1334 4904 1644 4962 mundanas
1670 4908 1993 4978 produxerit
2035 4920 2090 4965 et

493 5002 804 5051 conservet.
840 4993 1007 5068 Atqui
1038 5011 1203 5052 omne
1242 4996 1389 5067 quod
1419 5011 1545 5052 cum
1580 4998 1810 5055 limitata
1845 5001 2089 5072 potentia

488 5084 764 5152 producit,
797 5087 1034 5142 termino
1085 5101 1460 5158 mensuraque
1515 5090 1793 5146 contineri
1854 5107 2085 5149 necesse

491 5182 596 5239 est,
632 5183 742 5230 tam
797 5177 1105 5248 quantitate
1153 5177 1366 5233 scilicet
1406 5176 1567 5234 factae
1592 5181 1671 5235 rei
1716 5195 1878 5250 quam
1905 5183 2085 5253 quali.

2201 4629 2428 4681 σκοπεῖν
2494 4626 2614 4681 ἐστι
2677 4627 2740 4680 τὸ
2812 4627 3016 4682 ἄτοπον
3063 4643 3082 4661 ο
3129 4628 3158 4679 6
3202 4626 3337 4692 Θεὸς
3398 4629 3792 4700 πεπερασμένη

2197 4717 2446 4789 δυνάμει,
2473 4718 2543 4773 τὰ
2567 4719 2694 4790 τῇδε
2722 4719 3046 4790 παρήγαγέν
3070 4737 3129 4772 τε
3158 4720 3252 4773 καὶ
3283 4720 3583 4792 περισώζει
3610 4738 3625 4752 ·
3688 4724 3788 4774 πᾶν

2196 4810 2254 4865 δὲ
2283 4809 2345 4864 τὸ
2380 4811 2780 4885 πεπερασμένη
2806 4811 3035 4883 δυνάμει
3079 4811 3352 4883 παράγον,
3412 4813 3783 4884 συνορίζεσθαι

2196 4903 2411 4975 ἀνάγκη
2438 4902 2535 4958 καὶ
2564 4904 3022 4977 συμμετρεῖσθαι,
3045 4905 3124 4978 τῷ
3167 4924 3227 4960 τε
3280 4906 3439 4977 ποσῷ
3500 4910 3598 4960 καὶ
3653 4906 3789 4978 ποιῷ

2196 4997 2305 5052 τῶν
2324 4998 2628 5069 γινομένων
2656 5014 2671 5030 ·
2705 4999 2832 5054 εἰδὲ
2862 5000 3043 5063 τοῦτο,
3103 5001 3199 5054 καὶ
3257 5000 3606 5070 συνεκλείψει
3643 5016 3658 5032 ο
3715 4998 3792 5069 τῷ

2195 5091 2303 5165 γὰρ
2346 5093 2775 5165 πεπερασμένῳ,
2826 5097 2885 5147 ὲν
2937 5093 3153 5166 ἀπείρῳ
3200 5094 3380 5165 χρόνῳ
3428 5092 3676 5163 διαρκεῖν
3727 5091 3788 5144 οὐ

2193 5185 2512 5257 πρόσεστιν.

490 5277 622 5326 tate.
654 5269 811 5338 Quod
833 5271 877 5327 si
905 5273 983 5327 ita
1005 5285 1067 5327 se
1095 5270 1282 5341 habet,
1322 5271 1542 5329 deliciet
1571 5275 1738 5330 etiam
1765 5275 2086 5346 aliquando.
2123 5276 2263 5335 Nam
2308 5282 2455 5352 quod
2493 5281 2786 5337 limitatum
2830 5289 2934 5346 est,
2974 5279 3029 5335 id
3065 5281 3280 5338 intlnito
3352 5289 3598 5352 tempore
3665 5293 3807 5368 ιυρι-Δ

486 5362 688 5419 durare
716 5364 927 5434 nequit.

558 5460 614 5518 6.
660 5461 727 5517 Et
755 5461 951 5516 aliter:
1000 5459 1057 5518 Si
1091 5470 1226 5533 erg‘o
1266 5462 1411 5541 Deus
1443 5463 1674 5521 limitata
1707 5481 1927 5537 unaque
1976 5484 2078 5538 po-

2261 5465 2335 5536 ς’.
2378 5434 2490 5521 Καί
2534 5465 2737 5528 mm.
2769 5464 2834 5518 El
2883 5458 2977 5518 οὖν
3006 5465 3034 5518 6
3063 5463 3193 5529 Θεὸς
3243 5465 3643 5536 πεπερασμένη
3692 5466 3788 5520 καὶ

487 5555 656 5611 tentia
684 5556 1040 5611 creatomnia
1065 5571 1191 5628 quae
1212 5554 1357 5612 facta
1380 5566 1531 5627 sunt,
1560 5568 1709 5630 patet
1737 5574 1863 5614 eum
1896 5560 2076 5632 ipsum

2210 5564 2290 5635 ιιᾷ
2320 5561 2552 5631 δυνάμει
2580 5559 2912 5631 δημιουργεῖ
2939 5558 3120 5613 πάντα
3150 5559 3221 5614 τὰ
3250 5560 3479 5640 γενητὰ,
3515 5559 3679 5633 δῆλον
3703 5562 3786 5615 ὅτι

534 5667 884 5758 sz‘lleapse
989 5669 1380 5758 Etymologico.
1402 5687 1624 5758 magno,
1645 5672 1780 5737 Θεὸς
1831 5675 2074 5758 παραιτὸ

2210 5677 2278 5758 ut".
2301 5674 2455 5758 856;.
2493 5672 2629 5728 Deus
2665 5690 2697 5755 α
2723 5673 2878 5758 νενίζο
2912 5672 3013 5738 θῶ,
3042 5674 3182 5744 quod
3214 5683 3293 5758 est
3315 5684 3569 5729 construo
3614 5686 3665 5758 et
3694 5674 3784 5758 [α-

487 5739 589 5818 θιῖξ,
619 5739 680 5818 διὸ
699 5739 1098 5818 κατασκευάςὼ
1115 5745 1211 5796 καὶ
1246 5739 1427 5818 ποιῶς
1490 5739 1788 5818 δῇπάντων-
1816 5739 2070 5818 ποιητὴς,

2183 5748 2287 5802 cio.
2323 5744 2521 5800 Rerum
2547 5745 2784 5797 omnium
2820 5744 3018 5814 factor,
3043 5756 3095 5800 ct
3146 5746 3320 5802 omnis
3371 5746 3785 5802 constructioni:

489 5808 586 5863 καὶ
613 5807 714 5879 τῆς
740 5808 851 5864 τῶν
869 5809 1087 5866 πάντων
1117 5815 1467 5885 κατασκευῆς
1483 5814 1680 5881 αἴτιος,
1732 5807 1944 5885 γίνεταί
1983 5807 2076 5882 σιξ
2184 5826 2396 5883 auctor,
2425 5816 2487 5886 ﬁt
2515 5814 2607 5880 θὸς
2630 5824 2685 5871 ει
2720 5807 2875 5880 Θεός.
3004 5807 3015 5814 ’
3172 5843 3201 5858 κ
