4064 6402
349 367 458 433 677

1538 346 1966 425 REFUTATIO
1997 357 2473 422 MOHAMEDIS.

3514 366 3622 430 618

350 487 450 540 καὶ
481 478 886 552 πεπερασμένη
915 476 1144 550 δυνάμει
1171 478 1231 530 ὲν
1257 475 1338 548 τῷ
1365 472 1505 529 εἶναι
1533 474 1938 546 χαρακτηρίζε-

2070 476 2264 531 nonnisi
2298 490 2361 530 ex
2392 474 2621 530 Iimitata
2654 475 2896 546 potentia
2935 475 3313 532 exsistentiam
3344 479 3624 549 propriam

352 594 450 631 ται
473 593 490 609 ·
529 575 579 627 εἰ
607 572 665 625 δὲ
693 569 873 636 τοῦτο,
907 569 1004 622 xui.
1047 569 1148 622 οὑκ
1195 568 1370 631 ἀΐδιος
1390 583 1408 599 ·
1443 567 1734 634 συνάγεται
1779 567 1886 635 ἄρα
1915 566 1944 618 6

354 667 496 730 Θεὸς
522 653 626 719 οὐχ’
652 662 846 727 ἀΐδιος,
897 662 1034 732 ὅπερ
1084 660 1235 714 ἐστὶν
1287 659 1512 714 ἄτοπον·
1544 661 1592 712 εἰ
1620 659 1665 712 δ’
1697 653 1764 712 αὖ
1801 657 1945 711 κατὰ

363 759 610 819 πλείονας
667 755 1096 824 πεπερασμένας
1151 751 1411 822 δυνάμεις
1456 750 1644 814 ὸΘεὸς
1701 749 1943 819 παράγει

365 852 537 904 πάντα
563 847 634 900 τὰ
661 845 886 916 γενητὰ,
937 845 1058 898 κατ’
1103 843 1256 897 οὐδέν
1291 845 1407 896 ἐστι
1433 842 1495 896 τὸ
1533 842 1688 895 Θεῖον
1720 843 1947 912 ἀπειρο-

358 944 596 1011 δὺναμον
622 958 636 973 ·
672 941 765 992 καὶ
800 941 881 1001 εξς
919 938 1116 991 ταυτὸν
1147 937 1538 1008 συνδραμεῖται
1585 937 1652 1003 τῇ
1707 933 1946 1004 προτέρᾳ

357 1034 634 1098 ὑποθέσει,
662 1033 729 1085 δι’
757 1031 1026 1101 ἑκατέρας
1052 1029 1364 1091 ὑποθέσεως
1389 1044 1399 1055 ’
1434 1028 1532 1080 καὶ
1563 1027 1860 1094 συνάγεται
1885 1025 1946 1076 τὸ

354 1127 502 1182 κατὰ
551 1125 718 1197 μηδὲν
781 1119 922 1176 εἷναι
972 1122 1033 1174 τὸ
1074 1122 1229 1175 Θεῖον
1277 1119 1736 1192 ὰπειροδὺναμον.
1790 1118 1947 1172 Ἑπεὶ

359 1215 455 1272 οῦν
484 1219 513 1270 6
540 1217 678 1270 αἰὼν
725 1215 891 1269 οἱονεὶ
943 1213 1175 1284 δύναμίς
1230 1215 1380 1266 ἐστιν
1435 1213 1685 1282 ἄπειρος,
1721 1210 1753 1281 ἢ
1785 1210 1948 1263 οἱονεὶ

357 1311 637 1380 διάστημα
675 1311 938 1379 ἄπειρον,
989 1306 1137 1361 καθὰ
1185 1309 1298 1370 τοῖς
1342 1307 1709 1376 ὲπιστήμοσιν
1755 1305 1850 1358 καὶ
1879 1305 1945 1375 τῇ

356 1402 592 1474 ἀληθείᾳ
625 1401 796 1465 δοκεῖ,
842 1399 1078 1469 φανερὸν
1112 1399 1196 1451 ὅτι
1225 1397 1285 1451 τὸ
1306 1397 1546 1461 αἰώνιον,
1596 1398 1688 1450 καὶ
1719 1398 1948 1468 ἀπειρο-

356 1495 636 1565 δὺναμον·
702 1493 853 1546 ἐστιν
903 1491 997 1546 οὖν
1048 1489 1471 1559 συλλογίσασθαι
1534 1489 1746 1553 οὑτως·
1780 1491 1844 1542 El
1891 1488 1951 1542 τὸ

359 1587 582 1643 αἰώνιον
630 1586 1091 1658 ἀπειροδὺναμον,
1137 1586 1275 1655 ὅπερ
1310 1581 1404 1639 οὖν
1431 1585 1531 1638 οὑκ
1562 1585 1674 1656 ἔχει
1720 1585 1952 1653 δὺναμιν

362 1684 618 1754 ἄπειρον,
649 1681 810 1734 τοῦτο
839 1681 962 1734 οὐδὲ
987 1678 1205 1737 αἰώνιόν
1233 1680 1381 1732 ἐστιν
1405 1693 1418 1708 ·
1445 1679 1494 1732 εί
1529 1675 1624 1732 οῦν
1655 1677 1777 1732 κατ’
1800 1678 1950 1730 666e-

365 1776 499 1846 μίαν
525 1774 634 1828 τῶν
658 1774 941 1844 ἑκατέρων
967 1771 1304 1833 ὑποθέσεων,
1343 1771 1372 1824 6
1397 1770 1530 1834 Θεὸς
1571 1770 1800 1840 ἄπειρον
1836 1769 1951 1838 ἔχει

361 1869 615 1938 δύναμιν,
667 1867 790 1921 κατ’
819 1866 970 1919 οὐδέν
1004 1865 1154 1918 ἐστιν
1206 1863 1459 1927 αἰώνιος·
1497 1865 1547 1916 εἰ
1581 1863 1638 1916 δὲ
1684 1863 1760 1934 μή
1805 1864 1953 1914 ἐστιν

363 1959 604 2023 αἰώνιος,
647 1959 752 2012 ὑπὸ
800 1958 996 2029 χρόνον
1051 1957 1200 2010 ἐστὶν
1244 1955 1304 2020 ἐξ
1349 1955 1632 2026 ἀνάγκης·
1680 1954 1790 2006 τῶν
1845 1953 1954 2022 γὰρ

360 2054 534 2107 ὄντων
563 2053 631 2105 τὰ
663 2052 765 2123 μέν
796 2053 946 2104 ἐστιν
975 2050 1171 2103 αἰώνια
1197 2089 1211 2111 ,
1262 2049 1330 2102 τὰ
1369 2048 1428 2101 δὲ
1459 2047 1564 2100 ὑπὸ
1599 2047 1822 2118 χρόνον·
1859 2042 1956 2098 καὶ

363 2145 486 2208 πῶς
533 2145 638 2196 ὑπὸ
695 2143 941 2213 χρόνονό
971 2142 1081 2194 τῶν
1131 2141 1344 2211 χρόνων
1383 2138 1757 2208 δημιουργός;
1807 2137 1854 2189 εξ
1897 2135 1955 2188 δὲ

361 2235 547 2299 τοῦτο,
584 2235 676 2287 καὶ
709 2233 884 2304 ἀρχὴν
918 2231 1033 2303 ἔχει
1078 2233 1172 2285 καὶ
1213 2231 1366 2293 τέλος
1391 2247 1405 2260 ·
1449 2229 1542 2282 καὶ
1574 2228 1702 2283 ἄλλο
1731 2245 1783 2280 τι
1805 2226 1956 2296 αὑτῷ

360 2327 521 2381 ἔσται
546 2327 641 2380 τοῦ
673 2321 814 2380 εἶναι
847 2327 941 2379 καὶ
979 2325 1080 2395 τῆς
1109 2323 1402 2394 ὑπάρξεως
1447 2323 1621 2376 αἴτιον
1642 2339 1656 2352 ·
1691 2323 1786 2374 καὶ
1825 2320 1957 2391 περὶ

360 2423 580 2476 ἐκείνου
609 2423 676 2476 τὰ
702 2422 842 2475 αὑτὰ
871 2423 1257 2490 ἀπορήσομεν·
1292 2419 1386 2472 καὶ
1407 2418 1564 2472 τοῦτο
1585 2417 1673 2471 ἐπ’
1705 2410 1954 2486 ἄπειρον,

363 2516 507 2584 ὅπερ
534 2514 682 2568 ἐστὶν
715 2515 939 2568 ἄτοπον.
970 2513 1234 2565 Λείπεται
1257 2510 1365 2578 ἄρα
1391 2509 1499 2562 τῶν
1519 2509 1724 2562 λοιπῶν
1750 2508 1844 2560 δύο
1861 2507 1958 2578 τὴν

367 2609 566 2679 ἑτέραν
596 2605 772 2677 ἀληθῆ
819 2601 982 2670 εἶναι,
1029 2605 1128 2674 τῆς
1162 2603 1482 2674 φασκοὺσης
1515 2603 1647 2673 μίαν
1679 2601 1772 2655 καὶ
1802 2601 1960 2655 ἄπει-

371 2719 491 2774 ρον,
525 2701 745 2768 καὶτῆς
787 2698 988 2760 πολλάς
1022 2715 1079 2750 τε
1109 2697 1204 2750 καὶ
1247 2695 1537 2766 ἀπείρους·
1586 2694 1702 2748 ἀλλ’
1745 2695 1825 2746 ὅτι
1863 2693 1960 2763 μὲν

369 2791 626 2853 πλείονας
669 2789 928 2857 δυνάμεις
967 2787 1062 2839 καὶ
1092 2786 1376 2855 ἀπείρους,
1413 2784 1482 2835 δι’
1524 2783 1591 2845 ἂς
1635 2782 1964 2852 δημιουργεῖ

367 2887 465 2939 τὸν
509 2885 715 2954 κόσμον
745 2883 774 2934 6
802 2880 956 2945 Θεὸς,
999 2879 1181 2947 λέγειν
1213 2879 1306 2930 ἐπὶ
1343 2876 1480 2930 Θεοῦ
1511 2875 1781 2930 ἀνοίκειόν
1812 2878 1962 2928 ἐστιν

369 2978 463 3032 διὰ
485 2976 585 3047 τὴν
627 2974 868 3045 παντελῆ
903 2972 999 3026 τοῦ
1049 2971 1190 3024 Θεοῦ
1244 2970 1546 3040 ἁπλότητα,
1605 2969 1839 3038 φανερὸν
1880 2968 1962 3020 ὅτι

375 3070 510 3140 μίαν
541 3068 636 3122 καὶ
680 3069 908 3137 ἄπειρον
953 3064 1046 3118 καὶ
1092 3062 1236 3117 κατὰ
1279 3063 1458 3116 πάντα
1501 3059 1960 3131 ὰπειροδὺναμον,

2045 570 2248 625 habere
2268 569 2466 624 videri.
2490 569 2646 635 Quod
2678 571 2722 626 si
2749 572 2821 625 ita
2855 580 2958 634 est,
2989 585 3097 624 non
3125 581 3210 627 est
3239 572 3625 642 sempiternus.

2045 659 2336 730 Colligitur
2373 675 2504 731 ergo
2533 660 2699 716 Deum
2725 678 2834 716 non
2869 677 2992 718 esse
3022 663 3448 733 sempiternum;
3480 666 3631 734 quod

2047 763 2132 809 est
2167 753 2494 808 absurdum.
2529 751 2624 808 Sin
2667 769 2799 809 vero
2834 753 2978 832 Deus
3022 770 3117 824 per
3158 755 3345 824 plures
3367 756 3632 812 limitatas

2047 849 2318 918 potentias
2349 855 2659 902 creaturam
2690 862 2910 902 omnem
2939 848 3215 917 producit,
3244 848 3392 902 nulla
3425 851 3479 903 in
3519 849 3630 904 Deo

2047 941 2257 994 inﬁnita
2302 941 2543 1010 potentia
2579 948 2684 1006 est,
2716 942 3020 1012 eodemque
3048 951 3106 998 ut
3135 955 3293 998 antea
3333 958 3633 1012 argumen-

2049 1043 2162 1088 tum
2207 1033 2400 1088 recidit
2442 1034 2496 1087 in
2549 1043 2785 1105 utraque
2853 1036 3178 1106 hypothesi;
3231 1036 3638 1106 conﬁciturque

2049 1133 2111 1178 ut
2146 1125 2290 1180 Deus
2317 1125 2465 1180 nulla
2495 1125 2548 1180 in
2577 1142 2638 1182 re
2665 1127 2738 1181 sit
2768 1127 3139 1196 omnipotens.
3164 1127 3305 1195 Quia
3327 1143 3458 1200 ergo
3483 1138 3642 1183 teter-

2049 1217 2197 1272 nitas
2237 1227 2320 1272 est
2359 1219 2608 1288 quasdam
2639 1220 2804 1275 veluti
2853 1219 3066 1275 inﬁnita
3099 1222 3365 1291 potentia,
3395 1222 3478 1277 vel
3509 1223 3637 1276 inti-

2051 1309 2226 1363 nitnm
2259 1310 2534 1380 quoddam
2571 1310 2830 1380 spatium,
2866 1320 2925 1365 ut
2953 1313 3298 1382 sapientibus
3324 1321 3376 1367 et
3407 1313 3508 1383 ipsi
3541 1329 3640 1368 ve-

2051 1402 2198 1456 ritati
2259 1403 2456 1472 placet,
2497 1413 2715 1459 constat
2768 1403 2821 1460 id
2863 1405 3008 1476 quod
3063 1413 3328 1460 aeternum
3353 1414 3460 1470 est,
3493 1405 3641 1459 idem

2051 1508 2176 1549 esse
2231 1494 2398 1548 etiam
2465 1496 2838 1567 omnipotens.
2897 1497 2989 1554 Sic
3037 1499 3224 1569 itaque
3263 1497 3640 1570 argumentari

2053 1586 2219 1642 licet:
2249 1585 2307 1641 Si
2337 1587 2482 1657 quod
2513 1596 2779 1643 aeternum
2814 1599 2920 1656 est,
2945 1590 3087 1644 idem
3127 1590 3507 1660 omnipotens,
3552 1605 3644 1645 se-

2055 1680 2242 1750 quitur
2264 1688 2323 1733 ut
2351 1681 2496 1750 quod
2525 1696 2632 1736 non
2659 1681 2821 1736 habet
2845 1682 3143 1752 potentiam
3171 1682 3464 1750 inﬁnitam,
3497 1683 3643 1737 idem

2055 1784 2125 1823 ne
2155 1779 2428 1824 mternum
2465 1770 2686 1837 quidem
2720 1771 2813 1826 sit.
2871 1771 2928 1827 Si
2962 1786 3092 1842 ergo
3140 1773 3192 1826 in
3243 1783 3438 1828 neutra
3467 1773 3647 1844 hypo-

2057 1859 2196 1914 thesi
2228 1858 2370 1916 Deus
2401 1859 2673 1915 inﬁnitam
2727 1861 2890 1916 habet
2932 1864 3257 1933 potentiam,
3291 1865 3444 1919 nullo
3483 1862 3648 1919 modo

2055 1961 2139 2010 est
2169 1962 2429 2008 aeternus.
2477 1953 2634 2020 Quod
2682 1955 2728 2009 si
2781 1970 2888 2009 non
2923 1963 3006 2009 est
3038 1964 3298 2021 :eternus,
3338 1956 3650 2011 necessario

2059 2046 2290 2115 tempori
2342 2045 2616 2102 obnoxius
2670 2055 2776 2102 est.
2824 2045 2960 2101 Nam
3009 2063 3191 2102 rerum
3249 2047 3645 2102 exsistentium

2059 2139 2179 2193 aliae
2247 2148 2465 2193 aaternae
2517 2148 2668 2204 sunt,
2730 2140 2850 2194 alim
2906 2148 3150 2209 tempore
3195 2141 3650 2210 circumscriptae.

2059 2230 2348 2298 Quomodo
2382 2241 2565 2284 autem
2597 2240 2843 2301 tempore
2887 2232 2960 2285 sit
2998 2231 3454 2302 circumscriptus
3481 2233 3528 2288 is
3559 2232 3655 2301 qui

2058 2330 2367 2391 temporum
2404 2330 2489 2376 εει
2538 2324 2792 2377 creator?
2825 2323 2979 2388 Quod
3032 2324 3076 2376 si
3127 2323 3199 2377 ita
3230 2324 3320 2388 sit,
3352 2332 3406 2377 et
3437 2321 3652 2376 initium

2059 2415 2226 2469 habet
2253 2424 2308 2468 et
2333 2415 2534 2476 linem;
2583 2423 2637 2469 et
2674 2414 2820 2468 aliud
2853 2415 3054 2485 aliquid
3105 2415 3152 2469 ei
3189 2415 3295 2468 erit
3319 2413 3658 2468 exsistentiaa

2061 2504 2545 2573 subsistentizeque
2571 2506 2911 2559 causativum
2945 2521 2958 2557 :
2990 2512 3042 2557 et
3075 2519 3273 2558 rursus
3296 2503 3361 2556 de
3396 2503 3501 2556 hoc
3536 2503 3656 2571 ipso

2061 2596 2251 2651 eodem
2314 2599 2478 2649 modo
2548 2595 2927 2662 ambigemus;
2969 2596 3023 2648 et
3072 2595 3176 2649 hoc
3238 2594 3293 2647 in
3344 2594 3654 2659 inlinitum;

2062 2688 2210 2757 quod
2244 2697 2325 2741 est
2360 2688 2682 2741 absurdum.
2718 2687 3007 2756 Reliquum
3040 2695 3124 2741 est
3163 2687 3348 2756 igitur,
3386 2693 3448 2739 ut
3485 2685 3658 2739 alter-

2063 2792 2187 2833 utra
2231 2793 2295 2832 ex
2331 2779 2544 2832 duabus
2570 2793 2696 2831 vera
2725 2777 2990 2831 sententia
3023 2777 3130 2843 sit;
3178 2776 3226 2829 id
3282 2784 3387 2840 est,
3431 2776 3516 2828 vel
3555 2775 3650 2828 illa

2066 2887 2187 2941 quae
2214 2887 2377 2924 unam
2403 2871 2536 2924 dicit
2561 2870 2996 2939 immensamque
3019 2869 3316 2938 potentiam
3339 2886 3355 2928 ;
3379 2868 3464 2921 vel
3485 2868 3657 2921 altera

2065 2976 2188 3030 qua:
2228 2959 2412 3028 plures
2469 2967 2524 3012 ει
2572 2960 2891 3012 immensas.
2949 2958 3054 3012 Sed
3109 2958 3256 3012 enim
3295 2959 3420 3027 quia
3472 2957 3659 3026 plures

2067 3052 2338 3121 potentias
2398 3059 2452 3104 et
2506 3052 2806 3105 immensas
2864 3050 3082 3114 dicere,
3132 3049 3334 3119 quibus
3392 3049 3660 3102 mundum

374 3139 514 3232 ὅπερ
549 3160 645 3214 καὶ
698 3157 902 3230 μᾶλλον
933 3154 1131 3224 ἀληθές
1165 3155 1305 3217 ἐστι,
1347 3153 1441 3205 καὶ
1478 3153 1601 3212 ταῖς
1628 3153 1836 3212 κοιναῖς
1870 3150 1963 3201 ἐπὶ

2071 3141 2214 3194 Deus
2246 3140 2574 3205 condiderit,
2611 3139 2722 3194 Deo
2762 3139 3122 3208 improprium
3161 3148 3264 3204 est,
3301 3147 3520 3208 propter
3546 3154 3666 3192 om-

375 3253 514 3308 Θεοῦ
542 3251 772 3314 ἐννοίαις
805 3246 1095 3318 ἁρμόττον.
1136 3244 1292 3298 Ἐπεὶ
1323 3242 1416 3296 οῦν
1437 3245 1464 3296 6
1495 3242 1651 3310 λόγος
1678 3243 1742 3294 ὲκ
1769 3239 1966 3293 κοινῶν

378 3343 598 3400 ἐννοιῶν
649 3343 746 3397 καὶ
795 3343 925 3411 ἡμῖν
993 3336 1430 3406 κατειθισμένων
1488 3335 1583 3386 καὶ
1621 3333 1692 3385 δι’
1741 3332 1966 3399 ἐπιστη-

383 3437 624 3510 μονικῶν
657 3434 1056 3506 ἐπιχειρήσεων
1089 3430 1289 3494 ἔδειξεν
1321 3429 1403 3481 ὅτι
1462 3426 1607 3480 κατὰ
1637 3425 1766 3496 μίαν
1797 3425 1967 3494 ⁸σόνην

378 3533 475 3586 καὶ
507 3530 688 3600 ἁπλῆν
726 3525 990 3580 καὶκατὰ
1019 3523 1198 3577 πάντα
1233 3518 1675 3588 ἀπειροδὺναμον
1710 3515 1965 3585 δύναμιν,

376 3626 406 3677 6
432 3622 564 3686 Θεὸς
611 3622 674 3674 τὸ
703 3618 930 3680 δυνατὸς
978 3612 1116 3668 εἶναι
1157 3613 1292 3684 ἔχει,
1325 3613 1417 3664 καὶ
1443 3612 1512 3664 δι’
1538 3609 1713 3679 αὐτῆς
1761 3609 1910 3660 ποιεῖ
1940 3605 1968 3658 6

378 3716 546 3779 ποιεῖ,
583 3717 679 3767 καὶ
713 3711 810 3764 τὸν
842 3710 1048 3778 κόσμον
1091 3705 1354 3760 οὑσίωσέν
1379 3721 1440 3757 τε
1485 3703 1580 3756 καὶ
1619 3702 1968 3774 παρήγαγεν,

379 3811 476 3865 καὶ
502 3808 588 3862 ἐπ’
621 3807 783 3860 αὑτὸν
823 3803 881 3856 τὸ
907 3800 1167 3855 δύνασθαι
1190 3799 1446 3865 λέγεται·
1480 3793 1622 3865 αῦτη
1644 3791 1737 3847 οῦν
1763 3795 1796 3864 ἡ
1819 3792 1973 3845 δύνα-

382 3921 496 3976 μις,
521 3901 555 3972 ἢ
583 3899 716 3953 ποτέ
741 3899 889 3950 ἐστιν
914 3897 972 3948 ὲν
994 3893 1072 3962 τῷ
1101 3891 1245 3962 Θεῷ,
1271 3888 1407 3959 ἢάεί
1425 3903 1440 3918 ·
1473 3886 1588 3940 ἀλλ’
1616 3886 1664 3938 εἰ
1691 3885 1790 3957 μὲν
1817 3882 1969 3947 ποτὲ,

379 3998 535 4052 ἔσται
561 3997 589 4048 6
623 3993 756 4055 Θεὸς
804 3989 934 4043 ποτὲ
969 3985 1244 4055 ἀδύναμος
1288 3983 1383 4036 xui.
1431 3980 1724 4050 ἀνίσχυρος
1750 3977 1843 4032 τοῦ
1875 3978 1972 4046 δη-

383 4087 671 4162 μιουργεῖν
699 4099 760 4137 τε
790 4084 885 4135 καὶ
915 4079 1187 4148 παράγειν
1210 4091 1224 4106 ·
1262 4073 1357 4129 καὶ
1390 4073 1498 4144 γὰρ
1531 4073 1614 4140 ἐφ’
1647 4064 1724 4125 ὧν
1753 4069 1972 4141 ἠδύνα-

384 4201 477 4255 μις
514 4180 644 4235 ποτὲ
676 4178 738 4231 οὑ
770 4175 1099 4247 πρόσεστιν,
1154 4168 1362 4222 τούτων
1393 4165 1487 4220 καὶ
1519 4164 1582 4216 τὸ
1615 4163 1748 4216 ποτὲ
1797 4163 1974 4214 ποιεῖν

380 4276 813 4334 διακεκώλυται·
860 4271 910 4323 εἰ
960 4268 1018 4322 δὲ
1060 4266 1249 4328 τοῦτο,
1304 4263 1402 4316 καὶ
1449 4259 1510 4314 οὑ
1560 4259 1861 4330 σύνδρομον
1915 4255 1976 4308 τὸ

381 4370 645 4426 δύνασθαι
671 4367 865 4429 θέλειν,
888 4365 982 4418 καὶ
1007 4360 1121 4424 πῶς
1142 4357 1332 4413 διοίσει
1350 4357 1448 4427 τῆς
1473 4355 1710 4425 γενητῆς
1734 4351 1974 4421 φύσεως,

2071 3235 2348 3289 niinodam
2403 3235 2621 3289 deitatis
2686 3234 3142 3303 simplicitatem;
3204 3233 3450 3304 profecto
3515 3240 3667 3302 patet

2072 3345 2236 3384 unam
2277 3331 2712 3399 immensamque
2742 3344 2863 3383 esse
2891 3328 3211 3398 potentiam,
3246 3337 3294 3381 et
3317 3343 3667 3397 quaquever-

2072 3437 2167 3477 sus
2195 3421 2658 3490 omnipotentem;
2698 3437 2841 3490 quos
2874 3430 2924 3474 et
2954 3421 3135 3474 verius
3182 3427 3286 3482 est,
3329 3429 3382 3474 et
3416 3435 3669 3475 commu-

2072 3512 2235 3566 nibus
2265 3511 2332 3565 de
2371 3511 2485 3565 Deo
2517 3511 2832 3566 notionibus
2868 3525 3196 3580 congruum.
3236 3508 3514 3576 Quoniam
3562 3509 3669 3562 ita-

2073 3618 2181 3674 que
2233 3618 2415 3658 sermo
2445 3613 2635 3658 noster
2690 3619 2758 3657 ex
2791 3603 3180 3657 communibus
3231 3601 3502 3671 nobisque
3533 3615 3672 3655 con-

2075 3698 2248 3755 suetis
2279 3698 2595 3753 notionibus
2646 3699 2998 3767 scientiaeque
3031 3700 3373 3769 argumentis
3403 3698 3668 3763 ostendit,

2078 3806 2267 3856 unam,
2299 3791 2494 3856 solam,
2519 3789 2956 3860 simplicemque,
2978 3801 3030 3844 et
3055 3805 3466 3860 quaqueversus
3492 3791 3676 3845 omni-

2075 3891 2354 3952 potentem
2388 3897 2511 3937 esse
2553 3880 2874 3936 facultatem
2929 3882 3077 3936 illam
3103 3921 3116 3945 ,
3151 3897 3259 3950 qua
3293 3881 3437 3936 Deus
3471 3890 3670 3952 potens

2075 3985 2190 4039 est,
2229 3983 2284 4029 et
2313 3989 2422 4044 qua
2459 3974 2510 4028 id
2541 3974 2654 4044 agit
2679 3975 2825 4044 quod
2866 3974 2994 4044 agit,
3017 3975 3331 4043 mundoque
3362 3975 3672 4028 subsisten-

2076 4068 2208 4122 tiam
2237 4066 2505 4134 contulit;
2536 4068 2670 4131 hinc,
2701 4067 2948 4136 inquam,
2971 4067 3232 4135 potentia,
3263 4065 3345 4119 vel
3377 4063 3677 4134 aliquando

2077 4161 2132 4216 in
2183 4160 2294 4214 Deo
2323 4168 2426 4223 est,
2459 4159 2544 4213 vel
2583 4175 2822 4230 semper;
2863 4159 2968 4213 Sed
3017 4159 3061 4212 si
3094 4159 3392 4230 aliquando
3439 4167 3673 4222 tantum,

2077 4256 2223 4312 Deus
2256 4257 2360 4311 erit
2381 4256 2674 4323 aliquando
2705 4255 2978 4326 impotens
3006 4264 3058 4309 et
3085 4254 3358 4309 invalidus
3389 4252 3456 4306 ad
3483 4267 3679 4306 crean~

2079 4351 2209 4405 dum
2248 4365 2313 4404 ac
2348 4349 2788 4420 producendutn.
2817 4347 2952 4403 Nam
2988 4348 3193 4418 quibus
3227 4347 3278 4401 in
3312 4347 3477 4401 rebus
3507 4346 3681 4400 inter~

385 4466 473 4518 ἐπ’
502 4465 568 4516 ἂν
596 4461 658 4513 τὸ
684 4457 947 4512 δύνασθαι
999 4450 1150 4522 αὑτῷ
1195 4449 1296 4502 οὑκ
1330 4449 1418 4502 ἀεὶ
1470 4446 1798 4519 πρόσεστιν;
1841 4442 1964 4497 ἀλλὰ

2081 4442 2211 4496 dum
2261 4443 2309 4496 ei
2357 4442 2598 4513 potentia
2644 4441 2814 4504 deest,
2851 4457 2944 4496 eas
2970 4441 3265 4512 quominus
3295 4439 3460 4495 faciat
3500 4439 3676 4494 inter—

383 4501 486 4609 ;ui.
757 4547 911 4618 κοινὴ
934 4501 1528 4612 ἔννοιαὶπερειδομέντί
1543 4536 1703 4592 τοῦτο
1732 4501 1964 4602 κατέχει,

2088 4535 2217 4589 dum
2255 4501 2656 4605 proiiibebitur.
2711 4533 2870 4601 Quod
2926 4535 2972 4589 si
2989 4501 3079 4589 ita
3108 4543 3213 4600 est,
3248 4550 3428 4604 neque
3465 4547 3683 4602 semper

383 4647 449 4702 τὸ
481 4647 659 4700 πάντα
693 4645 785 4697 τὸν
826 4639 959 4694 Θεὸν
1003 4635 1288 4699 δύνασθαι,
1341 4632 1435 4687 καὶ
1464 4631 1554 4684 ὅτε
1586 4628 1733 4684 θέλει
1764 4627 1858 4681 καὶ
1889 4627 1977 4680 ὅτε

389 4739 665 4812 βούλεται.

2089 4626 2386 4681 comitatur
2437 4627 2777 4682 voluntatem
2825 4627 3109 4698 potentia,
3147 4626 3426 4694 quomodo
3466 4624 3612 4679 Deus
3651 4640 3684 4679 a

2091 4729 2276 4774 creata
2333 4731 2527 4775 natura
2561 4720 2796 4788 diﬁeret,
2844 4719 3289 4789 quandoquidem
3331 4719 3379 4774 ei
3437 4718 3682 4789 potentia

389 4810 538 4886 baud
570 4843 787 4895 semper
817 4824 1002 4882 adest?
1036 4820 1266 4877 Temere
1323 4817 1489 4889 igitur
1538 4810 1852 4870 communis
1887 4810 2042 4865 notio
2082 4811 2188 4866 hoc
2234 4811 2517 4868 mordicus
2570 4821 2738 4879 tenet,
2776 4812 3030 4868 videlicet
3069 4811 3240 4866 Deum
3281 4813 3466 4867 omnia
3522 4826 3687 4882 posse

391 4924 832 4997 quotiescunque
875 4917 952 4971 ita
985 4915 1103 4970 vult
1143 4925 1208 4967 ac
1260 4907 1531 4965 decernit.

463 5017 530 5085 ζ’.
561 5016 671 5071 Καὶ
722 5013 898 5077 ἄλλως
921 5026 936 5042 ·
973 5011 1035 5064 El
1070 5008 1163 5064 οῦν
1191 5009 1218 5061 6
1247 5006 1402 5070 Θεὸς,
1439 5003 1516 5067 ὡς
1563 5001 1800 5073 ἔφαμεν,
1842 4998 1978 5053 ποτε

392 5115 508 5186 ἔχει
550 5111 649 5182 τὴν
683 5105 852 5161 αὑτοῦ
899 5104 1152 5173 δύναμιν,
1182 5099 1340 5168 δῆλον
1373 5097 1456 5150 ὅτι
1487 5093 1781 5186 ἐπεπτητον
1809 5090 1980 5161 αὑτὴν

394 5183 719 5270 εἰσδέχεται,
747 5197 906 5266 εἴπερ
931 5195 958 5247 6
983 5191 1115 5254 Θεὸς
1142 5188 1228 5243 ἀει
1250 5190 1397 5240 ἐστιν
1416 5202 1430 5216 ·
1461 5185 1569 5238 πᾶν
1592 5183 1650 5237 δὲ
1673 5183 1734 5235 τὸ
1756 5183 1983 5250 ἐπικτή-

395 5311 504 5356 τως
553 5287 846 5361 δεχόμενόν
875 5303 950 5347 τι,
987 5281 1215 5352 ὕστερον
1242 5277 1350 5332 ποῦ
1394 5272 1538 5331 εἶναι
1582 5275 1714 5330 αὐτὸ
1746 5274 1981 5344 δέχεται,

400 5387 496 5440 καὶ
523 5382 668 5436 κατὰ
719 5374 1004 5449 προκοπὴν
1053 5373 1148 5428 καὶ
1178 5370 1254 5434 ὡς
1280 5367 1498 5433 ἐλλιπὲς
1545 5366 1704 5420 τοῦτο
1730 5365 1946 5435 δέχεται
1967 5380 1982 5396 ·

401 5476 694 5544 συνάγεται
723 5472 830 5542 ἄρα
853 5470 934 5523 ὅτι
961 5470 988 5521 6
1011 5465 1144 5530 Θεὸς
1175 5464 1330 5517 ἔσται
1353 5462 1486 5516 ποτὲ
1512 5459 1710 5530 ἀτελὴς
1732 5459 1826 5512 καὶ
1851 5456 1996 5511 κατὰ

401 5570 688 5642 προκοπὴν
723 5561 1133 5632 τελειούμενος·
1179 5557 1319 5628 ὅπερ
1373 5553 1491 5608 ἐστὶ
1537 5553 1632 5606 καὶ
1665 5551 1846 5621 λέγειν
1900 5550 1996 5604 καὶ

401 5665 606 5719 ἐννοεῖν
638 5659 732 5714 ἐπὶ
755 5653 892 5712 Θεοῦ
928 5655 1270 5725 βλάσφημον.
1305 5649 1416 5703 Καὶ
1445 5646 1650 5710 ἄλλως·
1683 5646 1748 5698 Ei
1778 5643 1995 5716 ἡδύνει⁹

407 5776 502 5834 μις
528 5756 623 5810 τοῦ
654 5753 790 5810 Θεοῦ
827 5747 975 5821 αὑτῷ
1005 5764 1138 5802 ποτε
1185 5745 1500 5817 πρόσεστιν,
1547 5741 1776 5812 ὓστερον
1822 5739 1996 5810 αὐτὴν

403 5833 664 5923 εἴληφεν·
705 5847 756 5902 ει
803 5845 861 5901 δὲ
894 5842 1102 5921 ςιοῦτο,
1160 5839 1280 5912 ἢτοι
1339 5836 1473 5909 παρ’
1532 5833 1730 5890 ἑαυτοῦ
1784 5833 1996 5905 ταύτην

2159 4995 2210 5050 7.
2247 4993 2311 5050 Et
2337 4995 2497 5052 aliter
2524 5012 2538 5049 :
2566 4997 2626 5052 Si
2657 5012 2789 5068 ergo
2816 4997 2979 5064 Deus,
3011 5005 3070 5053 ut
3095 4997 3358 5064 diximus,
3391 4997 3691 5071 aliquando

2084 5099 2299 5145 tantum
2335 5091 2638 5160 potentiam
2663 5107 2819 5145 suam
2855 5091 3036 5155 habet,
3071 5101 3299 5161 apparet
3327 5093 3468 5149 hanc
3497 5093 3690 5163 acqui-

2089 5182 2249 5238 sitam
2284 5182 2555 5252 recipere;
2601 5182 3046 5252 quandoquidem
3109 5184 3257 5240 Deus
3308 5200 3524 5255 semper
3575 5192 3684 5240 est.

2088 5272 2210 5328 Jam
2249 5275 2435 5330 omnis
2475 5274 2568 5345 qui
2600 5275 2939 5345 acquisitum
2972 5277 3179 5345 aliquid
3215 5277 3430 5346 recipit,
3465 5275 3690 5332 nonnisi

2094 5376 2392 5438 postquam
2445 5367 2562 5438 ipse
2589 5377 2695 5434 est,
2745 5368 2878 5424 illud
2908 5371 3136 5440 recipit;
3175 5378 3228 5426 et
3257 5369 3479 5440 quidem
3513 5369 3696 5423 incre-

2102 5461 2272 5515 menti
2328 5461 2538 5526 instar,
2592 5463 2737 5533 quod
2773 5471 2934 5518 antea
2982 5464 3348 5519 desiderabat.
3403 5461 3698 5532 Colligitur

2101 5551 2288 5622 itaque
2324 5552 2494 5608 Deum
2533 5569 2654 5610 esse
2695 5555 2992 5626 aliquando
3051 5555 3456 5626 imperfectum,
3492 5563 3548 5608 et
3603 5555 3693 5608 in-

2101 5646 2400 5700 crementis
2436 5645 2660 5714 perﬁci;
2697 5647 2843 5716 qnod
2877 5648 2944 5702 de
2980 5647 3090 5703 Deo
3119 5647 3304 5703 dicere
3354 5655 3408 5701 et
3451 5647 3698 5718 cogitare

2101 5740 2481 5810 blaspltemnm
2513 5747 2617 5794 est.
2653 5737 2782 5792 Item
2835 5740 2994 5794 aliter
3027 5758 3041 5794 :
3081 5739 3136 5795 Si
3169 5739 3260 5794 Dei
3298 5739 3540 5810 potentia
3594 5736 3696 5807 ipsi

2103 5832 2403 5905 aliquando
2437 5831 2818 5890 tantummodo
2853 5831 3020 5903 inest,
3054 5835 3196 5892 hanc
3242 5833 3466 5892 nonnisi
3493 5831 3698 5890 deinde
