4064 6386
484 353 590 418 679

1760 344 2061 408 meum
2099 344 2510 405 BYZANTINI
2586 296 2595 304 ’

3659 341 3778 410 680

485 461 717 532 accepit.
749 457 903 527 Quod
950 457 996 514 si
1033 456 1110 512 ita
1133 467 1238 525 est,
1269 458 1357 513 vel
1387 470 1416 511 a
1450 471 1511 513 se
1546 457 1666 526 ipso
1697 469 1817 511 eam
1851 456 2066 525 accepit

2177 454 2413 525 εἴληφεν,
2461 453 2660 526 ἢπαρ’
2711 453 2936 526 ἑτέρου*
2984 454 3100 509 ἀλλ’
3128 450 3177 510 εί
3213 455 3311 526 μὲν
3354 455 3495 527 παρ’
3547 456 3772 523 ἑαυτοῦ,

484 555 572 608 vel
602 554 671 608 ab
699 551 826 607 alio.
853 550 977 606 Jam
1020 549 1070 605 si
1114 565 1145 604 a
1178 564 1237 605 se
1265 550 1386 620 ipso
1422 547 1653 618 accepit,
1688 546 1774 600 vel
1806 556 2068 613 tanquam

480 645 594 716 jam
628 644 835 698 habens
873 657 994 697 eam
1039 642 1270 712 accepit,
1311 641 1397 695 vel
1434 654 1618 694 secus.
1663 635 1768 692 Sed
1799 637 2070 707 siquidem

486 744 747 805 tanquam
782 748 889 788 non
914 732 1140 796 habens,
1179 746 1462 800 nunquam
1488 731 1629 784 hanc
1657 728 1907 798 accipiet.
1933 725 2070 781 Nam

486 827 582 898 qui
616 837 699 882 est
739 829 957 895 ineptus
993 825 1060 880 ad
1112 823 1421 879 faciendum
1477 821 1708 891 aliquid,
1746 821 1851 877 hoc
1890 822 2073 890 ipsum

488 919 699 977 scilicet
734 917 917 973 facere
943 931 1050 971 non
1075 923 1271 986 potest.
1304 913 1461 980 Quod
1492 912 1540 968 si
1573 924 1833 983 tauquam
1868 912 2075 967 habens

488 1009 732 1079 accepit},
779 1010 956 1079 primo
996 1007 1217 1076 quidem
1270 1005 1399 1074 quid
1450 1004 1670 1070 obstat,
1713 1013 1770 1057 ut
1812 1004 2074 1074 quoniam

488 1101 858 1171 sempiternus
885 1109 1025 1162 erat,
1069 1097 1313 1168 potentia
1347 1112 1570 1167 quoque
1597 1096 1861 1166 praeditus
1887 1094 2077 1150 esset?

490 1194 694 1250 Deinde
724 1193 852 1248 hinc
876 1191 1164 1247 exsisteret
1190 1188 1436 1258 potentia
1461 1187 1718 1258 potentiae
1739 1228 1755 1254 ,
1783 1187 2078 1256 multaeque

487 1283 544 1336 in
578 1281 689 1336 Deo
723 1280 979 1352 potentiae
1014 1279 1241 1345 ﬁerent;
1289 1277 1434 1347 quod
1464 1291 1619 1344 teque
1663 1275 1953 1331 manifeste
1980 1290 2078 1329 ne-

440 1434 443 1435 ,
487 1370 729 1440 gaudum
761 1377 861 1423 est.
896 1366 1016 1421 Jam
1063 1367 1109 1421 si
1140 1382 1169 1420 a
1199 1382 1257 1421 se
1295 1368 1414 1436 ipso
1456 1366 1596 1420 hanc
1625 1365 1928 1435 potentiam
1959 1381 2069 1420 non

489 1461 721 1530 accepit,
751 1468 1001 1530 superest
1034 1469 1092 1513 ut
1126 1458 1195 1513 ab
1246 1458 1375 1512 alio.
1411 1457 1514 1513 Sed
1544 1457 1589 1511 si
1628 1457 1698 1511 ab
1728 1457 1858 1524 alio,
1890 1457 2080 1527 utique

490 1552 575 1605 vel
621 1552 690 1606 ab
746 1552 942 1621 aequali
994 1551 1078 1606 vel
1118 1566 1149 1605 ιι
1190 1542 1516 1605 ηιὶιιοιδείἐι
1550 1565 1580 1604 a
1634 1549 1880 1606 meliore.
1920 1549 2076 1616 Quod

488 1644 710 1713 quidem
740 1658 770 1697 a
797 1643 1016 1698 nemine
1046 1644 1341 1713 acceperit,
1372 1642 1502 1697 inde
1519 1649 1756 1709 constat,
1786 1643 1912 1712 quia
1930 1642 2080 1713 quod

485 1738 788 1809 perﬁcitur,
824 1752 855 1792 a
879 1737 1110 1793 meliore
1145 1737 1426 1807 perﬁcitur
1461 1752 1475 1790 :
1513 1735 1658 1805 quod
1686 1746 1868 1790 autem
1898 1736 2080 1791 minus

2175 548 2297 617 ἦτοι
2340 546 2431 610 ὠς.
2464 548 2605 617 ἔχων
2652 545 2883 617 δύναμιν
2943 546 3151 618 ταύτην
3198 547 3423 619 εἷληφεν
3449 590 3465 614 ,
3504 548 3643 621 ἢὼς
3696 551 3776 620 μὴ

2174 638 2347 709 ἔχων*
2413 638 2530 695 ἀλλ’
2578 640 2627 693 εί
2684 638 2784 710 μὲν
2846 639 2923 703 ὡς
2968 641 3045 711 μὴ
3099 640 3240 711 ἔχων
3266 678 3283 705 ,
3340 642 3597 696 οὐδέποτε
3635 643 3780 696 ταύ-
3882 720 3885 725 ν

2174 749 2276 802 την
2325 731 2586 803 λήψεται·
2636 734 2733 786 καὶ
2770 731 2880 803 γὰρ
2916 730 2978 787 τὸ
3024 732 3318 797 ’ἀδυνάτως
3367 733 3492 804 ἔχον
3537 734 3678 806 πρὸς
3711 735 3777 790 τὸ

2178 824 2352 877 ποιεῖν
2374 840 2449 889 τι,
2476 823 2736 878 ἀδύνατόν
2768 825 2887 876 ἐστι
2915 820 3077 877 τοῦτο
3104 826 3282 878 ποιεῖν
3299 841 3314 856 ο
3351 827 3399 879 ει
3428 826 3483 879 δὲ
3509 825 3585 891 ὡς
3606 826 3775 897 ἔχων,

2178 914 2396 984 πρῶτον
2427 916 2525 985 μὲν
2550 915 2601 969 τί
2623 915 2685 968 τὸ
2712 914 2920 970 κωλῦον
2952 915 3100 980 ἐξότε
3131 911 3201 987 ἦν
3232 917 3428 983 ἀΐδιος,
3469 917 3545 989 μὴ
3576 920 3673 973 καὶ
3704 920 3770 972 τὸ

2176 1005 2439 1059 δύνασθαι
2488 1006 2668 1078 ἐχειν;
2701 1007 2894 1061 ἔπειτα
2933 1008 3030 1061 καὶ
3080 1008 3441 1079 εὑρεθήσεται
3470 1011 3571 1081 τῆς
3603 1011 3774 1066 δυνά-

2181 1113 2328 1164 μεως
2361 1098 2613 1170 δύναμις,
2654 1101 2747 1154 καὶ
2775 1100 2969 1155 πολλαὶ
3011 1101 3273 1173 δυνάμεις
3306 1103 3399 1157 ἐπὶ
3436 1103 3597 1164 Θεοῦ.
3630 1105 3776 1174 ὅπερ

2178 1191 2275 1244 καὶ
2321 1191 2481 1245 τοῦτο
2511 1192 2700 1262 σαφῶς
2749 1193 3107 1265 ὲλήλεγκται·
3144 1196 3245 1250 οὐκ
3270 1196 3379 1269 ἀρα
3410 1199 3542 1267 παρ’
3575 1198 3777 1252 ἑαυτοῦ

2177 1281 2381 1352 ταύτην
2429 1283 2673 1354 εἴληφεν,
2721 1283 2969 1340 λείπεται
3002 1286 3135 1359 παρ’
3169 1289 3390 1359 ἑτέρουο
3439 1290 3556 1343 ἀλλ’
3583 1291 3632 1343 εί
3673 1292 3779 1362 μὲν

2179 1374 2311 1447 παρ’
2343 1375 2553 1446 ἑτέρου,
2607 1378 2726 1446 ἤτοι
2775 1378 2884 1431 ἀπὸ
2910 1380 3027 1432 [σου
3059 1378 3093 1449 ἢ
3126 1381 3221 1432 ἀπ’
3260 1380 3563 1445 ἐλάττονος,
3601 1383 3634 1453 ἢ
3664 1385 3779 1437 ἀπὸ

2180 1467 2520 1538 κρείττονος·
2555 1469 2670 1521 ἀλλ’
2696 1470 2780 1522 ὅτι
2817 1470 2917 1539 μὲν
2940 1471 3042 1525 οὐκ
3076 1472 3172 1525 ἀπ’
3196 1471 3413 1538 οὐδενὸς
3444 1473 3605 1528 τοῦτο
3626 1476 3781 1529 ὲνδέο

2179 1575 2357 1628 χεται,
2416 1559 2669 1613 ἐντεῦθεν
2718 1560 2911 1630 δῆλον⁹
2944 1561 3006 1614 τὸ
3052 1562 3153 1632 μὲν
3201 1563 3310 1634 γὰρ
3366 1563 3775 1636 τελειούμενον,

2181 1649 2291 1704 ἀπὸ
2328 1651 2639 1720 κρείττονος
2688 1652 2991 1707 τελειοῦται
3013 1669 3027 1684 ⁸
3072 1654 3137 1707 τὸ
3176 1654 3233 1708 δὲ
3272 1653 3532 1719 ἔλαττον,
3586 1657 3777 1728 χεῖρόν

2182 1742 2299 1796 ἔστι
2325 1758 2340 1773 ·
2374 1743 2466 1796 καὶ
2504 1743 2565 1797 τὸ
2611 1744 2724 1797 ἴσον
2769 1745 2997 1815 ὂμοιονο
3047 1745 3316 1817 κρείττων
3342 1746 3400 1800 δὲ
3438 1747 3602 1800 πάλιν
3631 1747 3775 1802 Θεοῦ

485 1841 590 1898 εει,
627 1830 868 1886 deterius
909 1840 1035 1899 est;
1070 1840 1125 1885 et
1155 1829 1383 1899 :equale,
1420 1829 1695 1884 similiter.
1718 1829 1884 1899 Atqui
1914 1844 2071 1884 nemo

2180 1833 2281 1885 οὐκ
2329 1831 2514 1886 ἐστιν’
2564 1835 2612 1886 εἰ
2658 1834 2768 1905 γὰρ
2794 1833 2952 1889 τοῦτο
3001 1835 3118 1907 δοίη
3167 1853 3271 1900 τις,
3304 1836 3458 1890 ἔσται
3505 1837 3601 1892 τοῦ
3633 1837 3773 1892 Θεοῦ

488 1921 598 1978 Ι)εο
650 1922 845 1977 melior
873 1931 994 1987 est;
1031 1937 1155 1978 nam
1189 1922 1235 1978 si
1270 1921 1376 1976 hoc
1421 1920 1713 1991 quisquam
1750 1920 1866 1976 ﬁeri
1915 1936 2078 1992 posse

483 2013 773 2077 concedat,
804 2013 907 2067 erit
938 2010 1031 2068 Dei
1065 2012 1229 2076 Deus,
1265 2012 1507 2082 itemque
1535 2011 1675 2066 alius
1705 2012 1887 2080 Deus;
1914 2014 2079 2095 idque

485 2103 543 2158 in
574 2103 848 2158 inﬁnitum
894 2106 1174 2175 procedet.
1220 2105 1388 2176 Igitur
1446 2120 1795 2176 nequaquam
1842 2105 1985 2162 Deus
2008 2107 2076 2162 ab

484 2194 594 2251 alio
629 2198 927 2266 potentiam
965 2214 1121 2253 suam
1163 2201 1388 2270 recepit.

555 2287 609 2342 8.
645 2288 917 2355 Quoniam
973 2289 1159 2359 itaque
1185 2290 1329 2348 Deus
1358 2309 1539 2366 neque
1574 2311 1604 2351 a
1647 2311 1706 2352 se
1746 2295 1886 2366 ipso,
1930 2296 2073 2350 ntul-

483 2387 649 2450 toque
673 2381 856 2436 minus
881 2380 952 2436 ab
987 2382 1097 2437 alio
1137 2385 1438 2453 potentiam
1480 2403 1634 2443 suam
1668 2388 1885 2458 recipit,
1922 2396 2074 2458 patet

482 2467 665 2538 ipsum
716 2469 920 2524 habere
966 2471 1114 2525 illam
1147 2474 1520 2544 congenitam.
1584 2475 1682 2533 Est
1735 2488 1920 2532 autem
1956 2478 2074 2549 ipse

481 2573 703 2630 semper
729 2577 744 2628 ;
774 2575 905 2632 ergo
953 2570 1006 2617 et
1037 2563 1206 2632 ipsius
1234 2566 1528 2635 sapientia,
1557 2583 1665 2639 qua
1710 2580 1906 2639 potens
1963 2577 2069 2635 εει,

480 2658 534 2704 ει
559 2667 666 2720 qua
694 2663 972 2721 operatur,
1038 2669 1257 2725 semper
1284 2666 1391 2712 est.
1446 2657 1601 2725 Quod
1631 2661 1678 2715 si
1719 2669 1949 2727 aeterna,
1989 2667 2074 2714 est

482 2740 647 2794 ctiam
673 2750 933 2811 perpetua
971 2751 1026 2798 et
1063 2744 1465 2817 intemporalis.
1498 2748 1618 2804 Jam
1676 2751 1823 2822 quod
1854 2766 2074 2822 semper

481 2842 586 2912 est,
615 2829 666 2883 id
704 2838 967 2885 aeternum
1001 2842 1085 2889 est
1113 2843 1169 2889 et
1197 2846 1522 2907 perpetuum
1558 2849 1614 2895 et
1641 2841 2003 2912 intemporale
2022 2850 2077 2896 et

482 2905 787 2975 increatum
819 2929 873 2975 et
904 2937 1011 2976 non
1028 2922 1257 2980 factum.
1277 2905 1568 3000 Colligitur
1597 2946 1749 3004 ergo,
1774 2905 2074 3003 potentiam

482 3008 601 3075 Dei,
633 3025 741 3080 qua
774 3022 969 3081 potens
999 3024 1104 3081 est,
1138 3026 1192 3072 et
1239 3033 1347 3088 qua
1389 3020 1525 3092 agit,
1558 3032 1613 3079 et
1647 3024 1768 3079 sine
1800 3040 1905 3095 qua
1935 3026 2075 3081 nihil

481 3102 617 3171 agit,
652 3101 912 3159 infectam
938 3121 1060 3162 esse
1084 3118 1250 3179 atque
1296 3112 1624 3170 increatam.
1654 3114 1769 3173 iam
1797 3132 1928 3174 vero
1962 3134 2073 3174 non

2185 1923 2341 1988 Θεὸς,
2372 1924 2469 1978 καὶ
2499 1924 2660 1979 πάλιν
2695 1925 2857 1988 ἄλλος
2884 1926 3040 1991 Θεὸς,
3087 1928 3184 1981 καὶ
3215 1926 3362 1982 τοῦτ’
3390 1929 3471 1992 εἰς
3504 1928 3734 2001 ἄπειρον
3754 1947 3770 1962 ·

2184 2018 2286 2071 οὐκ
2336 2018 2444 2089 ἄρα
2491 2018 2520 2070 ὁ
2562 2018 2695 2083 Θεὸς
2745 2018 2876 2091 παρ’
2928 2021 3118 2093 ἑτέρου
3169 2021 3268 2093 τὴν
3317 2022 3483 2076 αὑτοῦ
3540 2022 3774 2094 δύναμιν

2183 2109 2425 2183 εἴληφεν.

2258 2294 2330 2360 η’.
2370 2288 2526 2344 Ἐπεὶ
2551 2284 2688 2345 οἶδ’νὸ
2710 2289 2843 2356 Θεὸς
2856 2290 2989 2345 ὀῦτε
3026 2294 3155 2363 παρ’
3176 2274 3408 2357 ⁴ἑαυτοῦ,
3438 2294 3565 2347 οῦτε
3589 2289 3773 2362 πολλῷ

2189 2383 2392 2456 μᾶλλον
2421 2385 2552 2455 παρ’
2594 2384 2783 2455 ἑτέρου
2816 2384 3111 2455 τὴναύτοῦ
3161 2384 3394 2456 δύναμιν
3438 2385 3768 2456 εἰσδέχεται,

2183 2476 2342 2548 δῆλον
2379 2477 2463 2531 ὅτι
2497 2476 2777 2548 σύμφυτον
2829 2477 3157 2550 αὑτὴν”ἔχει
3177 2495 3191 2510 ·
3233 2479 3350 2532 ἐστι
3376 2479 3433 2533 δὲ
3462 2479 3624 2542 αὐτὸς
3654 2481 3764 2544 ἀεὶ,

2186 2568 2283 2623 καὶ
2316 2568 2349 2638 ἡ
2379 2566 2546 2622 αὐτοῦ
2592 2568 2843 2638 δύναμις,
2873 2569 2997 2623 καθ’
3025 2570 3093 2640 ἦν
3122 2571 3239 2624 ἐστι
3285 2571 3534 2639 δυνατὸς,
3578 2575 3672 2626 καὶ⁵
3696 2573 3765 2626 δι’

2184 2654 2252 2731 ἦς
2282 2661 2444 2727 ποιεῖ,
2469 2661 2722 2714 ἀείὲστιν
2743 2676 2758 2692 ο
2787 2661 2837 2715 εί
2857 2656 2950 2714 οῦν
2976 2662 3062 2715 ἀεί
3089 2663 3227 2726 ἐστι,
3249 2665 3345 2717 καὶ
3374 2664 3593 2730 αἰώνιός
3617 2667 3765 2721 ἐστι’

2184 2753 2234 2805 εἰ
2261 2751 2316 2806 δὲ
2339 2751 2577 2817 αἰώνιος,
2614 2754 2708 2807 καὶ
2738 2753 2910 2818 ἀΐδιος
2940 2755 3032 2809 καὶ
3066 2755 3295 2827 ἀχρονος
3319 2774 3335 2789 ο
3372 2759 3483 2812 πᾶν
3513 2759 3568 2811 δὲ
3594 2758 3656 2812 τὸ
3680 2761 3768 2814 ἀεὶ

2183 2844 2265 2913 ὃν,
2296 2846 2393 2900 καὶ
2421 2846 2640 2902 αἰώνιον
2666 2848 2761 2901 καὶ
2792 2847 2963 2901 ἀΐδιον
2993 2848 3086 2903 καὶ
3108 2849 3340 2920 ἄχρονον
3372 2851 3468 2904 καὶ
3513 2851 3767 2906 ἄκτιστον

2184 2937 2278 2992 καὶ
2307 2936 2570 3007 ἀγένητόν
2598 2940 2743 2992 ἐστι·
2788 2940 3083 3009 συνάγεται
3111 2941 3221 3012 ἄρα
3253 2941 3336 2995 ὅτι
3361 2944 3394 3013 η
3422 2942 3653 3014 δύναμις
3673 2946 3766 2998 τοῦ

2183 3029 2321 3085 Θεοῦ
2366 3030 2490 3086 καθ’
2521 3032 2589 3103 ἦν
2619 3033 2736 3086 ἐστι
2766 3033 3012 3100 δυνατὸς,
3058 3034 3152 3087 xa‘t
3180 3034 3248 3088 δι’
3287 3030 3355 3107 ἦς
3382 3038 3548 3104 ποιεῖ,
3582 3038 3676 3091 καὶ
3699 3034 3768 3111 ἧς

2185 3125 2357 3196 χωρὶς
2403 3112 2563 3179 οὐδὲν
2604 3127 2769 3191 ποιεῖ,
2823 3127 3090 3196 ἀγένητος
3138 3129 3232 3180 καὶ
3271 3127 3529 3191 ἀκτιστός
3583 3133 3762 3184 ἐστιν’

479 3192 685 3248 factum
710 3210 743 3250 a
797 3212 908 3252 non
941 3196 1112 3268 facto,
1141 3213 1415 3272 quatenus
1457 3223 1569 3263 non
1614 3217 1699 3266 est
1741 3209 1974 3275 factum,
2019 3221 2071 3268 et

2180 3192 2447 3290 ἀγένητον
2472 3216 2530 3271 δὲ
2557 3219 2826 3290 ἀγενήτῳ,
2859 3192 2990 3273 καθ’⁷
3014 3218 3042 3272 ὃ
3082 3220 3145 3274 οὐ
3193 3221 3419 3291 γέγονεν
3438 3240 3452 3255 ·
3486 3224 3583 3277 καὶ
3606 3223 3762 3277 ἄκτι-

480 3284 788 3342 increatum
823 3288 893 3342 ab
925 3289 1199 3358 increato,
1239 3304 1516 3364 quatenus
1539 3314 1651 3354 non
1684 3309 1772 3356 est
1800 3310 2071 3370 creatum,

481 3386 683 3433 natura
714 3379 852 3434 nihil
896 3382 1040 3437 inter
1076 3399 1137 3441 se
1164 3385 1456 3457 diﬁ‘erent;
1490 3392 1639 3461 quod
1678 3392 1726 3448 si
1767 3408 1879 3449 non
1914 3394 2074 3451 diﬁ'e-

479 3478 635 3539 runt,
663 3471 806 3528 idem
854 3484 1018 3543 sunt;
1045 3486 1099 3532 et
1137 3479 1185 3533 si
1215 3479 1381 3549 idem,
1414 3482 1660 3553 ejusdem
1695 3500 1914 3556 quoque
1970 3503 2070 3544 na-

480 3568 620 3618 tura;
701 3573 852 3632 sunt,
917 3571 1423 3641 consubstantialia,
1479 3583 1536 3631 et
1608 3577 1870 3649 quidquid
1929 3581 2078 3651 ejus-

480 3656 629 3710 modi
686 3665 792 3715 est.
842 3658 1005 3730 Atqui
1075 3663 1222 3718 Deus
1272 3674 1357 3721 est
1406 3665 1644 3724 inlectus
1671 3677 1728 3725 et
1756 3670 2071 3741 increatus;

479 3762 612 3819 ergo
640 3763 796 3819 aeque
818 3753 1063 3821 potentia
1100 3754 1241 3825 ejus.
1270 3754 1444 3813 Porro
1476 3774 1646 3814 unum
1674 3769 1760 3817 est
1806 3762 2071 3819 infectum

481 3849 677 3895 natura
710 3850 764 3897 et
789 3842 1122 3911 increatum,
1153 3847 1298 3905 sicut
1352 3865 1677 3910 communes
1702 3855 1957 3912 notiones
1983 3873 2074 3912 ac-

480 3943 672 3990 curate
730 3943 920 3992 tenent
962 3956 976 3992 :
1016 3940 1295 4012 colligitur
1315 3938 1468 4015 érgo,
1527 3954 1588 4001 ut
1639 3945 1736 4002 Dei
1806 3951 2071 4020 putentia,

483 4039 591 4094 qua
623 4025 828 4081 dicitur
877 4039 1092 4099 potens,
1146 4043 1201 4088 et
1247 4049 1355 4105 qua
1383 4035 1517 4106 agit,
1549 4047 1603 4093 et
1632 4038 1753 4095 sine
1798 4056 1905 4111 qua
1935 4042 2072 4098 nihil

489 4117 623 4185 agit,
656 4121 1146 4179 consubstantialis
1176 4134 1230 4181 et
1257 4126 1501 4195 ejusdem
1543 4138 1753 4185 natura:
1794 4146 1919 4187 cum
1965 4134 2074 4190 Deo

484 4210 576 4298 sit.
609 4209 742 4277 Quae
795 4213 843 4269 si
878 4215 956 4269 ita
1004 4232 1064 4273 se
1116 4217 1342 4286 habent,
1383 4222 1502 4292 ipsa
1557 4240 1781 4296 quoque
1828 4229 2070 4298 potentia

480 4297 628 4355 Deus
667 4309 773 4356 est.
814 4302 928 4374 Age
951 4321 1083 4361 vero
1114 4310 1258 4378 quod
1299 4313 1476 4368 exhis
1516 4315 1659 4372 haud
1687 4321 1799 4374 duo
1838 4319 1913 4374 dii
1936 4334 2072 4375 con-

476 4402 730 4462 surgant,
761 4405 822 4449 ut
845 4396 1083 4467 Agarenj
1107 4400 1272 4457 stulte
1312 4405 1472 4460 nobis
1501 4406 1822 4477 inclamant,
1875 4412 2071 4468 subse-

477 4496 656 4552 quens
698 4495 888 4562 nostra
959 4491 1137 4547 oratio
1211 4493 1643 4567 demonstrabit;
1714 4518 1840 4557 cum
1887 4504 2065 4573 ipsum

475 4587 695 4644 quoque
725 4575 1012 4647 Spiritum,
1047 4583 1138 4652 qui
1168 4583 1220 4637 in
1254 4585 1362 4642 Deo
1391 4598 1495 4654 est,
1523 4598 1784 4662 tanquam
1817 4595 2062 4663 ejusdem

475 4673 687 4719 naturae
723 4674 778 4721 et
804 4671 1332 4730 consubstantialem
1363 4677 1475 4733 Deo
1504 4680 1736 4752 ejusque
1785 4685 2062 4753 potentia,

475 4770 601 4825 qua:
628 4765 682 4812 et
717 4756 1000 4830 Sapientia
1027 4772 1082 4819 et
1106 4763 1355 4823 Verbum
1378 4767 1476 4825 Dei
1508 4775 1779 4842 potentia,
1820 4791 1925 4846 qua
1984 4778 2067 4834 di-

473 4849 621 4903 citur
668 4861 885 4922 potens,
954 4865 1002 4911 et
1037 4873 1143 4928 qua
1186 4860 1321 4932 agit,
1375 4873 1429 4917 et
1464 4864 1585 4921 sine
1618 4881 1727 4936 qua
1762 4868 1899 4924 nihil
1931 4870 2062 4942 agit,

472 4955 704 5013 quaeque
769 4954 825 5001 ct
889 4945 1124 5005 Verbum
1184 4951 1278 5008 Dei
1310 4963 1367 5009 et
1407 4956 1676 5025 sapientia
1737 4960 1962 5027 dicitur,
2004 4967 2067 5020 ut

471 5042 657 5089 vestra
704 5052 924 5110 quoque
965 5043 1239 5113 scriptura
1303 5055 1572 5116 testatur;
1632 5052 1778 5119 quod
1808 5053 1944 5118 haec,
1973 5054 2060 5110 in-

472 5140 662 5197 quam,
718 5135 988 5202 putentia,
1050 5151 1158 5194 non
1211 5138 1283 5193 sit
1344 5140 1538 5196 aliena
1590 5143 1932 5213 substantiae,
1993 5162 2057 5203 ac

472 5215 641 5272 veluti
677 5222 955 5291 accidens,
988 5235 1168 5283 utvos
1192 5229 1395 5307 dicitis,
1449 5233 1544 5287 sed
1597 5234 1844 5301 ejusdem
1876 5236 2057 5306 potius

471 5318 684 5366 naturae
733 5320 789 5368 et
832 5318 1326 5377 consubstantialis
1368 5320 1501 5390 Deo,
1550 5333 1738 5395 utpote
1765 5341 1877 5380 non
1914 5325 2054 5383 facta

471 5410 528 5456 et
560 5401 827 5470 increata.
858 5407 911 5463 id
944 5408 1047 5466 hac
1078 5411 1294 5469 ratione
1335 5414 1395 5469 ﬁt
1424 5415 1670 5472 evidens.

541 5493 596 5550 9.
628 5493 773 5554 Deus
804 5500 1250 5571 simplicissimus
1278 5517 1385 5572 est,
1426 5516 1481 5561 et
1525 5507 1748 5564 cuilibet
1782 5511 2053 5580 composi-

470 5583 607 5642 tioni
665 5592 1050 5660 compositaeve
1105 5597 1614 5672 notionisuperior,
1648 5610 1707 5658 ut
1744 5605 2054 5662 communis

534 5768 614 5840 (4)
639 5769 766 5830 Sur.
803 5774 894 5844 ιν,
940 5779 1057 5841 169.

2181 3326 2309 3363 στον
2330 3311 2596 3383 ἀκτίστῳ,
2620 3311 2743 3365 καθ’
2774 3311 2803 3365 ὃ
2831 3312 2930 3365 οὐκ
2948 3311 3218 3379 ἔκτισται,
3247 3316 3390 3370 κατά
3422 3315 3589 3387 φύσιν
3616 3318 3765 3371 οὐδὲν

2176 3402 2394 3458 διοίσει·
2422 3406 2472 3457 εί
2501 3404 2556 3458 δὲ
2588 3404 2742 3459 οὐδὲν
2770 3405 2980 3472 διοίσει,
3021 3408 3218 3462 ταυτόν
3254 3410 3405 3463 ἐστιν
3429 3428 3442 3442 ο
3475 3411 3524 3463 εἰ
3554 3409 3613 3463 δὲ
3640 3426 3765 3465 ταυ-

2177 3494 2269 3549 τὸν
2295 3534 2312 3561 ,
2363 3496 2459 3549 καὶ
2510 3496 2751 3567 ὁμοφυὲς
2795 3498 2891 3551 καὶ
2934 3500 3222 3569 ὀμοούσιον
3270 3500 3366 3554 καὶ
3410 3502 3514 3557 ὅσα
3556 3503 3765 3568 τούτοις

2176 3585 2341 3656 ὅμοια
2362 3602 2376 3616 ο
2410 3585 2528 3639 ἔστι
2573 3586 2630 3640 δὲ
2675 3589 2771 3641 καὶ
2806 3590 2834 3642 ὁ
2861 3588 2995 3654 Θεὸς
3024 3590 3288 3661 ἀγένητος
3340 3592 3435 3646 xal.
3486 3592 3759 3660 ἀκτιστος,

2178 3675 2293 3729 ἔστι
2322 3676 2380 3730 δὲ
2414 3678 2509 3731 καὶ
2541 3679 2574 3748 ἡ
2610 3678 2775 3733 αὐτοῦ
2806 3678 3039 3751 δύναμις
3062 3696 3076 3711 ο
3105 3679 3164 3736 ἓν
3185 3682 3244 3737 δὲ
3272 3681 3335 3737 τὸ
3365 3682 3632 3756 ἀγένητον
3667 3686 3760 3739 καὶ

2176 3769 2434 3824 ἄκτιστον
2482 3773 2548 3842 τῇ
2595 3770 2776 3841 φύσει,
2831 3773 2907 3837 ὡς
2941 3774 2998 3826 αἱ
3026 3776 3207 3829 κοιναὶ
3259 3774 3462 3831 ἔννοιαι
3516 3778 3760 3849 ἀκριϐῶς

2178 3862 2394 3933 ἔχουσι’
2430 3865 2723 3933 συνάγεται
2751 3867 2859 3937 ἄρα
2893 3867 2974 3921 ὅτι
3008 3871 3041 3938 η
3069 3867 3300 3940 δύναμις
3344 3870 3440 3925 τοῦ
3479 3871 3618 3925 Θεοῦ
3641 3871 3760 3927 καθ’

2176 3955 2244 4026 ἥν
2279 3955 2499 4024 λέγεται
2536 3957 2784 4025 δυνατὸς,
2825 3960 2919 4014 καὶ
2958 3960 3028 4014 δι’
3052 3955 3120 4032 ἧς
3149 3964 3314 4031 ποιεῖ,
3356 3966 3452 4017 καὶ
3476 3960 3546 4037 ἦς
3591 3966 3762 4036 χωρὶς

2175 4045 2329 4101 οὐδὲν
2358 4051 2523 4115 ποιεῖ,
2566 4050 2852 4119 ὁμοούσιὸς
2875 4053 2993 4107 ἐστι
3022 4055 3117 4107 καὶ
3145 4054 3393 4128 ὀμοφυὴς
3423 4057 3501 4128 τῷ
3529 4057 3649 4129 Θεῷ
3670 4075 3683 4088 ·
3714 4060 3763 4113 εί

2174 4134 2232 4188 δὲ
2259 4136 2439 4205 τοῦτο,
2469 4141 2563 4193 καὶ
2594 4140 2734 4213 αὓτη
2759 4142 2891 4208 Θεός
2918 4160 2932 4175 ο
2965 4144 3062 4199 καὶ
3095 4146 3178 4200 ὅτι
3206 4148 3317 4202 κάκ
3349 4149 3557 4204 τούτων
3579 4152 3642 4203 οὐ
3668 4151 3763 4206 δύο

2175 4229 2309 4297 θεοὶ,
2343 4231 2420 4296 ὡς
2446 4234 2600 4288 αὐτοὶ
2625 4236 2837 4305 ἀλόγως
2877 4240 3026 4309 ἡμᾶς
3051 4241 3469 4312 ὲπιφημίζουσι,
3501 4260 3759 4315 παρακα·

2172 4323 2304 4375 τιὼν
2340 4322 2368 4375 ὁ
2399 4322 2557 4392 λόγος
2586 4323 2774 4393 δείξει,
2809 4327 2892 4380 ὅτι
2923 4328 3016 4381 καὶ
3050 4328 3110 4382 τὸ
3150 4330 3376 4402 Πνεῦμα
3408 4332 3499 4384 καὶ
3530 4331 3664 4385 αὐτὸ
3697 4334 3756 4393 ὲν

2174 4413 2251 4484 τῷ
2281 4414 2399 4486 Θεῷ
2431 4415 2507 4479 ὡς
2532 4418 2775 4488 ὀμοφυὲς
2823 4420 2917 4472 καὶ
2964 4421 3252 4491 ὁμοούσιον
3284 4424 3363 4495 τῷ
3394 4441 3452 4477 τε
3487 4423 3608 4495 Θεῷ
3659 4427 3761 4480 καὶ

2172 4507 2238 4576 τῇ
2263 4507 2426 4562 αὑτοῦ
2460 4508 2709 4580 δυνάμει,
2737 4511 2771 4582 ἢ
2802 4513 2895 4566 καὶ
2921 4514 3090 4582 Σοφία
3120 4516 3213 4569 καὶ
3237 4518 3410 4585 Λόγος
3434 4517 3569 4571 Θεοῦ
3603 4518 3764 4588 λέγε-

2170 4615 2282 4666 ται,
2310 4601 2527 4672 τρανῶς
2559 4602 2968 4676 διαγορεύσειεν
2987 4623 3002 4639 ο
3023 4607 3139 4662 ἀλλ’
3169 4609 3253 4662 ὅτι
3284 4611 3384 4681 μὲν
3416 4611 3513 4665 καὶ
3538 4613 3572 4683 ἡ
3598 4613 3762 4667 δύνα-

2172 4708 2265 4762 μις
2289 4691 2384 4745 τοῦ
2408 4693 2544 4748 Θεοῦ
2567 4696 2689 4749 καθ’
2705 4698 2770 4766 ἣν
2792 4696 3010 4766 λέγεται
3032 4699 3280 4769 δυνατὸς,
3305 4706 3395 4758 καὶ
3415 4705 3483 4757 δι’
3502 4701 3567 4777 ἧς
3593 4710 3754 4771 ποιεῖ,

2168 4782 2262 4836 καὶ
2289 4777 2359 4855 ἦς
2387 4787 2558 4856 χωρὶς
2602 4787 2756 4841 οὐδὲν
2798 4795 2961 4857 ποιεῖ,
2997 4792 3030 4865 ἢ
3062 4796 3158 4847 καὶ
3199 4798 3374 4867 Λόγος
3402 4798 3628 4870 λέγεται
3662 4801 3747 4854 τοῦ

2167 4873 2304 4927 Θεοῦ
2354 4877 2450 4929 καὶ
2521 4878 2730 4948 Σοφία,
2776 4881 2851 4947 ὡς
2896 4885 2994 4937 καὶ
3036 4885 3097 4940 τὸ
3146 4889 3412 4960 ὑμέτερον
3486 4895 3753 4967 μαρτυρεῖ

2167 4967 2408 5058 ’γράμμα
2453 4969 2553 5041 (4),
2585 4973 2684 5042 οὐχ
2732 4976 3198 5049 ἑτεροῦπόστατός
3245 4986 3394 5037 ἐστιν
3423 4985 3501 5050 ὡς
3550 4987 3753 5058 συμϐε-

2168 5055 2357 5127 ϐηκὸς,
2379 5059 2454 5123 ῶς
2476 5061 2637 5129 ὑμεῖς
2680 5082 2837 5134 φατε,
2893 5069 3010 5123 ἀλλ’
3052 5073 3300 5145 ὁμοφυής
3338 5093 3399 5129 τε
3427 5076 3522 5131 καὶ
3555 5055 3753 5148 631.006-

2169 5162 2282 5209 σιος
2313 5148 2390 5218 τῷ
2411 5149 2531 5222 Θεῷ
2564 5151 2641 5216 ὡς
2670 5155 2933 5229 ἀγένητος
2963 5161 3056 5215 καὶ
3084 5163 3359 5233 ἀκτιστος,
3388 5168 3484 5221 καὶ
3507 5162 3612 5223 ὦδὲ
3637 5170 3754 5223 ἐστι

2165 5236 2345 5310 δῆλον.
3112 5260 3124 5267 “

2238 5418 2304 5475 θ’.
2350 5422 2408 5476 '0
2442 5423 2574 5490 Θεὸς
2624 5428 2999 5498 ἀπλούστατός
3038 5438 3175 5505 ἐστι,
3221 5440 3316 5494 καὶ
3349 5442 3533 5513 πάσης
3558 5443 3751 5498 συνθέ-

2166 5528 2304 5577 σεως
2356 5519 2450 5570 καὶ
2502 5518 2824 5594 συνθετικῆς
2860 5526 3069 5593 ἐννοίας
3117 5531 3398 5598 ἐπέκεινα,
3449 5536 3525 5599 ὼς
3564 5538 3659 5591 καὶ
3695 5538 3749 5591 αἱ

2164 5608 2344 5664 κοιναὶ
2369 5608 2569 5670 ἔννοιαι
2606 5615 2738 5687 ἡμῖν
2775 5616 3151 5692 διαγορεύουσι
3172 5638 3184 5654 ο
3220 5626 3329 5681 πᾶν
3356 5626 3414 5682 δὲ
3445 5626 3510 5699 δὴ
3543 5627 3751 5697 συμϐε-
