4064 6408
335 377 442 442 681

1500 384 1649 445 REF
1659 383 1937 446 UTATIO
1977 384 2452 447 MOHAMEDIS.

3503 391 3610 453 682

336 494 510 562 ϐηχὸς
542 490 682 562 μετὰ
709 491 805 546 τοῦ
831 485 878 560 ᾧ
907 492 1247 564 συμϐέϐηκε,
1301 493 1559 551 σύνθετόν
1589 499 1650 552 τέ
1683 501 1800 553 ἐστι
1830 500 1922 552 ml

2033 515 2232 555 sensus
2263 516 2365 556 nos
2427 501 2609 554 docet.
2635 499 2701 551 At
2729 511 2891 550 omne
2939 498 3212 560 accidens,
3265 514 3413 568 teque
3452 516 3516 555 ac
3546 517 3610 555 ea

336 582 648 653 λογίζεται·
683 583 732 635 εί
761 582 817 635 δὲ
845 582 1025 648 τοῦτο,
1064 585 1157 637 ml.
1197 584 1465 653 διαλυτὸν,
1507 588 1629 659 ἤτοι
1673 591 1925 660 ἐνεργείᾳ

341 676 380 748 ἢ
409 676 665 743 δυνάμει,
717 674 998 728 τουτέστιν
1036 675 1065 743 ἢ
1100 675 1242 746 λόγῳ
1282 675 1316 745 ἢ
1353 676 1587 747 ὑπάρξει
1613 695 1630 712 ο
1677 679 1759 732 διὸ
1793 667 1924 732 ’ἐστι

348 763 767 833 συλλθγίσασθαι
823 763 1027 827 οὕτως·
1074 766 1132 818 '0
1161 765 1293 830 Θεὸς
1345 767 1722 833 ἁπλούστατός
1768 772 1920 830 ἐστι·

347 857 455 910 πᾶν
493 856 548 907 δὲ
599 853 948 925 συμϐεϐηκὸς
1002 858 1139 924 μετὰ
1188 857 1284 909 τοῦ
1311 851 1358 926 ᾧ
1404 859 1790 929 συμϐέϐηκεν,
1826 865 1925 932 οὐχ

343 946 544 1001 ἁπλοῦν
571 947 690 1000 ἑστι
719 947 814 1000 ml
842 947 1114 1015 λογίζεται
1136 963 1150 980 ·
1180 949 1472 1017 συνάγεται
1495 951 1604 1020 ἄρα
1624 950 1708 1004 ὄτι
1738 953 1767 1004 ὁ
1791 953 1924 1014 Θεὸς

337 1039 689 1101 ἀνεπίδεκτός
719 1039 836 1092 ἐστι
870 1039 1276 1110 συμϐεϐηκότος
1294 1058 1308 1072 ·
1344 1039 1458 1111 ἔχει
1477 1042 1537 1096 δὲ
1565 1043 1820 1113 δύναμιν,
1847 1044 1923 1106 ὼς

339 1131 440 1186 ml
469 1130 632 1184 τοῦτο
676 1130 948 1184 δέδεικται
968 1147 982 1160 ·
1021 1133 1115 1184 ml
1143 1131 1282 1203 αὐτη
1316 1132 1426 1204 ἄρα
1453 1134 1515 1187 οὐ
1544 1134 1920 1206 συμϐεϐηκόςο

336 1223 458 1276 ἐστι
486 1223 598 1294 γὰρ
631 1224 728 1276 ml
755 1223 917 1277 τοῦτο
959 1225 1310 1294 συμπερᾶναι
1336 1225 1510 1291 οὕτως
1533 1241 1549 1258 ο
1587 1228 1646 1282 '0
1671 1228 1807 1292 Θεὸς
1828 1230 1922 1284 ἀν-

338 1315 629 1378 επίδεκτός
662 1317 778 1369 ἐστι
808 1315 1220 1386 συμϐεϐηκότος
1240 1333 1256 1348 ο
1291 1319 1320 1371 ό
1345 1317 1481 1382 Θεὸς
1509 1319 1741 1392 δύναμιν
1767 1321 1882 1391 ἔχει
1904 1338 1918 1352 ’

295 1389 305 1483 ξ
337 1408 635 1477 συνάγεται
686 1408 797 1479 ἄρα
843 1409 927 1462 ὅτι
955 1410 989 1479 ἡ
1022 1409 1253 1480 δύναμις
1300 1411 1397 1464 τοῦ
1445 1411 1582 1465 Θεοῦ
1617 1389 1676 1466 οὐ
1716 1389 1923 1483 συμϐε-

294 1471 307 1575 :
335 1471 507 1572 ϐηκός
525 1515 538 1528 ·
563 1502 612 1552 εί
643 1500 701 1553 δὲ
723 1471 900 1564 τοῦτο,
927 1471 1021 1553 καὶ
1047 1471 1413 1567 ὲνυπόστατος
1440 1504 1537 1557 καὶ
1567 1504 1692 1559 καθ’
1723 1471 1923 1575 ἑαυτὴν

290 1553 309 1672 Ξ
333 1553 562 1642 τὸιεῐναι
593 1590 813 1660 ἔχουσα,
840 1553 938 1644 καὶ
972 1591 1201 1662 μηδενὸς

334 1680 436 1734 καὶ
467 1681 578 1746 ἀεὶ,
613 1681 690 1746 ὡς
713 1681 810 1736 καὶ
852 1682 1012 1737 τοῦτο
1057 1681 1362 1738 δέδεικται·
1393 1685 1456 1739 τὸ
1482 1685 1542 1738 δὲ
1564 1687 1650 1740 ἀεὶ
1677 1668 1758 1751 δν,
1795 1685 1920 1740 οὐτε

334 1772 517 1844 ἀρχὴν
565 1773 831 1846 χρονικὴν
875 1772 988 1844 ἔχει
1019 1773 1143 1827 οὔτε
1175 1775 1360 1840 τέλος·
1394 1778 1504 1830 πᾶν
1546 1777 1605 1832 δὲ
1631 1779 1694 1831 τὸ
1724 1780 1921 1832 ὲνυπό-

2031 609 2121 648 res
2147 593 2235 648 cui
2276 592 2496 657 accidit,
2545 593 2910 660 compositum
2959 585 3042 642 est
3086 599 3140 644 et
3196 591 3275 646 sic
3303 603 3609 662 reputatur.

2028 683 2184 748 Quod
2219 685 2265 737 si
2317 683 2389 736 ita
2451 697 2510 737 se
2548 680 2738 742 habet,
2778 679 3100 746 dissolubile
3127 696 3347 751 quoque
3381 693 3486 749 est,
3525 686 3611 738 vel

2028 775 2228 829 virtute
2275 775 2356 828 vel
2401 774 2659 842 putentia,
2719 772 2771 826 id
2826 782 2930 837 εει,
2964 772 3307 827 rationaliter
3361 775 3444 828 vel
3478 777 3610 830 sub«

2027 865 2376 921 stantialitcr.
2410 866 2500 920 Sic
2527 866 2710 933 itaque
2726 865 3099 934 argumentari
3124 865 3250 919 licet
3277 881 3291 918 :
3321 865 3460 920 Deus
3481 867 3613 922 sim-

2025 958 2360 1028 plicissimus
2393 966 2478 1014 est
2527 975 2542 1012 :
2598 959 2881 1028 quodlibet
2916 970 3102 1012 autem
3135 957 3416 1024 accidens,
3457 974 3615 1029 aeque

2027 1063 2092 1102 ac
2119 1063 2183 1102 ea
2209 1064 2296 1104 res
2315 1049 2402 1102 cui
2426 1048 2644 1115 accidit,
2667 1064 2777 1102 non
2806 1058 2890 1104 est
2911 1049 3165 1118 simplex,
3194 1063 3294 1104 nec
3311 1057 3613 1119 reputatur.

2025 1140 2314 1211 Colligitur
2352 1155 2485 1211 ergo
2552 1139 2720 1195 Deum
2758 1141 3058 1195 accidentis
3103 1156 3228 1196 esse
3271 1141 3609 1211 incapacem.

2026 1233 2190 1302 Atqui
2225 1232 2522 1303 potentiam
2548 1233 2730 1292 habet.
2768 1233 2844 1286 uti
2879 1232 3318 1288 demonstratum
3335 1242 3421 1288 est
3447 1251 3460 1290 :
3485 1249 3616 1304 ergo

2029 1325 2144 1378 haec
2171 1339 2392 1394 quoque
2422 1323 2677 1378 accidens
2719 1339 2826 1376 non
2859 1332 2979 1389 est;
3009 1325 3155 1392 quod
3206 1324 3278 1378 ita
3312 1325 3518 1395 pariter
3549 1326 3616 1378 ad

2026 1413 2434 1468 conclusionem
2457 1413 2760 1467 deducitur.
2785 1414 2924 1468 Deus
2937 1413 3232 1468 accidentis
3253 1414 3482 1484 incapax
3498 1423 3615 1480 est;

2027 1504 2172 1561 Deus
2192 1505 2428 1574 potentia
2448 1505 2707 1575 praeditus
2724 1513 2808 1558 est
2839 1504 3282 1574 :colligiturergo
3309 1503 3402 1560 Dei
3421 1513 3616 1574 poten-

2027 1598 2158 1652 tiam
2183 1615 2291 1654 non
2315 1613 2439 1654 esse
2464 1597 2799 1653 accidentem
2835 1615 2850 1652 :
2879 1598 3025 1667 quod
3053 1598 3098 1653 si
3129 1599 3201 1652 ita
3234 1612 3294 1653 se
3315 1597 3499 1662 habet,
3533 1606 3618 1651 est

2025 1689 2144 1744 haec
2177 1688 2288 1744 Deo
2309 1689 2744 1760 enhypostatica,
2779 1696 2832 1742 et
2861 1703 2957 1759 per
2985 1705 3042 1744 se
3071 1689 3482 1746 subsistentiam
3520 1689 3617 1743 ha-

2027 1782 2137 1843 bet,
2160 1792 2214 1837 et
2253 1781 2361 1835 alio
2387 1781 2608 1835 nemine
2636 1789 2780 1849 eget.
2812 1779 2918 1834 Sed
2957 1789 3010 1834 et
3040 1784 3233 1836 eadem
3263 1797 3479 1852 semper
3507 1792 3613 1844 est,

336 1882 556 1929 στα-ιον,
588 1868 728 1936 μήτε
762 1866 938 1938 ἀρχὴν
960 1865 1080 1937 ἔχον
1118 1866 1376 1939 χρονικὴν
1408 1869 1544 1940 μήτε
1569 1869 1744 1934 τέλος,
1767 1871 1922 1925 ἄκτι-

2034 1875 2182 1944 (ιυειι
2216 1875 2345 1929 item
2390 1873 2824 1928 demonstratum
2859 1871 2982 1926 fuit.
3016 1872 3173 1938 Quod
3201 1881 3382 1927 autem
3401 1888 3616 1943 semper

339 1958 466 2011 στόν
488 1960 606 2010 ἐστι
627 1958 722 2010 ml.
737 1958 1002 2029 ἀγένητον
1019 1971 1037 1984 ·
1055 1958 1374 2029 εὑρίσκεται
1393 1961 1504 2031 ἄρα
1525 1961 1606 2014 ὅτι
1627 1963 1659 2032 ἠ
1690 1962 1920 2034 δύναμις

333 2046 433 2099 τοῦ
461 2046 596 2100 Θεοῦ
620 2048 653 2118 ή
675 2048 1059 2115 ἑνυπόστατος,
1084 2050 1118 2120 ἢ
1145 2051 1236 2103 ml
1258 2050 1431 2118 Λόγος
1457 2051 1551 2105 ml
1573 2052 1744 2122 Σοφία
1771 2056 1923 2127 παρὰ

334 2136 449 2190 τῶν
482 2136 642 2191 θείων
688 2137 923 2208 Γραφῶν
968 2141 1185 2211 τρανῶς
1221 2142 1462 2211 λέγεται,
1521 2143 1774 2209 ἄκτιστός
1804 2147 1922 2200 ἐστι

331 2226 436 2280 καὶ
479 2227 776 2298 ἀγένητοςο
813 2230 878 2282 τὸ
902 2229 959 2283 δὲ
985 2231 1242 2286 άκτιστον
1270 2233 1365 2286 καὶ
1397 2233 1687 2304 ἀγένητον,
1735 2237 1833 2290 ml.
1865 2239 1921 2290 αί

333 2321 519 2372 κοιναὶ
550 2318 752 2374 ἔννοιαι
785 2321 885 2374 οὐκ
928 2321 1018 2375 ἐπ’
1050 2321 1212 2376 ἄλλου
1258 2323 1404 2386 τινὸς
1437 2323 1663 2379 εἰώθασι
1715 2327 1916 2397 λέγειν,

333 2409 456 2463 ἀλλ’
497 2411 591 2464 ἐπὶ
625 2410 762 2465 Θεοῦ
787 2429 800 2443 ο
835 2413 870 2484 ἡ
899 2411 1132 2485 δύναμις
1179 2415 1290 2484 ἄρα
1313 2413 1408 2468 τοῦ
1437 2415 1596 2484 Θεοῦ,
1633 2416 1781 2488 ἥπερ
1824 2421 1920 2473 καὶ

336 2499 514 2569 Σοφία
547 2501 644 2555 καὶ
676 2502 850 2570 Λόγος
875 2503 1043 2557 αὐτοῦ
1091 2505 1188 2558 ml.
1224 2505 1352 2568 Υἱὸς
1381 2507 1447 2560 ὲκ
1472 2507 1583 2560 τῶν
1610 2507 1742 2577 παρ’
1787 2508 1921 2578 ἡμῖν

337 2591 833 2663 προσαγορεύεται,
878 2593 1012 2656 Θεός
1040 2594 1100 2646 τέ
1150 2595 1299 2648 ἐστιν
1349 2596 1628 2667 ἀληθινὸς,
1660 2598 1922 2652 καὶκατὰ

335 2682 520 2737 πάντα
548 2684 735 2753 ὅμοιος
755 2684 834 2755 τῷ
865 2685 984 2756 Θεῷ
1013 2685 1108 2739 καὶ
1141 2688 1337 2759 Πατρὶ,
1368 2690 1465 2742 καὶ
1492 2690 1645 2760 παρὰ
1671 2692 1780 2745 τῶν
1817 2707 1920 2744 κα-

335 2766 448 2831 λῶς
471 2769 801 2836 δοξαςόντων
819 2775 1162 2846 Χριστιανῶν
1185 2777 1498 2831 πιστεύεται
1517 2781 1611 2832 καὶ
1626 2779 1918 2848 λογίζεται’

334 2860 458 2913 ἀλλ’
483 2862 564 2916 ὅτι
598 2863 698 2934 μὲν
730 2865 829 2936 τὴν
872 2866 1104 2938 δύναμιν
1145 2867 1241 2922 τοῦ
1274 2869 1408 2922 Θεοῦ
1440 2871 1562 2925 καθ’
1598 2871 1665 2942 ἢν
1701 2871 1919 2940 λέγεται

336 2952 588 3019 δυνατὸς,
628 2959 724 3010 ml.
751 2958 818 3011 δι’
851 2953 920 3030 ἧς
944 2963 1112 3028 ποιεῖ,
1159 2961 1255 3014 ml
1280 2957 1348 3033 ἧς
1380 2965 1551 3034 χωρὶς
1589 2963 1743 3018 οὐδὲν
1778 2967 1922 3017 ποιεῖ

338 3045 370 3097 ό
394 3045 548 3112 Θεὸς,
577 3048 710 3103 Θεὸν
739 3053 768 3104 ὁ
786 3052 944 3120 λόγος
971 3052 1065 3106 καὶ
1080 3053 1367 3123 όμοούσιον
1395 3055 1568 3127 αὐτὴν
1585 3057 1683 3109 καὶ
1705 3059 1919 3127 όμοφυῆ

337 3137 436 3190 τοῦ
478 3140 616 3193 Θεοῦ
672 3145 768 3195 ml
821 3144 1036 3214 Πατρὸς
1089 3144 1208 3214 μετ’
1256 3146 1520 3216 ἀκριϐοῦς
1591 3147 1920 3212 ἀποδείξεως

339 3226 531 3296 ἔδειξε,
567 3234 823 3305 φανερόν.

415 3507 468 3564 ε’.
507 3510 631 3565 "Ott
656 3511 714 3566 δὲ
742 3513 838 3567 ml
867 3514 1005 3587 αὐτὴ
1035 3516 1162 3581 Υἱὸς
1195 3517 1330 3571 Θεοῦ
1365 3521 1460 3572 καὶ
1485 3519 1660 3590 Λόγος
1695 3523 1792 3577 καὶ
1824 3526 1924 3579 Σο-

342 3602 443 3669 φία
481 3602 662 3668 ἐστὶν,
695 3605 788 3658 ml
823 3607 1049 3672 εἰκότως
1080 3609 1211 3684 παρ’
1243 3610 1401 3681 ἡμῶν
1433 3611 1543 3666 τῶν
1577 3614 1924 3685 Χριστιανῶν

340 3691 691 3765 ὡμολόγηται
726 3712 787 3748 τε
827 3698 922 3751 ml
955 3699 1348 3766 πεπίστευται,
1395 3695 1500 3756 ὦδὲ
1531 3703 1651 3768 πῶς
1679 3707 1796 3759 ἐστι
1831 3707 1926 3778 δῆ-

340 3781 455 3840 λον.
501 3785 559 3838 '0
597 3786 753 3850 Θεὸς,
792 3788 951 3859 είπερ
978 3790 1095 3842 ἐστὶ
1118 3789 1250 3854 Θεὸς
1283 3792 1538 3862 ἀληθινὸς
1572 3795 1669 3849 καὶ
1701 3796 1923 3866 λέγεται

340 3876 438 3926 καὶ
469 3875 787 3930 πιστεύεται
815 3879 909 3931 ml.
943 3883 1096 3948 παρὰ
1125 3879 1235 3934 τῶν
1267 3881 1675 3953 εὐφρονούντων
1705 3885 1924 3953 δοξάζε-

337 3981 432 4019 ται
481 3967 576 4020 καὶ
601 3967 933 4039 κηρύττεται
953 4008 970 4035 ,
1001 3971 1120 4039 ἦτοι
1154 3973 1220 4025 ὲκ
1239 3972 1350 4026 τῶν
1388 3973 1511 4027 κατ’
1549 3976 1737 4040 αὐτὸν,
1766 3994 1927 4031 τουτ-

338 4058 489 4112 έστιν
512 4061 576 4114 ὲκ
602 4060 702 4128 τῆς
721 4061 910 4125 οὐσίας
936 4061 1124 4128 αὐτοῦ,
1147 4063 1435 4131 ἔγνωσται,
1451 4068 1510 4120 ἐν
1535 4061 1618 4130 οἷς
1645 4067 1925 4134 δοξάζεται

337 4151 437 4204 καὶ
482 4152 816 4222 κηρύττεται
856 4153 952 4206 καὶ
984 4155 1299 4208 πιστεύεται
1328 4157 1411 4209 ὃτι
1448 4157 1618 4222 ἔστιν,
1653 4160 1686 4230 ἢ
1718 4163 1782 4213 ὲκ
1815 4160 1924 4213 τῶν

338 4243 475 4314 περὶ
530 4246 726 4310 αὐτὸν,
761 4248 1013 4300 τουτέστι
1061 4248 1173 4300 τῶν
1216 4249 1383 4302 αὐτοῦ
1415 4251 1766 4320 κτισμάτων·
1809 4252 1924 4306 ἀλλ’

336 4336 423 4388 ὃτι
454 4336 553 4405 μὲν
587 4339 651 4390 ἐκ
680 4338 789 4390 τῶν
819 4340 944 4392 κατ’
975 4339 1171 4406 αὐτὸν,
1198 4341 1479 4394 τουτέστιν
1511 4343 1577 4395 ὲκ
1611 4321 1926 4414 τῆςοούσίας

338 4429 532 4493 αὐτοῦ,
565 4432 850 4501 ἀμήχανον
889 4433 984 4485 καὶ
1015 4433 1280 4486 ἀδύνατον
1324 4433 1593 4502 ἐγνῶσθαι
1625 4436 1788 4489 αὐτὸν
1827 4438 1925 4490 καὶ

336 4523 463 4584 ταῖς
500 4523 819 4590 ἀγγελικαῐς
846 4524 1143 4594 δυνάμεσι,
1181 4524 1258 4595 μὴ
1299 4527 1384 4578 ὅτι
1412 4542 1477 4592 γε
1506 4529 1573 4597 τῇ
1605 4527 1921 4599 ἀνθρωπίνῃ

337 4615 526 4682 φύσει,
559 4617 652 4668 καὶ
682 4617 737 4668 αἱ
765 4617 941 4670 κοιναὶ
976 4616 1176 4670 ἔννοιαι
1203 4618 1354 4688 ἡμᾶς
1381 4617 1760 4670 ἐκδιδάσκουσι
1781 4634 1794 4648 σ
1825 4619 1921 4670 ml

337 4703 452 4776 γὰρ
482 4706 574 4759 τὸν
596 4705 730 4759 Θεὸν
760 4708 903 4760 κατὰ
922 4707 1011 4760 τὸν
1034 4709 1135 4778 τῆς
1157 4707 1344 4770 οὐσίας
1363 4707 1545 4776 λόγον,
1574 4709 1919 4778 ἀκατονόμα-

338 4815 471 4851 στον
515 4799 611 4852 καὶ
657 4799 1030 4870 ἁνέκφραστον
1068 4801 1202 4869 ἡμῖν
1252 4801 1346 4852 καὶ
1388 4798 1674 4870 ἀνώνυμον
1719 4801 1814 4853 ml
1863 4800 1922 4852 αί

257 4941 259 4944 ι
339 4888 483 4942 θεῖαι
511 4889 728 4962 Γραιροι)⁸
753 4893 843 4943 ml
872 4891 928 4942 αἱ
959 4893 1135 4943 κοιναὶ
1165 4890 1366 4944 ἔννοιαι
1405 4890 1800 4962 παραδιδόασι·
1827 4892 1922 4945 ml

337 4981 532 5035 τούτου
587 4983 772 5044 πίστις
819 4983 1090 5053 ἐναργὴς,
1139 4984 1188 5036 εί
1232 4983 1376 5035 θέλοι
1416 4999 1500 5045 τις
1548 4985 1815 5054 συνορᾷν,
1863 4984 1923 5036 τὸ

342 5073 514 5145 μηδὲν
548 5074 657 5127 τῶν
701 5073 868 5127 αὐτοῦ
897 5075 1178 5144 ὀνομάτων
1221 5076 1318 5144 τῆς
1348 5075 1536 5137 οὐσίας
1575 5076 1740 5128 αὐτοῦ
1785 5072 1924 5130 εἶναι

338 5167 672 5239 δηλωτικὸν,
713 5169 889 5240 αὐτηο
927 5169 1025 5222 ml
1073 5168 1182 5240 γὰρ
1227 5168 1459 5223 ἕκαστον
1495 5169 1604 5222 τῶν
1646 5170 1924 5240 ὀνομάτων

341 5262 480 5332 πρὸς
504 5261 728 5332 όδηγίαν
750 5261 849 5331 τῆς
885 5260 1036 5323 θείας
1067 5261 1282 5329 φύσεως
1308 5262 1439 5330 ἡμῖν
1469 5259 1921 5330 λαμϐανομένων,

343 5353 481 5408 ἰδίαν
514 5354 629 5424 ἔχει
664 5355 894 5406 ἕκαστον
929 5353 1476 5424 ὲμπεριειλημμένην
1511 5353 1785 5406 διὰνοιαν’
1832 5354 1924 5406 καὶ

340 5448 442 5502 οὐκ
471 5448 537 5501 ἂν
562 5449 730 5518 χωρὶς
754 5448 848 5517 νοή
859 5447 1028 5517 ματός
1051 5463 1218 5512 τινος,
1249 5445 1509 5515 οὐδεμίαν
1538 5445 1721 5517 εὐροις
1741 5445 1925 5516 φωνὴν

340 5538 401 5592 ἐν
445 5543 560 5602 τοῖς
606 5538 1098 5611 θεοπρεπεστέροις
1129 5537 1238 5592 τῶν
1281 5537 1585 5606 ὀνομάτων.
1626 5536 1686 5588 Εἰ
1725 5531 1818 5589 οὖν
1860 5539 1925 5589 ὲκ

341 5631 444 5702 τῆς
473 5631 663 5693 οὐσίας
697 5632 978 5701 ἀμήχανον
1011 5631 1172 5683 αὐτὸν
1210 5628 1516 5698 ἐγνῶσθαι,
1562 5630 1637 5691 ὼς
1685 5626 1924 5698 ἔφαμεν,

342 5723 580 5796 φανερὸν
613 5725 695 5778 ὅτι
729 5724 794 5775 ὲκ
823 5724 932 5776 τῶν
957 5723 1086 5793 περὶ
1114 5720 1300 5785 αὐτὸν,
1339 5720 1483 5775 καθὰ
1523 5722 1617 5773 καὶ
1654 5719 1810 5790 ὀρθός
1844 5737 1927 5782 τις

342 5816 504 5886 λόγος
562 5815 847 5888 ἐμφαίνει⁸
908 5817 974 5868 ἐκ
1025 5815 1134 5884 γὰρ
1191 5814 1455 5883 μεγέθους
1518 5815 1612 5866 καὶ
1659 5812 1924 5882 καλλονῆς

664 5913 936 5973 Parnm"
979 5913 1094 5972 Gn.
1142 5911 1236 5972 CV

2030 1974 2135 2029 est,
2158 1979 2227 2018 ne
2249 1963 2544 2033 temporale
2557 1963 2777 2033 quidem
2806 1962 3020 2017 initium
3043 1964 3204 2018 habet
3221 1980 3398 2033 neque
3426 1965 3613 2021 tinem.

2029 2054 2206 2110 Omne
2232 2071 2366 2110 vero
2418 2056 2566 2125 quod
2594 2055 3072 2126 enhypostaticum
3113 2064 3220 2120 est,
3254 2072 3435 2127 neque
3475 2067 3618 2111 tem-

2033 2143 2216 2212 porale
2243 2143 2409 2197 habet
2437 2143 2652 2198 initium
2684 2145 2765 2198 vel
2799 2145 2982 2207 linem,
3015 2144 3090 2209 id,
3125 2145 3371 2214 inquam,
3401 2146 3616 2200 increa-

2031 2243 2144 2290 tum
2179 2245 2341 2291 estet
2395 2236 2682 2290 infectum.
2724 2236 3072 2306 Comperilur
3121 2238 3326 2306 itaque,
3377 2236 3475 2291 Dei
3517 2253 3616 2308 po-

2031 2327 2277 2387 tentiam,
2305 2341 2428 2396 quae
2447 2329 2841 2399 enhypostatos
2857 2337 2912 2382 et
2931 2327 3170 2383 Verbum
3196 2338 3360 2399 atque
3383 2329 3617 2399 Sapien-

2031 2418 2104 2471 tia
2164 2432 2194 2470 a
2250 2417 2451 2473 divinis
2508 2417 2807 2488 Scripturis
2872 2419 3079 2488 liquido
3134 2421 3457 2488 appellatur,
3496 2436 3619 2476 esse

2032 2509 2334 2563 increatam
2369 2517 2538 2579 atque
2571 2509 2852 2565 infectam.
2889 2509 3047 2576 Quod
3081 2519 3264 2566 autem
3299 2512 3612 2567 increatum

2034 2600 2408 2672 infectumque
2448 2610 2555 2668 est,
2581 2603 2637 2657 id
2666 2616 2991 2658 communes
3017 2617 3236 2673 quoque
3267 2603 3520 2659 notiones
3547 2604 3616 2658 de

2031 2692 2142 2746 alio
2171 2693 2394 2749 nemine
2425 2709 2592 2764 quam
2639 2693 2707 2748 de
2741 2692 2855 2748 Deo
2888 2691 3074 2748 dicere
3097 2693 3296 2748 solent.
3323 2693 3468 2762 Ergo
3521 2693 3614 2748 Dei

2029 2786 2270 2854 potentia
2301 2801 2424 2855 quae
2446 2793 2503 2839 et
2531 2783 2770 2841 Verbum
2802 2793 2858 2840 et
2877 2783 3154 2854 Sapientia
3179 2785 3353 2853 ipsius
3392 2787 3614 2847 dicitur,

2029 2885 2084 2931 et
2132 2890 2164 2930 a
2215 2876 2424 2931 nostris
2465 2873 2640 2943 Filius
2682 2875 3006 2946 appellatur,
3045 2874 3190 2930 Deus
3219 2892 3381 2932 verus
3417 2887 3520 2942 est,
3559 2887 3616 2932 et

2028 2981 2126 3038 per
2139 2966 2328 3022 omnia
2355 2967 2555 3021 similis
2581 2967 2694 3022 Deo
2714 2967 2859 3022 Patri
2883 2984 2898 3032 ;
2939 2978 2995 3021 et
3017 2983 3048 3022 a
3071 2967 3289 3023 cunctis
3311 2975 3461 3023 recte
3483 2983 3613 3024 sen-

2029 3053 2290 3110 tientibus
2311 3054 2644 3110 Christianis
2661 3054 2902 3109 creditur
2921 3068 2985 3108 ac
3006 3063 3308 3124 reputatur.
3331 3053 3492 3110 Nunc
3521 3070 3614 3110 er-

2029 3160 2119 3216 go,
2144 3145 2288 3215 quod
2306 3143 2401 3200 Dei
2425 3144 2745 3214 potentiam,
2765 3158 2872 3213 qua
2892 3145 2939 3199 is
2959 3143 3163 3199 dicitur
3185 3154 3401 3214 potens,
3429 3154 3484 3200 et
3507 3160 3612 3214 qua

1945 3237 1990 3298 C
2025 3235 2156 3304 agit,
2171 3243 2227 3290 et
2241 3236 2360 3291 sine
2375 3249 2482 3305 qna
2510 3235 2644 3289 nihil
2665 3234 2775 3304 agit
2800 3234 2956 3298 Deus,
2977 3249 3158 3289 sermo
3178 3242 3427 3289 nosteret
3445 3233 3612 3288 Deum

2023 3343 2173 3393 esse,
2197 3338 2252 3382 et
2291 3327 2402 3382 Deo
2427 3325 2576 3380 Patri
2613 3325 3132 3382 consubstantialem
3160 3334 3326 3395 atque
3359 3326 3616 3394 homoge-

2028 3433 2186 3473 neam
2209 3417 2446 3474 evidenti
2470 3417 2936 3473 demonstratione
2969 3416 3290 3480 ostenderit,
3308 3417 3488 3485 palam
3510 3424 3616 3470 est.

2098 3509 2186 3565 10.
2218 3510 2374 3576 Quod
2406 3525 2533 3563 vero
2559 3509 2749 3563 eadem
2790 3517 2844 3561 et
2877 3506 2970 3561 Dei
2992 3504 3163 3562 Filius
3191 3506 3264 3561 sit
3285 3515 3340 3561 et
3381 3505 3617 3561 Verbum

2027 3611 2191 3672 atque
2222 3599 2525 3671 Sapientia,
2558 3600 2816 3669 quodque
2841 3613 2964 3652 eam
2986 3599 3112 3666 jure
3160 3597 3470 3668 meritoque
3518 3612 3619 3652 nos

2025 3693 2324 3748 Christiani
2381 3692 2743 3747 conﬁteamur
2786 3700 2951 3759 atque
3015 3688 3340 3754 credamus,
3386 3689 3470 3743 sic
3499 3688 3616 3744 fere

2030 3784 2378 3839 manifestum
2411 3785 2522 3838 tiet.
2568 3782 2734 3848 Deus,
2771 3781 3046 3852 siquidem
3083 3796 3246 3836 verus
3270 3779 3415 3835 Deus
3450 3789 3506 3834 et
3535 3780 3619 3834 di-

2027 3880 2172 3934 citur
2199 3885 2362 3947 atque
2387 3876 2631 3931 creditur
2667 3884 2721 3930 et
2750 3876 2819 3928 ab
2849 3874 3106 3928 omnibus
3131 3884 3279 3928 recte
3331 3872 3619 3928 sentienti-

2028 3969 2131 4024 bus
2163 3967 2494 4039 gloriﬁcatur
2526 3976 2582 4022 et
2618 3965 2964 4037 praedicatur,
3008 3963 3176 4029 Deus,
3225 3964 3471 4033 inquam,
3528 3964 3616 4017 vel

2028 4075 2095 4115 ex
2128 4060 2216 4115 his
2242 4074 2363 4129 qua:
2389 4067 2520 4112 sunt
2549 4055 2850 4112 secundum
2901 4055 3104 4124 ipsum,
3147 4053 3199 4108 id
3257 4061 3363 4118 est,
3393 4067 3459 4108 ex
3495 4053 3614 4122 ejus

2029 4153 2360 4216 substantia,
2390 4150 2759 4219 cognoscitur,
2796 4160 3070 4217 quatenus
3108 4163 3176 4201 ex
3211 4146 3298 4202 his
3341 4146 3615 4215 glorilica-

2032 4255 2139 4307 tur,
2169 4243 2498 4313 praedicatur
2521 4241 2832 4296 etcreditur
2863 4239 3011 4310 quod
3045 4240 3118 4294 sit
3156 4257 3173 4306 ;
3211 4240 3296 4294 vel
3335 4240 3514 4308 potius
3544 4255 3613 4293 ex

2029 4337 2097 4392 iis
2129 4351 2252 4406 quae
2281 4334 2621 4402 circaipsum
2659 4341 2809 4399 sunt,
2841 4333 2892 4386 id
2921 4341 3026 4399 est,
3068 4348 3136 4387 ex
3171 4333 3440 4388 creaturis
3471 4333 3609 4401 ejus.

1959 4467 1999 4520 D
2034 4429 2140 4485 Sed
2171 4429 2316 4484 enim
2345 4443 2413 4482 ex
2438 4429 2524 4482 his
2547 4442 2671 4496 qum
2698 4427 2998 4480 secundum
3027 4426 3205 4495 ipsum
3235 4433 3384 4488 sunt,
3419 4423 3471 4477 id
3504 4435 3608 4484 est,

2031 4540 2097 4577 ex
2125 4523 2244 4592 ejus
2283 4523 2610 4584 substantia,
2665 4520 2840 4588 ipsum
2894 4519 3170 4587 cognosci,
3218 4518 3321 4571 hoc
3349 4518 3613 4585 angelicis

2025 4629 2247 4685 quoque
2285 4613 2580 4667 virtutibus
2604 4611 2942 4682 impossibile
2982 4625 3126 4673 esse,
3163 4612 3364 4664 nedum
3401 4615 3614 4663 naturae

2029 4707 2302 4769 humanae,
2341 4704 2422 4757 vel
2451 4717 2774 4758 communes
2803 4702 3056 4756 notiones
3078 4702 3213 4756 satis
3249 4716 3349 4755 nos
3389 4701 3609 4754 docent.

2022 4799 2159 4853 Nam
2188 4798 2350 4864 Deus,
2377 4796 2525 4867 quod
2568 4799 2763 4851 attinet
2820 4798 2886 4850 ad
2925 4810 3038 4850 sua:
3077 4794 3402 4850 substantiae
3442 4795 3610 4848 ratio-

2025 4905 2172 4954 nem,
2208 4888 2619 4943 inuominabilis
2652 4896 2756 4951 est,
2813 4885 3138 4952 ineil‘abilis,
3185 4894 3239 4938 et
3281 4897 3609 4954 anonymus,

2028 4990 2089 5037 ut
2135 4982 2338 5036 divinae
2363 4996 2582 5051 quoque
2627 4979 2930 5049 Scriptura:
2955 4988 3011 5032 et
3064 4989 3387 5032 communes
3428 4976 3610 5028 nouo-

2025 5088 2124 5128 nes
2167 5073 2384 5126 tradunt
2428 5090 2440 5126 :
2480 5071 2637 5140 cujus
2675 5070 2754 5124 rei
2803 5083 3154 5139 perspicuum
3203 5077 3610 5136 argumentum,

2025 5165 2071 5220 si
2107 5165 2231 5232 quis
2256 5164 2420 5229 volet,
2457 5172 2662 5226 cernet,
2692 5163 2839 5232 quod
2882 5176 3076 5232 nempe
3132 5161 3339 5214 nullum
3393 5176 3459 5213 ex
3489 5159 3610 5227 ejus

2026 5257 2347 5311 nominibus
2388 5255 2752 5311 substantiam
2796 5254 3042 5323 ejusdem
3086 5252 3421 5307 manifestat.
3472 5249 3606 5302 Nam

2029 5350 2243 5416 singula
2271 5349 2496 5402 nomina
2521 5363 2643 5417 quae
2690 5363 2718 5399 a
2773 5346 2928 5401 nobis
2961 5347 3290 5400 adhibentur
3335 5343 3492 5412 quasi
3540 5343 3608 5394 ad

2028 5440 2269 5494 divinam
2301 5448 2552 5492 naturam
2600 5437 2878 5497 ducentia,
2924 5438 3202 5506 propriam
3259 5433 3608 5501 unumquod-

2028 5550 2136 5602 que
2198 5533 2400 5587 habent
2466 5531 2765 5586 involutam
2831 5530 3161 5594 n0tionem;
3210 5541 3382 5594 neque
3439 5525 3608 5578 ullum

2028 5624 2330 5696 co.uperies
2355 5624 2475 5679 sine
2523 5624 2756 5691 quadam
2814 5621 3012 5675 mentis
3065 5618 3394 5688 cogitatione
3449 5629 3611 5670 voca-

2031 5718 2239 5781 bulum,
2281 5717 2419 5768 inter
2452 5715 2574 5768 illas
2607 5729 2729 5779 qua:
2758 5712 2931 5780 magis
2971 5710 3141 5763 Deum
3195 5709 3390 5764 decent
3437 5705 3612 5762 deno-

2032 5808 2389 5862 minationes.
2427 5804 2483 5858 Si
2541 5819 2672 5872 ergo
2723 5801 2876 5855 illum
2907 5816 2972 5854 ex
3030 5797 3248 5869 propria
3305 5799 3612 5853 substantia

3137 5890 3213 5952 22
