4064 6402
523 395 638 458 683

1795 391 2088 452 NICET/E
2124 389 2493 452 ΒΥΖΑΝἸἾΝ
2503 392 2527 450 Ι

3689 389 3801 457 684

531 519 888 575 cognoscere,
927 501 1263 572 impossibile
1315 512 1418 567 est,
1479 512 1535 556 ut
1593 501 1854 562 diximus,
1898 509 2112 555 constat

2218 500 2535 569 κτισμάτων
2566 498 2846 566 ἀναλόγως
2875 502 2903 553 6
2934 501 3314 572 γενεσιουργὸς
3349 501 3680 572 γνωρίζεται
3702 520 3715 533 ·
3749 504 3799 556 εί

529 599 675 668 quod
734 614 800 651 es
843 597 910 650 iis
955 610 1074 664 qua:
1112 596 1255 650 circa
1315 595 1492 664 ipsum
1574 603 1722 660 sunt,
1783 605 2117 661 cognoscen-

531 689 638 744 dus
666 688 761 753 sit,
794 687 955 743 sicuti
987 693 1168 741 rectus
1235 687 1454 755 quidam
1518 694 1696 739 textos
1753 683 2008 751 patefacit
2050 684 2110 738 λε

530 795 766 849 namque
793 794 859 833 e-x
899 779 1270 849 magnitudine
1297 788 1351 833 et
1392 777 1790 846 pulchritudine
1841 785 2119 830 creatura-

529 883 651 920 rum
697 875 1062 936 congruentcr
1096 876 1310 922 creator
1358 867 1691 936 agnoscitur.
1734 867 1890 918 Certe
1922 866 1967 920 si
2015 865 2118 919 hoc

531 959 733 1026 aliquis
765 958 988 1012 minime
1019 958 1301 1021 concedat,
1351 958 1516 1010 Deum
1551 971 1618 1010 ex
1647 957 1889 1011 externis
1928 956 2114 1022 rebus,

533 1049 584 1103 id
616 1057 721 1114 est,
747 1049 969 1112 nostris,
987 1047 1208 1118 agnosci
1239 1063 1253 1112 ;
1284 1046 1722 1115 quandoquidem
1743 1061 1808 1100 ex
1835 1045 1902 1100 iis
1923 1060 2044 1114 quae
2062 1045 2117 1100 in

533 1141 706 1208 ipsius
736 1150 929 1194 natura
948 1138 1309 1195 suntmiuime
1333 1153 1458 1192 eum
1495 1139 1899 1208 cognoscimus;
1925 1152 2116 1192 neces-

532 1233 679 1287 sario
699 1239 1144 1298 consequeretur,
1167 1240 1222 1283 ut
1243 1245 1344 1285 nos
1363 1231 1414 1283 in
1432 1245 1646 1285 summa
1672 1229 1764 1284 Dei
1781 1230 2119 1301 ignoratione

531 1334 878 1375 versaremur
909 1338 923 1386 ;
955 1320 1100 1390 quod
1133 1329 1217 1374 est
1244 1319 1564 1374 absurdum.
1590 1320 1646 1374 Si
1679 1336 1812 1392 ergo
1848 1336 1916 1376 ex
1953 1323 2118 1377 rebus

529 1411 732 1465 nostris
765 1413 1112 1480 cognoscitur
1149 1410 1323 1475 Deus,
1387 1413 1505 1466 sine
1555 1411 1723 1465 dubio
1749 1428 1817 1466 ex
1859 1413 1944 1468 his
1996 1428 2119 1484 qua!

533 1506 589 1559 in
622 1503 779 1556 nobis
817 1512 944 1556 sunt
969 1503 1177 1570 potiora
1203 1511 1259 1555 et
1309 1503 1662 1557 honoratiora
1699 1504 1876 1573 ipsum
1909 1504 2118 1559 descri-

526 1591 716 1645 bimus
746 1630 762 1654 ,
811 1592 1019 1660 absque
1073 1591 1304 1644 omnino
1363 1592 1429 1646 iis
1455 1608 1577 1660 quze
1624 1593 1782 1647 nobis
1817 1594 2117 1649 accidentia

526 1691 656 1735 sunt
682 1699 696 1736 :
733 1685 846 1736 haec
874 1683 1019 1737 enim
1047 1698 1077 1735 a
1109 1681 1496 1738 Deiattributis
1522 1684 1882 1741 excludimus.
1912 1685 2116 1752 Quam-

526 1773 714 1826 obrem
780 1788 904 1842 qum
959 1783 1088 1827 sunt
1152 1775 1354 1842 optima
1407 1775 1459 1828 in
1533 1776 1734 1841 nobis,
1783 1791 1848 1830 ea
1911 1777 1979 1831 de
2023 1778 2116 1832 illo

519 1863 902 1927 aflirmamus,
955 1864 1039 1918 vel
1099 1865 1279 1933 potius
1347 1865 1529 1919 omnia
1584 1866 1653 1921 de
1703 1881 1768 1920 eo
1821 1881 2105 1937 negamus.
2145 1853 2184 1910 Β

2219 593 2325 663 γάρ
2346 594 2439 646 καὶ
2467 593 2628 646 τοῦτο
2655 593 2715 645 ού
2733 592 2850 662 δοίη
2869 609 2953 656 τις
2973 593 3034 646 τὸ
3061 596 3127 646 ὲκ
3151 595 3262 648 τῶν
3285 595 3414 666 περὶ
3435 594 3620 659 αὐτὸν,
3641 611 3801 647 τουτ-

2217 684 2364 737 έστιν
2408 685 2474 736 ὲκ
2501 683 2612 736 τῶν
2658 687 2718 738 ὲν
2747 685 2879 754 ἡμῖν
2897 726 2914 752 ,
2948 684 3315 753 γινώσκεσθαι
3336 725 3351 751 ,
3380 687 3546 739 αὐτὸν
3572 686 3632 739 δὲ
3658 687 3800 740 κατὰ

2216 772 2308 826 τὸν
2339 775 2440 842 τῆς
2471 773 2659 838 οὐσίας
2697 773 2854 843 λόγον
2893 773 3148 828 οὐδέποτε
3177 774 3500 844 ἐγνώκαμεν
3525 815 3542 841 ,
3579 774 3797 842 ἀνάγκη

2219 865 2276 917 ὲν
2319 865 2576 918 παντελεῖ
2602 865 2845 936 ἀγνωσία
2874 867 3022 936 ἡμᾶς
3063 867 3160 919 τοῦ
3209 864 3347 920 Θεοῦ
3382 865 3753 920 καθίστασθαι
3774 905 3790 928 ,

2217 956 2354 1026 ὅπερ
2383 957 2531 1009 ιστὶν
2563 958 2783 1014 ἄτοπον.
2822 959 2884 1010 Et
2917 954 3010 1011 οὖν
3047 959 3112 1011 ἐκ
3141 958 3250 1012 τῶν
3280 961 3338 1011 ὲν
3365 959 3498 1028 ἡμῖν
3524 957 3800 1024 ἔγνωσται

2217 1047 2245 1098 6
2273 1045 2429 1110 Θεὸς,
2457 1046 2694 1115 φανερὸν
2737 1046 2823 1099 ὃτι
2853 1047 2916 1098 ὲκ
2953 1046 3064 1098 τῶν
3105 1045 3550 1114 ἀξιολογωτέρων
3578 1045 3674 1096 καὶ
3715 1060 3801 1095 τι⁴

2221 1137 2506 1208 μιωτιρων
2547 1137 2678 1207 ἡμῖν
2713 1137 2874 1190 αὐτὸν
2909 1137 3307 1208 διαγράφομεν,
3340 1137 3470 1190 ἀνευ
3516 1134 3628 1188 τῶν
3656 1150 3801 1203 συμ-

2219 1231 2511 1284 ϐαινόντων
2542 1231 2674 1300 ἡμῖν
2719 1231 3175 1298 συμπτωμάτων*
3206 1227 3379 1282 ταῦτα
3419 1229 3528 1297 γάρ
3571 1225 3801 1289 ὑπεξαι-

2221 1323 2424 1395 ροῦμεν
2459 1324 2568 1377 ἀπὸ
2586 1323 2696 1378 τῶν
2722 1326 2813 1377 ἐπὶ
2841 1323 2978 1376 Θεοῦ
3003 1321 3313 1392 λεγομένων
3335 1336 3348 1348 ·
3380 1321 3464 1372 διὸ
3487 1319 3582 1372 καί⁹
3614 1319 3799 1378 πάσας

2217 1415 2381 1468 αὑτὸν
2412 1415 2522 1468 τῶν
2563 1418 2619 1468 ἐν
2653 1417 2786 1486 ἡμῖν
2817 1415 3140 1486 κρειττόνων
3181 1413 3281 1476 τάς
3323 1413 3660 1478 καταφάσεις
3692 1427 3801 1463 κα-

2217 1507 2569 1576 ταφάσκομεν
2589 1551 2603 1574 ,
2636 1511 2732 1561 καὶ
2765 1510 2948 1570 πάσας
2981 1506 3164 1560 αὐτῶν
3204 1503 3541 1576 κυριώτερον
3581 1505 3803 1570 ἀποφάο

2220 1613 2456 1667 σκομενο
2511 1600 2606 1652 καὶ
2656 1599 2715 1652 οὐ
2763 1598 3079 1670 μαχομένας
3131 1597 3230 1661 τὰς
3283 1596 3624 1664 καταφάσεις
3675 1596 3802 1656 ταῖς

2217 1689 2558 1759 ἀποφάσεσιν
2587 1691 2846 1762 οίόμεθα’
2879 1693 2940 1744 οὐ
2971 1691 3081 1760 γὰρ
3113 1691 3177 1743 ὲκ
3211 1689 3320 1743 τῶν
3347 1687 3528 1741 αὐτῶν
3557 1686 3803 1756 ἀμφότεο

2222 1795 2312 1847 ραι
2334 1781 2649 1852 ἐλήφθησαν
2666 1799 2679 1812 ο
2718 1785 2812 1835 καὶ
2842 1782 2928 1836 ἵνα
2960 1779 3135 1851 σαφὴς
3162 1781 3294 1851 ἡμῖν
3315 1780 3344 1833 6
3364 1779 3521 1846 λόγος
3543 1777 3798 1848 γένηται,

2214 1864 2317 1923 ὧδέ
2347 1889 2464 1936 πως
2491 1872 2604 1944 ἐρῶ
2620 1890 2633 1904 ·

522 1951 712 2023 Neque
760 1953 1155 2009 affirmationes
1233 1969 1537 2026 repugnare
1605 1959 1942 2014 arbitramur
2017 1961 2399 2032 negatiouibus
2431 2004 2447 2031 ,
2486 1965 2614 2035 quia
2669 1981 2776 2020 non
2855 1981 2919 2020 ex
2970 1964 3158 2019 iisdem
3223 1963 3396 2018 amba
3481 1967 3796 2016 sumuntur.

524 2047 704 2116 Atque
728 2057 785 2102 ut
808 2047 1008 2102 clarior
1039 2063 1222 2103 sermo
1260 2060 1445 2104 noster
1482 2051 1596 2114 ﬁat,
1638 2053 1719 2108 sic
1747 2053 1961 2124 loquar.

597 2142 686 2194 Η.
724 2140 780 2195 In
815 2143 974 2197 nobis
1023 2143 1240 2212 quidem
1272 2145 1441 2199 multa
1473 2161 1537 2200 ac
1599 2147 1812 2203 diversa
1849 2157 1998 2215 sunt,
2051 2159 2106 2204 et

521 2246 646 2298 qua:
673 2233 954 2286 contrario
979 2233 1146 2288 veluti
1172 2249 1337 2290 sensu
1357 2237 1700 2306 accipiuntur
1729 2255 1742 2292 :
1769 2239 1874 2293 alia
1909 2254 2105 2310 nempe

521 2323 768 2392 digniora
794 2339 858 2378 ac
896 2323 1137 2389 meliora,
1184 2326 1291 2380 alia
1350 2341 1482 2383 vero
1539 2330 1860 2386 deteriorem
1912 2333 2104 2386 condi-

522 2413 726 2466 tionem
759 2413 1036 2470 habentia.
1068 2415 1198 2470 Sine
1227 2415 1397 2472 dubio
1427 2417 1610 2488 itaque
1636 2435 1764 2474 cum
1804 2435 1868 2475 ex
1900 2422 2106 2478 nostris

521 2503 800 2558 attribtttis
827 2504 897 2558 ad
929 2503 1024 2560 Dei
1069 2506 1317 2562 notitiam
1368 2510 1472 2563 iter
1512 2509 1767 2576 facimus,
1800 2514 2104 2568 secundum

523 2595 748 2648 meliora
785 2605 970 2650 nostra
1037 2596 1202 2652 Deum
1262 2599 1630 2656 describimus
1667 2617 1734 2657 ac
1789 2604 2101 2660 definimus.

514 2685 659 2751 Quia
682 2701 810 2755 ergo
837 2687 890 2740 in
917 2689 1074 2744 nobis
1106 2689 1198 2744 lux
1222 2700 1306 2746 est
1337 2706 1402 2746 ac
1424 2693 1662 2748 tenebrae
1687 2735 1701 2759 ,
1720 2695 1826 2748 vita
1843 2710 1908 2750 ac
1934 2711 2104 2763 mors,

524 2777 828 2830 mortalitas
885 2786 941 2830 et
999 2777 1402 2844 immortalitas,
1441 2781 1655 2850 justitia
1701 2792 1757 2837 et
1803 2784 2106 2854 iniquitas;

519 2867 707 2934 priora
743 2867 963 2936 quidem
1005 2869 1058 2921 in
1116 2871 1435 2926 melioribus
1476 2887 1507 2926 a
1560 2874 1718 2927 nobis
1751 2876 2106 2945 collocantur,

523 2960 694 3014 veluti
732 2963 862 3024 vita,
891 2973 1055 3030 atque
1097 2963 1501 3029 immortalitas,
1551 2964 1782 3034 justitia,
1812 2967 2057 3025 cltarilas
2087 2986 2104 3036 ;

514 3053 824 3123 posteriora
865 3064 1047 3108 autem
1075 3054 1128 3107 in
1151 3053 1534 3119 deterioribus,
1569 3057 1735 3111 veluti
1767 3075 1936 3123 mors,
1963 3075 2109 3116 mor.
2134 3053 2179 3076 ’³

524 3143 737 3203 talitas,
781 3143 1059 3213 iniquitas,
1117 3144 1324 3200 odium.
1394 3145 1564 3202 Porro
1619 3149 1956 3218 exploratum
2001 3161 2107 3216 εει,

522 3235 689 3288 vitam
716 3243 772 3289 et
813 3237 1300 3300 imtnortaiitatem,
1351 3237 1621 3306 justitiam
1652 3249 1709 3293 et
1755 3242 2101 3308 charitatem,

515 3334 577 3381 et
599 3341 720 3396 qua?
757 3325 842 3379 his
865 3339 995 3380 sunt
1051 3338 1438 3394 consentanea,
1463 3330 1578 3384 haec
1609 3346 1638 3384 a
1680 3332 1836 3386 nobis
1865 3332 1974 3386 Deo
2025 3342 2112 3388 at-

517 3417 714 3481 tribui,
747 3427 802 3472 et
838 3419 922 3473 his
953 3419 1125 3487 ipsum
1165 3435 1194 3471 a
1235 3419 1394 3474 nobis
1441 3422 1674 3478 describi
1733 3439 1796 3476 ac
1849 3423 2106 3496 deliniri;

517 3510 639 3562 into
667 3509 713 3563 si
773 3510 948 3578 magis
995 3509 1211 3579 proprie
1253 3511 1581 3580 loquendum
1628 3523 1732 3576 est,
1769 3523 1954 3568 nostra
1996 3515 2112 3568 hzec

525 3603 580 3656 in
634 3616 701 3656 eo
752 3616 876 3656 esse
913 3616 1195 3671 negamus.
1247 3600 1456 3656 Etenim
1521 3602 1660 3657 Deus
1709 3619 1874 3673 supra
1933 3606 2109 3661 lucem

511 3705 628 3756 est,
657 3707 821 3762 supra
852 3695 1338 3759 immortalitatem,
1357 3710 1519 3764 supra
1537 3697 1829 3764 justitiam,
1861 3709 1916 3752 et
1944 3698 2109 3768 quid-

511 3784 652 3854 quid
716 3783 1032 3852 hujusmodi
1061 3793 1164 3840 est.
1226 3787 1434 3842 Pariter
1464 3789 1516 3842 iu
1551 3791 1709 3846 nobis
1749 3802 1834 3847 est
1855 3791 2008 3847 visus
2057 3802 2112 3848 et

519 3876 737 3930 caecitas
769 3892 783 3941 ;
814 3876 1018 3930 scilicet
1067 3879 1272 3933 omissa
1325 3887 1586 3949 etee'statc,
1645 3883 1812 3938 Deum
1875 3885 2110 3941 dicimus

523 3965 934 4035 impassihiliter
1001 3966 1264 4022 visualem
1299 3987 1312 4037 ;
1349 3971 1400 4026 id
1447 3985 1529 4030 est
1573 4013 1589 4036 ,
1621 3975 1831 4045 absque
1882 3977 1951 4032 iis
1988 3991 2110 4046 qua:

519 4066 721 4110 nostra!
762 4056 1020 4112 accidunt
1073 4059 1270 4115 visuali
1317 4063 1365 4114 vi
1401 4079 1567 4126 ;nam
1603 4065 1655 4118 in
1709 4068 1922 4122 cunctis
1967 4067 2108 4122 Detts

515 4157 606 4200 est
637 4147 1017 4216 impassihilis.
1051 4150 1279 4208 Etiamsi
1313 4157 1458 4208 enim
1511 4157 1626 4210 haec
1654 4161 1854 4229 scripta
1885 4161 2110 4214 minime

521 4235 844 4299 habeamus,
875 4238 960 4292 his
991 4239 1350 4298 nihilominus
1389 4245 1632 4315 vestigiis
1667 4245 1836 4300 Deum
1881 4246 2106 4317 indaga-

523 4344 665 4382 mus.
698 4328 875 4398 Atqne
911 4331 1011 4396 ita,
1061 4333 1188 4401 quia
1250 4335 1302 4387 in
1363 4336 1520 4390 nobis
1568 4336 1870 4393 fecunditas
1911 4347 2000 4394 est
2044 4352 2109 4393 ac

527 4417 930 4483 infecunditas,
991 4423 1272 4491 generatio
1339 4434 1392 4478 et
1435 4426 1719 4490 sterilitas,
1764 4425 2108 4482 fructificatio

511 4521 576 4564 et
613 4511 1023 4566 inl‘rnctuositas
1056 4531 1070 4579 ;
1111 4515 1332 4568 meliora
1369 4517 1586 4584 quidem
1657 4529 1787 4572 sunt
1831 4519 2111 4590 generatio

521 4610 576 4654 et
623 4599 925 4657 fecunditas
951 4634 970 4666 ι
1015 4603 1341 4672 germinatio
1383 4615 1438 4660 et
1485 4607 1569 4660 his
1601 4607 1800 4660 similia
1855 4625 1884 4678 :_
1925 4607 2108 4676 pejora

527 4703 733 4757 autem,
786 4691 1191 4761 iufcruuditas,
1255 4697 1536 4760 sterilitas,
1578 4697 2027 4762 infructuosius,
2055 4708 2110 4754 et

519 4785 938 4854 germinationis
968 4788 1207 4858 negatio.
1245 4787 1418 4842 Deum
1480 4805 1611 4844 vero
1658 4790 1978 4846 melioribus
2007 4791 2106 4846 de-

521 4876 820 4932 scribimus
849 4892 914 4932 ac
959 4877 1287 4944 definimus,
1323 4881 1532 4950 absque
1577 4881 1644 4938 iis
1673 4898 1795 4952 qua:
1847 4882 1902 4936 in
1953 4883 2107 4940 nobis

523 4977 654 5022 sunt
691 4967 1017 5035 accidentia,
1059 4970 1422 5036 utvdiximus;
1487 4973 1537 5026 id
1581 4982 1667 5028 est
1711 4973 2105 5042 indubitanter,

527 5059 594 5112 iis
642 5073 766 5128 qua:
823 5059 1254 5130 generationem,
1311 5061 1706 5120 fecunditatem
1760 5063 2107 5133 fructumque

534 5151 736 5204 habent
787 5160 844 5205 et
885 5151 972 5205 bis
1005 5150 1301 5208 similibus.
1343 5152 1464 5209 Jam
1489 5154 1535 5208 si
1589 5157 1641 5209 in
1671 5155 1759 5210 his
1815 5156 2104 5224 quisquam

508 5241 834 5306 contendet,
866 5241 1186 5298 contendam
1217 5255 1272 5299 et
1315 5260 1439 5314 ego,
1481 5261 1676 5316 nempe
1707 5257 1936 5301 mortem
1995 5247 2104 5297 vita

520 5346 650 5387 esse
672 5331 978 5396 meliorem,
1011 5334 1265 5390 tenebras
1298 5336 1418 5391 luce
1444 5353 1458 5402 ;
1483 5337 1630 5406 quod
1663 5345 1750 5393 est
1791 5337 2102 5392 ridiculum.

516 5421 711 5488 Quare
742 5433 960 5479 constat
992 5425 1161 5481 Deum
1186 5442 1314 5484 esse
1351 5427 1645 5484 fecundum
1689 5439 1746 5484 et
1774 5427 1931 5483 Verbi
1961 5429 2108 5496 geni-

522 5512 721 5568 tivum.
754 5511 918 5569 Extra
949 5517 1092 5572 enim
1123 5533 1343 5574 onmem
1393 5520 1819 5575 controversiam
1856 5530 1942 5574 est
2008 5534 2105 5588 po-

516 5603 720 5660 δῖοι-ειη
761 5621 883 5662 esse
931 5611 1222 5677 genitivam
1278 5612 1388 5666 vim
1437 5627 1601 5681 quam
1661 5611 1997 5668 sterilitatem
2051 5621 2105 5666 et

594 5781 619 5816 ³
644 5781 813 5839 Rom.
839 5802 881 5850 ι,
901 5784 993 5841 20.

2285 2147 2375 2202 ια’.
2417 2149 2508 2202 Ἐν
2533 2149 2668 2218 ἡμῖν
2697 2147 2796 2218 μὲν
2825 2145 3038 2200 πολλῶν
3064 2145 3160 2198 καὶ⁵
3193 2142 3468 2215 διαφόρων
3496 2141 3590 2195 καί
3625 2141 3797 2194 τινῶν

2211 2259 2330 2304 πως
2354 2241 2748 2310 ἀντικειμένως
2772 2237 3219 2308 λαμδανομὲνων,
3243 2237 3337 2288 καὶ
3364 2235 3473 2286 τῶν
3497 2234 3599 2304 μὲν
3625 2233 3793 2298 ἀξιω-

2212 2333 2387 2404 τέρων
2429 2349 2488 2384 τε
2535 2331 2628 2384 καὶ
2673 2329 2998 2401 κρειττόνων
3048 2327 3237 2391 δντων,
3281 2325 3391 2378 τῶν
3437 2323 3494 2377 δὲ
3534 2323 3634 2394 τὴν
3682 2322 3795 2374 τῶν

2212 2423 2472 2494 χειρόνων
2514 2423 2710 2493 μοῖραν
2747 2420 3011 2490 ἑχόντων,
3045 2416 3276 2488 φανερὸν
3311 2415 3578 2486 δήπουθεν
3616 2415 3694 2468 δτ⁹
3723 2414 3794 2466 ἀν

2211 2517 2277 2568 ὲκ
2298 2513 2410 2568 τῶν
2439 2516 2497 2567 ὲν
2521 2512 2655 2583 ἡμίν
2676 2514 2811 2582 πρὸς
2837 2509 3204 2581 χειραγωγίαν
3232 2508 3372 2562 Θεοῦ
3399 2505 3790 2576 ποδηγώμεθα,

2211 2607 2276 2658 ὲκ
2306 2604 2417 2658 τῶν
2449 2606 2776 2675 κρειττόνων
2807 2605 2938 2673 ἡμῖν
2969 2602 3064 2656 καὶ
3094 2600 3438 2672 τιμιωτέρων
3474 2599 3638 2653 αὐτὸν
3671 2597 3790 2650 δια-

2210 2695 2498 2766 γράφομέν
2523 2712 2584 2748 τε
2608 2695 2705 2748 καὶ
2739 2695 3188 2764 καταφάσκομεν.
3221 2693 3282 2745 Εἰ
3310 2687 3405 2746 οὗν
3438 2693 3496 2744 ὲν
3520 2693 3651 2760 ἡμῖν
3672 2692 3790 2742 ἐστι

2211 2788 2326 2857 φῶς
2359 2787 2454 2840 καὶ
2501 2786 2727 2852 σκότος,
2776 2786 2891 2856 ζωὴ
2933 2786 3028 2838 καὶ
3083 2784 3347 2847 θάνατος,
3387 2783 3657 2853 θνητότης
3688 2783 3782 2834 καὶ

2209 2879 2479 2934 ἀθανασία
2498 2919 2514 2946 ,
2551 2879 2867 2949 δικαιοσύνη
2904 2895 2964 2931 τε
2993 2878 3088 2931 καὶ
3116 2877 3301 2931 ἀδικία
3319 2891 3334 2907 ⁸
3376 2877 3472 2928 καὶ
3499 2874 3567 2928 τά
3607 2874 3705 2942 μὲν
3727 2873 3786 2924 ὲν

2211 2973 2277 3041 τῇ
2308 2969 2420 3024 τῶν
2450 2969 2780 3042 κρειττόνων
2815 2969 2980 3039 μοίρῃ.
3002 2969 3281 3032 τέτακται,
3317 2961 3428 3020 οἷον
3457 2967 3570 3035 ζωή
3602 2982 3660 3018 τε
3690 2963 3786 3017 καὶ

2209 3061 2500 3124 ἀθανασία,
2531 3059 2845 3130 δικαιοσύνη
2875 3077 2936 3112 τε
2963 3060 3056 3113 καὶ
3076 3060 3264 3128 ἀγάπη
3291 3073 3304 3086 ’
3329 3057 3396 3110 τά
3422 3057 3479 3110 δὲ
3501 3058 3560 3109 ὲν
3585 3057 3651 3126 τῇ
3678 3054 3788 3107 τῶν

2209 3151 2508 3222 χειρόνων,
2551 3147 2663 3205 οἷον
2717 3151 2965 3217 θάνατος,
2996 3151 3294 3222 θνητότης,
3351 3149 3538 3202 ἀδικία
3573 3165 3633 3201 τε
3691 3146 3786 3200 καὶ

2209 3241 2400 3312 ἔχθρα,
2437 3225 2674 3311 φανερὸν
2699 3241 2780 3293 ὅτι
2818 3241 2963 3310 ζωήν
2998 3255 3058 3291 τε
3089 3240 3184 3291 καὶ
3223 3236 3548 3300 ἀθανασίαν,
3579 3233 3785 3287 δικαιο-

2211 3333 2379 3404 σύνην
2418 3350 2480 3386 τε
2510 3333 2606 3386 καὶ
2649 3331 2872 3400 ἀγάπην
2896 3371 2912 3396 ,
2964 3332 3058 3383 καὶ
3091 3331 3193 3383 ὅσα
3235 3327 3449 3390 τούτιις
3493 3325 3782 3394 σύστοιχα,

2207 3425 2384 3479 ταῦτα
2403 3424 2480 3494 τῷ
2508 3422 2628 3493 Θεῷ
2647 3422 2998 3493 ἀνατίθεμεν,
3025 3421 3120 3474 καὶ
3139 3419 3226 3474 διά
3252 3421 3456 3474 τούτων
3479 3417 3640 3472 αὐτὸν
3663 3417 3781 3470 δια-

2211 3516 2498 3588 γράφομεν
2542 3533 2604 3568 τε
2645 3515 2742 3569 καὶ
2787 3514 3216 3583 καταφάσκομεν
3242 3530 3255 3544 ·
3305 3515 3399 3566 καὶ
3450 3511 3786 3583 κυριώτερον

2209 3610 2424 3672 εἰπεῖν,
2473 3607 2648 3660 ταῦτα
2693 3605 2755 3670 te
2800 3605 2969 3659 αὐτοῦ
3008 3605 3432 3674 ἀποφάσκομεν·
3469 3605 3565 3657 καὶ
3613 3603 3722 3672 γὰρ
3756 3603 3787 3653 6

2208 3699 2340 3762 Θεός
2365 3701 2516 3752 ἐστιν
2535 3697 2678 3768 ὑπὲρ
2706 3696 2851 3766 φῶς,
2885 3697 3027 3767 ὑπὲρ
3055 3696 3376 3759 ἀθανασίαν,
3412 3694 3552 3766 ὑπὲρ
3576 3693 3784 3748 δικαιο-

2211 3791 2396 3859 σύνην,
2425 3790 2521 3843 καὶ
2540 3789 2642 3843 ὅσα
2665 3787 2875 3850 τούτοις
2895 3789 3057 3854 ὅμοια
3079 3804 3093 3817 ·
3115 3785 3379 3848 ὡσαύτως
3401 3784 3550 3837 ἐστιν
3573 3785 3633 3836 ὲν
3655 3783 3786 3852 ἡμῖν

2207 3883 2398 3952 ὅρασις
2431 3883 2526 3934 καὶ
2573 3879 2882 3948 τύφλωσιςο
2933 3878 3033 3950 τὴν
3078 3877 3354 3948 τύφλωσιν
3387 3875 3649 3945 ἀφέντες,
3697 3874 3788 3928 τὸν

2206 3973 2340 4027 Θεὸν
2378 3973 2648 4043 φήσοιμεν
2675 3971 2938 4042 ὁρατικὸν
2973 3969 3223 4035 ἀπαθῶς,
3265 3969 3386 4038 ἦτοι
3431 3967 3562 4022 ἀνευ
3586 3966 3696 4020 τῶν
3727 3967 3789 4021 ὲν

2207 4065 2338 4133 ἡμῖν
2377 4060 2788 4130 συμϐαινόντων
2820 4058 3166 4129 παθημάτων
3191 4059 3260 4128 τῇ
3291 4057 3481 4129 δράσει
3505 4071 3518 4086 ·
3560 4057 3620 4110 ἐν
3654 4055 3789 4108 πᾶσι

2207 4155 2314 4226 γάρ
2345 4156 2494 4208 ἔστιν
2521 4154 2550 4206 6
2573 4151 2710 4216 Θεὸς
2734 4151 2982 4221 ἀπαθήςο
3016 4150 3068 4204 εί
3089 4149 3199 4220 γὰρ
3227 4149 3324 4203 καὶ
3349 4147 3620 4219 μηδέποτε
3648 4147 3790 4217 Γρα-

2208 4247 2313 4316 φὴν
2340 4242 2661 4315 ἐδεξάμεθα,
2701 4245 2816 4306 τοῖς
2840 4243 3106 4305 τοιούτοις
3139 4240 3310 4310 ῐχνεσί
3343 4257 3404 4292 τε
3441 4239 3536 4292 καὶ
3565 4237 3790 4308 τρόποις

2209 4335 2303 4390 τὸν
2335 4335 2468 4389 Θεὸν
2499 4333 2913 4406 ίχνηλατοῦμεν.
2955 4332 3110 4384 Ἐπεὶ
3129 4330 3220 4386 οὖν
3241 4333 3301 4384 ὲν
3328 4333 3461 4401 ἡμῖν
3489 4329 3603 4382 ἔστι
3637 4328 3786 4394 γόνιο

2215 4427 2316 4494 μόν
2346 4443 2406 4478 τε
2441 4427 2534 4480 καὶ
2564 4425 2778 4494 ἄγονον,
2810 4421 3064 4492 γέννησίς
3087 4439 3148 4475 τε
3182 4423 3274 4475 καὶ
3307 4423 3608 4491 στείρωσις,
3642 4432 3788 4486 καρ-

2212 4517 2312 4580 πός
2354 4533 2414 4570 τε
2459 4517 2551 4570 καὶ
2595 4515 2879 4581 ἀκαρπία,
2931 4513 3226 4584 βλάστησίς
3269 4528 3331 4564 τε
3367 4512 3464 4564 καὶ
3500 4510 3536 4580 ἡ
3577 4505 3793 4578 ταύτης

2211 4609 2501 4678 στέρησις·
2539 4606 2636 4660 καὶ
2679 4606 2748 4659 τά
2797 4607 2895 4676 μὲν
2932 4605 3255 4674 κρείττονα,
3285 4598 3400 4657 οἷον
3429 4600 3681 4670 γέννησίς
3727 4615 3792 4652 τε

2210 4697 2306 4752 καὶ
2335 4697 2580 4766 γόνιμον,
2613 4695 2908 4765 βλάστησίς
2932 4712 2992 4746 τε
3015 4695 3108 4748 καὶ
3133 4694 3234 4746 ὅσα
3261 4690 3471 4754 τούτοις
3494 4691 3656 4759 ὃμοια
3674 4704 3690 4721 '
3716 4687 3790 4741 τὰ

2207 4790 2264 4844 δὲ
2294 4787 2536 4859 χείρονα,
2587 4781 2698 4841 οἷον
2725 4786 2940 4855 ἄγονον,
2992 4785 3300 4856 στείρωσις,
3336 4781 3592 4853 ἀκαρπία
3633 4779 3720 4833 καὶ
3749 4779 3780 4847 ἡ

2208 4879 2307 4948 τῆς
2364 4877 2715 4947 βλαστήσεως
2778 4875 3074 4946 στέρησις·
3107 4875 3196 4929 τὸν
3244 4871 3302 4926 δὲ
3351 4870 3486 4925 Θεὸν
3538 4870 3630 4924 διά
3671 4866 3776 4919 τῶν

2209 4967 2534 5040 κρειττόνων
2575 4969 3002 5038 καταγράφομεν
3039 4968 3136 5021 καὶ
3173 4965 3625 5035 καταφάσκομεν,
3659 4960 3786 5016 ἀνευ

2206 5060 2316 5113 τῶν
2373 5061 2430 5114 ὲν
2460 5061 2591 5130 ἡμῖν
2639 5059 3050 5130 συμϐαινόντων
3101 5056 3552 5128 συμπτωμάτων,
3596 5053 3791 5120 ὥσπερ

2207 5155 2422 5223 ἔφαμεν
2443 5171 2457 5185 ο
2499 5151 2734 5222 φανερὸν
2764 5153 2847 5206 ὃτι
2875 5151 3098 5222 γόνιμον
3130 5151 3380 5222 γέννησιν
3409 5147 3627 5218 ἔχοντα,
3656 5144 3793 5214 βλα-

2210 5245 2365 5311 στὸν,
2399 5244 2611 5314 καρπὸν
2633 5284 2649 5310 ,
2685 5244 2778 5296 καὶ
2817 5243 2885 5297 τὰ
2913 5242 3121 5305 τούτοις
3171 5241 3332 5308 ὃμοια
3380 5237 3694 5309 φησόμεθα.
3727 5233 3797 5286 ΕΞ

2206 5339 2317 5410 γὰρ
2370 5336 2463 5392 καί
2496 5354 2578 5400 τις
2608 5339 2666 5389 ἐν
2719 5335 2926 5399 τούτοις
2987 5333 3361 5404 φιλονεικοίη,
3420 5328 3796 5401 φιλονεικήσω

2207 5427 2398 5497 κάγὼ,
2447 5429 2528 5482 ὅτι
2567 5431 2595 5482 6
2639 5427 2866 5491 θάνατος
2910 5429 3007 5498 τῆς
3057 5426 3204 5498 ζωῆς
3252 5425 3548 5496 κρείττων,
3597 5424 3695 5477 καὶ
3732 5420 3793 5473 τὸ

2208 5521 2399 5584 σκότος
2432 5518 2527 5572 τοῦ
2555 5518 2752 5588 φωτὸς,
2783 5520 2921 5590 ὅπερ
2954 5519 3070 5572 ἐστὶ
3104 5518 3312 5586 γελοῖον
3333 5534 3345 5545 ·
3381 5507 3522 5570 ὦστέ
3555 5511 3794 5583 φανερὸν

2205 5614 2342 5670 ὃτιὸ
2370 5614 2505 5678 Θεὸς
2545 5600 2769 5682 γόνιμός
2796 5613 2856 5665 τέ
2887 5615 3058 5678 ἔστιν,
3090 5613 3182 5664 καὶ
3225 5608 3541 5681 γεννητικὸς
3565 5607 3746 5676 Λόγον
3771 5618 3789 5634 ⁹
