4064 6408
307 393 425 461 685

1502 384 1940 449 REFUTATIO
1968 385 2448 446 MOHAMEDIS.

3508 387 3614 448 686

323 507 510 578 πάσης
543 504 655 576 γὰρ
686 504 999 573 ἀντιλογίας
1030 502 1331 574 ἀργούσης,
1363 501 1688 574 τιμιώτερον
1730 503 1764 570 ἡ
1791 502 1918 570 γέν-

2025 500 2543 556 infructuositatem.
2582 501 2737 568 Quod
2771 503 2816 556 si
2859 502 2931 556 ita
2964 517 3022 556 se
3047 503 3232 564 habet,
3259 504 3611 572 perspicuum

317 615 485 670 νησις
520 595 617 666 τῆς
661 593 1003 665 στειρώσεως
1055 593 1151 645 καὶ
1183 592 1464 662 ἀκαρπίας
1493 607 1505 621 ·
1539 592 1589 644 εί
1618 591 1673 644 δὲ
1719 590 1915 654 τοῦτο,

322 688 559 762 φανερόν
580 689 664 741 ὅτι
685 689 713 740 ό
735 686 868 749 Θεὸς
901 684 1028 738 Υίὸν
1053 683 1168 754 ἔχει
1187 699 1201 712 ·
1227 682 1474 754 ἔστιγὰρ
1497 680 1919 750 συλλογίσασθαι

327 784 523 844 οὕτως’

407 871 499 941 ιβ’.
527 870 629 922 Τὸν
657 868 792 922 Θεὸν
812 870 875 922 ὲκ
903 869 1012 922 τῶν
1045 870 1103 922 ἐν
1133 871 1269 941 ἡμῖν
1302 869 1630 940 κρειττόνων
1665 882 1916 935 γεννητι-

323 963 420 1018 κόν
451 979 512 1015 τε
560 965 655 1015 καὶ
683 962 910 1030 γόνιμον
948 960 1317 1031 βλαστάνοντα
1362 957 1658 1030 προσφυῶς
1687 955 1916 1025 διαγρά-

321 1071 497 1125 φομεν
523 1071 536 1084 ο
572 1056 680 1109 πᾶν
709 1053 767 1107 δὲ
793 1053 853 1106 τὸ
889 1052 1063 1115 οὕτως
1089 1052 1231 1121 ἔχον,
1258 1051 1394 1121 πρὸς
1427 1050 1540 1103 υἱὸν
1629 1047 1856 1118 βλαστὸν
1882 1045 1914 1116 ἢ

318 1147 534 1218 καρπὸν
567 1147 600 1217 ἢ
630 1145 787 1214 γόνον
821 1145 922 1215 τὴν
953 1145 1234 1214 ἀναφορὰν
1269 1144 1412 1213 ἔχει’
1446 1143 1744 1210 συνάγεται
1783 1140 1912 1210 ἄρα,

316 1240 404 1292 ὅτι
431 1241 460 1292 6
479 1238 612 1301 Θεὸς
637 1236 960 1307 πρεπόντως
987 1236 1052 1287 ἐκ
1071 1235 1178 1288 τῶν
1206 1237 1265 1287 ἐν
1291 1235 1424 1304 ἡμῖν
1444 1230 1910 1302 διαγραφόμενος,

319 1332 452 1385 Υίόν
481 1347 542 1383 τε
574 1330 687 1399 ἔχει
720 1329 838 1400 (καὶ
868 1330 1000 1398 παρ’
1049 1329 1180 1398 ἡμῖν
1232 1325 1411 1390 καλῶς
1463 1324 1787 1379 πιστεύεται
1817 1323 1913 1378 καὶ

315 1420 629 1488 δοξάζεται)
689 1420 781 1473 τὸν
816 1419 875 1485 ἐξ
921 1418 1088 1471 αὑτοῦ
1137 1418 1520 1480 ἐνυποστάτως
1551 1417 1645 1470 καὶ
1683 1416 1911 1481 ἀπαθῶς

318 1515 417 1566 καὶ
451 1511 734 1583 ἀρεύστως
760 1509 1092 1580 γεννηθέντα
1122 1510 1298 1578 Λόγον
1318 1525 1332 1538 ο
1369 1510 1417 1561 εἰ
1447 1509 1504 1561 δὲ
1532 1509 1710 1575 τοῦτο,
1743 1525 1910 1577 φανε-

322 1607 418 1678 ρὸν
448 1606 686 1667 καὶτοῖς
725 1604 984 1675 ἀμυδρῶς
1027 1606 1259 1674 συνορᾷν
1306 1602 1605 1672 ἰσχύουσιν,
1637 1603 1719 1656 ὅτι
1763 1604 1796 1672 ὴ
1827 1601 1912 1654 ὲν-

323 1695 631 1756 υπόστατος
659 1692 889 1763 δύναμις
919 1692 1016 1745 τοῦ
1041 1692 1178 1746 Θεοῦ
1201 1695 1296 1747 καὶ
1321 1693 1515 1762 Σοφία,
1538 1692 1660 1745 καθ’
1691 1692 1761 1762 ἦν
1791 1696 1908 1745 ἐστι

319 1786 573 1850 δυνατὸς,
605 1785 702 1838 καὶ
726 1784 797 1838 δι⁹
833 1781 904 1856 ἦς
937 1787 1102 1851 ποιεῖ,
1139 1785 1233 1838 καὶ
1256 1780 1324 1857 ἧς
1354 1785 1525 1855 χωρὶς
1555 1785 1707 1839 οὐδὲν
1743 1788 1907 1850 ποιεῖ,

2025 602 2112 647 est
2163 593 2333 648 Deum
2369 593 2573 648 habere
2635 592 2858 649 Filium.
2910 591 3001 648 Sic
3035 596 3177 648 enim
3241 597 3614 664 argumentari

2023 684 2168 739 licet.

2094 867 2193 922 12.
2222 867 2392 923 Deum
2425 884 2490 923 ex
2521 871 2609 935 iis,
2644 885 2768 939 qua:
2802 870 2856 924 in
2887 869 3047 924 nobis
3074 875 3200 922 sunt
3236 868 3442 937 potiora
3470 909 3482 932 ,
3522 884 3617 937 ge-

2019 960 2252 1015 nitivum
2297 971 2352 1015 et
2403 961 2694 1017 fecundum
2741 973 2795 1016 et
2853 963 3250 1033 germinantem
3302 975 3443 1026 esse,
3493 973 3618 1028 apte

2019 1050 2311 1106 definimus
2364 1054 2570 1121 :atqui
2625 1062 2824 1106 cuncta
2877 1052 3190 1120 hujusmodi
3245 1049 3509 1104 vocabula
3550 1051 3616 1103 ad

2017 1143 2215 1208 illium,
2265 1152 2360 1198 aut
2407 1160 2649 1221 germen,
2712 1154 2805 1198 aut
2841 1145 3106 1208 fructum,
3143 1153 3242 1198 aut
3303 1144 3616 1214 genituram

2017 1234 2388 1289 referuntur:
2451 1236 2723 1306 colligitur
2797 1251 2927 1307 ergo
2989 1235 3163 1290 Deum
3247 1250 3492 1306 congrue
3551 1250 3616 1287 ex

2017 1326 2222 1380 nostris
2260 1327 2425 1381 rebus
2466 1326 2679 1381 definiri
2741 1327 2988 1390 solitum,
3031 1325 3228 1380 Filium
3266 1341 3486 1395 quoque
3521 1326 3620 1378 lua-

2017 1419 2150 1475 bere
2192 1419 2410 1490 (idque
2473 1435 2504 1474 a
2556 1420 2718 1474 nobis
2771 1429 2918 1475 recte
2976 1418 3123 1473 credi
3146 1427 3200 1472 et
3245 1418 3614 1485 existimari),

2015 1524 2212 1580 nempe
2239 1509 2370 1564 illud
2409 1509 2556 1579 quod
2587 1509 3002 1581 enhypostatice
3024 1519 3079 1564 et
3108 1508 3540 1579 impassibilltcr,
3565 1516 3619 1561 et

2014 1602 2136 1656 sine
2163 1601 2272 1656 ullo
2305 1600 2450 1654 ﬂuxu
2474 1604 2716 1672 genitum
2751 1602 2983 1656 Verbum
3012 1609 3116 1656 est.
3148 1600 3303 1668 Quod
3327 1600 3372 1655 si
3403 1601 3476 1653 ita
3509 1608 3614 1661 est,

2014 1696 2364 1765 perspicuum
2392 1696 2630 1750 metiain
2677 1696 2782 1749 illis
2828 1696 2918 1764 qui
2946 1695 3166 1748 exiliter
3215 1707 3441 1748 cernere
3479 1708 3618 1762 que-

2017 1795 2133 1849 nnt,
2176 1788 2649 1858 enhypostaticam
2685 1785 2776 1840 Dei
2821 1788 3118 1856 potentiam
3184 1795 3348 1854 atque
3394 1784 3615 1853 sapien-

322 1879 394 1947 ἣν
432 1877 529 1930 καὶ
580 1878 608 1930 6
653 1877 816 1946 λόγος
862 1855 1154 1947 όμοούσιον
1196 1855 1290 1949 τῴ-
1315 1877 1436 1948 Θεῴ
1469 1878 1566 1930 καὶ
1599 1879 1778 1948 [la-cpi
1814 1877 1908 1931 καὶ

2024 1877 2172 1943 tiam,
2232 1855 2341 1949 qua
2393 1887 2585 1948 potens
2627 1888 2730 1941 est,
2796 1855 2851 1931 et
2886 1892 2995 1947 qua
3031 1875 3183 1945 agit,
3219 1885 3273 1929 et
3329 1875 3449 1930 sine
3508 1891 3618 1944 qua

321 1970 469 2024 κατά
516 1971 694 2023 πάντα
742 1971 931 2041 ὅμοιον
970 1971 1193 2038 ἔδειξεν,
1236 1973 1404 2043 χωρὶς
1447 1973 1546 2042 τῆς
1585 1973 1914 2043 γεννήσεως,

322 2062 456 2126 Υίός
484 2061 544 2114 τὲ
572 2063 691 2115 ἐστι
720 2063 858 2116 Θεοῦ
891 2065 986 2117 καὶ
1015 2064 1188 2133 Σοφία
1219 2063 1316 2116 καὶ
1337 2064 1532 2132 Λόγος,
1568 2066 1662 2116 καὶ
1689 2063 1916 2126 εἰκότως

321 2151 460 2223 παρ’
494 2152 652 2222 ἡμῶν
701 2153 811 2206 τῶν
855 2154 1207 2224 Χριστιανῶν
1256 2153 1608 2226 ὡμολόγηταί
1661 2153 1770 2227 [τε]
1825 2155 1920 2207 καὶ

321 2247 731 2299 πεπίστευται·
785 2248 835 2300 εί
879 2247 938 2300 δέ
986 2247 1144 2301 τοῦτο
1177 2248 1409 2319 ἀληθὲς,
1443 2247 1636 2318 ῶσπερ
1682 2247 1774 2300 οὖν
1822 2249 1919 2302 καὶ

321 2337 560 2408 ἀληθὲς,
611 2337 687 2401 ὡς
715 2337 1022 2403 δέδεικται,
1076 2339 1255 2409 μάτην
1302 2340 1411 2411 ἀρα
1444 2341 1472 2392 6
1513 2338 1789 2409 βάρϐαρος
1822 2341 1916 2393 καὶ

320 2429 522 2497 ἄλογος
553 2430 797 2500 Μωάμετ
832 2430 983 2501 ἡμᾶς
1015 2432 1074 2484 ἐν
1104 2433 1172 2502 τῇ
1201 2431 1334 2501 παρ’
1367 2429 1530 2483 αὑτοῦ
1571 2431 1919 2501 πλαστογρα-

323 2523 565 2596 φηθείσῃ
603 2523 772 2595 βίϐλῳ
807 2525 883 2587 ὡς
913 2523 1252 2590 κοινωνητάς
1303 2525 1398 2576 καὶ
1431 2523 1749 2594 ἐταιριστὰς
1800 2522 1920 2575 δια-

328 2614 628 2684 κωμῳδεῖ,
661 2615 831 2684 ἦγουν
860 2614 936 2678 ὼς
971 2614 1158 2685 ἓτερον
1202 2614 1337 2666 Θεὸν
1363 2614 1456 2667 τὸν
1500 2614 1627 2667 Υίὸν
1655 2613 1749 2666 τοῦ
1785 2611 1919 2666 Θεοῦ

323 2706 426 2757 καὶ
477 2705 716 2776 Πατρὸς,
767 2705 920 2776 παρὰ
951 2705 1044 2757 τὸν
1076 2705 1172 2758 ἕνα
1203 2705 1299 2758 καὶ
1347 2704 1510 2773 φύσει
1551 2705 1647 2757 καὶ
1690 2702 1920 2774 ἀληθεία

322 2796 484 2862 Θεὸν,
533 2797 736 2864 ἔξωθεν
768 2797 1284 2869 παρεισκρίνοντας.
1340 2798 1404 2850 El
1435 2791 1532 2850 οῦν
1567 2797 1595 2848 ὁ
1641 2795 1801 2862 λόγος
1854 2795 1920 2850 ἐκ

324 2891 527 2950 κοινῶν
581 2891 806 2950 ἐννοιῶν
837 2894 935 2945 καὶ
986 2891 1227 2960 λογικῶν
1259 2891 1501 2960 μεθόδων
1548 2889 1646 2960 τὴν
1691 2888 1921 2957 δύναμιν

323 2983 426 3038 τοῦ
467 2983 632 3048 Θεοῦ,
666 2983 792 3038 καθ’
840 2984 909 3048 ἥν
950 2985 1101 3038 ἐστιν
1146 2984 1222 3046 ὡς
1261 2984 1402 3054 ἔχων
1434 2982 1688 3052 δύναμιν,
1730 2982 1824 3033 καὶ
1853 2980 1921 3033 δι’

321 3072 395 3148 ἧς
426 3077 592 3141 ποιεῖ,
627 3075 725 3129 καὶ
751 3069 820 3147 ἦς
855 3077 1026 3146 χωρὶς
1055 3075 1208 3128 οὐδὲν
1232 3077 1396 3139 ποιεῖ,
1431 3074 1465 3143 ἢ
1495 3074 1588 3126 καὶ
1620 3072 1792 3140 Σοφία
1821 3073 1918 3124 καὶ

329 3168 508 3237 Λόγος
536 3166 631 3222 τοῦ
665 3167 801 3221 Θεοῦ
829 3166 924 3220 καὶ
950 3167 1164 3237 Πατρὸς
1194 3166 1312 3218 ἐστι
1341 3181 1401 3218 τε
1431 3170 1524 3217 καὶ
1553 3163 1798 3231 λέγεται,
1829 3163 1915 3216 ἐν·
1948 3197 1992 3257 c

325 3254 635 3309 υπόστατόν
661 3272 721 3307 τε
755 3256 850 3309 καὶ
881 3254 1172 3325 όμοούσιον
1205 3255 1301 3307 καὶ
1330 3255 1474 3306 κατά
1510 3254 1688 3306 πάντα
1732 3253 1920 3324 ὅμοιον

329 3345 410 3416 τῷ
441 3345 564 3416 Θεῷ
590 3345 686 3400 καὶ
733 3346 934 3417 Πατρὶ,
968 3345 1065 3398 καὶ
1117 3345 1247 3398 Υἱὸν
1279 3346 1379 3416 τὴν
1410 3343 1582 3415 αὐτὴν
1633 3339 1800 3408 εἶναι,
1841 3342 1917 3406 ὡς

327 3439 513 3503 καλῶς
545 3442 677 3511 παρ’
722 3442 859 3511 ἡμῖν
886 3440 1225 3505 πιστεύεται,
1264 3438 1476 3512 τρανῶς
1517 3438 1758 3503 ἔδειξεν·
1800 3439 1922 3509 ἀρι-

327 3529 600 3601 δηλότατα
635 3529 831 3601 πόρρω
871 3545 975 3582 που
1006 3529 1402 3601 ὲξωστρὰκισε,
1438 3528 1533 3580 καὶ
1567 3527 1924 3591 ἀπεσείσατο,

329 3622 430 3676 καὶ
452 3619 668 3691 ψευδεῖς
685 3621 946 3691 ἐνέφηνεν
967 3621 1112 3690 ὑμᾶς
1127 3621 1253 3682 τοὺς
1266 3620 1361 3673 ἐπὶ⁸
1372 3622 1436 3690 τῇ
1461 3619 1680 3688 θεότητι
1702 3619 1763 3671 τὸ
1786 3621 1926 3689 μετὰ

328 3711 393 3766 τὸ
422 3713 622 3768 ἐνιαῖον
666 3713 767 3782 τῆς
801 3713 1040 3781 φύσεως,
1084 3713 1178 3767 καὶ
1210 3711 1274 3764 τὸ
1306 3713 1364 3764 ὲν
1402 3713 1470 3782 τῇ
1506 3710 1728 3781 ἰδιότητι
1761 3711 1924 3781 ἡτουν

329 3805 634 3860 ὑποστάσει
683 3803 1120 3875 ὁμολογοῦνταςσ
1173 3803 1396 3858 καὶτὸν
1433 3803 1654 3874 Πατέρα
1687 3803 1782 3855 καὶ
1832 3807 1925 3855 τὸν

330 3897 463 3952 Υίὸν
490 3897 814 3968 ὀμοουσίους
849 3898 944 3954 καὶ
974 3897 1117 3951 κατά
1140 3898 1324 3952 πάντα
1355 3897 1590 3958 ταυτοὺς
1611 3935 1626 3960 ,
1658 3893 1797 3965 πλὴν
1825 3895 1923 3957 τῆς

327 3991 666 4060 ἀγεννησεας
721 3992 816 4042 καὶ
859 3992 960 4059 τῆς
1006 3990 1315 4061 γεννήσεως
1369 3989 1445 4059 μὴ
1489 3987 1919 4059 προσιεμένους·

327 4085 414 4138 διὸ
465 4082 670 4145 τέλειος
702 4081 770 4136 ἂν
805 4083 938 4151 ἡμῖν
979 4084 1008 4134 ὁ
1048 4082 1208 4149 λόγος
1245 4081 1348 4150 τῆς
1403 4078 1757 4148 κατασκευῆς
1789 4094 1922 4130 κατ-

329 4176 610 4245 εφαίνετο,
662 4173 759 4227 καὶ
788 4172 1002 4234 οὐδενὸς
1039 4171 1292 4239 δεόμενος
1321 4171 1436 4232 τοῖς
1463 4167 1765 4231 ἐθέλουσιν,
1798 4168 1924 4221 ὅσον

328 4267 475 4322 κατὰ
503 4267 564 4320 τὸ
607 4265 834 4320 δυνατὸν
865 4266 930 4318 ἐκ
968 4263 1166 4318 κοινῶν
1196 4279 1256 4316 τε
1287 4260 1509 4315 ἐννοιῶν
1544 4261 1640 4314 καὶ
1673 4259 1924 4328 φυσικῶν

329 4361 772 4433 ἐπιχειρήσεων,
821 4359 932 4414 τῶν
969 4359 1110 4428 ὑπὲρ
1160 4357 1323 4427 φύσιν
1357 4357 1454 4418 τὰς
1485 4355 1788 4419 ἀποδείξεις
1833 4354 1918 4407 δέ·

327 4453 525 4524 χεσθαι
545 4470 561 4484 '
595 4453 677 4505 δτι
697 4452 726 4504 ὁ
752 4451 886 4516 Θεὸς
917 4452 1013 4504 καὶ
1044 4450 1236 4520 Πατὴρ
1261 4449 1375 4519 ἔχει
1403 4447 1533 4502 Υίὸν
1557 4448 1744 4518 ὅμοιον
1768 4446 1921 4516 αὐτῷ

323 4544 474 4599 κατά
511 4544 710 4610 πάντα,
741 4544 912 4615 ὅνπερ
944 4541 1174 4605 ἀπαθῶς
1220 4543 1313 4595 καὶ
1353 4540 1600 4611 ἀχρόνως
1631 4541 1725 4594 καὶ
1753 4539 1915 4611 ἀρεύο

325 4654 472 4700 στως
498 4637 833 4706 γεγέννηκεν
852 4653 868 4669 ·
890 4634 949 4699 ὃς
975 4635 1071 4688 καὶ
1097 4634 1270 4702 Λόγος
1299 4636 1394 4686 καὶ
1419 4633 1588 4700 Σοφία
1615 4632 1711 4686 καὶ
1739 4631 1914 4685 Δύνα-

329 4749 429 4803 μις
484 4732 852 4794 ἐνυπόστατος
882 4728 980 4784 τοῦ
1029 4728 1168 4783 Θεοῦ
1217 4730 1389 4796 ἐστιν,
1420 4727 1514 4781 καὶ
1560 4726 1745 4790 καλῶς
1780 4725 1916 4796 παρ’

322 4825 489 4898 ἡμῶν
516 4822 856 4878 πιστεύεται.

402 5006 494 5080 ιγ’.
549 5009 692 5063 Ἀλλ’
741 5009 864 5062 ἐπεὶ
912 5010 1006 5062 καὶ
1043 5006 1107 5059 τὸ
1160 5003 1391 5076 Πνεῦμα
1437 5003 1499 5057 τὸ
1550 5005 1616 5056 ἐκ
1646 5001 1742 5055 τοῦ
1780 5001 1917 5056 Θεοῦ

324 5107 425 5159 καὶ
459 5104 672 5174 Πατρὸς
699 5101 1157 5174 ἐκπορευόμενον,
1197 5100 1296 5152 καὶ
1330 5097 1429 5151 σὺν
1455 5096 1569 5167 Υίῷ
1591 5095 1685 5149 τὸν
1713 5093 1918 5165 κόσμον

326 5195 632 5264 ζωογονοῦν
671 5195 767 5248 καὶ
823 5191 1165 5246 ἀναπλάττον
1217 5190 1314 5243 καὶ
1365 5188 1505 5258 πρὸς
1561 5186 1660 5257 τὴν
1708 5184 1919 5256 ἀμείνω

327 5287 479 5358 ζωὴν
504 5285 968 5359 μεταστοιχειοῦν,
1002 5283 1242 5354 όμοφυὲς
1269 5282 1331 5334 τὲ
1360 5283 1476 5333 ἐστι
1509 5281 1606 5332 καὶ
1633 5277 1920 5349 ὁμοούσιον

324 5381 408 5454 τῷ
433 5383 611 5454 Πατρὶ
639 5379 833 5449 καὶτῷ
857 5379 969 5449 Υίῷ
992 5378 1086 5431 καὶ
1109 5377 1378 5447 ἰσότιμον,
1409 5375 1508 5444 τῆς
1533 5374 1658 5443 μιᾶς
1685 5370 1919 5442 ἀληθοῦς

328 5475 595 5545 Θεότητος
629 5472 730 5546 μία
779 5473 1078 5535 ὑπόστασις
1119 5469 1399 5538 πεφυκόςο
1431 5465 1556 5519 καθ’
1600 5464 1630 5517 ὸ
1657 5465 1753 5516 καὶ
1786 5464 1919 5532 παρ’

327 5568 489 5640 ἡμῶν
545 5567 653 5622 τῶν
714 5564 1058 5637 Χριστιανῶν
1112 5561 1298 5625 καλῶς
1346 5557 1666 5613 πιστεύεταί
1717 5573 1778 5609 τε
1827 5558 1921 5609 καὶ

331 5661 666 5731 κηρύττεται
692 5675 706 5688 ⁸
747 5658 880 5731 φέρε
908 5659 1004 5711 καὶ
1037 5657 1168 5728 περὶ
1205 5653 1418 5708 ἐκείνου
1451 5651 1542 5705 τὸν
1575 5649 1924 5719 λόγον’ποιή-

333 5771 521 5824 σομαι,
555 5751 649 5807 καὶ
679 5753 777 5815 τὰς
808 5751 1126 5815 ἀποδείξεις
1147 5747 1347 5820 μᾶλλον
1382 5748 1446 5799 ἐκ
1475 5743 1670 5798 κοινῶν
1698 5739 1922 5794 ἐννοιῶν

334 5848 780 5919 παραστήσομαι,
815 5846 909 5899 καὶ
952 5847 1014 5897 ἐκ
1055 5843 1349 5915 Γραφικῶν
1383 5841 1633 5911 ῥήσεωνς
1665 5836 1730 5889 ἵν’
1762 5837 1791 5889 6
1817 5835 1917 5904 τῆς

2021 1975 2156 2028 nihil
2186 1974 2332 2044 agit,
2364 1987 2527 2042 quam
2581 1971 2746 2027 etiam
2777 1986 2961 2026 sermo
3000 1978 3190 2023 noster
3246 1969 3620 2023 consubstan-

2020 2066 2204 2120 tialem
2233 2065 2340 2119 Deo
2363 2062 2532 2126 Patri,
2555 2070 2610 2118 et
2643 2068 2740 2134 per
2767 2063 2952 2117 omnia
2988 2059 3226 2115 similem
3274 2059 3622 2112 dcmonstra~

2021 2159 2122 2223 vit,
2174 2165 2404 2226 excepta
2464 2156 2856 2226 generatione,
2911 2153 3112 2207 Filium
3171 2167 3292 2207 esse
3327 2150 3421 2205 Dei
3459 2160 3624 2221 atque

2022 2247 2356 2318 Sapientiam
2402 2255 2457 2302 et
2486 2245 2748 2308 Verbum,
2775 2246 2939 2314 idq‘ue
2976 2245 3171 2297 merito
3205 2259 3306 2296 nos
3349 2242 3618 2296 Clu-istia-

2025 2357 2128 2396 nos
2160 2339 2407 2396 contiteri
2444 2346 2498 2393 et
2529 2339 2772 2392 credere.
2795 2334 2918 2389 'Jam
2949 2335 2992 2388 si
3033 2335 3133 2388 hoc
3167 2347 3352 2388 verum
3385 2343 3488 2396 est,
3517 2347 3619 2384 ceu

2023 2447 2216 2502 reapse
2275 2447 2464 2485 verum
2502 2431 2934 2485 demonstratum
2977 2435 3062 2481 cst
3095 2445 3110 2493 ;
3139 2435 3343 2480 temere
3393 2440 3622 2495 prorsus

2023 2525 2296 2579 barbarus
2328 2522 2670 2592 stolidusque
2709 2519 3060 2574 Mebamedes
3088 2559 3102 2582 ,
3145 2518 3197 2571 in
3236 2533 3336 2572 suo
3379 2517 3518 2571 falso
3550 2518 3620 2570 li-

2023 2616 2122 2670 bro
2154 2629 2254 2670 nos
2310 2622 2572 2684 tanquam
2642 2610 3109 2666 communicarios
3162 2619 3218 2662 et
3280 2610 3620 2665 associantes

2025 2709 2217 2763 irridet
2251 2746 2266 2772 ,
2299 2707 2456 2776 quasi
2489 2705 2659 2760 Deum
2691 2705 2883 2769 alium,
2908 2701 3003 2757 Dei
3036 2701 3211 2756 Patris
3235 2700 3456 2765 Filium,
3478 2717 3618 2772 prae-

2023 2811 2106 2856 ter
2171 2815 2341 2854 unum
2397 2799 2704 2854 naturalem
2764 2812 3001 2866 vereque
3046 2795 3240 2860 Deum,
3272 2795 3621 2849 extrinsecus

2024 2894 2371 2949 invehamus.
2410 2892 2467 2946 Si
2493 2907 2624 2961 ergo
2651 2905 2833 2946 sermo
2866 2897 3058 2943 noster
3108 2902 3176 2943 ex
3229 2889 3621 2943 communibus

2025 2986 2346 3040 notionibus
2386 2985 2690 3054 logicisque
2714 2981 3009 3045 methodis,
3042 2980 3134 3033 Dei
3167 2982 3487 3050 potentiam,
3511 2996 3621 3050 qua

2026 3087 2217 3146 potens
2249 3085 2352 3137 est,
2381 3086 2436 3130 et
2458 3091 2566 3145 qua
2605 3076 2735 3144 agit,
2771 3083 2826 3128 et
2859 3072 2980 3128 sine
3035 3087 3142 3142 qua
3173 3071 3309 3126 nihil
3338 3073 3467 3141 agit,
3500 3085 3622 3141 quae

2024 3170 2189 3225 etiam
2225 3169 2506 3239 Sapientia
2556 3166 2908 3236 Verbumque
2945 3164 3040 3220 Dei
3065 3164 3248 3220 Patris
3281 3174 3365 3219 est
3395 3180 3457 3218 ac
3487 3165 3623 3219 dici-

2031 3273 2141 3328 tur,
2173 3261 2647 3333 enhypostaticam
2671 3267 2724 3315 et
2753 3256 3275 3314 consubstantialem
3301 3265 3356 3311 et
3377 3272 3472 3325 per
3501 3271 3622 3312 om-

2029 3353 2120 3407 nia
2151 3351 2388 3407 similem
2422 3351 2533 3406 Deo
2558 3351 2728 3414 Patri,
2757 3349 3118 3418 eamdemque
3145 3361 3268 3403 esse
3311 3345 3535 3412 Filium,
3561 3359 3623 3401 ut

2029 3445 2166 3498 bene
2205 3458 2236 3496 a
2265 3442 2427 3496 nobis
2451 3441 2696 3495 creditur
2729 3456 2745 3506 ;
2777 3439 2824 3495 si
2861 3439 2998 3506 haec,
3034 3439 3258 3508 inquam
3283 3478 3299 3504 ,
3340 3438 3618 3494 sermonis

2031 3535 2202 3590 nostri
2233 3535 2408 3590 series
2430 3533 2610 3590 lucide
2640 3531 3058 3595 demonstravit,
3098 3531 3474 3591 indubitanter
3511 3530 3620 3586 'vos

2029 3627 2221 3697 procul
2259 3626 2437 3697 abegit
2481 3625 2839 3695 dispulitque,
2895 3622 3294 3692 mendacesque
3355 3623 3620 3692 coarguit,

2029 3720 2123 3789 qui
2149 3719 2279 3772 dum
2339 3725 2535 3788 praater
2588 3727 2801 3772 natura:
2863 3715 3130 3771 unitatem
3165 3757 3181 3782 ,
3233 3716 3620 3785 proprietatem

2027 3827 2248 3881 quoque
2265 3812 2378 3865 sive
2403 3811 2740 3881 hypostasim
2759 3808 3094 3864 conﬁtemini
3113 3848 3127 3872 ,
3152 3809 3366 3863 Patrem
3390 3807 3620 3862 Filium-

2028 3919 2138 3974 que
2166 3903 2684 3967 consubstantiales,
2714 3909 2768 3954 et
2800 3916 2896 3970 per
2929 3901 3112 3954 omnia
3163 3900 3388 3954 eosdem
3412 3940 3426 3961 ,
3457 3915 3621 3955 exce-

2027 4005 2116 4066 pta
2154 3994 2496 4049 iunativitate
2531 4003 2586 4047 et
2618 3991 2988 4064 generatione,
3020 4006 3132 4045 non
3181 3992 3445 4061 recipitis.
3482 3993 3622 4047 Pro-

2027 4099 2212 4159 pterea
2250 4087 2408 4143 nobis
2451 4087 2670 4156 quidem
2700 4085 2984 4139 videbatur
3029 4082 3301 4153 perfectus
3330 4098 3622 4154 argumen-

2026 4181 2251 4235 tationis
2295 4190 2498 4234 nostra:
2528 4193 2733 4240 sermo,
2763 4185 2817 4230 et
2848 4175 3116 4245 siquidem
3168 4175 3218 4228 hi
3274 4175 3489 4236 vellent,
3543 4176 3620 4228 ni-

2027 4276 2103 4329 hil
2128 4272 2551 4329 desideraudum
2589 4271 2898 4339 relinquere
2925 4285 2941 4335 ;
2972 4277 3244 4337 quatenus
3275 4283 3340 4320 ex
3371 4281 3619 4320 commu-

2025 4367 2190 4421 nibus
2231 4363 2544 4420 notiOuibus
2594 4360 2944 4432 physicisque
2984 4359 3344 4427 argumentis,
3383 4373 3471 4412 res
3497 4373 3621 4426 qua:

2025 4471 2192 4526 supra
2243 4463 2496 4509 naturam
2539 4462 2688 4516 sunt,
2729 4449 3252 4507 demonstrationem
3288 4448 3567 4518 patiuntur
3602 4469 3613 4500 :

2021 4567 2218 4624 nempe
2244 4552 2390 4622 quod
2437 4549 2578 4604 Deus
2608 4549 2770 4602 Pater
2807 4543 3006 4600 Filium
3057 4545 3218 4599 habet
3243 4543 3473 4598 similem
3515 4543 3617 4596 sibi

2017 4659 2118 4716 per
2146 4643 2373 4708 omnia;
2420 4656 2582 4713 quem
2639 4638 3051 4709 impassibiliter
3087 4645 3143 4690 et
3189 4634 3622 4704 intemporaliter

2018 4750 2073 4794 et
2093 4738 2210 4794 sine
2242 4737 2354 4792 ullo
2384 4732 2763 4804 lluxu,genuit
2787 4747 2802 4792 ;
2827 4729 2920 4800 qui
2957 4738 3010 4784 et
3035 4726 3274 4782 Verbum
3301 4736 3356 4780 et
3388 4723 3618 4794 Sapien-

2021 4829 2092 4885 tia
2138 4837 2194 4885 et
2248 4827 2496 4884 Potentia
2557 4821 2973 4895 enhypostatica
3025 4819 3121 4876 Dei
3148 4830 3252 4886 est,
3295 4827 3550 4888 recteque
3588 4836 3619 4871 a

2021 4926 2184 4981 nobis
2213 4921 2475 4978 creditur.

2095 5015 2184 5070 i5.
2221 5012 2327 5069 Sed
2350 5011 2480 5082 quia
2525 5008 2760 5080 Spiritus
2792 5021 3031 5078 quoque,
3065 5004 3157 5075 qui
3217 5019 3246 5057 a
3279 5002 3393 5057 Deo
3455 5000 3621 5058 Patre

2023 5104 2291 5178 procedit,
2341 5113 2396 5155 et
2427 5115 2550 5154 cum
2575 5097 2716 5152 Filio
2753 5098 3020 5151 mundum
3077 5094 3319 5149 viviﬁcat
3349 5101 3406 5146 et
3446 5091 3622 5144 refor-

2025 5207 2156 5257 mat,
2179 5204 2230 5248 et
2256 5194 2321 5247 ad
2356 5193 2635 5243 meliorem
2670 5187 2835 5241 vitam
2862 5191 3214 5259 transmutat,
3247 5183 3622 5250 bomogenens

2022 5296 2106 5341 est
2136 5296 2190 5339 et
2217 5279 2706 5339 consubstantialis
2754 5277 2903 5331 Patri
2943 5292 3008 5332 ae
3049 5275 3190 5330 Filio
3246 5283 3303 5329 et
3335 5285 3490 5340 aeque
3517 5272 3620 5322 ho-

2024 5375 2308 5439 norabilis,
2371 5372 2534 5425 unius
2561 5385 2705 5425 verte
2749 5369 2974 5425 Deitatis
3037 5379 3267 5436 persona
3319 5359 3621 5431 singularis

2023 5467 2320 5524 exsistens,
2346 5464 2540 5517 sicula
2581 5461 2742 5516 nobis
2776 5457 3111 5515 Christianis
3172 5465 3321 5512 recte
3376 5451 3621 5506 creditur

2025 5574 2090 5613 ac
2130 5556 2499 5626 praedicatur;
2546 5553 2728 5622 agesis
2769 5552 2838 5605 de
2896 5550 2993 5603 illo
3026 5561 3250 5617 quoque
3306 5556 3622 5598 sermonem

2023 5648 2332 5711 instituam,
2368 5645 2482 5698 imo
2512 5644 2695 5712 potius
2719 5639 3220 5696 demonstrationes
3255 5651 3321 5691 ex
3370 5648 3622 5700 cominu-

2027 5741 2192 5797 nibus
2243 5739 2558 5794 notionibus
2614 5735 2905 5796 exhibebo,
2965 5746 3180 5788 necnon
3215 5745 3282 5785 ex
3321 5726 3625 5798 Scriptura:

2033 5831 2403 5899 testimoniis,
2445 5840 2504 5888 ut
2549 5830 2673 5885 ιὶἀιιὶ
2707 5829 2953 5884 det-trina
2995 5826 3061 5880 de
3111 5831 3302 5880 sancta
3355 5819 3624 5874 Trinitste
