4064 6424
501 400 609 465 687

1778 399 2071 459 ΝΙΕΕΤίΕ
2111 398 2516 459 ΒΥΖΑΝΤΙΝΙ

3676 400 3789 463 688

507 510 811 568 secundum
862 508 1249 579 proprietates,
1281 508 1334 564 id
1373 518 1479 572 est,
1535 524 1797 579 personas
1849 510 2096 563 unicam-

2214 508 2363 577 Εγίας
2392 509 2622 581 Τριάδος
2646 508 2785 563 κατᾶ
2811 510 2909 573 τὰς
2936 511 3203 579 ἰδιότητας
3231 514 3394 584 ῆτουν
3428 515 3762 579 ὑποστάσεις

504 620 617 673 que
644 603 987 657 divinitatem
1047 618 1112 657 ac
1159 602 1591 658 dominationem
1647 612 1700 656 et
1762 610 2090 671 potestatem

509 704 675 764 atque
704 695 1107 761 monarchiam,
1143 704 1291 749 sarta
1317 704 1569 764 tectaque
1599 696 1691 760 sit,
1730 706 1782 748 et
1817 709 1847 748 a
1874 695 2095 748 nemine

509 788 738 843 alterius
796 787 919 843 tidei
982 788 1206 842 homine
1259 789 1572 857 repellatur.
1626 786 1899 854 Quoniam
1968 785 2093 839 ﬁdei

507 878 780 933 evidentis
824 878 982 934 nubis
1017 880 1188 934 instar
1222 892 1307 933 est
1369 876 1749 933 communium
1801 877 2091 931 nationum

509 984 680 1031 usus;
712 983 905 1038 praeter
931 970 1078 1025 hunc
1118 978 1326 1031 autent,
1356 967 1749 1037 prophetarum
1806 966 2096 1035 inspiratto

510 1078 548 1116 -a
579 1063 769 1117 divino
842 1063 1048 1132 Spiritu
1089 1060 1514 1132 suppeditatur,
1581 1073 1757 1129 eaque
1808 1056 2098 1114 manifeste

506 1157 684 1213 JIOltiS
715 1164 935 1210 enarrat
992 1154 1160 1209 Deum
1185 1168 1351 1207 omne
1378 1161 1624 1208 creatum
1655 1164 1995 1206 conservare
2034 1165 2099 1206 ac

508 1254 724 1313 fovere,
754 1249 1053 1313 viviticare,
1082 1257 1135 1301 ct
1159 1246 1378 1301 divinos
1432 1244 1746 1307 instinctus,
1795 1244 2100 1299 charisma-

505 1356 631 1398 .tum
661 1342 841 1395 varias
883 1341 1124 1394 rationes
1158 1347 1213 1392 et
1234 1336 1704 1393 sanctitlcatioues
1755 1336 1939 1407 dignis
1962 1350 2099 1406 prte-

517 1437 669 1499 bcre,
700 1435 843 1488 sicut
876 1444 1054 1485 vcsua
1084 1445 1306 1500 quoque
1332 1430 1607 1499 scriptura
1641 1435 1947 1492 consonat;
2000 1443 2098 1481 ex-

522 1528 799 1595 ploratum
828 1533 914 1578 est
959 1523 1129 1577 Deum
1158 1521 1335 1576 multo
1359 1522 1516 1592 prius
1542 1529 1596 1575 et
1658 1530 1908 1575 sanctum
1952 1534 2099 1585 esse,

512 1628 568 1672 et
598 1633 665 1672 ex
700 1616 885 1671 divina
934 1613 1339 1671 consuetudine
1393 1612 1660 1668 mundum
1724 1611 2005 1668 custodire
2037 1626 2102 1667 ac

505 1708 718 1772 fovere,
746 1717 809 1762 et
829 1706 894 1760 ad
925 1706 1214 1761 meliorum
1268 1719 1483 1759 morum
1525 1703 1895 1759 conditionem
1929 1702 2103 1757 dedu-

509 1814 658 1854 cere.
679 1797 820 1852 Nam
842 1797 888 1853 si
909 1795 1053 1852 forte
1072 1796 1178 1851 hoc
1198 1795 1400 1866 aliquis
1418 1809 1660 1850 vesanus
1686 1809 1792 1848 non
1816 1794 2098 1859 concedat,

2197 603 2293 654 καὶ
2328 601 2429 671 τὴν
2472 601 2601 671 μίαν
2645 600 2880 666 θεότητα
2918 603 3015 654 καὶ
3062 604 3362 674 κυριότητα
3395 605 3491 676 καὶ
3532 605 3796 669 ἐξουσίαν

2197 694 2291 746 καὶ
2325 694 2629 764 μοναρχίαν
2657 695 3005 757 πιστευτικὸς
3029 693 3208 763 λόγος,
3242 696 3457 766 βέϐαιος
3487 699 3583 751 καὶ
3605 700 3794 768 ἀσφα-

2198 783 2294 856 λὴς
2326 786 2436 855 εἴη,
2469 788 2565 838 καὶ
2603 784 2758 856 παρὰ
2793 786 3020 855 μηδενὸς
3052 788 3404 859 ὲτεροπίστου
3443 792 3799 862 παρακρουό-

2200 892 2361 946 μενος
2387 893 2400 908 ·
2433 875 2717 947 ἀρξόμεθα
2754 876 2812 929 δὲ
2842 877 2939 930 καὶ
2969 879 3099 947 περὶ
3132 879 3324 934 τούτου
3360 873 3464 933 ὧδε
3489 899 3503 911 ·
3567 883 3798 950 Ἐπειδὴ

2198 971 2384 1032 πίστις
2414 971 2546 1040 ἡμῖν
2592 968 2832 1040 ἐναργὴς
2880 970 2913 1037 ἡ
2951 970 3062 1022 τῶν
3093 972 3288 1023 κοινῶν
3334 973 3553 1025 ἐννοιῶν
3586 973 3798 1027 ὑποτέ-

2200 1060 2375 1114 θειται
2428 1061 2647 1131 χρῆσις,
2702 1059 2845 1131 ὑπὲρ
2882 1059 2940 1113 δὲ
2975 1061 3181 1130 ταύτης
3238 1064 3273 1133 ἡ
3319 1064 3428 1116 τῶν
3486 1065 3799 1135 προφητῶν

2200 1150 2500 1221 ἐμπνευσις
2553 1151 2644 1204 διὰ
2695 1151 2792 1205 τοῦ
2851 1151 2998 1206 θείου
3053 1153 3376 1224 Πνεύματος
3419 1156 3800 1218 καθίσταται,

2200 1243 2340 1315 αῦτη
2380 1245 2436 1298 δὲ
2464 1245 2654 1315 σαφῶς
2680 1247 2812 1318 ἡμῖν
2845 1246 3177 1316 διαγορεύει,
3209 1248 3293 1301 ὄτι
3321 1249 3351 1302 6
3400 1248 3533 1313 Θεὸς
3560 1250 3663 1320 τὴν
3696 1251 3804 1321 δη-

2202 1336 2496 1407 μιουργίαν
2548 1337 2769 1392 ἅπασαν
2826 1341 3146 1409 φρουρεῖται
3195 1358 3256 1395 τε
3310 1343 3407 1397 καὶ
3457 1344 3801 1407 ὲπιθὰλπει,

2200 1427 2461 1495 ζωογονεί
2499 1446 2560 1482 τε
2606 1430 2703 1483 καὶ⁸
2754 1430 3087 1499 ὲμπνεύσεις
3130 1432 3280 1494 θείας
3313 1435 3408 1487 καὶ
3435 1435 3807 1507 χαρισμάτων

2199 1518 2436 1590 τρόπους
2486 1520 2584 1574 καὶ⁵
2613 1522 2922 1592 ἁγιασμοῦς
2950 1526 3064 1587 τοῖς
3091 1522 3264 1590 ἁξίοις
3302 1526 3555 1597 παρέχει,
3587 1526 3716 1581 καθ’
3763 1528 3807 1581 ἃ

2202 1610 2299 1664 καὶ
2324 1612 2387 1665 τὸ
2411 1611 2681 1685 ὑμέτερον
2711 1614 2949 1685 γράμμα
2980 1617 3192 1686 συνῳδὰ
3224 1617 3434 1682 τούτοις
3465 1619 3806 1689 φθέγγεται.

2203 1704 2439 1773 φανερὸν
2464 1704 2547 1759 ὄτι
2590 1708 2619 1760 6
2645 1705 2779 1771 Θεὸς
2816 1707 2999 1778 πολλῷ
3047 1709 3316 1781 πρότερον
3340 1709 3498 1778 ἁγιός
3548 1711 3668 1765 ἑστι
3698 1713 3809 1766 καὶ

2204 1796 2262 1847 ὲν
2295 1794 2578 1868 ἁγιωσύνῃ
2634 1796 2757 1869 θείᾳ
2786 1798 2878 1852 τὸν
2912 1800 3122 1871 κόσμον
3167 1804 3399 1873 φρουρεί
3423 1818 3483 1855 τε
3524 1804 3619 1858 καὶ
3667 1806 3810 1857 ἐπι-

514 1889 776 1967 ἱεηυευιιι
806 1889 957 1944 οηιηί
987 1896 1262 1944 carentem
1326 1887 1622 1942 sanctitate
1670 1887 1897 1941 diceret.
1944 1884 2096 1952 Quo-

2214 1859 2402 1942 θάλπει
2431 1888 2528 1942 καὶ
2549 1859 2698 1961 ’πρὸς
2732 1859 2837 1962 τὴν
2866 1859 3156 1966 κρείττονα
3180 1859 3481 1966 ’διαγωγὴν
3509 1895 3761 1966 διεξάγει
3787 1911 3808 1931 ο

513 1982 682 2055 modo
712 1991 894 2036 autem
931 1980 1022 2037 ille
1047 1979 1354 2035 volentibus
1406 1979 1665 2034 omnibus
1714 1978 1914 2033 divina
1974 1980 2100 2048 gra-

519 2080 610 2131 tia:
641 2076 864 2130 divitias
893 2074 965 2129 ad
1001 2073 1367 2128 hauriendum
1407 2072 1527 2128 sine
1556 2071 1665 2126 ulla
1725 2071 1809 2126 sui
1836 2071 2099 2124 imminu-

514 2170 664 2225 tione
694 2166 988 2237 proponit?
1022 2180 1146 2221 nam
1176 2166 1221 2221 si
1248 2166 1364 2236 ipse
1408 2164 1699 2221 sanctitate
1728 2173 1898 2227 caret,
1952 2171 2102 2219 certe

514 2275 588 2315 ne
609 2258 974 2314 sanctiﬁcabit
1002 2256 1255 2327 quidem;
1284 2270 1446 2310 nemo
1482 2256 1628 2310 enim
1664 2254 1810 2325 quod
1846 2269 1955 2310 non
2004 2254 2101 2308 ha-

518 2353 611 2405 bet
640 2351 736 2405 dat
781 2349 1073 2419 cuiquam:
1131 2348 1212 2402 vel
1260 2346 1420 2417 cujus
1478 2346 1593 2416 ipse
1642 2348 1717 2400 rei
1781 2353 2103 2416 paupertate

516 2444 755 2506 laborat,
792 2443 983 2496 eadem
1016 2441 1156 2496 alios
1177 2439 1395 2495 ditabit.
1452 2437 1511 2494 Si
1556 2439 1699 2494 Deus
1747 2437 1937 2507 itaque
1993 2452 2103 2493 non

510 2544 603 2591 est
633 2532 942 2590 sanctitatis
986 2530 1286 2601 particeps,
1326 2530 1446 2587 sine
1470 2529 1639 2585 dubio
1683 2536 1940 2584 creatura
1984 2528 2105 2582 uni-

517 2641 679 2684 versa
719 2624 891 2680 multo
919 2624 1093 2694 magis
1143 2622 1522 2679 desertissima
1557 2622 1662 2677 erit
1689 2638 1721 2676 a
1771 2620 1945 2691 gratia
1981 2628 2039 2674 et
2072 2633 2104 2673 a

512 2719 713 2775 divino
749 2732 1002 2774 munere.
1041 2716 1208 2786 Atqui
1250 2723 1502 2772 creatura
1558 2715 1700 2770 haud
1748 2713 1975 2769 omnino
2013 2713 2108 2768 de-

520 2811 773 2868 stituitur
794 2810 967 2882 gratia
996 2821 1049 2864 et
1077 2808 1367 2864 sanetitate
1403 2824 1468 2863 ac
1489 2807 1780 2879 praesidio;
1829 2806 2108 2877 quomodo

508 2906 671 2959 enim
738 2919 900 2959 secus
949 2902 1320 2958 subsisteret?
1378 2903 1562 2972 itaque
1630 2901 1985 2957 manifestum
2025 2908 2111 2955 est

520 2997 702 3059 illum,
738 2995 833 3064 qui
871 2994 984 3048 haec
1015 2993 1227 3057 tribuit,
1270 2994 1322 3048 id
1372 3002 1459 3049 est
1485 2993 1679 3053 Deum.
1731 2991 2111 3048 substantialis

510 3087 834 3143 sanctitatis
867 3087 1043 3141 multo
1068 3101 1190 3142 esse
1215 3086 1538 3157 pleniorem,
1570 3097 1625 3141 et
1653 3102 1779 3141 cum
1818 3086 2112 3142 sanctitate

2202 1980 2251 2032 εἶ
2276 1978 2385 2050 γὰρ
2414 1982 2508 2034 καί
2537 1998 2621 2042 τις
2654 1981 2814 2035 τοῦτο
2843 1984 3126 2053 άφραίνων
3150 1986 3212 2039 οὐ
3240 1985 3381 2055 δοίη,
3404 1987 3498 2040 τὸν
3523 1987 3659 2042 Θεὸν
3685 1992 3804 2061 φή-

2203 2089 2316 2126 σειε
2355 2072 2636 2138 παντελῶς
2669 2075 2999 2146 ἐστερῆσθαι
3048 2076 3364 2147 ἁγιωσύνης
3386 2095 3400 2111 ’
3439 2080 3535 2132 καὶ
3573 2080 3695 2143 πῶς
3725 2082 3806 2135 ἂν

2204 2165 2234 2219 6
2264 2165 2429 2229 αὐτὸς
2455 2168 2567 2230 τοῖς
2594 2164 2843 2220 θέλουσιν
2888 2167 3063 2222 ἁπασι
3108 2169 3204 2222 τὸν
3234 2169 3467 2223 πλοῦτον
3493 2171 3594 2241 τῆς
3639 2171 3807 2234 θείας

2204 2258 2428 2329 χάριτος
2466 2257 2733 2330 ἀρύεσθαι
2782 2259 3157 2330 ἁπροσπαθῶς
3212 2262 3510 2332 ὸντίθησιν,
3560 2263 3719 2335 εἴπερ
3777 2266 3809 2316 6

2207 2350 2371 2415 αὐτὸς
2394 2350 2622 2422 ἄμοιρός
2646 2354 2792 2405 ἐστιν
2819 2353 3107 2426 ἁγιότητος
3126 2371 3143 2419 ;
3164 2355 3227 2408 Ei
3250 2350 3345 2409 οὖν
3378 2356 3540 2419 αὐτὸς
3564 2355 3808 2427 ἄμοιρός

2207 2442 2358 2496 ἐστιν
2383 2443 2694 2513 ἁγιότητος,
2721 2444 2845 2498 οὐδὲ
2872 2446 3093 2513 ἁγιάσει
3117 2462 3131 2476 ·
3160 2446 3313 2502 οὐδὲν
3336 2449 3447 2519 γὰρ
3464 2447 3577 2501 τῶν
3599 2449 3804 2509 ὅντων.

2206 2531 2345 2603 ὅπερ
2371 2532 2432 2585 οὐ
2466 2533 2733 2603 κέκτηται
2760 2536 3020 2608 παράσχῃ
3052 2538 3182 2604 τινὶ,
3219 2539 3316 2591 καὶ
3345 2530 3408 2592 οὗ
3452 2539 3676 2592 πένεται
3704 2538 3805 2592 ἆλ-

2208 2622 2333 2689 λους
2371 2623 2819 2682 καταπλουτίσει.
2853 2629 2915 2681 El
2965 2625 3060 2683 οὖν
3091 2631 3120 2683 6
3168 2630 3305 2694 Θεὸς
3356 2630 3591 2701 ἄμοιρός
3647 2632 3810 2683 ἐστιν

2210 2711 2515 2785 ἁγιότητος,
2565 2714 2725 2785 δῆλον
2774 2717 2859 2770 ὅτι
2909 2720 3003 2772 καὶ
3055 2721 3089 2789 ἡ
3144 2720 3326 2784 κτίσις
3378 2721 3566 2775 ἁπασα
3614 2721 3806 2791 πολλῷ

2214 2803 2418 2877 μᾶλλον
2453 2805 2637 2875 ἐρήμη
2674 2806 2741 2860 ἂν
2773 2808 2858 2879 εἴη
2891 2811 3232 2881 χαρίσματός
3270 2829 3331 2865 τε
3365 2814 3461 2866 καὶ
3498 2813 3643 2867 θείου
3668 2815 3807 2885 τρό-

2209 2912 2317 2950 που
2341 2909 2358 2925 ο
2408 2894 2547 2950 ἁλλὰ
2585 2895 2691 2968 μὴν
2722 2897 2757 2968 η
2789 2898 2969 2962 κτίσις
2998 2899 3058 2951 οὐ
3104 2900 3387 2967 παντελῶς
3430 2902 3615 2975 ἐρήμη
3652 2904 3808 2959 Θείου

2211 2986 2555 3059 χαρίσματος
2587 2990 2683 3043 καὶ
2718 2990 3035 3061 ἁγιωσύνης
3066 2993 3177 3047 -καὶ
3208 2994 3509 3064 ἀσφαλείας
3539 2997 3811 3053 καθίστα-

2212 3094 2343 3132 ταιο
2392 3080 2512 3144 πῶς
2561 3081 2674 3152 γὰρ
2725 3082 2793 3135 ἂν
2838 3083 2934 3138 καὶ
2968 3085 3291 3157 συνείχετο;
3324 3087 3484 3160 δῆλον
3520 3088 3602 3143 ὅτι
3634 3090 3737 3144 καὶ
3782 3093 3813 3144 6

524 3179 794 3235 mundum
827 3178 1154 3249 gubernare.
1185 3178 1241 3232 Si
1266 3193 1398 3250 ergo
1431 3180 1574 3235 Deus
1599 3180 1653 3235 in
1672 3179 1965 3233 sanctitate
1989 3192 2111 3233 ver-

2214 3171 2420 3242 ταύτης
2451 3172 2805 3242 μεταδοτικὸς
2825 3216 2841 3242 ,
2872 3176 3012 3248 ὅπερ
3050 3179 3169 3231 ἐστὶ
3199 3178 3334 3242 Θεὸς
3355 3218 3372 3245 ,
3403 3179 3585 3252 πολλῷ
3635 3182 3806 3235 πλέον

528 3286 664 3326 sans
695 3271 964 3327 mundum
1001 3270 1312 3327 sanctiﬁcat
1351 3281 1408 3327 et
1444 3272 1651 3343 dirigit,
1701 3287 1940 3341 eumque
1963 3271 2114 3326 exsi-

524 3374 761 3421 stentem
790 3365 996 3420 divinis
1035 3364 1493 3435 inspirationibus
1533 3376 1589 3422 et
1622 3367 1895 3422 doctrinis
1945 3373 2113 3436 atque

516 3455 955 3513 cbarismatibus
990 3457 1195 3526 implet,
1256 3465 1406 3526 patet
1461 3472 1587 3512 eum
1635 3457 1757 3512 sine
1821 3457 2116 3511 sanctitate

528 3559 639 3601 non
661 3562 800 3602 esse.
835 3547 1003 3601 l’orro
1030 3562 1192 3601 omne
1218 3549 1363 3616 quod
1397 3548 1748 3603 sanctitatem
1779 3546 1965 3613 habet,
1990 3561 2112 3602 eam

528 3638 614 3691 vel
649 3637 960 3706 adoptivam
995 3637 1159 3693 habet
1182 3637 1266 3692 vel
1293 3638 1617 3693 naturalem.
1653 3636 1773 3691 Jatn
1820 3638 1868 3692 si
1899 3636 2115 3706 adopti-

528 3745 655 3783 vam
687 3728 869 3792 habet,
919 3729 1002 3784 vel
1062 3744 1172 3784 uno
1227 3729 1542 3800 syllogismo
1591 3730 1668 3783 rei
1720 3727 2114 3784 absurditatem

522 3836 867 3891 coanoscere
900 3822 1048 3878 licet.
1093 3822 1235 3877 Deus
1292 3823 1600 3893 adoptivaut
1652 3821 1813 3877 habet
1855 3821 2117 3876 sanctita-

530 3925 640 3970 tem
671 3930 827 3969 suam
857 3923 1024 3985 atque
1057 3913 1474 3984 inspirationem
1512 3912 1694 3982 :atqui
1760 3927 1925 3967 omne
1968 3910 2116 3982 quod

529 4007 607 4062 ita
633 4007 817 4073 habet,
848 4005 1182 4077 proﬁciendo
1206 4004 1525 4077 perﬁcitur:
1551 4004 1900 4060 concluditur
1932 4002 2119 4073 itaque

529 4108 593 4154 ut
634 4098 778 4154 Deus
818 4098 1155 4169 proliciendo
1176 4097 1517 4170 perﬁciatur.
1559 4096 1718 4164 Quod
1740 4096 1809 4153 de
1833 4095 1946 4152 Deo
1997 4096 2119 4153 sine

522 4191 876 4262 blasphemia
899 4191 1009 4247 dici
1032 4190 1245 4262 nequit.

599 4468 702 4522 IN.
730 4468 861 4523 Item
883 4466 1066 4523 aliter.
1103 4465 1162 4521 Si
1226 4466 1370 4524 Deus
1418 4466 1729 4536 atloptivam
1787 4464 1951 4519 habet
1988 4479 2119 4520 san-

2215 3262 2515 3329 οὐσιώδους
2546 3265 2837 3332 ἁνὰπλεὼς
2883 3270 3032 3323 ἐστιν
3058 3271 3349 3343 ἁγιότητος
3375 3313 3390 3336 ,
3425 3276 3520 3328 καὶ
3549 3274 3611 3327 ὲν
3646 3275 3814 3341 ἁγια-

2218 3356 2342 3428 σμῷ
2369 3356 2462 3411 τὸν
2501 3357 2708 3429 κόσμον
2741 3359 3081 3424 διευθετίζει.
3126 3363 3191 3417 El
3215 3359 3358 3418 οὖνὸ
3385 3364 3518 3429 Θεὸς
3550 3366 3610 3420 ὸν
3635 3367 3813 3436 ἁγιω-

2218 3446 2353 3519 σύνῃ
2385 3445 2540 3515 ἅγιος
2577 3447 2674 3512 ὢν,
2710 3449 2803 3503 τὸν
2836 3451 3042 3521 κόσμον
3080 3451 3304 3522 ἁγιάζει
3334 3456 3431 3508 καὶ
3461 3454 3809 3522 διευθετίζει,

2216 3540 2316 3595 καὶ
2344 3539 2504 3600 θείων
2531 3542 2885 3612 ιμπνεύσεων
2912 3543 3010 3599 καὶ
3043 3547 3301 3617 μυήσεων
3328 3548 3423 3602 καὶ⁵
3448 3549 3813 3620 χαρισμάτων

2217 3632 2349 3687 ὄντα
2394 3633 2773 3706 ἐμπίμπλησι,
2807 3639 3043 3708 φανερὸν
3084 3639 3166 3693 ὅτι
3209 3640 3478 3713 ἁγιότητα
3510 3642 3628 3712 ἔχει
3651 3658 3666 3672 ο
3700 3647 3809 3698 πᾶν

2217 3724 2275 3779 δὲ
2303 3724 2367 3779 τὸ
2407 3726 2534 3797 ἔχον
2560 3726 2850 3799 ἁγιότητα,
2880 3729 2914 3802 ἢ
2949 3730 3120 3796 θετῶς
3149 3733 3358 3804 ταύτην
3390 3733 3505 3803 ἔχει
3534 3735 3568 3804 ἢ
3603 3735 3770 3804 φύσει
3795 3754 3807 3767 ·

2219 3815 2336 3870 ἁλλ’
2357 3818 2406 3870 εἰ
2440 3817 2540 3889 μὲν
2568 3819 2739 3884 θετῶς
2765 3820 2903 3891 ἔχει,
2934 3825 3160 3877 σκοπεῖν
3189 3822 3307 3878 ἐστι
3331 3824 3421 3878 διὰ
3444 3824 3810 3898 συλλογισμοῦ

2220 3907 2280 3960 τὸ
2306 3907 2511 3962 ἄτοπον
2535 3923 2549 3938 ·
2579 3907 2608 3961 ό
2627 3907 2764 3972 Θεὸς
2792 3908 2953 3981 θετὴν
2981 3909 3095 3980 ἔχει
3122 3911 3224 3984 τὴν
3252 3912 3420 3967 αὑτοῦ
3452 3913 3726 3984 ἁγιότητά
3754 3932 3809 3969 τε

2220 3997 2316 4053 καὶ
2344 3996 2647 4068 ἐμπνευσιν
2673 4015 2688 4030 ο
2719 4000 2829 4053 πᾶν
2858 4000 2917 4054 δὲ
2942 4001 3004 4054 τὸ
3026 4000 3202 4067 οὕτως
3248 4003 3397 4074 ἔχον,
3425 4006 3492 4059 ὲκ
3520 4004 3811 4076 προκοπῆς

2219 4089 2523 4145 τελειοῦται
2549 4107 2564 4122 ·
2593 4090 2892 4162 συνάγεται
2931 4092 3042 4162 ἄρα
3068 4093 3152 4148 ὅτι
3180 4095 3209 4148 6
3256 4094 3394 4160 Θεὸς
3426 4096 3573 4150 κατὰ
3605 4112 3810 4168 προκοο

2220 4182 2330 4253 πὴν
2364 4181 2707 4238 τελειοῦται·
2757 4183 2897 4254 ὅπερ
2939 4184 3088 4240 ἐστὶν
3134 4184 3228 4238 ἐπὶ
3254 4184 3394 4240 Θεοῦ
3420 4185 3605 4257 λέγειν
3644 4187 3812 4258 βλάσ-

2222 4288 2427 4343 φημονο

2296 4453 2381 4512 ιδ’.
2422 4456 2536 4512 Καὶ
2559 4456 2771 4522 άλλωςο
2802 4459 2869 4513 Ei
2896 4460 2926 4513 6
2952 4458 3087 4524 Θεὸς
3133 4457 3298 4531 θετὴν
3346 4460 3462 4531 ἔχει
3505 4459 3605 4533 τὴν
3644 4459 3811 4515 αὐτοῦ

524 4560 783 4614 -οιὶιειειη
852 4574 1009 4615 suam
1067 4568 1233 4629 atque
1303 4557 1743 4629 inspiratiouem,
1798 4564 1945 4625 patet
1995 4569 2111 4609 eum

2226 4549 2497 4621 ἁγιότητά
2518 4567 2579 4604 τε
2610 4551 2706 4604 καὶ
2739 4550 3060 4622 ἔμπνευσιν,
3078 4551 3237 4622 δῆλον
3261 4552 3345 4606 ὃτι
3376 4551 3614 4622 θύραθεν
3641 4551 3814 4622 αὐτὴν

537 4649 882 4706 extrinsecus
907 4649 1056 4709 illam
1080 4649 1357 4717 accepisse
1384 4667 1397 4702 :
1426 4647 1578 4717 atqui
1609 4645 1791 4700 omnis
1813 4644 1907 4716 qui
1927 4644 2002 4699 ita
2028 4658 2126 4699 ac-

538 4742 769 4812 ceperit,
806 4741 1001 4796 abalio
1028 4740 1455 4810 accepitmulla
1510 4737 1656 4792 enim
1710 4752 1797 4791 res
1849 4735 2124 4791 exsistens

521 4834 660 4905 ipsa
686 4849 782 4904 per
822 4849 881 4888 se
902 4840 958 4888 et
979 4832 1081 4888 sibi
1116 4831 1285 4886 datct
1310 4832 1492 4894 datur,
1548 4826 1859 4885 sanctiﬁcat
1894 4838 1951 4881 et
1996 4841 2126 4881 san-

542 4927 846 4993 ctiticatur,
896 4926 1171 4981 illuminat
1221 4935 1275 4980 et
1328 4924 1713 4987 illuminatur;
1774 4922 1919 4976 sicut
1981 4919 2123 4976 idem

526 5020 706 5073 homo
725 5034 831 5073 non
848 5018 1005 5074 docet
1027 5027 1081 5072 et
1095 5018 1342 5074 docetur.
1376 5015 1435 5070 Si
1458 5028 1587 5078 ergo
1613 5012 1756 5068 Deus
1781 5011 2127 5067 sanctitatem

521 5111 613 5166 .ab
638 5110 749 5165 a!io
772 5112 1003 5181 accepit,
1038 5110 1121 5166 vel
1149 5125 1180 5164 a
1209 5109 1328 5181 pari
1353 5107 1590 5178 accepit,
1615 5106 1752 5162 vela
1785 5105 2018 5170 minore,
2040 5101 2128 5158 vel

524 5200 782 5271 'denique
805 5219 834 5253 ιι
866 5202 1097 5271 majore.
1123 5200 1229 5256 Sed
1272 5201 1417 5254 enim
1446 5198 1594 5270 quod
1656 5198 1724 5252 ab
1782 5197 1978 5249 horum
2031 5209 2129 5248 ne-

524 5295 693 5348 -mine
712 5296 1007 5362 acceperit,
1051 5293 1181 5346 hinc
1206 5299 1426 5346 constat
1464 5308 1484 5343 ι
1535 5304 1661 5344 nam
1718 5287 1810 5358 qui
1866 5285 2132 5341 sanctitao

522 5394 656 5441 atem
687 5385 758 5440 ab
787 5385 976 5455 aliquo
1006 5382 1229 5453 accipit,
1262 5391 1321 5437 nt
1345 5380 1716 5436 sanctiﬁcetur
1767 5376 2001 5445 accipit:
2035 5374 2129 5444 qui

542 5486 729 5534 autem
756 5477 1076 5548 accipiendo
1112 5475 1510 5539 sanetillcatur,
1543 5490 1573 5528 a
1607 5472 1817 5543 majore
1857 5467 2057 5539 accipit
2077 5476 2132 5522 et

545 5568 944 5623 sanctiﬁcatur.
974 5564 1147 5621 Porro
1197 5567 1391 5620 horum
1432 5565 1571 5619 alter
1594 5572 1679 5617 est
1707 5561 1969 5624 deterior,
1994 5564 2133 5613 alter

540 5659 804 5733 aequalis;
840 5674 965 5713 nam
992 5659 1271 5715 meliorem
1324 5657 1433 5712 Deo
1495 5655 1766 5710 neminem
1803 5670 1925 5710 esse
1974 5668 2130 5708 com-

551 5746 735 5802 munis
772 5746 931 5804 nobis
963 5763 1161 5804 sensus
1212 5748 1427 5804 suadet.
1476 5745 1647 5816 Igitur
1706 5743 1847 5801 Deus
1895 5744 1965 5799 ab
2021 5741 2131 5796 alio

536 5832 894 5892 sanctitatem
926 5851 1084 5893 suam
1110 5852 1217 5892 non
1249 5836 1479 5908 accepit.
1507 5836 1663 5903 Quod
1695 5837 1740 5893 si
1778 5849 2126 5908 nequaquam

2228 4641 2473 4713 εἴληφενο
2499 4643 2609 4696 πᾶν
2630 4642 2688 4696 δὲ
2710 4641 2771 4696 τὸ
2799 4639 2975 4706 οὕτως
2999 4642 3256 4714 ἑσχηκὸς,
3281 4643 3417 4713 παρ’
3444 4644 3641 4715 ἐτέρου
3672 4644 3814 4705 τινὸς

2227 4733 2436 4804 ταύτην
2457 4721 2648 4804 εἴληφε
2667 4749 2680 4765 ’
2701 4733 2796 4787 καὶ
2818 4732 2926 4803 γὰρ
2951 4733 3104 4787 οὐδὲν
3128 4733 3236 4787 τῶν
3269 4735 3441 4790 ὄντων
3469 4734 3605 4789 αὐτὸ
3634 4734 3810 4803 ἐαυτῷ

2230 4824 2464 4894 παρέχει
2510 4824 2607 4877 καὶ
2639 4824 2960 4896 παρέχεται,
3007 4826 3225 4894 ἁγιάζει
3257 4845 3316 4880 τε
3362 4826 3460 4881 καὶ
3489 4826 3800 4896 ἁγιάζεται·

2229 4914 2419 4985 ὥσπερ
2459 4915 2582 4969 οὐδὲ
2615 4914 2677 4969 τό
2716 4917 2851 4970 αὐτὸ
2882 4916 3123 4972 διδάσκει
3153 4936 3213 4972 τε
3253 4920 3346 4972 καὶ
3386 4919 3717 4973 διδάσκεται.
3745 4914 3811 4970 Ei

2231 5004 2326 5063 οὖν
2365 5010 2394 5062 6
2443 5008 2577 5071 Θεὸς
2604 5008 2734 5080 παρ’
2768 5008 2959 5081 ἐτέρου
3003 5009 3210 5081 ταύτην
3257 5011 3502 5081 εἴληφεν,
3541 5012 3663 5081 ἤτοι
3710 5008 3816 5064 ἀπὸ

2235 5100 2374 5165 ῐσου,
2409 5101 2442 5171 ἢ
2479 5099 2591 5157 ἀπὸ
2616 5101 2899 5166 ἐλάττονος
2923 5142 2941 5167 ,
2970 5103 3005 5174 ἢ
3041 5104 3150 5157 ἀπὸ
3192 5104 3533 5176 κρείττονοςσ
3570 5102 3697 5157 ἀλλ’
3729 5102 3812 5156 ὅτι

2232 5193 2341 5263 μὲν
2374 5193 2475 5246 οὐκ
2497 5193 2595 5247 ἀπ’
2623 5193 2838 5257 οὐδενὸς
2865 5195 3072 5249 τούτων
3095 5195 3394 5266 ἐνδέχεται,
3426 5194 3682 5249 ἐντεῦθεν
3724 5193 3817 5263 δῆ-

2233 5284 2357 5337 λον’
2391 5284 2454 5338 τὸ
2484 5283 2584 5354 μὲν
2612 5282 2723 5355 γὰρ
2750 5284 3018 5356 ἁγιότητά
3051 5303 3169 5349 πως
3198 5286 3262 5339 ἐκ
3289 5303 3436 5350 τινος
3465 5285 3819 5356 μεταλαμᾱί-

2235 5392 2347 5439 νον,
2384 5374 2750 5446 ἁγιαζόμενόν
2782 5393 2899 5439 πως
2936 5376 3344 5448 μεταλαμϐάνει
3364 5393 3378 5406 ·
3412 5376 3473 5430 τὸ
3504 5377 3562 5431 δὲ
3598 5377 3819 5446 ἁγιαζί-

2238 5483 2398 5537 μενον
2427 5468 2486 5520 ὲν
2510 5465 2588 5536 τῷ
2615 5465 2936 5536 λαμϐάνειν,
2986 5466 3096 5521 ἁπὺ
3124 5467 3433 5543 κρείττονος
3464 5466 3817 5537 μεταλαμσάο

2235 5575 2318 5611 νει
2357 5559 2452 5613 καὶ
2499 5557 2813 5627 ἁγιάζεταιι
2855 5557 3063 5613 τούτων
3094 5558 3152 5611 δὲ
3179 5558 3239 5611 τὸ
3277 5559 3376 5629 μὲν
3413 5561 3619 5629 χεῖρον,
3658 5557 3724 5610 τὸ
3766 5557 3817 5609 δὲ

2239 5651 2354 5704 ἴσον
2375 5669 2388 5682 ·
2424 5652 2673 5723 κρεῖττον
2698 5649 2755 5703 δὲ
2782 5650 2919 5704 Θεοῦ
2944 5651 3044 5707 οὐκ
3074 5649 3242 5715 ἐστιν,
3276 5651 3351 5715 ὡς
3387 5652 3420 5721 ἡ
3454 5649 3611 5722 κοινὴ
3642 5648 3819 5702 ἔννοια

2236 5742 2350 5813 ἔχει
2368 5759 2382 5773 ·
2410 5743 2512 5796 οὐκ
2537 5741 2645 5812 ἄρα
2665 5742 2694 5792 ὁ
2716 5741 2847 5805 Θεὸς
2870 5742 2997 5814 παρ’
3023 5742 3211 5812 ἐτέρου
3233 5745 3331 5813 τὴν
3355 5741 3522 5797 αὑτοῦ
3552 5742 3817 5810 ἁγιότητα

2238 5834 2490 5906 εἴληφενο
2524 5836 2573 5886 εί
2608 5834 2664 5887 δὲ
2700 5835 2775 5905 μὴ
2820 5834 2952 5904 παρ’
2980 5836 3192 5905 ἐτέρου,
3223 5836 3381 5907 δῆλον
3424 5835 3508 5890 δτι
3544 5834 3658 5890 οὐδ’
3688 5833 3820 5896 ἐξω-
