4064 6414
322 394 435 458 689

322 504 453 556 Θεψ
483 504 533 559 εἰ
560 505 632 581 δὲ,
654 509 731 579 μὴ
752 510 977 580 ἔξωθεν,

325 595 439 661 τῶς
469 597 708 653 τοιοῦτον
734 598 899 659 εἶναι.

412 800 489 849 ιε’.
528 797 638 850 Καὶ
664 797 875 864 ἄλλως*
933 804 996 857 Εἰ
1042 807 1071 858 6
1104 800 1237 873 Θέὸς
1267 807 1429 884 θετὴν
1472 816 1586 885 ἔχει
1626 819 1727 889 τὴν
1759 821 1917 889 ἁγιό-

331 904 489 957 τητα,
512 892 751 962 φανερὸν
773 893 856 948 ὅτι
889 896 1240 970 συμϐέϐηκεν
1283 903 1466 976 αὐτῷ’
1503 909 1611 960 πᾶν
1630 908 1687 962 δὲ
1718 914 1914 981 συμϐε-

328 977 516 1047 ϐηκὸς,
560 986 979 1070 πεπερασμένον
1008 989 1070 1042 τέ
1107 992 1224 1045 ἐστι
1249 1031 1266 1056 ,
1298 995 1393 1047 καὶ
1434 999 1494 1049 ὲν
1526 1002 1718 1070 κτιστῇ
1753 977 1913 1070 φῦσει

327 1070 574 1142 δηλονότι
608 1069 748 1129 εἶναι
781 1077 893 1149 ἔχει
914 1094 930 1111 ·
991 1082 1284 1151 συνάγεται
1316 1086 1423 1157 ἄρα
1450 1090 1532 1143 ὅτι
1561 1093 1588 1144 6
1614 1069 1912 1157 Θεὸςίκτι-

332 1161 461 1225 στός
490 1165 632 1230 ἐστι,
659 1167 754 1220 καὶ
778 1171 1009 1241 κτιστὴν
1034 1172 1197 1241 φύσιν
1224 1175 1338 1247 ἔχει
1357 1196 1368 1208 ·
1399 1181 1449 1233 εἰ
1493 1181 1552 1234 δὲ
1575 1182 1753 1251 τοῦτο,
1794 1186 1914 1256 ἦτοι

330 1253 463 1322 παρ’
502 1254 701 1310 ἑαυτοῦ
731 1257 1004 1327 ἔκτισται,
1052 1264 1088 1334 ἢ
1137 1268 1520 1340 παρ”ἑτέρου-
1557 1273 1672 1327 ἀλλ’
1705 1277 1754 1329 ει
1806 1253 1909 1347 μὲν

324 1344 458 1413 παρ’
520 1346 744 1411 ἑαυτοῦ,
796 1349 951 1406 ἔσται
1000 1355 1146 1410 κατά
1194 1360 1363 1414 ταυτὸ
1394 1364 1422 1415 ὁ
1454 1363 1615 1427 αὐτὸς
1647 1368 1915 1437 παράγων

324 1435 427 1487 καὶ
459 1438 868 1509 παραγόμενος,
917 1443 1117 1508 κτίζων
1148 1449 1242 1502 καὶ
1279 1452 1622 1522 κτιζόμενος,
1653 1435 1915 1530 δημιουρ-

320 1525 442 1594 γῶν
470 1529 567 1582 καὶ
598 1531 1102 1607 δημιουργούμενος
1123 1556 1137 1570 ο
1157 1542 1312 1598 οὐδὲν
1339 1544 1396 1598 δὲ
1414 1546 1523 1601 τῶν
1547 1525 1916 1606 ὄντωνντοιοῦ-

322 1620 421 1675 τόν
450 1622 635 1676 ἐστιν·
664 1626 763 1679 οὐκ
807 1628 918 1699 ἄρα
957 1633 985 1684 6
1032 1632 1164 1698 Θεὸς
1200 1638 1330 1708 παρ’
1379 1640 1573 1694 ἑαυτοῦ
1623 1643 1909 1699 ἔκτισται·

325 1712 449 1766 ἀλλ’
492 1715 616 1768 οὐδὲ
667 1718 800 1787 παρ’
833 1721 1024 1793 ἐτέρου
1046 1737 1062 1753 ⁶
1093 1725 1144 1777 εἰ
1186 1727 1295 1798 γὰρ
1340 1730 1437 1783 καὶ
1460 1730 1621 1786 τοῦτο
1644 1733 1761 1806 δοίη
1797 1751 1910 1803 τις,

322 1805 483 1860 ἔσται
510 1808 607 1862 ⁴τοῦ
629 1809 764 1864 Θεοῦ
793 1812 927 1877 Θεός
947 1832 961 1846 ο
997 1817 1093 1869 καὶ
1122 1820 1252 1889 περὶ
1282 1821 1496 1875 ἐκείνου
1519 1823 1590 1877 τὰ
1610 1805 1753 1881 αὐτὰ
1773 1829 1914 1884 ἀπο-

332 1900 601 1972 ρήσομεν,
626 1906 723 1957 καὶ
749 1905 906 1960 τοῦτο
927 1908 1014 1962 ἐπ’
1038 1884 1268 1981 ἄπειοον
1288 1928 1302 1943 ⁸
1333 1915 1436 1968 οὐκ
1467 1916 1578 1986 ἄρα
1605 1919 1633 1970 ὁ
1660 1917 1791 1984 Θεὸς
1819 1920 1909 1974 θε.
1942 1884 1988 1941 Β

321 1990 425 2064 τὴν
450 1993 568 2064 ἔχει
598 1994 697 2064 τὴν
730 1998 897 2053 αὐτοῦ
927 1999 1194 2072 άγιότητα
1228 2004 1324 2059 καὶ
1355 2005 1656 2077 ἐμπνευσιν
1678 2011 1789 2065 τῶν
1810 2029 1913 2083 xa-

326 2086 632 2156 ρισμάτων.
663 2088 726 2140 ΕΞ
752 2084 848 2142 οὖν
885 2092 915 2144 ὁ
954 2090 1138 2160 λόγος,
1174 2094 1266 2149 διὰ
1294 2098 1506 2151 πολλῶν
1543 2103 1914 2175 ἐπιχειρημά-

316 2193 456 2243 των,
494 2177 759 2238 άδύνατον
791 2180 963 2249 ἔδειξε
1000 2183 1059 2236 τὸ
1104 2185 1275 2251 θετῶς
1320 2186 1466 2259 ἔχειν
1512 2191 1601 2245 τὸν
1629 2194 1764 2247 Θεὸν
1812 2195 1915 2267 τὴν

317 2266 492 2321 αὐτοῦ
545 2269 812 2342 άγιότητα
863 2273 960 2327 καὶ
1003 2273 1328 2344 ἔμπνευσιν,
1362 2281 1597 2352 φανερὸν
1623 2283 1708 2337 ὅτι
1753 2266 1915 2355 φύσει

318 2359 500 2432 αὐτὴν
535 2361 650 2433 ἔχει
671 2379 687 2395 ·
749 2365 798 2417 el
827 2365 922 2418 θῦν
952 2366 1114 2437 φύσει
1147 2369 1317 2442 αὐτὴν
1349 2372 1485 2443 ἔχει,
1513 2375 1632 2447 ἤτοι
1658 2376 1719 2441 ἒξ
1748 2378 1918 2447 ἀνάγ-

324 2471 433 2524 κης
462 2454 496 2524 ἢ
528 2454 604 2520 ὡς
631 2456 725 2510 ἐπὶ
747 2457 807 2510 τὸ
838 2458 976 2513 πολὺ
996 2476 1012 2490 ’
1054 2461 1173 2515 ἀλλ’
1207 2464 1293 2519 ὃτι
1338 2465 1439 2537 μὲν
1461 2467 1539 2532 ὡς
1570 2468 1666 2522 ἐπὶ
1690 2469 1752 2524 τὸ
1776 2471 1915 2528 πολὺ

310 2547 388 2631 οὗ
420 2548 701 2618 πρόσεστι,
736 2550 923 2621 δῆλον·
956 2553 1021 2608 τὸ
1068 2555 1178 2626 γὰρ
1199 2555 1275 2620 ὡς
1305 2559 1399 2611 ἐπὶ
1428 2560 1489 2614 τὸ
1519 2562 1679 2630 πολὺ,
1707 2564 1917 2619 ἀποτυ-

317 2640 419 2712 χία
448 2642 662 2712 φύσεώς
692 2647 872 2702 ἐστιν·
922 2650 1295 2727 ἀποτυγχάνει
1323 2653 1433 2725 γὰρ
1462 2657 1497 2727 ἡ
1525 2656 1690 2726 φύσις
1737 2659 1916 2715 ἐνίοτε

317 2735 435 2788 τῶν
454 2736 545 2790 ἐπ’
562 2737 882 2794 ἐλαττόνωψ
906 2742 933 2794 ὲ
945 2745 1262 2815 πιτυγχάνει
1283 2746 1340 2801 δὲ
1359 2747 1470 2802 τῶν
1485 2748 1563 2813 ὡς
1582 2751 1679 2805 ἐπὶ
1698 2752 1759 2806 τὸ
1777 2752 1916 2808 πολῦ

320 2829 562 2884 καὶτῶν
602 2831 665 2896 ἐξ
689 2833 972 2904 ἀνάγκηςο
1022 2835 1085 2889 τὸ
1123 2836 1171 2889 δ’
1217 2838 1620 2911 ἀποτυγχάνειν
1672 2842 1767 2896 ἐπὶ
1812 2846 1916 2916 τῆς

317 2924 477 2991 θείας
503 2927 744 2997 φύσεως,
777 2932 1051 2987 ἀνοίκειόν
1073 2936 1246 2990 ἐστιν’
1273 2937 1436 3010 εἴπερ
1467 2940 1616 2995 πᾶσα
1641 2941 1919 3014 ἀποτυχια

319 3020 469 3092 μετὰ
491 3021 700 3085 πάθους
720 3039 736 3056 ⁸
783 3026 812 3078 6
836 3024 895 3078 δὲ
925 3025 1059 3090 Θεὸς
1085 3029 1290 3093 παντὸς
1316 3029 1524 3096 πάθους
1567 3032 1872 3103 ἀνῴκισται
1896 3051 1911 3066 ο

313 3112 423 3168 οὐκ
441 3113 550 3185 ἄρα
573 3114 650 3179 ὡς
682 3115 777 3169 ἐπὶ
802 3115 865 3170 τὸ
895 3117 1033 3171 πολὺ
1061 3119 1090 3172 6
1112 3118 1246 3182 Θεὸς
1285 3119 1404 3192 ἔχει
1432 3123 1532 3193 τὴν
1557 3122 1725 3177 αὑτοῦ
1756 3124 1913 3193 ἁγιό-

1486 419 1920 486 REFUTATIO
1956 430 2427 499 MOHAMEDIS.

1002 517 1125 571 οὐδὲ
1161 519 1331 587 θετῶς
1349 538 1362 554 ⁸
1407 527 1496 581 διὰ
1529 531 1589 584 τὸ
1613 534 1722 587 πᾶν
1745 535 1808 588 τὸ
1829 536 1914 589 θε-

2018 544 2087 598 ab
2111 547 2240 611 alio,
2306 557 2525 603 constat
2574 554 2719 620 quod
2776 570 2877 610 nec
2928 557 3295 617 extrinsecus.
3352 563 3510 630 Quod
3544 565 3592 621 si

3487 455 3595 520 690

2018 637 2246 694 minime
2294 642 2662 708 extrinsecus,
2690 661 2759 701 ne
2812 648 3069 718 adoptive
3116 653 3372 721 quidem:
3429 671 3595 712 omne

2015 728 2160 785 enim
2196 730 2514 802 adoptivum
2563 735 2635 789 ita
2667 751 2726 791 se
2757 737 2941 795 habet.

2089 822 2157 877 15
2204 824 2391 880 Adhuc
2418 826 2593 882 aliter.
2623 827 2681 883 Si
2740 830 2885 886 Deus
2908 832 3215 903 adoptivam
3264 835 3428 891 habet
3466 854 3595 893 sau-

2014 912 2281 978 ctitatem,
2382 927 2601 973 constat
2664 935 2785 975 eam
2842 923 2917 976 illi
2977 926 3266 981 accidisse.
3316 926 3598 998 Quidquid

2015 1010 2199 1059 autem
2222 1005 2443 1072 accidit,
2471 1008 2766 1066 limitatum
2788 1023 2894 1079 est,
2955 1017 3090 1070 etin
3143 1025 3339 1073 natura
3410 1030 3596 1074 creata

2015 1097 2136 1153 sine
2175 1097 2344 1154 dubio
2396 1099 2561 1156 habet
2626 1103 3067 1163 subsistentiam.
3126 1110 3415 1181 Colligitur
3465 1127 3597 1181 ergo

2014 1186 2187 1243 Deum
2220 1204 2342 1245 esse
2379 1200 2649 1261 creatum,
2685 1203 2742 1248 et
2789 1207 3034 1253 creatam
3066 1200 3270 1257 habere
3310 1211 3594 1260 naturam.

2014 1277 2172 1345 Quod
2214 1282 2262 1336 si
2297 1281 2371 1336 ita
2420 1294 2525 1349 est,
2554 1286 2639 1341 vel
2678 1300 2790 1342 asc
2831 1290 2950 1359 ipso
2966 1300 3189 1347 creatus
3248 1292 3377 1357 fuit,
3413 1292 3499 1348 vel
3526 1293 3596 1347 ah

2014 1371 2334 1429 alio.Sedsi
2364 1389 2397 1429 a
2438 1391 2498 1432 se
2532 1378 2673 1447 ipso,
2718 1379 2823 1435 erit
2876 1381 3021 1436 idem
3075 1383 3388 1452 producens
3433 1385 3597 1440 simul

2013 1472 2064 1516 et
2096 1463 2420 1533 productus,
2441 1482 2637 1523 creans
2686 1480 2743 1523 et
2785 1481 3031 1532 creatus.
3073 1473 3272 1528 artifex
3324 1483 3380 1527 et
3435 1484 3595 1529 arte-

2013 1550 2214 1609 l'actus.
2245 1555 2409 1626 Atqui
2482 1557 2622 1611 nihil
2686 1558 3003 1629 huiusmodi
3060 1562 3114 1616 in
3165 1578 3347 1618 rerum
3398 1572 3596 1619 natura

2012 1651 2130 1699 est:
2163 1659 2271 1699 non
2299 1645 2464 1714 igitur
2486 1646 2667 1703 semet
2697 1648 2813 1719 ipse
2842 1652 3047 1707 creavit
3082 1653 3246 1710 Deus.
3279 1655 3386 1710 Sed
3418 1671 3598 1725 neque

2013 1735 2084 1791 ab
2113 1735 2223 1792 alio
2253 1746 2475 1794 creatus
2502 1738 2655 1805 fuit;
2681 1757 2808 1796 nam
2853 1743 2897 1797 si
2948 1744 3056 1799 hoc
3080 1745 3358 1815 quiSpiam
3391 1762 3595 1802 conce-

2015 1826 2126 1895 dat,
2155 1830 2262 1885 erit
2293 1830 2382 1885 Dei
2408 1830 2574 1898 Deus,
2606 1832 2783 1900 deque
2808 1836 2911 1889 hoc
2939 1836 3189 1891 similiter
3210 1839 3555 1909 amhigemus
3579 1856 3594 1901 ;

2014 1917 2179 1988 idque
2225 1919 2280 1974 in
2340 1920 2638 1977 inﬁnitum.
2687 1921 2806 1977 Non
2871 1924 3040 1995 igitur
3086 1925 3229 1983 Deus
3281 1929 3594 1997 adoptivam

2012 2011 2178 2066 habet
2222 2013 2568 2069 sanctitatem
2584 2031 2741 2071 suam
2763 2025 2818 2071 et
2850 2017 3119 2073 donorum
3151 2020 3598 2089 iuspirationem.

2015 2105 2071 2162 Si
2095 2122 2227 2178 ergo
2250 2123 2435 2165 sermo
2472 2120 2663 2167 noster
2708 2113 2899 2170 multis
2944 2117 3284 2184 argumentis
3342 2117 3601 2188 impossi-

2014 2200 2122 2255 bile
2151 2202 2392 2258 ostendit
2453 2204 2767 2275 adoptivam
2802 2220 2834 2260 a
2866 2205 2980 2262 Deo
3027 2208 3298 2277 possideri
3327 2211 3602 2266 sanctita-

2012 2300 2121 2346 tem
2147 2308 2303 2348 suam
2335 2301 2391 2349 et
2417 2295 2857 2365 inspirationem,
2887 2308 3106 2354 constat
3123 2313 3243 2354 eam
3268 2302 3599 2357 naturaliter

2013 2384 2083 2439 ab
2112 2400 2179 2439 eo
2212 2384 2422 2441 haberi.
2450 2386 2506 2442 Si
2535 2402 2667 2457 ergo
2702 2390 3023 2445 naturaliter
3044 2406 3165 2447 eam
3202 2392 3388 2457 habet,
3420 2394 3477 2449 id
3506 2396 3597 2449 vel

2014 2478 2352 2544 necessario,
2387 2480 2472 2534 vel
2510 2481 2866 2550 plerumque;
2898 2483 2993 2538 sed
3025 2485 3170 2554 quod
3195 2501 3301 2540 non
3351 2485 3598 2555 plerum-

2012 2582 2140 2637 que,
2173 2577 2425 2637 constat;
2468 2586 2594 2625 nam
2624 2573 2771 2642 quod
2798 2572 3119 2644 plerumque
3146 2586 3357 2629 tantum
3389 2578 3594 2641 evenit,

2013 2659 2068 2713 id
2106 2668 2317 2716 natura:
2368 2659 2644 2717 defectum
2690 2663 2931 2718 indicat:
2976 2665 3388 2721 frustrationem
3447 2667 3596 2721 enim

2014 2748 2312 2820 aliquando
2364 2758 2565 2808 natura
2617 2752 2821 2823 patitur
2850 2754 2979 2808 dum
3045 2755 3318 2811 minorem
3382 2767 3595 2827 partem

2013 2840 2158 2899 fert:
2191 2843 2339 2899 bono
2365 2853 2548 2899 autem
2578 2860 2841 2902 successu
2889 2848 3060 2901 utitur
3090 2857 3204 2902 tum
3264 2850 3318 2903 in
3370 2851 3440 2906 iis
3477 2867 3601 2919 qua:

2013 2935 2338 3006 plerumque
2383 2936 2663 3002 accidunt,
2732 2945 2850 2993 tum
2905 2938 3071 2994 etiam
3129 2941 3184 2994 in
3243 2942 3596 2996 necessariis.

2014 3027 2181 3097 Atqui
2252 3028 2508 3083 frustrari
2576 3029 2632 3083 in
2663 3029 2902 3084 divinam
2968 3039 3220 3085 naturam
3251 3046 3359 3086 non
3404 3033 3597 3097 cadit;

2016 3114 2290 3186 siquidem
2318 3116 2504 3173 omnis
2533 3117 2826 3174 frustratio
2859 3135 2970 3174 non
2999 3120 3120 3175 sine
3148 3122 3411 3192 passione
3462 3134 3548 3177 est
3575 3142 3586 3175 :

314 3221 463 3275 τητα
481 3223 496 3238 σ
516 3205 764 3260 λείπεται
784 3208 844 3275 ἐξ
868 3209 1116 3278 ἀνάγκης
1134 3228 1147 3242 ·
1183 3213 1232 3263 εἰ
1262 3211 1308 3264 δ’
1333 3212 1395 3278 ἐξ
1417 3214 1686 3285 ἀνάγκης,
1705 3215 1802 3270 καὶ
1822 3215 1913 3271 άεε

2016 3208 2163 3264 Deus
2198 3224 2329 3265 vero
2367 3210 2599 3267 cuilibet
2658 3211 2903 3281 passioni
2969 3214 3242 3283 superior.
3296 3212 3416 3268 Non
3466 3231 3597 3285 ergo

312 3296 494 3363 ἐστιν,
524 3297 684 3368 εἴπερ
723 3297 950 3353 τοιαῦτα
979 3299 1051 3354 τά
1076 3301 1135 3368 ἐξ
1162 3301 1442 3374 ἀνάγκηςο
1479 3306 1610 3360 εἰδὲ
1647 3307 1735 3361 ἀεί
1762 3309 1912 3362 ἐστιν

315 3388 352 3453 ἡ
389 3386 619 3458 άγιότης
647 3389 743 3443 καὶ
775 3389 809 3460 ὴ
844 3389 1148 3461 ἕμπνευσις
1179 3393 1273 3447 τοῦ
1300 3395 1435 3449 Θεοῦ
1467 3397 1528 3450 ὲν
1558 3397 1712 3470 αὐτῷ
1735 3437 1752 3464 ,
1791 3399 1912 3470 ἦτοι

311 3478 399 3543 ὡς
444 3480 813 3545 ινυπόστατός
846 3482 908 3536 τέ
951 3484 1094 3550 ἐστι,
1144 3486 1240 3540 καὶ
1268 3487 1393 3541 καθ’
1415 3488 1622 3560 ἑαυτὴν
1661 3489 1723 3544 τὸ
1766 3487 1913 3546 εἶναι

313 3569 436 3640 ἔχει
455 3586 471 3602 υ
499 3569 535 3642 ἢ
557 3570 636 3634 ὡς
666 3572 1131 3643 ὲτεροῦπόστατος
1164 3577 1261 3631 καὶ
1283 3578 1633 3651 συμϐεϐηκός
1651 3596 1665 3610 ·
1691 3580 1808 3635 ἀλλ’
1828 3583 1914 3636 ὅτι

316 3655 425 3746 μὲν
464 3656 541 3720 ὡς
601 3659 1064 3729 ἑτεροῦπόστατος
1092 3665 1188 3720 καὶ
1217 3667 1567 3739 συμϐεϐηκὸς
1604 3669 1706 3725 οὐκ
1741 3670 1914 3746 ἔστιν,

307 3740 422 3802 ὧδε
451 3748 516 3820 δή
551 3749 669 3815 πῶς
703 3753 820 3806 ἐστι
847 3753 1033 3824 δῆλον.

309 3840 593 3907 subsistit,
631 3852 687 3900 et
728 3854 816 3902 est
868 3847 1149 3906 accidens.
1207 3849 1314 3908 Sed
1365 3853 1513 3924 quod
1558 3870 1621 3912 ea
1687 3857 1744 3912 in
1796 3856 1974 3913 altero

305 3935 431 3993 ﬂet.

390 4038 491 4098 ις’.
530 4031 592 4089 '0
623 4033 756 4101 Θεὸς
783 4037 1159 4105 ἁπλούστατός
1192 4043 1311 4097 ἐστι
1331 4084 1347 4111 ,
1382 4046 1478 4102 καὶ
1512 4047 1696 4117 πάσης
1721 4049 1910 4104 συνθέ-

313 4141 465 4189 σεως
513 4128 611 4180 καὶ
654 4128 979 4201 συνθετικῆς
1029 4134 1242 4197 ἐννοίας
1275 4136 1573 4205 ἐπέκεινα,
1618 4140 1695 4204 ὡς
1724 4142 1909 4195 καὶαι

316 4219 508 4273 κοιναὶ
540 4219 744 4276 ἔννοιαι
773 4221 960 4294 ἔχουσι
981 4239 996 4255 ⁸
1031 4227 1143 4281 πᾶν
1171 4228 1230 4283 δὲ
1259 4230 1612 4303 συμϐεϐηκὸς
1644 4234 1786 4310 μετὰ
1812 4234 1908 4289 τοῦ

309 4304 364 4376 ᾧ
401 4310 752 4382 συμϐέϐηκεν
776 4352 793 4378 ,
827 4313 1083 4372 σύνθετόν
1117 4320 1273 4374 ἐστιν
1328 4322 1426 4376 καὶ
1467 4304 1742 4393 λογίζεται
1762 4341 1778 4356 ’
1830 4327 1912 4383 διὸ

310 4398 438 4454 ἐστι
482 4401 909 4474 συλλογίσασθαι
966 4408 1179 4475 οὕτως’
1241 4413 1301 4468 '0
1345 4415 1482 4479 Θεὸς
1532 4417 1914 4485 ἁπλούστατός

308 4489 476 4580 last;
509 4492 620 4580 πᾶν
657 4493 718 4547 δὲ
753 4495 1105 4569 συμϐεϐηκὸς
1148 4501 1288 4572 μετὰ
1316 4502 1413 4557 τοῦ
1460 4497 1507 4573 ᾧ
1539 4507 1911 4580 συμϐέϐηκεν,

307 4578 420 4651 οὐχ
445 4579 655 4637 ἁπλοῦν
677 4583 740 4637 τέ
772 4585 1009 4642 ἐστικαὶ
1036 4587 1343 4657 λογίζεται·
1378 4595 1676 4663 συνάγεται
1703 4578 1813 4668 ἄρα
1828 4600 1914 4655 ὄτι

2017 3303 2180 3358 habet
2204 3302 2351 3360 Deus
2402 3304 2562 3375 quasi
2618 3305 2939 3376 plerumque
2994 3308 3340 3362 sanctitatem
3415 3323 3594 3361 suam.

2019 3393 2312 3466 Reliquum
2347 3403 2453 3461 est,
2499 3405 2561 3452 ut
2610 3399 2946 3453 necessario.
3009 3397 3117 3453 Sed
3168 3400 3214 3454 si
3259 3399 3598 3461 necessario,

2018 3501 2234 3557 semper
2267 3502 2488 3557 quoque
2516 3487 2699 3552 habet,
2726 3487 3169 3558 quandoquidem
3199 3487 3316 3543 haec
3343 3503 3598 3545 necessa-

2020 3578 2230 3633 riorum
2256 3587 2453 3633 natura
2498 3584 2607 3633 est.
2639 3577 2759 3633 Jam
2790 3579 2837 3633 si
2890 3594 3115 3650 semper
3163 3580 3277 3635 Deo
3328 3581 3471 3637 inest
3498 3597 3601 3637 sua

2021 3670 2287 3725 sanctitas
2317 3678 2373 3724 et
2402 3669 2730 3739 inspiratio;
2759 3686 2824 3725 ea
2862 3671 3087 3741 quidem
3138 3673 3224 3727 vel
3275 3673 3602 3744 enhyposta-

2023 3762 2130 3817 lica
2156 3770 2264 3828 est,
2324 3770 2384 3817 et
2440 3777 2537 3831 per
2579 3778 2640 3817 se
2690 3762 2808 3832 ipsa
2867 3765 3154 3832 subsistit;
3190 3764 3271 3819 vel
3325 3765 3378 3820 itt
3424 3767 3601 3820 altern

2018 3870 2129 3912 non
2183 3856 2455 3912 subsistat
2512 3870 2619 3910 nec
2673 3856 2747 3912 sit
2790 3857 3067 3925 accidens,
3136 3858 3210 3912 ita
3254 3858 3368 3913 fere
3421 3859 3598 3927 palam

2095 4047 2183 4101 l6.
2224 4044 2370 4099 Deus
2398 4043 2845 4112 simplicissimus
2883 4053 2989 4108 cst,
3019 4044 3280 4112 onmiquc
3320 4046 3596 4109 composi-

2018 4137 2151 4193 tioni
2201 4136 2622 4206 compositoque
2679 4136 2882 4191 mentis
2959 4136 3250 4205 conceptui
3323 4138 3595 4207 superior.

2017 4232 2163 4288 sicut
2185 4240 2240 4286 et
2266 4245 2587 4286 communes
2645 4229 2899 4285 notiones
2945 4236 3152 4285 tenent.
3191 4228 3365 4285 Omne
3413 4238 3596 4286 autem

2019 4324 2296 4390 accidens,
2329 4338 2484 4392 aeque
2509 4338 2574 4378 ac
2594 4322 2727 4377 illud
2755 4322 2846 4377 cui
2877 4321 3100 4386 accidit,
3124 4322 3489 4389 compositum
3512 4332 3599 4377 est

2017 4424 2073 4472 et
2094 4416 2168 4470 ita
2193 4423 2502 4486 reputatur.
2533 4413 2717 4480 Quare
2746 4413 2828 4468 sic
2857 4413 2985 4468 licet
3010 4413 3385 4485 argumentari
3413 4428 3429 4467 :
3456 4412 3600 4469 Deus

2009 4506 2457 4575 simplicissimus
2489 4513 2603 4558 est:
2648 4518 2814 4557 omne
2846 4510 3029 4557 autem
3063 4501 3321 4556 accidens
3354 4515 3510 4570 teque
3536 4516 3601 4552 at:

2009 4597 2143 4652 illud
2179 4598 2267 4650 cui
2299 4595 2518 4659 accidit,
2564 4609 2743 4664 neque
2780 4594 3009 4664 simplex
3043 4601 3149 4651 .est
3176 4606 3353 4661 neque
3381 4600 3603 4659 reputa-

306 4670 343 4724 ὁ
373 4669 509 4736 Θεὸς
542 4671 900 4741 ἀνεπίδεκτος
936 4679 1350 4752 συμϐεϐηκότος
1369 4701 1384 4716 ·
1414 4684 1530 4756 ἔχει
1557 4686 1616 4740 δὲ
1643 4689 1911 4763 ἅγιότητα

2016 4697 2145 4742 tur:
2179 4686 2527 4742 concluditur
2555 4700 2687 4755 ergo
2732 4683 2905 4738 Deum
2947 4698 3071 4739 esse
3108 4682 3412 4738 accidentis
3448 4682 3604 4736 inca-

308 4763 381 4816 ὲν
414 4762 594 4836 ἑαυτῷ
627 4767 725 4821 καὶ
753 4767 1081 4838 ἔμπνευσιν,
1103 4774 1138 4845 ἢ
1166 4775 1261 4828 καὶ
1291 4776 1520 4849 Πνεῦμα
1549 4778 1690 4834 Θεοῦ
1726 4762 1914 4837 καλεῖ-

225 4839 238 4851 ’
304 4871 428 4920 ται,
461 4856 585 4910 καθ’
632 4857 669 4913 ἃ
721 4865 993 4932 μαρτυρεί
1042 4839 1140 4918 καί
1184 4866 1246 4920 τὸ
1311 4839 1579 4941 ὑμέτερον
1631 4873 1899 4945 γράμμα,

306 4945 488 5017 ἤγουν
575 4949 669 5002 τοῦ
702 4951 956 5021 Μωὰμετ
992 4953 1176 5025 βίϐλος
1205 4958 1283 5030 (5)
1303 4974 1318 4990 ο
1369 4960 1473 5015 οὐκ
1497 4963 1607 5031 ἄρα
1628 4966 1747 5019 ἐστὶ
1772 4984 1911 5039 συμ-

305 5036 580 5113 ϐεϐηκός’
605 5041 656 5095 εἰ
681 5041 741 5096 δὲ
764 5044 826 5096 οὐ
843 5045 1215 5120 συμϐεϐηκὸς,
1240 5052 1608 5112 ὲνυπόστατόν
1638 5059 1776 5122 ἐστι,
1809 5036 1908 5115 καὶ

305 5129 443 5185 καθ’
477 5131 644 5187 ἑαυτὸ
671 5134 733 5188 τὸ
755 5130 898 5191 εἶναι
927 5136 1047 5208 ἔχει
1070 5155 1082 5170 °
1112 5140 1232 5196 ἐστι
1257 5142 1315 5196 δὲ
1344 5145 1440 5200 καὶ
1471 5147 1560 5200 ἀει
1578 5164 1593 5178 ο
1622 5149 1732 5203 πᾶν
1759 5150 1816 5204 δὲ
1842 5151 1906 5205 τὸ

307 5220 706 5292 ὲνυπόστατον,
742 5226 839 5281 καὶ
884 5229 1007 5283 καθ’
1051 5231 1212 5286 ἑαυτὸ
1240 5233 1306 5287 τὸ
1341 5230 1485 5290 εἶναι
1527 5237 1671 5308 ἔχον,
1703 5240 1791 5294 ἀεὶ
1819 5241 1902 5307 ὂν,

303 5311 440 5367 οὔτε
477 5317 654 5388 ἀρχὴν
694 5318 811 5390 ἔχει
855 5322 1115 5394 χρονικὴν
1153 5325 1282 5379 οῦτε
1319 5327 1505 5392 τέλος
1548 5331 1611 5383 τὸ
1641 5330 1699 5384 δὲ
1729 5332 1905 5398 οὕτως

304 5404 462 5477 ἔχον,
493 5409 715 5475 πάντως
751 5412 849 5466 καὶ¹
877 5413 1135 5470 ἄκτιστόν
1162 5419 1281 5472 ἐστι
1309 5420 1406 5474 καὶ
1432 5422 1699 5494 ἀγένητον
1721 5441 1737 5457 ο
1772 5442 1901 5479 συν-

303 5498 515 5568 ἀγεται
546 5502 677 5571 ἄρα,
719 5504 804 5558 ὅτι
839 5506 873 5576 ἡ
906 5506 1001 5560 τοῦ
1037 5508 1174 5564 Θεοῦ
1202 5511 1433 5582 ἁγιότης
1458 5514 1554 5566 καὶ
1588 5517 1622 5585 ἡ
1669 5516 1906 5585 ἔμπνευ-

304 5608 426 5659 σις,
483 5593 520 5665 ἢ
569 5594 668 5649 καὶ
722 5596 948 5667 Πνεῦμα
1004 5599 1143 5654 Θεοῦ
1185 5602 1406 5673 λέγεται
1458 5605 1612 5677 παρὰ
1657 5610 1724 5678 τῇ
1782 5608 1905 5681 Θείᾳ

288 5682 528 5757 Γραφῇ,
557 5685 826 5759 ἀγένητόν
851 5689 870 5763 [
891 5692 971 5747 ita
998 5691 1158 5767 cod.]
1192 5694 1310 5751 ἔστι
1338 5699 1434 5752 καὶ
1455 5697 1712 5754 ἄκτιστον
1732 5717 1745 5732 σ
1771 5701 1901 5769 ἁγέο

382 5865 466 5939 (5)
499 5864 626 5925 Sur.
656 5868 724 5937 ν,
756 5870 874 5928 169.

2024 4795 2234 4848 pacem.
2280 4778 2455 4834 Habet
2481 4787 2663 4833 autem
2723 4775 3071 4833 sanctitatem
3102 4775 3155 4829 in
3190 4791 3251 4829 se
3279 4775 3401 4844 ipso
3433 4784 3487 4828 et
3511 4775 3566 4829 in
3586 4805 3600 4814 -

2020 4871 2405 4940 spirationem,
2440 4887 2565 4938 quae
2601 4870 2766 4923 etiam
2794 4868 3031 4938 Spiritus
3063 4868 3153 4922 Dei
3182 4877 3430 4934 voratur,
3456 4869 3603 4923 sicut

2016 4964 2179 5016 etiam
2214 4974 2395 5017 vestra
2428 4962 2715 5029 Scriptura
2742 4969 2993 5024 testatur,
3025 4959 3075 5011 id
3124 4967 3207 5013 est
3262 4957 3600 5012 ldohamodis

2014 5055 2170 5111 liber.
2204 5054 2396 5126 Itaque
2447 5055 2537 5108 illa
2580 5070 2685 5108 non
2738 5063 2822 5109 est
2855 5053 3135 5109 accidens.
3185 5054 3340 5119 Quod
3390 5054 3434 5109 si
3486 5070 3596 5106 non

2012 5147 2287 5213 accidens,
2322 5147 2736 5218 enhypnstatit-a
2766 5155 2939 5210 est,et
2986 5145 3040 5199 in
3070 5161 3129 5201 se
3156 5147 3271 5216 ipsa
3293 5146 3599 5201 subsisten—

2012 5239 2142 5294 tiam
2199 5239 2410 5304 habet,
2470 5254 2794 5307 semperque
2868 5247 2990 5299 est,
3058 5253 3236 5306 neque
3295 5239 3596 5307 temporale

2012 5331 2227 5388 initium
2270 5332 2436 5387 habet
2474 5347 2653 5402 neque
2680 5331 2861 5386 linem.
2892 5331 3051 5398 Quod
3083 5331 3299 5385 veroita
3331 5345 3389 5383 se
3410 5329 3592 5390 habet,

2013 5423 2066 5478 id
2096 5425 2324 5479 omnino
2354 5426 2659 5478 iucrcatum
2698 5436 2781 5478 est
2825 5432 2881 5478 et
2934 5422 3260 5492 ingenitum.
3293 5419 3596 5475 Conﬁcitur

2010 5530 2144 5588 ergo
2175 5526 2236 5573 ut
2263 5516 2358 5571 Dei
2384 5517 2652 5572 sanctitas
2680 5525 2845 5586 atque
2868 5515 3183 5585 inspiratio,
3217 5529 3341 5582 qua:
3367 5521 3422 5568 et
3477 5511 3594 5581 Spi-

2011 5609 2150 5665 ritus
2198 5609 2291 5664 Dei
2321 5608 2526 5663 dicitur
2555 5609 2698 5678 apud
2759 5608 2999 5662 divinam
3049 5605 3412 5675 Scripturam,
3446 5603 3595 5673 inge-

2012 5701 2129 5757 nita.
2151 5702 2221 5758 sit
2264 5709 2319 5759 et
2354 5698 2760 5757 increataJam
2797 5698 3099 5769 ingenitum
3155 5712 3280 5753 cum
3331 5694 3611 5767 ingenito,
