4064 6350
501 429 604 496 691

1775 425 2070 487 NiCET/E
2110 421 2426 483 BYZANTI
2437 421 2517 481 NI

3681 413 3788 476 692

506 550 778 607 quatenus
812 553 921 593 non
954 537 1059 592 fuit
1105 537 1311 593 factum
1337 579 1353 600 ,
1406 548 1460 592 et
1496 538 1799 593 increatum
1837 550 1962 588 cum
2005 533 2092 588 in-

2208 547 2354 601 ιητον
2401 529 2458 582 δὲ
2498 529 2752 599 ἀγενήτῳ
2800 527 2926 582 καθ’
2975 527 3004 579 6
3047 527 3107 580 οὐ
3144 526 3356 593 γέγονε,
3388 528 3482 580 καὶ
3527 527 3788 580 ἄκτιστον

508 642 715 696 creato,
757 641 1032 702 quatenus
1084 645 1194 685 non
1264 629 1368 684 fuit
1402 639 1648 684 creatum
1677 667 1692 690 ,
1727 628 1869 682 idem
1910 636 1996 681 est
2038 634 2094 680 et

509 724 907 793 liomogeneutn
941 732 1105 793 atque
1138 720 1624 777 consubstantiale.
1657 720 1808 774 Patet
1849 718 2095 787 proferto

511 818 984 886 mhypostaticam
1037 830 1159 870 esse
1193 816 1538 870 sanctitatem
1571 813 1686 874 Dei,
1745 828 1871 882 quas
1926 813 2092 866 etiam

518 909 757 977 Spiritus
796 926 824 964 a
858 911 1061 964 divinis
1101 909 1398 978 Scripturis
1425 908 1628 961 diserte
1655 906 1876 969 dicitur,
1905 920 2097 960 verus-

510 1015 618 1066 que
647 999 791 1052 Dens
813 1010 916 1063 est,
941 1008 995 1053 et
1034 997 1492 1052 consulitantialis
1521 995 1631 1050 Deo
1679 991 1826 1049 Patri
1851 993 2096 1063 Filioque

513 1093 656 1162 ejus.

585 1183 672 1237 l7.
702 1181 760 1236 Si
791 1196 921 1251 ergo
954 1179 1098 1234 Deus
1131 1178 1312 1238 Pater.
1346 1189 1403 1231 ut
1450 1179 1600 1232 omni
1659 1179 1940 1232 communi
1969 1193 2095 1232 sen-

513 1269 601 1324 sui
629 1280 1057 1324 uonsentaneutu
1090 1275 1197 1328 est,
1228 1266 1676 1336 enhypostaticus
1720 1275 1823 1328 est,
1850 1279 2098 1335 semper-

513 1375 622 1429 que
659 1361 797 1414 etin
850 1374 909 1414 se
939 1358 1061 1428 ipso
1109 1357 1487 1412 exsistentiatn
1521 1356 1712 1412 habet:
1751 1357 2100 1412 demonstra-

516 1463 631 1508 tum
671 1461 771 1517 est,
801 1452 1096 1521 potentiam
1129 1466 1346 1520 quoque
1379 1449 1496 1513 Dei,
1537 1465 1644 1519 qua
1679 1456 1874 1520 potens
1909 1461 2013 1513 est,
2047 1459 2102 1505 ct

513 1561 621 1615 qua
652 1547 784 1614 agit,
805 1554 861 1599 et
889 1545 1007 1599 sine
1040 1561 1148 1615 qua
1185 1545 1320 1598 nihil
1354 1544 1486 1613 agit,
1520 1559 1644 1614 qua:
1673 1541 1913 1598 Verbum
1955 1558 2098 1614 quo-

513 1654 621 1708 que
650 1647 702 1693 et
727 1637 1007 1708 Sapientia
1043 1638 1135 1692 Dei
1193 1647 1279 1694 est
1315 1653 1380 1692 ac
1420 1637 1643 1699 dicitur,
1676 1647 1730 1691 et
1784 1646 2099 1707 perpetuam

510 1744 634 1782 es-e
670 1735 727 1781 et
749 1727 1244 1798 enhypostatieam.
1269 1726 1532 1780 Similiter
1554 1735 1737 1781 autem
1772 1726 1936 1780 etiam
1967 1741 2103 1781 san-

512 1817 697 1884 ctitas,
753 1832 876 1887 qua
911 1827 967 1873 et
1007 1816 1248 1888 Spiritus
1277 1815 1371 1872 Dei
1413 1817 1634 1881 dicitur,
1686 1818 2101 1890 enhypostatica

511 1916 598 1964 est
623 1918 679 1965 et
705 1919 993 1981 perpetua,
1024 1922 1076 1967 et
1105 1913 1159 1966 in
1204 1927 1264 1968 se
1321 1912 1438 1982 ipsa
1470 1913 1884 1968 subsistentiam
1913 1913 2096 1968 habet.

514 1995 670 2062 Quod
704 2009 886 2056 autem
909 2014 1233 2072 perpetuum
1265 2011 1369 2066 est,
1403 2019 1526 2057 cum
1563 2012 1829 2073 perpetuo
1886 2011 1940 2058 et
1973 2019 2100 2074 per-

517 2101 724 2161 pcltto;
768 2102 826 2146 et
876 2094 1378 2165 enhypostaticum,
1418 2109 1543 2148 eum
1595 2093 2011 2166 enhypostatico
2044 2103 2101 2148 et

516 2183 955 2256 enhypostatico,
1000 2193 1112 2240 tres
1171 2199 1296 2240 esse
1353 2185 1670 2255 hypostasrs
1726 2184 2096 2254 homogeneas

517 2273 1124 2342 consubstantialesque
1185 2276 1518 2343 comperies.
1582 2274 1758 2344 Atque
1820 2273 1910 2328 hic
1939 2273 2099 2328 nobis

516 2376 601 2420 est
657 2363 802 2420 Deus
852 2363 1014 2419 Pater
1041 2373 1097 2420 et
1143 2363 1317 2420 Filius
1343 2375 1399 2419 et
1435 2365 1674 2434 Spiritus
1729 2373 1974 2420 sanctus.
2007 2364 2100 2420 Ille

517 2453 738 2523 quidem
774 2454 986 2524 genitor
1037 2464 1092 2509 et
1149 2455 1468 2526 productor,
1526 2455 1959 2525 impassibiliter,
2010 2456 2098 2509 in-

517 2562 708 2614 quam,
747 2546 1239 2614 iutemporabiliter
1268 2559 1324 2602 et
1389 2548 1836 2618 incerporaliter.
1878 2547 2096 2618 Reliqui

519 2647 724 2700 nutent,
755 2639 890 2692 alter
920 2640 1193 2708 genitura,
1217 2641 1352 2694 alter
1373 2641 1674 2709 processio.
1708 2638 1844 2693 Nam
1872 2640 1916 2694 si
1938 2640 2102 2694 Pater

517 2738 605 2784 est
633 2746 794 2786 verus
817 2730 983 2798 Deus,
1013 2730 1187 2787 Filius
1237 2733 1448 2803 pariter
1477 2749 1543 2788 ac
1573 2733 1814 2802 Spiritus
1845 2744 2096 2798 sanetus,

521 2831 778 2894 tanquam
813 2825 1003 2880 eadem
1038 2826 1110 2880 'et
1148 2841 1255 2880 una
1289 2825 1484 2890 deitas,
1537 2826 1799 2892 indivise,
1839 2835 2098 2896 tanquam

521 2914 576 2969 in
614 2915 828 2979 divisis,
863 2925 923 2971 ut
947 2917 1018 2971 ita
1054 2917 1256 2983 dicam,
1300 2928 1563 2989 spectata.
1598 2921 1666 2974 κι
1707 2928 1894 2974 tamen
1957 2919 2098 2974 haud

521 3016 632 3060 tres
675 3007 770 3061 dii.
803 3005 1070 3078 Quodque
1098 3007 1204 3062 hoc
1233 3023 1422 3063 verum
1450 3010 1543 3073 sit,
1601 3018 1663 3064 ut
1697 3009 1951 3076 superius
1975 3024 2103 3078 pro-

520 3098 670 3162 misi,
701 3101 944 3154 conabor
977 3101 1286 3156 ostendere.
1310 3101 1503 3158 Omnis
1539 3115 1802 3158 numerus
1832 3111 1914 3156 est
1929 3117 2102 3172 quan-

519 3295 704 3340 autem
771 3294 979 3341 naturae
1021 3301 1237 3351 rerum;
1283 3286 1447 3356 idque
1469 3302 1576 3340 non
1605 3295 1876 3353 quatenus
1902 3285 2103 3340 eadem

527 3384 678 3439 sunt,
713 3375 807 3430 sed
839 3386 1116 3444 quatenus
1142 3377 1392 3432 diversae.
1427 3374 1694 3430 Similiter
1725 3374 1892 3429 etiam
1922 3374 2103 3430 omnis

519 3469 960 3527 connumeratio.
990 3469 1042 3523 id
1065 3478 1166 3532 est,
1199 3469 1252 3522 in
1277 3483 1443 3522 tinum
1459 3483 1746 3523 numerum
1773 3467 2102 3538 complexio,

520 3555 934 3623 diversitatum,
979 3566 1253 3624 quatenus
1285 3555 1388 3610 alia
1437 3565 1544 3617 est,
1582 3555 1916 3626 compositio
1952 3570 2108 3611 com-

521 3645 809 3714 plexioque
841 3654 946 3700 est.
994 3645 1163 3715 idque
1193 3645 1282 3699 lict
1321 3645 1696 3707 manifestum,
1765 3647 1809 3701 si
1853 3647 1976 3714 quis
2003 3663 2103 3700 au-

524 3752 676 3791 reum
727 3754 1010 3792 nummunt
1047 3749 1249 3803 sumat,
1282 3755 1519 3807 eumque
1563 3739 1616 3792 in
1677 3739 1920 3808 quinque
1951 3754 2108 3794 com-

522 3831 734 3884 minuat
762 3832 1008 3900 signatos
1032 3832 1372 3896 nummulos,
1419 3831 1533 3900 jam
1574 3846 1680 3884 non
1733 3832 1978 3902 quinque
2006 3846 2106 3885 au-

521 3934 646 3975 reos
669 3919 831 3982 dicet,
871 3930 927 3974 ut
955 3921 1030 3975 rei
1052 3921 1170 3989 ejus
1203 3930 1453 3974 naturam
1487 3919 1731 3986 denotet,
1751 3920 1844 3975 sed
1862 3921 2103 3990 quinque

520 4025 718 4066 aureos
741 4010 984 4082 signatos
1014 4012 1245 4078 solidos,
1285 4021 1342 4065 ut
1398 4011 1475 4064 rei
1509 4010 1770 4078 subjectae
1829 4010 2104 4081 quantita-

525 4111 631 4157 tem
665 4103 963 4174 signiticet,
1007 4112 1062 4158 et
1104 4104 1205 4158 hos
1235 4102 1451 4174 quidem
1486 4118 1594 4156 non
1633 4111 1896 4172 tanquam
1931 4117 2102 4158 unum

522 4196 676 4267 quid,
710 4198 805 4251 scd
851 4197 1122 4253 diversos.
1153 4195 1276 4252 Pari
1327 4195 1492 4250 modo
1537 4194 1590 4249 bi
1646 4210 1839 4250 rursus
1888 4210 2103 4249 connu-

523 4289 742 4354 merati,
771 4291 824 4346 id
864 4301 944 4347 est
983 4291 1230 4361 quinque
1271 4290 1326 4344 in
1359 4305 1528 4344 unum
1569 4303 1857 4344 numerum
1903 4289 2106 4343 roadu-

525 4385 656 4456 nati,
686 4385 1033 4440 diversorum
1087 4393 1363 4454 quatenus
1410 4383 1502 4439 alii
1567 4393 1697 4439 sunt
1745 4383 2103 4452 compositio-

2196 624 2440 692 ἀκτίστῳ
2467 621 2591 674 καθ’
2617 621 2646 674 6
2675 621 2774 674 οὐκ
2811 620 3078 685 ἔκτισται,
3105 623 3170 688 τῇ
3196 619 3355 686 φύσει
3383 620 3581 672 ταυτόν
3611 623 3784 672 ἐστιν·

2198 717 2247 768 εἰ
2275 715 2332 768 δὲ
2359 715 2573 775 ταυτὸν,
2626 713 2721 766 καὶ
2774 712 3014 780 ὁμοφυὲς
3059 713 3152 766 καὶ
3197 713 3518 782 όμοούσιοψ
3548 713 3787 781 φανερὸν

2196 807 2303 870 ἄρα
2351 807 2433 858 ὅτι
2485 807 2518 874 ὴ
2567 805 2934 866 ἑνυπόστατος
2983 803 3208 873 ἀγιότης
3259 801 3354 855 τοῦ
3400 799 3630 874 Θεοῦ,ἥ
3685 804 3786 856 κα1⁵

2199 898 2427 967 Πνεῦμα
2457 897 2611 969 παρὰ
2652 897 2762 950 τῶν
2808 895 2970 950 Θείων
3016 896 3249 966 Γραφῶν
3281 894 3494 966 τρανῶς
3539 896 3784 964 λέγεται,

2197 991 2334 1054 Θεός
2361 991 2422 1044 τέ
2445 991 2594 1044 ἐστιν
2622 989 2896 1060 ἀληθινὸς,
2927 988 3212 1059 ὀμοούσιος
3240 987 3318 1059 τῷ
3351 988 3470 1060 Θεῷ
3525 989 3622 1043 καὶ
3671 991 3789 1043 Πα-

2199 1087 2293 1156 τρὶ
2332 1086 2430 1139 καὶ
2464 1086 2541 1154 τῲ
2565 1086 2680 1156 mp
2707 1085 2898 1138 αὐτοῦ.

2273 1177 2364 1242 ιζ’.
2405 1179 2466 1230 Ei
2492 1177 2585 1231 οῦν
2613 1179 2642 1231 6
2673 1177 2808 1240 Θεὸς
2828 1175 2924 1230 καὶ
2949 1174 3161 1245 Πατὴρ,
3215 1175 3292 1238 ὡς
3343 1175 3547 1238 πάσαις
3577 1179 3791 1241 κοιναῖς

2200 1269 2432 1330 ἐννοίαις
2463 1269 2750 1340 ἑπόμενον,
2774 1267 3142 1330 ἐνυπόστατός
3165 1266 3224 1318 τέ
3261 1267 3400 1332 ἐστι,
3443 1267 3538 1321 καὶ
3567 1269 3652 1321 ἀεὶ
3694 1269 3793 1321 καὶ

2200 1361 2325 1416 καθ’
2347 1361 2512 1415 ἑαυτὸ
2541 1360 2604 1414 τὸ
2637 1357 2775 1414 εἶναι
2810 1359 2950 1430 ἔχει·
2983 1359 3252 1412 δέδεικται
3285 1359 3340 1412 δὲ
3387 1360 3469 1413 ὅτι
3501 1369 3594 1414 καὶ
3625 1363 3658 1430 ἡ
3694 1360 3793 1414 δύο

2200 1469 2367 1523 ναμις
2397 1451 2493 1505 τοῦ
2524 1451 2685 1517 Θεοῦ,
2735 1451 2858 1506 καθ’
2889 1452 2958 1522 ἦν
3011 1453 3128 1504 ἐστι
3179 1450 3424 1514 δυνατὸς,
3477 1451 3570 1504 καὶ
3616 1453 3684 1505 δι’
3723 1445 3796 1526 ἦς

2203 1546 2368 1607 ποιεῖ,
2400 1544 2494 1598 καὶ
2526 1539 2596 1617 ἧς
2623 1545 2792 1615 χωρὶς
2842 1542 2995 1597 οὐδὲν
3035 1545 3216 1604 ποιεῖ,
3262 1543 3298 1614 ἢ
3349 1543 3444 1596 καὶ
3483 1544 3653 1611 Λόγος
3695 1544 3796 1597 καὶ

2204 1637 2376 1705 Σοφία
2425 1636 2564 1690 Θεοῦ
2618 1636 2734 1690 ἔστι
2785 1653 2845 1690 τε
2878 1637 2974 1690 καὶ
3020 1636 3263 1704 λέγεται,
3295 1637 3383 1690 ἀεί
3431 1637 3488 1688 τέ
3547 1636 3662 1689 ὲστι
3697 1637 3796 1690 καὶ

2204 1726 2605 1788 ἐνυπόστατοςο
2654 1725 2920 1789 ὡσαύτως
2966 1726 3023 1779 δὲ
3075 1726 3172 1780 καὶ
3219 1728 3253 1798 ἡ
3304 1728 3566 1796 ἁγιότης,
3613 1728 3647 1798 ἢ
3698 1732 3796 1780 καὶ

2207 1817 2433 1887 Πνεῦμα
2459 1817 2596 1871 Θεοῦ
2624 1818 2865 1886 λέγεται,
2901 1817 3266 1882 ἑνυπόστατός
3295 1819 3355 1871 τέ
3382 1820 3519 1881 ἐστι,
3553 1820 3648 1872 καὶ
3672 1819 3787 1882 ἀεὶ,

2207 1908 2299 1960 καὶ
2322 1907 2444 1961 καθ’
2475 1907 2638 1961 ἑαυτὸ
2663 1910 2724 1961 τδ
2753 1903 2894 1962 εῖναι
2926 1908 3074 1979 ἔχει’
3124 1911 3186 1962 τὸ
3225 1910 3282 1963 δὲ
3324 1911 3411 1964 ἀεὶ
3447 1912 3541 1963 καὶ
3573 1911 3658 1964 ἀεὶ
3696 1913 3795 1966 καὶ

2205 1999 2294 2052 ἀεί
2314 2017 2327 2028 ·
2360 2000 2454 2052 καὶ
2476 1999 2842 2053 ὲνυπόστατον
2873 1998 3016 2070 feed.
3052 2001 3404 2071 ὲνυποστάτῳ
3441 2000 3558 2072 καὶ]
3592 2002 3670 2070 τῷ
3695 2003 3788 2054 ὲν-

2207 2093 2494 2163 υποστάτῳ
2528 2093 2622 2145 καὶ
2652 2093 3002 2164 ὲνυποστάτῳ
3034 2095 3296 2162 ὁμοφυεῖς
3343 2094 3438 2147 καὶ
3470 2095 3798 2164 ὁμοουσὶους

2206 2185 2530 2255 εὐρήοειας·
2556 2185 2653 2238 καὶ
2673 2185 2832 2239 τοῦτό
2863 2187 3012 2240 ἐστιν
3043 2187 3072 2239 6
3099 2186 3232 2249 Θεὸς
3263 2189 3398 2256 ἡμῖν
3427 2187 3454 2240 6
3488 2187 3674 2257 Πατὴρ
3699 2187 3797 2240 καὶ

2207 2275 2339 2338 Υἱὸς
2371 2277 2467 2329 καὶ
2509 2277 2571 2330 τὸ
2602 2277 2824 2346 Πνεῦμα
2851 2277 2913 2331 τὸ
2950 2277 3109 2346 ἆγιον
3129 2293 3143 2309 ·
3174 2279 3204 2332 6
3226 2280 3347 2349 μὲν,
3387 2280 3670 2350 γεννήτωρ
3698 2279 3797 2333 καὶ

2208 2367 2530 2438 προῦολεὺς,
2558 2369 2703 2438 λέγω
2746 2369 2808 2440 δὴ
2850 2370 3079 2435 ἀπαθῶς
3108 2371 3202 2424 καὶ
3231 2371 3478 2442 ἀχρόνως
3521 2371 3618 2424 καὶ
3648 2373 3792 2425 ἀσωο

2211 2461 2398 2530 μάτως
2418 2477 2433 2492 ο
2469 2461 2578 2514 τῶν
2600 2462 2657 2514 δὲ
2680 2462 2740 2514 τὸ
2769 2461 2889 2530 μὲν,
2921 2464 3170 2534 γέννημα
3191 2479 3205 2494 ⁸
3237 2465 3299 2517 τὸ
3338 2464 3396 2517 δὲ
3419 2503 3436 2527 ,
3464 2464 3790 2534 πρόϐλημαο

2209 2549 2259 2601 ει
2289 2549 2398 2620 γὰρ
2437 2550 2530 2602 καὶ
2555 2553 2583 2604 6
2617 2552 2806 2623 Πατὴρ
2851 2552 2984 2616 Θεός
3016 2553 3076 2606 τέ
3129 2555 3280 2607 ἐστιν
3310 2553 3585 2622 ἀληθινὸς,
3631 2557 3726 2609 καὶ
3763 2560 3793 2611 6

2210 2641 2336 2705 Υἱὸς
2358 2642 2454 2694 καὶ
2483 2641 2548 2696 τὸ
2577 2643 2800 2713 Πνεῦμα
2821 2643 2880 2697 τὸ
2912 2644 3089 2712 ἅγιον,
3116 2644 3192 2708 ὡς
3220 2645 3322 2715 τῆς
3349 2646 3522 2716 αὐτῆς
3548 2650 3640 2700 καὶ
3665 2650 3793 2717 μιᾶς

2207 2733 2489 2805 θεότητος,
2527 2736 2840 2807 ἀμερίστως
2869 2737 2946 2799 ὡς
2977 2739 3037 2789 ὲν
3067 2739 3368 2808 μεριστοῖς,
3420 2739 3487 2792 ἵν’
3516 2739 3688 2801 οὕτως
3716 2741 3792 2792 si-

2209 2842 2317 2887 πω,
2346 2824 2727 2898 θεωρουμένης
2746 2845 2760 2860 ο
2792 2827 2905 2882 ἀλλ’
2939 2829 3091 2899 ὅμως
3122 2828 3184 2882 οὐ
3231 2831 3381 2900 τρεῖς
3409 2830 3556 2884 Θεοί·
3591 2833 3685 2884 καὶ
3713 2833 3794 2886 ὅτι

2208 2916 2372 2970 τοῦτο
2412 2917 2631 2988 ἀληθὲς,
2690 2918 2766 2982 ὡς
2801 2919 3123 2990 ὑπεσχόμην
3151 2921 3429 2990 ἀνωτέρω,
3463 2923 3795 2993 πειράσομαι

2207 3009 2397 3073 δεῖξαι.
2441 3010 2554 3073 Πᾶς
2579 3010 2811 3082 ἀριθμὸς
2840 3012 2939 3080 τῆς
2961 3013 3260 3084 ποσότητος
3283 3013 3391 3066 τῶν
3413 3015 3794 3084 ὑποκειμένων

2157 3145 2166 3148 -
2210 3101 2332 3154 ἐστὶ
2364 3101 2687 3173 δηλωτικὺς,
2720 3105 2781 3156 οὐ
2811 3105 2909 3173 τῆς
2934 3105 3149 3172 φύσεως
3180 3106 3289 3159 τῶν
3312 3109 3680 3178 πραγμάτων,
3702 3111 3797 3164 καὶ

517 3190 690 3247 litatis
745 3192 1116 3262 snlnjectarum
1179 3208 1363 3248 rerum
1422 3192 1916 3259 demonstrativus,
1990 3207 2100 3247 non
2133 3232 2176 3291 Ο

2209 3192 2416 3247 τούτων
2438 3194 2535 3263 οὐχ
2615 3195 2850 3260 ταυτῶν,
2873 3195 2988 3247 ἀλλ’
3073 3197 3369 3267 διαφόρων·
3385 3198 3592 3266 ὁμοίως
3615 3197 3672 3252 δὲ
3695 3201 3793 3254 καὶ

2213 3283 2361 3334 πᾶσα
2415 3283 2838 3354 συναρίθμησις,
2888 3286 3171 3338 τουτέστιν
3217 3289 3249 3356 η
3297 3289 3378 3348 εἰς
3412 3287 3509 3340 ἕνα
3561 3287 3799 3358 ἀριθμὸν

2210 3375 2547 3445 συναίρεσις,
2599 3376 2707 3428 τῶν
2747 3377 3090 3447 ὲτεροτήτων
3121 3395 3260 3443 πως,
3408 3379 3572 3451 ἑτέρα
3629 3381 3797 3446 ἐστὶν,

2213 3466 2465 3531 σύνθεσίς
2493 3468 2613 3522 ἐστι
2643 3466 2737 3521 καὶ
2788 3469 3098 3540 συναιρεσις
3121 3489 3135 3502 ·
3174 3472 3270 3524 καὶ
3307 3471 3470 3524 τοῦτο
3514 3471 3696 3540 δῆλον,
3747 3474 3800 3526 εἰ

2207 3560 2364 3614 λάϐοι
2418 3578 2504 3625 τις
2566 3564 2787 3632 χρυσὸν,
2833 3564 2929 3616 καὶ
2967 3564 3157 3617 τοῦτον
3201 3567 3670 3636 κατακερματίσει
3718 3567 3800 3630 εἰς

2210 3651 2373 3704 πέντε
2421 3656 2798 3723 χαρακτῆρας,
2847 3655 2970 3725 οὐχὶ
3016 3655 3176 3709 πέντε
3223 3657 3464 3728 χρυσοῦς
3509 3659 3628 3728 ἐρεῖ
3651 3659 3801 3722 ὅπως

2214 3743 2314 3814 τὴν
2347 3745 2510 3812 φύσιν
2540 3746 2893 3820 ὑποσημάνῃ,
2943 3747 3078 3800 ἀλλὰ
3101 3748 3266 3802 πέντε
3301 3749 3590 3819 χρυσίνους
3631 3767 3803 3823 χαρα-

2213 3837 2424 3906 κτῆρας
2449 3877 2465 3902 ,
2509 3838 2660 3901 ὅπως
2696 3837 2796 3909 τὴν
2825 3839 3102 3909 ποσότητα
3151 3840 3259 3892 τῶν
3289 3841 3667 3910 ὑποκειμένων
3703 3841 3803 3911 δη·-

2210 3927 2389 3999 λώσῃ·
2423 3931 2517 3982 καὶ
2545 3930 2752 3983 τούτων
2784 3924 2951 4004 οὐχ,ᾖ
2983 3932 3215 3996 ταυτῶν,
3248 3932 3363 3985 ἀλλ’
3408 3927 3442 4006 ᾗ
3489 3933 3799 4002 διαφόρων

2209 4020 2474 4084 ὡσαύτως
2520 4021 2578 4074 δὲ
2627 4022 2724 4076 καὶ
2769 4021 2944 4076 ταῦτα
2989 4023 3489 4094 συναριθμούμενα,
3522 4024 3806 4080 τουτέστιν

2211 4114 2291 4174 εἰς
2319 4113 2415 4166 ἕνα
2442 4113 2680 4185 ἀριθμὸν
2712 4115 2823 4168 τῶν
2854 4116 3016 4170 πέντε
3053 4118 3459 4188 συναιρούμενα
3487 4118 3595 4172 τῶν
3625 4119 3810 4188 ἑτερο-

2211 4207 2552 4284 τήτωνξπως
2597 4207 2722 4262 καθ’
2761 4208 2790 4261 6
2818 4209 2982 4278 ἔτερα
3017 4209 3118 4279 τὴν
3151 4210 3402 4264 σύνθεσιν
3448 4211 3763 4281 εἰσάγουσιν
3787 4227 3803 4241 ·

2213 4297 2309 4377 καὶ
2333 4300 2443 4368 γὰρ
2473 4301 2502 4352 6
2525 4299 2756 4370 ἀριθμὸς
2789 4300 2898 4354 τῶν
2921 4295 3196 4373 διαφόρων
3218 4303 3588 4373 πραγμάτων,
3692 4301 3811 4358 διάδ-

2213 4387 2360 4458 φορά
2388 4390 2527 4455 ἐστι,
2559 4389 2905 4460 περιεκτικὺς
2933 4390 3029 4442 καὶ
3055 4389 3456 4460 περιληπτικδς
3480 4389 3546 4443 ἂν
3579 4389 3691 4461 εῐη.

525 4491 648 4531 nem
679 4475 999 4530 conﬁciunt.
1056 4476 1266 4531 Etenim
1308 4492 1589 4542 numerus,
1642 4477 1984 4532 diversarum
2013 4491 2193 4530 rerum
2245 4489 2522 4548 quatenus
2578 4481 2808 4538 diversa:
2871 4491 3022 4546 sunt,
3093 4483 3582 4552 comprehensivus
3653 4491 3815 4536 com-

528 4572 890 4642 plexivusque
921 4582 1055 4643 est”

599 4665 685 4722 18.
705 4663 801 4722 His
817 4680 846 4719 a
866 4665 1025 4720 nobis
1037 4666 1317 4736 expositis,
1337 4665 1706 4719 animadverte
1720 4662 1850 4734 quid
1869 4677 2104 4733 compro‘

2298 4673 2390 4734 ιη’.
2435 4665 2654 4718 Τούτων
2716 4663 2811 4719 οῦν
2861 4666 2993 4735 ἡμῖν
3044 4663 3440 4728 ὑποτεθέντων,
3489 4663 3688 4716 οκόπει
3742 4659 3812 4715 τὺ

528 4761 709 4815 batum
719 4759 812 4816 sit.
827 4758 1098 4825 Quoniam
1114 4759 1297 4814 divina
1313 4775 1377 4812 ac
1394 4759 1549 4812 beata
1569 4766 1784 4822 natura,
1799 4766 1909 4812 tota
1923 4763 2113 4827 quate-

526 4868 630 4910 nus
645 4862 778 4917 tota,
796 4852 1026 4907 indivise
1037 4853 1091 4906 in
1110 4851 1271 4907 Patre
1281 4863 1333 4906 et
1348 4851 1486 4906 Filio
1499 4859 1553 4905 et
1573 4849 1775 4920 Spiritu
1789 4860 1980 4905 sancto
1994 4865 2111 4918 spe-

526 4953 730 5010 ctatur,
745 4954 999 5001 utsermo
1015 4955 1199 5000 uoster
1212 4943 1450 4998 ostendit
1467 4962 1480 4999 :
1499 4959 1674 5013 neque
1693 4944 1745 4997 in
1762 4944 1864 4998 hoc
1881 4943 2118 5014 pluseat,

527 5037 580 5090 in
597 5035 689 5091 illo
703 5035 1004 5102 ntinus,sed
1017 5035 1296 5105 aequaliter
1308 5035 1621 5104 pariterque
1634 5034 2113 5104 praedicamentum

529 5127 590 5182 ﬁt
619 5145 634 5193 ;
671 5141 848 5196 neque
876 5127 1023 5181 aliud
1055 5126 1228 5196 prius,
1260 5125 1406 5180 aliud
1435 5125 1712 5194 posterius
1731 5125 1801 5179 ab
1823 5124 1942 5194 ipso
1973 5137 2114 5192 pra:-

533 5219 846 5274 dicamento
874 5218 1239 5288 signiﬁcatur,
1268 5217 1359 5271 sed
1391 5232 1562 5271 unum
1588 5215 1718 5286 quid
1758 5227 2112 5274 coaeternum.

530 5322 585 5368 et
610 5311 926 5368 omnintode
951 5309 1128 5365 simile
1157 5327 1173 5362 :
1209 5310 1407 5364 etenim
1450 5319 1622 5365 totum
1660 5310 1742 5364 vel
1776 5319 1903 5364 ante
1932 5316 2113 5377 partes

530 5406 822 5476 cogitatur,
840 5403 923 5458 vel
952 5404 1004 5456 in
1035 5402 1171 5472 ipsis
1188 5401 1544 5472 participibus
1575 5421 1590 5470 ;
1620 5403 1784 5472 idque
1815 5417 2007 5456 rursus
2035 5397 2118 5453 vel

532 5497 587 5551 in
656 5511 768 5552 uno
819 5503 1012 5559 totum,
1069 5508 1168 5548 ceu
1260 5504 1430 5548 totum
1535 5493 1767 5550 indivise
1822 5500 2116 5561 Spectatur,

532 5589 616 5645 vel
659 5589 822 5645 etiam
872 5588 926 5642 in
973 5585 1241 5656 reliquis:
1287 5595 1458 5641 totum
1504 5596 1688 5641 autem
1731 5584 1877 5649 dico,
1923 5597 2030 5636 non
2063 5581 2117 5636 id

2223 4754 2796 4827 κατασκευαζόμενον.
2832 4755 2943 4825 Τῆς
2974 4752 3125 4819 θείας
3159 4756 3253 4808 καὶ
3283 4754 3562 4826 μακαρίας
3587 4752 3806 4822 φύσεως

2221 4849 2350 4917 ὅλης
2380 4847 2456 4908 ὡς
2494 4847 2623 4916 ὅλης
2646 4886 2662 4911 ,
2707 4845 3022 4916 ἀμερίστως
3061 4845 3120 4897 ἐν
3145 4860 3206 4898 τε
3249 4843 3328 4914 τῷ
3359 4846 3533 4914 Πατρὶ
3581 4843 3673 4896 καὶ
3721 4836 3807 4911 τῷ

2225 4939 2342 5011 Υἱῷ
2371 4938 2470 4993 καὶ
2497 4938 2577 5010 τῷ
2615 4937 2759 5008 ἁγιῳ
2806 4935 3086 5008 Πνεύματι
3115 4934 3531 5007 θεωρουμένης,
3557 4934 3634 4996 ὥς
3663 4935 3694 4986 6
3719 4932 3814 4986 λόο

2223 5044 2325 5102 γος
2361 5032 2598 5097 ἔδειξεν·
2635 5031 2730 5086 καὶ
2755 5031 2820 5084 οὐ
2853 5029 2948 5082 τοῦ
2985 5029 3088 5099 μὲν
3131 5028 3357 5099 μᾶλλον,
3383 5027 3480 5080 τοῦ
3517 5027 3575 5079 δὲ
3616 5015 3814 5096 ἦττον,

2222 5125 2338 5180 ἀλλ’
2396 5127 2481 5178 ἐπ’
2533 5125 2657 5195 ἴσης
2706 5122 2803 5177 καὶ
2855 5121 3113 5185 ἰσοκλεῶς
3161 5121 3260 5191 τῆς
3291 5119 3630 5191 κατηγορίας
3668 5133 3813 5170 κατι

2223 5217 2600 5288 ηγγελμένης·
2657 5214 2753 5267 καὶ
2773 5214 2836 5266 οὗ
2862 5214 2925 5266 τὸ
2956 5213 3053 5281 μὲν
3081 5212 3364 5284 πρότερον,
3398 5211 3460 5265 τὸ
3483 5211 3540 5264 δὲ
3573 5209 3814 5280 ὕστερον

2219 5309 2322 5378 τῆς
2351 5307 2688 5378 κατηγορίας
2713 5305 3106 5375 ἑμφαινούσης,
3127 5303 3241 5358 ἀλλ’
3260 5305 3375 5375 ἅμα
3401 5305 3496 5357 καὶ
3517 5301 3813 5364 συναῖδξως

2221 5403 2318 5456 καὶ
2343 5401 2487 5455 κατὰ
2520 5401 2702 5454 πάντα
2730 5397 3106 5468 ὁμοιοτρόπως
3133 5396 3334 5468 οῦσης·
3366 5397 3460 5449 καὶ
3488 5396 3600 5466 γὰρ
3628 5395 3663 5464 ἡ
3687 5392 3815 5446 6M-

2221 5512 2322 5566 της
2359 5495 2393 5565 ἢ
2429 5493 2535 5565 πρὸ
2565 5493 2675 5547 τῶν
2707 5491 2894 5563 μερῶν
2947 5489 3272 5553 ἐπινοεῖται,
3324 5488 3357 5558 ἢ
3405 5489 3466 5540 ὲν
3507 5489 3628 5550 τοῖς
3679 5503 3814 5556 μετα

2222 5583 2409 5654 έχουσι
2433 5597 2446 5612 ⁸
2503 5583 2600 5636 καὶ
2647 5581 2856 5634 τούτων
2884 5578 2919 5649 ἢ
2948 5579 3005 5631 ἐν
3031 5577 3109 5648 τῷ
3144 5578 3225 5630 ἐνὶ
3249 5576 3344 5646 ὅλη
3367 5573 3446 5639 ὼς
3472 5576 3570 5644 ὅλη
3603 5573 3807 5647 ἀμερί-

534 5682 677 5752 quod
733 5697 800 5736 ex
845 5679 1094 5750 partibus
1141 5679 1510 5749 compositum
1563 5677 2104 5750 conglutinatnmque

2228 5693 2369 5739 στως
2403 5673 2781 5746 θεωρουμένη,
2805 5672 2838 5743 ἢ
2867 5670 2964 5724 καὶ
2991 5671 3049 5723 ὲν
3079 5671 3192 5732 τοῖς
3219 5669 3426 5731 λοιποῖς
3447 5683 3461 5700 ο
3489 5667 3724 5736 ὁλότητα
3745 5660 3817 5718 δέ

533 5782 618 5827 est
643 5789 658 5839 ;
687 5773 864 5827 absit!
899 5773 993 5828 sed
1029 5773 1104 5838 id,
1127 5771 1273 5842 quod
1308 5779 1493 5841 utpote
1515 5780 1710 5826 natura
1732 5809 1748 5835 ,
1781 5769 1834 5824 in
1865 5771 2104 5839 personis

2225 5786 2370 5839 φημι
2401 5767 2464 5820 οὐ
2489 5767 2588 5838 τὴν
2617 5767 2683 5819 ἐκ
2717 5765 2828 5818 τῶν
2859 5763 3042 5834 μερῶν
3084 5762 3452 5832 συγκειμένην
3486 5761 3580 5815 καὶ
3608 5759 3810 5812 σύνθειι

536 5861 770 5927 propriis
787 5873 1078 5932 spectatur.
1099 5863 1180 5919 Ex
1193 5861 1376 5930 dictis,
1392 5863 1634 5934 inquam,
1648 5869 1882 5930 constat,
1899 5859 2104 5918 Patrem

2218 5876 2335 5928 τον,
2362 5854 2724 5926 ἄπαγε,ἁλλὰ
2739 5853 2838 5925 τὴν
2872 5853 2949 5917 ὡς
2981 5852 3143 5924 φύσιν
3179 5854 3236 5908 ἐν
3263 5854 3382 5917 ταῖς
3402 5851 3641 5916 οἰκείαις
3661 5851 3807 5904 ὑπο-
