4064 6412
329 455 438 518 693

1496 458 1928 520 liEFUTATIO
1969 457 2444 519 MOHAMEDIS;

3492 456 3606 523 694

335 565 595 619 στᾶσεσιν
634 563 1022 637 Θεωρουμένην
1043 585 1056 600 ·
1102 567 1337 636 φανερὸν
1368 569 1450 622 ὅτι
1477 572 1505 624 6
1538 571 1725 640 Πατὴρ
1759 573 1853 624 καὶ
1889 573 1918 625 6

2024 579 2074 625 et
2105 571 2301 625 Filium
2337 577 2392 624 et
2436 566 2702 639 Spiritum
2731 575 3008 632 sanctum,
3042 566 3346 624 secundum
3383 567 3604 624 unicam

337 657 469 720 Υιδς
502 655 594 710 καὶ
621 654 684 708 τό
717 655 940 726 Πνεῦμα
969 657 1031 710 τὸ
1055 656 1229 725 ἅγιον,
1264 659 1404 713 κατὰ
1437 661 1566 730 μίαν
1605 662 1832 729 θεότητά
1855 680 1913 714 τε

344 753 439 806 καὶ
469 748 716 816 ἐξουσίαν
765 749 860 801 καὶ
891 751 1192 819 κυριότητα
1220 753 1586 817 ταυτίζονται,
1628 755 1722 807 καὶ⁵
1752 753 1810 806 ἓν
1839 756 1917 806 εί-

344 855 462 894 σινο
517 838 678 910 εἴπερ
706 840 811 908 τῆς
839 840 1010 910 αὐτῆς
1053 841 1148 894 καὶ
1197 845 1328 910 μιᾶς
1382 843 1638 912 θεότητος
1670 845 1757 895 ἐπ’
1795 846 1916 914 ἴσης

339 929 669 999 πεφύκασιν.
704 931 765 984 El
796 930 891 984 οῦν
926 933 954 984 6
984 932 1118 996 Θεὸς
1141 933 1237 987 καὶ⁸
1270 935 1458 1006 Πατὴρ
1499 937 1594 989 καὶ
1617 937 1646 988 6
1671 935 1798 1000 Υίὺς
1821 938 1916 991 καὶ

336 1024 396 1076 τὸ
422 1023 650 1092 Πνεῦμα
690 1023 748 1076 τὺ
777 1024 932 1090 ἆγιον
968 1023 1094 1079 καθ’
1117 1025 1146 1078 ὃ
1167 1027 1268 1096 τῆς
1297 1028 1428 1097 μιᾶς
1457 1027 1712 1098 Θεότητός
1739 1045 1796 1082 τε
1821 1027 1917 1082 καὶ

333 1113 583 1179 ἐξουσίας
619 1115 874 1177 ίσοκλεῶς
911 1115 1148 1184 ἔχουσιν,
1183 1117 1243 1170 ’ἐν
1273 1118 1334 1170 τέ
1363 1119 1474 1171 εἰσι
1507 1119 1605 1173 καὶ
1630 1120 1914 1173 πιστεύον-

332 1223 450 1270 ται,
478 1205 832 1277 ὡμολόγηται
855 1205 914 1260 δὲ
947 1207 1029 1260 ὅτι
1081 1208 1192 1271 πᾶς
1233 1208 1468 1281 ἀριθμὸς
1489 1212 1588 1282 τῆς
1615 1213 1916 1282 ποσότητος

330 1296 446 1351 τῶν
474 1297 854 1368 ὑποκειμένων
883 1298 1002 1351 ἐστὶ
1026 1299 1346 1368 δηλωτικὸς,
1364 1302 1459 1354 xci.
1485 1302 1545 1355 οὐ
1575 1303 1675 1371 τῆς
1703 1303 1919 1372 φύσεως

331 1385 448 1439 τῶν
490 1388 838 1456 πραγμάτων
858 1403 873 1418 ο
907 1389 1002 1441 καὶ
1028 1389 1236 1444 τούτων
1272 1391 1370 1461 οὑχ
1458 1393 1690 1460 ταυτῶν,
1726 1394 1841 1447 ἀλλ’

330 1477 646 1548 διαφόρων
693 1481 787 1533 καὶ
826 1482 980 1534 πᾶσα
1016 1483 1434 1554 συναρίθμησις,
1465 1487 1740 1540 τουτέστιν
1776 1489 1808 1557 ἡ
1837 1490 1918 1551 είς

329 1568 433 1623 ἕνα
450 1570 686 1640 ἀριθμὸν
704 1571 1016 1643 συναίρεσις
1041 1573 1152 1626 τῶν
1175 1575 1510 1646 ἑτεροτήτων
1540 1595 1678 1642 πως,
1757 1577 1920 1648 ἕτερά

329 1661 477 1724 ἐστι,
511 1660 764 1724 σύνθεσίς
796 1661 946 1728 ἐστι,
983 1664 1218 1734 φανερὸν
1248 1667 1360 1736 ἄρα
1389 1668 1474 1720 ὅτι
1501 1667 1638 1723 Θεὸν
1676 1670 1772 1722 τὸν
1805 1670 1919 1722 Πα-

327 1751 470 1822 τέρα
518 1751 664 1816 ἰδίως
691 1752 960 1821 λέγοντες,
1011 1753 1276 1819 ὡσαύτως
1303 1757 1360 1810 δὲ
1391 1760 1484 1812 καὶ
1515 1758 1607 1812 τὸν
1636 1760 1782 1823 Υίὸν,
1823 1759 1918 1813 καὶ

330 1844 398 1897 τὺ
428 1844 654 1914 Πνεῦμα
679 1845 740 1898 τὸ
773 1844 948 1913 ἅγιον,
983 1847 1044 1901 οὑ
1075 1851 1220 1917 τρεῖς
1254 1848 1408 1912 Θεοὺς
1444 1852 1744 1920 εἰσάγομεν
1789 1869 1918 1904 συν-

329 1935 704 2006 αριθμοῦντες
742 1935 843 2008 τὴν
869 1937 1032 2007 φύσιν
1050 1955 1064 1970 ·
1096 1935 1164 2010 ἦν
1191 1938 1301 2010 γὰρ
1336 1940 1403 1993 ἂν
1429 1943 1458 1994 6
1486 1942 1724 2014 ἀριθμὸς
1750 1943 1846 1997 καὶ
1881 1945 1915 2014 ἡ

334 2028 740 2098 συναρίθμησις
770 2030 872 2098 τῆς
905 2031 1142 2100 φύσεως,
1176 2033 1273 2086 καὶ
1305 2033 1367 2086 οὑ
1394 2034 1506 2088 τῶν
1536 2036 1916 2108 ὑποκειμένων

329 2121 680 2190 πραγμάτων
705 2123 804 2193 τῆς
831 2124 1146 2208 ποσότητος,
1174 2125 1269 2179 καὶ
1293 2126 1405 2181 τῶν
1431 2128 1646 2182 ταυτῶν
1744 2129 1918 2184 ταυτά

325 2215 470 2277 ἐστι,
504 2212 602 2267 καὶ
630 2214 752 2284 οὑχὶ
783 2215 895 2268 τῶν
929 2215 1133 2286 ἑτέρων
1231 2217 1396 2286 ἕτερά
1424 2219 1593 2282 ἐστιν,
1637 2219 1777 2290 ὅπερ
1817 2221 1916 2290 οὑχ

323 2303 679 2374 ὡμολόγηται
701 2321 714 2335 ·
749 2305 831 2359 διὸ
869 2306 1090 2377 Πατέρα
1115 2307 1509 2377 ὁμολογοῦντες
1541 2311 1634 2362 καὶ
1663 2310 1793 2363 Υίὸν
1822 2313 1918 2364 καὶ

329 2394 562 2464 Πνεῦμα
591 2395 771 2462 ἆγιον,
817 2396 881 2449 οὑ
913 2396 1038 2450 καθ’
1071 2397 1101 2449 ὃ
1133 2398 1320 2469 Πατὴρ
1349 2400 1383 2471 ἢ
1433 2399 1563 2464 Υίὸς
1607 2401 1642 2470 ἢ
1692 2401 1919 2472 Πνεῦμα

326 2486 494 2552 ἅγιον
539 2487 600 2540 ἓν
645 2487 763 2540 ἐστι
796 2488 1245 2559 καταγγέλλομεν
1277 2489 1474 2558 (ταῦτα
1497 2492 1608 2563 γὰρ
1637 2493 1915 2565 διάφορα),

328 2576 454 2628 ἀλλ’
595 2579 694 2648 μία
745 2578 938 2650 θεότης
981 2596 1043 2633 τε
1095 2581 1192 2634 καὶ⁹
1225 2581 1469 2650 ἐξουσία,
1507 2583 1603 2638 καὶ
1649 2579 1730 2647 εἷς
1784 2585 1920 2648 Θεὸς

332 2667 650 2737 θεωρεῖται,
683 2669 789 2723 κᾶν
815 2669 948 2741 τρία
973 2673 1095 2736 ταῖς
1125 2673 1461 2728 ὑποστάσεσι
1493 2676 1844 2747 πιστεύηται.

410 2761 498 2814 ιθν.
531 2762 642 2815 Καὶ
662 2761 837 2826 ἄλλως
853 2763 971 2816 ἔστι
990 2762 1188 2831 δεῖξαι,
1208 2767 1293 2819 ὅτι
1321 2772 1382 2819 οὺ
1416 2770 1567 2838 τρεῖς
1596 2767 1754 2832 Θεοὺς
1801 2769 1919 2821 elo-

329 2849 552 2919 ἀγομεν
606 2851 700 2904 ἐπὶ
729 2853 796 2922 τῇ
839 2853 938 2923 μιᾷ
969 2852 1210 2925 θεότητι,
1260 2855 1366 2910 κᾶν
1397 2858 1548 2927 τρεῖς
1593 2857 1920 2921 ὑποστάσεις

328 2942 748 3014 ὁμολογοῦμεν’
800 2946 852 2998 εί
893 2945 991 2999 οὖν
1035 2949 1067 3000 6
1114 2947 1306 3019 Πατὴρ
1345 2949 1440 3002 καὶ
1486 2951 1516 3004 6
1565 2949 1690 3010 Υίδς
1721 2951 1816 3004 καὶ
1857 2951 1920 3003 τὸ

332 3033 567 3103 Πνεῦμα
595 3035 656 3088 τὸ
689 3036 847 3105 ἅγιον
872 3038 1121 3108 ἀκριϐῶς
1173 3041 1304 3111 παρ’
1333 3041 1465 3111 ἡμῖν
1511 3041 1779 3096 δέδεικται
1837 3044 1919 3096 ὅτι

328 3125 438 3192 τῆς
471 3127 602 3195 μιᾶς
634 3127 732 3180 καὶ
766 3129 1026 3184 άκτίστου
1068 3131 1165 3186 καὶ
1212 3132 1480 3204 ἀγενήτου
1513 3131 1768 3202 θεότητος
1795 3151 1920 3186 συν-

2019 663 2380 726 divinitatem,
2431 667 2752 730 potestatem
2813 673 2879 714 ac
2943 658 3407 722 dominationem,
3458 657 3603 712 idem

2021 767 2302 822 unumque
2340 767 2500 819 esse;
2537 751 2807 821 siquidem
2839 765 3004 804 unam
3039 750 3395 819 eamdemque
3431 748 3606 804 deita-

2019 853 2126 901 tem
2160 859 2315 915 mque
2353 852 2558 899 tenent.
2591 843 2648 898 Si
2681 857 2814 912 ergo
2842 841 2986 897 Deus
3013 840 3196 906 Pater,
3231 849 3286 894 et
3311 839 3516 906 Filius,
3550 846 3606 892 et

2021 936 2260 1007 Spiritus
2291 944 2538 1000 sanctus,
2568 944 2841 1006 quatenus
2864 932 3112 988 eamdem
3135 932 3391 988 deitatem
3413 945 3478 983 ac
3503 943 3603 998 po—

2022 1037 2272 1084 testatem
2306 1043 2462 1098 aeque
2504 1027 2722 1093 habent,
2758 1039 2929 1078 unum
2960 1023 3089 1094 quid
3124 1032 3335 1079 suntet
3372 1020 3610 1077 credu’n-

2020 1132 2153 1188 tur;
2193 1122 2248 1175 in
2279 1121 2532 1177 confesso
2554 1128 2735 1174 autem
2780 1127 2866 1175 est
2902 1132 3122 1172 omnem
3166 1130 3454 1170 numerum
3501 1113 3604 1169 de-

2020 1223 2334 1269 monstrare
2392 1212 2758 1282 suhjectarum
2815 1224 3000 1265 rerum
3044 1207 3443 1278 quantitatem,
3496 1218 3608 1259 non

2021 1317 2203 1362 autem
2234 1321 2415 1362 rerum
2445 1314 2723 1365 naturam,
2756 1311 2810 1357 et
2839 1302 3034 1356 harum
3070 1299 3291 1369 quidem
3329 1312 3439 1352 non
3469 1309 3609 1365 qua-

2019 1407 2180 1454 tenus
2206 1397 2546 1461 earumdem,
2571 1395 2666 1450 sed
2697 1403 2970 1464 quatenus
2999 1394 3183 1462 potius
3213 1391 3556 1444 diversarum
3590 1403 3612 1452 ;

2019 1500 2074 1546 et
2096 1489 2141 1546 si
2161 1489 2341 1545 omnis
2366 1487 2801 1549 connumeratio,
2821 1487 2871 1542 id
2892 1494 2998 1548 est,
3021 1485 3076 1538 in
3106 1497 3277 1537 unum
3307 1493 3598 1536 numerum

2021 1581 2354 1642 contractio,
2397 1579 2808 1642 diversitatttm,
2852 1586 3126 1646 quatenus
3169 1575 3400 1628 diversa:
3442 1579 3615 1635 sunt,

2019 1671 2344 1742 compositio
2369 1680 2453 1726 est
2482 1687 2496 1733 ;
2522 1679 2735 1724 constat
2761 1683 3014 1738 prorsus,
3043 1666 3190 1735 quod
3228 1679 3354 1719 cum
3390 1661 3607 1717 Patrem

2021 1777 2269 1820 seorsum
2294 1762 2550 1823 dicimus,
2585 1761 2823 1830 itemque
2859 1759 3055 1813 Filium
3081 1766 3138 1812 et
3175 1756 3440 1825 Spiritum
3483 1769 3614 1808 san-

2021 1865 2171 1912 ctum
2199 1895 2214 1920 ,
2245 1864 2358 1910 tres
2401 1853 2537 1908 deos
2566 1869 2672 1907 non
2710 1852 3024 1908 inducimus
3063 1849 3219 1920 quasi
3268 1845 3612 1903 numerando

2021 1953 2297 2000 naturam.
2330 1941 2524 2009 Secus,
2551 1957 2813 1998 numerus
2834 1949 2889 1996 et
2912 1939 3335 1995 connumeratio
3357 1947 3610 1991 naturam

2020 2038 2278 2101 alliceret,
2292 2052 2401 2092 non
2419 2045 2601 2091 autem
2621 2035 2992 2106 subiectarum
3008 2046 3193 2088 rerum
3211 2031 3568 2099 quantitatem
3594 2045 3610 2092 ;

2017 2139 2077 2186 et
2107 2130 2323 2198 quidem
2355 2145 2451 2185 eas
2483 2139 2744 2198 tanquam
2772 2125 3016 2188 easdem,
3043 2138 3154 2178 non
3185 2122 3429 2177 diversas
3451 2127 3616 2191 prout

2020 2225 2254 2279 diversa
2296 2232 2466 2288 sunt;
2514 2225 2662 2293 quod
2702 2236 2809 2275 non
2856 2217 3195 2275 conceditur.
3249 2216 3436 2284 Itaque
3483 2228 3611 2268 cum

2020 2316 2235 2371 Patrem
2265 2315 2592 2370 conlitemur
2617 2322 2672 2369 et
2702 2313 2903 2367 Filium
2931 2322 2984 2366 et
3028 2309 3293 2379 Spit-itum
3337 2315 3614 2368 sanctum,

2023 2425 2129 2463 non
2159 2409 2316 2479 quasi
2344 2408 2500 2462 Pater
2531 2416 2585 2462 et
2613 2405 2786 2460 Filius
2825 2412 2879 2460 et
2913 2403 3152 2473 Spiritus
3186 2407 3411 2455 sanctus
3441 2412 3613 2452 unum

2021 2501 2151 2570 quid
2202 2501 2314 2555 sint
2354 2497 2815 2569 pronuntiamus;
2877 2495 2933 2549 hi
2997 2493 3144 2548 enim
3197 2489 3397 2545 diversi
3461 2497 3612 2549 sunt,

2020 2590 2114 2644 sed
2143 2599 2412 2660 quatenus
2438 2602 2545 2642 una
2568 2586 2762 2650 deitas,
2785 2599 2892 2638 una
2921 2590 3182 2652 potestas,
3215 2591 3268 2634 et
3295 2595 3440 2632 unus
3473 2577 3619 2630 Deus

2019 2683 2738 2752 consideratur,quanquam
2766 2688 2877 2734 tres
2903 2691 3153 2746 persona:
3184 2673 3506 2729 creduntur.

2095 2775 2184 2829 i9.
2239 2774 2435 2829 Adhuc
2473 2773 2632 2828 aliter
2675 2786 2791 2826 rem
2849 2771 3232 2825 demonstrare
3274 2777 3570 2833 possumus
3599 2803 3615 2823 ,

2021 2879 2369 2935 nequaquam
2408 2871 2522 2919 tres
2558 2864 2696 2919 Deos
2725 2877 2756 2916 a
2787 2860 2943 2915 nobis
2970 2858 3154 2914 induci
3185 2857 3240 2910 in
3277 2869 3385 2908 una
3416 2851 3619 2908 divini-

2021 2966 2157 3020 tate,
2181 2956 2396 3010 etiamsi
2427 2969 2690 3024 personas
2713 2965 2828 3008 tres
2844 2951 3194 3008 confitemur.
3225 2947 3284 3002 Si
3301 2962 3432 3017 ergo
3455 2945 3619 3000 Pater

2023 3057 2076 3102 et
2132 3046 2302 3103 Filius
2339 3056 2396 3102 et
2436 3047 2673 3116 Spiritus
2715 3053 2941 3101 sanctus
2966 3083 2980 3106 ,
3020 3051 3184 3113 prout
3222 3048 3478 3096 accurate
3515 3053 3624 3092 nos

2023 3137 2545 3202 demonstravimus,
2605 3152 2768 3191 unam
2823 3151 2924 3191 nec
2966 3145 3206 3190 creatam
3265 3145 3365 3186 nec
3417 3132 3617 3185 lactant

327 3217 527 3280 αῖδίως
557 3217 746 3289 ἔχουσι
767 3261 781 3285 ,
818 3220 913 3274 καὶ
945 3222 1046 3290 μία.
1071 3221 1233 3291 φύσις
1260 3223 1370 3277 τῶν
1398 3224 1568 3296 τριῶν
1596 3228 1920 3297 κατηγορεῖ-

2026 3227 2364 3283 divinitatem
2396 3237 2660 3297 perpetuo
2689 3229 2853 3282 simul
2885 3227 3119 3291 habent,
3159 3239 3379 3294 unaque
3419 3231 3615 3277 natura

329 3327 450 3372 ται,
489 3313 587 3366 καὶ
633 3311 732 3382 οὑχ
773 3313 939 3381 ἑτέρα
979 3315 1077 3369 καὶ
1128 3315 1314 3387 ἑτέρα,
1353 3317 1591 3388 φανερὸν
1635 3318 1719 3371 ὅτι
1771 3323 1922 3389 τρεῖς

327 3401 666 3466 ὑποστάσεις
717 3402 991 3472 λέγοντες,
1048 3406 1110 3459 οὑ
1172 3408 1566 3478 συνεισάγομεν
1612 3409 1709 3464 καὶ
1772 3411 1922 3478 τρεῖς

329 3493 530 3556 οεοὺςο
579 3498 628 3548 ei
671 3496 784 3567 γάρ
837 3513 922 3561 τις
961 3500 1094 3569 ἡμῖν
1135 3498 1296 3553 τοῦτο
1337 3501 1739 3572 καταφημίζει,
1768 3501 1923 3556 οὐδὲν

329 3585 468 3638 ἄλλο
511 3586 679 3642 αὑτὸν
713 3587 830 3642 ἔστι
859 3588 1063 3656 λέγειν,
1099 3589 1213 3642 ἀλλ’
1245 3591 1279 3662 ἢ
1312 3591 1458 3645 κατὰ
1504 3592 1706 3645 ταυτὸν
1755 3591 1815 3646 ἓν
1861 3609 1923 3645 τε

329 3679 434 3732 καὶ
483 3679 655 3734 πολλὰ
703 3676 868 3746 εἶναι,
914 3682 1009 3734 καὶ
1046 3681 1146 3752 τὴν
1193 3683 1484 3753 ἀντίφασιν
1511 3685 1922 3755 συναληθεύειν,

331 3771 538 3824 καὶτὰ
567 3771 834 3826 ἐλάττονα
887 3772 998 3826 τῶν
1047 3775 1308 3828 ὲπιπλέον
1371 3776 1800 3850 κατηγορεῖσθαι
1829 3778 1924 3831 καὶ

333 3861 642 3929 ὲξισάζειν,
667 3865 807 3937 ὅπερ
838 3866 961 3919 οὐδὲ
983 3868 1104 3929 ταῖς
1131 3867 1378 3936 λογικαίς
1414 3867 1682 3939 μεθόδοις,
1710 3871 1831 3924 οὐδὲ
1854 3873 1921 3941 τῇ

326 3955 565 4026 ἀληθείᾳ
592 3957 885 4027 σύμφωνον
902 3971 919 3987 ⁶
943 3959 1039 4011 καὶ
1064 3959 1215 4022 ὅπως
1243 3961 1375 4030 ἡμῖν
1407 3961 1580 4030 σαφὲς
1607 3961 1837 4032 γένηται
1863 3963 1925 4015 τὸ

325 4047 655 4114 λεγόμενον,
687 4047 766 4110 ὡς
795 4048 855 4100 ὲν
873 4047 1278 4118 ὑποδείγματος
1305 4051 1496 4121 τρόπῳ
1518 4050 1618 4122 τὴν
1649 4051 1926 4122 ἀνθρωπί-

324 4152 436 4204 νην
461 4134 628 4203 φύσιν
657 4135 940 4201 λαϐόντες,
967 4138 1062 4190 καὶ
1087 4139 1172 4206 ἐφ’
1199 4131 1275 4192 ὧν
1303 4139 1480 4212 ταύτῃ
1505 4143 1920 4212 κατηγορεῖται,

325 4225 497 4295 δῆλον
524 4227 656 4298 ὑμῖν
693 4228 757 4280 τὸ
799 4227 1095 4298 λεγόμενον
1135 4231 1480 4301 παραστήσω
1502 4249 1516 4261 °
1547 4233 1732 4287 Ἔστω
1758 4235 1792 4303 ἡ
1828 4235 1924 4288 άν-

326 4318 582 4388 θρωπίνη
641 4318 804 4388 φύσις
839 4320 917 4384 ὡς
965 4321 1026 4372 ὲν
1077 4320 1334 4375 ὑποθέσει
1367 4321 1536 4393 τριῶν
1564 4323 1924 4378 ὑποστάσεων

332 4409 523 4477 μόνων
545 4410 1024 4480 κατηγορουμένη,
1055 4407 1168 4464 οἷον
1196 4413 1428 4484 Πέτρου,
1461 4414 1626 4486 φημὶ.
1659 4416 1753 4468 καὶ
1777 4415 1926 4470 [lado

324 4501 428 4554 λου
462 4501 558 4554 καὶ
585 4501 790 4572 Θωμᾶ·
819 4501 961 4572 αὕτη
986 4502 1079 4556 οὑν
1108 4505 1142 4574 ὴ
1170 4503 1333 4574 φὺσις
1367 4504 1462 4574 ὅλη
1489 4505 1566 4568 ὼς
1595 4507 1692 4576 ὅλη
1727 4507 1925 4579 ἀμερί-

2023 3317 2189 3372 trium
2223 3317 2569 3387 praedicatur,
2591 3332 2703 3372 non
2739 3317 2846 3371 alia
2872 3325 2927 3370 et
2955 3317 3083 3381 alia,
3114 3321 3262 3385 patet
3289 3313 3458 3384 quod,
3484 3313 3621 3367 dum

2025 3419 2140 3465 tres
2166 3423 2434 3479 personas
2461 3409 2720 3470 dicimus,
2767 3409 2912 3463 haud
2953 3418 3066 3464 tres
3107 3408 3240 3463 deos
3281 3407 3620 3461 inducimus.

2025 3501 2182 3568 Quod
2207 3501 2253 3557 si
2285 3501 2410 3572 quis
2449 3501 2612 3557 nobis
2643 3501 2891 3570 imputet,
2929 3501 3072 3555 idem
3101 3499 3235 3556 facit
3262 3498 3489 3563 dicenti,
3520 3497 3623 3552 ali-

2025 3588 2158 3658 quid
2181 3589 2482 3644 secundum
2503 3590 2668 3651 idem,
2694 3598 2750 3644 et
2772 3604 2944 3644 unum
2970 3603 3094 3645 esse
3117 3597 3174 3644 et
3194 3589 3375 3659 plura,
3405 3596 3461 3643 et
3483 3602 3623 3642 con-

2027 3680 2340 3737 tradictioni
2376 3682 2558 3737 inesse
2597 3681 2886 3737 veritatem
2909 3721 2924 3745 ,
2970 3690 3026 3738 et
3061 3685 3274 3736 minora
3315 3680 3621 3752 majoribus

2027 3774 2303 3842 exaequari
2330 3773 2646 3843 pariterque
2676 3773 2934 3843 appellari
2969 3792 2981 3828 :
3019 3775 3165 3843 quod
3204 3787 3383 3842 neque
3429 3770 3622 3840 logicis

2027 3863 2232 3932 regulis
2253 3878 2430 3932 neque
2455 3863 2664 3918 veritati
2695 3871 2985 3920 consonat.
3009 3863 3188 3933 Atque
3212 3875 3269 3920 ut
3296 3863 3456 3919 nobis
3477 3862 3620 3918 dicta

2029 3969 2119 4008 res
2170 3953 2370 4008 clarior
2414 3954 2528 4018 liat,
2576 3953 2872 4008 humanam
2909 3964 3162 4008 naturam
3197 3954 3265 4008 ad
3309 3953 3621 4021 exemplum

2027 4061 2278 4112 sumens,
2307 4046 2608 4102 secundum
2636 4046 2883 4116 ejusdem
2924 4047 3374 4116 praedicamenta,
3406 4043 3622 4114 perspi-

2027 4153 2190 4193 cuam
2215 4137 2372 4193 vobis
2399 4139 2594 4192 iaciam
2625 4139 2933 4192 orationem
2973 4154 3173 4192 meam.
3208 4136 3341 4193 Esto
3374 4137 3622 4191 humana

2028 4241 2223 4286 natura
2258 4242 2521 4300 tanquam
2564 4231 2619 4285 in
2661 4229 2910 4300 subjecto
2939 4231 3098 4285 trium
3125 4238 3334 4284 tantum
3364 4245 3624 4298 persona-

2026 4335 2151 4375 rum
2179 4321 2495 4391 praedicata,
2526 4321 2691 4376 veluti
2728 4321 2896 4385 Petri,
2931 4320 3108 4384 Pauli,
3135 4336 3199 4375 ac
3221 4319 3468 4376 Thomze.
3497 4319 3622 4376 Haec

2028 4413 2198 4482 igitur
2218 4422 2416 4468 natura
2439 4423 2552 4468 tota
2579 4421 2736 4483 prout
2765 4423 2850 4469 est
2881 4413 3114 4469 indivise
3141 4413 3195 4467 in
3230 4414 3413 4479 Petro,
3451 4413 3624 4468 Paulo

2031 4519 2098 4559 ac
2117 4502 2793 4565 Thoma,denominatur:
2829 4519 2950 4556 nam
2991 4503 3188 4557 horum
3220 4503 3622 4573 unusquisque,

327 4609 478 4654 στως
503 4593 600 4646 ἐπὶ
627 4593 840 4666 Πέτρου
873 4597 968 4649 καὶ
1001 4595 1216 4650 Παύλου
1261 4596 1359 4650 καὶ
1384 4596 1560 4668 Θωμᾶ
1601 4601 1920 4670 κατηγορεῖ-

2024 4595 2228 4650 animal
2259 4604 2345 4652 est
2380 4596 2670 4663 rationale,
2703 4595 2936 4650 mortale
2957 4636 2972 4661 ,
3019 4594 3223 4649 mentis
3269 4594 3631 4665 scientiaeque-

323 4697 464 4736 ται·
498 4683 594 4738 καὶ
622 4683 732 4754 γὰρ
763 4683 995 4749 ἕκαστος
1038 4683 1193 4757 [βοά.
1227 4685 1486 4759 ἕκαστον]
1521 4687 1750 4754 τούτων,
1781 4687 1922 4752 ζῶον

323 4774 554 4843 λογικὸν
594 4774 810 4846 θνητὸν,
845 4776 943 4830 νοῦ
991 4777 1086 4832 καὶ
1133 4779 1451 4849 ἐπιστήμης
1477 4778 1730 4833 δεκτικόν
1764 4780 1884 4833 ἐστι
1905 4795 1918 4808 ·

323 4865 575 4937 φανερὸν
603 4867 687 4920 ὅτι
715 4869 905 4922 καὶτὰ
939 4869 1259 4940 μετέχοντα,
1291 4870 1416 4924 καθ’
1440 4870 1473 4924 ὃ
1504 4871 1604 4941 τῆς
1632 4871 1803 4942 αὑτῆς
1826 4873 1923 4926 καὶ

329 4959 470 5029 μιᾶς
501 4959 718 5027 φύσεως
757 4961 1101 5031 μετέχουσιν.
1126 4961 1188 5015 ἓν
1217 4979 1279 5016 τε
1303 4963 1400 5017 καὶ
1420 4963 1600 5018 ταυτά
1623 4964 1764 5017 είσι⁹
1796 4963 1921 5019 καθ’

323 5051 360 5106 ὃ
397 5051 458 5106 δὲ
487 5051 723 5123 διάφορα
771 5056 895 5117 ταῖς
942 5054 1299 5117 ὑποστάσεσι,
1350 5055 1564 5110 καὶτὸν
1592 5057 1749 5128 τρεῖς
1799 5056 1922 5128 ἀρι-

327 5142 474 5212 θμδν
496 5141 903 5214 ἐκληρώσαντο.
927 5145 987 5197 El
1013 5141 1108 5198 οὖν
1130 5162 1217 5208 τις
1243 5146 1345 5216 τὴν
1374 5146 1688 5214 ἅνθρωπος
1713 5145 1919 5216 φωνὴν,

327 5235 612 5306 ἥτις-ἐστὶ
642 5235 861 5305 φύσεως
899 5236 1172 5308 δηλωτικὴ
1209 5239 1306 5291 ἐπὶ
1331 5237 1441 5291 τῶν
1473 5238 1652 5309 τριῶν
1682 5239 1920 5293 61:06:61-

241 5307 267 5408 ξ,
331 5345 500 5394 σεων,
533 5328 664 5399 μίαν
690 5324 856 5382 οὖσαν
885 5332 979 5381 καὶ
1012 5328 1114 5398 τὴν
1143 5329 1316 5400 αὑτὴν
1345 5329 1441 5382 καὶ.
1465 5307 1779 5400 ἀμερίστως
1823 5330 1924 5383 αὑ-

243 5407 256 5435 ⁵
325 5420 445 5475 τῶν
503 5419 1009 5492 κατηγορουμένην,
1059 5416 1182 5474 εἶτα
1229 5421 1328 5475 καὶ
1360 5421 1440 5486 ὡς
1483 5421 1656 5493 τριῶν
1699 5437 1923 5494 συναρι-

329 5511 680 5582 θμουμένων,
737 5513 832 5565 καὶ
882 5512 1085 5583 ταύτην
1122 5514 1224 5584 τὴν
1251 5513 1568 5582 ἄνθρωπος
1612 5515 1798 5585 φωνὴν
1865 5516 1924 5581 ἐξ

329 5604 589 5673 ἀνάγκης
623 5605 746 5668 ταῖς
787 5604 1122 5657 ὑποστάσεσι
1167 5605 1593 5678 συναριθμήσει,
1632 5609 1786 5676 τρεῖς
1827 5607 1924 5660 ἁν-

332 5694 593 5766 θρώπους
627 5695 874 5764 φάσκων,
903 5696 1059 5750 οὐδὲν
1081 5696 1214 5752 ἄλλο
1242 5697 1412 5767 λέγει,
1441 5699 1557 5752 ἀλλ’
1580 5699 1613 5770 ἦ
1646 5702 1796 5769 τρεῖς
1825 5699 1928 5768 φύ-

335 5803 458 5849 σεις
485 5788 544 5839 ὲν
573 5790 698 5852 ταῖς
740 5791 918 5860 τρισὶν
957 5790 1294 5844 ὑποστάσεσι
1341 5791 1699 5864 Θεωρεῖσθαιο
1741 5794 1774 5862 ἡ
1813 5793 1926 5863 γὰρ

335 5877 655 5948 ἄνθρωπος
677 5883 832 5954 φωνὴ
871 5881 1091 5954 φύσεώς
1114 5883 1234 5938 ἐστι
1256 5883 1528 5957 δηλωτική
1547 5902 1561 5916 ’
1597 5889 1646 5939 εἰ
1669 5885 1724 5939 δὲ
1745 5884 1921 5950 τοῦτο,

2027 4701 2220 4756 capax.
2245 4685 2475 4743 Constat
2511 4687 2612 4741 hos
2640 4685 2956 4756 participes,
2991 4693 3262 4753 quatenus
3291 4698 3454 4736 unam
3477 4699 3620 4738 eam-

2027 4779 2266 4850 demque
2302 4786 2557 4833 naturam
2600 4777 2951 4848 participant,
2988 4792 3156 4832 unum
3203 4773 3335 4845 quid
3367 4772 3624 4841 idemque

2027 4884 2188 4925 esse:
2221 4877 2494 4938 quatenus
2521 4876 2702 4922 autem
2739 4867 2938 4922 diversi
2971 4876 3100 4921 sunt
3129 4863 3400 4935 personis,
3433 4873 3622 4916 terna-

2028 4961 2170 5016 rium
2200 4976 2487 5015 numerum
2514 4960 2732 5014 habere.
2752 4958 2810 5013 Si
2830 4959 2955 5029 quis
2973 4972 3103 5028 ergo
3128 4958 3450 5012 vocabulum
3468 4957 3626 5008 homo

2030 5053 2177 5121 quod
2209 5059 2463 5106 naturam
2500 5049 2745 5114 denotat,
2782 5049 3039 5120 quodque
3067 5063 3238 5102 unum
3274 5047 3528 5114 idemque
3569 5053 3626 5098 et

2032 5144 2266 5198 indivise
2285 5145 2352 5197 tle
2377 5144 2552 5196 tribus
2569 5141 2926 5211 praedicatur;
2949 5140 3144 5196 deinde
3169 5149 3428 5209 tauquam
3445 5137 3622 5190 tribus

2026 5237 2140 5307 jam
2169 5234 2788 5298 simulconnumeratis,
2817 5234 2958 5289 idem
2985 5234 3091 5287 hoc
3116 5232 3440 5287 vocabulum
3467 5231 3631 5283 homo

2033 5327 2346 5383 necessario
2387 5342 2516 5381 cum
2561 5327 2815 5393 personis
2852 5332 3230 5389 connumeret,
3275 5330 3387 5376 tres
3432 5321 3622 5373 dicens

2035 5420 2285 5475 homines
2313 5437 2327 5485 ;
2353 5418 2489 5473 nihil
2521 5419 2668 5474 aliud
2692 5419 2845 5480 dicit,
2879 5418 2982 5472 nisi
3003 5429 3118 5472 tres
3160 5426 3387 5470 naturas
3417 5414 3470 5467 in
3497 5428 3622 5482 per-

2032 5513 2183 5566 sonis
2218 5512 2393 5566 tribus
2415 5511 2654 5580 spectari
2689 5529 2702 5565 :
2739 5524 2974 5580 namque
3005 5508 3248 5562 hominis
3286 5505 3617 5560 vocabulum

2034 5618 2282 5659 naturam
2317 5606 2560 5660 denotat.
2590 5602 2749 5670 Quod
2793 5603 2841 5658 si
2883 5617 3076 5657 verum
3115 5610 3220 5664 est,
3262 5599 3448 5668 utique
3477 5597 3620 5652 idem

2034 5696 2332 5751 secundum
2361 5695 2503 5750 idem
2540 5693 2930 5763 comperictttr,
2972 5690 3025 5744 id
3079 5702 3164 5746 est
3191 5693 3488 5744 humanam
3524 5704 3621 5740 na—

2034 5801 2231 5852 turam,
2260 5799 2314 5843 et
2341 5803 2511 5846 unum
2543 5786 2675 5856 quid
2715 5799 2839 5840 esse
2870 5795 2926 5838 et
2955 5793 3143 5839 contra
3174 5801 3186 5838 :
3227 5793 3282 5838 et
3313 5781 3457 5851 quod
3493 5795 3624 5834 con-

2036 5879 2290 5935 tradictio
2329 5888 2436 5947 est,
2471 5893 2660 5935 verum
2718 5875 2950 5944 evadet;
2987 5877 3258 5947 quod-cst
3297 5873 3620 5930 absurdum.
