4064 6424
500 437 606 500 695

1758 438 2051 498 ΝῙΟΕΤίΕ
2091 439 2494 501 BYZANTINI

3648 443 3757 505 696

501 547 688 617 Neque
720 549 821 604 hoc
860 549 1058 614 solum,
1093 549 1188 604 sed
1220 558 1275 604 et
1313 550 1521 606 minora
1577 551 1628 604 id
1669 560 1774 612 est,
1810 566 2075 619 personae,

2185 553 2546 623 εὑρεθήσεται
2581 553 2642 605 τὸ
2669 553 2802 604 αὑτὸ
2851 553 2998 604 κατὰ
3038 552 3225 612 ταὺτὸ,
3259 553 3538 605 τουτέστιν
3585 553 3618 621 ἡ
3655 553 3759 604 άν-

505 640 797 708 majorum,
841 641 894 695 id
926 651 1028 705 est,
1076 653 1394 697 naturarum
1427 643 1910 713 praidicamentum
1956 658 2077 698 sor-

499 731 725 794 tientur,
762 733 952 802 eisque
979 733 1340 802 aequabuntur
1373 752 1388 799 ;
1437 749 1558 804 quae
1592 749 1678 789 res
1725 734 1796 788 ita
1833 734 2078 788 declara-

499 834 609 878 1111⁸.

503 918 613 970 τῶν
637 919 916 982 ὲπιπλέον,
949 923 1192 974 τουτέστι
1219 920 1326 974 τῶν
1376 921 1590 988 φύσεων
1625 921 1916 990 συμϐαίνει
1948 921 2378 988 κατηγορεῖσθαι
2407 924 2502 976 καὶ
2537 923 2806 988 ἐξισάζειν
2826 939 2838 950 ·
2883 922 2997 974 ἐστι
3078 921 3134 972 δὲ

499 1006 599 1065 ὦδε
620 1028 632 1041 ο

573 1107 664 1161 20.
705 1107 950 1163 Humana
986 1119 1180 1163 natura
1205 1110 1259 1162 in
1288 1110 1462 1164 tribus
1482 1111 1729 1178 personis
1758 1109 2072 1178 pnedicata,

484 1198 651 1254 haud
679 1200 922 1254 vicissim
963 1215 1029 1255 ex
1069 1201 1151 1254 his
1185 1201 1534 1270 praedicatur,
1573 1215 1748 1270 neque
1801 1200 2074 1254 converti-

502 1299 612 1355 tur,
638 1300 925 1360 propterea
952 1291 1096 1360 quod
1128 1293 1249 1361 plus
1284 1301 1369 1348 est
1401 1307 1562 1361 quam
1591 1306 1929 1360 unaquaeque
1952 1306 2076 1359 per-

500 1395 655 1435 sona.
685 1380 821 1435 Nam
862 1382 906 1436 si
937 1383 1069 1451 quid
1109 1391 1194 1438 est
1236 1382 1453 1446 Petrus,
1499 1385 1601 1438 hoc
1633 1391 1689 1438 et
1727 1384 1923 1445 homo;
1965 1397 2073 1436 non

500 1479 676 1524 tamen
701 1471 748 1526 si
768 1471 894 1538 quid
913 1472 1098 1539 homo,
1125 1473 1227 1528 hoc
1252 1482 1306 1528 et
1329 1475 1546 1530 Petrus.
1577 1473 1824 1543 Namque
1854 1475 1907 1527 in
1936 1489 2076 1544 prae-

497 1560 715 1622 dicatis,
755 1562 842 1615 illa
890 1563 1121 1618 invicem
1155 1573 1549 1620 convertuntur
1577 1580 1700 1634 quae
1743 1573 1873 1618 sunt
1898 1578 2080 1632 aequa-

498 1650 588 1717 lia,
615 1652 784 1706 veluti
812 1653 975 1708 homo
1000 1663 1054 1709 et
1084 1655 1328 1722 risihile;
1366 1671 1492 1710 nam
1522 1656 1568 1711 si
1615 1656 1746 1725 quid
1774 1665 1857 1710 est
1890 1655 2076 1718 homo,

498 1741 600 1797 hoc
623 1751 678 1797 et
709 1744 957 1810 risibile;
989 1755 1044 1800 et
1069 1747 1115 1801 si
1147 1747 1276 1818 quid
1305 1757 1392 1802 est
1417 1748 1645 1810 risibile,
1675 1747 1777 1802 hoc
1807 1758 1862 1800 et
1889 1747 2073 1800 homo.

496 1832 630 1900 Quae
653 1844 836 1892 autem
863 1837 1159 1904 excedunt,
1187 1853 1251 1894 ea
1279 1838 1511 1893 invicem
1532 1853 1637 1893 non
1661 1847 2075 1901 convertuntur,

2186 643 2432 714 θρωπίνη
2468 647 2629 712 φύσις
2660 644 2720 696 ’έν
2757 659 2818 695 τε
2859 645 2955 696 καὶ
2999 645 3096 712 οὐχ
3135 644 3227 696 ἓν·
3261 644 3356 696 καὶ
3399 645 3432 712 ἡ
3467 643 3760 710 ἀντίφασις

2187 736 2594 804 συναληθεύσει,
2649 738 2784 804 ὅπερ
2841 736 3074 788 ἄτοπον⁸
3121 737 3215 788 καὶ
3259 737 3321 788 οὑ
3364 735 3524 805 μόνον
3573 734 3760 798 τοῦτο,

2187 826 2302 880 ἀλλ’
2353 826 2386 896 ἢ
2435 831 2528 881 καὶ
2567 829 2635 881 τὰ
2671 828 2952 891 ἐλάττονα,
2998 828 3246 880 τουτέστι
3288 827 3388 889 τὰς
3429 825 3767 888 ὑποστάσεις

3214 923 3309 973 καὶ
3375 919 3537 972 τοῦτο
3597 918 3768 988 δῆλον

2259 1112 2328 1158 κ’.
2389 1105 2451 1159 'H
2500 1102 2813 1172 ἀνθρωπίνη
2846 1103 3004 1170 φύσις
3034 1101 3126 1153 ἐπὶ
3171 1100 3278 1152 τῶν
3308 1097 3472 1166 τριῶν
3523 1094 3774 1149 ὑποστά-

2187 1212 2329 1249 σεων
2394 1194 2869 1264 κατηγορουμένη,
2927 1192 3052 1245 οὔτε
3127 1190 3639 1260 ἁντικατηγορεῖται
3693 1188 3776 1237 ἐκ

2184 1287 2412 1346 τούτων,
2464 1284 2588 1338 οὔτε
2644 1283 2992 1354 ἀντιστρέφει
3041 1282 3131 1336 διὰ
3188 1281 3250 1334 τὸ
3310 1278 3564 1332 ὲπιπλέον
3618 1271 3777 1329 εἶναι

2185 1375 2423 1442 ἑκάστης
2456 1374 2807 1436 ὑποστάσεως
2833 1389 2845 1402 ·
2870 1374 2966 1427 καὶ
2996 1373 3106 1444 γὰρ
3153 1370 3208 1423 εί
3248 1388 3302 1423 τι
3350 1369 3576 1439 Πέτρος,
3603 1368 3778 1420 τοῦτο

2185 1467 2281 1518 καὶ
2324 1465 2632 1535 ἄνθρωπος,
2661 1465 2764 1517 οὐκ
2793 1464 2846 1516 εῖ
2896 1481 2950 1516 τι
2997 1463 3055 1515 δὲ
3109 1461 3412 1532 ἄνθρωπος.
3455 1461 3612 1513 τοῦτο
3665 1457 3779 1511 καὶ

2187 1557 2425 1624 Πέτρος·
2462 1557 2572 1611 τῶν
2615 1555 2725 1626 γὰρ
2778 1552 3294 1624 κατηγορουμένων,
3329 1551 3400 1605 τὰ
3447 1551 3544 1622 μὲν
3575 1550 3779 1615 ὲξισά-

2184 1647 2349 1711 ζοντά
2369 1651 2527 1713 εἰσιν,
2561 1648 2597 1702 ὃ.
2622 1649 2716 1701 καὶ
2742 1647 3209 1716 ἀντιστρέφουσιν,
3251 1640 3362 1698 οἷον
3395 1645 3424 1697 ὃ
3457 1660 3516 1696 τε
3545 1643 3777 1712 ἄνθρω-

2184 1755 2285 1800 πος
2320 1738 2414 1792 καὶ
2445 1738 2507 1790 τὸ
2531 1736 2854 1806 γελαστικόν
2877 1753 2891 1766 ·
2923 1736 2977 1788 εῖ
3018 1752 3072 1788 τι
3121 1734 3230 1804 γὰρ
3263 1733 3571 1801 ἄνθρωπος,
3599 1731 3779 1786 τοῦτο

2185 1829 2282 1882 καὶ
2329 1828 2690 1896 γελαστικόν·
2739 1828 2834 1880 καὶ
2879 1825 2934 1879 ετ
2976 1843 3028 1879 τι
3071 1823 3414 1893 γελαστικὸν,
3459 1822 3621 1877 τοῦτο
3666 1821 3779 1874 καὶ

499 1934 720 1994 propter
740 1940 1051 1982 execssnm.
1074 1926 1249 1983 Veluti
1274 1929 1316 1983 si
1354 1929 1483 1998 quid
1519 1930 1704 1994 homo,
1737 1931 1840 1984 hoc
1869 1939 1924 1982 et
1952 1929 2074 1982 ani-

2182 1918 2279 1972 ἄνθ
2290 1936 2466 1989 ρωπος
2487 1935 2501 1950 ο
2531 1919 2599 1971 τὰ
2619 1919 2675 1971 δὲ
2703 1917 2982 1982 ὲπιπλέον,
3009 1915 3046 1970 ά
3069 1915 3166 1968 καὶ
3187 1915 3288 1968 οὐκ
3307 1913 3779 1983 ἀντικατηγορεῖ-

497 2018 636 2083 mal;
671 2035 778 2074 non
812 2019 857 2074 si
909 2020 1040 2090 quid
1087 2021 1310 2084 animal,
1357 2022 1460 2076 hoc
1504 2030 1558 2076 et
1611 2022 1794 2075 homo.
1839 2019 1894 2076 Si
1929 2037 2082 2092 ergo,

497 2123 624 2162 cum
667 2111 902 2165 humana
928 2119 1122 2166 natura
1154 2112 1277 2182 plus
1327 2113 1400 2166 sit
1429 2112 1658 2181 singulis
1683 2112 1858 2167 tribus
1897 2127 2084 2181 perso—

498 2199 608 2266 nis,
660 2201 984 2270 praedicetur
1029 2210 1212 2257 autent
1277 2204 1549 2259 ternarius
1610 2218 1870 2258 numerus
1920 2202 2080 2256 trium

496 2305 881 2360 personarum,
945 2309 1051 2348 non
1109 2296 1380 2357 absolute.
1423 2296 1516 2350 sed
1564 2296 1865 2350 secundum
1917 2294 2078 2350 talem

493 2383 866 2452 subiectorum
917 2387 1314 2456 quantitatem;
1371 2388 1512 2442 idem
1564 2398 1745 2442 autem
1795 2403 2078 2451 numerus,

493 2490 658 2543 quem
691 2486 744 2530 et
779 2478 1172 2532 numerabilem
1197 2479 1455 2542 dicimus,
1495 2495 1593 2532 ceu
1633 2479 1725 2546 qui
1760 2487 2082 2532 numeratur

495 2564 673 2633 magis
725 2580 889 2634 quam
942 2577 1219 2631 numerat,
1253 2569 1575 2635 praedicetur
1608 2567 1773 2621 etiam
1808 2568 1875 2621 de
1917 2580 2080 2620 voca-

498 2653 628 2708 bulo
681 2654 848 2710 homo
889 2654 1114 2723 adatque
1147 2671 1211 2710 ac
1251 2673 1516 2711 numerus
1544 2672 1935 2725 personarum;
1975 2657 2076 2721 sic,

495 2741 744 2812 inquam,
771 2748 1139 2813 comperietur
1191 2760 1536 2816 unaquaeque
1571 2761 1804 2815 persona
1837 2748 1931 2801 uni
1978 2763 2082 2801 na-

497 2843 636 2890 tura:
662 2846 899 2905 aequata,
957 2845 1012 2891 et
1067 2837 1309 2892 vicissim
1358 2839 1672 2908 praedicata.
1711 2837 1847 2893 Nam
1887 2846 1999 2894 tres
2027 2847 2082 2894 et

496 2935 610 2981 tres
634 2929 927 2994 numerati,
984 2944 1088 2984 non
1132 2938 1262 2984 sunt
1295 2931 1500 2999 plures,
1521 2933 1616 2984 sed
1648 2945 1824 3000 pares.
1860 2930 1994 2986 Nam
2025 2938 2081 2985 et

493 3019 541 3074 si
567 3019 677 3076 duo
699 3021 948 3086 quaedam
984 3022 1114 3084 sint,
1147 3024 1379 3078 alterum
1422 3034 1603 3078 autem
1636 3023 1705 3078 de
1744 3038 1855 3078 uno
1884 3022 2080 3093 praedi-

493 3120 671 3173 cetur,
725 3112 895 3166 veluti
956 3113 1166 3170 risibile
1222 3115 1292 3168 de
1357 3116 1617 3181 homine;
1671 3115 2080 3169 demonstretur

493 3213 680 3260 autem
705 3205 934 3261 alterum
965 3221 1087 3263 esse
1110 3221 1228 3278 par,
1252 3209 1563 3264 necessario
1575 3208 1774 3263 accidit
1795 3218 1853 3263 ut
1879 3206 2077 3277 praedi-

495 3305 806 3352 camentum
864 3298 1096 3353 invicem
1139 3299 1254 3362 liat,
1305 3309 1359 3354 et
1405 3300 1568 3354 homo
1617 3299 1945 3369 praedicetur
1976 3313 2074 3367 pro

494 3387 714 3443 risibili.
747 3389 1115 3455 Quamobrem
1166 3401 1402 3457 constat,
1444 3392 1589 3462 quod
1645 3391 1689 3448 si
1715 3391 1840 3461 quis
1866 3405 2077 3446 connu-

499 3482 791 3536 meraverit
822 3485 1070 3551 personis
1110 3493 1318 3539 natura
1369 3485 1613 3554 ipsarum
1662 3499 1882 3550 nomen,
1913 3482 2078 3538 faciet

498 3579 563 3626 ut
587 3573 796 3628 minora
820 3575 1182 3644 praedicentur
1198 3576 1265 3632 de
1293 3578 1592 3646 majoribus
1604 3585 1660 3631 et
1685 3583 2073 3645 exaequentur;

496 3659 647 3730 quod
710 3663 968 3720 abhorret
1016 3681 1046 3719 a
1095 3666 1282 3736 Iogicis
1324 3666 1524 3738 regulis
1567 3674 1622 3721 et
1659 3680 1689 3719 a
1730 3665 1981 3729 veritate,
2017 3673 2077 3718 ut

497 3751 759 3805 diximus.

569 4025 658 4078 21.
691 4023 814 4077 Pari
849 4024 1011 4078 modo
1037 4025 1181 4093 quod
1209 4026 1403 4081 attinet
1434 4029 1502 4082 ad
1518 4026 1758 4082 divinam
1798 4039 2073 4099 naturam,

497 4116 605 4172 hoc
641 4115 894 4186 exemplo
935 4115 1082 4170 viam
1127 4117 1286 4172 nohis
1325 4117 1754 4185 demonstrante,
1789 4120 2074 4176 veritatem

499 4207 905 4272 nanciscemur,
937 4221 1291 4280 erroremque
1337 4210 1694 4280 depellemus.
1734 4209 1901 4268 Nobis
1927 4213 2074 4269 enim

501 4295 678 4352 tresin
704 4296 888 4351 divina
911 4307 1102 4352 natura
1125 4314 1388 4368 personas
1421 4303 1828 4372 conﬁtentibus,
1852 4319 2077 4362 necesse

497 4400 608 4441 non
647 4397 731 4442 est
782 4396 892 4442 tres
945 4402 1163 4458 quoque
1207 4387 1339 4445 deos
1388 4389 1665 4457 invehere,
1698 4401 1919 4464 propter
1953 4394 2075 4457 illas

497 4489 640 4546 quas
667 4476 784 4545 iam
809 4477 1047 4534 diximus
1089 4479 1478 4536 absurditates.
1512 4481 1880 4548 Quamobrem
1914 4487 2074 4542 nobis

2182 2030 2273 2064 ται
2304 2011 2393 2065 διὰ
2430 2011 2492 2063 τὸ
2519 2011 2776 2064 ἐπιπλέον
2798 2026 2812 2039 ο
2843 2004 2956 2062 οἷον
2985 2007 3039 2060 εἴ
3058 2024 3110 2060 τι
3139 2006 3448 2077 ἄνθρωπος,
3474 2003 3634 2057 τοῦτο
3669 2002 3779 2056 καὶ

2183 2101 2322 2166 ζῶον
2343 2120 2356 2133 ·
2389 2102 2490 2155 οὑκ
2521 2101 2576 2155 εί
2602 2119 2654 2154 τι
2707 2101 2867 2165 ζῶον,
2908 2100 3070 2153 τοῦτο
3097 2099 3193 2152 καὶ¹
3222 2098 3533 2168 ἄνθρωπος.
3574 2097 3639 2148 Εἰ
3667 2092 3778 2148 οὖν

2181 2196 2279 2264 τῆς
2303 2193 2652 2264 ἀνθρωπίνης
2702 2193 2919 2262 φύσεως
2958 2191 3218 2246 ὲπιπλέον
3255 2189 3424 2260 οὔσης
3462 2191 3592 2259 μιᾶς
3636 2189 3779 2242 ἑκά-

2185 2301 2315 2354 στης
2363 2285 2470 2338 τῶν
2514 2285 2683 2356 τριῶν
2741 2284 3130 2349 ὑποστάσεων,
3185 2283 3580 2352 κατηγορεῖται
3635 2281 3693 2333 δὲ
3743 2282 3776 2333 6

2182 2377 2332 2444 τρεῖς
2361 2373 2599 2444 ἀριθμὸς
2631 2374 2738 2425 τῶν
2761 2372 2932 2443 τριῶν
2953 2371 3324 2435 ὑποστάσεων,
3359 2371 3461 2424 οὑκ
3491 2369 3770 2422 ἀπολελυ-

2185 2465 2383 2534 μένως,
2427 2465 2565 2518 ἀλλὰ
2607 2464 2751 2518 κατὰ
2779 2466 2880 2534 τὴν
2916 2464 3145 2518 τοιῶσδε
3181 2464 3459 2531 ποσότητα
3486 2463 3594 2517 τῶν
3625 2463 3772 2516 ὑπο-

2182 2558 2452 2627 κειμένων
2473 2571 2486 2586 ·
2521 2556 2614 2609 τὸν
2642 2555 2699 2609 δὲ
2733 2555 2897 2610 αὑτὸν
2921 2553 3176 2624 ἀριθμὸν,
3220 2554 3279 2608 ὃν
3315 2555 3411 2607 καὶ
3459 2553 3771 2624 ἀριθμητὸν

2181 2649 2433 2718 λέγομεν,
2467 2647 2528 2711 ὃς
2572 2648 2668 2701 καὶ
2696 2646 3016 2718 ἀριθμεῖται
3065 2645 3268 2716 μᾶλλον
3313 2646 3458 2716 ἥπερ
3508 2644 3767 2715 ἀριθμεῖ,

2181 2739 2580 2810 κατηγορήσεις
2626 2738 2847 2808 καὶτῆς
2877 2737 3190 2806 ἅνθρωπος
3216 2736 3402 2807 φωνῆς
3433 2737 3492 2803 ἐξ
3536 2736 3654 2789 ῖσου
3681 2734 3771 2805 τῷ

2179 2831 2402 2902 ἀριθμῷ
2429 2830 2540 2885 τῶν
2569 2831 2942 2894 ὑποστάσεων,
2984 2830 3341 2901 εὑρεθήσεται
3384 2830 3590 2898 ἑκάστη
3623 2827 3770 2882 ὑπό-

2182 2940 2372 2987 στασις
2399 2923 2458 2990 ἐξ
2484 2923 2602 2977 ἴσου
2627 2926 2694 2993 τῇ
2721 2924 2822 2994 μιᾷ
2847 2923 3008 2993 φύσει
3026 2924 3121 2976 καὶ
3141 2921 3727 2992 ἁντικατηγορουμένη
3749 2935 3768 2952 ο

2179 3019 2240 3072 τὸ
2282 3019 2392 3091 γὰρ
2426 3021 2576 3088 τρεῖς
2605 3019 2701 3073 καὶ
2732 3021 2883 3090 τρεῖς
2911 3017 3338 3090 ἀριθμούμενον,
3369 3019 3470 3073 οὐκ
3502 3017 3770 3070 ὲπιπλέον

2179 3112 2350 3174 ἐστὶν,
2376 3112 2491 3166 ἀλλ’
2514 3112 2574 3177 ἐξ
2599 3112 2714 3166 ἴσου
2733 3127 2746 3140 ⁸
2773 3111 2992 3182 καὶγὰρ
3017 3109 3114 3164 ἐὰν
3132 3109 3226 3163 δύο
3243 3109 3366 3164 τινὰ
3384 3103 3507 3173 ὦσι,
3531 3108 3770 3180 θάτερον

2178 3203 2235 3257 δὲ
2288 3206 2679 3274 κατηγορεῖται
2706 3202 2800 3256 τοῦ
2851 3203 2991 3267 ἑνὸς,
3025 3196 3138 3255 οἷον
3187 3202 3250 3254 τὸ
3297 3199 3619 3268 γελαστικὸν
3666 3198 3770 3252 τοῦ

2104 3262 2146 3320 C
2180 3262 2468 3367 ἀνθρώπου
2485 3262 2700 3367 ’.δειχθῇ
2729 3295 2788 3348 δὲ
2805 3295 2902 3348 καὶ
2920 3262 3151 3365 θάτερον
3169 3262 3441 3358 ὲξισάζον,
3473 3290 3769 3362 συμϐαίνει

2178 3387 2238 3452 ἐξ
2270 3388 2518 3457 ἀνάγκης
2546 3385 2644 3457 τὴν
2690 3385 3025 3456 κατηγορίαν
3067 3383 3472 3457 ἀντιστρέφειν,
3532 3381 3630 3436 καὶ⁹
3669 3380 3770 3434 τὸν

2179 3477 2468 3550 ἄνθρωπον
2508 3477 3063 3549 άντικατηγορεῖσθαι
3089 3475 3186 3530 τοῦ
3227 3473 3553 3544 γελαστικοῦ
3574 3491 3588 3505 ·
3619 3471 3769 3526 ὥστε

2178 3572 2414 3642 φανερὸν
2459 3571 2541 3625 ὅτι
2568 3571 2620 3624 εῖ
2642 3587 2729 3633 τις
2769 3569 3095 3638 συναριθμεῖ
3135 3569 3256 3632 ταῖς
3303 3567 3672 3621 ὑποστάσεσιν
3703 3566 3769 3619 τὸ

2177 3662 2280 3732 τῆς
2315 3662 2534 3732 φύσεως
2552 3661 2734 3717 αὐτῶν
2772 3661 2967 3732 ὄνομα,
3007 3661 3232 3729 συνάγει
3258 3660 3326 3714 τὰ
3359 3659 3622 3714 ἐλάττονα
3653 3658 3769 3712 τῶν

2178 3754 2438 3807 έπιπλέον
2485 3753 2914 3825 κατηγορεῖσθαι
2944 3753 3040 3808 καὶ
3074 3752 3375 3818 ὲξισάζειν·
3409 3753 3546 3820 ὅπερ
3577 3751 3763 3821 ἀσύμ-

2179 3843 2358 3912 φωνὸν
2388 3845 2508 3898 ἐστι
2535 3849 2659 3909 ταῖς
2682 3845 2931 3914 λογικαῖς
2979 3845 3226 3916 μεθόδοις
3269 3845 3365 3900 καὶ
3399 3845 3467 3915 τῇ
3501 3843 3761 3914 ἀληθείᾳ,

2176 3933 2252 3996 ὡς
2277 3932 2508 4004 ἔφαμεν,

2248 4023 2357 4078 κα’.
2387 4025 2462 4080 Τὸ
2491 4026 2623 4080 αὐτὸ
2651 4028 2716 4096 δὴ
2754 4029 2848 4082 καὶ
2873 4028 2968 4081 ἐπὶ
2991 4030 3091 4094 τῆς
3122 4027 3272 4091 θείας
3309 4027 3526 4097 φύσεως
3547 4066 3560 4087 ,
3589 4025 3668 4088 ὡς
3698 4026 3767 4078 ἐκ

2176 4116 2390 4170 τουτουῒ
2417 4117 2512 4172 τοῦ
2543 4119 2986 4190 παραδείγματος
3021 4120 3418 4190 ποδηγούμενα
3455 4118 3516 4171 τὸ
3559 4115 3764 4186 ἀληθὲς

2176 4207 2432 4278 λάϐωμεν
2465 4210 2559 4263 καὶ
2596 4210 2660 4263 τὸ
2691 4210 2886 4280 ψεῦδος
2935 4211 3410 4282 άποκρουσώμεθα
3434 4227 3449 4240 ο
3502 4211 3597 4263 καὶ
3649 4209 3760 4278 γὰρ

2177 4300 2335 4370 ἡμῶν
2355 4301 2524 4371 τριῶν
2551 4302 2905 4358 ὑποστάσεων
2925 4303 3334 4372 ὁμολογούντων
3358 4302 3452 4354 ἐπὶ
3483 4303 3581 4371 τῆς
3606 4300 3762 4362 θείας

2179 4393 2422 4460 φύσεως,
2455 4395 2555 4448 οὐκ
2575 4396 2791 4466 ἀνάγκη
2829 4398 2921 4450 καὶ
2955 4399 3104 4468 τρεῖς
3139 4397 3290 4466 ἡμᾶς
3321 4396 3480 4458 θεοὺς
3510 4394 3758 4461 εἰσάγειν

2175 4485 2264 4540 διὰ
2297 4487 2367 4540 τὰ
2398 4487 2827 4560 προδεδειγμένα
2865 4490 3044 4545 ἄτοπα
3069 4507 3083 4520 ·
3115 4490 3258 4542 ὥστε
3285 4489 3445 4557 δῆλον
3495 4490 3630 4559 ἡμῖν
3659 4488 3760 4541 άν-

499 4568 850 4624 manil‘estum
879 4583 1122 4640 apparet,
1147 4572 1293 4642 quod
1325 4583 1433 4629 tres
1464 4589 1747 4643 personas,
1772 4577 2069 4647 secundum

2180 4577 2401 4646 έφηνεν,
2425 4578 2507 4632 ὃτι
2540 4580 2693 4648 τρεῖς
2722 4579 3050 4643 ὑποστάσεις
3075 4580 3219 4634 κατὰ
3247 4581 3345 4642 τὰς
3372 4578 3642 4647 ἰδιότητας
3662 4578 3760 4631 ἐπὶ

498 4672 629 4713 suas
653 4657 1038 4727 proprietates,
1077 4661 1130 4714 in
1159 4676 1268 4716 una
1298 4662 1476 4716 divina
1511 4673 1706 4720 natura
1729 4665 2070 4732 conﬁtentes,

499 4763 843 4820 nequaquam
875 4759 985 4806 tres
1013 4750 1146 4806 deos
1167 4753 1498 4818 invehimus,
1538 4757 1632 4810 sed
1661 4771 1830 4811 unum
1861 4755 2070 4824 Deum;

497 4843 944 4913 quandoquidem
984 4860 1094 4899 una
1127 4846 1302 4900 deilas
1337 4855 1441 4910 est,
1469 4855 1633 4916 atque
1656 4849 1722 4904 ad
1757 4865 1926 4904 unum
1956 4851 2071 4918 illa,
2110 4865 2118 4872 ”

499 4947 620 5001 quae
645 4933 770 4988 inde
801 4943 950 4999 sunt,
983 4934 1319 4992 referuntur.
1341 4936 1572 4993 Nomina
1605 4941 1750 4994 enim
1796 4940 1972 4998 Patris
2008 4958 2073 4998 ac

499 5027 643 5089 Filii,
690 5027 832 5082 haud
877 5039 1128 5084 naturam
1183 5031 1523 5101 signiﬁcant,
1575 5034 1670 5088 sed
1725 5033 2069 5099 relationem,

501 5133 694 5188 nempe
723 5119 1003 5188 quomodo
1037 5135 1096 5175 se
1142 5121 1340 5177 habeat
1367 5121 1436 5176 ad
1471 5123 1666 5180 Filium
1685 5123 1869 5190 Pater,
1919 5135 1975 5180 et
2002 5125 2071 5180 ad

498 5208 714 5263 Patrem
750 5207 944 5264 Filius.
975 5209 1130 5264 Sicut
1151 5212 1295 5264 enim
1326 5213 1468 5282 apud
1512 5229 1611 5270 nos
1632 5215 1715 5269 hat
1747 5216 2069 5285 appellatio-

501 5315 598 5354 nes
622 5299 916 5369 legitimam
965 5301 1272 5370 genituram
1307 5304 1634 5370 signiﬁcant,
1663 5306 1738 5361 ita
1785 5307 1897 5362 illic
1917 5309 2070 5379 geni-

500 5403 612 5446 tum
648 5407 772 5446 cum
811 5392 1053 5460 genitore
1095 5392 1492 5465 homogeneum
1543 5397 1939 5454 demonstrant.
1977 5397 2068 5453 Si-

499 5478 698 5534 militer
727 5489 782 5534 et
834 5479 1072 5550 Spiritus
1117 5498 1455 5552 nequaquam
1484 5495 1736 5542 naturam
1773 5489 2066 5558 signiﬁcat,

500 5578 561 5624 ut
583 5580 640 5625 et
669 5579 862 5625 caetera
893 5589 905 5624 :
938 5572 1138 5625 etenim
1181 5572 1460 5630 relationis
1506 5575 1648 5630 inter
1685 5578 1784 5634 has
1803 5593 2068 5648 personas

487 5660 1184 5723 ,diﬂerentia,diﬂ‘erentcm
1228 5679 1448 5736 quoque
1495 5667 1708 5723 illarum
1743 5671 2065 5740 appellatio-

500 5764 622 5804 nem
643 5750 840 5805 ell‘ecit.
886 5751 1096 5808 Idcirco
1140 5769 1264 5810 cum
1305 5757 1373 5811 ad
1418 5757 1672 5813 deitatem
1717 5762 2062 5830 respicimus,

499 5838 838 5909 primamque
881 5855 1125 5909 causam,
1183 5853 1235 5900 et
1295 5847 1692 5917 monarchiam,
1732 5865 1901 5906 unum
1932 5854 2065 5922 quid

2178 4667 2278 4736 τῆς
2305 4669 2436 4737 μιᾶς
2461 4670 2556 4722 καὶ
2585 4669 2773 4739 θεῖκῆς
2819 4670 3035 4738 φύσεως
3081 4670 3492 4741 ὁμολογοῦντες,
3522 4670 3622 4722 οὑκ
3644 4670 3757 4720 εἰσ·

2178 4759 2387 4828 ἀγομεν
2412 4762 2508 4816 καὶ
2545 4762 2692 4830 τρεῖς
2727 4761 2902 4823 θεοὺς,
2936 4762 3049 4814 ἀλλ’
3079 4761 3174 4815 ἕνα
3197 4762 3352 4824 Θεὸν,
3381 4763 3464 4814 ὄτι
3499 4760 3597 4832 μία
3629 4759 3751 4813 θεό-

2175 4865 2296 4920 της,
2321 4851 2416 4904 καὶ
2445 4852 2583 4921 πρὸς
2610 4851 2668 4906 ἓν
2693 4853 2762 4906 τὰ
2793 4852 2852 4918 ἐξ
2883 4853 3048 4906 αὑτοῦ
3078 4853 3178 4923 τὴν
3214 4852 3494 4921 ἀναφορὰν
3525 4850 3665 4920 ἔχει·
3689 4847 3752 4900 τὸ

2175 4943 2284 5014 γὰρ
2317 4944 2523 5012 Πατὴρ
2556 4945 2653 4997 καὶ
2679 4945 2812 5010 ΥΙὸς
2837 4945 3029 5014 δνομα,
3056 4947 3117 4999 οὑ
3147 4944 3308 5014 φύσιν
3341 4943 3753 5012 ὑποσημαίνου-

2180 5053 2286 5101 σιν,
2322 5036 2460 5090 ἀλλὰ
2507 5037 2749 5107 σχέσεώς
2776 5056 2838 5092 τε
2879 5040 2974 5092 καὶ
3001 5038 3098 5093 τοῦ
3147 5040 3266 5102 πῶς
3318 5038 3430 5108 ἔχει
3475 5038 3614 5110 πρὸς
3659 5038 3754 5090 τὸν

2175 5127 2304 5180 Υίὺν
2327 5129 2356 5180 ὁ
2388 5129 2598 5201 Πατὴρ,
2629 5131 2662 5202 ἢ
2696 5133 2724 5184 ὁ
2756 5132 2881 5191 Υἱὸς
2918 5132 3057 5201 πρὸς
3080 5131 3172 5184 τὸν
3224 5131 3441 5201 Πατέρα
3461 5147 3477 5162 ο
3524 5131 3601 5192 ὡς
3641 5130 3754 5198 γάρ

2172 5216 2258 5285 ἐφ’
2291 5219 2453 5288 ἡμῶν
2479 5212 2641 5273 αὗται
2676 5221 2734 5274 αἱ
2765 5219 2987 5290 κλήσεις
3023 5221 3084 5272 τὺ
3115 5222 3333 5290 γνήσιον
3371 5219 3748 5289 σημαίνουσιν,

2172 5308 2346 5373 οὕτως
2384 5312 2502 5364 ἐκεῖ
2535 5310 2632 5382 τὴν
2666 5310 2760 5364 τοῦ
2787 5311 3187 5381 γεγεννημένου
3217 5311 3355 5382 πρὸς
3395 5311 3457 5363 τὸ
3490 5327 3754 5381 γεγεννη-

2171 5402 2266 5466 κὸς
2285 5403 2557 5472 ὁμοφυῒαν
2576 5404 2932 5473 σημαίνουσιν
2953 5417 2968 5435 ⁸
2985 5403 3250 5468 ὡσαύτως
3262 5404 3320 5457 δὲ
3332 5403 3427 5458 καὶ
3445 5405 3506 5458 τὸ
3522 5404 3749 5473 Πνεῦμα

2169 5495 2230 5547 οὐ
2263 5494 2426 5564 φύσιν
2457 5495 2738 5566 σημαίνει,
2773 5494 2964 5564 ὥσπερ
3010 5496 3105 5548 καὶ
3152 5494 3224 5548 τὰ
3267 5494 3464 5551 λοιπά·
3511 5497 3576 5550 τὸ
3637 5497 3747 5566 γὰρ

2167 5586 2427 5657 διάφορον
2457 5589 2554 5656 τῆς
2590 5587 2729 5658 πρὸς
2745 5585 2951 5655 ἄλληλα
2973 5586 3179 5638 τούτων
3201 5587 3456 5656 σχέσεως,
3489 5587 3746 5658 διάφορον

2168 5677 2351 5732 αὐτῶν
2376 5678 2472 5732 καὶ
2502 5679 2601 5748 τὴν
2631 5678 2824 5746 κλῆσιν
2848 5677 3120 5746 πεποίηκε
3142 5693 3157 5710 ο
3181 5678 3262 5731 διὸ
3280 5678 3358 5732 ὅτ’
3379 5677 3448 5732 ἂν
3481 5681 3580 5749 μὲν
3604 5679 3744 5750 πρὸς

2165 5767 2266 5837 τὴν
2308 5768 2540 5837 θεότητα
2583 5768 2875 5838 βλέπωμεν
2923 5768 3016 5820 καὶ
3045 5766 3143 5835 τὴν
3169 5766 3394 5839 πρώτην
3433 5769 3616 5823 αἰτίαν
3647 5773 3740 5823 καὶ

2170 5859 2491 5931 μοναρχίαν,
2537 5859 2596 5914 ἓν
2626 5863 2760 5932 ἡμῖν
2815 5861 2876 5914 τὸ
2923 5859 3359 5930 φανταζόμενον·
3421 5863 3500 5917 ὅτ’
3561 5862 3629 5918 ἂν
3681 5861 3740 5916 δὲ
