4064 6404
268 431 362 493 697

1424 427 1858 491 ΒΕΕΗΤΑΤΙΟ
1892 427 2366 492 MOHAMEDIS.

3421 435 3528 499 698

271 541 398 611 πρὸς
447 537 518 592 τὰ
542 540 601 592 ὲν
630 533 713 601 οἷς
757 540 791 608 ἡ
839 536 1028 609 θεότης
1071 540 1140 592 τὰ
1178 539 1245 592 ὲκ
1274 538 1375 607 τῆς
1411 531 1635 610 πρώτης
1666 540 1846 602 αἰτίας

1952 542 2337 612 imaginamur.
2367 543 2504 598 Cum
2530 557 2656 595 vero
2694 543 2759 597 ad
2795 558 2857 598 ea
2891 544 2944 598 in
2969 543 3169 614 quibus
3196 544 3368 599 deitas
3391 559 3525 599 con-

274 633 510 702 ἀχρόνως
533 631 632 684 καὶ
649 631 918 700 ὁμοδόξως
947 630 1326 701 ἐκλάμψαντα,
1359 633 1488 701 τρία
1512 632 1580 683 τὰ
1601 648 1844 702 προσκυα

239 748 242 752 '
281 726 502 796 νούμενα
523 739 538 755 ⁶
572 723 669 776 καὶ
688 723 862 776 ταῦτὰ
889 726 1029 786 ἐστι,
1057 726 1084 776 ὁ
1115 724 1305 792 Πατὴρ
1331 725 1426 776 καὶ
1455 727 1482 778 ό
1507 725 1633 786 Υἱὸς
1665 725 1758 776 καὶ
1788 723 1846 775 τὸ

282 819 493 888 Πνεῦμα
533 818 594 870 τὸ
635 816 810 884 ἅγιον,
867 819 948 880 είς
990 817 1026 872 ἃ
1067 818 1397 887 πιστεύομεν
1451 818 1544 871 καὶ
1585 817 1846 888 βεϐαπτί-

280 913 467 982 σμεθα,
501 912 595 964 καὶ
618 905 700 973 οἷς
723 909 1083 982 λατρεύομεν.

335 1096 441 1168 κβ’.
481 1097 545 1150 Εἰ
577 1096 632 1149 δὲ
670 1095 1054 1164 ἀναιδέστερον
1110 1095 1248 1166 πρὸς
1279 1094 1347 1148 τὰ
1377 1095 1641 1166 λεχθέντα
1685 1095 1735 1149 οἱ
1782 1096 1848 1150 ἐκ

269 1191 366 1260 τῆς
395 1193 578 1260 Ἅγαρ
611 1187 910 1241 διατεθεῖεν
963 1186 1249 1253 λέγοντες’
1285 1188 1348 1240 Ei
1397 1189 1492 1240 καὶ
1541 1188 1748 1258 κυρίως
1787 1188 1848 1242 τὸ

266 1282 364 1350 τῆς
396 1280 616 1350 φύσεως
660 1277 832 1348 δνομα
867 1279 928 1330 οὐ
982 1279 1423 1348 συναριθμεῖται,
1461 1279 1577 1332 ἀλλ’
1613 1277 1708 1334 οὖν
1745 1297 1848 1335 κα·

267 1371 654 1443 ταχρηστικῶς
685 1369 836 1441 παρὰ
860 1373 929 1440 τῇ
970 1369 1228 1440 συνηθείᾳ
1276 1369 1502 1440 εὓρηται
1533 1370 1845 1440 λεγόμενον,

268 1463 391 1516 καθ’
421 1462 450 1515 ὃ
479 1462 712 1532 λέγομεν
749 1461 901 1530 τρεῖς
942 1459 1264 1531 ἀνθρώπους
1310 1462 1406 1514 καὶ
1439 1463 1588 1532 τρεῖς
1623 1463 1843 1524 ἵππους·

265 1552 467 1606 οὐκοῦν
497 1553 593 1606 καὶ
623 1551 746 1606 καθ’
778 1552 922 1621 ὑμᾶς
953 1551 1197 1618 λεγέσθω
1246 1546 1387 1605 εἶναι
1428 1553 1462 1621 ἡ
1510 1553 1641 1618 παρ’
1692 1551 1847 1621 ὑμῶν

269 1645 442 1717 Τριάς
476 1646 746 1715 σεϐομένη
785 1643 1218 1714 καταχρηστικῷ
1262 1644 1405 1713 λόγῳ
1432 1647 1580 1715 τρεῖς
1627 1643 1740 1696 θεοὶ
1771 1643 1848 1707 ώς

266 1739 418 1807 τρεῖς
451 1735 756 1803 ἄνθρωποι,
799 1735 831 1806 ἢ
865 1736 994 1790 ἄλλο
1022 1753 1074 1789 τι
1107 1735 1630 1808 συναριθμούμενον,
1667 1737 1847 1807 φαμὲν

267 1829 433 1899 ἡμεῖς
460 1827 596 1900 πρὸς
619 1827 832 1896 ζαύτούς
854 1845 870 1860 ο
905 1829 986 1881 ὃτι
1014 1829 1078 1884 τὸ
1107 1828 1208 1898 τῆς
1246 1829 1460 1898 φύσεως
1502 1829 1692 1900 ὄνομα,
1726 1831 1846 1883 τότε

268 1927 386 1987 ταῖς
412 1923 639 1987 οἰκείαις
666 1924 1002 1978 ὑποστάσεσι
1031 1924 1450 1996 συναριθμεῖται
1475 1942 1846 1996 καταχρηστι-

269 2017 404 2078 κῶς,
428 2017 592 2088 ἡνίκα
617 2018 674 2070 αἱ
706 2018 1040 2080 ὑποστάσεις
1069 2018 1169 2087 τὴν
1198 2020 1277 2082 εἰς
1300 2016 1506 2089 ἄλληλα
1536 2017 1865 2088 περιχώρη-·

273 2129 358 2164 σιν
391 2111 467 2180 (6)
500 2112 603 2164 οὐκ
634 2111 838 2180 έχουσι,
875 2113 1012 2166 ἀλλὰ
1038 2113 1290 2166 πλεῖστον
1313 2115 1407 2167 ἀπ’
1449 2114 1700 2183 ἀλλήλων
1729 2114 1849 2166 δια-

269 2201 670 2270 κεχωρήκασιν,
700 2202 836 2270 μετὰ
859 2202 954 2254 καὶ
981 2202 1076 2255 τοῦ
1103 2202 1248 2272 ἔχειν
1271 2203 1528 2273 διάφορον
1558 2203 1619 2257 τὸ
1636 2203 1850 2274 θέλημα

266 2299 365 2351 καὶ
432 2296 716 2368 ἐνέργειαν
777 2295 873 2348 καὶ
933 2295 1223 2365 βούλησιν,
1286 2295 1382 2348 καὶ
1440 2293 1702 2360 πλείστην
1749 2294 1849 2362 τὴν

264 2390 534 2461 διαφορὰν
583 2388 903 2459 κεκτῆσθαι,
943 2388 1143 2457 ἥττονα
1167 2386 1223 2440 δὲ
1257 2386 1354 2458 τὴν
1397 2386 1682 2441 κοινωνίαν
1706 2401 1722 2418 ο
1767 2381 1848 2448 οἷς

264 2483 326 2536 δὲ
360 2482 555 2552 γνώμη
595 2482 714 2551 μία,
745 2481 840 2534 καὶ⁵
879 2479 1134 2549 βούλησις
1153 2478 1480 2548 ἀδιαίρετος,
1511 2479 1605 2532 καὶ
1635 2478 1852 2546 φύσεως

266 2574 558 2642 ταυτότης,
583 2574 678 2626 καὶ
705 2572 804 2641 μία
826 2571 1063 2636 ἐξουσία,
1087 2571 1181 2625 καὶ
1200 2570 1440 2640 θέλησις,
1467 2570 1561 2623 καὶ
1576 2569 1846 2640 ἐνέργεια,

269 2667 370 2719 καὶ
399 2666 578 2719 πάντα
600 2664 778 2729 κοινὰ,
812 2664 954 2729 πλὴν
983 2665 1113 2734 μιᾶς
1147 2663 1316 2733 μόνης
1343 2662 1444 2731 τῆς
1469 2660 1576 2714 τῶν
1611 2662 1852 2714 ὑποστα-

266 2755 442 2808 τικῶν
488 2755 768 2826 ίδιοτήτων
811 2754 1097 2823 διαφορᾶς,
1154 2752 1190 2806 ἃ
1218 2754 1313 2806 καὶ
1351 2751 1411 2804 τὸ
1461 2750 1852 2820 ἀνεκφοίτητον

268 2847 412 2913 πρὸς
429 2846 654 2911 ἑαυτὰς,
674 2846 768 2900 καὶ
783 2848 817 2916 ἡ
837 2847 917 2910 είς
942 2844 1149 2916 ἄλληλα
1175 2842 1572 2914 πυριχώρησις,
1597 2841 1850 2911 οὐδαμῶς

266 2937 501 3010 εὕρηται
531 2937 594 2991 τὺ
618 2939 716 3007 τῆς
754 2936 974 3006 φύσεως
1004 2936 1187 2990 αὐτῶν
1214 2937 1386 3006 ὕνομα
1421 2931 1852 3005 συναριθμούμε-

266 3048 382 3094 νον,
417 3029 546 3084 οὕτε
606 3030 849 3102 κυρίως,
889 3028 1013 3084 οὔτε
1067 3027 1562 3100 καταχρηστικῶςο
1623 3027 1714 3081 διά
1768 3043 1849 3079 τοι

264 3122 448 3189 τοῦτο,
494 3123 600 3176 κᾶν
636 3123 729 3177 τὸν
770 3123 991 3193 Πατέρα
1024 3121 1378 3192 ὁμολογῶμεν
1429 3120 1563 3174 Θεὸν
1609 3120 1706 3174 καὶ
1755 3119 1849 3172 τὸν

1948 636 2114 702 sistit,
2149 653 2212 690 ea
2257 646 2388 691 tunc
2439 647 2751 707 spectamus
2779 653 2900 708 quae
2931 653 2998 691 ex
3035 637 3208 706 prima
3239 652 3405 692 causa
3435 636 3526 690 in-

1947 730 2320 799 temporaliter
2343 740 2396 785 et
2423 747 2548 785 eum
2567 731 2791 786 honoris
2817 730 3046 800 paritate
3069 731 3524 798 explendescunt,

1922 824 2050 876 -tria
2075 822 2377 888 adoranda,
2415 839 2536 892 qua:
2569 833 2697 878 sunt
2745 823 2904 878 Pater
2926 831 2982 876 et
3010 820 3180 874 Filius
3209 830 3261 873 et
3287 819 3526 889 Spiritus

1946 923 2195 976 sanctus.
2237 915 2289 968 in
2344 931 2464 984 qua:
2520 915 2797 970 credimus
2835 924 2890 969 et
2921 913 3182 984 baptizati
3209 911 3435 976 fuimus,
3471 917 3528 964 et

1946 1022 2069 1075 quae
2101 1006 2383 1060 latreutico
2416 1006 2564 1059 cultu
2597 1005 3003 1074 prosequimur.

2018 1097 2110 1151 22.
2137 1097 2250 1167 Age
2278 1112 2425 1159 vero,
2450 1095 2496 1150 si
2529 1095 2669 1151 forte
2700 1095 3071 1162 impudentius
3100 1096 3362 1152 adversus
3397 1097 3528 1152 hac-

1948 1199 2109 1244 tenus
2153 1190 2298 1244 dicta
2353 1189 2582 1258 Agareni
2627 1199 2962 1258 consurgant
3021 1191 3269 1246 dicentes
3315 1211 3329 1246 :
3369 1193 3526 1258 Quod

1945 1283 2158 1338 etiamsi
2191 1283 2408 1352 proprie
2453 1296 2663 1338 natura:
2699 1283 3021 1337 vocabulum
3073 1299 3180 1337 non
3225 1299 3530 1339 connume—

1948 1384 2126 1436 ratur,
2158 1381 2396 1426 attamen
2437 1372 2666 1428 abusive
2719 1374 3019 1428 secundum
3071 1377 3527 1430 consuetudinem

1948 1464 2028 1520 sic
2060 1464 2168 1521 dici
2200 1465 2574 1531 comperitur;
2623 1465 2790 1519 veluti
2821 1466 3056 1520 dicimus
3091 1475 3202 1520 tres
3254 1467 3526 1530 homines,

1947 1563 2002 1611 et
2025 1565 2135 1612 tres
2168 1573 2338 1626 equos
2373 1574 2386 1610 :
2414 1557 2770 1626 quamobrem
2806 1557 2969 1611 etiam
3002 1556 3144 1626 apud
3175 1573 3272 1613 vos
3311 1557 3528 1612 dicatur

1948 1663 2071 1704 esse
2114 1649 2260 1704 culta
2307 1649 2400 1704 illa
2449 1639 2480 1704 a
2532 1650 2686 1704 vobis
2725 1649 2968 1703 Trinitas
3004 1650 3233 1703 abusivo
3273 1664 3527 1702 sermone

1949 1748 2061 1796 tres
2093 1741 2191 1804 dii,
2226 1756 2378 1810 aeque
2418 1757 2482 1794 ac
2531 1751 2643 1795 tres
2694 1741 2968 1802 homines,
3007 1749 3102 1794 aut
3129 1740 3275 1794 aliud
3310 1740 3530 1809 quidvis

1947 1842 2403 1890 connumeratum
2433 1851 2446 1887 :
2475 1849 2575 1888 nos
2609 1835 2683 1887 ita
2737 1834 2804 1889 iis
2862 1833 3256 1902 respondemus
3290 1847 3531 1901 :nempe

1951 1927 2096 1996 quod
2123 1936 2332 1981 naturae
2366 1927 2688 1981 vocabulum
2716 1935 2845 1982 tunc
2867 1941 2992 1980 cum
3021 1925 3254 1994 propriis
3280 1926 3531 1994 personis

1952 2019 2176 2073 abusive
2207 2030 2657 2084 connumeratur,
2704 2033 2829 2074 cum
2885 2032 3134 2087 personae
3175 2031 3279 2070 non
3328 2015 3532 2070 habent

1950 2113 2183 2167 invicem
2215 2112 2812 2174 circuminscssioncm,
2843 2111 2938 2166 sed
2973 2108 3269 2180 plurimum
3295 2107 3528 2163 invicem

1949 2203 2186 2269 distant;
2223 2213 2422 2273 praeter
2455 2219 2620 2272 quam
2654 2203 2798 2273 quod
2841 2203 3120 2257 voluntate
3170 2200 3431 2255 differunt
3478 2209 3536 2255 et

1950 2297 2268 2365 operatione
2317 2307 2372 2351 et
2430 2296 2843 2358 deliberatione,
2896 2296 3335 2366 permultamque
3367 2294 3531 2348 aliam

1951 2385 2311 2440 dilferentiam
2356 2401 2467 2456 prae
2507 2402 2565 2441 se
2611 2386 2814 2446 ferunt.
2870 2386 3096 2440 minime
3124 2399 3255 2440 vero
3277 2399 3534 2439 commu-

1951 2479 2194 2532 nionem.
2232 2476 2616 2531 Verumtamen
2652 2478 2891 2540 illorum,
2920 2491 3154 2546 quorum
3181 2490 3289 2530 una
3313 2477 3535 2544 insepa-

1954 2569 2252 2637 rabilisque
2281 2580 2368 2622 est
2414 2568 2751 2633 deliberatio,
2789 2576 2984 2621 natura
3032 2566 3248 2631 eadem,
3288 2580 3397 2620 una
3427 2580 3532 2635 po-

1952 2670 2140 2726 testas,
2168 2663 2440 2724 voluntas,
2499 2670 2664 2730 atque
2713 2661 2986 2730 operatio,
3028 2671 3336 2728 cunctaque
3381 2672 3536 2712 com-

1954 2754 2161 2820 munia,
2190 2754 2305 2810 sola
2336 2766 2559 2823 excepta
2593 2752 2962 2821 personalium
2995 2750 3393 2820 proprietatum
3423 2746 3534 2803 dif-

1952 2844 2200 2904 ferentia.
2241 2857 2476 2912 quorum
2504 2845 2630 2896 item
2654 2840 3010 2910 impossibilis
3027 2838 3318 2907 separatio,
3343 2845 3399 2891 et
3413 2851 3537 2904 quae

1954 2933 2184 2988 invicem
2226 2930 2716 2995 circuminsident;
2779 2931 2997 2994 horum,
3042 2929 3291 2997 inquam,
3324 2933 3535 2981 natum

1951 3026 2276 3080 vocabulum
2332 3037 2616 3091 nunquam
2670 3022 2982 3076 invenietur
3033 3026 3532 3081 connumeratum,

1952 3131 2130 3186 neque
2155 3115 2372 3185 proprie
2400 3128 2576 3182 neque
2625 3112 2873 3167 abusive.
2902 3109 3268 3175 Quamobrem
3315 3105 3534 3161 etiamsi

267 3213 401 3268 Υίδν
427 3215 522 3268 καὶ
552 3215 612 3268 τὸ
639 3215 904 3281 πανάγιον
941 3213 1167 3282 Πνεῦμα
1196 3212 1479 3275 ὡσαύτως,
1511 3212 1610 3265 οὐκ
1634 3210 1847 3277 εἰσάγοο

1957 3209 2168 3262 Patrem
2231 3207 2556 3262 conﬁtemur
2599 3203 2791 3267 Deum,
2849 3203 3166 3273 pariterque
3227 3199 3423 3253 Filium
3479 3204 3539 3253 et

268 3324 374 3376 μεν
409 3306 507 3360 καὶ
565 3307 716 3376 τρεῖς
745 3305 900 3368 θεούς
923 3320 938 3335 ο
997 3302 1123 3357 οὔτε
1163 3304 1263 3374 μὲν
1294 3301 1672 3373 ἀπαιτούμεθα
1727 3299 1851 3353 οὔτε

268 3399 480 3469 κυρίως
511 3396 636 3452 οὔτε
663 3396 1124 3468 καταχρηστικῶς
1163 3395 1547 3466 συναριθμεῖνο
1587 3392 1774 3462 ἐπειδὴ
1813 3395 1846 3462 ἡ

265 3493 349 3556 είς
377 3490 586 3560 ἄλληλα
622 3489 997 3561 περιχώρησις
1044 3489 1324 3558 πρόσεστι,
1376 3486 1559 3541 καὶτὸ
1595 3485 1846 3554 ἀνεκφοί·

264 3600 436 3653 τητον
463 3583 642 3636 καὶτὸ
663 3582 987 3637 ἀδιάστατον
1007 3581 1104 3635 καὶ
1125 3579 1317 3650 γνώμη
1343 3581 1442 3650 μία
1470 3579 1566 3634 καὶ
1597 3577 1852 3646 βούλησις

263 3673 366 3726 καὶ
425 3673 676 3743 ἐνέργεια
725 3671 818 3725 καὶ
843 3671 1015 3725 τᾶλλα
1069 3670 1212 3740 ἆπερ
1246 3669 1475 3740 ἔφαμεν.
1511 3669 1574 3720 Εἰ
1601 3668 1656 3720 δὲ
1687 3667 1852 3720 πάλιν

260 3764 705 3834 ἀνθυποφέροιεν
735 3763 1006 3832 λέγοντες,
1047 3763 1129 3815 ὅτι
1160 3761 1222 3815 τὸ
1251 3762 1396 3824 Θεὸς
1439 3759 1611 3830 δνομα
1642 3759 1705 3812 οὐ
1751 3758 1852 3827 τῆς

260 3856 490 3924 φύσεως
518 3857 617 3926 τῆς
644 3857 794 3917 θείας
819 3855 938 3910 ἐστὶ
968 3854 1286 3925 δηλωτικὸν,
1309 3853 1424 3907 ἀλλ’
1450 3852 1730 3924 ἐνεργείας
1749 3852 1849 3922 (7),

259 3950 336 4003 τὰ
381 3949 442 4002 δὲ
472 3949 582 4001 τῶν
611 3948 900 4021 ἐνεργειῶν
929 3947 1170 4017 ὀνόματα
1216 3942 1697 4015 συναριθμοῦνται,
1737 3939 1852 3996 οἷον

257 4043 506 4111 λέγομεν
536 4043 683 4113 τρεῖς
715 4042 950 4112 ῥήτορας
982 4039 1077 4094 καὶ
1109 4040 1258 4111 τρεῖς
1285 4037 1608 4107 φιλοσόφους
1637 4036 1670 4106 ἢ
1704 4037 1852 4106 τρεῖς

257 4135 556 4197 τέκτονας,
582 4134 814 4203 λέγομεν
851 4133 949 4187 καὶ
995 4131 1130 4202 πρὸς
1157 4131 1349 4197 ταῦτα,
1383 4131 1465 4184 ὅτι
1500 4130 1623 4183 τότε
1649 4130 1717 4182 τὰ
1741 4128 1851 4180 τῶν

261 4227 570 4295 ἐνεργειῶι
617 4225 860 4294 ὀνόματα
902 4223 1338 4295 συναριθμεῖται,
1374 4223 1434 4274 ὲν
1488 4216 1570 4284 οἷς
1625 4219 1852 4289 γνώμης

258 4317 603 4388 παραλλαγὴ
650 4315 1058 4387 παρεισδύεται,
1112 4315 1210 4369 καὶ
1259 4313 1563 4386 βουλήσεως
1595 4312 1852 4382 ἑτερότης

259 4412 532 4480 πάρεστι,
565 4410 660 4464 καὶ
704 4407 910 4478 ἀπορία
936 4406 1180 4461 καλοῦσα
1209 4407 1346 4477 πρὸς
1380 4407 1480 4475 τὴν
1513 4405 1726 4476 χρείαν,
1756 4402 1852 4456 καὶ

258 4502 526 4574 ἐνέργεια
567 4500 628 4552 οὺ
663 4500 780 4570 μία,
811 4498 946 4553 ἀλλά
987 4498 1243 4568 διάφορος
1269 4496 1363 4551 καὶ
1386 4495 1813 4565 ἀποτετμημένη
1833 4510 1847 4525 ·

1955 3301 2220 3370 Spiritum
2255 3308 2528 3360 sanctum,
2555 3305 2663 3352 tres
2696 3297 2827 3351 deos
2857 3311 2965 3350 non
2994 3293 3328 3354 invehimus,
3355 3305 3538 3359 neque

1953 3392 2202 3462 cogimur
2255 3389 2372 3445 sive
2417 3388 2640 3458 proprie
2682 3387 2799 3441 sive
2835 3385 3060 3440 abusive
3103 3394 3535 3447 connumerare;

1951 3482 2395 3557 quandoquidem
2441 3481 2675 3535 invicem
2732 3476 3181 3534 circuminsessio
3228 3475 3402 3539 adest,
3437 3485 3542 3526 nec

1954 3595 2064 3635 non
2098 3574 2539 3647 inseparabilitas
2580 3581 2634 3627 et
2670 3569 3104 3630 indivisibilitas,
3130 3564 3398 3621 sententia
3429 3576 3539 3617 una

1953 3681 2007 3726 et
2043 3669 2366 3726 deliberatio
2398 3675 2566 3736 atque
2595 3662 2867 3734 operatio,
2900 3669 2952 3715 et
2987 3660 3094 3715 alia
3129 3672 3252 3727 quae
3273 3656 3542 3712 diximus.

1953 3762 2110 3830 Quod
2137 3763 2180 3817 si
2212 3774 2403 3814 rursus
2432 3759 2788 3811 adversentur
2803 3753 3071 3814 dicentes,
3097 3747 3191 3804 Dei
3212 3745 3538 3802 vocabulum

1952 3863 2166 3910 naturae
2191 3852 2392 3906 divina:
2417 3846 2844 3920 signiﬁcativum
2877 3857 2986 3897 non
3027 3855 3172 3904 esse,
3219 3838 3314 3893 sed
3346 3851 3543 3905 opera-

1953 3946 2158 4012 tionis;
2186 3941 2570 4013 operationum
2604 3947 2786 3991 autem
2827 3931 3095 3988 vocabula
3148 3926 3538 3986 connumerari

1953 4039 2148 4105 solere,
2169 4035 2335 4091 veluti
2372 4031 2607 4088 dicimus
2655 4037 2768 4084 tres
2807 4027 3078 4089 rhetores,
3113 4031 3170 4077 et
3205 4032 3315 4075 tres
3358 4017 3542 4088 phiqu

1953 4131 2180 4201 sophos,
2202 4127 2286 4182 vel
2311 4135 2420 4180 tres
2439 4122 2768 4177 architectos
2789 4136 2804 4183 ;
2831 4130 2930 4171 nos
2949 4115 3035 4170 his
3061 4114 3133 4167 ita
3153 4109 3531 4201 occurrimus:

1954 4196 2087 4277 tunc
2109 4218 2360 4274 videlicet
2387 4211 2768 4283 operationum
2804 4205 3070 4262 vocabula
3127 4196 3539 4260 connumerari,

1951 4328 2079 4368 cum
2130 4307 2419 4366 sententia:
2477 4301 2791 4358 immutatio
2836 4297 3008 4359 subit,
3047 4302 3102 4349 et
3132 4287 3542 4347 deliberationis

1953 4405 2248 4462 diversitas
2278 4401 2452 4463 adest,
2490 4403 2544 4450 et
2567 4395 2897 4464 perplexitas
2942 4390 3008 4443 de
3035 4387 3111 4442 rei
3143 4383 3410 4455 gestione,
3439 4395 3543 4435 nec

1953 4513 2064 4554 una
2094 4492 2361 4566 operatio,
2381 4489 2474 4544 sed
2505 4487 2716 4541 diversa
2741 4493 2798 4538 et
2827 4482 3075 4550 abrupta.
3107 4477 3166 4531 In
3205 4476 3312 4529 illis
3333 4481 3541 4535 autem,

252 4555 442 4658 olc'ds
495 4591 595 4662 μία
645 4555 901 4662 ένέρῐγεια
948 4555 1165 4661 φυσικὴ⁸
1202 4555 1508 4661 ἀδιαίρετος
1563 4555 1849 4660 πάρεστιν,

1956 4555 2191 4663 quorum
2229 4599 2337 4640 una
2369 4579 2614 4651 operatio
2643 4576 2868 4646 physica
2912 4572 3144 4628 indivisa
3189 4575 3294 4629 est,
3326 4577 3542 4663 nequa-

251 4683 526 4754 οὐδαμῶς
555 4683 624 4736 τὰ
650 4683 761 4736 τῶν
799 4683 1093 4754 ἐνεργειῶν
1133 4682 1376 4752 ὀνόματα
1421 4681 1853 4751 συναριθμεῖται.

267 4779 443 4833 Ἐπεὶ
473 4773 618 4846 οὖνὴ
646 4777 970 4848 ὑπερούσιος
1008 4775 1200 4846 Τριάς,
1233 4776 1399 4845 ἤγουν
1437 4776 1466 4828 ὁ
1493 4773 1681 4844 Πατὴρ
1709 4774 1803 4827 καὶ
1829 4776 1857 4828 ὁ

254 4871 405 4932 Υἱὸς
434 4871 528 4922 καὶ
558 4871 619 4923 τὸ
644 4868 870 4939 Πνεῦμα
892 4869 952 4921 τὸ
992 4869 1168 4937 ἆγιον,
1207 4870 1241 4938 ἡ
1272 4867 1424 4938 παρά
1448 4860 1556 4921 τῶν
1592 4870 1855 4939 Χριστια-

255 4965 382 5018 νῶν
421 4963 659 5026 εὺσεϐῶς
697 4964 791 5017 καὶ
820 4962 1135 5034 ὀρθοτόμως
1191 4961 1562 5032 πιστευομένη
1617 4963 1712 5016 καὶ
1759 4960 1854 5014 λα-

252 5056 602 5127 τρευομένη,
635 5056 764 5125 μιᾶς
791 5055 1073 5124 ἐνεργείας
1088 5054 1412 5107 ἀδιαστάτου
1430 5053 1598 5114 ἐστὶν,
1623 5051 1854 5122 φανερὸν

257 5150 384 5220 ἄρα
419 5141 529 5202 κᾶν
555 5146 618 5201 τὶ
652 5147 797 5214 Θεὸς
838 5148 1009 5218 όνομα
1058 5146 1341 5218 ἐνεργείας
1393 5146 1508 5198 ἐστὶ
1536 5145 1852 5215 δηλωτικὸν,

257 5241 461 5310 χώραν
490 5241 552 5294 τὸ
580 5239 1033 5310 συναριθμεῖσθαι
1067 5238 1208 5292 κατὰ
1239 5238 1396 5290 τοῦτο
1432 5237 1529 5306 οὐχ
1553 5236 1696 5300 ἓξειο
1732 5235 1852 5288 ὅθεν

258 5330 456 5398 πάσης
480 5329 734 5399 διαϐολῆς
775 5328 873 5382 καὶ
897 5327 1229 5398 κατηγορίας
1275 5329 1308 5399 ὴ
1335 5327 1457 5381 καθ’
1488 5327 1635 5399 ἡμᾶς
1667 5325 1850 5390 πίστις

252 5422 548 5489 ἀνωτέρα,
573 5421 650 5483 ώς
683 5420 778 5473 καὶ
801 5419 1092 5472 δέδεικται.

339 5509 430 5580 κγ’
439 5552 452 5565 .
495 5512 714 5564 Ἕνεστι
745 5511 802 5563 δὲ
833 5513 926 5563 καὶ
955 5509 1130 5574 ἄλλως
1157 5512 1292 5580 ἡμῖν
1317 5509 1383 5562 δι’
1415 5505 1847 5578 ὲπιστημονικῆς

250 5603 366 5657 καὶ
391 5601 636 5672 ἀφύκτου
669 5603 990 5674 διαιρέσεως
1016 5604 1085 5656 τὰ
1131 5603 1260 5673 περὶ
1288 5601 1386 5671 τῆς
1423 5599 1708 5671 ὁμοουσίου
1751 5600 1848 5652 καὶ

337 5798 423 5871 (6)
463 5797 536 5854 Dc
569 5799 875 5871 theglpgico
901 5799 1168 5871 vocabulo
1193 5797 1566 5871 περιχώρησις
1620 5795 1846 5871 copiose

249 5867 527 5927 Petavius
559 5868 634 5924 De
658 5869 700 5926 Τ
706 5867 808 5929 riu.
841 5870 938 5926 lib.
967 5869 1056 5937 IV,
1098 5870 1182 5927 l6.
1240 5867 1421 5927 Utitur
1463 5867 1642 5925 etiam
1689 5867 1850 5924 Nice-

1954 4654 2119 4754 quam
2142 4679 2525 4749 operationum
2555 4672 2824 4729 vocabula
2865 4669 3362 4754 connumerautur.
3399 4654 3542 4722 Quia

1956 4749 2122 4843 initur
2155 4765 2703 4839 supersubstantialis
2749 4759 3014 4821 Trinitas,
3060 4755 3114 4809 id
3161 4759 3247 4806 cst
3283 4749 3446 4802 Pater
3474 4753 3544 4843 et

1953 4838 2128 4920 Filius
2179 4838 2238 4916 et
2285 4861 2525 4931 Spiritus
2573 4855 2818 4915 sanctus,
2850 4867 2970 4920 qua:
2995 4864 3023 4902 a
3045 4841 3375 4902 Christianis
3411 4838 3543 4894 reli-

1959 4959 2113 5029 giose
2139 4965 2194 5010 et
2217 4963 2365 5009 recte
2403 4950 2650 5007 creditur
2676 4957 2836 5016 atque
2861 4943 3143 5004 adoratur,
3173 4950 3338 4991 unam
3377 4931 3543 5029 habet

1957 5021 2372 5117 inseparabilem
2391 5041 2783 5113 operationem,
2796 5042 3012 5089 constat
3036 5029 3303 5101 profecto,
3323 5021 3540 5117 etiamsi

1962 5139 2053 5195 Dei
2077 5113 2415 5193 vocabulum
2447 5129 2786 5202 operationis
2811 5123 3234 5196 signiticativum
3271 5119 3362 5177 sit,
3396 5113 3539 5168 haud

1957 5243 2135 5286 tamen
2169 5232 2275 5283 hac
2327 5229 2381 5281 iu
2434 5241 2492 5280 re
2531 5224 2652 5278 fore
2703 5219 3000 5276 obnoxium
3037 5205 3536 5270 conuumerationi.

1959 5323 2326 5392 Quamobrem
2384 5316 2656 5373 calumnia
2710 5312 2858 5370 omni
2905 5322 2956 5366 et
3014 5303 3396 5364 criminatione
3438 5313 3532 5351 ex-

1957 5415 2158 5472 celsior
2185 5422 2270 5468 est
2297 5411 2431 5467 ﬁdes
2462 5417 2672 5470 nostra,
2698 5406 2778 5462 uti
2805 5404 3240 5459 demonstratum
3281 5391 3404 5447 fuit.

2027 5506 2118 5560 25.
2158 5503 2458 5558 Possumus
2489 5513 2591 5554 nos
2617 5507 2672 5552 et
2697 5497 2851 5550 aliter
2881 5488 3167 5548 doctrinali
3217 5483 3533 5545 invictaque

1955 5596 2328 5658 distinctione,
2358 5593 2426 5647 de
2455 5585 2912 5646 consubstantiali
2942 5592 2997 5638 et
3025 5587 3216 5636 sancta
3240 5571 3532 5638 Trinitate,

1953 5794 2166 5866 phnprus
2189 5807 2217 5846 a
2242 5787 2608 5866 nobis_edit_u_s
2642 5785 2695 5842 in
2725 5779 2972 5839 Antirrb.
2999 5794 3039 5846 ι,
3067 5774 3160 5843 45,
3193 5772 3292 5831 47.

2026 5864 2104 5936 (7)
2136 5864 2311 5934 Supra
2337 5861 2442 5918 col.
2487 5857 2616 5913 675.
