4064 6412
244 429 333 497 τοι

1357 435 1792 500 REFUTATIO
1827 433 2311 497 MAHOMEDIS.

3409 437 3520 502 702

246 546 356 601 ἐστι
381 546 640 618 πρᾶγμα,
679 543 759 608 ὡς
790 546 888 600 καὶ
914 547 1055 619 αὐτη
1104 547 1267 616 φύσις
1318 565 1403 614 τις
1457 550 1614 617 οὖσα,
1667 550 1730 602 τὸ
1760 547 1817 601 δὲ

1952 547 2252 606 ιηίνετεειο.
2276 552 2466 621 Itaque
2483 549 2528 607 si
2541 548 2726 605 divina
2742 549 3010 621 beateque
3021 558 3213 605 natura
3230 564 3522 608 commune

250 638 427 692 κοινόν
453 653 506 690 τι
533 638 749 707 χρῆμα,
779 637 879 708 οὐχ
919 639 1038 703 ἑνός
1064 643 1181 693 ὲστι
1214 641 1415 705 κοινὸν,
1452 640 1646 711 ὥσπερ
1675 641 1709 710 η
1727 638 1824 692 τού

255 731 480 799 ἀγγέλου
509 729 605 783 καὶ
650 728 945 801 ἀνθρώπου
984 732 1170 801 φύσις,
1220 733 1319 803 οὑχ
1350 734 1470 796 ἑνός
1503 734 1650 786 ἐστιν
1688 731 1826 784 ἀλλὰ

261 825 509 880 πλειόνων
526 838 543 855 ο
566 822 832 888 ὡσαύτως
859 823 918 878 δὲ
966 826 1064 879 καὶ
1090 826 1151 878 τὸ
1177 825 1470 880 καθολικδν
1503 826 1739 897 πρᾶγμα
1766 824 1829 878 τὸ

258 917 389 971 κατὰ
406 915 671 970 πλειόνων
693 915 1010 986 λεγόμενον,
1029 916 1106 981 ὡς
1127 918 1186 970 αἱ
1207 918 1425 987 λογικαὶ
1444 916 1827 988 διαγορεύουσι

255 1012 491 1083 μέθοδοι,
523 1010 761 1082 φανερὸν
792 1012 903 1084 ἄρα
932 1012 1017 1065 ὅτι
1057 1013 1153 1066 καὶ
1185 1011 1307 1065 Θεία
1355 1012 1520 1080 φύσις
1562 1010 1829 1063 πλειόνων

249 1106 399 1159 ἐστίν
426 1121 440 1134 ·
476 1103 637 1175 εἴπερ
671 1105 850 1157 κοινόν
878 1120 929 1157 τι
954 1105 1050 1158 καὶ
1081 1087 1373 1159 καθολικδν
1398 1103 1637 1175 πρᾶγμά
1668 1105 1785 1157 ἐστι
1809 1119 1826 1135 ο

246 1196 403 1250 τοῦτο
434 1196 542 1267 γὰρ
568 1196 941 1267 ὡμολόγηται.

312 1290 412 1346 κε’.
454 1292 519 1345 Εἰ
544 1286 639 1346 οὖν
663 1292 696 1362 ἡ
724 1290 844 1345 θεία
872 1289 1036 1361 φύσις
1064 1289 1327 1344 πλειόνων
1350 1291 1518 1356 ἐστὶν,
1545 1289 1622 1352 ὡς
1651 1288 1831 1343 κοινόν

246 1398 298 1436 τι
327 1384 424 1438 καὶ
454 1382 746 1438 καθολικὸν
773 1382 1030 1456 πρᾶγμα.
1055 1382 1263 1454 ἑκάστη
1302 1381 1360 1437 δὲ
1394 1381 1556 1453 φύσις
1589 1382 1742 1453 κοινή
1771 1396 1832 1436 τε

247 1475 339 1528 καὶ
356 1475 618 1548 καθολικὴ
646 1475 802 1542 οὖσα,
825 1478 925 1530 οὐκ
946 1473 1107 1530 άλλου
1128 1475 1273 1540 τινός
1301 1478 1417 1529 ἐστι
1441 1474 1618 1547 κοινὴ,
1653 1474 1768 1529 ἀλλ’
1796 1474 1831 1547 ἢ

247 1567 356 1621 τῶν
385 1569 444 1621 ὲν
466 1561 549 1632 οἷς
578 1566 866 1640 θεωρεῖται
892 1568 988 1622 καὶ
1021 1561 1097 1623 ὧν
1129 1570 1539 1639 κατηγορεῖται,
1567 1565 1744 1622 ταῦτα
1775 1565 1834 1621 δὲ

251 1660 321 1714 ἂν
353 1654 464 1713 εἷεν
492 1661 548 1714 αἱ
575 1661 775 1714 οἰκεῖαι
810 1659 1161 1726 ὑποστάσεις,
1213 1662 1506 1729 συνάγεται
1540 1659 1651 1731 ἄρα
1681 1659 1764 1713 ὅτι
1798 1659 1834 1737 ἡ

246 1752 370 1805 θεία
398 1751 561 1820 φύσις
609 1751 764 1823 κοινὴ
807 1746 975 1814 οὖσα,
1013 1752 1276 1806 πλειόνων
1311 1752 1666 1823 ὑποστάσεων
1704 1769 1837 1805 κατ-

242 1847 554 1916 ηγορεϊται,
584 1842 682 1897 καὶ⁸
703 1822 761 1896 ἐν
791 1840 1005 1897 πλείοσι
1033 1842 1340 1914 θεωρεῖται*
1371 1845 1509 1914 ὅπερ
1531 1822 1679 1897 ἐστὶν
1705 1841 1838 1914 ἀλη.

1932 643 2061 713 quid
2089 652 2146 698 et
2178 643 2490 699 universale
2513 651 2619 709 est,
2646 652 2922 714 quatenus
2942 652 2997 697 et
3027 642 3146 713 ipsa
3173 652 3371 699 natura
3396 653 3520 713 est;

1933 752 2023 792 res
2063 746 2247 792 autem
2276 735 2613 801 communis,
2643 751 2750 791 non
2787 735 2883 790 uni
2912 745 2997 790 est
3019 734 3350 799 communis,
3376 736 3524 792 sicut

1933 827 2112 898 angeli
2144 827 2492 897 hominisque
2523 835 2741 893 natura,
2778 841 2888 881 non
2920 834 3006 881 est
3036 826 3225 888 unius,
3253 824 3351 879 sed
3400 826 3523 893 plu-

1934 926 2116 993 rium;
2144 937 2301 993 teque
2318 939 2384 979 ac
2398 923 2733 979 universalis
2756 939 2848 979 res
2865 923 2931 978 de
2946 922 3197 992 pluribus
3219 920 3440 989 dicitur,
3465 930 3528 976 ut

1935 1019 2125 1089 logica
2147 1019 2348 1090 regulae
2369 1018 2630 1083 tradunt;
2664 1023 2813 1087 patet
2836 1015 3023 1085 utique
3042 1015 3284 1071 divinam
3309 1026 3529 1085 quoque

1936 1123 2189 1168 naturam
2233 1112 2475 1183 plurium
2515 1124 2657 1173 esse,
2715 1108 3162 1179 quandoquidem
3221 1106 3533 1165 communis

1937 1205 2380 1274 universalisque
2402 1218 2488 1259 res
2513 1212 2619 1257 est.
2652 1200 2766 1255 Hoc
2792 1200 2940 1255 enim
2981 1208 3068 1256 est
3100 1201 3154 1255 in
3193 1199 3470 1256 confesso.

2006 1295 2101 1353 25.
2136 1296 2408 1363 Quoniam
2453 1295 2641 1364 itaque
2672 1293 2857 1347 divina
2898 1301 3097 1347 natura
3132 1291 3376 1363 plurium
3412 1297 3526 1355 est,

1938 1399 2128 1461 utpote
2158 1403 2282 1459 qum
2312 1386 2625 1444 communis
2651 1384 3088 1454 universalisque
3116 1398 3205 1440 res
3234 1392 3351 1448 est;
3387 1396 3534 1438 una-

1939 1496 2168 1554 quaeque
2208 1492 2390 1536 autem
2444 1489 2638 1535 natura
2683 1488 2872 1549 utpote
2929 1477 3243 1534 communis
3301 1485 3355 1533 et
3406 1476 3535 1530 uni-

1938 1575 2193 1638 versalis.
2220 1574 2365 1628 haud
2404 1572 2497 1626 alii
2554 1572 2813 1642 cuiquam
2870 1569 3183 1625 communis
3236 1579 3321 1623 est
3363 1580 3531 1636 quam

1952 1667 2067 1724 illis
2091 1668 2145 1723 in
2183 1665 2385 1737 quibus
2415 1675 2720 1735 spectatur,
2757 1663 2811 1718 id
2849 1670 2956 1730 est,
2979 1663 3216 1733 propriis
3248 1660 3536 1731 personis;

1942 1759 2306 1828 consequitur
2350 1766 2410 1812 ut
2441 1756 2627 1812 divina
2665 1765 2859 1810 natura
2889 1769 3013 1823 quae
3057 1753 3370 1809 communis
3423 1763 3535 1816 est,

1944 1851 2013 1905 de
2069 1848 2319 1919 pluribus
2372 1847 2628 1918 personis
2681 1845 3038 1917 praedicetur,
3096 1852 3153 1899 et
3197 1844 3251 1899 in
3285 1844 3539 1915 pluribus

247 1912 416 2000 θινὺν,
449 1936 542 1988 καὶ
567 1935 692 1998 ταῖς
734 1933 1040 2004 Γραφικαϊς
1072 1912 1303 1999 ἐννοίαις
1343 1912 1593 2006 συνᾷδον.
1650 1932 1714 1988 El
1740 1912 1833 1989 οὖν

1952 1940 2367 2006 consideretur;
2412 1937 2558 2008 quod
2620 1952 2816 2006 reapse
2861 1950 3052 1990 verum
3109 1944 3212 1999 est,
3244 1912 3302 1990 et
3328 1934 3537 1989 divinis

242 2026 307 2079 ἓν
342 2027 440 2098 μὲν
453 2029 517 2098 τῇ
543 2026 725 2097 φύσει,
753 2025 924 2081 πολλὰ
951 2026 1009 2081 δὲ
1028 2028 1148 2091 ταῖς
1179 2025 1458 2099 ἰδιότησιν,
1487 2024 1574 2099 ἦτ’
1604 2021 1699 2081 οὖν
1719 2029 1843 2091 ταῖς

246 2119 637 2181 ὑποστάσεσιν,
673 2121 702 2174 ὁ
737 2120 896 2190 λόγος
927 2117 1129 2185 ἔδειξεν
1175 2120 1397 2189 ἀληθὲς,
1448 2117 1685 2188 φανερὸν
1731 2116 1841 2188 άρα

237 2216 330 2268 ὅτι
364 2213 426 2269 τὸ
447 2214 505 2268 ἓν
534 2214 634 2285 μὲν
661 2216 727 2286 τῇ
754 2210 915 2284 φύσει
962 2214 1058 2267 καὶ
1091 2215 1157 2284 τῇ
1190 2211 1492 2265 ὑποστάσει
1533 2207 1842 2280 άπελήλεγ-

239 2323 407 2362 κταιο
444 2310 491 2362 ει
524 2309 582 2362 δὲ
615 2310 648 2381 ἡ
677 2307 798 2362 Θεία
844 2307 940 2362 καὶ
977 2305 1225 2379 μακαρία
1264 2303 1429 2376 φύσις
1464 2306 1532 2375 τῇ
1563 2302 1727 2374 φύσει
1758 2301 1838 2367 ἓν,

238 2400 423 2455 πολλὰ
451 2396 509 2453 δὲ
538 2400 660 2465 ταῖς
689 2398 1056 2454 ὑποστάσεσιν
1083 2400 1141 2451 ἐν
1170 2389 1258 2461 αῖς
1290 2396 1576 2466 θεωρεῖται
1620 2394 1697 2458 ὡς
1728 2412 1844 2449 κοι-

237 2494 344 2549 νόν
364 2510 416 2547 τι
442 2493 535 2546 καὶ
560 2491 851 2547 καθολικδν
882 2491 1116 2563 πρᾶγμα
1135 2484 1291 2554 οὖσα,
1313 2484 1765 2559 ὑπεραναὸἐϐηκε
1786 2480 1845 2539 δὲ

238 2587 435 2654 πάσης
458 2584 686 2655 κτιστῆς
712 2586 951 2654 φύσεως,
981 2582 1077 2637 καὶ
1106 2580 1310 2652 μᾶλλον
1340 2580 1419 2651 τῷ
1449 2580 1529 2634 ἑνὶ
1565 2592 1846 2651 χαρακτη-

240 2677 539 2751 ριζομένη,
591 2679 738 2751 ἥπερ
780 2679 839 2732 ὲν
886 2674 1000 2740 τοῖς
1031 2675 1312 2729 πλείοσινο
1347 2672 1443 2728 καὶ
1472 2671 1581 2743 γάρ
1614 2667 1848 2743 βραχεῖά

236 2788 373 2836 πως
400 2771 496 2827 καὶ
523 2769 744 2844 ἀμυδρά
767 2773 824 2824 ἐν
852 2768 930 2841 τῷ
956 2767 1080 2839 ’Θεῷ
1114 2766 1378 2838 διαφορά’
1409 2764 1469 2819 ἓν
1492 2764 1550 2818 δὲ
1573 2764 1668 2818 καὶ
1708 2772 1841 2816 ταυ-

238 2862 441 2935 τότης,
463 2861 609 2917 κατὰ
632 2861 810 2916 πάντα
840 2859 1298 2932 ἀπαραλλάκτως,
1322 2856 1462 2928 πλὴν
1492 2855 1585 2909 τοῦ
1616 2854 1850 2925 ἀγεννήο

238 2969 349 3007 του
403 2952 501 3006 καὶ
550 2952 817 3024 γεννητοῦ
856 2951 953 3006 καὶ
983 2948 1077 3004 τοῦ
1104 2948 1477 3021 ὲκπορευτοῦ·
1510 2948 1571 3001 ἓν
1627 2944 1685 3000 δὲ
1734 2948 1848 3009 τοῖς

244 3046 553 3116 κτίσμασιν
575 3044 846 3100 ἀνάπαλιν
872 3043 1042 3114 πολλὴ
1078 3042 1175 3112 μὲν
1201 3041 1287 3094 ἐτε
1297 3040 1478 3111 ρότης,
1501 3038 1765 3107 ταυτότης
1789 3037 1848 3091 δὲ

238 3137 435 3206 ὀλίγηδ
464 3133 700 3205 φανερὸν
724 3133 807 3187 ὅτι
828 3132 925 3186 καὶ
954 3132 1012 3186 αι
1038 3131 1286 3194 πλείονες
1314 3128 1645 3189 ὑποστάσεις
1674 3127 1733 3179 ὲν
1755 3121 1848 3187 αἷς

243 3229 286 3300 ἡ
319 3228 420 3298 μία
453 3229 550 3280 καὶ
578 3224 1000 3299 ἀπαράλλακτος
1033 3222 1197 3293 φύσις
1222 3221 1544 3292 θεωρεῖται,
1580 3219 1681 3272 οὑκ
1712 3219 1850 3270 εἰσὶν

244 3320 491 3390 ἄπειρον
538 3317 781 3389 πλῆθος⁶
841 3318 904 3371 ού
953 3317 1062 3389 γάρ
1121 3316 1240 3368 ἐστι
1290 3313 1538 3384 συμφυὲς
1577 3309 1656 3380 τῷ
1684 3309 1768 3363 ἐνὶ
1791 3309 1854 3363 τὸ

244 3414 511 3484 ἄπειρον,
549 3412 665 3467 ἀλλ’
718 3411 1033 3482 ἀλλότριον·
1069 3408 1179 3463 οὐδ’
1232 3408 1419 3470 ἁπλῶς
1449 3402 1853 3474 ἑξαπλούμεναι

247 3504 527 3559 ἐπέκεινα
554 3504 651 3558 τοῦ
692 3505 844 3575 τρεῖς
876 3501 1115 3575 ἀριθμοῦ
1138 3517 1155 3533 ο
1190 3500 1285 3554 τοῦ
1315 3499 1424 3570 γάρ
1456 3496 1699 3569 πλήθους
1729 3491 1853 3549 καθ’

248 3596 398 3649 αὑτὸ
455 3594 551 3648 τοῦ
602 3594 722 3658 ἑνὸς
772 3594 1175 3664 ἀφεστηκότος,
1205 3589 1367 3662 δῆλον
1421 3590 1503 3643 ὅτι
1534 3586 1599 3642 rb
1627 3588 1855 3658 ἄπειρον

251 3686 471 3758 πλῆθος
500 3685 782 3751 παντελῶς
831 3685 1117 3755 ἀλλότριον
1150 3686 1247 3738 καὶ
1300 3680 1560 3745 ἀπεοικὸς
1606 3680 1854 3734 ἐκείνουι

248 3779 361 3834 καὶ
391 3779 502 3851 γὰρ
522 3779 573 3831 si
593 3777 738 3850 ἁρχὴ
764 3776 969 3849 πλῆθος
985 3773 1075 3848 ἦν,
1095 3776 1203 3830 ἔδει
1223 3776 1286 3828 τὸ
1306 3775 1408 3845 τῆς
1428 3772 1604 3842 αὐτῆς
1632 3771 1857 3839 άμέσως

254 3870 502 3943 μετέχον
533 3868 737 3940 μᾶλλον
766 3864 906 3925 εἶναι
942 3868 1150 3938 πλῆθος
1185 3866 1283 3920 τοῦ
1315 3864 1668 3937 ποῤῥωτέρου
1689 3875 1704 3895 ⁸
1733 3861 1859 3915 ἐπεὶ

250 3966 320 4018 δὲ
342 3964 411 4016 τὸ
437 3962 498 4017 ιν
546 3963 649 4032 τῆς
688 3960 842 4026 θείας
894 3960 1114 4032 φύσεώς
1163 3962 1313 4013 ἐστιν
1352 3957 1521 4028 ἁρχὴ,
1557 3956 1774 4025 ἀνάγκη
1797 3954 1860 4007 τὸ

247 4052 468 4124 ἐκείνῳ
493 4051 731 4121 συναφὲς
766 4051 878 4105 τῶν
909 4051 1070 4105 θείων
1104 4049 1459 4103 ὑποστάσεων
1478 4045 1707 4116 πλῆθος,
1734 4045 1859 4100 ἐλά-

248 4161 459 4216 χιστον
498 4144 783 4209 παντελῶς
817 4145 913 4198 καὶ
942 4143 1275 4215 πορρωτέρω
1311 4139 1554 4209 πληθύος
1572 4154 1588 4171 °
1615 4138 1773 4191 τοῦτο
1796 4137 1858 4191 δέ

248 4242 423 4292 ἐστιν
452 4240 488 4309 ἡ
515 4238 675 4310 τριάς
698 4253 714 4270 ⁸
741 4236 868 4292 οὕτε
904 4237 1014 4308 γὰρ
1039 4241 1070 4305 ὴ
1097 4236 1249 4301 δυὰς,
1276 4234 1366 4287 διὰ
1398 4234 1459 4287 τὸ
1485 4233 1560 4305 μὴ
1593 4227 1734 4286 εἶναι
1755 4230 1856 4303 (8)·

249 4331 397 4385 ἠΰτε
423 4331 534 4402 γὰρ
559 4330 686 4386 ἄλλο
705 4346 781 4398 τι,
807 4330 896 4384 διὰ
917 4328 977 4384 τὸ
1007 4328 1082 4400 μὴ
1113 4326 1364 4399 πρώτως·
1399 4326 1634 4396 φανερὸν
1665 4325 1774 4397 ἄρα
1794 4326 1860 4377 ὲκ

248 4424 480 4478 τούτων
514 4424 598 4479 ὅτι
629 4425 659 4477 ὁ
680 4424 814 4487 Θεὸς
867 4425 934 4494 τῇ
972 4423 1071 4493 μὲν
1099 4420 1259 4488 φύσει
1292 4413 1373 4482 εἷς
1416 4418 1513 4485 ὢν,
1544 4419 1695 4489 τρισὶ
1736 4419 1858 4481 ταῖς

1943 2030 2233 2090 sententiis
2266 2044 2598 2084 consonum.
2629 2026 2807 2097 Igitur
2848 2026 2895 2081 si
2936 2025 3081 2093 quod
3114 2032 3199 2079 est
3222 2039 3391 2079 unum
3433 2036 3540 2078 na-

1945 2132 2088 2188 tura,
2112 2121 2562 2193 proprietatibus,
2576 2117 2629 2173 id
2643 2128 2727 2173 est
2746 2117 3024 2188 personis,
3044 2116 3199 2185 plura
3214 2129 3337 2171 esse
3354 2128 3544 2170 sermo

1944 2227 2138 2274 noster
2171 2230 2298 2270 vere
2323 2213 2745 2277 demonstravit,
2775 2218 2922 2283 patet
2954 2225 3110 2276 sane,
3158 2210 3211 2264 id
3241 2210 3390 2280 quod
3451 2216 3539 2264 est

1946 2322 2118 2366 unum
2170 2315 2393 2373 natura,
2450 2320 2690 2377 persona
2768 2316 2991 2376 quoque
3031 2302 3277 2374 coargui.
3331 2300 3541 2369 Quodsi

1944 2400 2129 2456 divina
2160 2399 2429 2467 beataque
2454 2405 2648 2451 natura
2678 2395 3005 2450 naturaliter
3040 2408 3212 2446 unum
3247 2392 3380 2463 quid
3430 2400 3539 2460 est,

1946 2495 2102 2564 plura
2128 2501 2309 2546 autem
2340 2488 2644 2547 secundum
2698 2500 2963 2559 personas
3016 2484 3071 2541 in
3107 2484 3309 2555 quibus
3357 2482 3545 2539 consi-

1948 2586 2199 2649 deratur,
2235 2600 2334 2640 ceu
2367 2586 2458 2639 res
2480 2581 2731 2654 quaedam
2764 2579 3075 2636 communis
3092 2588 3147 2634 et
3174 2574 3540 2643 universalis;

1947 2675 2294 2732 transcendit
2328 2683 2518 2730 autem
2551 2672 2855 2743 quamlibet
2883 2683 3124 2727 creatam
3161 2682 3439 2734 naturam,
3488 2677 3544 2722 et

1951 2779 2136 2824 tamen
2193 2768 2408 2822 unitate
2433 2766 2611 2838 magis
2639 2774 3092 2832 reprmsentatur,
3122 2777 3287 2832 quam
3344 2759 3547 2831 plurali

1949 2877 2181 2917 numero
2217 2876 2232 2914 :
2264 2859 2464 2915 etenim
2496 2858 2552 2912 in
2593 2857 2701 2911 Deo
2756 2856 2941 2911 brevis
2962 2854 3213 2925 quaedam
3265 2853 3541 2922 exilisque

1950 2956 2258 3012 diﬂ‘erenlia
2292 2963 2399 3033 est,
2455 2952 2550 3007 sed
2580 2966 2752 3005 unum
2790 2959 2845 3005 et
2888 2949 3031 3004 idem
3075 2962 3168 3019 per
3198 2948 3383 3001 omnia
3411 2960 3545 2999 con-

1952 3057 2184 3110 stanter,
2214 3047 2440 3115 dempto
2471 3044 2718 3114 ingenito
2764 3051 2819 3097 et
2848 3042 3039 3113 genito
3081 3056 3147 3096 ac
3175 3039 3497 3109 procedente
3527 3055 3544 3104 ;

1953 3150 2010 3197 at
2037 3155 2167 3195 vero
2204 3141 2259 3193 in
2305 3138 2576 3194 creaturis
2611 3147 2842 3201 contra;
2900 3134 3179 3188 diversum
3206 3145 3371 3201 saepe,
3400 3129 3548 3184 idem

1954 3248 2117 3301 raro;
2148 3239 2300 3301 patet
2330 3230 2497 3285 etiam
2557 3229 2747 3299 plures
2779 3240 3068 3298 personas,
3109 3224 3162 3276 iu
3196 3222 3405 3292 quibus
3428 3234 3540 3274 una

1956 3323 2416 3392 invariuhilisque
2471 3330 2668 3375 natura
2716 3326 3019 3388 spectatur,
3052 3329 3160 3368 non
3216 3327 3339 3368 esse
3366 3310 3553 3365 inlini-

1957 3427 2069 3471 tam
2136 3412 2739 3468 niultitudinemznon
2797 3410 2947 3463 enim
3005 3402 3388 3460 connaturalis
3459 3410 3551 3457 est

1960 3506 2158 3563 unitati
2199 3501 2698 3563 innumerabilitas,
2766 3499 2861 3553 sed
2906 3499 3087 3552 aliena
3118 3495 3324 3565 potius.
3355 3491 3548 3563 Neque

1959 3614 2209 3671 personae
2241 3597 2569 3668 amplianda:
2584 3593 2867 3651 suulultra
2892 3590 3199 3645 ternarium
3218 3598 3549 3642 numerum:
3604 3622 3607 3625 μ

1959 3708 2083 3749 nam
2142 3706 2268 3747 cum
2308 3688 2603 3745 multitudo
2636 3698 2737 3757 per
2773 3698 2835 3740 se
2863 3683 3159 3738 abhorreat
3192 3680 3265 3735 ab
3319 3677 3551 3742 unitate,

1958 3793 2107 3857 patet
2142 3783 2412 3839 inﬁnitam
2474 3779 2876 3835 multitudinem
2908 3788 3140 3846 prorsus
3181 3774 3252 3827 ab
3282 3771 3373 3825 illa
3413 3770 3553 3824 alie-

1958 3895 2087 3936 nam
2111 3893 2243 3935 esse
2268 3887 2324 3931 et
2345 3877 2761 3931 abhorrentem.
2810 3871 2949 3926 Nam
2983 3871 3028 3925 si
3057 3875 3223 3939 caput
3250 3863 3551 3920 multitudo

1959 3978 2125 4037 esset,
2174 3975 2453 4037 oporteret
2484 3966 2615 4020 illud
2652 3963 2796 4033 quod
2828 3961 3079 4033 proxime
3134 3959 3188 4014 ei
3238 3955 3553 4026 participat,

1958 4063 2135 4133 magis
2162 4075 2285 4116 esse
2312 4059 2665 4130 plurativum,
2690 4070 2853 4127 quam
2881 4051 3027 4124 quod
3094 4050 3381 4105 remotius.
3412 4045 3556 4113 Quia

1959 4168 2090 4210 vero
2127 4153 2310 4208 unitas
2347 4161 2512 4219 caput
2546 4156 2632 4204 est
2685 4147 2884 4203 divinae
2930 4153 3158 4205 natura,
3212 4154 3440 4195 necesse
3469 4145 3560 4195 est

1960 4246 2018 4303 id
2052 4244 2197 4317 quod
2226 4243 2302 4299 illi
2330 4241 2703 4305 connectitur,
2738 4239 3050 4294 divinarum
3075 4240 3269 4304 nempe
3286 4246 3558 4302 persona-

1962 4354 2086 4394 rum
2112 4349 2430 4397 numerum,
2459 4332 2751 4387 minimum
2790 4344 3019 4399 prorsus
3054 4339 3179 4382 esse
3207 4333 3263 4379 et
3310 4338 3339 4377 a
3364 4321 3557 4377 multi-

1961 4430 2156 4487 tudine
2203 4427 2676 4485 remotissimum.
2737 4421 2891 4476 Talis
2941 4434 3107 4488 porro
3160 4416 3382 4473 trinitas
3449 4416 3557 4469 est.

252 4515 608 4570 ὑποστάσεσι
626 4513 955 4584 γινώσκεται
977 4528 1038 4567 τε
1056 4514 1152 4566 καὶ
1169 4511 1350 4573 καλῶς
1374 4510 1525 4581 παρὰ
1550 4509 1659 4563 τῶν
1684 4508 1846 4580 ὀρθῶς

1964 4522 2102 4578 Nam
2164 4537 2342 4592 neque
2401 4522 2511 4574 duo
2553 4532 2677 4574 esse
2706 4522 2980 4585 poterant,
3040 4511 3170 4581 quia
3222 4524 3332 4563 non
3364 4506 3561 4561 fuisset

250 4603 621 4675 φρονούντων
643 4603 986 4674 Χριστιανῶν
1011 4599 1332 4653 πιστεύεται
1349 4597 1529 4650 τεκαὶ
1554 4594 1859 4662 δοξάζεταιο

1969 4615 2201 4687 pluralis
2254 4626 2563 4667 numerus:
2617 4623 2796 4677 neque
2826 4605 2973 4661 aliud
2999 4602 3245 4673 quidvis,
3280 4599 3409 4671 quia
3449 4613 3559 4652 non

253 4697 373 4752 καὶ
421 4695 583 4750 τοῦτο
628 4697 763 4768 ημῖν
814 4697 964 4749 ἐστιν
992 4693 1024 4746 ό
1068 4690 1264 4763 Πατὴρ
1309 4691 1405 4744 καὶ
1437 4692 1466 4743 ὁ
1498 4687 1624 4752 me
1673 4688 1769 4742 καὶ
1802 4685 1846 4739 τι

1972 4685 2123 4763 esset
2142 4705 2425 4777 primitus.
2464 4700 2539 4757 Ex
2572 4702 2657 4756 his
2684 4700 2855 4770 igitur
2874 4704 3100 4768 apparet
3158 4694 3328 4749 Deum
3358 4699 3560 4746 natura

255 4790 435 4859 ἅγιον
462 4788 711 4860 Πνεῦμα.

693 5080 1131 5137 ΕᾹΕΓΚΤῘΚΟΣ
1166 5077 1459 5132 ΠΡΩΤΟΣ.

353 5177 517 5234 Κατὰ
540 5175 660 5231 τῶν
685 5176 758 5230 ἐν
787 5174 867 5241 τῷ
902 5173 1109 5298 πῇῗτῄῳ
1147 5173 1308 5240 λόγῳ
1339 5169 1689 5225 δοκούντων
1721 5167 1804 5233 τῷ

1081 5260 1207 5298 uec.

1074 5260 1207 5312 μετ.

360 5340 472 5405 σις’.
504 5338 657 5392 Ἐπεὶ
677 5332 811 5392 οὖνὸ
834 5335 991 5404 λόγος
1004 5335 1062 5402 ἐξ
1085 5334 1517 5403 ὲπιστημονικῆς
1532 5330 1758 5403 μεθόδου
1781 5328 1877 5383 καὶ

272 5430 705 5502 συλλογιπικῆς
726 5427 1078 5494 ἀποδείξεως,
1108 5425 1207 5495 τὴν
1234 5424 1364 5497 περὶ
1384 5425 1484 5495 τῆς
1509 5423 1672 5493 ἁγίας
1700 5421 1873 5493 Τριά-

271 5529 377 5591 δος
395 5524 789 5595 ὁμοουσιότητα
818 5523 914 5576 καὶ
946 5521 1276 5590 ταυτότητά,
1327 5519 1422 5571 καὶ
1450 5517 1550 5587 τὴν
1588 5516 1719 5586 μίαν
1748 5513 1871 5567 θεό-

1972 4798 2196 4870 quidem
2227 4811 2423 4857 unum,
2454 4795 2512 4850 in
2533 4794 2714 4848 tribus
2737 4789 2989 4861 personis
3016 4786 3267 4857 agnosci,
3302 4792 3563 4852 recteque

1974 4892 2045 4947 ab
2070 4889 2393 4945 orthodoxis
2418 4885 2751 4943 Christianis
2781 4880 2930 4937 credi
2953 4888 3009 4934 et
3034 4878 3355 4950 glorilicari.
3384 4877 3563 4944 Atque

1967 4984 2059 5040 hic
2080 4982 2224 5039 Deus
2246 4981 2403 5036 nobis
2427 4988 2513 5033 est
2536 4977 2697 5032 Pater
2715 4984 2768 5029 et
2794 4974 2964 5029 Filius
2980 4980 3035 5027 et
3057 4970 3298 5042 Spiritus
3314 4978 3561 5024 sanctus.

2394 5064 2842 5126 CONFUTATIO
2892 5063 3130 5119 PRIMA.

2056 5167 2314 5222 Adversus
2336 5162 2619 5220 sententias
2659 5158 2820 5231 primi
2858 5156 3075 5227 capituli
3105 5149 3461 5208 Hohamedis.

2052 5327 2146 5383 26.
2178 5326 2472 5394 Postquam
2505 5335 2688 5376 sermo
2727 5326 2917 5373 noster
2944 5311 3230 5370 doctrinali
3260 5304 3550 5368 methodo,

1978 5435 2084 5479 nec
2118 5435 2227 5476 non
2259 5416 2599 5491 syllogistica
2646 5409 3141 5468 demonstratione,
3201 5409 3409 5457 sant-tte
3434 5394 3564 5471 Trif-

1978 5515 2166 5571 nitatis
2193 5507 2825 5568 consubstantialitatem
2857 5512 2912 5559 et
2935 5500 3248 5573 paritatem,
3282 5502 3563 5559 unamque

268 5586 551 5690 cqca‘xai
588 5586 909 5688 μοναρχίαν,
941 5616 1068 5670 ὅσον
1094 5586 1238 5667 κατὰ
1276 5610 1338 5664 τὸ
1365 5608 1590 5663 δυνατὸν
1633 5606 1702 5659 τὰ
1733 5604 1846 5675 ὑπὲτ

1981 5605 2326 5663 divinitatem
2373 5611 2430 5656 et
2468 5598 2844 5655 monarchiam
2875 5594 3165 5665 (quantum
3217 5586 3335 5643 ﬁeri
3383 5589 3565 5690 potest

267 5713 448 5782 λόγον
480 5712 575 5764 καὶ
597 5709 730 5764 ὄντα
775 5708 873 5763 καὶ
899 5706 1289 5778 πιστευόμενα,
1318 5701 1502 5766 καλῶς
1532 5699 1873 5769 παρέστησε,

1984 5699 2043 5754 in
2084 5698 2152 5753 iis
2184 5710 2307 5767 qua:
2344 5708 2510 5766 supra
2542 5689 2811 5747 rationem
2837 5692 2966 5744 sunt
2993 5692 3048 5741 et
3079 5694 3203 5739 esse
3238 5673 3561 5745 creduntur)

360 5886 444 5962 (ὃ)
475 5887 651 5946 Graeci
702 5886 965 5960 pluralem
1008 5902 1036 5943 a
1077 5882 1226 5942 duali
1279 5897 1508 5940 numero
1550 5881 1869 5939 distinctum
1907 5876 2118 5937 volunt.
