4048 6396
643 438 755 500 ’763

1921 429 2221 492 ΝΙΕΕΤιἘ
2257 428 2658 488 ΒΥΖΑΝΤΙΝΙ
3765 440 3830 502 7m

646 555 797 602 recte
848 541 1121 614 exposuit,
1153 551 1513 612 nostrumque
1561 542 1757 611 dogma
1810 541 2224 610 comprobavit;

2337 539 2432 591 καὶ
2477 539 2540 592 τὸ
2588 539 2787 592 οἰκεῖον
2816 535 2994 607 δόγμα
3025 536 3421 600 κατεσκεύασε,
3475 536 3652 608 καιρὸς
3671 541 3750 614 ἤδη
3774 558 3832 604 καὶ

648 648 863 708 tempus
905 637 1018 706 jam
1087 644 1171 690 est
1223 643 1286 689 ut
1339 634 1770 690 nefandissitnus
1813 634 2120 690 eHnendax
2153 633 2224 687 ab

651 732 833 786 Arabe
871 729 1195 786 Mobamede
1255 728 1502 783 falsidico
1543 731 1757 782 calamo
1801 729 2037 795 scriptus
2074 727 2230 792 liber,

650 829 838 875 utrum
875 820 1124 875 veritatis
1160 828 1430 887 rectaque
1459 817 1724 871 doctrinae
1774 817 1978 887 aliquid
2012 817 2234 884 habeat,

650 911 1093 967 consideremus.
1174 910 1267 965 Sic
1316 927 1446 979 ergo
1498 919 1791 966 tractatum
1854 910 2231 965 exordiamur.

645 1001 786 1056 Cum
841 1001 1192 1056 multifariam
1246 1003 1551 1072 Oppugnari
1589 1002 1763 1070 possit
1821 1001 2236 1056 inlicetissimus

658 1092 997 1148 Mohamedis
1056 1092 1230 1158 liber;
1285 1101 1432 1146 tatus
1499 1093 1644 1146 enim
1707 1091 1987 1146 marcidus
2043 1099 2127 1147 est
2183 1100 2238 1145 et

645 1185 929 1248 ruinosus,
964 1185 1134 1254 putris
1164 1184 1335 1238 instar
1361 1183 1572 1238 azdilicii
1597 1185 1810 1239 cariosa
1837 1185 2059 1238 materie
2077 1198 2234 1238 com-

644 1277 813 1346 pacti,
845 1276 1200 1346 imperiteque
1231 1277 1558 1342 constructi,
1597 1277 1845 1347 nihilque
1895 1275 2111 1330 firmum
2143 1283 2238 1329 ant

645 1366 842 1422 stabile
871 1367 1150 1424 habentis:
1176 1376 1300 1421 ante
1323 1368 1507 1422 omnia
1533 1382 1916 1439 argumentum
1936 1367 2068 1422 illud
2089 1367 2235 1438 quod

644 1461 816 1508 totum
828 1453 1037 1508 aedilicii
1063 1453 1470 1512 fundamentum
1498 1457 1777 1511 continere
1799 1457 2031 1521 videtur,
2052 1457 2238 1527 profe-

642 1558 862 1610 ramus;
884 1561 1120 1615 namque
1137 1547 1188 1600 id
1202 1562 1326 1601 cum
1351 1548 1522 1602 sancti
1541 1547 1776 1618 Spiritus
1797 1564 1899 1618 ope
1922 1549 2238 1604 subvertere

643 1634 990 1691 meditantur.
1029 1635 1122 1692 Sic
1143 1639 1291 1693 enim
1322 1653 1382 1693 se
1411 1653 1602 1706 gerere
1651 1640 1833 1694 solent
1857 1639 2023 1694 etiam
2063 1638 2098 1692 ii
2141 1641 2235 1708 qui

641 1729 918 1800 ejusmodi
946 1733 1175 1787 aedilicia
1203 1742 1446 1788 evertere
1473 1732 1700 1800 volunt;
1732 1734 1991 1788 nimirum
2017 1733 2085 1788 iis
2110 1748 2234 1802 quae

645 1821 824 1878 fulcra
883 1824 1142 1879 videntur
1196 1824 1516 1888 destructis,
1565 1825 1880 1880 universam
1939 1824 2126 1878 subito
2161 1823 2237 1877 fa-

643 1911 852 1968 bricam
893 1914 1050 1969 humi
1086 1924 1361 1971 sternunt.
1399 1915 1495 1972 Est
1517 1926 1697 1970 autem
1739 1916 1916 1987 prima
1960 1917 2230 1971 adversus

645 2003 752 2060 hoc
781 2016 940 2076 putre
965 2008 1255 2063 aedilicium
1287 2010 1561 2069 machina,
1587 2008 1926 2079 comparatio
1952 2007 2073 2078 ejus
2100 2021 2224 2064 cum

643 2095 828 2152 divina
865 2099 1175 2169 Scriptura.
1214 2099 1350 2154 Nam
1374 2101 1501 2170 quia
1532 2099 1902 2165 lllohamedes,
1936 2099 2089 2154 omni
2131 2113 2227 2169 ge-~

526 2238 532 2246 .
645 2201 778 2242 nere
802 2187 1069 2244 doctrina:
1103 2191 1329 2258 omisso,
1365 2191 1478 2245 imo
1512 2192 1564 2246 in
1620 2200 1830 2262 tergum
1859 2190 2084 2260 rejecto,
2125 2205 2221 2244 ca-

643 2286 744 2347 put
767 2279 853 2334 sui
883 2280 1156 2337 sermonis
1181 2282 1469 2337 constituit
1499 2283 1550 2335 in
1571 2281 1663 2336 Dei
1701 2297 1867 2351 quam
1897 2281 2003 2336 sibi
2045 2281 2224 2335 vindi-

643 2376 734 2424 cat
789 2369 1139 2438 allocutione,
1202 2388 1305 2429 nos
1358 2389 1579 2444 quoque
1643 2373 1906 2430 debemus
1973 2372 2220 2428 omnium

641 2474 913 2516 concessu
945 2463 1208 2519 divinitus
1229 2463 1488 2520 dictatam
1523 2466 1861 2536 Seripturam
1881 2481 2008 2520 cum
2039 2481 2104 2518 eo
2149 2463 2219 2517 li-

641 2552 745 2607 bro
766 2553 821 2607 in
851 2554 1043 2623 primis
1081 2555 1374 2623 conferre;
1417 2565 1477 2611 ut
1503 2568 1761 2612 accurato
1795 2555 2220 2626 comparationis

645 2642 858 2699 lumine
908 2645 1253 2715 deprehensa
1307 2649 1455 2705 illius
1519 2650 1860 2705 absurditate
1904 2657 1962 2703 et
2029 2648 2222 2702 incon-

643 2737 918 2804 gruentia,
951 2740 1163 2810 reliqua
1193 2742 1378 2796 omnia
1408 2741 1544 2797 l‘alsa
1579 2750 1632 2797 et
1663 2757 1824 2808 vana,
1857 2739 2089 2810 ideoque
2117 2752 2218 2809 pa-

643 2823 754 2882 lam
785 2828 1164 2898 vituperanda,
1197 2831 1556 2901 despuantur.

2331 630 2431 698 τὴν
2465 629 2866 699 μυσαρωτάτην
2892 629 2988 681 καὶ
3013 627 3351 699 ψευδηγόρον
3374 627 3524 698 παρὰ
3547 629 3632 682 τοῦ
3663 634 3834 701 Ἀραὸος

2334 723 2581 792 Μωάμετ
2612 721 3198 791 πλαστογραφηθεῖσαν
3227 720 3432 792 βίϐλον,
3467 722 3559 773 καὶ
3585 723 3647 776 τὰ
3676 725 3722 775 ὲν
3745 729 3834 800 αὐτῇ

2335 815 2688 884 ἑμφερόμενα
2724 817 2774 867 εἰ
2824 813 3079 882 ἀληθείας
3113 830 3172 866 τε
3208 812 3303 865 καὶ
3355 813 3662 879 εὐθυϐολίας
3689 817 3838 886 ἔχουσιν

2334 903 2770 972 ἐπισκέψασθαι·
2811 901 3048 973 ἄρξομαι
3096 902 3152 955 δὲ
3210 903 3304 956 καὶ
3359 905 3489 972 περὶ
3524 904 3710 958 τούτων
3744 902 3836 962 ὧδεο

2336 992 2642 1062 Τοιγαροῦν
2702 992 2903 1056 πολλὰς
2961 991 3218 1055 ἐπιϐολάς
3273 993 3582 1063 ἀνασκευῆς
3623 997 3839 1072 δεχομένῳ

2335 1078 2431 1132 τοῦ
2460 1079 2808 1146 ἀλογωτάτου
2836 1079 3043 1149 βιϐλίου
3091 1078 3186 1132 τοῦ
3238 1082 3488 1151 Μωάμετ
3519 1083 3652 1150 (ὅλον
3672 1087 3761 1154 γάρ
3782 1105 3839 1141 σα.

2337 1171 2464 1241 θρὸν
2491 1171 2552 1224 τέ
2583 1175 2721 1237 ἐστι,
2754 1175 2847 1225 καὶ
2875 1172 3324 1238 εὐκατάπτωτον,
3351 1171 3544 1243 ὥσπερ
3569 1177 3700 1227 οἰκία
3725 1181 3841 1248 σαθρὰ

2335 1263 2401 1315 ὲκ
2425 1263 2526 1330 τῆς
2569 1262 2703 1331 ὕλης
2749 1263 3056 1335 εὑφθάρτου
3116 1265 3533 1336 συντεθειμένη,
3567 1267 3774 1336 ἀτεχνῶς
3808 1274 3839 1324 ἑὲ

2334 1352 2782 1423 οἰκοδομουμένη,
2810 1355 2904 1406 καὶ
2929 1354 3245 1424 μηδαμόθεν
3275 1355 3336 1408 τὸ
3363 1355 3579 1424 βέϐαιον
3609 1360 3693 1410 καὶ
3713 1367 3840 1430 στερὲ-

2339 1461 2492 1514 μνιον
2535 1444 2790 1515 ἔχουσα),
2833 1445 2931 1514 τὴν
2991 1447 3052 1498 τὸ
3083 1446 3203 1500 ὅλον
3257 1446 3417 1499 τοῦτο
3455 1449 3688 1518 συνέχειν
3712 1451 3841 1504 δοκοῦν

2338 1538 2537 1610 βάθρον
2583 1539 2724 1611 [cod,
2776 1538 3072 1611 βάραθρον]
3130 1540 3465 1592 ἀνασπῶσαν
3518 1541 3593 1611 (9)
3647 1545 3841 1616 πρότερον

2338 1634 2710 1702 προσάγοιμεν
2766 1633 3098 1701 ἀνασκευὴν,
3149 1631 3482 1701 ἀνατρέπειν
3529 1633 3653 1685 αὐτὸ
3684 1635 3763 1686 σὺν
3802 1642 3839 1705 τῇ

2337 1724 2562 1793 δυνάμει
2608 1723 2702 1776 τοῦ
2735 1724 2891 1792 ἁγίου
2950 1723 3266 1792 Πνεύματος
3305 1724 3711 1796 βεϐουλημένον
3738 1728 3841 1782 τοῦτο
3887 1723 3891 1788 l

2337 1815 2446 1884 γὰρ
2476 1813 2541 1882 δὴ
2570 1816 2664 1866 καὶ
2695 1815 2789 1866 ἐπὶ
2819 1814 2927 1867 τῶν
2955 1813 3210 1866 τοιούτων
3257 1812 3452 1866 οἰκιῶν
3499 1814 3722 1868 ποιοῦσιν
3745 1819 3783 1868 οἰ
3805 1820 3839 1869 τὸ

2334 1907 2620 1977 καθαιρεῖν
2655 1908 2826 1970 αὑτὰς
2864 1906 3317 1976 προαιρούμενοι,
3351 1906 3419 1958 τὸ
3467 1906 3650 1960 δοκοῦν
3684 1909 3836 1978 ὑπερεξ-

2330 1999 2440 2052 δειν
2460 2000 2724 2070 πρότερον
2748 1997 3051 2062 ἀνελόντες,
3074 1999 3254 2052 πᾶσαν
3278 1999 3453 2069 αὐτὴν
3478 1999 3674 2069 ἀθρόως
3699 2003 3762 2064 εἰς
3774 2003 3837 2070 γῆν

2331 2091 2797 2162 καταστρέφουσιν
2823 2106 2836 2120 ·
2873 2089 2989 2143 ἐστι
3018 2090 3073 2143 δὲ
3108 2092 3140 2157 ὴ
3171 2089 3365 2162 πρώτη
3406 2091 3550 2144 κατά
3578 2090 3669 2161 τῆς
3697 2092 3836 2159 σαθρᾶς

2326 2184 2529 2254 ταύτης
2557 2183 2946 2254 προσαγομένη
2974 2182 3264 2253 οἰκοδομῆς
3301 2183 3542 2254 μηχανὴ.
3572 2185 3603 2255 ἡ
3647 2187 3755 2253 πρὸς
3778 2187 3835 2256 τὴν

2327 2276 2476 2329 θείαν
2508 2276 2548 2328 Γ
2552 2274 2730 2347 ραφὴν
2756 2274 3046 2344 σύγκρισις
3066 2291 3080 2304 ’
3113 2276 3301 2344 ἐπειδὴ
3323 2275 3439 2346 γὰρ
3458 2276 3616 2340 αὐτὸς
3641 2279 3732 2330 πᾶν
3748 2273 3833 2341 εἶδος

2326 2366 2486 2436 λόγου
2519 2366 2899 2438 παραδραμὼν
2952 2366 3050 2420 καὶ
3098 2366 3330 2420 κατόπιν
3364 2367 3560 2421 ἑαυτοῦ
3595 2369 3749 2438 ῥίψας,
3775 2373 3832 2439 τὴν

2328 2455 2573 2528 κορυφὴν
2601 2455 2711 2509 τῶν
2729 2456 2904 2524 λόγων
2930 2459 3029 2526 τὴν
3060 2455 3390 2510 αὐτόλεκτον
3414 2457 3510 2510 τοῦ
3541 2458 3664 2512 Θεοῦ
3688 2459 3832 2529 ὁμιλίαν

2327 2549 2478 2620 αύτῷ
2529 2549 2912 2620 ἀπεγράψατο,
2950 2547 3243 2620 ὀφείλομεν
3293 2548 3392 2602 καὶ
3445 2552 3604 2620 ἡμεῖς
3646 2552 3753 2621 πρὸς
3774 2555 3832 2619 τὴν

2327 2641 2763 2712 ὁμολογουμένην
2807 2639 2960 2710 παρά
3005 2640 3224 2695 πάντων
3260 2640 3546 2696 θεόλεκτον
3585 2643 3779 2716 Γραφὴν,
3798 2647 3830 2695 τὸ

2327 2732 2570 2786 τοιοῦτον
2598 2732 2834 2802 γράμμα
2862 2733 3130 2802 πρότερον
3158 2733 3516 2804 παραθεῖναι,
3541 2733 3613 2799 ὡς
3639 2735 3695 2789 ἂν
3714 2739 3762 2805 τῇ
3780 2738 3830 2788 iii

2325 2823 2427 2892 τῆς
2448 2821 2802 2893 παραθέσεως
2820 2821 3191 2894 ἁκριϐολογίᾳ,
3218 2821 3277 2874 τὸ
3300 2822 3590 2877 ἀλλόκοτον
3617 2825 3698 2878 καὶ
3711 2826 3824 2893 ἀσύμσ

641 2917 809 2972 ϐατον
857 2918 1023 2974 αὐτοῦ
1073 2921 1347 2991 φωραθὲν,
1404 2922 1524 2976 ὅλον
1572 2922 1758 2976 λοιπὸν
1809 2921 2006 2992 ψευδές
2058 2936 2120 2972 τε
2183 2915 2282 2971 καὶ
2310 2915 2544 2986 μάταιον
2567 2951 2584 2978 ,
2610 2915 2708 2969 καὶ
2765 2916 2853 2970 διά
2881 2918 3039 2972 τοῦτο
3067 2921 3326 2992 ἐπίψογον
3373 2925 3693 2997 ἀπελεγχθὲν
3724 2932 3828 2979 κατα·

640 3009 886 3064 πτύοιτο.

711 3123 802 3180 27.
831 3124 1116 3195 lnspiratae
1158 3126 1423 3183 divinitus
1479 3127 1781 3198 Scriptum
1837 3127 2224 3197 unusquisque

2396 3121 2496 3188 κζ’.
2531 3122 2644 3192 Τῆς
2669 3123 3030 3179 θεοπνεύστου
3069 3127 3297 3198 Γραφῆς
3332 3130 3446 3202 ίδίᾳ
3471 3131 3564 3185 καὶ
3589 3133 3701 3200 παρ’
3722 3132 3826 3198 ἑαυτῇ

639 3213 802 3281 liber,
833 3230 1080 3272 seorsum
1130 3227 1182 3271 et
1206 3233 1299 3288 per
1346 3233 1407 3274 se
1439 3229 1739 3289 spectatus,
1795 3234 2109 3290 quanquam
2155 3217 2225 3273 ad

643 3320 812 3360 unum
841 3307 1118 3376 religionis
1147 3323 1371 3378 scopum
1423 3310 1616 3374 tendit,
1637 3310 1856 3378 qualem
1904 3317 2089 3364 tamen
2128 3322 2226 3377 pe-

641 3395 927 3451 culiariter
951 3397 1239 3452 materiam
1271 3400 1570 3466 contineat,
1603 3401 1942 3456 demonstrat
1983 3415 2051 3455 ex
2085 3414 2226 3469 pra:-

641 3486 827 3556 posito
871 3487 974 3542 sibi
1012 3487 1189 3554 titulo,
1237 3488 1330 3558 qui
1369 3499 1749 3558 argumentum
1804 3499 1977 3545 totum
2005 3489 2221 3559 aperit:

571 3628 577 3632 .
644 3576 721 3632 ita
764 3588 827 3631 ut
862 3577 945 3632 vel
993 3578 1111 3634 sola
1138 3579 1475 3649 singulorum
1532 3583 1878 3636 voluminum
1934 3581 2222 3653 inscriptio

643 3666 933 3737 profanum
963 3670 1281 3741 quemlibet,
1340 3673 1538 3728 nedum
1575 3674 1873 3740 initiatum,
1929 3676 1996 3730 ad
2028 3676 2222 3731 lectio-

647 3774 770 3815 nem
833 3761 1161 3816 audiendam
1215 3762 1426 3819 invitet.
1499 3763 1700 3830 Veluti,
1754 3767 1989 3836 exetnpli
2029 3782 2221 3834 causa,

641 3849 849 3922 Moysis
884 3853 1130 3922 quinque
1178 3854 1325 3918 libri,
1379 3854 1432 3910 id
1481 3865 1588 3923 est,
1638 3857 1866 3914 Genesis
1908 3867 1962 3914 et
2003 3860 2222 3930 reliqui,

640 3958 943 4014 congruam
981 3945 1146 3999 titulo
1200 3945 1596 4002 continentiam
1635 3957 1802 4003 totam
1861 3949 2065 4005 habent
2093 3966 2225 4006 ora-

642 4032 922 4103 tionisque
950 4043 1373 4091 consectaneam
1400 4037 1528 4100 vim,
1559 4046 1613 4093 et
1635 4055 1757 4109 qua:
1773 4055 1876 4096 suo
1899 4051 2225 4111 argumento

638 4123 994 4188 conveniunt,
1045 4135 1105 4180 ut
1141 4141 1239 4196 par
1280 4137 1384 4192 est,
1425 4141 1675 4187 narrant.
1731 4131 1921 4202 Itaque
1970 4133 2222 4200 Genesis,

639 4230 765 4285 qum
794 4225 925 4272 sunt
954 4233 1216 4287 geneseos
1244 4222 1496 4289 propria;
1531 4221 1770 4289 Exodus,
1797 4240 1918 4294 qua:
1960 4226 2014 4280 in
2045 4227 2225 4282 cxodo

639 4318 773 4364 sunt
806 4319 1057 4380 peracta;
1117 4309 1581 4368 Deuteronomion
1634 4317 1888 4386 denique,
1942 4336 2064 4387 quae
2109 4321 2226 4391 lege

638 4397 837 4453 iterum
853 4400 1059 4455 sancita
1091 4400 1327 4457 fuerunt.
1360 4401 1693 4460 Posteriores
1716 4423 1935 4478 quoque
1964 4409 2082 4462 libri
2101 4426 2225 4479 pro-

2325 3213 2636 3284 τεταγμένη
2687 3215 2892 3283 ἑκάστη
2946 3216 3145 3286 βίϐλος,
3183 3220 3233 3272 εί
3279 3222 3376 3274 καὶ
3406 3223 3544 3292 πρὸς
3571 3222 3658 3277 ἕνα
3682 3221 3826 3288 τὸντῆς

2326 3305 2614 3367 εὐσεϐείας
2651 3305 2916 3374 ἁφορῶσα
2939 3311 3163 3372 σκοπὸν,
3202 3310 3318 3363 ἀλλ’
3352 3307 3453 3366 οὖν
3483 3312 3824 3383 διευκρινημέιη

2327 3397 2478 3450 πᾶσά
2500 3397 2650 3449 ἐστιν
2691 3397 2792 3468 τῆς
2821 3398 2926 3451 ἀνὰ
2957 3399 3122 3470 μέρος
3149 3402 3558 3474 περιληπτικῆς
3582 3405 3825 3463 ὑποθέσεως,

2325 3487 2390 3539 ἐκ
2415 3485 2516 3553 τῆς
2539 3485 2680 3540 κατά
2725 3486 2824 3558 τὴν
2857 3489 3194 3560 πραγραφὴν
3224 3493 3526 3561 σημασίας,
3557 3496 3646 3548 σὺν
3687 3493 3748 3562 τῷ
3765 3493 3826 3558 ὅλῳ

2327 3577 2517 3648 σκοπῷ
2550 3577 2653 3648 τῆς
2687 3577 2870 3647 βίϐλου
2889 3579 3228 3652 δηλουμένης
3252 3597 3266 3611 ο
3295 3581 3377 3647 ὡς
3403 3585 3498 3637 καὶ
3523 3586 3584 3638 ὲκ
3619 3584 3754 3655 μόνης
3768 3583 3825 3647 τῆς

2327 3669 2703 3740 προσηγορίας
2738 3670 2973 3742 ἑκάστης
3023 3673 3374 3745 συγγραφῆς,
3411 3676 3505 3731 καὶ
3537 3675 3623 3730 τὸν
3657 3675 3824 3745 ἀμύητον

2327 3762 2464 3830 πρὸς
2492 3760 2756 3830 ἀκρόασιν
2785 3762 3156 3832 ἐπιστρέφειν,
3193 3766 3267 3835 μή
3298 3765 3352 3818 τί
3407 3783 3470 3836 γε
3499 3766 3586 3820 τὸν
3615 3764 3821 3837 μεμυηιξὲσ

2326 3867 2415 3905 νον
2433 3867 2448 3883 ·
2479 3851 2576 3918 ὡς,
2608 3851 2743 3923 φέρε
2761 3854 2959 3920 εἰπεῖν,
2979 3853 3048 3908 τὰ
3077 3855 3218 3910 κατά
3248 3858 3494 3912 Μωῦσέα
3525 3859 3668 3912 πέντε
3689 3855 3821 3926 βιϐλία.

2326 3941 2470 4012 φημί⁵
2501 3941 2580 4006 δὲ,
2607 3943 2644 4013 ἥ
2679 3959 2740 3996 τε
2771 3943 2990 4008 Γένεσις
3013 3945 3110 3998 καὶ
3148 3945 3216 3999 τὰ
3243 3946 3433 4014 λοιπὰ,
3469 3947 3766 4020 ἁρμόζουσαν
3784 3948 3820 4013 τῇ

2326 4035 2622 4105 προγραφῇ
2656 4035 2757 4106 τὴν
2783 4033 2994 4089 ἔννοιαν
3018 4037 3171 4108 ὃλην,
3213 4039 3310 4093 καὶ
3333 4041 3436 4113 τὴν
3467 4040 3560 4095 τοῦ
3588 4041 3718 4109 λόγου
3742 4037 3820 4089 σύν-

2323 4124 2522 4196 δρομον
2553 4125 2806 4196 δύναμιν,
2835 4128 2931 4181 καὶ
2971 4129 3040 4182 τὰ
3074 4131 3194 4183 κατ’
3249 4132 3424 4204 αὐτὴν
3457 4133 3709 4203 πρόσφορα
3740 4145 3819 4196 πρε·

2326 4216 2536 4280 πόντως
2588 4218 2954 4289 παρίστησιν
3010 4221 3045 4291 ῆ
3075 4239 3134 4274 τε
3188 4223 3298 4293 γὰρ
3357 4225 3609 4290 Γένεσις,
3657 4225 3732 4276 ὅσα
3757 4220 3817 4286 τῆς

2327 4309 2594 4377 γενέσεως
2640 4305 2710 4382 ἦν
2729 4325 2742 4339 ⁸
2768 4311 2802 4381 ἦ
2830 4328 2888 4363 τε
2915 4313 3015 4381 τῆς
3045 4314 3274 4382 Ἐξόδου,
3299 4317 3402 4371 ὅσα
3429 4321 3488 4372 ὲν
3509 4321 3572 4389 τῇ
3598 4317 3726 4385 ἐξόδῳ
3758 4312 3814 4365 πέ-

2326 4418 2598 4473 πρακται·
2631 4403 2660 4456 ὅ
2686 4419 2746 4455 τε
2775 4403 3039 4476 Δεύτερος
3065 4408 3228 4476 νόμος
3257 4409 3359 4461 ὅσα
3388 4411 3450 4463 τὸ
3490 4411 3708 4480 δεύτερον
3725 4421 3813 4459 νενι-

641 4491 759 4558 prie
794 4499 980 4560 atque.
1002 4501 1060 4547 ut
1119 4493 1192 4547 ita
1222 4494 1420 4561 dicam,
1450 4507 1659 4552 natura:
1710 4514 1824 4554 sua:
1857 4511 2222 4567 congruenter

2337 4493 2650 4563 μοθέτηκεν,
2691 4496 2786 4548 καὶ
2814 4495 2884 4548 τὰ
2915 4496 3150 4567 καθεξῆς
3174 4501 3391 4565 οἰκείως
3414 4519 3475 4555 τε
3507 4504 3594 4557 καὶ
3615 4495 3808 4570 συμφυῶςι

639 4580 892 4652 inscripti
942 4582 1114 4640 fuere.
1153 4585 1415 4642 Similiter
1445 4590 1498 4643 in
1527 4589 1838 4660 Prophetis,
1900 4594 1954 4646 in
1992 4593 2219 4663 Sapien-

642 4672 886 4737 tialibus,
932 4675 984 4728 in
1045 4676 1252 4746 Regum
1285 4681 1458 4743 libris,
1485 4681 1530 4736 si
1554 4699 1791 4757 quaeres,
1828 4684 2036 4740 factum
2062 4702 2217 4741 com-

639 4765 853 4836 peries;
895 4767 1078 4825 divino
1115 4770 1322 4841 Spiritu
1367 4775 1506 4830 duce
1534 4775 1589 4829 in
1644 4777 1746 4830 hoc
1773 4793 2014 4848 quoque,
2045 4791 2102 4835 ut
2128 4796 2218 4836 ar-

637 4856 831 4925 bitror,
867 4859 1235 4919 sinceritatem
1258 4881 1414 4921 suam
1446 4877 1500 4923 et
1521 4869 1845 4938 sapientiam
1895 4873 2208 4930 exhibente.

640 4946 866 5019 Oportet
893 4953 1035 5008 enim
1085 4957 1285 5012 mentis
1310 4959 1564 5014 humana:
1597 4962 1940 5032 magistrum,
1968 4980 2031 5018 ea
2087 4980 2210 5034 qua:

636 5058 825 5098 sanam
877 5050 1204 5104 sententiam
1256 5051 1516 5118 elliciunt,
1549 5063 1708 5110 antea
1741 5055 1860 5111 sine
1892 5057 2023 5111 vitio
2052 5058 2210 5112 exhi-

634 5135 798 5202 bere;
833 5146 892 5192 ut
914 5151 1198 5208 postquam
1232 5141 1653 5201 intellectualem
1675 5164 1896 5203 sensum
1922 5149 2212 5204 rectitudi-

633 5225 723 5280 nis
749 5243 861 5282 sum
909 5228 1076 5283 homo
1109 5233 1428 5300 gustaverit,
1484 5245 1614 5291 tunc
1662 5251 1847 5292 rerum
1877 5253 2100 5309 quoque
2135 5254 2213 5294 re-

633 5318 932 5374 motiorum
958 5324 1159 5376 certior
1189 5325 1302 5377 Iiat.

701 5428 794 5484 28.
814 5432 883 5486 At
904 5432 1047 5486 enim
1076 5432 1440 5499 deplorandus
1458 5443 1512 5491 et
1530 5436 1902 5507 ineptissimus
1932 5440 2212 5496 Mobame-

633 5520 718 5575 dis
742 5521 939 5578 Arabis
981 5523 1227 5585 libellus.
1275 5537 1628 5597 praeterquam
1683 5534 1826 5600 quod
1859 5534 2213 5602 blaspbentiis

635 5610 902 5669 adversus
929 5613 1270 5672 Altissimum
1317 5629 1527 5684 st-atet,
1573 5637 1696 5676 cum
1738 5625 1886 5678 omni
1931 5625 2208 5680 incondita

2318 4586 2394 4649 ὡς
2427 4589 2624 4652 εἰπεῖν,
2655 4588 3015 4660 περιώρισται
3039 4610 3052 4622 ·
3085 4592 3288 4662 ὁμοίως
3330 4595 3388 4648 δὲ
3417 4596 3520 4650 κάν
3546 4598 3651 4658 ταῖς
3671 4595 3808 4661 Πρθφη·

2317 4677 2508 4743 τείαις,
2544 4679 2646 4737 κάν
2675 4683 2796 4744 ταῖς
2818 4682 3063 4750 Σοφίαις,
3105 4685 3208 4738 κάν
3234 4689 3357 4749 ταῖς
3385 4686 3675 4746 Βασιλείαις
3696 4679 3801 4748 ζητῶν

2317 4768 2592 4839 εὑρήσεις,
2631 4771 2692 4823 τὸ
2747 4771 3009 4836 ἀπλανὲς,
3057 4769 3232 4844 οἶμαι,
3259 4777 3356 4829 καὶ
3384 4778 3546 4845 σοφὸν
3573 4775 3660 4829 τοῦ
3685 4764 3790 4834 ὁδηγσῦ

2321 4858 2466 4913 θείου
2499 4861 2815 4932 Πνεύματος
2860 4863 2950 4916 τοῦ
2978 4863 3135 4932 λόγου
3170 4867 3272 4919 κάν
3297 4867 3472 4939 τούτῳ
3501 4864 3789 4937 nupturam?

2315 4953 2396 5006 δεῖ
2426 4955 2534 5024 γὰρ
2563 4955 2654 5007 τὸν
2683 4956 2776 5008 τοῦ
2804 4956 2896 5010 νοῦ
2933 4958 3283 5026 παιδαγωγὸν
3335 4961 3403 5014 τὰ
3438 4954 3726 5030 ὲμποιητιγὰ
3743 4948 3799 5015 τῆῖ

2315 5045 2589 5108 ἀπλανοῦς
2613 5047 2888 5113 γνώσεως,
2917 5049 3179 5120 πρότερον
3202 5053 3500 5124 ἀλωϐήτως
3523 5051 3802 5121 κοσμήσαντα.

2314 5137 2390 5201 ὡς
2419 5139 2520 5209 τὴν
2549 5140 2745 5210 νοητὴν
2771 5141 3030 5211 αἴσθησιν
3066 5143 3167 5212 τῆς
3193 5144 3402 5208 οἰκείας
3435 5144 3696 5215 ὀρθότητος
3723 5139 3806 5187 ἀπθ-

2316 5233 2674 5302 γευσάμενον,
2699 5235 2759 5285 τὸ
2783 5234 3088 5302 τηνικαῦτα
3123 5236 3218 5289 atati.
3252 5238 3380 5307 περί
3413 5238 3517 5290 τῶν
3542 5231 3806 5306 πορρωτέρω

2317 5322 2778 5378 διαϐεϐαιοῦσθαι.

2387 5441 2496 5514 κη’.
2527 5445 2600 5497 Τὸ
2619 5445 2677 5498 δέ
2706 5463 2770 5514 γε
2797 5444 3066 5501 οἴκτιστον
3099 5448 3194 5501 καὶ
3228 5449 3505 5515 ἀλόγιστον
3534 5442 3617 5498 τοῦ
3645 5428 3806 5506 Ἀραῦοε

2317 5537 2562 5606 Μωάμετ
2586 5537 2861 5607 βιϐλίδιον,
2891 5540 3028 5610 μετά
3063 5541 3163 5604 τὰς
3189 5542 3269 5605 εἰς
3299 5542 3389 5593 τὸν
3416 5538 3652 5608 ’Ὕψιστον
3667 5532 3804 5610 δυσφηέ

2318 5625 2446 5698 μίας
2481 5629 2786 5700 ἀνάμεστον
2812 5632 3102 5700 τυγχάνον,
3133 5633 3230 5686 σὺν
3271 5633 3423 5705 πάσῃ
3447 5633 3507 5701 τῇ
3537 5627 3722 5692 ἀκόσμῳ
3743 5609 3801 5665 ἀἱ

710 5763 1072 5852 ςθξεξίειιᾶιιιῃ
1097 5783 1179 5852 est
1211 5773 1440 5832 fortasse
1466 5778 1824 5833 ἁνασπῶσαν’
1870 5791 1926 5835 et
1993 5781 2212 5852 quidem
2253 5784 2324 5840 ita
2363 5785 2623 5842 relectum
2689 5789 2872 5845 fuitin
2907 5790 3098 5848 codice
3127 5807 3156 5847 a
3186 5791 3422 5848 secunda
3494 5799 3652 5846 malm,
3696 5776 3800 5828 IIl-"4'

645 5829 948 5902 sis'aliquOt
975 5839 1218 5906 syllabis.
