  <div class='ocr_page' id='page_1' title='image "/cluster/home/n/w/nwhite01/storage/ocr_20150623/105/coo.31924054870096/372.png"; bbox 0 0 4048 6428; ppageno 0'>
   <div class='ocr_carea' id='block_1_1' title="bbox 260 420 372 484">
    <p class='ocr_par' dir='ltr' id='par_1_1' title="bbox 260 420 372 484">
     <span class='ocr_line' id='line_1_1' title="bbox 260 420 372 484; baseline 0.009 -1"><span class='ocrx_word' id='word_1_1' title='bbox 260 420 372 484; x_wconf 79' lang='grc' dir='ltr'><strong>Ἶθῦ</strong></span> 
     </span>
    </p>
   </div>
   <div class='ocr_carea' id='block_1_2' title="bbox 1433 396 2380 472">
    <p class='ocr_par' dir='ltr' id='par_1_2' title="bbox 1433 396 2380 472">
     <span class='ocr_line' id='line_1_2' title="bbox 1433 396 2380 472; baseline -0.004 0"><span class='ocrx_word' id='word_1_2' title='bbox 1433 396 1870 472; x_wconf 72' lang='lat' dir='ltr'><strong>REFUTATIo</strong></span> <span class='ocrx_word' id='word_1_3' title='bbox 1902 406 2380 468; x_wconf 83' lang='lat' dir='ltr'><strong>MOHAMEDIS.</strong></span> 
     </span>
    </p>
   </div>
   <div class='ocr_carea' id='block_1_3' title="bbox 3441 411 3552 474">
    <p class='ocr_par' dir='ltr' id='par_1_3' title="bbox 3441 411 3552 474">
     <span class='ocr_line' id='line_1_3' title="bbox 3441 411 3552 474; baseline 0 -1"><span class='ocrx_word' id='word_1_4' title='bbox 3441 411 3552 474; x_wconf 81' lang='lat'><strong>706</strong></span> 
     </span>
    </p>
   </div>
   <div class='ocr_carea' id='block_1_4' title="bbox 63 523 1851 605">
    <p class='ocr_par' dir='ltr' id='par_1_4' title="bbox 63 523 1851 605">
     <span class='ocr_line' id='line_1_4' title="bbox 63 523 1851 605; baseline -0.001 -26"><span class='ocrx_word' id='word_1_5' title='bbox 161 523 184 579; x_wconf 61' lang='lat' dir='ltr'><strong>ii</strong></span> <span class='ocrx_word' id='word_1_6' title='bbox 266 532 605 605; x_wconf 83' lang='grc' dir='ltr'>συφερτώδει</span> <span class='ocrx_word' id='word_1_7' title='bbox 651 529 820 584; x_wconf 83' lang='grc' dir='ltr'>αὐτοῦ</span> <span class='ocrx_word' id='word_1_8' title='bbox 863 527 1197 600; x_wconf 80' lang='grc' dir='ltr'>βδελυγμίᾳ,</span> <span class='ocrx_word' id='word_1_9' title='bbox 1233 525 1355 582; x_wconf 80' lang='grc' dir='ltr'>οὐδὲ</span> <span class='ocrx_word' id='word_1_10' title='bbox 1401 528 1493 582; x_wconf 79' lang='grc' dir='ltr'>τὸν</span> <span class='ocrx_word' id='word_1_11' title='bbox 1523 528 1664 582; x_wconf 83' lang='grc' dir='ltr'><strong>κατά</strong></span> <span class='ocrx_word' id='word_1_12' title='bbox 1694 527 1851 593; x_wconf 86' lang='grc' dir='ltr'>λόγον</span> 
     </span>
    </p>
   </div>
   <div class='ocr_carea' id='block_1_5' title="bbox 1955 523 3557 605">
    <p class='ocr_par' dir='ltr' id='par_1_5' title="bbox 1961 523 3557 599">
     <span class='ocr_line' id='line_1_5' title="bbox 1961 523 3557 599; baseline 0.004 -22"><span class='ocrx_word' id='word_1_13' title='bbox 1961 523 2385 579; x_wconf 87' lang='lat' dir='ltr'><strong>abominationis</strong></span> <span class='ocrx_word' id='word_1_14' title='bbox 2415 523 2651 580; x_wconf 82' lang='lat' dir='ltr'><strong>colluvie</strong></span> <span class='ocrx_word' id='word_1_15' title='bbox 2675 567 2690 588; x_wconf 87' lang='lat'><strong>,</strong></span> <span class='ocrx_word' id='word_1_16' title='bbox 2733 539 2803 580; x_wconf 90' lang='lat' dir='ltr'><strong>ne</strong></span> <span class='ocrx_word' id='word_1_17' title='bbox 2839 534 3156 582; x_wconf 77' lang='lat' dir='ltr'><strong>consuetam</strong></span> <span class='ocrx_word' id='word_1_18' title='bbox 3178 527 3402 599; x_wconf 83' lang='lat' dir='ltr'><strong>quidem</strong></span> <span class='ocrx_word' id='word_1_19' title='bbox 3434 531 3557 586; x_wconf 84' lang='lat' dir='ltr'><strong>vul-</strong></span> 
     </span>
    </p>
   </div>
   <div class='ocr_carea' id='block_1_6' title="bbox 74 635 112 647">
    <p class='ocr_par' dir='ltr' id='par_1_6' title="bbox 74 635 112 647">
     <span class='ocr_line' id='line_1_6' title="bbox 74 635 112 647; baseline 0 0"><span class='ocrx_word' id='word_1_20' title='bbox 74 635 112 647; x_wconf 67' lang='grc' dir='ltr'><strong>’ν</strong></span> 
     </span>
    </p>
   </div>
   <div class='ocr_carea' id='block_1_7' title="bbox 53 651 175 666">
    <p class='ocr_par' dir='ltr' id='par_1_7' title="bbox 53 651 175 666">
     <span class='ocr_line' id='line_1_7' title="bbox 53 651 175 666; baseline 0 -6"><span class='ocrx_word' id='word_1_21' title='bbox 53 651 94 666; x_wconf 48' lang='lat' dir='ltr'><strong>nul</strong></span> <span class='ocrx_word' id='word_1_22' title='bbox 113 661 122 666; x_wconf 92' lang='lat'><em>__</em></span> <span class='ocrx_word' id='word_1_23' title='bbox 135 651 175 660; x_wconf 71' lang='grc' dir='ltr'><strong>,Α</strong></span> 
     </span>
    </p>
   </div>
   <div class='ocr_carea' id='block_1_8' title="bbox 41 720 181 761">
    <p class='ocr_par' dir='ltr' id='par_1_8' title="bbox 41 720 181 761">
     <span class='ocr_line' id='line_1_8' title="bbox 41 720 181 761; baseline 0 -3"><span class='ocrx_word' id='word_1_24' title='bbox 41 720 65 756; x_wconf 51' lang='grc' dir='ltr'><strong>ίί</strong></span> <span class='ocrx_word' id='word_1_25' title='bbox 125 723 181 758; x_wconf 58' lang='lat'><strong>4.:</strong></span> 
     </span>
    </p>
   </div>
   <div class='ocr_carea' id='block_1_9' title="bbox 46 813 186 835">
    <p class='ocr_par' dir='ltr' id='par_1_9' title="bbox 46 813 186 835">
     <span class='ocr_line' id='line_1_9' title="bbox 46 813 186 835; baseline 0.007 -1"><span class='ocrx_word' id='word_1_26' title='bbox 46 813 103 835; x_wconf 53' lang='grc' dir='ltr'><strong>τ’πίι</strong></span> <span class='ocrx_word' id='word_1_27' title='bbox 169 820 186 833; x_wconf 74' lang='lat'><strong>-.</strong></span> 
     </span>
    </p>
   </div>
   <div class='ocr_carea' id='block_1_10' title="bbox 48 835 187 854">
    <p class='ocr_par' dir='ltr' id='par_1_10' title="bbox 48 835 187 854">
     <span class='ocr_line' id='line_1_10' title="bbox 48 835 187 854; baseline 0.029 -9"><span class='ocrx_word' id='word_1_28' title='bbox 48 835 112 854; x_wconf 66' lang='grc' dir='ltr'><strong>--ιιέι</strong></span> <span class='ocrx_word' id='word_1_29' title='bbox 151 837 187 854; x_wconf 53' lang='grc' dir='ltr'><strong>..ις</strong></span> 
     </span>
    </p>
   </div>
   <div class='ocr_carea' id='block_1_11' title="bbox 270 620 1852 703">
    <p class='ocr_par' dir='ltr' id='par_1_11' title="bbox 270 620 1852 703">
     <span class='ocr_line' id='line_1_11' title="bbox 270 620 1852 703; baseline -0.011 -17"><span class='ocrx_word' id='word_1_30' title='bbox 270 631 410 703; x_wconf 74' lang='grc' dir='ltr'>[εοά.</span> <span class='ocrx_word' id='word_1_31' title='bbox 433 622 755 696; x_wconf 78' lang='grc' dir='ltr'>κατάλογον]</span> <span class='ocrx_word' id='word_1_32' title='bbox 782 623 892 675; x_wconf 88' lang='grc' dir='ltr'><strong>τῶν</strong></span> <span class='ocrx_word' id='word_1_33' title='bbox 920 621 1114 676; x_wconf 78' lang='grc' dir='ltr'>κοινῶν</span> <span class='ocrx_word' id='word_1_34' title='bbox 1140 620 1236 674; x_wconf 76' lang='grc' dir='ltr'>καὶ</span> <span class='ocrx_word' id='word_1_35' title='bbox 1262 620 1438 683; x_wconf 80' lang='grc' dir='ltr'>ἄλλως</span> <span class='ocrx_word' id='word_1_36' title='bbox 1459 620 1852 690; x_wconf 68' lang='grc' dir='ltr'><strong>ἐμφερομένων</strong></span> 
     </span>
    </p>
   </div>
   <div class='ocr_carea' id='block_1_12' title="bbox 275 708 1851 791">
    <p class='ocr_par' dir='ltr' id='par_1_12' title="bbox 275 708 1851 791">
     <span class='ocr_line' id='line_1_12' title="bbox 275 708 1851 791; baseline -0.01 -16"><span class='ocrx_word' id='word_1_37' title='bbox 275 722 465 791; x_wconf 76' lang='grc' dir='ltr'>εἱρμὸν</span> <span class='ocrx_word' id='word_1_38' title='bbox 492 714 792 779; x_wconf 69' lang='grc' dir='ltr'><strong>ἀποσώζει⁸</strong></span> <span class='ocrx_word' id='word_1_39' title='bbox 821 713 946 767; x_wconf 79' lang='grc' dir='ltr'>οὕτε</span> <span class='ocrx_word' id='word_1_40' title='bbox 994 713 1102 783; x_wconf 80' lang='grc' dir='ltr'>γὰρ</span> <span class='ocrx_word' id='word_1_41' title='bbox 1137 708 1280 775; x_wconf 74' lang='grc' dir='ltr'>εἶδος</span> <span class='ocrx_word' id='word_1_42' title='bbox 1321 711 1660 782; x_wconf 83' lang='grc' dir='ltr'>προφητικοῦ</span> <span class='ocrx_word' id='word_1_43' title='bbox 1691 710 1851 776; x_wconf 82' lang='grc' dir='ltr'><strong>λόγου</strong></span> 
     </span>
    </p>
   </div>
   <div class='ocr_carea' id='block_1_13' title="bbox 278 799 1853 882">
    <p class='ocr_par' dir='ltr' id='par_1_13' title="bbox 278 799 1853 882">
     <span class='ocr_line' id='line_1_13' title="bbox 278 799 1853 882; baseline -0.009 -16"><span class='ocrx_word' id='word_1_44' title='bbox 278 814 618 882; x_wconf 74' lang='grc' dir='ltr'><strong>παρίστησιν,</strong></span> <span class='ocrx_word' id='word_1_45' title='bbox 665 804 788 860; x_wconf 72' lang='grc' dir='ltr'>οὔτε</span> <span class='ocrx_word' id='word_1_46' title='bbox 824 803 1122 875; x_wconf 70' lang='grc' dir='ltr'><strong>ἱστορικοῦ,</strong></span> <span class='ocrx_word' id='word_1_47' title='bbox 1156 801 1281 856; x_wconf 73' lang='grc' dir='ltr'>οὔτε</span> <span class='ocrx_word' id='word_1_48' title='bbox 1322 801 1698 870; x_wconf 64' lang='grc' dir='ltr'>νοειοθετικοῦ,</span> <span class='ocrx_word' id='word_1_49' title='bbox 1731 799 1853 853; x_wconf 82' lang='grc' dir='ltr'>οὔτε</span> 
     </span>
    </p>
   </div>
   <div class='ocr_carea' id='block_1_14' title="bbox 55 890 1855 967">
    <p class='ocr_par' dir='ltr' id='par_1_14' title="bbox 55 890 1855 967">
     <span class='ocr_line' id='line_1_14' title="bbox 55 890 1855 967; baseline 0.015 -35"><span class='ocrx_word' id='word_1_50' title='bbox 55 905 196 959; x_wconf 26' lang='grc' dir='ltr'>ξμς-ε</span> <span class='ocrx_word' id='word_1_51' title='bbox 280 896 603 967; x_wconf 78' lang='grc' dir='ltr'>θεολογικοῦ,</span> <span class='ocrx_word' id='word_1_52' title='bbox 636 895 761 949; x_wconf 79' lang='grc' dir='ltr'>οὕτε</span> <span class='ocrx_word' id='word_1_53' title='bbox 793 895 954 948; x_wconf 82' lang='grc' dir='ltr'>ἄλλου</span> <span class='ocrx_word' id='word_1_54' title='bbox 991 893 1136 955; x_wconf 75' lang='grc' dir='ltr'>τινὸς</span> <span class='ocrx_word' id='word_1_55' title='bbox 1169 893 1280 945; x_wconf 83' lang='grc' dir='ltr'>τῶν</span> <span class='ocrx_word' id='word_1_56' title='bbox 1313 891 1372 955; x_wconf 82' lang='grc' dir='ltr'><strong>ἐξ</strong></span> <span class='ocrx_word' id='word_1_57' title='bbox 1404 891 1574 961; x_wconf 69' lang='grc' dir='ltr'>ὀρθῆς</span> <span class='ocrx_word' id='word_1_58' title='bbox 1611 893 1705 943; x_wconf 63' lang='grc' dir='ltr'><strong>καὶ</strong></span> <span class='ocrx_word' id='word_1_59' title='bbox 1736 890 1855 959; x_wconf 77' lang='grc' dir='ltr'><strong>ἐκέ·</strong></span> 
     </span>
    </p>
   </div>
   <div class='ocr_carea' id='block_1_15' title="bbox 61 989 198 1042">
    <p class='ocr_par' dir='ltr' id='par_1_15' title="bbox 61 989 198 1042">
     <span class='ocr_line' id='line_1_15' title="bbox 61 989 198 1042; baseline -0.022 0"><span class='ocrx_word' id='word_1_60' title='bbox 61 989 150 1042; x_wconf 57' lang='grc' dir='ltr'>κτεὶς</span> <span class='ocrx_word' id='word_1_61' title='bbox 183 989 198 1039; x_wconf 73' lang='lat' dir='ltr'><strong>‘r</strong></span> 
     </span>
    </p>
   </div>
   <div class='ocr_carea' id='block_1_16' title="bbox 91 1181 134 1204">
    <p class='ocr_par' dir='ltr' id='par_1_16' title="bbox 91 1181 134 1204">
     <span class='ocr_line' id='line_1_16' title="bbox 91 1181 134 1204; baseline 0 -4"><span class='ocrx_word' id='word_1_62' title='bbox 91 1181 134 1204; x_wconf 43' lang='grc' dir='ltr'><strong>ᾖον</strong></span> 
     </span>
    </p>
   </div>
   <div class='ocr_carea' id='block_1_17' title="bbox 108 1209 136 1218">
    <p class='ocr_par' dir='ltr' id='par_1_17' title="bbox 108 1209 136 1218">
     <span class='ocr_line' id='line_1_17' title="bbox 108 1209 136 1218; baseline 0.036 -1"><span class='ocrx_word' id='word_1_63' title='bbox 108 1209 136 1218; x_wconf 60' lang='grc' dir='ltr'><strong>»ιι</strong></span> 
     </span>
    </p>
   </div>
   <div class='ocr_carea' id='block_1_18' title="bbox 82 1189 202 1222">
    <p class='ocr_par' dir='ltr' id='par_1_18' title="bbox 82 1189 202 1222">
     <span class='ocr_line' id='line_1_18' title="bbox 82 1189 202 1222; baseline 0.008 -5"><span class='ocrx_word' id='word_1_64' title='bbox 82 1189 136 1218; x_wconf 69' lang='grc' dir='ltr'><strong>-Γέἰ</strong></span> <span class='ocrx_word' id='word_1_65' title='bbox 147 1189 202 1222; x_wconf 63' lang='lat'><strong>51.-</strong></span> 
     </span>
    </p>
   </div>
   <div class='ocr_carea' id='block_1_19' title="bbox 88 1263 205 1333">
    <p class='ocr_par' dir='ltr' id='par_1_19' title="bbox 88 1263 205 1333">
     <span class='ocr_line' id='line_1_19' title="bbox 88 1263 205 1333; baseline 0.009 -25"><span class='ocrx_word' id='word_1_66' title='bbox 152 1280 205 1333; x_wconf 56' lang='grc' dir='ltr'><strong>εξ.</strong></span> 
     </span>
    </p>
   </div>
   <div class='ocr_carea' id='block_1_20' title="bbox 93 1352 207 1410">
    <p class='ocr_par' dir='ltr' id='par_1_20' title="bbox 93 1352 207 1410">
     <span class='ocr_line' id='line_1_20' title="bbox 93 1352 207 1410; baseline 0.044 -10"><span class='ocrx_word' id='word_1_67' title='bbox 93 1352 170 1405; x_wconf 56' lang='lat' dir='ltr'><strong>tia.-</strong></span> <span class='ocrx_word' id='word_1_68' title='bbox 182 1377 207 1410; x_wconf 70' lang='grc' dir='ltr'><strong>Π·</strong></span> 
     </span>
    </p>
   </div>
   <div class='ocr_carea' id='block_1_21' title="bbox 104 1453 200 1516">
    <p class='ocr_par' dir='ltr' id='par_1_21' title="bbox 104 1453 200 1516">
     <span class='ocr_line' id='line_1_21' title="bbox 104 1453 200 1516; baseline 0.031 -24"><span class='ocrx_word' id='word_1_69' title='bbox 104 1459 117 1492; x_wconf 71' lang='lat' dir='ltr'><strong>&#39;i</strong></span> <span class='ocrx_word' id='word_1_70' title='bbox 131 1453 200 1516; x_wconf 53' lang='grc' dir='ltr'><strong>ῗῗέξξ</strong></span> 
     </span>
    </p>
   </div>
   <div class='ocr_carea' id='block_1_22' title="bbox 107 1554 209 1595">
    <p class='ocr_par' dir='ltr' id='par_1_22' title="bbox 107 1554 209 1595">
     <span class='ocr_line' id='line_1_22' title="bbox 107 1554 209 1595; baseline 0.127 -11"><span class='ocrx_word' id='word_1_71' title='bbox 107 1554 138 1587; x_wconf 64' lang='lat'><strong>:12</strong></span> <span class='ocrx_word' id='word_1_72' title='bbox 196 1568 209 1595; x_wconf 82' lang='lat'>:</span> 
     </span>
    </p>
   </div>
   <div class='ocr_carea' id='block_1_23' title="bbox 108 1640 207 1692">
    <p class='ocr_par' dir='ltr' id='par_1_23' title="bbox 108 1640 207 1692">
     <span class='ocr_line' id='line_1_23' title="bbox 108 1640 207 1692; baseline 0.04 -4"><span class='ocrx_word' id='word_1_73' title='bbox 108 1648 140 1682; x_wconf 61' lang='grc' dir='ltr'><strong>ξεν</strong></span> <span class='ocrx_word' id='word_1_74' title='bbox 158 1640 207 1692; x_wconf 64' lang='grc' dir='ltr'>τες</span> 
     </span>
    </p>
   </div>
   <div class='ocr_carea' id='block_1_24' title="bbox 97 1816 198 1875">
    <p class='ocr_par' dir='ltr' id='par_1_24' title="bbox 97 1816 198 1875">
     <span class='ocr_line' id='line_1_24' title="bbox 97 1816 198 1875; baseline 0.01 -7"><span class='ocrx_word' id='word_1_75' title='bbox 97 1816 198 1875; x_wconf 54' lang='lat' dir='ltr'><strong>hs;-</strong></span> 
     </span>
    </p>
   </div>
   <div class='ocr_carea' id='block_1_25' title="bbox 93 2027 195 2074">
    <p class='ocr_par' dir='ltr' id='par_1_25' title="bbox 93 2027 195 2074">
     <span class='ocr_line' id='line_1_25' title="bbox 93 2027 195 2074; baseline 0.039 -16"><span class='ocrx_word' id='word_1_76' title='bbox 93 2027 110 2074; x_wconf 52' lang='grc' dir='ltr'><strong>ᾖ</strong></span> <span class='ocrx_word' id='word_1_77' title='bbox 122 2027 195 2062; x_wconf 49' lang='grc' dir='ltr'><strong>κεί</strong></span> 
     </span>
    </p>
   </div>
   <div class='ocr_carea' id='block_1_26' title="bbox 85 2105 195 2156">
    <p class='ocr_par' dir='ltr' id='par_1_26' title="bbox 85 2105 195 2156">
     <span class='ocr_line' id='line_1_26' title="bbox 85 2105 195 2156; baseline 0.027 -3"><span class='ocrx_word' id='word_1_78' title='bbox 85 2109 144 2154; x_wconf 73' lang='lat' dir='ltr'><strong>uzi</strong></span> <span class='ocrx_word' id='word_1_79' title='bbox 156 2105 195 2156; x_wconf 68' lang='lat' dir='ltr'><strong>ti;-</strong></span> 
     </span>
    </p>
   </div>
   <div class='ocr_carea' id='block_1_27' title="bbox 84 2198 195 2266">
    <p class='ocr_par' dir='ltr' id='par_1_27' title="bbox 84 2198 195 2266">
     <span class='ocr_line' id='line_1_27' title="bbox 84 2198 195 2266; baseline 0.009 -18"><span class='ocrx_word' id='word_1_80' title='bbox 155 2204 167 2266; x_wconf 49' lang='lat' dir='ltr'><strong>.‘I</strong></span> <span class='ocrx_word' id='word_1_81' title='bbox 180 2220 195 2250; x_wconf 83' lang='lat'>:</span> 
     </span>
    </p>
   </div>
   <div class='ocr_carea' id='block_1_28' title="bbox 71 2295 194 2348">
    <p class='ocr_par' dir='ltr' id='par_1_28' title="bbox 71 2309 194 2348">
     <span class='ocr_line' id='line_1_28' title="bbox 71 2309 194 2348; baseline 0.024 -6"><span class='ocrx_word' id='word_1_82' title='bbox 71 2309 194 2348; x_wconf 62' lang='grc' dir='ltr'>ειιτιςε</span> 
     </span>
    </p>
   </div>
   <div class='ocr_carea' id='block_1_29' title="bbox 65 2404 190 2440">
    <p class='ocr_par' dir='ltr' id='par_1_29' title="bbox 65 2404 190 2440">
     <span class='ocr_line' id='line_1_29' title="bbox 68 2404 190 2420; baseline 0.016 -6"><span class='ocrx_word' id='word_1_83' title='bbox 68 2404 119 2420; x_wconf 39' lang='lat' dir='ltr'><strong>iul-VI.</strong></span> <span class='ocrx_word' id='word_1_84' title='bbox 143 2417 147 2420; x_wconf 94' lang='lat'><em>_</em></span> <span class='ocrx_word' id='word_1_85' title='bbox 164 2409 170 2416; x_wconf 81' lang='grc' dir='ltr'>ι-</span> <span class='ocrx_word' id='word_1_86' title='bbox 186 2413 190 2416; x_wconf 95' lang='grc'>.</span> 
     </span>
     <span class='ocr_line' id='line_1_30' title="bbox 65 2421 190 2440; baseline 0.024 -3"><span class='ocrx_word' id='word_1_87' title='bbox 65 2421 148 2438; x_wconf 65' lang='lat' dir='ltr'><strong>aui-3</strong></span> <span class='ocrx_word' id='word_1_88' title='bbox 164 2427 190 2440; x_wconf 65' lang='lat' dir='ltr'><strong>ac</strong></span> 
     </span>
    </p>
   </div>
   <div class='ocr_carea' id='block_1_30' title="bbox 62 2478 180 2530">
    <p class='ocr_par' dir='ltr' id='par_1_30' title="bbox 62 2478 180 2530">
     <span class='ocr_line' id='line_1_31' title="bbox 62 2478 180 2530; baseline 0.017 -2"><span class='ocrx_word' id='word_1_89' title='bbox 62 2478 101 2530; x_wconf 65' lang='lat' dir='ltr'><strong>iri</strong></span> <span class='ocrx_word' id='word_1_90' title='bbox 114 2481 180 2530; x_wconf 63' lang='lat' dir='ltr'><strong>llr;</strong></span> 
     </span>
    </p>
   </div>
   <div class='ocr_carea' id='block_1_31' title="bbox 54 2668 182 2719">
    <p class='ocr_par' dir='ltr' id='par_1_31' title="bbox 54 2668 182 2719">
     <span class='ocr_line' id='line_1_32' title="bbox 54 2668 182 2719; baseline 0 -1"><span class='ocrx_word' id='word_1_91' title='bbox 54 2684 104 2719; x_wconf 67' lang='grc' dir='ltr'><strong>ίτῦῑ</strong></span> <span class='ocrx_word' id='word_1_92' title='bbox 151 2668 182 2718; x_wconf 70' lang='lat' dir='ltr'><strong>i2</strong></span> 
     </span>
    </p>
   </div>
   <div class='ocr_carea' id='block_1_32' title="bbox 56 2763 170 2823">
    <p class='ocr_par' dir='ltr' id='par_1_32' title="bbox 56 2763 170 2823">
     <span class='ocr_line' id='line_1_33' title="bbox 56 2763 170 2823; baseline -0.009 -10"><span class='ocrx_word' id='word_1_93' title='bbox 56 2779 93 2822; x_wconf 64' lang='grc' dir='ltr'><strong>τι,</strong></span> <span class='ocrx_word' id='word_1_94' title='bbox 104 2763 170 2823; x_wconf 60' lang='grc' dir='ltr'><strong>πέςέ</strong></span> 
     </span>
    </p>
   </div>
   <div class='ocr_carea' id='block_1_33' title="bbox 60 2870 164 2904">
    <p class='ocr_par' dir='ltr' id='par_1_33' title="bbox 60 2870 164 2904">
     <span class='ocr_line' id='line_1_34' title="bbox 60 2870 164 2904; baseline -0.019 0"><span class='ocrx_word' id='word_1_95' title='bbox 60 2870 164 2904; x_wconf 63' lang='grc' dir='ltr'>ιπῇτ</span> 
     </span>
    </p>
   </div>
   <div class='ocr_carea' id='block_1_34' title="bbox 277 982 1855 1063">
    <p class='ocr_par' dir='ltr' id='par_1_34' title="bbox 277 982 1855 1063">
     <span class='ocr_line' id='line_1_35' title="bbox 277 982 1855 1063; baseline -0.006 -19"><span class='ocrx_word' id='word_1_96' title='bbox 277 1009 464 1063; x_wconf 77' lang='grc' dir='ltr'>φρονος</span> <span class='ocrx_word' id='word_1_97' title='bbox 497 989 737 1051; x_wconf 74' lang='grc' dir='ltr'><strong>διανοίας</strong></span> <span class='ocrx_word' id='word_1_98' title='bbox 773 986 1220 1057; x_wconf 80' lang='grc' dir='ltr'>προερχομὲνων,</span> <span class='ocrx_word' id='word_1_99' title='bbox 1267 984 1383 1037; x_wconf 86' lang='grc' dir='ltr'>ἀλλ’</span> <span class='ocrx_word' id='word_1_100' title='bbox 1419 986 1539 1037; x_wconf 79' lang='grc' dir='ltr'>ὅλον</span> <span class='ocrx_word' id='word_1_101' title='bbox 1574 983 1676 1055; x_wconf 84' lang='lat' dir='ltr'><strong>[ita</strong></span> <span class='ocrx_word' id='word_1_102' title='bbox 1715 982 1855 1054; x_wconf 83' lang='lat' dir='ltr'><strong>cod.]</strong></span> 
     </span>
    </p>
   </div>
   <div class='ocr_carea' id='block_1_35' title="bbox 270 1075 1856 1147">
    <p class='ocr_par' dir='ltr' id='par_1_35' title="bbox 270 1075 1856 1147">
     <span class='ocr_line' id='line_1_36' title="bbox 270 1075 1856 1147; baseline -0.006 -11"><span class='ocrx_word' id='word_1_103' title='bbox 270 1083 507 1147; x_wconf 80' lang='grc' dir='ltr'>άκοσμόν</span> <span class='ocrx_word' id='word_1_104' title='bbox 538 1097 595 1133; x_wconf 88' lang='grc' dir='ltr'><strong>τε</strong></span> <span class='ocrx_word' id='word_1_105' title='bbox 624 1080 716 1132; x_wconf 75' lang='grc' dir='ltr'>καὶ</span> <span class='ocrx_word' id='word_1_106' title='bbox 749 1078 985 1131; x_wconf 81' lang='grc' dir='ltr'>ἄτακτον</span> <span class='ocrx_word' id='word_1_107' title='bbox 1019 1076 1116 1143; x_wconf 85' lang='grc' dir='ltr'><strong>τήν</strong></span> <span class='ocrx_word' id='word_1_108' title='bbox 1147 1075 1397 1128; x_wconf 87' lang='grc' dir='ltr'>σύνθεσιν</span> <span class='ocrx_word' id='word_1_109' title='bbox 1429 1075 1572 1144; x_wconf 83' lang='grc' dir='ltr'>ἔχον,</span> <span class='ocrx_word' id='word_1_110' title='bbox 1606 1075 1728 1127; x_wconf 78' lang='grc' dir='ltr'>οὐδὲ</span> <span class='ocrx_word' id='word_1_111' title='bbox 1758 1075 1856 1136; x_wconf 76' lang='grc' dir='ltr'>τὰς</span> 
     </span>
    </p>
   </div>
   <div class='ocr_carea' id='block_1_36' title="bbox 269 1167 1858 1244">
    <p class='ocr_par' dir='ltr' id='par_1_36' title="bbox 269 1167 1858 1244">
     <span class='ocr_line' id='line_1_37' title="bbox 269 1167 1858 1244; baseline -0.006 -17"><span class='ocrx_word' id='word_1_112' title='bbox 269 1173 636 1244; x_wconf 80' lang='grc' dir='ltr'><strong>προκειμένας</strong></span> <span class='ocrx_word' id='word_1_113' title='bbox 665 1169 976 1239; x_wconf 77' lang='grc' dir='ltr'>ἐπιγραφὰς</span> <span class='ocrx_word' id='word_1_114' title='bbox 1010 1167 1382 1237; x_wconf 84' lang='grc' dir='ltr'>καταλλήλους</span> <span class='ocrx_word' id='word_1_115' title='bbox 1411 1171 1526 1230; x_wconf 86' lang='grc' dir='ltr'>τοῖς</span> <span class='ocrx_word' id='word_1_116' title='bbox 1556 1167 1858 1235; x_wconf 82' lang='grc' dir='ltr'>ὑποκειμέ-</span> 
     </span>
    </p>
   </div>
   <div class='ocr_carea' id='block_1_37' title="bbox 267 1254 1859 1332">
    <p class='ocr_par' dir='ltr' id='par_1_37' title="bbox 267 1254 1859 1332">
     <span class='ocr_line' id='line_1_38' title="bbox 267 1254 1859 1332; baseline -0.005 -14"><span class='ocrx_word' id='word_1_117' title='bbox 267 1283 375 1327; x_wconf 88' lang='grc' dir='ltr'>νοις</span> <span class='ocrx_word' id='word_1_118' title='bbox 397 1265 581 1331; x_wconf 80' lang='grc' dir='ltr'>λόγοις</span> <span class='ocrx_word' id='word_1_119' title='bbox 612 1263 726 1332; x_wconf 72' lang='grc' dir='ltr'>ἔχει</span> <span class='ocrx_word' id='word_1_120' title='bbox 763 1263 873 1331; x_wconf 80' lang='grc'><strong>(10)</strong></span> <span class='ocrx_word' id='word_1_121' title='bbox 895 1278 908 1290; x_wconf 87' lang='grc'><strong>·</strong></span> <span class='ocrx_word' id='word_1_122' title='bbox 943 1263 991 1312; x_wconf 88' lang='grc' dir='ltr'><strong>εί</strong></span> <span class='ocrx_word' id='word_1_123' title='bbox 1019 1260 1074 1311; x_wconf 81' lang='grc' dir='ltr'>δὲ</span> <span class='ocrx_word' id='word_1_124' title='bbox 1099 1264 1155 1312; x_wconf 83' lang='grc' dir='ltr'>ὲν</span> <span class='ocrx_word' id='word_1_125' title='bbox 1194 1254 1274 1322; x_wconf 78' lang='grc' dir='ltr'>οἷς</span> <span class='ocrx_word' id='word_1_126' title='bbox 1298 1261 1505 1322; x_wconf 81' lang='grc' dir='ltr'>πάντας</span> <span class='ocrx_word' id='word_1_127' title='bbox 1535 1260 1859 1330; x_wconf 77' lang='grc' dir='ltr'><strong>ἀνθρώπους</strong></span> 
     </span>
    </p>
   </div>
   <div class='ocr_carea' id='block_1_38' title="bbox 267 1348 1857 1423">
    <p class='ocr_par' dir='ltr' id='par_1_38' title="bbox 267 1348 1857 1423">
     <span class='ocr_line' id='line_1_39' title="bbox 267 1348 1857 1423; baseline -0.005 -17"><span class='ocrx_word' id='word_1_128' title='bbox 267 1353 494 1415; x_wconf 76' lang='grc' dir='ltr'><strong>ἐντελῶς</strong></span> <span class='ocrx_word' id='word_1_129' title='bbox 525 1351 897 1423; x_wconf 78' lang='grc' dir='ltr'>κεχρημένους</span> <span class='ocrx_word' id='word_1_130' title='bbox 919 1348 1136 1420; x_wconf 79' lang='grc' dir='ltr'>ὁρῶμεν</span> <span class='ocrx_word' id='word_1_131' title='bbox 1155 1348 1320 1410; x_wconf 75' lang='grc' dir='ltr'>αὐτὸς</span> <span class='ocrx_word' id='word_1_132' title='bbox 1343 1348 1720 1412; x_wconf 86' lang='grc' dir='ltr'>ἀπολείπεται,</span> <span class='ocrx_word' id='word_1_133' title='bbox 1742 1348 1857 1411; x_wconf 79' lang='grc' dir='ltr'>πῶς</span> 
     </span>
    </p>
   </div>
   <div class='ocr_carea' id='block_1_39' title="bbox 265 1439 1857 1515">
    <p class='ocr_par' dir='ltr' id='par_1_39' title="bbox 265 1439 1857 1515">
     <span class='ocr_line' id='line_1_40' title="bbox 265 1439 1857 1515; baseline -0.003 -18"><span class='ocrx_word' id='word_1_134' title='bbox 265 1446 361 1515; x_wconf 83' lang='grc' dir='ltr'>τὴν</span> <span class='ocrx_word' id='word_1_135' title='bbox 391 1447 674 1513; x_wconf 81' lang='grc' dir='ltr'><strong>ἀγέρωχον</strong></span> <span class='ocrx_word' id='word_1_136' title='bbox 707 1441 922 1510; x_wconf 81' lang='grc' dir='ltr'>ἐκείνην</span> <span class='ocrx_word' id='word_1_137' title='bbox 972 1443 1065 1493; x_wconf 74' lang='grc' dir='ltr'>καὶ</span> <span class='ocrx_word' id='word_1_138' title='bbox 1091 1440 1166 1503; x_wconf 86' lang='grc' dir='ltr'><strong>ὡς</strong></span> <span class='ocrx_word' id='word_1_139' title='bbox 1207 1439 1349 1510; x_wconf 79' lang='grc' dir='ltr'>ὑπὲρ</span> <span class='ocrx_word' id='word_1_140' title='bbox 1381 1440 1672 1510; x_wconf 81' lang='grc' dir='ltr'>ἄνθρωπον</span> <span class='ocrx_word' id='word_1_141' title='bbox 1701 1439 1857 1504; x_wconf 75' lang='grc' dir='ltr'>δόξαν</span> 
     </span>
    </p>
   </div>
   <div class='ocr_carea' id='block_1_40' title="bbox 265 1533 1853 1605">
    <p class='ocr_par' dir='ltr' id='par_1_40' title="bbox 265 1533 1853 1605">
     <span class='ocr_line' id='line_1_41' title="bbox 265 1533 1853 1605; baseline -0.004 -15"><span class='ocrx_word' id='word_1_142' title='bbox 265 1538 534 1590; x_wconf 81' lang='grc' dir='ltr'>δοκοῦσαν</span> <span class='ocrx_word' id='word_1_143' title='bbox 588 1533 759 1599; x_wconf 80' lang='grc' dir='ltr'>δεῖξαι</span> <span class='ocrx_word' id='word_1_144' title='bbox 798 1535 1114 1604; x_wconf 84' lang='grc' dir='ltr'>δυνήσεται,</span> <span class='ocrx_word' id='word_1_145' title='bbox 1171 1535 1233 1585; x_wconf 82' lang='grc' dir='ltr'>τὸ</span> <span class='ocrx_word' id='word_1_146' title='bbox 1289 1533 1347 1598; x_wconf 71' lang='grc' dir='ltr'>ἐξ</span> <span class='ocrx_word' id='word_1_147' title='bbox 1398 1535 1656 1605; x_wconf 75' lang='grc' dir='ltr'>οὐρανοῦ,</span> <span class='ocrx_word' id='word_1_148' title='bbox 1688 1533 1853 1600; x_wconf 83' lang='grc' dir='ltr'>λέγω,</span> 
     </span>
    </p>
   </div>
   <div class='ocr_carea' id='block_1_41' title="bbox 266 1626 1859 1700">
    <p class='ocr_par' dir='ltr' id='par_1_41' title="bbox 266 1626 1859 1700">
     <span class='ocr_line' id='line_1_42' title="bbox 266 1626 1859 1700; baseline -0.004 -16"><span class='ocrx_word' id='word_1_149' title='bbox 266 1628 790 1700; x_wconf 79' lang='grc' dir='ltr'>φάναι-πεπέμφθαι</span> <span class='ocrx_word' id='word_1_150' title='bbox 836 1627 968 1680; x_wconf 86' lang='grc' dir='ltr'>αὑτό</span> <span class='ocrx_word' id='word_1_151' title='bbox 1005 1626 1154 1697; x_wconf 72' lang='lat' dir='ltr'><strong>(il);</strong></span> <span class='ocrx_word' id='word_1_152' title='bbox 1198 1629 1332 1680; x_wconf 83' lang='grc' dir='ltr'>ὅπου</span> <span class='ocrx_word' id='word_1_153' title='bbox 1364 1645 1426 1694; x_wconf 87' lang='grc' dir='ltr'><strong>γε</strong></span> <span class='ocrx_word' id='word_1_154' title='bbox 1454 1629 1554 1697; x_wconf 79' lang='grc' dir='ltr'>τῆς</span> <span class='ocrx_word' id='word_1_155' title='bbox 1581 1627 1859 1698; x_wconf 83' lang='grc' dir='ltr'>ἀνθρωπί-</span> 
     </span>
    </p>
   </div>
   <div class='ocr_carea' id='block_1_42' title="bbox 264 1719 1856 1792">
    <p class='ocr_par' dir='ltr' id='par_1_42' title="bbox 264 1719 1856 1792">
     <span class='ocr_line' id='line_1_43' title="bbox 264 1719 1856 1792; baseline -0.002 -18"><span class='ocrx_word' id='word_1_156' title='bbox 264 1741 364 1792; x_wconf 82' lang='grc' dir='ltr'><strong>νης</strong></span> <span class='ocrx_word' id='word_1_157' title='bbox 410 1721 664 1775; x_wconf 88' lang='grc' dir='ltr'>τοσοῦτον</span> <span class='ocrx_word' id='word_1_158' title='bbox 697 1719 917 1774; x_wconf 83' lang='grc' dir='ltr'>ἀποδέει</span> <span class='ocrx_word' id='word_1_159' title='bbox 979 1721 1269 1782; x_wconf 85' lang='grc' dir='ltr'>συνέσεως.</span> <span class='ocrx_word' id='word_1_160' title='bbox 1324 1721 1446 1773; x_wconf 75' lang='grc' dir='ltr'>ὅσον</span> <span class='ocrx_word' id='word_1_161' title='bbox 1498 1720 1636 1789; x_wconf 79' lang='grc' dir='ltr'>αὐτή</span> <span class='ocrx_word' id='word_1_162' title='bbox 1682 1721 1716 1790; x_wconf 85' lang='grc' dir='ltr'>ἡ</span> <span class='ocrx_word' id='word_1_163' title='bbox 1748 1719 1856 1772; x_wconf 85' lang='grc' dir='ltr'>τῶν</span> 
     </span>
    </p>
   </div>
   <div class='ocr_carea' id='block_1_43' title="bbox 263 1809 1856 1882">
    <p class='ocr_par' dir='ltr' id='par_1_43' title="bbox 263 1809 1856 1882">
     <span class='ocr_line' id='line_1_44' title="bbox 263 1809 1856 1882; baseline -0.004 -15"><span class='ocrx_word' id='word_1_164' title='bbox 263 1815 481 1882; x_wconf 82' lang='grc' dir='ltr'>ἀλόγων</span> <span class='ocrx_word' id='word_1_165' title='bbox 503 1813 604 1882; x_wconf 87' lang='grc' dir='ltr'>τῆς</span> <span class='ocrx_word' id='word_1_166' title='bbox 646 1812 872 1880; x_wconf 80' lang='grc' dir='ltr'>λογικῆς</span> <span class='ocrx_word' id='word_1_167' title='bbox 919 1809 1205 1881; x_wconf 82' lang='grc' dir='ltr'>διώρισται</span> <span class='ocrx_word' id='word_1_168' title='bbox 1236 1811 1449 1880; x_wconf 78' lang='grc' dir='ltr'>φύσεως</span> <span class='ocrx_word' id='word_1_169' title='bbox 1471 1828 1484 1841; x_wconf 74' lang='grc'><strong>⁸</strong></span> <span class='ocrx_word' id='word_1_170' title='bbox 1511 1815 1641 1881; x_wconf 84' lang='grc' dir='ltr'><strong>μήτι</strong></span> <span class='ocrx_word' id='word_1_171' title='bbox 1669 1828 1730 1880; x_wconf 89' lang='grc' dir='ltr'><strong>γε</strong></span> <span class='ocrx_word' id='word_1_172' title='bbox 1759 1812 1856 1880; x_wconf 79' lang='grc' dir='ltr'>τῆς</span> 
     </span>
    </p>
   </div>
   <div class='ocr_carea' id='block_1_44' title="bbox 262 1902 1860 1976">
    <p class='ocr_par' dir='ltr' id='par_1_44' title="bbox 262 1902 1860 1976">
     <span class='ocr_line' id='line_1_45' title="bbox 262 1902 1860 1976; baseline -0.003 -18"><span class='ocrx_word' id='word_1_173' title='bbox 262 1906 698 1976; x_wconf 84' lang='grc' dir='ltr'>ἀκαταμαχήτου</span> <span class='ocrx_word' id='word_1_174' title='bbox 735 1903 949 1972; x_wconf 75' lang='grc' dir='ltr'><strong>ἐκείνης</strong></span> <span class='ocrx_word' id='word_1_175' title='bbox 985 1904 1080 1957; x_wconf 81' lang='grc' dir='ltr'>καὶ</span> <span class='ocrx_word' id='word_1_176' title='bbox 1116 1902 1255 1973; x_wconf 81' lang='grc' dir='ltr'>ὑπὲρ</span> <span class='ocrx_word' id='word_1_177' title='bbox 1286 1903 1412 1956; x_wconf 90' lang='grc' dir='ltr'>νοῦν</span> <span class='ocrx_word' id='word_1_178' title='bbox 1467 1903 1650 1973; x_wconf 83' lang='grc' dir='ltr'>ίσχύος</span> <span class='ocrx_word' id='word_1_179' title='bbox 1673 1919 1733 1955; x_wconf 89' lang='grc' dir='ltr'><strong>τε</strong></span> <span class='ocrx_word' id='word_1_180' title='bbox 1765 1902 1860 1955; x_wconf 72' lang='grc' dir='ltr'>καὶ</span> 
     </span>
    </p>
   </div>
   <div class='ocr_carea' id='block_1_45' title="bbox 265 1993 1860 2070">
    <p class='ocr_par' dir='ltr' id='par_1_45' title="bbox 265 1993 1860 2070">
     <span class='ocr_line' id='line_1_46' title="bbox 265 1993 1860 2070; baseline 0.001 -22"><span class='ocrx_word' id='word_1_181' title='bbox 265 1997 482 2065; x_wconf 81' lang='grc' dir='ltr'>σοφίας,</span> <span class='ocrx_word' id='word_1_182' title='bbox 512 1993 666 2070; x_wconf 76' lang='grc' dir='ltr'>κα.ὶῇ</span> <span class='ocrx_word' id='word_1_183' title='bbox 704 1997 905 2057; x_wconf 88' lang='grc' dir='ltr'>πάντες</span> <span class='ocrx_word' id='word_1_184' title='bbox 934 1997 1073 2047; x_wconf 73' lang='grc' dir='ltr'>εἰσὶν</span> <span class='ocrx_word' id='word_1_185' title='bbox 1120 1996 1170 2047; x_wconf 82' lang='grc' dir='ltr'>οἱ</span> <span class='ocrx_word' id='word_1_186' title='bbox 1220 1995 1488 2064; x_wconf 77' lang='grc' dir='ltr'>θησαυροὶ</span> <span class='ocrx_word' id='word_1_187' title='bbox 1533 1995 1633 2063; x_wconf 83' lang='grc' dir='ltr'>τῆς</span> <span class='ocrx_word' id='word_1_188' title='bbox 1665 1995 1860 2064; x_wconf 79' lang='grc' dir='ltr'>σοφίας</span> 
     </span>
    </p>
   </div>
   <div class='ocr_carea' id='block_1_46' title="bbox 261 2082 1858 2155">
    <p class='ocr_par' dir='ltr' id='par_1_46' title="bbox 261 2082 1858 2155">
     <span class='ocr_line' id='line_1_47' title="bbox 261 2082 1858 2155; baseline -0.001 -16"><span class='ocrx_word' id='word_1_189' title='bbox 261 2088 362 2140; x_wconf 75' lang='grc' dir='ltr'>καὶ</span> <span class='ocrx_word' id='word_1_190' title='bbox 382 2085 636 2154; x_wconf 84' lang='grc' dir='ltr'>γνώσεως</span> <span class='ocrx_word' id='word_1_191' title='bbox 670 2087 977 2155; x_wconf 76' lang='grc' dir='ltr'>ἀπόκρυφοι</span> <span class='ocrx_word' id='word_1_192' title='bbox 999 2100 1014 2115; x_wconf 75' lang='grc' dir='ltr'><strong>ο</strong></span> <span class='ocrx_word' id='word_1_193' title='bbox 1047 2085 1124 2136; x_wconf 84' lang='grc' dir='ltr'><strong>ὅτ’</strong></span> <span class='ocrx_word' id='word_1_194' title='bbox 1159 2082 1224 2136; x_wconf 85' lang='grc' dir='ltr'>ἂν</span> <span class='ocrx_word' id='word_1_195' title='bbox 1256 2086 1364 2154; x_wconf 80' lang='grc' dir='ltr'>γὰρ</span> <span class='ocrx_word' id='word_1_196' title='bbox 1395 2083 1457 2136; x_wconf 79' lang='grc' dir='ltr'>τὸ</span> <span class='ocrx_word' id='word_1_197' title='bbox 1482 2084 1858 2154; x_wconf 79' lang='grc' dir='ltr'>σπουδαζόμε-</span> 
     </span>
    </p>
   </div>
   <div class='ocr_carea' id='block_1_47' title="bbox 260 2168 1858 2247">
    <p class='ocr_par' dir='ltr' id='par_1_47' title="bbox 260 2168 1858 2247">
     <span class='ocr_line' id='line_1_48' title="bbox 260 2168 1858 2247; baseline -0.002 -15"><span class='ocrx_word' id='word_1_198' title='bbox 260 2195 358 2232; x_wconf 91' lang='grc' dir='ltr'><strong>νον</strong></span> <span class='ocrx_word' id='word_1_199' title='bbox 414 2177 562 2247; x_wconf 81' lang='grc' dir='ltr'>αὑτῴ</span> <span class='ocrx_word' id='word_1_200' title='bbox 614 2177 708 2230; x_wconf 80' lang='grc' dir='ltr'>τὸν</span> <span class='ocrx_word' id='word_1_201' title='bbox 763 2176 896 2228; x_wconf 83' lang='grc' dir='ltr'>Θεὸν</span> <span class='ocrx_word' id='word_1_202' title='bbox 956 2175 1116 2228; x_wconf 87' lang='grc' dir='ltr'>τοῦτο</span> <span class='ocrx_word' id='word_1_203' title='bbox 1163 2175 1392 2246; x_wconf 81' lang='grc' dir='ltr'>γράψαι,</span> <span class='ocrx_word' id='word_1_204' title='bbox 1433 2176 1490 2242; x_wconf 76' lang='grc' dir='ltr'><strong>ὲξ</strong></span> <span class='ocrx_word' id='word_1_205' title='bbox 1529 2168 1604 2228; x_wconf 85' lang='grc' dir='ltr'>ὧν</span> <span class='ocrx_word' id='word_1_206' title='bbox 1625 2177 1858 2246; x_wconf 82' lang='grc' dir='ltr'>γράφειν</span> 
     </span>
    </p>
   </div>
   <div class='ocr_carea' id='block_1_48' title="bbox 259 2267 1857 2338">
    <p class='ocr_par' dir='ltr' id='par_1_48' title="bbox 259 2267 1857 2338">
     <span class='ocr_line' id='line_1_49' title="bbox 259 2267 1857 2338; baseline -0.001 -15"><span class='ocrx_word' id='word_1_207' title='bbox 259 2270 618 2338; x_wconf 82' lang='grc' dir='ltr'>παραστῆσαι</span> <span class='ocrx_word' id='word_1_208' title='bbox 639 2269 700 2321; x_wconf 84' lang='grc' dir='ltr'>οὑ</span> <span class='ocrx_word' id='word_1_209' title='bbox 727 2267 975 2331; x_wconf 86' lang='grc' dir='ltr'>δύναται,</span> <span class='ocrx_word' id='word_1_210' title='bbox 1015 2269 1168 2331; x_wconf 85' lang='grc' dir='ltr'>πότε,</span> <span class='ocrx_word' id='word_1_211' title='bbox 1193 2267 1288 2320; x_wconf 80' lang='grc' dir='ltr'>καὶ</span> <span class='ocrx_word' id='word_1_212' title='bbox 1313 2267 1449 2331; x_wconf 84' lang='grc' dir='ltr'>πῶς,</span> <span class='ocrx_word' id='word_1_213' title='bbox 1491 2268 1601 2320; x_wconf 80' lang='grc' dir='ltr'>εἴτε</span> <span class='ocrx_word' id='word_1_214' title='bbox 1639 2270 1696 2321; x_wconf 76' lang='grc' dir='ltr'>ὲν</span> <span class='ocrx_word' id='word_1_215' title='bbox 1723 2269 1857 2336; x_wconf 83' lang='grc' dir='ltr'>ὁρά-</span> 
     </span>
    </p>
   </div>
   <div class='ocr_carea' id='block_1_49' title="bbox 260 2359 1850 2432">
    <p class='ocr_par' dir='ltr' id='par_1_49' title="bbox 260 2359 1850 2432">
     <span class='ocr_line' id='line_1_50' title="bbox 260 2359 1850 2432; baseline -0.001 -18"><span class='ocrx_word' id='word_1_216' title='bbox 260 2378 373 2429; x_wconf 88' lang='grc' dir='ltr'>σει,</span> <span class='ocrx_word' id='word_1_217' title='bbox 404 2362 516 2414; x_wconf 80' lang='grc' dir='ltr'>εἵτε</span> <span class='ocrx_word' id='word_1_218' title='bbox 547 2361 683 2432; x_wconf 80' lang='grc' dir='ltr'>ἄλλῃ</span> <span class='ocrx_word' id='word_1_219' title='bbox 709 2362 817 2412; x_wconf 58' lang='grc' dir='ltr'><strong>τινὶ⁴</strong></span> <span class='ocrx_word' id='word_1_220' title='bbox 854 2359 1164 2431; x_wconf 82' lang='grc' dir='ltr'>θεοφανείᾳ.</span> <span class='ocrx_word' id='word_1_221' title='bbox 1195 2360 1290 2412; x_wconf 76' lang='grc' dir='ltr'>καὶ</span> <span class='ocrx_word' id='word_1_222' title='bbox 1325 2360 1486 2412; x_wconf 85' lang='grc' dir='ltr'>τίνων</span> <span class='ocrx_word' id='word_1_223' title='bbox 1505 2361 1850 2430; x_wconf 83' lang='grc' dir='ltr'>μαρτυρούν-</span> 
     </span>
    </p>
   </div>
   <div class='ocr_carea' id='block_1_50' title="bbox 255 2451 1857 2522">
    <p class='ocr_par' dir='ltr' id='par_1_50' title="bbox 255 2451 1857 2522">
     <span class='ocr_line' id='line_1_51' title="bbox 255 2451 1857 2522; baseline 0 -16"><span class='ocrx_word' id='word_1_224' title='bbox 255 2472 396 2516; x_wconf 88' lang='grc' dir='ltr'>των,</span> <span class='ocrx_word' id='word_1_225' title='bbox 458 2454 534 2516; x_wconf 87' lang='grc' dir='ltr'>ὡς</span> <span class='ocrx_word' id='word_1_226' title='bbox 592 2455 648 2506; x_wconf 83' lang='grc' dir='ltr'>αι</span> <span class='ocrx_word' id='word_1_227' title='bbox 705 2455 832 2522; x_wconf 73' lang='grc' dir='ltr'>περὶ</span> <span class='ocrx_word' id='word_1_228' title='bbox 885 2453 1122 2506; x_wconf 84' lang='grc' dir='ltr'><strong>Μωῦσέα</strong></span> <span class='ocrx_word' id='word_1_229' title='bbox 1173 2451 1390 2515; x_wconf 84' lang='grc' dir='ltr'>πλείους</span> <span class='ocrx_word' id='word_1_230' title='bbox 1426 2452 1536 2504; x_wconf 84' lang='grc' dir='ltr'><strong>τῶν</strong></span> <span class='ocrx_word' id='word_1_231' title='bbox 1559 2451 1857 2518; x_wconf 76' lang='grc' dir='ltr'>ἑξακοσίων</span> 
     </span>
    </p>
   </div>
   <div class='ocr_carea' id='block_1_51' title="bbox 257 2543 1858 2617">
    <p class='ocr_par' dir='ltr' id='par_1_51' title="bbox 257 2543 1858 2617">
     <span class='ocr_line' id='line_1_52' title="bbox 257 2543 1858 2617; baseline -0.001 -17"><span class='ocrx_word' id='word_1_232' title='bbox 257 2547 503 2617; x_wconf 81' lang='grc' dir='ltr'>χιλιάδες</span> <span class='ocrx_word' id='word_1_233' title='bbox 526 2564 540 2576; x_wconf 87' lang='grc'><strong>·</strong></span> <span class='ocrx_word' id='word_1_234' title='bbox 574 2547 631 2598; x_wconf 77' lang='grc' dir='ltr'>ὲν</span> <span class='ocrx_word' id='word_1_235' title='bbox 656 2547 878 2616; x_wconf 75' lang='grc' dir='ltr'>στήλαις</span> <span class='ocrx_word' id='word_1_236' title='bbox 901 2546 960 2599; x_wconf 77' lang='grc' dir='ltr'>δέ</span> <span class='ocrx_word' id='word_1_237' title='bbox 989 2561 1051 2614; x_wconf 91' lang='grc' dir='ltr'><strong>γε</strong></span> <span class='ocrx_word' id='word_1_238' title='bbox 1081 2544 1150 2598; x_wconf 83' lang='grc' dir='ltr'>αὖ</span> <span class='ocrx_word' id='word_1_239' title='bbox 1178 2543 1473 2616; x_wconf 76' lang='grc' dir='ltr'>ἐγράφετο,</span> <span class='ocrx_word' id='word_1_240' title='bbox 1496 2545 1571 2608; x_wconf 86' lang='grc' dir='ltr'><strong>ὡς</strong></span> <span class='ocrx_word' id='word_1_241' title='bbox 1601 2548 1658 2599; x_wconf 74' lang='grc' dir='ltr'>ἐν</span> <span class='ocrx_word' id='word_1_242' title='bbox 1684 2547 1858 2616; x_wconf 79' lang='grc' dir='ltr'>πέτρᾳ</span> 
     </span>
    </p>
   </div>
   <div class='ocr_carea' id='block_1_52' title="bbox 254 2637 1858 2708">
    <p class='ocr_par' dir='ltr' id='par_1_52' title="bbox 254 2637 1858 2708">
     <span class='ocr_line' id='line_1_53' title="bbox 254 2637 1858 2708; baseline 0.001 -19"><span class='ocrx_word' id='word_1_243' title='bbox 254 2639 286 2689; x_wconf 89' lang='grc' dir='ltr'>ὁ</span> <span class='ocrx_word' id='word_1_244' title='bbox 329 2638 410 2706; x_wconf 78' lang='grc' dir='ltr'>τῷ</span> <span class='ocrx_word' id='word_1_245' title='bbox 465 2639 687 2690; x_wconf 86' lang='grc' dir='ltr'>Μωῦσεῖ</span> <span class='ocrx_word' id='word_1_246' title='bbox 719 2637 999 2707; x_wconf 74' lang='grc' dir='ltr'>δεδομένος</span> <span class='ocrx_word' id='word_1_247' title='bbox 1059 2637 1260 2706; x_wconf 89' lang='grc' dir='ltr'>νόμος·</span> <span class='ocrx_word' id='word_1_248' title='bbox 1319 2637 1483 2700; x_wconf 80' lang='grc' dir='ltr'>αὐτὸς</span> <span class='ocrx_word' id='word_1_249' title='bbox 1530 2637 1639 2708; x_wconf 88' lang='grc' dir='ltr'><strong>γὰρ</strong></span> <span class='ocrx_word' id='word_1_250' title='bbox 1685 2638 1858 2701; x_wconf 73' lang='grc' dir='ltr'>οὕτως</span> 
     </span>
    </p>
   </div>
   <div class='ocr_carea' id='block_1_53' title="bbox 164 2724 1853 2797">
    <p class='ocr_par' dir='ltr' id='par_1_53' title="bbox 164 2724 1853 2797">
     <span class='ocr_line' id='line_1_54' title="bbox 164 2724 1853 2797; baseline 0.002 -21"><span class='ocrx_word' id='word_1_251' title='bbox 164 2763 170 2790; x_wconf 57' lang='grc' dir='ltr'>ί</span> <span class='ocrx_word' id='word_1_252' title='bbox 257 2728 455 2796; x_wconf 78' lang='grc' dir='ltr'>φησὶν,</span> <span class='ocrx_word' id='word_1_253' title='bbox 489 2727 572 2778; x_wconf 86' lang='grc' dir='ltr'>ὃτι</span> <span class='ocrx_word' id='word_1_254' title='bbox 606 2726 871 2796; x_wconf 78' lang='grc' dir='ltr'>ἀγράφως</span> <span class='ocrx_word' id='word_1_255' title='bbox 900 2724 1034 2776; x_wconf 75' lang='grc' dir='ltr'>αὐτὸ</span> <span class='ocrx_word' id='word_1_256' title='bbox 1088 2725 1328 2790; x_wconf 61' lang='lat' dir='ltr'><strong>tegam,</strong></span> <span class='ocrx_word' id='word_1_257' title='bbox 1381 2727 1504 2779; x_wconf 84' lang='grc' dir='ltr'>οὐδὲ</span> <span class='ocrx_word' id='word_1_258' title='bbox 1535 2729 1593 2779; x_wconf 83' lang='grc' dir='ltr'>ἐν</span> <span class='ocrx_word' id='word_1_259' title='bbox 1624 2729 1853 2797; x_wconf 87' lang='grc' dir='ltr'>χαρτίῳ,</span> 
     </span>
    </p>
   </div>
   <div class='ocr_carea' id='block_1_54' title="bbox 253 2815 1856 2888">
    <p class='ocr_par' dir='ltr' id='par_1_54' title="bbox 253 2815 1856 2888">
     <span class='ocr_line' id='line_1_55' title="bbox 253 2815 1856 2888; baseline 0.002 -19"><span class='ocrx_word' id='word_1_260' title='bbox 253 2817 388 2870; x_wconf 73' lang='grc' dir='ltr'>οὐδὲ</span> <span class='ocrx_word' id='word_1_261' title='bbox 417 2819 475 2869; x_wconf 87' lang='grc' dir='ltr'>ὲν</span> <span class='ocrx_word' id='word_1_262' title='bbox 501 2817 646 2888; x_wconf 79' lang='grc' dir='ltr'>ἔργῳ</span> <span class='ocrx_word' id='word_1_263' title='bbox 678 2816 880 2886; x_wconf 83' lang='grc' dir='ltr'>χειρῶν</span> <span class='ocrx_word' id='word_1_264' title='bbox 906 2815 1210 2886; x_wconf 84' lang='grc' dir='ltr'>ἀνθρώπων</span> <span class='ocrx_word' id='word_1_265' title='bbox 1239 2818 1353 2885; x_wconf 74' lang='grc'><strong>(12)</strong></span> <span class='ocrx_word' id='word_1_266' title='bbox 1374 2833 1387 2846; x_wconf 89' lang='grc'><strong>·</strong></span> <span class='ocrx_word' id='word_1_267' title='bbox 1417 2817 1568 2887; x_wconf 78' lang='grc' dir='ltr'>φόϐῳ</span> <span class='ocrx_word' id='word_1_268' title='bbox 1597 2819 1752 2886; x_wconf 75' lang='grc' dir='ltr'>δῆλον</span> <span class='ocrx_word' id='word_1_269' title='bbox 1774 2821 1856 2872; x_wconf 88' lang='grc' dir='ltr'>ὃτι</span> 
     </span>
    </p>
   </div>
   <div class='ocr_carea' id='block_1_55' title="bbox 249 2908 1858 2979">
    <p class='ocr_par' dir='ltr' id='par_1_55' title="bbox 249 2908 1858 2979">
     <span class='ocr_line' id='line_1_56' title="bbox 249 2908 1858 2979; baseline 0.002 -19"><span class='ocrx_word' id='word_1_270' title='bbox 249 2909 360 2961; x_wconf 77' lang='grc' dir='ltr'><strong>τοῦ</strong></span> <span class='ocrx_word' id='word_1_271' title='bbox 397 2909 770 2978; x_wconf 69' lang='grc' dir='ltr'>άπιιτηθὲντα</span> <span class='ocrx_word' id='word_1_272' title='bbox 804 2908 972 2972; x_wconf 82' lang='grc' dir='ltr'>δεῖξαι</span> <span class='ocrx_word' id='word_1_273' title='bbox 1007 2908 1080 2979; x_wconf 83' lang='grc' dir='ltr'>μὴ</span> <span class='ocrx_word' id='word_1_274' title='bbox 1115 2908 1412 2961; x_wconf 78' lang='grc' dir='ltr'>δύνασθαι·</span> <span class='ocrx_word' id='word_1_275' title='bbox 1463 2911 1540 2962; x_wconf 83' lang='grc' dir='ltr'><strong>ὅτ’</strong></span> <span class='ocrx_word' id='word_1_276' title='bbox 1572 2910 1638 2963; x_wconf 82' lang='grc' dir='ltr'>ἂν</span> <span class='ocrx_word' id='word_1_277' title='bbox 1668 2911 1858 2978; x_wconf 82' lang='grc' dir='ltr'>σοφίας</span> 
     </span>
    </p>
   </div>
   <div class='ocr_carea' id='block_1_56' title="bbox 248 2998 1856 3070">
    <p class='ocr_par' dir='ltr' id='par_1_56' title="bbox 248 2998 1856 3070">
     <span class='ocr_line' id='line_1_57' title="bbox 248 2998 1856 3070; baseline 0.001 -19"><span class='ocrx_word' id='word_1_278' title='bbox 248 3001 450 3069; x_wconf 71' lang='grc' dir='ltr'>πάσης</span> <span class='ocrx_word' id='word_1_279' title='bbox 489 2998 638 3062; x_wconf 80' lang='grc' dir='ltr'>Θείας</span> <span class='ocrx_word' id='word_1_280' title='bbox 667 3016 727 3052; x_wconf 88' lang='grc' dir='ltr'><strong>τε</strong></span> <span class='ocrx_word' id='word_1_281' title='bbox 772 3000 866 3052; x_wconf 75' lang='grc' dir='ltr'>καὶ</span> <span class='ocrx_word' id='word_1_282' title='bbox 895 2999 1243 3069; x_wconf 84' lang='grc' dir='ltr'>ἀνθρωπίνης</span> <span class='ocrx_word' id='word_1_283' title='bbox 1277 3001 1608 3070; x_wconf 65' lang='grc' dir='ltr'>ἐστέρηται*</span> <span class='ocrx_word' id='word_1_284' title='bbox 1645 3002 1741 3053; x_wconf 73' lang='grc' dir='ltr'>καὶ</span> <span class='ocrx_word' id='word_1_285' title='bbox 1796 3001 1856 3053; x_wconf 76' lang='grc' dir='ltr'>τὸ</span> 
     </span>
    </p>
   </div>
   <div class='ocr_carea' id='block_1_57' title="bbox 247 3090 1851 3162">
    <p class='ocr_par' dir='ltr' id='par_1_57' title="bbox 247 3090 1851 3162">
     <span class='ocr_line' id='line_1_58' title="bbox 247 3090 1851 3162; baseline 0.001 -18"><span class='ocrx_word' id='word_1_286' title='bbox 247 3093 324 3162; x_wconf 82' lang='grc' dir='ltr'>δὴ</span> <span class='ocrx_word' id='word_1_287' title='bbox 363 3091 763 3162; x_wconf 82' lang='grc' dir='ltr'>χαλεπώτερον,</span> <span class='ocrx_word' id='word_1_288' title='bbox 820 3091 898 3144; x_wconf 76' lang='grc' dir='ltr'><strong>ὅτ’</strong></span> <span class='ocrx_word' id='word_1_289' title='bbox 924 3090 992 3144; x_wconf 81' lang='grc' dir='ltr'>ἂν</span> <span class='ocrx_word' id='word_1_290' title='bbox 1021 3091 1320 3144; x_wconf 85' lang='grc' dir='ltr'>άπεοικότα</span> <span class='ocrx_word' id='word_1_291' title='bbox 1380 3093 1476 3145; x_wconf 80' lang='grc' dir='ltr'>καὶ</span> <span class='ocrx_word' id='word_1_292' title='bbox 1539 3092 1718 3160; x_wconf 81' lang='grc' dir='ltr'>πάντη</span> <span class='ocrx_word' id='word_1_293' title='bbox 1752 3095 1851 3162; x_wconf 81' lang='grc' dir='ltr'>τῆς</span> 
     </span>
    </p>
   </div>
   <div class='ocr_carea' id='block_1_58' title="bbox 249 3150 1922 3254">
    <p class='ocr_par' dir='ltr' id='par_1_58' title="bbox 249 3150 1922 3254">
     <span class='ocr_line' id='line_1_59' title="bbox 249 3150 1922 3254; baseline 0.001 -18"><span class='ocrx_word' id='word_1_294' title='bbox 249 3150 543 3254; x_wconf 64' lang='grc' dir='ltr'>μακαρίας</span> <span class='ocrx_word' id='word_1_295' title='bbox 573 3150 788 3251; x_wconf 74' lang='grc' dir='ltr'>ἐκείνης</span> <span class='ocrx_word' id='word_1_296' title='bbox 813 3184 905 3236; x_wconf 74' lang='grc' dir='ltr'><strong>καὶ</strong></span> <span class='ocrx_word' id='word_1_297' title='bbox 928 3183 1078 3246; x_wconf 81' lang='grc' dir='ltr'>θείας</span> <span class='ocrx_word' id='word_1_298' title='bbox 1103 3182 1319 3250; x_wconf 84' lang='grc' dir='ltr'>φύσεως</span> <span class='ocrx_word' id='word_1_299' title='bbox 1347 3183 1475 3249; x_wconf 78' lang='grc' dir='ltr'>ξένα</span> <span class='ocrx_word' id='word_1_300' title='bbox 1502 3200 1562 3236; x_wconf 87' lang='grc' dir='ltr'><strong>τε</strong></span> <span class='ocrx_word' id='word_1_301' title='bbox 1587 3184 1682 3237; x_wconf 59' lang='grc' dir='ltr'><strong>καὶ⁵</strong></span> <span class='ocrx_word' id='word_1_302' title='bbox 1879 3150 1922 3206; x_wconf 76' lang='lat' dir='ltr'><strong><em>C</em></strong></span> 
     </span>
    </p>
   </div>
   <div class='ocr_carea' id='block_1_59' title="bbox 243 3275 1850 3346">
    <p class='ocr_par' dir='ltr' id='par_1_59' title="bbox 243 3275 1850 3346">
     <span class='ocr_line' id='line_1_60' title="bbox 243 3275 1850 3346; baseline 0.001 -18"><span class='ocrx_word' id='word_1_303' title='bbox 243 3294 412 3346; x_wconf 82' lang='grc' dir='ltr'>τρια.</span> <span class='ocrx_word' id='word_1_304' title='bbox 450 3276 648 3345; x_wconf 80' lang='grc' dir='ltr'>μᾶλλον</span> <span class='ocrx_word' id='word_1_305' title='bbox 695 3276 751 3328; x_wconf 79' lang='grc' dir='ltr'>δὲ</span> <span class='ocrx_word' id='word_1_306' title='bbox 805 3275 1063 3346; x_wconf 83' lang='grc' dir='ltr'>πολέμια,</span> <span class='ocrx_word' id='word_1_307' title='bbox 1102 3275 1271 3339; x_wconf 82' lang='grc' dir='ltr'>ἀδεῶς</span> <span class='ocrx_word' id='word_1_308' title='bbox 1310 3277 1717 3346; x_wconf 75' lang='grc' dir='ltr'>καταψεύδηται</span> <span class='ocrx_word' id='word_1_309' title='bbox 1743 3294 1756 3309; x_wconf 89' lang='grc'><strong>·</strong></span> <span class='ocrx_word' id='word_1_310' title='bbox 1796 3278 1850 3329; x_wconf 82' lang='grc' dir='ltr'><strong>τί</strong></span> 
     </span>
    </p>
   </div>
   <div class='ocr_carea' id='block_1_60' title="bbox 241 3367 1850 3438">
    <p class='ocr_par' dir='ltr' id='par_1_60' title="bbox 241 3367 1850 3438">
     <span class='ocr_line' id='line_1_61' title="bbox 241 3367 1850 3438; baseline 0.001 -18"><span class='ocrx_word' id='word_1_311' title='bbox 241 3368 372 3438; x_wconf 79' lang='grc' dir='ltr'>γὰρ</span> <span class='ocrx_word' id='word_1_312' title='bbox 403 3367 806 3438; x_wconf 77' lang='grc' dir='ltr'>πολεμιώτερον</span> <span class='ocrx_word' id='word_1_313' title='bbox 857 3369 925 3437; x_wconf 83' lang='grc' dir='ltr'>τῇ</span> <span class='ocrx_word' id='word_1_314' title='bbox 983 3367 1119 3420; x_wconf 83' lang='grc' dir='ltr'>Θεοῦ</span> <span class='ocrx_word' id='word_1_315' title='bbox 1173 3368 1495 3438; x_wconf 82' lang='grc' dir='ltr'>ἀγαθότητι,</span> <span class='ocrx_word' id='word_1_316' title='bbox 1541 3369 1636 3422; x_wconf 88' lang='grc' dir='ltr'><strong>τοῦ</strong></span> <span class='ocrx_word' id='word_1_317' title='bbox 1670 3367 1850 3437; x_wconf 80' lang='grc' dir='ltr'>λέγειν</span> 
     </span>
    </p>
   </div>
   <div class='ocr_carea' id='block_1_61' title="bbox 241 3459 1848 3532">
    <p class='ocr_par' dir='ltr' id='par_1_61' title="bbox 241 3459 1848 3532">
     <span class='ocr_line' id='line_1_62' title="bbox 241 3459 1848 3532; baseline 0.001 -17"><span class='ocrx_word' id='word_1_318' title='bbox 241 3462 427 3515; x_wconf 70' lang='grc' dir='ltr'>αὑτὸν</span> <span class='ocrx_word' id='word_1_319' title='bbox 455 3461 666 3531; x_wconf 85' lang='grc' dir='ltr'>χαίρειν</span> <span class='ocrx_word' id='word_1_320' title='bbox 693 3463 759 3530; x_wconf 80' lang='grc' dir='ltr'>τῇ</span> <span class='ocrx_word' id='word_1_321' title='bbox 785 3460 896 3514; x_wconf 83' lang='grc' dir='ltr'><strong>τῶν</strong></span> <span class='ocrx_word' id='word_1_322' title='bbox 925 3459 1229 3531; x_wconf 82' lang='grc' dir='ltr'>ἀνθρώπων</span> <span class='ocrx_word' id='word_1_323' title='bbox 1259 3461 1526 3532; x_wconf 72' lang='grc' dir='ltr'>ἀπωλείᾳ,</span> <span class='ocrx_word' id='word_1_324' title='bbox 1573 3463 1669 3516; x_wconf 74' lang='grc' dir='ltr'><strong>καὶ</strong></span> <span class='ocrx_word' id='word_1_325' title='bbox 1719 3463 1848 3532; x_wconf 88' lang='grc' dir='ltr'>παρ’</span> 
     </span>
    </p>
   </div>
   <div class='ocr_carea' id='block_1_62' title="bbox 240 3552 1851 3626">
    <p class='ocr_par' dir='ltr' id='par_1_62' title="bbox 240 3552 1851 3626">
     <span class='ocr_line' id='line_1_63' title="bbox 240 3552 1851 3626; baseline 0.001 -20"><span class='ocrx_word' id='word_1_326' title='bbox 240 3555 414 3607; x_wconf 71' lang='grc' dir='ltr'>οὐδὲν</span> <span class='ocrx_word' id='word_1_327' title='bbox 449 3552 695 3606; x_wconf 87' lang='grc' dir='ltr'>τίθεσθαι</span> <span class='ocrx_word' id='word_1_328' title='bbox 741 3552 841 3623; x_wconf 79' lang='grc' dir='ltr'>τὴν</span> <span class='ocrx_word' id='word_1_329' title='bbox 865 3553 1045 3605; x_wconf 81' lang='grc' dir='ltr'>αὐτῶν</span> <span class='ocrx_word' id='word_1_330' title='bbox 1076 3553 1428 3624; x_wconf 84' lang='grc' dir='ltr'>καταφθοράν</span> <span class='ocrx_word' id='word_1_331' title='bbox 1455 3571 1470 3618; x_wconf 89' lang='lat'><strong>;</strong></span> <span class='ocrx_word' id='word_1_332' title='bbox 1502 3553 1622 3606; x_wconf 83' lang='grc' dir='ltr'>τίνα</span> <span class='ocrx_word' id='word_1_333' title='bbox 1662 3555 1851 3626; x_wconf 78' lang='grc' dir='ltr'>ἀντίρ-</span> 
     </span>
    </p>
   </div>
   <div class='ocr_carea' id='block_1_63' title="bbox 248 3643 1851 3715">
    <p class='ocr_par' dir='ltr' id='par_1_63' title="bbox 248 3643 1851 3715">
     <span class='ocr_line' id='line_1_64' title="bbox 248 3643 1851 3715; baseline 0.001 -18"><span class='ocrx_word' id='word_1_334' title='bbox 248 3649 426 3715; x_wconf 78' lang='grc' dir='ltr'>ρησιν</span> <span class='ocrx_word' id='word_1_335' title='bbox 456 3645 648 3712; x_wconf 82' lang='grc' dir='ltr'>ἱκανήν</span> <span class='ocrx_word' id='word_1_336' title='bbox 671 3648 1038 3714; x_wconf 84' lang='grc' dir='ltr'>παραστήσει,</span> <span class='ocrx_word' id='word_1_337' title='bbox 1079 3643 1155 3714; x_wconf 82' lang='grc' dir='ltr'>μὴ</span> <span class='ocrx_word' id='word_1_338' title='bbox 1190 3645 1313 3714; x_wconf 78' lang='grc' dir='ltr'>οὐχὶ</span> <span class='ocrx_word' id='word_1_339' title='bbox 1361 3644 1460 3714; x_wconf 79' lang='grc' dir='ltr'>τῆς</span> <span class='ocrx_word' id='word_1_340' title='bbox 1510 3646 1851 3708; x_wconf 87' lang='grc' dir='ltr'>ἀπευκταίας</span> 
     </span>
    </p>
   </div>
   <div class='ocr_carea' id='block_1_64' title="bbox 242 3729 1493 3803">
    <p class='ocr_par' dir='ltr' id='par_1_64' title="bbox 242 3729 1493 3803">
     <span class='ocr_line' id='line_1_65' title="bbox 242 3729 1493 3803; baseline 0.01 -17"><span class='ocrx_word' id='word_1_341' title='bbox 242 3733 456 3787; x_wconf 79' lang='grc' dir='ltr'>τούτου</span> <span class='ocrx_word' id='word_1_342' title='bbox 486 3729 622 3786; x_wconf 75' lang='grc' dir='ltr'>εἶναι</span> <span class='ocrx_word' id='word_1_343' title='bbox 654 3734 748 3784; x_wconf 70' lang='grc' dir='ltr'>καὶ</span> <span class='ocrx_word' id='word_1_344' title='bbox 776 3731 1167 3801; x_wconf 80' lang='grc' dir='ltr'>δαιμονιώδους</span> <span class='ocrx_word' id='word_1_345' title='bbox 1190 3733 1455 3803; x_wconf 84' lang='grc' dir='ltr'>ὲμπνοίας</span> <span class='ocrx_word' id='word_1_346' title='bbox 1479 3750 1493 3797; x_wconf 87' lang='grc'><strong>;</strong></span> 
     </span>
    </p>
   </div>
   <div class='ocr_carea' id='block_1_65' title="bbox 334 3817 1849 3895">
    <p class='ocr_par' dir='ltr' id='par_1_65' title="bbox 334 3817 1849 3895">
     <span class='ocr_line' id='line_1_66' title="bbox 334 3817 1849 3895; baseline -0.004 -15"><span class='ocrx_word' id='word_1_347' title='bbox 334 3825 442 3880; x_wconf 69' lang='grc' dir='ltr'>κθ’.</span> <span class='ocrx_word' id='word_1_348' title='bbox 475 3823 651 3895; x_wconf 81' lang='grc' dir='ltr'>Τριχῆ</span> <span class='ocrx_word' id='word_1_349' title='bbox 706 3817 802 3878; x_wconf 85' lang='grc' dir='ltr'><strong>οῦν</strong></span> <span class='ocrx_word' id='word_1_350' title='bbox 845 3821 1263 3891; x_wconf 68' lang='grc' dir='ltr'>διακεκριμένον</span> <span class='ocrx_word' id='word_1_351' title='bbox 1316 3822 1592 3893; x_wconf 78' lang='grc' dir='ltr'>πρακτέου</span> <span class='ocrx_word' id='word_1_352' title='bbox 1647 3823 1849 3886; x_wconf 75' lang='grc' dir='ltr'>παντὸς</span> 
     </span>
    </p>
   </div>
   <div class='ocr_carea' id='block_1_66' title="bbox 242 3911 1844 3982">
    <p class='ocr_par' dir='ltr' id='par_1_66' title="bbox 242 3911 1844 3982">
     <span class='ocr_line' id='line_1_67' title="bbox 242 3911 1844 3982; baseline -0.004 -12"><span class='ocrx_word' id='word_1_353' title='bbox 242 3916 358 3970; x_wconf 74' lang='grc' dir='ltr'>καὶ</span> <span class='ocrx_word' id='word_1_354' title='bbox 383 3912 565 3982; x_wconf 87' lang='grc' dir='ltr'>λόγου,</span> <span class='ocrx_word' id='word_1_355' title='bbox 591 3914 671 3977; x_wconf 87' lang='grc' dir='ltr'><strong>εῐς</strong></span> <span class='ocrx_word' id='word_1_356' title='bbox 689 3929 751 3967; x_wconf 86' lang='grc' dir='ltr'><strong>τε</strong></span> <span class='ocrx_word' id='word_1_357' title='bbox 780 3913 902 3966; x_wconf 80' lang='grc' dir='ltr'>θεῖα</span> <span class='ocrx_word' id='word_1_358' title='bbox 923 3911 1017 3964; x_wconf 81' lang='grc' dir='ltr'>καὶ</span> <span class='ocrx_word' id='word_1_359' title='bbox 1040 3911 1357 3981; x_wconf 85' lang='grc' dir='ltr'>ἀνθρώπινα</span> <span class='ocrx_word' id='word_1_360' title='bbox 1379 3913 1472 3963; x_wconf 75' lang='grc' dir='ltr'>καὶ</span> <span class='ocrx_word' id='word_1_361' title='bbox 1493 3911 1844 3981; x_wconf 81' lang='grc' dir='ltr'>δαιμονιώδη,</span> 
     </span>
    </p>
   </div>
   <div class='ocr_carea' id='block_1_67' title="bbox 242 4002 1848 4076">
    <p class='ocr_par' dir='ltr' id='par_1_67' title="bbox 242 4002 1848 4076">
     <span class='ocr_line' id='line_1_68' title="bbox 242 4002 1848 4076; baseline -0.002 -16"><span class='ocrx_word' id='word_1_362' title='bbox 242 4007 372 4061; x_wconf 78' lang='grc' dir='ltr'><strong>τῶν</strong></span> <span class='ocrx_word' id='word_1_363' title='bbox 401 4006 497 4061; x_wconf 69' lang='grc' dir='ltr'>δύο</span> <span class='ocrx_word' id='word_1_364' title='bbox 543 4004 909 4076; x_wconf 57' lang='grc' dir='ltr'>ἐστερημένος</span> <span class='ocrx_word' id='word_1_365' title='bbox 931 4004 960 4056; x_wconf 88' lang='grc' dir='ltr'>ὁ</span> <span class='ocrx_word' id='word_1_366' title='bbox 1002 4002 1208 4073; x_wconf 76' lang='grc' dir='ltr'>Ἀραψ,</span> <span class='ocrx_word' id='word_1_367' title='bbox 1258 4002 1402 4054; x_wconf 84' lang='grc' dir='ltr'>θείου</span> <span class='ocrx_word' id='word_1_368' title='bbox 1438 4019 1521 4067; x_wconf 87' lang='grc' dir='ltr'><strong>τε,</strong></span> <span class='ocrx_word' id='word_1_369' title='bbox 1556 4004 1721 4072; x_wconf 74' lang='grc' dir='ltr'>φημὶ,</span> <span class='ocrx_word' id='word_1_370' title='bbox 1757 4006 1848 4056; x_wconf 75' lang='grc' dir='ltr'>καὶ</span> 
     </span>
    </p>
   </div>
   <div class='ocr_carea' id='block_1_68' title="bbox 243 4093 1844 4170">
    <p class='ocr_par' dir='ltr' id='par_1_68' title="bbox 243 4093 1844 4170">
     <span class='ocr_line' id='line_1_69' title="bbox 243 4093 1844 4170; baseline -0.003 -16"><span class='ocrx_word' id='word_1_371' title='bbox 243 4097 632 4170; x_wconf 81' lang='grc' dir='ltr'>ἀνθρωπίνου,</span> <span class='ocrx_word' id='word_1_372' title='bbox 655 4099 734 4160; x_wconf 86' lang='grc' dir='ltr'><strong>είς</strong></span> <span class='ocrx_word' id='word_1_373' title='bbox 754 4097 815 4150; x_wconf 75' lang='grc' dir='ltr'>τὸ</span> <span class='ocrx_word' id='word_1_374' title='bbox 836 4096 1018 4166; x_wconf 89' lang='grc' dir='ltr'>τρίτον</span> <span class='ocrx_word' id='word_1_375' title='bbox 1043 4093 1104 4159; x_wconf 78' lang='grc' dir='ltr'>ἐξ</span> <span class='ocrx_word' id='word_1_376' title='bbox 1131 4095 1378 4162; x_wconf 81' lang='grc' dir='ltr'>ἀνάγκης</span> <span class='ocrx_word' id='word_1_377' title='bbox 1407 4096 1844 4164; x_wconf 83' lang='grc' dir='ltr'>περιενήνεκται·</span> 
     </span>
    </p>
   </div>
   <div class='ocr_carea' id='block_1_69' title="bbox 243 4186 1848 4264">
    <p class='ocr_par' dir='ltr' id='par_1_69' title="bbox 243 4186 1848 4264">
     <span class='ocr_line' id='line_1_70' title="bbox 243 4186 1848 4264; baseline -0.004 -17"><span class='ocrx_word' id='word_1_378' title='bbox 243 4195 343 4248; x_wconf 84' lang='grc' dir='ltr'>ὅτι</span> <span class='ocrx_word' id='word_1_379' title='bbox 372 4193 428 4246; x_wconf 76' lang='grc' dir='ltr'>δὲ</span> <span class='ocrx_word' id='word_1_380' title='bbox 461 4192 595 4264; x_wconf 82' lang='grc' dir='ltr'>πρὸς</span> <span class='ocrx_word' id='word_1_381' title='bbox 623 4190 701 4261; x_wconf 83' lang='grc' dir='ltr'>τῷ</span> <span class='ocrx_word' id='word_1_382' title='bbox 723 4187 1048 4258; x_wconf 76' lang='grc' dir='ltr'>ἐστερῆσθαι</span> <span class='ocrx_word' id='word_1_383' title='bbox 1075 4187 1226 4250; x_wconf 83' lang='grc' dir='ltr'>θείας</span> <span class='ocrx_word' id='word_1_384' title='bbox 1260 4186 1601 4257; x_wconf 74' lang='grc' dir='ltr'>ὲλλάμψεως,</span> <span class='ocrx_word' id='word_1_385' title='bbox 1627 4189 1722 4240; x_wconf 73' lang='grc' dir='ltr'>καὶ</span> <span class='ocrx_word' id='word_1_386' title='bbox 1747 4188 1848 4258; x_wconf 85' lang='grc' dir='ltr'>τῆς</span> 
     </span>
    </p>
   </div>
   <div class='ocr_carea' id='block_1_70' title="bbox 244 4278 1847 4354">
    <p class='ocr_par' dir='ltr' id='par_1_70' title="bbox 244 4278 1847 4354">
     <span class='ocr_line' id='line_1_71' title="bbox 244 4278 1847 4354; baseline -0.004 -15"><span class='ocrx_word' id='word_1_387' title='bbox 244 4284 615 4354; x_wconf 78' lang='grc' dir='ltr'>ἀνθρωπίνης</span> <span class='ocrx_word' id='word_1_388' title='bbox 674 4281 868 4348; x_wconf 83' lang='grc' dir='ltr'>σοφίας</span> <span class='ocrx_word' id='word_1_389' title='bbox 917 4279 1297 4348; x_wconf 80' lang='grc' dir='ltr'>ἀποδεδέηται,</span> <span class='ocrx_word' id='word_1_390' title='bbox 1359 4279 1610 4332; x_wconf 74' lang='grc' dir='ltr'>ἐντεῦθεν</span> <span class='ocrx_word' id='word_1_391' title='bbox 1659 4278 1723 4350; x_wconf 85' lang='grc' dir='ltr'>δὴ</span> <span class='ocrx_word' id='word_1_392' title='bbox 1753 4280 1847 4332; x_wconf 74' lang='grc' dir='ltr'>καὶ</span> 
     </span>
    </p>
   </div>
   <div class='ocr_carea' id='block_1_71' title="bbox 247 4371 1846 4446">
    <p class='ocr_par' dir='ltr' id='par_1_71' title="bbox 247 4371 1846 4446">
     <span class='ocr_line' id='line_1_72' title="bbox 247 4371 1846 4446; baseline -0.003 -16"><span class='ocrx_word' id='word_1_393' title='bbox 247 4375 594 4446; x_wconf 79' lang='grc' dir='ltr'>πολλαχόθεν</span> <span class='ocrx_word' id='word_1_394' title='bbox 639 4373 906 4444; x_wconf 77' lang='grc' dir='ltr'>ἑτέρωθεν</span> <span class='ocrx_word' id='word_1_395' title='bbox 946 4371 1181 4442; x_wconf 88' lang='grc' dir='ltr'>φανερόν</span> <span class='ocrx_word' id='word_1_396' title='bbox 1207 4389 1222 4402; x_wconf 74' lang='grc' dir='ltr'><strong>ο</strong></span> <span class='ocrx_word' id='word_1_397' title='bbox 1264 4375 1297 4441; x_wconf 85' lang='grc' dir='ltr'><strong>ή</strong></span> <span class='ocrx_word' id='word_1_398' title='bbox 1325 4371 1640 4441; x_wconf 85' lang='grc' dir='ltr'>ἀνθρωπίνη</span> <span class='ocrx_word' id='word_1_399' title='bbox 1684 4372 1846 4440; x_wconf 86' lang='grc' dir='ltr'>σοφία</span> 
     </span>
    </p>
   </div>
   <div class='ocr_carea' id='block_1_72' title="bbox 244 4463 1848 4542">
    <p class='ocr_par' dir='ltr' id='par_1_72' title="bbox 244 4463 1848 4542">
     <span class='ocr_line' id='line_1_73' title="bbox 244 4463 1848 4542; baseline -0.004 -20"><span class='ocrx_word' id='word_1_400' title='bbox 244 4471 380 4542; x_wconf 65' lang='grc' dir='ltr'>ἦτοι</span> <span class='ocrx_word' id='word_1_401' title='bbox 411 4467 671 4536; x_wconf 86' lang='grc' dir='ltr'>θεολογεῖ,</span> <span class='ocrx_word' id='word_1_402' title='bbox 705 4466 738 4536; x_wconf 76' lang='grc' dir='ltr'><strong>ἢ</strong></span> <span class='ocrx_word' id='word_1_403' title='bbox 767 4467 1096 4535; x_wconf 85' lang='grc' dir='ltr'>φυσιολογεῖ,</span> <span class='ocrx_word' id='word_1_404' title='bbox 1131 4465 1251 4534; x_wconf 84' lang='grc' dir='ltr'>ήτοι</span> <span class='ocrx_word' id='word_1_405' title='bbox 1278 4463 1614 4530; x_wconf 80' lang='grc' dir='ltr'>ήθικεύεται,</span> <span class='ocrx_word' id='word_1_406' title='bbox 1640 4463 1671 4533; x_wconf 86' lang='grc' dir='ltr'>ἢ</span> <span class='ocrx_word' id='word_1_407' title='bbox 1706 4465 1848 4517; x_wconf 86' lang='grc' dir='ltr'>ίστο-</span> 
     </span>
    </p>
   </div>
   <div class='ocr_carea' id='block_1_73' title="bbox 249 4551 1842 4631">
    <p class='ocr_par' dir='ltr' id='par_1_73' title="bbox 249 4551 1842 4631">
     <span class='ocr_line' id='line_1_74' title="bbox 249 4551 1842 4631; baseline -0.002 -21"><span class='ocrx_word' id='word_1_408' title='bbox 249 4561 368 4631; x_wconf 78' lang='grc' dir='ltr'>ρετ,</span> <span class='ocrx_word' id='word_1_409' title='bbox 398 4557 432 4627; x_wconf 77' lang='grc' dir='ltr'>ἦ</span> <span class='ocrx_word' id='word_1_410' title='bbox 471 4574 524 4608; x_wconf 85' lang='grc' dir='ltr'><strong>τι</strong></span> <span class='ocrx_word' id='word_1_411' title='bbox 557 4553 798 4608; x_wconf 83' lang='grc' dir='ltr'>τοιοῦτον</span> <span class='ocrx_word' id='word_1_412' title='bbox 820 4572 836 4587; x_wconf 80' lang='grc' dir='ltr'><strong><em>ο</em></strong></span> <span class='ocrx_word' id='word_1_413' title='bbox 891 4555 985 4607; x_wconf 73' lang='grc' dir='ltr'>καὶ</span> <span class='ocrx_word' id='word_1_414' title='bbox 1031 4551 1204 4606; x_wconf 86' lang='grc' dir='ltr'>ταῦτα</span> <span class='ocrx_word' id='word_1_415' title='bbox 1236 4552 1566 4622; x_wconf 82' lang='grc' dir='ltr'>ἀξιολόγως’</span> <span class='ocrx_word' id='word_1_416' title='bbox 1601 4556 1630 4606; x_wconf 87' lang='grc' dir='ltr'><strong>ὁ</strong></span> <span class='ocrx_word' id='word_1_417' title='bbox 1680 4553 1738 4607; x_wconf 83' lang='grc' dir='ltr'>δὲ</span> <span class='ocrx_word' id='word_1_418' title='bbox 1777 4555 1842 4624; x_wconf 82' lang='grc' dir='ltr'><strong>δή</strong></span> 
     </span>
    </p>
   </div>
   <div class='ocr_carea' id='block_1_74' title="bbox 246 4645 1844 4718">
    <p class='ocr_par' dir='ltr' id='par_1_74' title="bbox 246 4645 1844 4718">
     <span class='ocr_line' id='line_1_75' title="bbox 246 4645 1844 4718; baseline -0.003 -15"><span class='ocrx_word' id='word_1_419' title='bbox 246 4650 453 4704; x_wconf 73' lang='grc' dir='ltr'>τούτου</span> <span class='ocrx_word' id='word_1_420' title='bbox 482 4649 578 4701; x_wconf 86' lang='grc' dir='ltr'><strong>τοῦ</strong></span> <span class='ocrx_word' id='word_1_421' title='bbox 607 4649 776 4718; x_wconf 87' lang='grc' dir='ltr'>λήρου</span> <span class='ocrx_word' id='word_1_422' title='bbox 806 4645 1093 4715; x_wconf 82' lang='grc' dir='ltr'>ὑφηγητὴς</span> <span class='ocrx_word' id='word_1_423' title='bbox 1118 4645 1469 4715; x_wconf 84' lang='grc' dir='ltr'>γράμματος,</span> <span class='ocrx_word' id='word_1_424' title='bbox 1513 4646 1622 4698; x_wconf 80' lang='grc' dir='ltr'>οὐδ’</span> <span class='ocrx_word' id='word_1_425' title='bbox 1652 4645 1844 4699; x_wconf 74' lang='grc' dir='ltr'>ὁποτέ-</span> 
     </span>
    </p>
   </div>
   <div class='ocr_carea' id='block_1_75' title="bbox 251 4732 1842 4812">
    <p class='ocr_par' dir='ltr' id='par_1_75' title="bbox 251 4732 1842 4812">
     <span class='ocr_line' id='line_1_76' title="bbox 251 4732 1842 4812; baseline -0.002 -21"><span class='ocrx_word' id='word_1_426' title='bbox 251 4756 364 4812; x_wconf 83' lang='grc' dir='ltr'><strong>ρας</strong></span> <span class='ocrx_word' id='word_1_427' title='bbox 403 4738 640 4800; x_wconf 80' lang='grc' dir='ltr'>εὐκλεῶς</span> <span class='ocrx_word' id='word_1_428' title='bbox 669 4737 1002 4806; x_wconf 80' lang='grc' dir='ltr'>εὐμοιρήσας</span> <span class='ocrx_word' id='word_1_429' title='bbox 1054 4734 1158 4787; x_wconf 71' lang='grc' dir='ltr'><strong>κᾶν</strong></span> <span class='ocrx_word' id='word_1_430' title='bbox 1194 4737 1488 4805; x_wconf 82' lang='grc' dir='ltr'>προγραφῇ</span> <span class='ocrx_word' id='word_1_431' title='bbox 1517 4732 1842 4800; x_wconf 79' lang='grc' dir='ltr'>κατατάξαι,</span> 
     </span>
    </p>
   </div>
   <div class='ocr_carea' id='block_1_76' title="bbox 248 4824 1841 4902">
    <p class='ocr_par' dir='ltr' id='par_1_76' title="bbox 248 4824 1841 4902">
     <span class='ocr_line' id='line_1_77' title="bbox 248 4824 1841 4902; baseline -0.003 -19"><span class='ocrx_word' id='word_1_432' title='bbox 248 4831 290 4902; x_wconf 78' lang='grc' dir='ltr'>ἢ</span> <span class='ocrx_word' id='word_1_433' title='bbox 326 4831 423 4884; x_wconf 75' lang='grc' dir='ltr'>καὶ</span> <span class='ocrx_word' id='word_1_434' title='bbox 449 4827 788 4900; x_wconf 76' lang='grc' dir='ltr'>βατταρίζων</span> <span class='ocrx_word' id='word_1_435' title='bbox 822 4843 936 4890; x_wconf 88' lang='grc' dir='ltr'><strong>πως</strong></span> <span class='ocrx_word' id='word_1_436' title='bbox 963 4824 1294 4896; x_wconf 81' lang='grc' dir='ltr'>περιηνέχθη</span> <span class='ocrx_word' id='word_1_437' title='bbox 1316 4828 1394 4888; x_wconf 78' lang='grc' dir='ltr'>εἰς</span> <span class='ocrx_word' id='word_1_438' title='bbox 1420 4826 1520 4896; x_wconf 83' lang='grc' dir='ltr'>μὲν</span> <span class='ocrx_word' id='word_1_439' title='bbox 1541 4825 1841 4893; x_wconf 78' lang='grc' dir='ltr'>θεολογίαν,</span> 
     </span>
    </p>
   </div>
   <div class='ocr_carea' id='block_1_77' title="bbox 247 4916 1840 4990">
    <p class='ocr_par' dir='ltr' id='par_1_77' title="bbox 247 4916 1840 4990">
     <span class='ocr_line' id='line_1_78' title="bbox 247 4916 1840 4990; baseline -0.003 -16"><span class='ocrx_word' id='word_1_440' title='bbox 247 4917 674 4990; x_wconf 59' lang='grc' dir='ltr'>ταύηνίέῥρηξε</span> <span class='ocrx_word' id='word_1_441' title='bbox 694 4917 917 4987; x_wconf 77' lang='grc' dir='ltr'>(ί5)τὴν</span> <span class='ocrx_word' id='word_1_442' title='bbox 936 4916 1093 4970; x_wconf 79' lang='grc' dir='ltr'>ἄθεον</span> <span class='ocrx_word' id='word_1_443' title='bbox 1105 4917 1309 4986; x_wconf 82' lang='grc' dir='ltr'>φωνὴν,</span> <span class='ocrx_word' id='word_1_444' title='bbox 1323 4917 1405 4970; x_wconf 85' lang='grc' dir='ltr'>ὅτι</span> <span class='ocrx_word' id='word_1_445' title='bbox 1423 4917 1711 4987; x_wconf 75' lang='grc' dir='ltr'>σφαιρικόν</span> <span class='ocrx_word' id='word_1_446' title='bbox 1725 4919 1840 4971; x_wconf 84' lang='grc' dir='ltr'>ἐστι</span> 
     </span>
    </p>
   </div>
   <div class='ocr_carea' id='block_1_78' title="bbox 328 5143 1844 5219">
    <p class='ocr_par' dir='ltr' id='par_1_78' title="bbox 328 5143 1844 5219">
     <span class='ocr_line' id='line_1_79' title="bbox 328 5143 1844 5219; baseline 0.003 -20"><span class='ocrx_word' id='word_1_447' title='bbox 328 5143 442 5219; x_wconf 79' lang='lat' dir='ltr'><strong>(l0)</strong></span> <span class='ocrx_word' id='word_1_448' title='bbox 481 5144 590 5199; x_wconf 84' lang='lat' dir='ltr'><strong>Res</strong></span> <span class='ocrx_word' id='word_1_449' title='bbox 615 5149 732 5201; x_wconf 66' lang='lat' dir='ltr'><strong>haec</strong></span> <span class='ocrx_word' id='word_1_450' title='bbox 759 5161 886 5200; x_wconf 88' lang='lat' dir='ltr'><strong>eum</strong></span> <span class='ocrx_word' id='word_1_451' title='bbox 915 5161 1010 5215; x_wconf 90' lang='lat' dir='ltr'><strong>per</strong></span> <span class='ocrx_word' id='word_1_452' title='bbox 1033 5160 1093 5200; x_wconf 91' lang='lat' dir='ltr'><strong>se</strong></span> <span class='ocrx_word' id='word_1_453' title='bbox 1124 5154 1272 5219; x_wconf 78' lang='lat' dir='ltr'><strong>patet</strong></span> <span class='ocrx_word' id='word_1_454' title='bbox 1296 5146 1844 5219; x_wconf 77' lang='lat' dir='ltr'><strong>Alcoranum__legen-</strong></span> 
     </span>
    </p>
   </div>
   <div class='ocr_carea' id='block_1_79' title="bbox 251 5215 1836 5286">
    <p class='ocr_par' dir='ltr' id='par_1_79' title="bbox 251 5215 1836 5286">
     <span class='ocr_line' id='line_1_80' title="bbox 251 5215 1836 5286; baseline 0.004 -18"><span class='ocrx_word' id='word_1_455' title='bbox 251 5215 428 5286; x_wconf 74' lang='lat' dir='ltr'><strong>tibus,</strong></span> <span class='ocrx_word' id='word_1_456' title='bbox 478 5224 593 5286; x_wconf 75' lang='grc' dir='ltr'>ιιιιιι</span> <span class='ocrx_word' id='word_1_457' title='bbox 637 5219 802 5270; x_wconf 89' lang='lat' dir='ltr'><strong>etiam</strong></span> <span class='ocrx_word' id='word_1_458' title='bbox 845 5215 1299 5270; x_wconf 80' lang='lat' dir='ltr'><strong>animadvertitur</strong></span> <span class='ocrx_word' id='word_1_459' title='bbox 1346 5218 1410 5271; x_wconf 86' lang='lat' dir='ltr'><strong>ad</strong></span> <span class='ocrx_word' id='word_1_460' title='bbox 1459 5233 1574 5270; x_wconf 88' lang='lat' dir='ltr'><strong>sur.</strong></span> <span class='ocrx_word' id='word_1_461' title='bbox 1619 5215 1739 5283; x_wconf 63' lang='lat' dir='ltr'><strong>XII;</strong></span> <span class='ocrx_word' id='word_1_462' title='bbox 1783 5235 1836 5286; x_wconf 88' lang='lat' dir='ltr'><strong>p.</strong></span> 
     </span>
    </p>
   </div>
   <div class='ocr_carea' id='block_1_80' title="bbox 251 5283 1840 5358">
    <p class='ocr_par' dir='ltr' id='par_1_80' title="bbox 251 5283 1840 5358">
     <span class='ocr_line' id='line_1_81' title="bbox 251 5283 1840 5358; baseline 0.002 -18"><span class='ocrx_word' id='word_1_463' title='bbox 251 5284 389 5358; x_wconf 75' lang='lat'><strong>560,</strong></span> <span class='ocrx_word' id='word_1_464' title='bbox 423 5285 513 5358; x_wconf 89' lang='lat' dir='ltr'><strong>u_bi</strong></span> <span class='ocrx_word' id='word_1_465' title='bbox 545 5283 848 5341; x_wconf 83' lang='lat' dir='ltr'><strong>Maraccius</strong></span> <span class='ocrx_word' id='word_1_466' title='bbox 875 5288 1148 5358; x_wconf 77' lang='lat' dir='ltr'><strong>observat,</strong></span> <span class='ocrx_word' id='word_1_467' title='bbox 1188 5287 1346 5340; x_wconf 85' lang='lat' dir='ltr'><strong>titulo</strong></span> <span class='ocrx_word' id='word_1_468' title='bbox 1371 5286 1492 5355; x_wconf 86' lang='lat' dir='ltr'><strong>ejus</strong></span> <span class='ocrx_word' id='word_1_469' title='bbox 1524 5302 1690 5353; x_wconf 64' lang='lat' dir='ltr'><strong>surae,</strong></span> <span class='ocrx_word' id='word_1_470' title='bbox 1719 5283 1840 5358; x_wconf 50' lang='lat' dir='ltr'><strong>quie</strong></span> 
     </span>
    </p>
   </div>
   <div class='ocr_carea' id='block_1_81' title="bbox 251 5354 1840 5429">
    <p class='ocr_par' dir='ltr' id='par_1_81' title="bbox 251 5354 1840 5429">
     <span class='ocr_line' id='line_1_82' title="bbox 251 5354 1840 5429; baseline 0.003 -20"><span class='ocrx_word' id='word_1_471' title='bbox 251 5364 342 5429; x_wconf 85' lang='lat' dir='ltr'><strong>est</strong></span> <span class='ocrx_word' id='word_1_472' title='bbox 363 5356 427 5429; x_wconf 77' lang='lat' dir='ltr'><strong>de</strong></span> <span class='ocrx_word' id='word_1_473' title='bbox 441 5354 708 5429; x_wconf 59' lang='lat' dir='ltr'><strong>Josepho,</strong></span> <span class='ocrx_word' id='word_1_474' title='bbox 729 5357 1055 5429; x_wconf 83' lang='lat' dir='ltr'><strong>respondere</strong></span> <span class='ocrx_word' id='word_1_475' title='bbox 1075 5354 1476 5429; x_wconf 61' lang='lat' dir='ltr'><strong>argumentum</strong></span> <span class='ocrx_word' id='word_1_476' title='bbox 1490 5372 1647 5429; x_wconf 83' lang='lat' dir='ltr'><strong>suum</strong></span> <span class='ocrx_word' id='word_1_477' title='bbox 1668 5376 1682 5424; x_wconf 90' lang='lat'><strong>;</strong></span> <span class='ocrx_word' id='word_1_478' title='bbox 1702 5354 1840 5429; x_wconf 78' lang='lat' dir='ltr'><strong>quod</strong></span> 
     </span>
    </p>
   </div>
   <div class='ocr_carea' id='block_1_82' title="bbox 252 5425 1840 5496">
    <p class='ocr_par' dir='ltr' id='par_1_82' title="bbox 252 5425 1840 5496">
     <span class='ocr_line' id='line_1_83' title="bbox 252 5425 1840 5496; baseline 0.003 -18"><span class='ocrx_word' id='word_1_479' title='bbox 252 5427 364 5485; x_wconf 69' lang='lat' dir='ltr'><strong>vix.</strong></span> <span class='ocrx_word' id='word_1_480' title='bbox 400 5425 743 5496; x_wconf 49' lang='lat' dir='ltr'><strong>inquitLalia</strong></span> <span class='ocrx_word' id='word_1_481' title='bbox 781 5427 890 5479; x_wconf 86' lang='lat' dir='ltr'><strong>ulla</strong></span> <span class='ocrx_word' id='word_1_482' title='bbox 918 5427 972 5478; x_wconf 86' lang='lat' dir='ltr'><strong>in</strong></span> <span class='ocrx_word' id='word_1_483' title='bbox 1005 5425 1409 5495; x_wconf 47' lang='lat' dir='ltr'><strong>sura—reperias.</strong></span> <span class='ocrx_word' id='word_1_484' title='bbox 1434 5425 1573 5482; x_wconf 89' lang='lat' dir='ltr'><strong>Tum</strong></span> <span class='ocrx_word' id='word_1_485' title='bbox 1602 5425 1742 5484; x_wconf 83' lang='lat' dir='ltr'><strong>idem</strong></span> <span class='ocrx_word' id='word_1_486' title='bbox 1774 5431 1840 5484; x_wconf 88' lang='lat' dir='ltr'><strong>ad</strong></span> 
     </span>
    </p>
   </div>
   <div class='ocr_carea' id='block_1_83' title="bbox 253 5494 1838 5565">
    <p class='ocr_par' dir='ltr' id='par_1_83' title="bbox 253 5494 1838 5565">
     <span class='ocr_line' id='line_1_84' title="bbox 253 5494 1838 5565; baseline 0.001 -15"><span class='ocrx_word' id='word_1_487' title='bbox 253 5511 444 5550; x_wconf 86' lang='lat' dir='ltr'><strong>suram</strong></span> <span class='ocrx_word' id='word_1_488' title='bbox 478 5494 673 5557; x_wconf 75' lang='lat' dir='ltr'><strong>XXIX,</strong></span> <span class='ocrx_word' id='word_1_489' title='bbox 704 5512 754 5565; x_wconf 92' lang='lat' dir='ltr'><strong>p.</strong></span> <span class='ocrx_word' id='word_1_490' title='bbox 799 5497 925 5558; x_wconf 77' lang='grc'><strong>555,</strong></span> <span class='ocrx_word' id='word_1_491' title='bbox 959 5494 1285 5563; x_wconf 85' lang='lat' dir='ltr'><strong>reprehensa</strong></span> <span class='ocrx_word' id='word_1_492' title='bbox 1319 5499 1511 5550; x_wconf 86' lang='lat' dir='ltr'><strong>iterum</strong></span> <span class='ocrx_word' id='word_1_493' title='bbox 1559 5499 1838 5554; x_wconf 85' lang='lat' dir='ltr'><strong>titulorum</strong></span> 
     </span>
    </p>
   </div>
   <div class='ocr_carea' id='block_1_84' title="bbox 253 5566 1841 5634">
    <p class='ocr_par' dir='ltr' id='par_1_84' title="bbox 253 5566 1841 5634">
     <span class='ocr_line' id='line_1_85' title="bbox 253 5566 1841 5634; baseline 0.001 -14"><span class='ocrx_word' id='word_1_494' title='bbox 253 5567 326 5620; x_wconf 84' lang='lat' dir='ltr'><strong>ab</strong></span> <span class='ocrx_word' id='word_1_495' title='bbox 356 5567 695 5634; x_wconf 76' lang='lat' dir='ltr'><strong>argumentis</strong></span> <span class='ocrx_word' id='word_1_496' title='bbox 732 5567 1088 5630; x_wconf 81' lang='lat' dir='ltr'><strong>dissonantia,</strong></span> <span class='ocrx_word' id='word_1_497' title='bbox 1129 5570 1244 5620; x_wconf 87' lang='lat' dir='ltr'><strong>ait:</strong></span> <span class='ocrx_word' id='word_1_498' title='bbox 1298 5566 1608 5621; x_wconf 72' lang='lat' dir='ltr'><strong>Excusandi</strong></span> <span class='ocrx_word' id='word_1_499' title='bbox 1645 5569 1841 5622; x_wconf 82' lang='lat' dir='ltr'><strong>nihila-</strong></span> 
     </span>
    </p>
   </div>
   <div class='ocr_carea' id='block_1_85' title="bbox 254 5635 1839 5706">
    <p class='ocr_par' dir='ltr' id='par_1_85' title="bbox 254 5635 1839 5706">
     <span class='ocr_line' id='line_1_86' title="bbox 254 5635 1839 5706; baseline 0.003 -18"><span class='ocrx_word' id='word_1_500' title='bbox 254 5637 430 5691; x_wconf 77' lang='lat' dir='ltr'><strong>miutu</strong></span> <span class='ocrx_word' id='word_1_501' title='bbox 457 5643 582 5690; x_wconf 79' lang='lat' dir='ltr'><strong>sunt</strong></span> <span class='ocrx_word' id='word_1_502' title='bbox 617 5635 879 5701; x_wconf 78' lang='lat' dir='ltr'><strong>Moslemi,</strong></span> <span class='ocrx_word' id='word_1_503' title='bbox 900 5637 1026 5705; x_wconf 82' lang='lat' dir='ltr'><strong>quia</strong></span> <span class='ocrx_word' id='word_1_504' title='bbox 1047 5653 1161 5689; x_wconf 88' lang='lat' dir='ltr'><strong>cum</strong></span> <span class='ocrx_word' id='word_1_505' title='bbox 1181 5636 1358 5690; x_wconf 80' lang='lat' dir='ltr'><strong>nullas</strong></span> <span class='ocrx_word' id='word_1_506' title='bbox 1371 5653 1528 5706; x_wconf 82' lang='lat' dir='ltr'><strong>prope</strong></span> <span class='ocrx_word' id='word_1_507' title='bbox 1555 5641 1839 5693; x_wconf 66' lang='lat' dir='ltr'><strong>versiculus</strong></span> 
     </span>
    </p>
   </div>
   <div class='ocr_carea' id='block_1_86' title="bbox 253 5706 1838 5775">
    <p class='ocr_par' dir='ltr' id='par_1_86' title="bbox 253 5706 1838 5775">
     <span class='ocr_line' id='line_1_87' title="bbox 253 5706 1838 5775; baseline 0.002 -16"><span class='ocrx_word' id='word_1_508' title='bbox 253 5723 378 5759; x_wconf 80' lang='lat' dir='ltr'><strong>cum</strong></span> <span class='ocrx_word' id='word_1_509' title='bbox 420 5707 528 5760; x_wconf 75' lang='lat' dir='ltr'><strong>alio</strong></span> <span class='ocrx_word' id='word_1_510' title='bbox 577 5706 862 5770; x_wconf 76' lang='lat' dir='ltr'><strong>coalescat,</strong></span> <span class='ocrx_word' id='word_1_511' title='bbox 905 5708 1232 5774; x_wconf 77' lang='lat' dir='ltr'><strong>impossibile</strong></span> <span class='ocrx_word' id='word_1_512' title='bbox 1275 5723 1491 5775; x_wconf 69' lang='lat' dir='ltr'><strong>prorsus</strong></span> <span class='ocrx_word' id='word_1_513' title='bbox 1531 5721 1642 5762; x_wconf 89' lang='lat' dir='ltr'><strong>erat</strong></span> <span class='ocrx_word' id='word_1_514' title='bbox 1678 5710 1838 5762; x_wconf 80' lang='lat' dir='ltr'><strong>alicui</strong></span> 
     </span>
    </p>
   </div>
   <div class='ocr_carea' id='block_1_87' title="bbox 252 5777 1839 5848">
    <p class='ocr_par' dir='ltr' id='par_1_87' title="bbox 252 5777 1839 5848">
     <span class='ocr_line' id='line_1_88' title="bbox 252 5777 1839 5848; baseline 0.004 -20"><span class='ocrx_word' id='word_1_515' title='bbox 252 5792 396 5848; x_wconf 63' lang='lat' dir='ltr'><strong>sura:</strong></span> <span class='ocrx_word' id='word_1_516' title='bbox 416 5785 785 5848; x_wconf 79' lang='lat' dir='ltr'><strong>argumentum</strong></span> <span class='ocrx_word' id='word_1_517' title='bbox 796 5779 1103 5831; x_wconf 78' lang='lat' dir='ltr'><strong>conveniens</strong></span> <span class='ocrx_word' id='word_1_518' title='bbox 1120 5789 1167 5832; x_wconf 85' lang='lat' dir='ltr'><strong>et</strong></span> <span class='ocrx_word' id='word_1_519' title='bbox 1192 5777 1530 5847; x_wconf 79' lang='lat' dir='ltr'><strong>udwquatum</strong></span> <span class='ocrx_word' id='word_1_520' title='bbox 1549 5781 1839 5848; x_wconf 68' lang='lat' dir='ltr'><strong>prta/igere.</strong></span> 
     </span>
    </p>
   </div>
   <div class='ocr_carea' id='block_1_88' title="bbox 253 5847 1847 5918">
    <p class='ocr_par' dir='ltr' id='par_1_88' title="bbox 253 5847 1847 5918">
     <span class='ocr_line' id='line_1_89' title="bbox 253 5847 1847 5918; baseline 0.002 -15"><span class='ocrx_word' id='word_1_521' title='bbox 253 5847 494 5903; x_wconf 86' lang='lat' dir='ltr'><strong>Prorsus</strong></span> <span class='ocrx_word' id='word_1_522' title='bbox 522 5847 625 5903; x_wconf 85' lang='lat' dir='ltr'><strong>hac</strong></span> <span class='ocrx_word' id='word_1_523' title='bbox 648 5847 936 5903; x_wconf 83' lang='lat' dir='ltr'><strong>barbarica</strong></span> <span class='ocrx_word' id='word_1_524' title='bbox 958 5848 1212 5904; x_wconf 83' lang='lat' dir='ltr'><strong>Alcoraui</strong></span> <span class='ocrx_word' id='word_1_525' title='bbox 1239 5849 1509 5918; x_wconf 77' lang='lat' dir='ltr'><strong>farragine</strong></span> <span class='ocrx_word' id='word_1_526' title='bbox 1535 5847 1847 5906; x_wconf 65' lang='lat' dir='ltr'><strong>uullzesuut</strong></span> 
     </span>
    </p>
   </div>
   <div class='ocr_carea' id='block_1_89' title="bbox 1956 617 3554 689">
    <p class='ocr_par' dir='ltr' id='par_1_89' title="bbox 1956 617 3554 689">
     <span class='ocr_line' id='line_1_90' title="bbox 1956 617 3554 689; baseline 0.006 -21"><span class='ocrx_word' id='word_1_527' title='bbox 1956 617 2168 686; x_wconf 75' lang='lat' dir='ltr'><strong>gat-ium</strong></span> <span class='ocrx_word' id='word_1_528' title='bbox 2194 627 2249 671; x_wconf 91' lang='lat' dir='ltr'><strong>et</strong></span> <span class='ocrx_word' id='word_1_529' title='bbox 2263 618 2390 672; x_wconf 88' lang='lat' dir='ltr'><strong>alibi</strong></span> <span class='ocrx_word' id='word_1_530' title='bbox 2413 620 2747 674; x_wconf 80' lang='lat' dir='ltr'><strong>exstantium</strong></span> <span class='ocrx_word' id='word_1_531' title='bbox 2765 620 3093 689; x_wconf 88' lang='lat' dir='ltr'><strong>scriptorum</strong></span> <span class='ocrx_word' id='word_1_532' title='bbox 3111 624 3306 677; x_wconf 88' lang='lat' dir='ltr'><strong>seriem</strong></span> <span class='ocrx_word' id='word_1_533' title='bbox 3331 633 3516 678; x_wconf 79' lang='lat' dir='ltr'><strong>servat</strong></span> <span class='ocrx_word' id='word_1_534' title='bbox 3539 655 3554 689; x_wconf 70' lang='grc' dir='ltr'>ε</span> 
     </span>
    </p>
   </div>
   <div class='ocr_carea' id='block_1_90' title="bbox 1939 711 3553 784">
    <p class='ocr_par' dir='ltr' id='par_1_90' title="bbox 1939 711 3553 784">
     <span class='ocr_line' id='line_1_91' title="bbox 1939 711 3553 784; baseline 0.004 -24"><span class='ocrx_word' id='word_1_535' title='bbox 1939 723 2082 763; x_wconf 76' lang='lat' dir='ltr'><strong>.nam</strong></span> <span class='ocrx_word' id='word_1_536' title='bbox 2127 725 2304 778; x_wconf 88' lang='lat' dir='ltr'><strong>neque</strong></span> <span class='ocrx_word' id='word_1_537' title='bbox 2349 711 2583 778; x_wconf 85' lang='lat' dir='ltr'><strong>speciem</strong></span> <span class='ocrx_word' id='word_1_538' title='bbox 2633 712 2936 779; x_wconf 85' lang='lat' dir='ltr'><strong>prophetici</strong></span> <span class='ocrx_word' id='word_1_539' title='bbox 2980 714 3255 768; x_wconf 86' lang='lat' dir='ltr'><strong>sermonis</strong></span> <span class='ocrx_word' id='word_1_540' title='bbox 3307 715 3553 784; x_wconf 58' lang='lat' dir='ltr'><strong>praebet,</strong></span> 
     </span>
    </p>
   </div>
   <div class='ocr_carea' id='block_1_91' title="bbox 1961 799 3553 877">
    <p class='ocr_par' dir='ltr' id='par_1_91' title="bbox 1961 799 3553 877">
     <span class='ocr_line' id='line_1_92' title="bbox 1961 799 3553 877; baseline 0.004 -27"><span class='ocrx_word' id='word_1_541' title='bbox 1961 812 2140 866; x_wconf 90' lang='lat' dir='ltr'><strong>neque</strong></span> <span class='ocrx_word' id='word_1_542' title='bbox 2187 799 2459 862; x_wconf 88' lang='lat' dir='ltr'><strong>historici,</strong></span> <span class='ocrx_word' id='word_1_543' title='bbox 2505 816 2683 870; x_wconf 83' lang='lat' dir='ltr'><strong>neque</strong></span> <span class='ocrx_word' id='word_1_544' title='bbox 2728 803 2978 871; x_wconf 79' lang='lat' dir='ltr'><strong>legiferi,</strong></span> <span class='ocrx_word' id='word_1_545' title='bbox 3020 820 3200 873; x_wconf 89' lang='lat' dir='ltr'><strong>neque</strong></span> <span class='ocrx_word' id='word_1_546' title='bbox 3239 807 3553 877; x_wconf 82' lang='lat' dir='ltr'><strong>theologici,</strong></span> 
     </span>
    </p>
   </div>
   <div class='ocr_carea' id='block_1_92' title="bbox 1961 891 3555 962">
    <p class='ocr_par' dir='ltr' id='par_1_92' title="bbox 1961 891 3555 962">
     <span class='ocr_line' id='line_1_93' title="bbox 1961 891 3555 962; baseline 0.006 -20"><span class='ocrx_word' id='word_1_547' title='bbox 1961 905 2138 957; x_wconf 90' lang='lat' dir='ltr'><strong>neque</strong></span> <span class='ocrx_word' id='word_1_548' title='bbox 2173 891 2570 960; x_wconf 88' lang='lat' dir='ltr'><strong>cujuscemodi,</strong></span> <span class='ocrx_word' id='word_1_549' title='bbox 2601 903 2872 962; x_wconf 86' lang='lat' dir='ltr'><strong>quotquot</strong></span> <span class='ocrx_word' id='word_1_550' title='bbox 2902 896 3114 950; x_wconf 89' lang='lat' dir='ltr'><strong>scilicet</strong></span> <span class='ocrx_word' id='word_1_551' title='bbox 3143 912 3172 950; x_wconf 92' lang='lat' dir='ltr'><strong>a</strong></span> <span class='ocrx_word' id='word_1_552' title='bbox 3209 911 3340 950; x_wconf 87' lang='lat' dir='ltr'><strong>sana</strong></span> <span class='ocrx_word' id='word_1_553' title='bbox 3368 907 3555 952; x_wconf 88' lang='lat' dir='ltr'><strong>mente</strong></span> 
     </span>
    </p>
   </div>
   <div class='ocr_carea' id='block_1_93' title="bbox 1962 982 3552 1058">
    <p class='ocr_par' dir='ltr' id='par_1_93' title="bbox 1962 982 3552 1058">
     <span class='ocr_line' id='line_1_94' title="bbox 1962 982 3552 1058; baseline 0.006 -25"><span class='ocrx_word' id='word_1_554' title='bbox 1962 982 2265 1048; x_wconf 90' lang='lat' dir='ltr'><strong>procedunt</strong></span> <span class='ocrx_word' id='word_1_555' title='bbox 2296 999 2310 1048; x_wconf 92' lang='lat'><strong>;</strong></span> <span class='ocrx_word' id='word_1_556' title='bbox 2350 983 2442 1036; x_wconf 89' lang='lat' dir='ltr'><strong>sed</strong></span> <span class='ocrx_word' id='word_1_557' title='bbox 2482 984 2682 1053; x_wconf 86' lang='lat' dir='ltr'><strong>ubique</strong></span> <span class='ocrx_word' id='word_1_558' title='bbox 2715 987 3022 1040; x_wconf 89' lang='lat' dir='ltr'><strong>inornatam</strong></span> <span class='ocrx_word' id='word_1_559' title='bbox 3056 988 3217 1042; x_wconf 84' lang='lat' dir='ltr'><strong>habet</strong></span> <span class='ocrx_word' id='word_1_560' title='bbox 3252 999 3307 1042; x_wconf 84' lang='lat' dir='ltr'><strong>et</strong></span> <span class='ocrx_word' id='word_1_561' title='bbox 3329 998 3552 1058; x_wconf 89' lang='lat' dir='ltr'><strong>pertur-</strong></span> 
     </span>
    </p>
   </div>
   <div class='ocr_carea' id='block_1_94' title="bbox 1963 1071 3552 1149">
    <p class='ocr_par' dir='ltr' id='par_1_94' title="bbox 1963 1071 3552 1149">
     <span class='ocr_line' id='line_1_95' title="bbox 1963 1071 3552 1149; baseline 0.006 -24"><span class='ocrx_word' id='word_1_562' title='bbox 1963 1071 2143 1125; x_wconf 85' lang='lat' dir='ltr'><strong>batam</strong></span> <span class='ocrx_word' id='word_1_563' title='bbox 2185 1088 2411 1141; x_wconf 83' lang='lat' dir='ltr'><strong>prorsus</strong></span> <span class='ocrx_word' id='word_1_564' title='bbox 2441 1076 2892 1144; x_wconf 89' lang='lat' dir='ltr'><strong>compositionem</strong></span> <span class='ocrx_word' id='word_1_565' title='bbox 2923 1093 2938 1143; x_wconf 87' lang='lat'>;</span> <span class='ocrx_word' id='word_1_566' title='bbox 2967 1089 3020 1131; x_wconf 93' lang='lat' dir='ltr'><strong>et</strong></span> <span class='ocrx_word' id='word_1_567' title='bbox 3050 1094 3116 1133; x_wconf 93' lang='lat' dir='ltr'><strong>ne</strong></span> <span class='ocrx_word' id='word_1_568' title='bbox 3152 1079 3301 1148; x_wconf 89' lang='lat' dir='ltr'><strong>ipsos</strong></span> <span class='ocrx_word' id='word_1_569' title='bbox 3330 1081 3552 1149; x_wconf 84' lang='lat' dir='ltr'><strong>quidem</strong></span> 
     </span>
    </p>
   </div>
   <div class='ocr_carea' id='block_1_95' title="bbox 1961 1162 3557 1236">
    <p class='ocr_par' dir='ltr' id='par_1_95' title="bbox 1961 1162 3557 1236">
     <span class='ocr_line' id='line_1_96' title="bbox 1961 1162 3557 1236; baseline 0.008 -22"><span class='ocrx_word' id='word_1_570' title='bbox 1961 1162 2283 1232; x_wconf 69' lang='lat' dir='ltr'><strong>praepositos</strong></span> <span class='ocrx_word' id='word_1_571' title='bbox 2313 1164 2500 1220; x_wconf 91' lang='lat' dir='ltr'><strong>titulos</strong></span> <span class='ocrx_word' id='word_1_572' title='bbox 2539 1166 2798 1236; x_wconf 66' lang='lat' dir='ltr'><strong>subjectae</strong></span> <span class='ocrx_word' id='word_1_573' title='bbox 2827 1169 3062 1222; x_wconf 88' lang='lat' dir='ltr'><strong>orationi</strong></span> <span class='ocrx_word' id='word_1_574' title='bbox 3095 1169 3412 1226; x_wconf 79' lang='lat' dir='ltr'><strong>conformes</strong></span> <span class='ocrx_word' id='word_1_575' title='bbox 3457 1173 3557 1226; x_wconf 91' lang='lat' dir='ltr'><strong>ad-</strong></span> 
     </span>
    </p>
   </div>
   <div class='ocr_carea' id='block_1_96' title="bbox 1963 1250 3556 1334">
    <p class='ocr_par' dir='ltr' id='par_1_96' title="bbox 1963 1250 3556 1334">
     <span class='ocr_line' id='line_1_97' title="bbox 1963 1250 3556 1334; baseline 0.009 -30"><span class='ocrx_word' id='word_1_576' title='bbox 1963 1250 2131 1304; x_wconf 91' lang='lat' dir='ltr'><strong>hibet.</strong></span> <span class='ocrx_word' id='word_1_577' title='bbox 2175 1252 2230 1306; x_wconf 87' lang='lat' dir='ltr'><strong>Si</strong></span> <span class='ocrx_word' id='word_1_578' title='bbox 2259 1269 2389 1323; x_wconf 76' lang='lat' dir='ltr'><strong>ergo</strong></span> <span class='ocrx_word' id='word_1_579' title='bbox 2418 1255 2470 1308; x_wconf 91' lang='lat' dir='ltr'><strong>in</strong></span> <span class='ocrx_word' id='word_1_580' title='bbox 2502 1272 2561 1310; x_wconf 90' lang='lat' dir='ltr'><strong>re</strong></span> <span class='ocrx_word' id='word_1_581' title='bbox 2583 1296 2597 1318; x_wconf 88' lang='lat'><strong>,</strong></span> <span class='ocrx_word' id='word_1_582' title='bbox 2630 1273 2794 1326; x_wconf 87' lang='lat' dir='ltr'><strong>quam</strong></span> <span class='ocrx_word' id='word_1_583' title='bbox 2828 1274 3021 1314; x_wconf 91' lang='lat' dir='ltr'><strong>omnes</strong></span> <span class='ocrx_word' id='word_1_584' title='bbox 3049 1262 3296 1316; x_wconf 85' lang='lat' dir='ltr'><strong>homines</strong></span> <span class='ocrx_word' id='word_1_585' title='bbox 3339 1265 3556 1334; x_wconf 79' lang='lat' dir='ltr'><strong>egregie</strong></span> 
     </span>
    </p>
   </div>
   <div class='ocr_carea' id='block_1_97' title="bbox 1961 1346 3554 1425">
    <p class='ocr_par' dir='ltr' id='par_1_97' title="bbox 1961 1346 3554 1425">
     <span class='ocr_line' id='line_1_98' title="bbox 1961 1346 3554 1425; baseline 0.007 -26"><span class='ocrx_word' id='word_1_586' title='bbox 1961 1346 2158 1399; x_wconf 85' lang='lat' dir='ltr'><strong>callere</strong></span> <span class='ocrx_word' id='word_1_587' title='bbox 2189 1347 2458 1414; x_wconf 88' lang='lat' dir='ltr'><strong>videmus,</strong></span> <span class='ocrx_word' id='word_1_588' title='bbox 2498 1349 2848 1406; x_wconf 85' lang='lat' dir='ltr'><strong>Mohamedes</strong></span> <span class='ocrx_word' id='word_1_589' title='bbox 2889 1365 3076 1421; x_wconf 87' lang='lat' dir='ltr'><strong>peccat</strong></span> <span class='ocrx_word' id='word_1_590' title='bbox 3105 1372 3119 1420; x_wconf 89' lang='lat'><strong>;</strong></span> <span class='ocrx_word' id='word_1_591' title='bbox 3160 1360 3438 1425; x_wconf 85' lang='lat' dir='ltr'><strong>quomodo</strong></span> <span class='ocrx_word' id='word_1_592' title='bbox 3470 1359 3554 1411; x_wconf 89' lang='lat' dir='ltr'><strong>in-</strong></span> 
     </span>
    </p>
   </div>
   <div class='ocr_carea' id='block_1_98' title="bbox 1963 1438 3559 1514">
    <p class='ocr_par' dir='ltr' id='par_1_98' title="bbox 1963 1438 3559 1514">
     <span class='ocr_line' id='line_1_99' title="bbox 1963 1438 3559 1514; baseline 0.008 -24"><span class='ocrx_word' id='word_1_593' title='bbox 1963 1438 2226 1492; x_wconf 72' lang='lat' dir='ltr'><strong>solentem</strong></span> <span class='ocrx_word' id='word_1_594' title='bbox 2257 1439 2422 1502; x_wconf 87' lang='lat' dir='ltr'><strong>illam,</strong></span> <span class='ocrx_word' id='word_1_595' title='bbox 2457 1450 2509 1496; x_wconf 89' lang='lat' dir='ltr'><strong>et</strong></span> <span class='ocrx_word' id='word_1_596' title='bbox 2531 1459 2652 1510; x_wconf 71' lang='lat' dir='ltr'><strong>quae</strong></span> <span class='ocrx_word' id='word_1_597' title='bbox 2682 1459 2846 1514; x_wconf 90' lang='lat' dir='ltr'><strong>supra</strong></span> <span class='ocrx_word' id='word_1_598' title='bbox 2878 1445 3154 1500; x_wconf 91' lang='lat' dir='ltr'><strong>hominem</strong></span> <span class='ocrx_word' id='word_1_599' title='bbox 3183 1449 3370 1502; x_wconf 79' lang='lat' dir='ltr'><strong>extolli</strong></span> <span class='ocrx_word' id='word_1_600' title='bbox 3406 1450 3559 1503; x_wconf 86' lang='lat' dir='ltr'><strong>vide-</strong></span> 
     </span>
    </p>
   </div>
   <div class='ocr_carea' id='block_1_99' title="bbox 1965 1532 3556 1607">
    <p class='ocr_par' dir='ltr' id='par_1_99' title="bbox 1965 1532 3556 1607">
     <span class='ocr_line' id='line_1_100' title="bbox 1965 1532 3556 1607; baseline 0.008 -25"><span class='ocrx_word' id='word_1_601' title='bbox 1965 1541 2070 1595; x_wconf 89' lang='lat' dir='ltr'><strong>tur,</strong></span> <span class='ocrx_word' id='word_1_602' title='bbox 2121 1532 2432 1600; x_wconf 87' lang='lat' dir='ltr'><strong>opinionem</strong></span> <span class='ocrx_word' id='word_1_603' title='bbox 2459 1543 2730 1589; x_wconf 87' lang='lat' dir='ltr'><strong>ostentare</strong></span> <span class='ocrx_word' id='word_1_604' title='bbox 2755 1538 2970 1603; x_wconf 86' lang='lat' dir='ltr'><strong>poterit,</strong></span> <span class='ocrx_word' id='word_1_605' title='bbox 2999 1538 3146 1607; x_wconf 80' lang='lat' dir='ltr'><strong>quod</strong></span> <span class='ocrx_word' id='word_1_606' title='bbox 3171 1539 3238 1593; x_wconf 92' lang='lat' dir='ltr'><strong>de</strong></span> <span class='ocrx_word' id='word_1_607' title='bbox 3261 1541 3428 1605; x_wconf 67' lang='lat' dir='ltr'><strong>caelo,</strong></span> <span class='ocrx_word' id='word_1_608' title='bbox 3466 1541 3556 1594; x_wconf 91' lang='lat' dir='ltr'><strong>in-</strong></span> 
     </span>
    </p>
   </div>
   <div class='ocr_carea' id='block_1_100' title="bbox 1962 1622 3561 1699">
    <p class='ocr_par' dir='ltr' id='par_1_100' title="bbox 1962 1622 3561 1699">
     <span class='ocr_line' id='line_1_101' title="bbox 1962 1622 3561 1699; baseline 0.007 -25"><span class='ocrx_word' id='word_1_609' title='bbox 1962 1637 2145 1690; x_wconf 89' lang='lat' dir='ltr'><strong>quam,</strong></span> <span class='ocrx_word' id='word_1_610' title='bbox 2163 1622 2299 1678; x_wconf 90' lang='lat' dir='ltr'><strong>liber</strong></span> <span class='ocrx_word' id='word_1_611' title='bbox 2322 1625 2412 1678; x_wconf 91' lang='lat' dir='ltr'><strong>ille</strong></span> <span class='ocrx_word' id='word_1_612' title='bbox 2435 1626 2710 1682; x_wconf 88' lang='lat' dir='ltr'><strong>demissus</strong></span> <span class='ocrx_word' id='word_1_613' title='bbox 2732 1629 2829 1682; x_wconf 85' lang='lat' dir='ltr'><strong>sit?</strong></span> <span class='ocrx_word' id='word_1_614' title='bbox 2849 1629 2940 1698; x_wconf 91' lang='lat' dir='ltr'><strong>qui</strong></span> <span class='ocrx_word' id='word_1_615' title='bbox 2961 1639 3240 1699; x_wconf 88' lang='lat' dir='ltr'><strong>tantopere</strong></span> <span class='ocrx_word' id='word_1_616' title='bbox 3263 1631 3332 1685; x_wconf 91' lang='lat' dir='ltr'><strong>ab</strong></span> <span class='ocrx_word' id='word_1_617' title='bbox 3361 1630 3561 1685; x_wconf 90' lang='lat' dir='ltr'><strong>huma-</strong></span> 
     </span>
    </p>
   </div>
   <div class='ocr_carea' id='block_1_101' title="bbox 1964 1716 3552 1788">
    <p class='ocr_par' dir='ltr' id='par_1_101' title="bbox 1964 1716 3552 1788">
     <span class='ocr_line' id='line_1_102' title="bbox 1964 1716 3552 1788; baseline 0.006 -23"><span class='ocrx_word' id='word_1_618' title='bbox 1964 1729 2033 1766; x_wconf 90' lang='lat' dir='ltr'><strong>na</strong></span> <span class='ocrx_word' id='word_1_619' title='bbox 2073 1716 2339 1784; x_wconf 85' lang='lat' dir='ltr'><strong>sapientia</strong></span> <span class='ocrx_word' id='word_1_620' title='bbox 2380 1718 2570 1782; x_wconf 82' lang='lat' dir='ltr'><strong>abest,</strong></span> <span class='ocrx_word' id='word_1_621' title='bbox 2625 1729 2889 1788; x_wconf 89' lang='lat' dir='ltr'><strong>quantum</strong></span> <span class='ocrx_word' id='word_1_622' title='bbox 2934 1721 3217 1776; x_wconf 88' lang='lat' dir='ltr'><strong>hrutorum</strong></span> <span class='ocrx_word' id='word_1_623' title='bbox 3269 1735 3465 1777; x_wconf 89' lang='lat' dir='ltr'><strong>natura</strong></span> <span class='ocrx_word' id='word_1_624' title='bbox 3521 1738 3552 1775; x_wconf 87' lang='lat' dir='ltr'><strong>a</strong></span> 
     </span>
    </p>
   </div>
   <div class='ocr_carea' id='block_1_102' title="bbox 1964 1807 3557 1882">
    <p class='ocr_par' dir='ltr' id='par_1_102' title="bbox 1964 1807 3557 1882">
     <span class='ocr_line' id='line_1_103' title="bbox 1964 1807 3557 1882; baseline 0.005 -24"><span class='ocrx_word' id='word_1_625' title='bbox 1964 1807 2215 1862; x_wconf 83' lang='lat' dir='ltr'><strong>ratiunali</strong></span> <span class='ocrx_word' id='word_1_626' title='bbox 2263 1809 2480 1864; x_wconf 85' lang='lat' dir='ltr'><strong>distat:</strong></span> <span class='ocrx_word' id='word_1_627' title='bbox 2539 1812 2738 1864; x_wconf 83' lang='lat' dir='ltr'><strong>nedum</strong></span> <span class='ocrx_word' id='word_1_628' title='bbox 2786 1813 2854 1866; x_wconf 90' lang='lat' dir='ltr'><strong>ab</strong></span> <span class='ocrx_word' id='word_1_629' title='bbox 2906 1813 2996 1867; x_wconf 89' lang='lat' dir='ltr'><strong>illa</strong></span> <span class='ocrx_word' id='word_1_630' title='bbox 3045 1815 3458 1882; x_wconf 86' lang='lat' dir='ltr'><strong>incomparabili</strong></span> <span class='ocrx_word' id='word_1_631' title='bbox 3500 1823 3557 1866; x_wconf 79' lang='lat' dir='ltr'><strong>et</strong></span> 
     </span>
    </p>
   </div>
   <div class='ocr_carea' id='block_1_103' title="bbox 1963 1907 3550 1974">
    <p class='ocr_par' dir='ltr' id='par_1_103' title="bbox 1963 1907 3550 1974">
     <span class='ocr_line' id='line_1_104' title="bbox 1963 1907 3550 1974; baseline 0.006 -22"><span class='ocrx_word' id='word_1_632' title='bbox 1963 1914 2126 1968; x_wconf 89' lang='lat' dir='ltr'><strong>supra</strong></span> <span class='ocrx_word' id='word_1_633' title='bbox 2175 1917 2392 1956; x_wconf 90' lang='lat' dir='ltr'><strong>omnem</strong></span> <span class='ocrx_word' id='word_1_634' title='bbox 2447 1913 2684 1958; x_wconf 86' lang='lat' dir='ltr'><strong>mentem</strong></span> <span class='ocrx_word' id='word_1_635' title='bbox 2718 1907 2920 1958; x_wconf 87' lang='lat' dir='ltr'><strong>virtute</strong></span> <span class='ocrx_word' id='word_1_636' title='bbox 2957 1915 3120 1974; x_wconf 89' lang='lat' dir='ltr'><strong>atque</strong></span> <span class='ocrx_word' id='word_1_637' title='bbox 3167 1907 3458 1974; x_wconf 87' lang='lat' dir='ltr'><strong>sapientia.</strong></span> <span class='ocrx_word' id='word_1_638' title='bbox 3493 1907 3550 1961; x_wconf 88' lang='lat' dir='ltr'><strong>in</strong></span> 
     </span>
    </p>
   </div>
   <div class='ocr_carea' id='block_1_104' title="bbox 1960 1997 3556 2066">
    <p class='ocr_par' dir='ltr' id='par_1_104' title="bbox 1960 1997 3556 2066">
     <span class='ocr_line' id='line_1_105' title="bbox 1960 1997 3556 2066; baseline 0.005 -21"><span class='ocrx_word' id='word_1_639' title='bbox 1960 2007 2068 2060; x_wconf 85' lang='lat' dir='ltr'><strong>qua</strong></span> <span class='ocrx_word' id='word_1_640' title='bbox 2093 2008 2287 2049; x_wconf 86' lang='lat' dir='ltr'><strong>omnes</strong></span> <span class='ocrx_word' id='word_1_641' title='bbox 2318 2003 2448 2049; x_wconf 91' lang='lat' dir='ltr'><strong>sunt</strong></span> <span class='ocrx_word' id='word_1_642' title='bbox 2480 1997 2723 2050; x_wconf 88' lang='lat' dir='ltr'><strong>thesauri</strong></span> <span class='ocrx_word' id='word_1_643' title='bbox 2753 1997 3034 2066; x_wconf 68' lang='lat' dir='ltr'><strong>sapientiae</strong></span> <span class='ocrx_word' id='word_1_644' title='bbox 3071 2007 3126 2052; x_wconf 89' lang='lat' dir='ltr'><strong>et</strong></span> <span class='ocrx_word' id='word_1_645' title='bbox 3159 2000 3401 2054; x_wconf 61' lang='lat' dir='ltr'><strong>scientia;</strong></span> <span class='ocrx_word' id='word_1_646' title='bbox 3424 2000 3556 2053; x_wconf 88' lang='lat' dir='ltr'><strong>abs-</strong></span> 
     </span>
    </p>
   </div>
   <div class='ocr_carea' id='block_1_105' title="bbox 1958 2083 3548 2158">
    <p class='ocr_par' dir='ltr' id='par_1_105' title="bbox 1958 2083 3548 2158">
     <span class='ocr_line' id='line_1_106' title="bbox 1958 2083 3548 2158; baseline 0.004 -21"><span class='ocrx_word' id='word_1_647' title='bbox 1958 2083 2188 2138; x_wconf 88' lang='lat' dir='ltr'><strong>conditi.</strong></span> <span class='ocrx_word' id='word_1_648' title='bbox 2220 2084 2673 2153; x_wconf 79' lang='lat' dir='ltr'><strong>Quandoquidem</strong></span> <span class='ocrx_word' id='word_1_649' title='bbox 2700 2091 3011 2142; x_wconf 82' lang='lat' dir='ltr'><strong>conlectum</strong></span> <span class='ocrx_word' id='word_1_650' title='bbox 3041 2106 3069 2141; x_wconf 91' lang='lat' dir='ltr'><strong>a</strong></span> <span class='ocrx_word' id='word_1_651' title='bbox 3097 2104 3156 2143; x_wconf 89' lang='lat' dir='ltr'><strong>se</strong></span> <span class='ocrx_word' id='word_1_652' title='bbox 3183 2106 3339 2158; x_wconf 90' lang='lat' dir='ltr'><strong>opus,</strong></span> <span class='ocrx_word' id='word_1_653' title='bbox 3377 2089 3548 2144; x_wconf 75' lang='lat' dir='ltr'><strong>Deum</strong></span> 
     </span>
    </p>
   </div>
   <div class='ocr_carea' id='block_1_106' title="bbox 1959 2174 3554 2250">
    <p class='ocr_par' dir='ltr' id='par_1_106' title="bbox 1959 2174 3554 2250">
     <span class='ocr_line' id='line_1_107' title="bbox 1959 2174 3554 2250; baseline 0.003 -21"><span class='ocrx_word' id='word_1_654' title='bbox 1959 2174 2272 2243; x_wconf 83' lang='lat' dir='ltr'><strong>scripsisse,</strong></span> <span class='ocrx_word' id='word_1_655' title='bbox 2309 2193 2374 2230; x_wconf 78' lang='lat' dir='ltr'><strong>ex</strong></span> <span class='ocrx_word' id='word_1_656' title='bbox 2407 2177 2491 2232; x_wconf 88' lang='lat' dir='ltr'><strong>his</strong></span> <span class='ocrx_word' id='word_1_657' title='bbox 2525 2193 2648 2247; x_wconf 71' lang='lat' dir='ltr'><strong>qua:</strong></span> <span class='ocrx_word' id='word_1_658' title='bbox 2676 2179 2900 2244; x_wconf 89' lang='lat' dir='ltr'><strong>scribit,</strong></span> <span class='ocrx_word' id='word_1_659' title='bbox 2931 2181 3165 2248; x_wconf 88' lang='lat' dir='ltr'><strong>probare</strong></span> <span class='ocrx_word' id='word_1_660' title='bbox 3195 2197 3302 2234; x_wconf 88' lang='lat' dir='ltr'><strong>non</strong></span> <span class='ocrx_word' id='word_1_661' title='bbox 3354 2190 3554 2250; x_wconf 80' lang='lat' dir='ltr'><strong>potest,</strong></span> 
     </span>
    </p>
   </div>
   <div class='ocr_carea' id='block_1_107' title="bbox 1958 2268 3554 2339">
    <p class='ocr_par' dir='ltr' id='par_1_107' title="bbox 1958 2268 3554 2339">
     <span class='ocr_line' id='line_1_108' title="bbox 1958 2268 3554 2339; baseline 0.005 -21"><span class='ocrx_word' id='word_1_662' title='bbox 1958 2274 2013 2319; x_wconf 87' lang='lat' dir='ltr'><strong>et</strong></span> <span class='ocrx_word' id='word_1_663' title='bbox 2045 2268 2416 2336; x_wconf 86' lang='lat' dir='ltr'><strong>quandonam,</strong></span> <span class='ocrx_word' id='word_1_664' title='bbox 2442 2279 2493 2323; x_wconf 91' lang='lat' dir='ltr'><strong>et</strong></span> <span class='ocrx_word' id='word_1_665' title='bbox 2521 2271 2820 2339; x_wconf 92' lang='lat' dir='ltr'><strong>quomodo,</strong></span> <span class='ocrx_word' id='word_1_666' title='bbox 2854 2281 2909 2325; x_wconf 90' lang='lat' dir='ltr'><strong>et</strong></span> <span class='ocrx_word' id='word_1_667' title='bbox 2935 2288 3062 2325; x_wconf 90' lang='lat' dir='ltr'><strong>num</strong></span> <span class='ocrx_word' id='word_1_668' title='bbox 3095 2273 3327 2338; x_wconf 88' lang='lat' dir='ltr'><strong>visione,</strong></span> <span class='ocrx_word' id='word_1_669' title='bbox 3358 2291 3424 2326; x_wconf 88' lang='lat' dir='ltr'><strong>an</strong></span> <span class='ocrx_word' id='word_1_670' title='bbox 3449 2275 3554 2327; x_wconf 79' lang='lat' dir='ltr'><strong>alia</strong></span> 
     </span>
    </p>
   </div>
   <div class='ocr_carea' id='block_1_108' title="bbox 1958 2358 3554 2432">
    <p class='ocr_par' dir='ltr' id='par_1_108' title="bbox 1958 2358 3554 2432">
     <span class='ocr_line' id='line_1_109' title="bbox 1958 2358 3554 2432; baseline 0.006 -22"><span class='ocrx_word' id='word_1_671' title='bbox 1958 2358 2143 2427; x_wconf 90' lang='lat' dir='ltr'><strong>aliqua</strong></span> <span class='ocrx_word' id='word_1_672' title='bbox 2175 2359 2266 2412; x_wconf 90' lang='lat' dir='ltr'><strong>Dei</strong></span> <span class='ocrx_word' id='word_1_673' title='bbox 2302 2363 2665 2428; x_wconf 85' lang='lat' dir='ltr'><strong>apparitione,</strong></span> <span class='ocrx_word' id='word_1_674' title='bbox 2701 2374 2752 2416; x_wconf 91' lang='lat' dir='ltr'><strong>et</strong></span> <span class='ocrx_word' id='word_1_675' title='bbox 2782 2365 2984 2432; x_wconf 85' lang='lat' dir='ltr'><strong>quibus</strong></span> <span class='ocrx_word' id='word_1_676' title='bbox 3004 2367 3255 2429; x_wconf 77' lang='lat' dir='ltr'><strong>testibus,</strong></span> <span class='ocrx_word' id='word_1_677' title='bbox 3289 2367 3432 2420; x_wconf 87' lang='lat' dir='ltr'><strong>sicut</strong></span> <span class='ocrx_word' id='word_1_678' title='bbox 3463 2367 3554 2420; x_wconf 86' lang='lat' dir='ltr'><strong>illa</strong></span> 
     </span>
    </p>
   </div>
   <div class='ocr_carea' id='block_1_109' title="bbox 1957 2449 3553 2524">
    <p class='ocr_par' dir='ltr' id='par_1_109' title="bbox 1957 2449 3553 2524">
     <span class='ocr_line' id='line_1_110' title="bbox 1957 2449 3553 2524; baseline 0.004 -20"><span class='ocrx_word' id='word_1_679' title='bbox 1957 2449 2114 2506; x_wconf 82' lang='lat' dir='ltr'><strong>fuere</strong></span> <span class='ocrx_word' id='word_1_680' title='bbox 2143 2451 2288 2506; x_wconf 88' lang='lat' dir='ltr'><strong>circa</strong></span> <span class='ocrx_word' id='word_1_681' title='bbox 2319 2453 2566 2524; x_wconf 74' lang='lat' dir='ltr'><strong>Moysmt</strong></span> <span class='ocrx_word' id='word_1_682' title='bbox 2609 2464 2865 2510; x_wconf 84' lang='lat' dir='ltr'><strong>sexcenta</strong></span> <span class='ocrx_word' id='word_1_683' title='bbox 2903 2466 2957 2510; x_wconf 91' lang='lat' dir='ltr'><strong>et</strong></span> <span class='ocrx_word' id='word_1_684' title='bbox 2997 2457 3232 2523; x_wconf 87' lang='lat' dir='ltr'><strong>amplius</strong></span> <span class='ocrx_word' id='word_1_685' title='bbox 3268 2457 3553 2511; x_wconf 88' lang='lat' dir='ltr'><strong>hominum</strong></span> 
     </span>
    </p>
   </div>
   <div class='ocr_carea' id='block_1_110' title="bbox 1959 2541 3554 2617">
    <p class='ocr_par' dir='ltr' id='par_1_110' title="bbox 1959 2541 3554 2617">
     <span class='ocr_line' id='line_1_111' title="bbox 1959 2541 3554 2617; baseline 0.004 -21"><span class='ocrx_word' id='word_1_686' title='bbox 1959 2541 2176 2608; x_wconf 90' lang='lat' dir='ltr'><strong>millia;</strong></span> <span class='ocrx_word' id='word_1_687' title='bbox 2231 2555 2284 2598; x_wconf 87' lang='lat' dir='ltr'><strong>et</strong></span> <span class='ocrx_word' id='word_1_688' title='bbox 2331 2553 2511 2598; x_wconf 90' lang='lat' dir='ltr'><strong>utrttm</strong></span> <span class='ocrx_word' id='word_1_689' title='bbox 2547 2545 2602 2598; x_wconf 92' lang='lat' dir='ltr'><strong>in</strong></span> <span class='ocrx_word' id='word_1_690' title='bbox 2657 2548 2853 2603; x_wconf 82' lang='lat' dir='ltr'><strong>tabulis</strong></span> <span class='ocrx_word' id='word_1_691' title='bbox 2887 2549 3148 2617; x_wconf 89' lang='lat' dir='ltr'><strong>scriptum</strong></span> <span class='ocrx_word' id='word_1_692' title='bbox 3172 2547 3356 2614; x_wconf 77' lang='lat' dir='ltr'><strong>fuerit,</strong></span> <span class='ocrx_word' id='word_1_693' title='bbox 3389 2557 3448 2603; x_wconf 77' lang='grc' dir='ltr'><strong>ιιι</strong></span> <span class='ocrx_word' id='word_1_694' title='bbox 3499 2550 3554 2603; x_wconf 92' lang='lat' dir='ltr'><strong>in</strong></span> 
     </span>
    </p>
   </div>
   <div class='ocr_carea' id='block_1_111' title="bbox 1960 2633 3558 2709">
    <p class='ocr_par' dir='ltr' id='par_1_111' title="bbox 1960 2633 3558 2709">
     <span class='ocr_line' id='line_1_112' title="bbox 1960 2633 3558 2709; baseline 0.003 -21"><span class='ocrx_word' id='word_1_695' title='bbox 1960 2643 2108 2701; x_wconf 87' lang='lat' dir='ltr'><strong>petra</strong></span> <span class='ocrx_word' id='word_1_696' title='bbox 2152 2633 2323 2705; x_wconf 82' lang='lat' dir='ltr'><strong>Moysi</strong></span> <span class='ocrx_word' id='word_1_697' title='bbox 2365 2637 2490 2689; x_wconf 87' lang='lat' dir='ltr'><strong>data</strong></span> <span class='ocrx_word' id='word_1_698' title='bbox 2531 2636 2656 2700; x_wconf 81' lang='lat' dir='ltr'><strong>lex;</strong></span> <span class='ocrx_word' id='word_1_699' title='bbox 2699 2637 2811 2690; x_wconf 91' lang='lat' dir='ltr'><strong>imo</strong></span> <span class='ocrx_word' id='word_1_700' title='bbox 2858 2639 2978 2707; x_wconf 89' lang='lat' dir='ltr'><strong>ipse</strong></span> <span class='ocrx_word' id='word_1_701' title='bbox 3018 2640 3150 2693; x_wconf 89' lang='lat' dir='ltr'><strong>dicit</strong></span> <span class='ocrx_word' id='word_1_702' title='bbox 3188 2641 3309 2693; x_wconf 88' lang='lat' dir='ltr'><strong>sine</strong></span> <span class='ocrx_word' id='word_1_703' title='bbox 3353 2641 3558 2709; x_wconf 81' lang='lat' dir='ltr'><strong>scripto</strong></span> 
     </span>
    </p>
   </div>
   <div class='ocr_carea' id='block_1_112' title="bbox 1957 2725 3559 2797">
    <p class='ocr_par' dir='ltr' id='par_1_112' title="bbox 1957 2725 3559 2797">
     <span class='ocr_line' id='line_1_113' title="bbox 1957 2725 3559 2797; baseline 0.004 -19"><span class='ocrx_word' id='word_1_704' title='bbox 1957 2725 2264 2778; x_wconf 87' lang='lat' dir='ltr'><strong>doctrinam</strong></span> <span class='ocrx_word' id='word_1_705' title='bbox 2313 2729 2613 2796; x_wconf 69' lang='lat' dir='ltr'><strong>accepisse,</strong></span> <span class='ocrx_word' id='word_1_706' title='bbox 2651 2744 2827 2797; x_wconf 88' lang='lat' dir='ltr'><strong>neque</strong></span> <span class='ocrx_word' id='word_1_707' title='bbox 2863 2730 2916 2782; x_wconf 92' lang='lat' dir='ltr'><strong>in</strong></span> <span class='ocrx_word' id='word_1_708' title='bbox 2953 2731 3144 2784; x_wconf 81' lang='lat' dir='ltr'><strong>charta</strong></span> <span class='ocrx_word' id='word_1_709' title='bbox 3171 2740 3259 2784; x_wconf 87' lang='lat' dir='ltr'><strong>aut</strong></span> <span class='ocrx_word' id='word_1_710' title='bbox 3300 2731 3559 2785; x_wconf 71' lang='lat' dir='ltr'><strong>humanae</strong></span> 
     </span>
    </p>
   </div>
   <div class='ocr_carea' id='block_1_113' title="bbox 1959 2816 3554 2884">
    <p class='ocr_par' dir='ltr' id='par_1_113' title="bbox 1959 2816 3554 2884">
     <span class='ocr_line' id='line_1_114' title="bbox 1959 2816 3554 2884; baseline 0.004 -16"><span class='ocrx_word' id='word_1_711' title='bbox 1959 2830 2156 2868; x_wconf 76' lang='lat' dir='ltr'><strong>manus</strong></span> <span class='ocrx_word' id='word_1_712' title='bbox 2196 2816 2453 2884; x_wconf 83' lang='lat' dir='ltr'><strong>opiﬁcio;</strong></span> <span class='ocrx_word' id='word_1_713' title='bbox 2505 2817 2704 2872; x_wconf 89' lang='lat' dir='ltr'><strong>timens</strong></span> <span class='ocrx_word' id='word_1_714' title='bbox 2735 2818 2854 2872; x_wconf 90' lang='lat' dir='ltr'><strong>sine</strong></span> <span class='ocrx_word' id='word_1_715' title='bbox 2899 2821 3067 2874; x_wconf 89' lang='lat' dir='ltr'><strong>dubio</strong></span> <span class='ocrx_word' id='word_1_716' title='bbox 3093 2860 3108 2884; x_wconf 93' lang='lat'><strong>,</strong></span> <span class='ocrx_word' id='word_1_717' title='bbox 3150 2837 3217 2874; x_wconf 90' lang='lat' dir='ltr'><strong>ne</strong></span> <span class='ocrx_word' id='word_1_718' title='bbox 3260 2824 3554 2876; x_wconf 85' lang='lat' dir='ltr'><strong>ostendere</strong></span> 
     </span>
    </p>
   </div>
   <div class='ocr_carea' id='block_1_114' title="bbox 1961 2907 3547 2981">
    <p class='ocr_par' dir='ltr' id='par_1_114' title="bbox 1961 2907 3547 2981">
     <span class='ocr_line' id='line_1_115' title="bbox 1961 2907 3547 2981; baseline 0.004 -22"><span class='ocrx_word' id='word_1_719' title='bbox 1961 2907 2266 2974; x_wconf 83' lang='lat' dir='ltr'><strong>postulatus</strong></span> <span class='ocrx_word' id='word_1_720' title='bbox 2296 2923 2401 2960; x_wconf 91' lang='lat' dir='ltr'><strong>non</strong></span> <span class='ocrx_word' id='word_1_721' title='bbox 2425 2917 2608 2976; x_wconf 85' lang='lat' dir='ltr'><strong>posset</strong></span> <span class='ocrx_word' id='word_1_722' title='bbox 2634 2927 2648 2972; x_wconf 86' lang='lat'><strong>;</strong></span> <span class='ocrx_word' id='word_1_723' title='bbox 2684 2911 2966 2978; x_wconf 84' lang='lat' dir='ltr'><strong>quoniam,</strong></span> <span class='ocrx_word' id='word_1_724' title='bbox 3000 2912 3248 2980; x_wconf 88' lang='lat' dir='ltr'><strong>inquam,</strong></span> <span class='ocrx_word' id='word_1_725' title='bbox 3279 2913 3547 2981; x_wconf 81' lang='lat' dir='ltr'><strong>sapienlia</strong></span> 
     </span>
    </p>
   </div>
   <div class='ocr_carea' id='block_1_115' title="bbox 1958 2997 3550 3071">
    <p class='ocr_par' dir='ltr' id='par_1_115' title="bbox 1958 2997 3550 3071">
     <span class='ocr_line' id='line_1_116' title="bbox 1958 2997 3550 3071; baseline 0.002 -19"><span class='ocrx_word' id='word_1_726' title='bbox 1958 2997 2203 3067; x_wconf 84' lang='lat' dir='ltr'><strong>qualibet</strong></span> <span class='ocrx_word' id='word_1_727' title='bbox 2231 2998 2414 3052; x_wconf 87' lang='lat' dir='ltr'><strong>divina</strong></span> <span class='ocrx_word' id='word_1_728' title='bbox 2450 3009 2504 3053; x_wconf 90' lang='lat' dir='ltr'><strong>et</strong></span> <span class='ocrx_word' id='word_1_729' title='bbox 2532 3001 2773 3054; x_wconf 88' lang='lat' dir='ltr'><strong>humana</strong></span> <span class='ocrx_word' id='word_1_730' title='bbox 2809 3001 2856 3055; x_wconf 88' lang='lat' dir='ltr'><strong>is</strong></span> <span class='ocrx_word' id='word_1_731' title='bbox 2893 3001 3027 3055; x_wconf 82' lang='lat' dir='ltr'><strong>liber</strong></span> <span class='ocrx_word' id='word_1_732' title='bbox 3057 3011 3210 3057; x_wconf 88' lang='lat' dir='ltr'><strong>caret</strong></span> <span class='ocrx_word' id='word_1_733' title='bbox 3241 3019 3256 3067; x_wconf 88' lang='lat'><strong>;</strong></span> <span class='ocrx_word' id='word_1_734' title='bbox 3291 3005 3550 3071; x_wconf 86' lang='lat' dir='ltr'><strong>quodque</strong></span> 
     </span>
    </p>
   </div>
   <div class='ocr_carea' id='block_1_116' title="bbox 1959 3088 3547 3160">
    <p class='ocr_par' dir='ltr' id='par_1_116' title="bbox 1959 3088 3547 3160">
     <span class='ocr_line' id='line_1_117' title="bbox 1959 3088 3547 3160; baseline 0.001 -20"><span class='ocrx_word' id='word_1_735' title='bbox 1959 3088 2182 3158; x_wconf 70' lang='lat' dir='ltr'><strong>gravius</strong></span> <span class='ocrx_word' id='word_1_736' title='bbox 2225 3097 2328 3152; x_wconf 87' lang='lat' dir='ltr'><strong>est,</strong></span> <span class='ocrx_word' id='word_1_737' title='bbox 2381 3089 2601 3159; x_wconf 80' lang='lat' dir='ltr'><strong>indigna</strong></span> <span class='ocrx_word' id='word_1_738' title='bbox 2653 3105 2880 3159; x_wconf 78' lang='lat' dir='ltr'><strong>prorsus</strong></span> <span class='ocrx_word' id='word_1_739' title='bbox 2925 3091 3080 3146; x_wconf 81' lang='lat' dir='ltr'><strong>beata</strong></span> <span class='ocrx_word' id='word_1_740' title='bbox 3120 3092 3210 3146; x_wconf 84' lang='lat' dir='ltr'><strong>illa</strong></span> <span class='ocrx_word' id='word_1_741' title='bbox 3249 3093 3547 3160; x_wconf 81' lang='lat' dir='ltr'><strong>divinaque</strong></span> 
     </span>
    </p>
   </div>
   <div class='ocr_carea' id='block_1_117' title="bbox 1957 3181 3555 3251">
    <p class='ocr_par' dir='ltr' id='par_1_117' title="bbox 1957 3181 3555 3251">
     <span class='ocr_line' id='line_1_118' title="bbox 1957 3181 3555 3251; baseline 0.004 -21"><span class='ocrx_word' id='word_1_742' title='bbox 1957 3187 2174 3245; x_wconf 87' lang='lat' dir='ltr'><strong>natura,</strong></span> <span class='ocrx_word' id='word_1_743' title='bbox 2213 3189 2269 3233; x_wconf 90' lang='lat' dir='ltr'><strong>et</strong></span> <span class='ocrx_word' id='word_1_744' title='bbox 2295 3189 2557 3235; x_wconf 79' lang='lat' dir='ltr'><strong>extranea</strong></span> <span class='ocrx_word' id='word_1_745' title='bbox 2590 3191 2754 3251; x_wconf 86' lang='lat' dir='ltr'><strong>atque</strong></span> <span class='ocrx_word' id='word_1_746' title='bbox 2787 3181 2989 3246; x_wconf 86' lang='lat' dir='ltr'><strong>aliena,</strong></span> <span class='ocrx_word' id='word_1_747' title='bbox 3022 3183 3132 3237; x_wconf 91' lang='lat' dir='ltr'><strong>imo</strong></span> <span class='ocrx_word' id='word_1_748' title='bbox 3161 3183 3326 3237; x_wconf 86' lang='lat' dir='ltr'><strong>etiam</strong></span> <span class='ocrx_word' id='word_1_749' title='bbox 3359 3183 3555 3239; x_wconf 80' lang='lat' dir='ltr'><strong>adver-</strong></span> 
     </span>
    </p>
   </div>
   <div class='ocr_carea' id='block_1_118' title="bbox 1956 3271 3553 3344">
    <p class='ocr_par' dir='ltr' id='par_1_118' title="bbox 1956 3271 3553 3344">
     <span class='ocr_line' id='line_1_119' title="bbox 1956 3271 3553 3344; baseline 0.003 -20"><span class='ocrx_word' id='word_1_750' title='bbox 1956 3273 2156 3334; x_wconf 86' lang='lat' dir='ltr'><strong>santia,</strong></span> <span class='ocrx_word' id='word_1_751' title='bbox 2189 3271 2458 3340; x_wconf 86' lang='lat' dir='ltr'><strong>intrepide</strong></span> <span class='ocrx_word' id='word_1_752' title='bbox 2489 3273 2755 3326; x_wconf 88' lang='lat' dir='ltr'><strong>mentitur</strong></span> <span class='ocrx_word' id='word_1_753' title='bbox 2780 3289 2796 3336; x_wconf 85' lang='lat'><strong>;</strong></span> <span class='ocrx_word' id='word_1_754' title='bbox 2820 3274 2950 3342; x_wconf 90' lang='lat' dir='ltr'><strong>quid</strong></span> <span class='ocrx_word' id='word_1_755' title='bbox 2986 3275 3130 3328; x_wconf 90' lang='lat' dir='ltr'><strong>enim</strong></span> <span class='ocrx_word' id='word_1_756' title='bbox 3159 3276 3332 3344; x_wconf 67' lang='lat' dir='ltr'><strong>niagis</strong></span> <span class='ocrx_word' id='word_1_757' title='bbox 3358 3277 3553 3330; x_wconf 87' lang='lat' dir='ltr'><strong>adver-</strong></span> 
     </span>
    </p>
   </div>
   <div class='ocr_carea' id='block_1_119' title="bbox 1956 3361 3551 3436">
    <p class='ocr_par' dir='ltr' id='par_1_119' title="bbox 1956 3361 3551 3436">
     <span class='ocr_line' id='line_1_120' title="bbox 1956 3361 3551 3436; baseline 0.003 -20"><span class='ocrx_word' id='word_1_758' title='bbox 1956 3372 2112 3418; x_wconf 87' lang='lat' dir='ltr'><strong>satur</strong></span> <span class='ocrx_word' id='word_1_759' title='bbox 2146 3361 2238 3416; x_wconf 86' lang='lat' dir='ltr'><strong>Dei</strong></span> <span class='ocrx_word' id='word_1_760' title='bbox 2268 3364 2518 3428; x_wconf 86' lang='lat' dir='ltr'><strong>bonitati,</strong></span> <span class='ocrx_word' id='word_1_761' title='bbox 2553 3380 2717 3434; x_wconf 89' lang='lat' dir='ltr'><strong>qttam</strong></span> <span class='ocrx_word' id='word_1_762' title='bbox 2744 3365 2928 3420; x_wconf 85' lang='lat' dir='ltr'><strong>dicere</strong></span> <span class='ocrx_word' id='word_1_763' title='bbox 2963 3366 3141 3436; x_wconf 90' lang='lat' dir='ltr'><strong>ipsum</strong></span> <span class='ocrx_word' id='word_1_764' title='bbox 3171 3366 3343 3422; x_wconf 63' lang='lat' dir='ltr'><strong>laetari</strong></span> <span class='ocrx_word' id='word_1_765' title='bbox 3371 3368 3551 3422; x_wconf 89' lang='lat' dir='ltr'><strong>homi-</strong></span> 
     </span>
    </p>
   </div>
   <div class='ocr_carea' id='block_1_120' title="bbox 1955 3454 3555 3523">
    <p class='ocr_par' dir='ltr' id='par_1_120' title="bbox 1955 3454 3555 3523">
     <span class='ocr_line' id='line_1_121' title="bbox 1955 3454 3555 3523; baseline 0.005 -16"><span class='ocrx_word' id='word_1_766' title='bbox 1955 3470 2084 3509; x_wconf 90' lang='lat' dir='ltr'><strong>num</strong></span> <span class='ocrx_word' id='word_1_767' title='bbox 2125 3454 2451 3523; x_wconf 89' lang='lat' dir='ltr'><strong>perditione,</strong></span> <span class='ocrx_word' id='word_1_768' title='bbox 2490 3465 2544 3510; x_wconf 89' lang='lat' dir='ltr'><strong>et</strong></span> <span class='ocrx_word' id='word_1_769' title='bbox 2587 3455 2807 3510; x_wconf 89' lang='lat' dir='ltr'><strong>illorum</strong></span> <span class='ocrx_word' id='word_1_770' title='bbox 2855 3455 3068 3512; x_wconf 82' lang='lat' dir='ltr'><strong>ruinan’t</strong></span> <span class='ocrx_word' id='word_1_771' title='bbox 3123 3459 3276 3514; x_wconf 85' lang='lat' dir='ltr'><strong>ﬂocci</strong></span> <span class='ocrx_word' id='word_1_772' title='bbox 3319 3458 3555 3515; x_wconf 76' lang='lat' dir='ltr'><strong>facere?</strong></span> 
     </span>
    </p>
   </div>
   <div class='ocr_carea' id='block_1_121' title="bbox 1953 3547 3555 3624">
    <p class='ocr_par' dir='ltr' id='par_1_121' title="bbox 1953 3547 3555 3624">
     <span class='ocr_line' id='line_1_122' title="bbox 1953 3547 3555 3624; baseline 0.006 -25"><span class='ocrx_word' id='word_1_773' title='bbox 1953 3548 2233 3615; x_wconf 85' lang='lat' dir='ltr'><strong>quomodo</strong></span> <span class='ocrx_word' id='word_1_774' title='bbox 2259 3547 2370 3611; x_wconf 85' lang='lat' dir='ltr'><strong>hic,</strong></span> <span class='ocrx_word' id='word_1_775' title='bbox 2387 3547 2636 3617; x_wconf 90' lang='lat' dir='ltr'><strong>inquam,</strong></span> <span class='ocrx_word' id='word_1_776' title='bbox 2661 3549 3000 3604; x_wconf 82' lang='lat' dir='ltr'><strong>exsecranda</strong></span> <span class='ocrx_word' id='word_1_777' title='bbox 3024 3566 3083 3606; x_wconf 87' lang='lat' dir='ltr'><strong>se</strong></span> <span class='ocrx_word' id='word_1_778' title='bbox 3105 3551 3555 3624; x_wconf 76' lang='lat' dir='ltr'><strong>dtemoniaeoque</strong></span> 
     </span>
    </p>
   </div>
   <div class='ocr_carea' id='block_1_122' title="bbox 1952 3637 2736 3710">
    <p class='ocr_par' dir='ltr' id='par_1_122' title="bbox 1952 3637 2736 3710">
     <span class='ocr_line' id='line_1_123' title="bbox 1952 3637 2736 3710; baseline 0.004 -18"><span class='ocrx_word' id='word_1_779' title='bbox 1952 3638 2149 3708; x_wconf 88' lang='lat' dir='ltr'><strong>spiritu</strong></span> <span class='ocrx_word' id='word_1_780' title='bbox 2187 3637 2428 3692; x_wconf 83' lang='lat' dir='ltr'><strong>alllatutn</strong></span> <span class='ocrx_word' id='word_1_781' title='bbox 2463 3639 2683 3710; x_wconf 79' lang='lat' dir='ltr'><strong>negabit</strong></span> <span class='ocrx_word' id='word_1_782' title='bbox 2711 3640 2736 3694; x_wconf 87' lang='lat'><strong>?</strong></span> 
     </span>
    </p>
   </div>
   <div class='ocr_carea' id='block_1_123' title="bbox 2019 3811 3548 3884">
    <p class='ocr_par' dir='ltr' id='par_1_123' title="bbox 2019 3811 3548 3884">
     <span class='ocr_line' id='line_1_124' title="bbox 2019 3811 3548 3884; baseline 0.005 -19"><span class='ocrx_word' id='word_1_783' title='bbox 2019 3811 2110 3866; x_wconf 80' lang='grc'><strong>29.</strong></span> <span class='ocrx_word' id='word_1_784' title='bbox 2140 3811 2276 3866; x_wconf 89' lang='lat' dir='ltr'><strong>Cum</strong></span> <span class='ocrx_word' id='word_1_785' title='bbox 2307 3828 2438 3882; x_wconf 76' lang='lat' dir='ltr'><strong>ergo</strong></span> <span class='ocrx_word' id='word_1_786' title='bbox 2465 3815 2729 3884; x_wconf 88' lang='lat' dir='ltr'><strong>quidquid</strong></span> <span class='ocrx_word' id='word_1_787' title='bbox 2768 3815 3078 3871; x_wconf 82' lang='lat' dir='ltr'><strong>faciendum</strong></span> <span class='ocrx_word' id='word_1_788' title='bbox 3111 3829 3195 3873; x_wconf 88' lang='lat' dir='ltr'><strong>est</strong></span> <span class='ocrx_word' id='word_1_789' title='bbox 3241 3819 3322 3874; x_wconf 85' lang='lat' dir='ltr'><strong>vel</strong></span> <span class='ocrx_word' id='word_1_790' title='bbox 3355 3821 3548 3875; x_wconf 70' lang='lat' dir='ltr'><strong>dicen:</strong></span> 
     </span>
    </p>
   </div>
   <div class='ocr_carea' id='block_1_124' title="bbox 1949 3903 3544 3977">
    <p class='ocr_par' dir='ltr' id='par_1_124' title="bbox 1949 3903 3544 3977">
     <span class='ocr_line' id='line_1_125' title="bbox 1949 3903 3544 3977; baseline 0.007 -21"><span class='ocrx_word' id='word_1_791' title='bbox 1949 3903 2102 3967; x_wconf 84' lang='lat' dir='ltr'><strong>dum,</strong></span> <span class='ocrx_word' id='word_1_792' title='bbox 2133 3905 2188 3959; x_wconf 90' lang='lat' dir='ltr'><strong>in</strong></span> <span class='ocrx_word' id='word_1_793' title='bbox 2225 3907 2329 3960; x_wconf 89' lang='lat' dir='ltr'><strong>tria</strong></span> <span class='ocrx_word' id='word_1_794' title='bbox 2354 3907 2652 3971; x_wconf 88' lang='lat' dir='ltr'><strong>dividatur,</strong></span> <span class='ocrx_word' id='word_1_795' title='bbox 2691 3923 2886 3976; x_wconf 88' lang='lat' dir='ltr'><strong>nempe</strong></span> <span class='ocrx_word' id='word_1_796' title='bbox 2909 3909 3175 3975; x_wconf 81' lang='lat' dir='ltr'><strong>divinum,</strong></span> <span class='ocrx_word' id='word_1_797' title='bbox 3213 3913 3544 3977; x_wconf 87' lang='lat' dir='ltr'><strong>humanum,</strong></span> 
     </span>
    </p>
   </div>
   <div class='ocr_carea' id='block_1_125' title="bbox 1949 3995 3547 4066">
    <p class='ocr_par' dir='ltr' id='par_1_125' title="bbox 1949 3995 3547 4066">
     <span class='ocr_line' id='line_1_126' title="bbox 1949 3995 3547 4066; baseline 0.006 -19"><span class='ocrx_word' id='word_1_798' title='bbox 1949 4004 2003 4048; x_wconf 87' lang='lat' dir='ltr'><strong>et</strong></span> <span class='ocrx_word' id='word_1_799' title='bbox 2034 3995 2428 4050; x_wconf 62' lang='lat' dir='ltr'><strong>dietnoniacum</strong></span> <span class='ocrx_word' id='word_1_800' title='bbox 2466 4015 2481 4060; x_wconf 87' lang='lat'><strong>;</strong></span> <span class='ocrx_word' id='word_1_801' title='bbox 2516 3997 2731 4052; x_wconf 86' lang='lat' dir='ltr'><strong>duobus</strong></span> <span class='ocrx_word' id='word_1_802' title='bbox 2767 3999 3062 4053; x_wconf 86' lang='lat' dir='ltr'><strong>destitutus</strong></span> <span class='ocrx_word' id='word_1_803' title='bbox 3097 4000 3310 4065; x_wconf 85' lang='lat' dir='ltr'><strong>Arabs,</strong></span> <span class='ocrx_word' id='word_1_804' title='bbox 3337 4002 3547 4066; x_wconf 85' lang='lat' dir='ltr'><strong>divino,</strong></span> 
     </span>
    </p>
   </div>
   <div class='ocr_carea' id='block_1_126' title="bbox 1951 4087 3549 4158">
    <p class='ocr_par' dir='ltr' id='par_1_126' title="bbox 1951 4087 3549 4158">
     <span class='ocr_line' id='line_1_127' title="bbox 1951 4087 3549 4158; baseline 0.004 -17"><span class='ocrx_word' id='word_1_805' title='bbox 1951 4088 2196 4158; x_wconf 87' lang='lat' dir='ltr'><strong>inquam,</strong></span> <span class='ocrx_word' id='word_1_806' title='bbox 2221 4096 2275 4141; x_wconf 91' lang='lat' dir='ltr'><strong>et</strong></span> <span class='ocrx_word' id='word_1_807' title='bbox 2301 4087 2543 4142; x_wconf 89' lang='lat' dir='ltr'><strong>humano</strong></span> <span class='ocrx_word' id='word_1_808' title='bbox 2576 4088 2862 4156; x_wconf 87' lang='lat' dir='ltr'><strong>instinctu,</strong></span> <span class='ocrx_word' id='word_1_809' title='bbox 2888 4091 2955 4144; x_wconf 87' lang='lat' dir='ltr'><strong>ad</strong></span> <span class='ocrx_word' id='word_1_810' title='bbox 2983 4090 3200 4144; x_wconf 90' lang='lat' dir='ltr'><strong>tertium</strong></span> <span class='ocrx_word' id='word_1_811' title='bbox 3232 4095 3549 4147; x_wconf 87' lang='lat' dir='ltr'><strong>necessario</strong></span> 
     </span>
    </p>
   </div>
   <div class='ocr_carea' id='block_1_127' title="bbox 1947 4167 3548 4248">
    <p class='ocr_par' dir='ltr' id='par_1_127' title="bbox 1947 4167 3548 4248">
     <span class='ocr_line' id='line_1_128' title="bbox 1947 4167 3548 4248; baseline 0.002 -16"><span class='ocrx_word' id='word_1_812' title='bbox 1947 4177 2238 4234; x_wconf 86' lang='lat' dir='ltr'><strong>devolutus</strong></span> <span class='ocrx_word' id='word_1_813' title='bbox 2268 4187 2372 4232; x_wconf 88' lang='lat' dir='ltr'><strong>est.</strong></span> <span class='ocrx_word' id='word_1_814' title='bbox 2408 4178 2660 4232; x_wconf 83' lang='lat' dir='ltr'><strong>Profecto</strong></span> <span class='ocrx_word' id='word_1_815' title='bbox 2690 4179 2834 4248; x_wconf 89' lang='lat' dir='ltr'><strong>quod</strong></span> <span class='ocrx_word' id='word_1_816' title='bbox 2893 4179 3081 4233; x_wconf 91' lang='lat' dir='ltr'><strong>divino</strong></span> <span class='ocrx_word' id='word_1_817' title='bbox 3109 4167 3316 4234; x_wconf 86' lang='lat' dir='ltr'><strong>lumine</strong></span> <span class='ocrx_word' id='word_1_818' title='bbox 3350 4183 3548 4236; x_wconf 83' lang='lat' dir='ltr'><strong>Imma-</strong></span> 
     </span>
    </p>
   </div>
   <div class='ocr_carea' id='block_1_128' title="bbox 1951 4271 3548 4342">
    <p class='ocr_par' dir='ltr' id='par_1_128' title="bbox 1951 4271 3548 4342">
     <span class='ocr_line' id='line_1_129' title="bbox 1951 4271 3548 4342; baseline 0.005 -18"><span class='ocrx_word' id='word_1_819' title='bbox 1951 4282 2128 4342; x_wconf 87' lang='lat' dir='ltr'><strong>naque</strong></span> <span class='ocrx_word' id='word_1_820' title='bbox 2182 4272 2450 4341; x_wconf 87' lang='lat' dir='ltr'><strong>sapientia</strong></span> <span class='ocrx_word' id='word_1_821' title='bbox 2487 4273 2746 4335; x_wconf 88' lang='lat' dir='ltr'><strong>caruerit,</strong></span> <span class='ocrx_word' id='word_1_822' title='bbox 2799 4273 2852 4326; x_wconf 92' lang='lat' dir='ltr'><strong>in</strong></span> <span class='ocrx_word' id='word_1_823' title='bbox 2896 4271 3152 4328; x_wconf 80' lang='lat' dir='ltr'><strong>confesso</strong></span> <span class='ocrx_word' id='word_1_824' title='bbox 3190 4283 3314 4339; x_wconf 88' lang='lat' dir='ltr'><strong>est;</strong></span> <span class='ocrx_word' id='word_1_825' title='bbox 3347 4291 3411 4331; x_wconf 78' lang='lat' dir='ltr'><strong>ex</strong></span> <span class='ocrx_word' id='word_1_826' title='bbox 3460 4277 3548 4331; x_wconf 88' lang='lat' dir='ltr'><strong>di-</strong></span> 
     </span>
    </p>
   </div>
   <div class='ocr_carea' id='block_1_129' title="bbox 1948 4367 3544 4436">
    <p class='ocr_par' dir='ltr' id='par_1_129' title="bbox 1948 4367 3544 4436">
     <span class='ocr_line' id='line_1_130' title="bbox 1948 4367 3544 4436; baseline 0.003 -16"><span class='ocrx_word' id='word_1_827' title='bbox 1948 4367 2138 4421; x_wconf 89' lang='lat' dir='ltr'><strong>cendis</strong></span> <span class='ocrx_word' id='word_1_828' title='bbox 2177 4378 2384 4431; x_wconf 90' lang='lat' dir='ltr'><strong>autem,</strong></span> <span class='ocrx_word' id='word_1_829' title='bbox 2415 4375 2471 4421; x_wconf 89' lang='lat' dir='ltr'><strong>et</strong></span> <span class='ocrx_word' id='word_1_830' title='bbox 2520 4382 2663 4435; x_wconf 67' lang='lat' dir='ltr'><strong>saepe</strong></span> <span class='ocrx_word' id='word_1_831' title='bbox 2703 4367 2926 4421; x_wconf 89' lang='lat' dir='ltr'><strong>aliunde</strong></span> <span class='ocrx_word' id='word_1_832' title='bbox 2971 4376 3231 4436; x_wconf 77' lang='lat' dir='ltr'><strong>patescet.</strong></span> <span class='ocrx_word' id='word_1_833' title='bbox 3286 4367 3544 4425; x_wconf 84' lang='lat' dir='ltr'><strong>Humana</strong></span> 
     </span>
    </p>
   </div>
   <div class='ocr_carea' id='block_1_130' title="bbox 1876 4457 3543 4546">
    <p class='ocr_par' dir='ltr' id='par_1_130' title="bbox 1876 4457 3543 4546">
     <span class='ocr_line' id='line_1_131' title="bbox 1876 4457 3543 4546; baseline 0.004 -36"><span class='ocrx_word' id='word_1_834' title='bbox 1876 4490 1922 4546; x_wconf 69' lang='grc' dir='ltr'><strong>ο</strong></span> <span class='ocrx_word' id='word_1_835' title='bbox 1952 4458 2221 4525; x_wconf 88' lang='lat' dir='ltr'><strong>sapientia</strong></span> <span class='ocrx_word' id='word_1_836' title='bbox 2248 4457 2330 4510; x_wconf 90' lang='lat' dir='ltr'><strong>vel</strong></span> <span class='ocrx_word' id='word_1_837' title='bbox 2360 4472 2447 4511; x_wconf 90' lang='lat' dir='ltr'><strong>res</strong></span> <span class='ocrx_word' id='word_1_838' title='bbox 2486 4457 2820 4526; x_wconf 82' lang='lat' dir='ltr'><strong>theologieas</strong></span> <span class='ocrx_word' id='word_1_839' title='bbox 2853 4466 3066 4523; x_wconf 84' lang='lat' dir='ltr'><strong>tractat,</strong></span> <span class='ocrx_word' id='word_1_840' title='bbox 3112 4459 3195 4514; x_wconf 87' lang='lat' dir='ltr'><strong>vel</strong></span> <span class='ocrx_word' id='word_1_841' title='bbox 3237 4461 3543 4525; x_wconf 88' lang='lat' dir='ltr'><strong>naturales,</strong></span> 
     </span>
    </p>
   </div>
   <div class='ocr_carea' id='block_1_131' title="bbox 1951 4549 3540 4624">
    <p class='ocr_par' dir='ltr' id='par_1_131' title="bbox 1951 4549 3540 4624">
     <span class='ocr_line' id='line_1_132' title="bbox 1951 4549 3540 4624; baseline 0.004 -21"><span class='ocrx_word' id='word_1_842' title='bbox 1951 4551 2032 4606; x_wconf 76' lang='lat' dir='ltr'><strong>vel</strong></span> <span class='ocrx_word' id='word_1_843' title='bbox 2055 4550 2311 4612; x_wconf 88' lang='lat' dir='ltr'><strong>morales,</strong></span> <span class='ocrx_word' id='word_1_844' title='bbox 2341 4549 2424 4603; x_wconf 87' lang='lat' dir='ltr'><strong>vel</strong></span> <span class='ocrx_word' id='word_1_845' title='bbox 2450 4549 2685 4618; x_wconf 81' lang='lat' dir='ltr'><strong>denique</strong></span> <span class='ocrx_word' id='word_1_846' title='bbox 2715 4549 3026 4612; x_wconf 88' lang='lat' dir='ltr'><strong>historicas,</strong></span> <span class='ocrx_word' id='word_1_847' title='bbox 3049 4552 3132 4605; x_wconf 89' lang='lat' dir='ltr'><strong>vel</strong></span> <span class='ocrx_word' id='word_1_848' title='bbox 3162 4553 3307 4606; x_wconf 86' lang='lat' dir='ltr'><strong>aliud</strong></span> <span class='ocrx_word' id='word_1_849' title='bbox 3343 4554 3540 4624; x_wconf 88' lang='lat' dir='ltr'><strong>hujus-</strong></span> 
     </span>
    </p>
   </div>
   <div class='ocr_carea' id='block_1_132' title="bbox 1947 4643 3542 4712">
    <p class='ocr_par' dir='ltr' id='par_1_132' title="bbox 1947 4643 3542 4712">
     <span class='ocr_line' id='line_1_133' title="bbox 1947 4643 3542 4712; baseline 0.003 -14"><span class='ocrx_word' id='word_1_850' title='bbox 1947 4643 2116 4708; x_wconf 90' lang='lat' dir='ltr'><strong>modi,</strong></span> <span class='ocrx_word' id='word_1_851' title='bbox 2168 4654 2220 4696; x_wconf 91' lang='lat' dir='ltr'><strong>et</strong></span> <span class='ocrx_word' id='word_1_852' title='bbox 2268 4643 2488 4712; x_wconf 89' lang='lat' dir='ltr'><strong>quidem</strong></span> <span class='ocrx_word' id='word_1_853' title='bbox 2535 4644 2678 4697; x_wconf 89' lang='lat' dir='ltr'><strong>serio</strong></span> <span class='ocrx_word' id='word_1_854' title='bbox 2717 4643 2799 4697; x_wconf 74' lang='lat' dir='ltr'><strong>ac.</strong></span> <span class='ocrx_word' id='word_1_855' title='bbox 2831 4645 3202 4700; x_wconf 86' lang='lat' dir='ltr'><strong>laudabiliter.</strong></span> <span class='ocrx_word' id='word_1_856' title='bbox 3254 4647 3359 4700; x_wconf 85' lang='lat' dir='ltr'><strong>Sed</strong></span> <span class='ocrx_word' id='word_1_857' title='bbox 3395 4649 3542 4702; x_wconf 87' lang='lat' dir='ltr'><strong>enim</strong></span> 
     </span>
    </p>
   </div>
   <div class='ocr_carea' id='block_1_133' title="bbox 1948 4735 3545 4808">
    <p class='ocr_par' dir='ltr' id='par_1_133' title="bbox 1948 4735 3545 4808">
     <span class='ocr_line' id='line_1_134' title="bbox 1948 4735 3545 4808; baseline 0.005 -21"><span class='ocrx_word' id='word_1_858' title='bbox 1948 4735 2109 4803; x_wconf 86' lang='lat' dir='ltr'><strong>hujus</strong></span> <span class='ocrx_word' id='word_1_859' title='bbox 2141 4735 2442 4804; x_wconf 72' lang='lat' dir='ltr'><strong>nugatoria:</strong></span> <span class='ocrx_word' id='word_1_860' title='bbox 2481 4735 2769 4803; x_wconf 63' lang='lat' dir='ltr'><strong>scriptura:</strong></span> <span class='ocrx_word' id='word_1_861' title='bbox 2816 4748 3046 4800; x_wconf 88' lang='lat' dir='ltr'><strong>auctor,</strong></span> <span class='ocrx_word' id='word_1_862' title='bbox 3081 4738 3232 4792; x_wconf 89' lang='lat' dir='ltr'><strong>nullo</strong></span> <span class='ocrx_word' id='word_1_863' title='bbox 3271 4741 3545 4808; x_wconf 61' lang='lat' dir='ltr'><strong>praedictae</strong></span> 
     </span>
    </p>
   </div>
   <div class='ocr_carea' id='block_1_134' title="bbox 1946 4825 3544 4896">
    <p class='ocr_par' dir='ltr' id='par_1_134' title="bbox 1946 4825 3544 4896">
     <span class='ocr_line' id='line_1_135' title="bbox 1946 4825 3544 4896; baseline 0.004 -16"><span class='ocrx_word' id='word_1_864' title='bbox 1946 4825 2189 4880; x_wconf 70' lang='lat' dir='ltr'><strong>scientia:</strong></span> <span class='ocrx_word' id='word_1_865' title='bbox 2231 4840 2429 4896; x_wconf 81' lang='lat' dir='ltr'><strong>genere</strong></span> <span class='ocrx_word' id='word_1_866' title='bbox 2475 4827 2801 4892; x_wconf 90' lang='lat' dir='ltr'><strong>instructus,</strong></span> <span class='ocrx_word' id='word_1_867' title='bbox 2832 4829 2902 4882; x_wconf 88' lang='lat' dir='ltr'><strong>ita</strong></span> <span class='ocrx_word' id='word_1_868' title='bbox 2956 4839 3013 4882; x_wconf 93' lang='lat' dir='ltr'><strong>ut</strong></span> <span class='ocrx_word' id='word_1_869' title='bbox 3060 4829 3250 4883; x_wconf 74' lang='lat' dir='ltr'><strong>saltem</strong></span> <span class='ocrx_word' id='word_1_870' title='bbox 3285 4831 3340 4884; x_wconf 88' lang='lat' dir='ltr'><strong>in</strong></span> <span class='ocrx_word' id='word_1_871' title='bbox 3382 4833 3544 4887; x_wconf 87' lang='lat' dir='ltr'><strong>titulo</strong></span> 
     </span>
    </p>
   </div>
   <div class='ocr_carea' id='block_1_135' title="bbox 1945 4919 3540 4995">
    <p class='ocr_par' dir='ltr' id='par_1_135' title="bbox 1945 4919 3540 4995">
     <span class='ocr_line' id='line_1_136' title="bbox 1945 4919 3540 4995; baseline 0.004 -22"><span class='ocrx_word' id='word_1_872' title='bbox 1945 4919 2316 4989; x_wconf 75' lang='lat' dir='ltr'><strong>exprimeret,</strong></span> <span class='ocrx_word' id='word_1_873' title='bbox 2357 4919 2439 4973; x_wconf 87' lang='lat' dir='ltr'><strong>vel</strong></span> <span class='ocrx_word' id='word_1_874' title='bbox 2470 4919 2823 4975; x_wconf 86' lang='lat' dir='ltr'><strong>balbutiendo</strong></span> <span class='ocrx_word' id='word_1_875' title='bbox 2851 4920 3072 4990; x_wconf 87' lang='lat' dir='ltr'><strong>quidem</strong></span> <span class='ocrx_word' id='word_1_876' title='bbox 3118 4922 3264 4976; x_wconf 88' lang='lat' dir='ltr'><strong>illam</strong></span> <span class='ocrx_word' id='word_1_877' title='bbox 3300 4925 3540 4995; x_wconf 77' lang='lat' dir='ltr'><strong>attinge-</strong></span> 
     </span>
    </p>
   </div>
   <div class='ocr_carea' id='block_1_136' title="bbox 1950 5147 3540 5221">
    <p class='ocr_par' dir='ltr' id='par_1_136' title="bbox 1950 5147 3540 5221">
     <span class='ocr_line' id='line_1_137' title="bbox 1950 5147 3540 5221; baseline -0.002 -16"><span class='ocrx_word' id='word_1_878' title='bbox 1950 5166 2129 5221; x_wconf 80' lang='lat' dir='ltr'><strong>seopae</strong></span> <span class='ocrx_word' id='word_1_879' title='bbox 2176 5151 2596 5217; x_wconf 88' lang='lat' dir='ltr'><strong>dissolutiores;</strong></span> <span class='ocrx_word' id='word_1_880' title='bbox 2645 5150 2782 5205; x_wconf 91' lang='lat' dir='ltr'><strong>nihil</strong></span> <span class='ocrx_word' id='word_1_881' title='bbox 2813 5149 2943 5221; x_wconf 81' lang='lat' dir='ltr'><strong>fere</strong></span> <span class='ocrx_word' id='word_1_882' title='bbox 2965 5147 3174 5221; x_wconf 83' lang='lat' dir='ltr'><strong>majore</strong></span> <span class='ocrx_word' id='word_1_883' title='bbox 3215 5164 3340 5203; x_wconf 91' lang='lat' dir='ltr'><strong>cum</strong></span> <span class='ocrx_word' id='word_1_884' title='bbox 3382 5153 3540 5206; x_wconf 64' lang='lat' dir='ltr'><strong>taedio</strong></span> 
     </span>
    </p>
   </div>
   <div class='ocr_carea' id='block_1_137' title="bbox 1949 5220 3538 5345">
    <p class='ocr_par' dir='ltr' id='par_1_137' title="bbox 1949 5220 3538 5345">
     <span class='ocr_line' id='line_1_138' title="bbox 1949 5220 3538 5345; baseline -0.001 -69"><span class='ocrx_word' id='word_1_885' title='bbox 1949 5223 2306 5345; x_wconf 51' lang='lat' dir='ltr'><strong>stpmaehove</strong></span> <span class='ocrx_word' id='word_1_886' title='bbox 2331 5222 2527 5292; x_wconf 79' lang='lat' dir='ltr'><strong>legitur</strong></span> <span class='ocrx_word' id='word_1_887' title='bbox 2555 5264 2570 5288; x_wconf 96' lang='lat'><strong>,</strong></span> <span class='ocrx_word' id='word_1_888' title='bbox 2608 5222 2748 5276; x_wconf 92' lang='lat' dir='ltr'><strong>nihil</strong></span> <span class='ocrx_word' id='word_1_889' title='bbox 2778 5220 2945 5276; x_wconf 88' lang='lat' dir='ltr'><strong>animi</strong></span> <span class='ocrx_word' id='word_1_890' title='bbox 2978 5220 3337 5276; x_wconf 89' lang='lat' dir='ltr'><strong>attentionem</strong></span> <span class='ocrx_word' id='word_1_891' title='bbox 3365 5224 3538 5292; x_wconf 82' lang='lat' dir='ltr'><strong>magis</strong></span> 
     </span>
     <span class='ocr_line' id='line_1_139' title="bbox 1949 5301 2213 5345; baseline 0 0"><span class='ocrx_word' id='word_1_892' title='bbox 1949 5308 2000 5345; x_wconf 88' lang='grc' dir='ltr'><strong>ιιι</strong></span> <span class='ocrx_word' id='word_1_893' title='bbox 2029 5301 2213 5345; x_wconf 83' lang='grc' dir='ltr'>ιἰιιιιιι.</span> 
     </span>
    </p>
   </div>
   <div class='ocr_carea' id='block_1_138' title="bbox 1946 5291 2213 5346">
    <p class='ocr_par' dir='ltr' id='par_1_138' title="bbox 1946 5291 2213 5346">
     <span class='ocr_line' id='line_1_140' title="bbox 1946 5291 2213 5346; baseline 0 -1"><span class='ocrx_word' id='word_1_894' title='bbox 1946 5291 2213 5346; x_wconf 75' lang='lat' dir='ltr'><strong>infrittuit.</strong></span> 
     </span>
    </p>
   </div>
   <div class='ocr_carea' id='block_1_139' title="bbox 2022 5310 3538 5432">
    <p class='ocr_par' dir='ltr' id='par_1_139' title="bbox 2022 5310 3538 5432">
     <span class='ocr_line' id='line_1_141' title="bbox 2022 5310 3538 5432; baseline -0.001 -17"><span class='ocrx_word' id='word_1_895' title='bbox 2022 5310 2311 5432; x_wconf 57' lang='grc' dir='ltr'>ἶίῗῗηίίοο</span> <span class='ocrx_word' id='word_1_896' title='bbox 2358 5361 2578 5432; x_wconf 88' lang='lat' dir='ltr'><strong>quidem</strong></span> <span class='ocrx_word' id='word_1_897' title='bbox 2629 5363 2697 5417; x_wconf 88' lang='lat' dir='ltr'><strong>de</strong></span> <span class='ocrx_word' id='word_1_898' title='bbox 2746 5360 3022 5417; x_wconf 85' lang='lat' dir='ltr'><strong>Alcorano</strong></span> <span class='ocrx_word' id='word_1_899' title='bbox 3055 5362 3122 5416; x_wconf 89' lang='lat' dir='ltr'><strong>ad</strong></span> <span class='ocrx_word' id='word_1_900' title='bbox 3164 5375 3224 5416; x_wconf 87' lang='lat' dir='ltr'><strong>se</strong></span> <span class='ocrx_word' id='word_1_901' title='bbox 3272 5359 3340 5432; x_wconf 74' lang='lat' dir='ltr'><strong>de</strong></span> <span class='ocrx_word' id='word_1_902' title='bbox 3368 5361 3538 5432; x_wconf 16' lang='lat' dir='ltr'><strong>Aemlis</strong></span> 
     </span>
    </p>
   </div>
   <div class='ocr_carea' id='block_1_140' title="bbox 1949 5429 3422 5508">
    <p class='ocr_par' dir='ltr' id='par_1_140' title="bbox 1949 5429 3422 5508">
     <span class='ocr_line' id='line_1_142' title="bbox 1949 5429 3422 5508; baseline -0.005 -21"><span class='ocrx_word' id='word_1_903' title='bbox 1949 5429 2204 5508; x_wconf 65' lang='lat' dir='ltr'><strong>demisso</strong></span> <span class='ocrx_word' id='word_1_904' title='bbox 2232 5429 2576 5508; x_wconf 68' lang='lat' dir='ltr'><strong>mendacium</strong></span> <span class='ocrx_word' id='word_1_905' title='bbox 2610 5432 3202 5508; x_wconf 70' lang='lat' dir='ltr'><strong>eenti_es__Moh_am_edes</strong></span> <span class='ocrx_word' id='word_1_906' title='bbox 3230 5429 3422 5508; x_wconf 73' lang='lat' dir='ltr'><strong>ell‘utit.</strong></span> 
     </span>
    </p>
   </div>
   <div class='ocr_carea' id='block_1_141' title="bbox 2021 5499 3531 5573">
    <p class='ocr_par' dir='ltr' id='par_1_141' title="bbox 2021 5499 3531 5573">
     <span class='ocr_line' id='line_1_143' title="bbox 2021 5499 3531 5573; baseline -0.003 -17"><span class='ocrx_word' id='word_1_907' title='bbox 2021 5501 2138 5573; x_wconf 77' lang='grc'><strong>(12)</strong></span> <span class='ocrx_word' id='word_1_908' title='bbox 2164 5501 2366 5557; x_wconf 77' lang='lat' dir='ltr'><strong>Confer</strong></span> <span class='ocrx_word' id='word_1_909' title='bbox 2390 5502 2723 5558; x_wconf 85' lang='lat' dir='ltr'><strong>Maraecium</strong></span> <span class='ocrx_word' id='word_1_910' title='bbox 2753 5505 2807 5558; x_wconf 93' lang='lat' dir='ltr'><strong>in</strong></span> <span class='ocrx_word' id='word_1_911' title='bbox 2829 5502 2946 5556; x_wconf 84' lang='lat' dir='ltr'><strong>Vita</strong></span> <span class='ocrx_word' id='word_1_912' title='bbox 2973 5499 3329 5573; x_wconf 78' lang='lat' dir='ltr'><strong>Multatttedis,</strong></span> <span class='ocrx_word' id='word_1_913' title='bbox 3357 5515 3408 5573; x_wconf 76' lang='lat' dir='ltr'><strong>p.</strong></span> <span class='ocrx_word' id='word_1_914' title='bbox 3440 5499 3531 5552; x_wconf 80' lang='lat'><strong>58.</strong></span> 
     </span>
    </p>
   </div>
   <div class='ocr_carea' id='block_1_142' title="bbox 1951 5569 3532 5643">
    <p class='ocr_par' dir='ltr' id='par_1_142' title="bbox 1951 5569 3532 5643">
     <span class='ocr_line' id='line_1_144' title="bbox 1951 5569 3532 5643; baseline -0.001 -19"><span class='ocrx_word' id='word_1_915' title='bbox 1951 5569 2222 5643; x_wconf 54' lang='lat' dir='ltr'><strong>Simirum</strong></span> <span class='ocrx_word' id='word_1_916' title='bbox 2257 5573 2349 5628; x_wconf 90' lang='lat' dir='ltr'><strong>hic</strong></span> <span class='ocrx_word' id='word_1_917' title='bbox 2393 5574 2690 5628; x_wconf 83' lang='lat' dir='ltr'><strong>simulabat</strong></span> <span class='ocrx_word' id='word_1_918' title='bbox 2718 5575 2966 5642; x_wconf 71' lang='lat' dir='ltr'><strong>singulos</strong></span> <span class='ocrx_word' id='word_1_919' title='bbox 2999 5571 3121 5643; x_wconf 78' lang='lat' dir='ltr'><strong>libri</strong></span> <span class='ocrx_word' id='word_1_920' title='bbox 3169 5570 3472 5643; x_wconf 56' lang='lat' dir='ltr'><strong>versiculos</strong></span> <span class='ocrx_word' id='word_1_921' title='bbox 3503 5588 3532 5622; x_wconf 75' lang='grc' dir='ltr'><strong>ιι</strong></span> 
     </span>
    </p>
   </div>
   <div class='ocr_carea' id='block_1_143' title="bbox 1951 5638 3535 5715">
    <p class='ocr_par' dir='ltr' id='par_1_143' title="bbox 1951 5638 3535 5715">
     <span class='ocr_line' id='line_1_145' title="bbox 1951 5638 3535 5715; baseline -0.002 -19"><span class='ocrx_word' id='word_1_922' title='bbox 1951 5638 2204 5715; x_wconf 79' lang='lat' dir='ltr'><strong>Gabriele</strong></span> <span class='ocrx_word' id='word_1_923' title='bbox 2221 5643 2552 5715; x_wconf 79' lang='lat' dir='ltr'><strong>archangelo</strong></span> <span class='ocrx_word' id='word_1_924' title='bbox 2576 5638 2848 5715; x_wconf 55' lang='lat' dir='ltr'><strong>aenipere&#39;,</strong></span> <span class='ocrx_word' id='word_1_925' title='bbox 2870 5658 3012 5714; x_wconf 89' lang='lat' dir='ltr'><strong>quos</strong></span> <span class='ocrx_word' id='word_1_926' title='bbox 3028 5642 3143 5709; x_wconf 83' lang='lat' dir='ltr'><strong>ipse</strong></span> <span class='ocrx_word' id='word_1_927' title='bbox 3163 5638 3363 5696; x_wconf 82' lang='lat' dir='ltr'><strong>deinde</strong></span> <span class='ocrx_word' id='word_1_928' title='bbox 3386 5654 3535 5694; x_wconf 79' lang='lat' dir='ltr'><strong>ama-</strong></span> 
     </span>
    </p>
   </div>
   <div class='ocr_carea' id='block_1_144' title="bbox 1952 5713 2535 5768">
    <p class='ocr_par' dir='ltr' id='par_1_144' title="bbox 1952 5713 2535 5768">
     <span class='ocr_line' id='line_1_146' title="bbox 1952 5713 2535 5768; baseline 0.003 -3"><span class='ocrx_word' id='word_1_929' title='bbox 1952 5713 2250 5768; x_wconf 87' lang='lat' dir='ltr'><strong>uuensibus</strong></span> <span class='ocrx_word' id='word_1_930' title='bbox 2279 5713 2535 5768; x_wconf 87' lang='lat' dir='ltr'><strong>dictabat.</strong></span> 
     </span>
    </p>
   </div>
   <div class='ocr_carea' id='block_1_145' title="bbox 2023 5780 2566 5853">
    <p class='ocr_par' dir='ltr' id='par_1_145' title="bbox 2023 5780 2566 5853">
     <span class='ocr_line' id='line_1_147' title="bbox 2023 5780 2566 5853; baseline -0.002 -14"><span class='ocrx_word' id='word_1_931' title='bbox 2023 5783 2137 5853; x_wconf 81' lang='lat' dir='ltr'><strong>(l5)</strong></span> <span class='ocrx_word' id='word_1_932' title='bbox 2168 5780 2297 5838; x_wconf 88' lang='lat' dir='ltr'><strong>Sur.</strong></span> <span class='ocrx_word' id='word_1_933' title='bbox 2328 5783 2485 5849; x_wconf 73' lang='lat' dir='ltr'><strong>CXII,</strong></span> <span class='ocrx_word' id='word_1_934' title='bbox 2512 5784 2566 5838; x_wconf 75' lang='lat'><strong>2.</strong></span> 
     </span>
    </p>
   </div>
  </div>
