4048 6414
546 380 650 444 70⁵7

1783 372 2087 433 ΝίϐΕΤᾹζ
2128 374 2539 436 ΒῩΖΑΝΤΙΝΙ

3721 371 3838 438 708

548 501 655 556 ret,
692 485 1054 558 theologicam
1104 483 1248 540 hanc
1281 483 1643 556 irreligiosam
1686 498 1876 542 vocem
1906 483 2119 552 crepuit

2243 487 2304 538 τὸ
2331 485 2509 548 Θεῑον,
2530 483 2730 556 μᾶλλον
2749 484 2829 551 δὲ,
2855 484 2934 549 ὡς
2960 484 3124 549 αὐτὸς
3151 479 3328 550 εἶπεν,
3358 483 3688 556 δλόσφαιρός
3713 486 3833 552 (ιι)

545 582 692 654 quod
727 594 924 650 nempe
964 577 1108 634 Deus
1147 576 1320 648 ligura
1357 575 1621 646 sphatrica
1655 573 1748 638 sit,
1794 575 1907 628 imo
1951 573 2134 644 potius

542 684 718 730 totum
761 671 1083 743 sphaeralem
1118 670 1287 724 Deum
1319 668 1477 732 dixit,
1515 675 1718 736 putans
1747 682 1872 721 eum
1906 681 2162 734 prorsus.

542 780 666 820 esse
689 779 1011 834 corporeum
1041 780 1058 830 ;
1094 779 1270 832 neque
1294 761 1440 816 enim
1471 761 1630 813 aliter
1653 757 1879 828 sphaera:
1903 760 2131 828 llguram

542 857 831 925 reciperet.
885 854 1005 910 Jam
1053 851 1522 908 cum‘materialis
1569 851 1780 920 sphaera
1831 851 2132 906 secundum

544 948 922 1014 Mohamedem
949 948 1090 1003 Deus
1112 949 1202 1010 sit,
1224 948 1269 1001 is
1290 946 1507 1016 quidem
1540 960 1716 1014 neque
1730 944 1936 1012 audiet,
1957 960 2134 1015 neque

544 1051 752 1106 cernet,
789 1040 1244 1103 intellectualiter,
1291 1038 1516 1106 inquam
1547 1053 1562 1102 ;
1607 1053 1784 1107 neque
1815 1038 1947 1092 item
1988 1049 2132 1107 aget,

546 1133 596 1189 si
620 1134 844 1204 quando
871 1134 938 1187 ab
969 1133 1078 1186 alio
1111 1131 1436 1194 movebitur,
1472 1129 1853 1200 pracipueqne
1875 1130 2132 1185 deorsum

543 1223 900 1278 stolidissime
916 1222 1208 1276 deleretur.
1239 1220 1461 1291 Ignosce
1485 1220 1639 1286 mihi,
1664 1219 1830 1284 Deus,
1857 1219 2136 1276 Mohame-

543 1315 629 1369 dis
687 1315 1010 1368 sententiam
1064 1313 1300 1377 dicenti,
1353 1327 1666 1382 quanquam
1716 1313 1896 1383 potius
1941 1326 2133 1369 contra

544 1404 721 1472 ipsum
774 1403 1039 1471 loquenti.
1086 1400 1245 1468 Quod
1277 1401 1322 1458 si
1360 1405 1498 1457 l'orte
1532 1403 1709 1473 ipsum
1757 1404 1957 1458 caelum
2002 1407 2136 1460 dicit

544 1495 737 1558 Deum,
769 1496 912 1550 sicut
938 1496 1094 1549 multi
1129 1496 1474 1550 ethnicorum
1509 1495 1735 1549 fabulati
1765 1507 1920 1561 sunt,
1953 1497 2134 1553 adhuc

541 1599 667 1638 vere
711 1599 809 1638 nos
838 1583 1079 1639 diximus
1124 1585 1526 1639 daamoniacum
1572 1601 1694 1640 csse
1727 1583 2130 1641 Mohamederr.

537 1673 900 1746 Pbysiologize
945 1677 1168 1746 insuper
1216 1678 1296 1732 vel
1339 1678 1475 1731 nihil
1526 1678 1753 1733 omnino
1798 1679 1998 1744 novit;
2049 1680 2133 1734 vel

503 1782 662 1820 ..cmn
699 1782 820 1821 eam
855 1768 1096 1824 salutare
1127 1769 1194 1824 de
1225 1771 1413 1824 limine
1455 1772 1660 1837 audet,
1688 1786 1754 1826 en
1790 1771 1924 1826 dicit
1947 1771 2130 1827 homi-

537 1875 663 1914 nem
695 1877 764 1914 ex
799 1860 1055 1916 hirudine
1091 1877 1215 1918 esse
1243 1861 1446 1918 factum
1474 1879 1490 1929 ;
1523 1871 1578 1918 et
1605 1863 1778 1919 solem
1809 1864 1862 1919 in
1892 1865 2126 1921 calidam
2167 1858 2204 1912 Β

537 1966 734 2022 aquam
758 1953 1058 2025 submergi,
1085 1970 1208 2010 cum
1239 1955 1308 2010 ad
1337 1971 1618 2026 vesperam
1651 1956 1888 2012 devenit.
1919 1957 2039 2014 Iam
2075 1959 2128 2014 in

539 2060 600 2099 re
646 2047 838 2101 morali
881 2048 1011 2117 quid
1036 2049 1160 2103 ait?
1204 2048 1516 2105 Satisfacite
1557 2051 1850 2107 animabus
1874 2053 2073 2108 vestris
2113 2071 2128 2118 ;

537 2136 686 2191 edite
707 2140 1026 2208 quemlibet,
1061 2151 1225 2210 prout
1253 2140 1341 2196 ille
1372 2157 1467 2196 vos
1500 2143 1696 2197 oderit.
1719 2141 1877 2208 Quod
1910 2159 2039 2198 vero
2060 2144 2130 2199 ad

537 2229 822 2283 historiam
845 2232 1057 2297 attinet,
1083 2242 1288 2302 quanta
1316 2233 1384 2288 de
1409 2234 1614 2305 Moyse,
1640 2243 1694 2289 et
1717 2237 1782 2288 de
1807 2236 1926 2304 ipso
1945 2234 2130 2291 Domi-

537 2337 609 2375 no
639 2331 827 2378 nostro
847 2322 973 2380 Jesu
1005 2324 1225 2380 Christo
1249 2328 1508 2382 mentitur
1540 2327 1565 2380 ?
1601 2327 1757 2396 quasi
1787 2327 1903 2382 haec
1928 2329 2011 2382 vel
2032 2328 2126 2384 illa

535 2411 728 2468 fecerit
775 2425 870 2470 aut
913 2416 1130 2473 locutus
1177 2416 1340 2473 fuerit
1375 2435 1390 2485 ;
1445 2434 1570 2489 quas
1606 2419 1858 2474 videlicet
1900 2419 2128 2491 Iegemlo

533 2505 888 2572 cognoscitis.
931 2505 1069 2561 Nam
1114 2508 1323 2563 Christi
1383 2509 1610 2565 Matrem
1681 2525 1928 2566 sororem
2002 2525 2128 2566 esse

532 2593 738 2666 Moysis
778 2598 930 2664 dicit,
958 2608 1012 2654 et
1048 2599 1394 2656 Christianos
1434 2617 1558 2656 cum
1598 2601 1782 2672 Moyse
1809 2603 1862 2656 in
1907 2601 2128 2657 deserto

531 2687 897 2775 versatos..Et
935 2703 1002 2743 ne
1041 2700 1238 2744 cuncta
1277 2706 1425 2746 nunc
1459 2706 1812 2753 enumerans,
1855 2693 1969 2747 haec
2007 2693 2128 2748 sine

532 2777 1005 2836 demonstratione
1024 2783 1421 2852 reprehendere
1441 2785 1647 2850 videar,
1675 2800 1736 2839 ea
1759 2784 2126 2840 confutationi

532 2878 722 2938 postea
753 2887 878 2927 cum
916 2871 1010 2928 Dei
1045 2875 1220 2942 gratia
1253 2874 1518 2931 faciendae
1545 2876 1858 2930 reservabo.
1901 2876 2124 2932 Interim

529 2973 764 3019 eatenus
794 2974 1004 3019 tantum
1033 2977 1304 3036 quatenus
1325 2982 1464 3036 opus
1489 2976 1608 3021 erat
1632 2967 1702 3021 ob
1723 2968 2122 3022 ostendendum

529 3055 715 3111 divina
774 3059 1123 3128 humanaque
1167 3062 1436 3129 sapientia
1510 3075 1739 3114 vacuam
1813 3059 1988 3115 fuisse
2030 3075 2123 3116 su-

528 3151 753 3219 perbam
785 3150 1126 3207 Mohamedis
1159 3162 1418 3216 mentem,
1459 3161 1514 3206 et
1552 3152 1749 3222 quovis
1783 3151 2123 3206 charismate

527 3241 791 3295 divinitus
834 3242 1154 3296 hominibus
1177 3242 1296 3297 dari
1319 3242 1485 3297 solito
1505 3242 1774 3309 caruisse,
1802 3243 2120 3298 summatim

526 3333 784 3404 praedicta
824 3335 1096 3389 recensui.

611 3422 710 3477 '50:
737 3421 874 3476 Nam
900 3439 1026 3477 cum
1053 3423 1318 3478 tredecim
1360 3439 1526 3494 supra
1565 3433 1789 3480 centum
1838 3432 1984 3480 totus
2024 3424 2115 3480 hic

2238 580 2387 632 ἐστιν
2420 579 2448 631 ὁ
2479 579 2637 643 Θεὸς,
2668 577 2832 649 σῶμα
2871 577 3090 641 πάντως
3117 576 3281 631 αὑτὸν
3304 575 3552 647 οἰόμενος
3571 593 3585 606 ο
3617 577 3680 630 οὐ
3716 578 3838 648 γάρ

2239 669 2304 724 ἂν
2335 670 2508 733 ἄλλως
2541 669 2604 723 τὸ
2638 672 2736 741 τῆς
2762 669 2997 740 σφαίρας
3025 668 3242 739 ἐδέχετο
3267 671 3490 738 σχῆμα·
3527 669 3739 739 σφαῖρα
3770 667 3837 721 δὲ

2238 764 2398 836 ὑλικὴ
2446 764 2566 818 κατ’
2601 764 2765 817 αὐτὸν
2812 762 3119 832 τυγχάνων,
3167 760 3292 815 οὔτε
3344 759 3663 823 ἀκούσεται,
3699 759 3836 814 οὔτε

2236 857 2424 925 ὄψεται
2480 856 2686 927 νοητῶς
2723 855 2988 925 δηλονότι,
3045 852 3169 909 οὔτε
3207 853 3498 924 ἐνεργήσει
3555 852 3743 917 πάλιν,
3779 853 3840 904 εἰ

2239 967 2340 1002 που
2374 947 2525 1018 τύχοι
2577 949 2706 1018 παρ’
2769 946 2930 1001 ἄλλον
2970 945 3236 1016 κινηθεὶς,
3292 944 3387 997 καλ⁵
3417 944 3653 1013 μάλιστα
3682 946 3837 998 κατὰ.

2238 1039 2478 1110 πρανοῦς
2498 1039 2800 1108 ἀλογίστως
2830 1035 3092 1108 φέρεσθαι
3112 1053 3125 1067 ο
3157 1037 3406 1106 ίλάσθητι
3441 1037 3596 1106 ἡμῖν,
3621 1038 3648 1088 ὁ
3669 1035 3833 1100 Θεὸς,

2235 1133 2306 1185 τά
2331 1131 2498 1186 αὑτοῦ
2527 1131 2800 1199 λέγουσιν,
2821 1129 2870 1182 εἰ
2897 1129 2992 1183 xa‘l.
3014 1130 3134 1183 κατ’
3164 1129 3332 1183 αὑτοῦ
3359 1146 3373 1161 ·
3400 1130 3448 1181 εί
3482 1128 3540 1182 δὲ
3567 1128 3630 1198 δὴ
3659 1129 3833 1182 αὐτὸν

2237 1225 2328 1279 τὸν
2355 1224 2583 1294 οὐρανὸν
2606 1224 2697 1277 τὸν
2724 1223 2857 1276 Θεὸν
2885 1223 3056 1289 λέγει,
3087 1221 3161 1284 ὡς
3190 1221 3379 1274 πολλοὶ
3407 1221 3514 1274 τῶν
3557 1213 3835 1291 Ἑλλήνων

2237 1319 2531 1390 ἑλήρησαν,
2573 1318 2668 1370 καὶ⁵
2696 1316 2872 1380 οὕτως
2909 1314 3201 1385 ἀληθεύσει
3228 1317 3256 1368 ὁ
3285 1315 3462 1382 λόγος,
3493 1313 3833 1384 δαιμονιώόη

2235 1412 2396 1464 αὐτὸν
2449 1410 2688 1482 εἰρηκὼς
2747 1407 2909 1463 εἶναι.
2968 1409 3062 1471 Εἰς
3109 1407 3166 1460 δὲ
3224 1405 3576 1476 φυσιολογίαν
3609 1406 3642 1478 ἢ
3673 1406 3834 1460 οὐδὲν

2238 1507 2405 1575 φάναι
2430 1506 2722 1576 ἠπίστατο,
2763 1504 2795 1574 ἢ
2837 1503 2886 1556 εί
2921 1502 3018 1556 καὶ
3056 1500 3338 1570 προκύψαι
3363 1502 3441 1562 εἰς
3470 1499 3630 1553 τοῦτο
3671 1499 3836 1554 ἐτόλ-

2240 1615 2432 1669 μησεν,
2491 1596 2637 1665 λέγει
2689 1597 2801 1666 (15)
2851 1595 2933 1648 ὅτι
2989 1595 3054 1646 ὲκ
3082 1592 3304 1662 βδέλλης
3341 1590 3455 1662 (16)
3483 1593 3511 1648 ὁ
3537 1590 3835 1661 ἄνθρωπος

2234 1694 2466 1762 γίνεται,
2501 1693 2594 1745 καὶ
2623 1693 2651 1744 ὁ
2683 1690 2831 1758 ἥλιος
2884 1689 2964 1751 είς
3000 1687 3214 1759 Θερμδν
3243 1685 3391 1756 ὕδωρ
3421 1683 3835 1749 καταϐαπτίζε-

2234 1801 2324 1838 ται
2352 1785 2491 1856 πρὸς
2520 1784 2761 1854 ἑσπέραν
2815 1782 3114 1853 φερόμενος
3144 1779 3281 1850 (17).
3313 1779 3407 1841 El;
3441 1779 3498 1831 δὲ
3530 1777 3745 1846 ἠθικὸν,
3772 1779 3831 1830 τί

2235 1877 2326 1930 καί
2357 1893 2553 1946 φησιν;
2587 1873 2880 1928 Συνέλθετε
2915 1876 3033 1936 ταῖς
3067 1873 3266 1942 ψυχαῖς
3298 1871 3476 1942 ὑμῶν,
3505 1873 3598 1924 καὶ
3624 1870 3830 1942 ἐχθρά-

2235 1984 2360 2020 νατε
2388 1966 2575 2031 παντὶ,
2600 1965 2721 2018 καθ’
2751 1965 2780 2017 ὃ
2815 1965 2923 2026 πᾶς
2952 1981 3037 2026 τις
3081 1962 3356 2033 ἐχθραίνει
3387 1963 3517 2033 ὑμῖν
3551 1961 3687 2030 (18).
3725 1962 3826 2023 Εἰς

2233 2060 2288 2112 δὲ
2322 2059 2582 2130 ἱστορίαν,
2613 2059 2715 2110 ὅσα
2747 2057 3027 2120 Μωῦσέως
3077 2055 3497 2125 καταψεύδεται,
3541 2053 3710 2109 αὐτοῦ
3760 2072 3825 2108 τε

2233 2149 2327 2204 τοῦ
2360 2149 2569 2220 Κυρίου
2605 2147 2760 2218 ἡμῶν
2801 2145 2980 2217 Ἰησοῦ
3015 2145 3280 2216 Χριστοῦ,
3307 2146 3380 2210 ὡς
3409 2146 3538 2199 τάδε
3571 2146 3666 2199 καὶ
3691 2147 3824 2200 τάδε

2232 2241 2599 2309 πεποιηκότος
2622 2239 2715 2293 καὶ
2730 2238 3085 2307 λελαληκὸτος
3105 2277 3121 2302 ,
3150 2238 3245 2290 καὶ
3273 2239 3322 2290 οι
3348 2234 3820 2304 ἀναγινώσκοντες

2235 2335 2495 2404 συνορᾶτε
2517 2349 2531 2364 ·
2567 2334 2668 2402 τήν
2695 2348 2756 2384 τε
2783 2331 2891 2402 γὰρ
2920 2329 3152 2397 Μητέρα
3186 2328 3426 2399 Χριστοῦ
3446 2328 3546 2398 τὴν
3581 2327 3821 2398 ἀδελφὴν

2231 2425 2511 2488 Μωῦσέως
2541 2424 2740 2494 φάσκει
2771 2419 2933 2488 εἶναι,
2990 2421 3116 2484 τοῦς
3168 2437 3229 2473 τε
3280 2421 3644 2491 Χριστιανοὺς
3679 2420 3822 2488 μετὰ

2230 2518 2510 2579 Μωῦσέως
2537 2519 2777 2570 συνεῖναι
2797 2517 2855 2568 ὲν
2882 2517 2948 2585 τῇ
2970 2516 3165 2585 ἐρήμῳ
3193 2512 3304 2583 (19)
3331 2530 3346 2544 ·
3379 2515 3473 2565 καὶ
3500 2513 3587 2566 ενα
3622 2513 3696 2581 μὴ
3721 2511 3820 2565 νῦν

2229 2613 2299 2666 τὰ
2331 2612 2511 2665 πάντα
2560 2606 3043 2678 ἀπαριθμούμενος
3095 2605 3464 2661 ἀναπόδεικτα
3509 2604 3683 2658 ταῦτα
3709 2607 3816 2658 άπ-

2229 2706 2472 2773 ελέγχειν
2499 2703 2656 2767 δόξω,
2688 2705 2754 2771 τῇ
2789 2744 2794 2748 .
2805 2701 3099 2771 μετέπειτα
3144 2698 3280 2753 Θεοῦ
3314 2699 3498 2770 χάριτι
3525 2698 3814 2770 τεθειμένῃ

2229 2796 2444 2862 ἑκάστῳ
2489 2794 2670 2848 αὐτῶν
2699 2793 2981 2861 ἀνατροπῇ
3013 2790 3386 2860 ταμιεύσομαι
3407 2806 3420 2819 '
3454 2790 3574 2843 νυνὶ
3599 2791 3656 2842 δὲ
3681 2791 3815 2842 ὁπό-

2230 2905 2323 2942 σον
2347 2889 2504 2957 μόνον
2529 2887 2666 2957 πρὸς
2696 2884 2757 2938 τὸ
2783 2884 2954 2948 δεῖξαι
2981 2884 3188 2955 ἔρημον
3222 2883 3375 2945 θείας
3403 2887 3498 2935 καὶ
3526 2882 3809 2950 ἀνθρωπίο

2227 2999 2326 3053 νης
2359 2981 2552 3047 σοφίας
2577 2980 2669 3032 τὸν
2701 2977 2937 3040 ἀλαζόνα
2969 2977 3116 3042 νοῦν,
3147 2977 3241 3030 καὶ
3261 2969 3338 3030 ὧν
3366 2977 3664 3047 ἐστέρηται
3691 2977 3812 3029 θεο-

2225 3075 2483 3144 δωρήτων
2511 3069 2823 3143 ἀνθρώποις
2871 3069 3249 3140 χαρισμάτων,
3281 3068 3671 3136 κεφαλαιωδῶς
3699 3069 3809 3122 ἀπο

2149 3193 2196 3254 c
2225 3165 2534 3236 ηρίθμησα.

2282 3430 2350 3482 λ’.
2383 3427 2565 3500 Τριῶν
2595 3427 2705 3497 γὰρ
2763 3428 2856 3480 καὶ
2893 3426 3028 3481 δέκα
3061 3425 3202 3498 πρὸς
3249 3428 3361 3489 τοῖς
3401 3425 3600 3479 ἑκατὸν
3633 3441 3808 3495 κειρα-

525 3514 750 3570 Iihellus
795 3515 1050 3586 capitulis
1100 3524 1352 3583 constet;
1395 3517 1448 3570 in
1490 3517 1667 3588 primo
1716 3517 1960 3588 quidem,
1989 3527 2116 3588 post

2227 3523 2384 3586 latet;
2402 3522 2464 3575 τὸ
2493 3519 2614 3575 ὅλον
2642 3519 2801 3574 τοῦτο
2831 3518 3180 3590 ἐκδεδομένον
3212 3518 3489 3588 βιϐλίδιον,
3516 3520 3576 3572 ὲν
3609 3518 3708 3589 μὲν
3731 3516 3810 3588 τῷ

525 3620 650 3662 eam
685 3623 808 3678 qua:
843 3607 1095 3678 procemii
1126 3609 1305 3662 locum
1343 3610 1557 3664 videtur
1590 3619 1776 3664 tenere
1805 3609 2112 3679 scriptiun-

2227 3611 2418 3682 πρώτῳ
2463 3611 2628 3680 λόγῳ,
2687 3609 2829 3664 κατὰ
2856 3609 2957 3679 τὴν
3005 3608 3272 3663 δοκοῦσαν
3329 3609 3615 3679 προοιμίου
3642 3610 3806 3664 τόπον

527 3699 730 3763 cuiam,
769 3699 1017 3754 homines
1054 3715 1084 3754 a
1127 3715 1186 3754 se
1215 3700 1472 3770 deceptos
1522 3702 1864 3765 cohortatur,
1917 3715 1987 3754 ne
2012 3701 2116 3754 du-

2227 3705 2357 3774 ξχειν
2385 3703 2623 3774 γραφὴν,
2657 3701 2981 3772 παραίνεσιν
3007 3703 3242 3755 ποιεῖται
3269 3700 3406 3772 πρὸς
3445 3702 3574 3766 τοὺς
3595 3703 3800 3756 πεπλαο

527 3790 850 3846 bitationem
889 3802 1072 3846 mente
1097 3792 1319 3847 foveant
1347 3795 1492 3849 circa
1525 3792 1667 3847 hanc
1689 3808 1846 3848 suam
1884 3791 2113 3846 fraudu-

525 3882 732 3938 lentam
761 3884 1118 3954 scripturam,
1138 3888 1296 3956 quasi
1325 3887 1663 3942 mendaciter
1684 3887 1756 3941 sit
1775 3887 2109 3958 conscripta.

602 4060 717 4130 (14)
751 4060 1089 4133 vocabulum
1120 4059 1440 4126 Arabicum,
1489 4077 1602 4133 quo
1637 4063 1811 4117 utitur
1839 4061 2123 4120 Mobame—

523 4130 642 4191 des,
675 4131 988 4200 signiﬁcare
1016 4144 1129 4186 tum
1161 4133 1481 4202 ὁλόσφυρον,
1507 4130 1764 4199 solidum,
1801 4143 1916 4188 tum
1950 4137 2119 4190 etiam

522 4212 801 4284 (sternam,
823 4202 935 4284 ja_m
965 4204 1367 4284 adngtaverupt
1389 4203 1663 4284 llelandus
1691 4205 1744 4257 in
1778 4203 2120 4284 Ilo/mmedi-

521 4271 728 4357 εἰτ’
765 4271 833 4357 ‘ll,
869 4273 924 4357 ξ).
972 4271 1392 4357 etuFreytagius
1427 4276 1478 4329 in
1511 4273 1749 4357 Lexico.
1784 4275 1850 4327 Et
1888 4276 2111 4357 quidem

520 4350 650 4396 ante
685 4340 988 4396 Rclandnm
1018 4340 1321 4398 Maraccius
1347 4347 1703 4401 transtulerat
1733 4340 2112 4412 sempiternum

521 4412 578 4464 in
600 4427 734 4483 sura
764 4411 926 4478 CXII,
959 4413 1016 4478 2,
1048 4417 1113 4468 de
1142 4429 1253 4483 quo
1272 4415 1394 4468 loco
1427 4430 1573 4471 nunc
1599 4415 1842 4483 loquitur
1871 4415 2110 4480 Nicetes,

2220 3795 2486 3864 νημένους
2537 3792 2630 3847 ὑπ’
2656 3792 2847 3859 αὐτοῦ,
2887 3793 2964 3863 μὴ
2998 3793 3143 3862 ἔχειν
3177 3794 3234 3845 ἐν
3259 3790 3467 3861 διανοίᾳ
3505 3791 3804 3861 δισταγμὸν

2225 3886 2353 3956 περὶ
2391 3885 2490 3956 τῆς
2526 3884 2812 3956 άπατηλῆς
2847 3883 3015 3938 αὐτοῦ
3063 3883 3270 3953 ταύτης
3303 3885 3522 3954 γραφῆς
3577 3881 3692 3952 (20)
3723 3881 3804 3935 ὅτι

2226 4063 2299 4117 ita
2333 4060 2582 4118 vicissim
2618 4060 2968 4131 Zygabcnnm
3018 4069 3242 4131 secutus
3271 4071 3356 4118 est
3393 4063 3613 4120 Hicetas
3651 4063 3799 4119 Cho-

2227 4135 2375 4186 niata
2406 4134 2460 4204 i_n
2511 4130 2823 4204 orthodoxa:
2861 4131 2990 4204 ﬁdei
3034 4130 3304 4204 Thesauro
3343 4148 3372 4187 a
3415 4136 3576 4189 nobis
3604 4136 3800 4204 partim

2221 4205 2368 4276 edito
2401 4201 2601 4276 Speril.
2637 4201 2793 4276 Rom.
2831 4199 2870 4276 ιζ
2906 4199 2994 4264 IV,
3018 4203 3124 4276 ubi
3157 4203 3356 4276 videsis
3381 4199 3630 4276 paginam
3669 4206 3794 4259 492.

2222 4272 2303 4328 Re
2330 4275 2547 4342 quidem
2582 4287 2708 4325 vera
2743 4272 3090 4327 Mobamedcs
3117 4275 3352 4338 pritnum
3384 4272 3655 4328 boininem
3689 4276 3799 4328 for-

2223 4356 2430 4398 matum
2457 4357 2486 4396 a
2534 4342 2641 4396 Deo
2671 4357 2737 4396 ex
2772 4343 2888 4396 luto
2917 4359 3012 4397 seu
3046 4343 3286 4412 pulvere,
3318 4343 3572 4413 deinceps
3615 4345 3796 4398 homi—

2223 4429 2322 4468 nes
2349 4428 2416 4468 ex
2459 4414 2760 4484 sanguineo
2787 4414 3040 4482 coagulo,
3077 4430 3172 4471 seu
3207 4417 3271 4467 ὲκ
3321 4414 3418 4468 τοῦ
3457 4415 3796 4484 σπέρματος,

521 4482 681 4551 cujus
708 4482 1190 4538 ballucinationem
1223 4495 1446 4540 secutus
1473 4496 1556 4542 est
1586 4482 1913 4554 Euthymius
1938 4485 2112 4556 Zyga-
2149 4527 2192 4580 υ
2219 4485 2391 4555 gigni,
2429 4482 2701 4580 ‘plurimis
2734 4484 2786 4536 in
2843 4485 2976 4537 locis
3010 4493 3196 4552 aperte
3249 4487 3406 4546 dicit,
3442 4482 3575 4539 sur.‘
3605 4482 3793 4543 XVIII.

523 4552 695 4580 ll.\nll.\
727 4552 778 4580 ἶ..
813 4554 1071 4580 Ι),........Ι;..
1122 4552 1212 4580 ΜΛ.
1237 4563 1317 4580 ι...-
1339 4571 1464 4580 un-..
1501 4555 1832 4580 ουκ-Ληιζηηη
1867 4572 1970 4580 ..ι-.-
2003 4555 2088 4580 ΧῚΙ
2220 4555 2286 4580 πο
2316 4573 2328 4580 .
2369 4553 2412 4580 v
2477 4553 2516 4580 II
2577 4552 2604 4580 Ε
2661 4552 2826 4580 ῪΫΙΙΙ
2876 4557 2939 4580 At.)
2963 4572 2975 4580 .
3017 4553 3207 4580 νγνη
3261 4555 3290 4580 ⁸⁵1
3349 4557 3380 4580 υ
3407 4573 3418 4580 .
3455 4554 3591 4580 νγν
3613 4557 3647 4580 \I
3700 4557 3754 4580 ΔΙ
3780 4573 3792 4580 .

521 4552 698 4607 benus
727 4552 779 4605 in
807 4552 1317 4626 PanopliarNoster
1337 4571 1468 4614 vero
1501 4552 1834 4626 Byzantinus
1865 4552 2115 4608 ηοιίὸλό-

524 4638 732 4692 σφυρον
783 4625 992 4690 scribit,
1025 4625 1118 4678 sed
1170 4625 1518 4694 ὁλόσφαιρον,
1546 4625 1842 4693 scripturae
1873 4635 1932 4680 ut
1979 4636 2114 4694 puto

521 4693 880 4749 similitudine
912 4696 1192 4764 deceptus.
1228 4694 1292 4749 Et
1316 4693 1549 4764 quidem
1585 4696 1738 4764 prius
1777 4693 2105 4751 vocabulum

519 4764 752 4837 Arabico
779 4767 1091 4835 respondet.
1109 4781 1220 4837 non
1242 4769 1368 4837 item
1387 4769 1709 4822 secundum.
1736 4765 1958 4821 Corruit
1981 4782 2112 4837 ergo

519 4834 822 4906 simultota
856 4834 1209 4905 reprehensio
1249 4836 1376 4890 hinc
1407 4851 1772 4905 consequens,
1821 4837 1965 4906 quod
1996 4834 2113 4891 ne»-

519 4904 808 4959 hamedani
851 4904 1020 4960 Deum
1064 4907 1402 4961 materialem
1443 4922 1563 4962 esse
1593 4904 1929 4961 existiment.
1981 4907 2112 4961 Lin-

519 4990 637 5048 gua;
666 4991 874 5048 nempe
935 4976 1184 5030 Arabicae
1233 4979 1397 5048 nimis
1443 4989 1590 5048 arcta
1648 4986 1744 5031 aut
1792 4978 2110 5048 imperfecta

519 5045 738 5118 notitia“
769 5045 978 5118 multas
1021 5051 1162 5115 apud
1225 5047 1446 5101 Graecos
1502 5047 1840 5117 Latinosque
1868 5045 1885 5048 ’
1901 5049 2111 5118 peperit

519 5114 908 5170 absurditates.
959 5116 1035 5170 De
1063 5114 1189 5171 hoc
1225 5118 1460 5172 Arabico
1500 5114 1767 5173 vocabulo
1813 5114 1921 5173 non
1970 5114 2112 5172 inale

517 5184 950 5260 Bartliolemreus
1011 5188 1316 5260 monachus
1351 5188 1664 5244 Edessenus
1693 5206 1724 5244 a
1753 5189 1971 5260 Moynio
1993 5189 2110 5260 edif-

519 5265 609 5309 tus
645 5255 774 5327 Var.
799 5274 940 5310 sacr.
968 5268 1006 5311 t.
1034 5257 1074 5319 I,
1109 5273 1161 5326 p.
1186 5258 1309 5320 508,
1343 5275 1504 5327 quem
1531 5261 1657 5314 item
1681 5262 1825 5316 inter
1844 5255 2108 5314 'Aleorani

521 5325 898 5382 conl‘utatores
934 5325 1204 5396 ignoravit
1243 5325 1566 5385 Maraccius.

594 5399 705 5467 (I5)
741 5401 864 5452 Snr.
896 5397 1083 5459 XCVI,
1111 5400 1165 5452 2.

590 5468 704 5536 (I6)
736 5467 946 5522 llursus
975 5470 1354 5535 ballncinatio,
1388 5487 1554 5542 quam
1591 5471 1758 5527 etiam
1786 5469 2108 5542 Zygabenus

517 5542 736 5606 repetit,
760 5555 826 5593 ex
863 5542 1130 5594 vocabulo
1162 5544 1399 5597 Arabico
1423 5544 1567 5611 quod
1600 5543 1824 5612 sanguis
1852 5542 2106 5612 coagula-

518 5618 628 5682 ωε
665 5621 823 5682 sonat
865 5619 984 5673 (seu
1020 5612 1242 5682 σπέρμα
1284 5613 1654 5682 γεννητικόν),
1708 5622 1763 5666 et
1819 5628 1946 5666 cum
2003 5613 2106 5667 levi

516 5680 780 5746 yarictate
803 5681 1018 5734 hirudo.
1056 5680 1130 5734 Ita
1148 5680 1294 5737 enim
1327 5680 1472 5738 recte
1507 5680 1834 5746 Maraccius,
1869 5699 1971 5738 nec
1995 5697 2103 5737 non

516 5743 797 5822 Relandus
826 5752 922 5803 lib.
955 5767 1014 5813 ιι,
1047 5752 1136 5816 56,
1175 5763 1224 5806 et
1255 5753 1574 5822 Freytagius
1600 5755 1651 5806 in
1679 5743 1900 5807 Lexico.
1935 5752 2106 5808 Porro

515 5823 576 5866 ut
598 5814 920 5886 Zygahenus
941 5814 1166 5876 secutus
1195 5833 1278 5878 est
1300 5814 1503 5877 Ni'cctie
1525 5823 1810 5892 Byzantini
1834 5839 2102 5892 errorem,

2218 4552 2330 4620 38';
2369 4552 2542 4618 XXII,
2574 4552 2850 4621 5.7XXIII,
2876 4557 2977 4619 I2;
3015 4553 3230 4612 XXXII.
3261 4555 3315 4621 7,
3348 4557 3420 4621 ὃς
3455 4554 3673 4614 XXXV,
3698 4557 3793 4619 II;

2217 4623 2345 4750 xlii),
2396 4625 2496 4690 69;
2563 4620 2674 4688 LV,
2729 4625 2831 4690 I4;
2896 4623 3122 4690 LXXV,
3183 4620 3540 4692 57;7XCVI,
3603 4627 3692 4691 12,
3741 4637 3793 4680 et

2217 4711 2288 4750 at
2333 4713 2370 4750 I.

2217 4697 2370 4751 alibi.

2291 4767 2402 4838 (I7)
2437 4766 2564 4823 Sttr.
2599 4767 2794 4831 XVIII,
2823 4766 2914 4822 87.

2287 4834 2398 4907 (18)
2441 4840 2564 4891 Sur.
2612 4839 2676 4903 ΙΙ,
2714 4838 2858 4903 I‘J‘Z;
2893 4834 2983 4901 IX,
3016 4835 3073 4902 6,
3098 4835 3352 4907 75,7135.

2288 4906 2398 4977 (19)
2431 4911 2900 4964 Anachronismus
2929 4908 3159 4978 insignis
3175 4906 3536 4975 Mobamedis,
3556 4906 3786 4964 hominis

2218 4979 2646 5032 illitteratissimi
2677 4997 2691 5045 ;
2731 4981 2823 5046 qui
2851 4993 3007 5031 error
3037 4978 3172 5032 satis
3202 4980 3551 5048 comprobari
3581 4981 3788 5033 videtur

2213 5065 2279 5102 ex
2311 5064 2438 5102 sura
2462 5049 2604 5114 XIX,
2627 5051 2718 5110 '27,
2747 5059 3062 5117 comparata
3086 5064 3212 5102 cum
3241 5065 3371 5104 sura
3396 5051 3482 5113 Ill,
3518 5051 3571 5108 1.
3608 5050 3792 5118 Quan-

2213 5135 2378 5188 quam
2412 5119 2818 5179 Mohamedani.
2853 5119 3212 5187 nonnullique
3260 5120 3586 5186 Christiani,
3627 5119 3789 5175 veluti

2214 5189 2540 5244 Ilerbelotus
2570 5201 2625 5245 et
2659 5190 2939 5244 Ilelandus
2964 5188 3026 5252 II,
3057 5190 3150 5255 ‘20,
3203 5198 3416 5246 textum
3467 5191 3793 5246 historicum

2213 5259 2470 5314 Alcorani
2499 5261 2656 5314 aliter
2684 5261 2958 5329 explicare
2983 5277 3088 5313 non
3113 5262 3553 5329 iniprobabiliter
3581 5263 3791 5322 volunt,

2213 5329 2545 5399 quibuscum
2604 5341 2787 5384 tamen
2839 5329 3142 5385 Maraccins
3191 5345 3300 5385 non
3351 5332 3628 5386 consentit
3684 5331 3790 5394 t.l,

2211 5409 2355 5470 part.
2393 5417 2475 5470 tv,
2493 5401 2583 5464 85,
2615 5413 2672 5456 et
2708 5411 2746 5455 l.
2779 5401 2838 5463 Il,
2874 5415 2926 5470 p.
2958 5401 3082 5454 115.

2309 5471 2401 5541 20)
2433 5469 2613 5541 Vulgo
2639 5469 2960 5526 scribuntur
2984 5472 3279 5536 sectiones,
3305 5489 3402 5527 seu
3433 5487 3598 5534 sum,
3631 5472 3792 5526 Alco-

2211 5543 2332 5596 rani
2363 5541 2547 5604 CXIV,
2577 5545 2705 5611 quia
2735 5545 2910 5609 prima
2941 5545 3107 5597 etiam
3139 5554 3478 5607 numeratur,
3506 5558 3673 5613 quam
3707 5553 3792 5597 ut-

2211 5623 2336 5681 pote
2391 5615 2592 5667 nudam
2659 5615 3062 5667 invocationem
3130 5629 3224 5668 seu
3290 5613 3788 5683 pt-afatiunculam,

2211 5685 2384 5738 (ἐπ’ωοὶ
2447 5687 2499 5736 in
2555 5700 2844 5738 numerum
2887 5698 2990 5736 non
3049 5682 3376 5738 referebant.
3435 5682 3688 5751 Namque
3738 5693 3791 5735 et

2211 5753 2452 5808 lin-editis
2475 5758 2778 5825 monachus
2811 5756 2952 5820 apud
2998 5753 3274 5819 Euthymii
3304 5753 3574 5825 Zygabeni
3614 5753 3790 5807 Pauo-

2211 5825 2401 5893 plt’am,
2437 5827 2521 5879 tit.
2575 5824 2770 5889 XXIV,
2807 5825 2861 5888 ‘2,
2915 5839 3074 5880 suras
3129 5823 3357 5879 nonnisi
3387 5823 3582 5878 CCXIII
3632 5826 3786 5883 dictt,
