  <div class='ocr_page' id='page_1' title='image "/cluster/home/n/w/nwhite01/storage/ocr_20150623/105/coo.31924054870096/374.png"; bbox 0 0 4048 6412; ppageno 0'>
   <div class='ocr_carea' id='block_1_1' title="bbox 208 416 327 481">
    <p class='ocr_par' dir='ltr' id='par_1_1' title="bbox 208 416 327 481">
     <span class='ocr_line' id='line_1_1' title="bbox 208 416 327 481; baseline 0 0"><span class='ocrx_word' id='word_1_1' title='bbox 208 416 327 481; x_wconf 77' lang='lat'><strong>709</strong></span> 
     </span>
    </p>
   </div>
   <div class='ocr_carea' id='block_1_2' title="bbox 1389 404 2342 472">
    <p class='ocr_par' dir='ltr' id='par_1_2' title="bbox 1389 404 2342 472">
     <span class='ocr_line' id='line_1_2' title="bbox 1389 404 2342 472; baseline -0.006 1"><span class='ocrx_word' id='word_1_2' title='bbox 1389 406 1827 472; x_wconf 85' lang='lat' dir='ltr'><strong>REFUTATIO</strong></span> <span class='ocrx_word' id='word_1_3' title='bbox 1860 404 2342 467; x_wconf 75' lang='lat' dir='ltr'><strong>MOHAMEDIS.</strong></span> 
     </span>
    </p>
   </div>
   <div class='ocr_carea' id='block_1_3' title="bbox 3386 402 3494 469">
    <p class='ocr_par' dir='ltr' id='par_1_3' title="bbox 3386 402 3494 469">
     <span class='ocr_line' id='line_1_3' title="bbox 3386 402 3494 469; baseline 0 -1"><span class='ocrx_word' id='word_1_4' title='bbox 3386 402 3494 469; x_wconf 85' lang='grc'><strong>’110</strong></span> 
     </span>
    </p>
   </div>
   <div class='ocr_carea' id='block_1_4' title="bbox 213 514 1816 603">
    <p class='ocr_par' dir='ltr' id='par_1_4' title="bbox 213 522 1813 603">
     <span class='ocr_line' id='line_1_4' title="bbox 213 522 1813 603; baseline -0.008 -18"><span class='ocrx_word' id='word_1_5' title='bbox 213 528 432 603; x_wconf 77' lang='grc' dir='ltr'>ψευδῶς</span> <span class='ocrx_word' id='word_1_6' title='bbox 461 525 773 597; x_wconf 77' lang='grc' dir='ltr'>γέγραπται</span> <span class='ocrx_word' id='word_1_7' title='bbox 795 541 807 554; x_wconf 90' lang='grc'><strong>·</strong></span> <span class='ocrx_word' id='word_1_8' title='bbox 836 525 931 580; x_wconf 78' lang='grc' dir='ltr'>καὶ</span> <span class='ocrx_word' id='word_1_9' title='bbox 961 524 1097 595; x_wconf 83' lang='grc' dir='ltr'>πρὸς</span> <span class='ocrx_word' id='word_1_10' title='bbox 1124 524 1184 580; x_wconf 86' lang='grc' dir='ltr'>τὸ</span> <span class='ocrx_word' id='word_1_11' title='bbox 1210 522 1444 595; x_wconf 82' lang='grc' dir='ltr'>πιθανὴν</span> <span class='ocrx_word' id='word_1_12' title='bbox 1465 524 1566 595; x_wconf 73' lang='grc' dir='ltr'>τὴν</span> <span class='ocrx_word' id='word_1_13' title='bbox 1595 523 1813 592; x_wconf 77' lang='grc' dir='ltr'><strong>ἀπάτην</strong></span> 
     </span>
    </p>
   </div>
   <div class='ocr_carea' id='block_1_5' title="bbox 1924 514 3494 603">
    <p class='ocr_par' dir='ltr' id='par_1_5' title="bbox 1924 514 3494 590">
     <span class='ocr_line' id='line_1_5' title="bbox 1924 514 3494 590; baseline 0.001 -18"><span class='ocrx_word' id='word_1_14' title='bbox 1924 519 2096 590; x_wconf 75' lang='lat' dir='ltr'><strong>Atque</strong></span> <span class='ocrx_word' id='word_1_15' title='bbox 2122 530 2183 573; x_wconf 90' lang='lat' dir='ltr'><strong>ut</strong></span> <span class='ocrx_word' id='word_1_16' title='bbox 2209 518 2397 572; x_wconf 87' lang='lat' dir='ltr'><strong>dolum</strong></span> <span class='ocrx_word' id='word_1_17' title='bbox 2431 531 2595 573; x_wconf 87' lang='lat' dir='ltr'><strong>suum</strong></span> <span class='ocrx_word' id='word_1_18' title='bbox 2623 514 2941 572; x_wconf 81' lang='lat' dir='ltr'><strong>credibilem</strong></span> <span class='ocrx_word' id='word_1_19' title='bbox 2973 515 3159 582; x_wconf 77' lang='lat' dir='ltr'><strong>faciat,</strong></span> <span class='ocrx_word' id='word_1_20' title='bbox 3189 530 3314 574; x_wconf 88' lang='lat' dir='ltr'><strong>cum</strong></span> <span class='ocrx_word' id='word_1_21' title='bbox 3336 532 3494 575; x_wconf 85' lang='lat' dir='ltr'><strong>antc—</strong></span> 
     </span>
    </p>
   </div>
   <div class='ocr_carea' id='block_1_6' title="bbox 214 613 1811 686">
    <p class='ocr_par' dir='ltr' id='par_1_6' title="bbox 214 613 1811 686">
     <span class='ocr_line' id='line_1_6' title="bbox 214 613 1811 686; baseline -0.005 -13"><span class='ocrx_word' id='word_1_22' title='bbox 214 615 535 674; x_wconf 74' lang='grc' dir='ltr'>δείκνυεθαι</span> <span class='ocrx_word' id='word_1_23' title='bbox 562 614 695 683; x_wconf 69' lang='grc'><strong>(21),</strong></span> <span class='ocrx_word' id='word_1_24' title='bbox 713 614 1174 685; x_wconf 80' lang='grc' dir='ltr'>συναποδέχεοθαι</span> <span class='ocrx_word' id='word_1_25' title='bbox 1202 617 1323 677; x_wconf 79' lang='grc' dir='ltr'>ταῖς</span> <span class='ocrx_word' id='word_1_26' title='bbox 1353 614 1599 686; x_wconf 76' lang='grc' dir='ltr'><strong>πρώταις</strong></span> <span class='ocrx_word' id='word_1_27' title='bbox 1627 613 1811 680; x_wconf 84' lang='grc' dir='ltr'>ἁγίαις</span> 
     </span>
    </p>
   </div>
   <div class='ocr_carea' id='block_1_7' title="bbox 219 702 1810 779">
    <p class='ocr_par' dir='ltr' id='par_1_7' title="bbox 219 702 1810 779">
     <span class='ocr_line' id='line_1_7' title="bbox 219 702 1810 779; baseline -0.004 -16"><span class='ocrx_word' id='word_1_28' title='bbox 219 708 491 779; x_wconf 77' lang='grc' dir='ltr'>Γραφαίς,</span> <span class='ocrx_word' id='word_1_29' title='bbox 526 705 624 758; x_wconf 76' lang='grc' dir='ltr'>καίι</span> <span class='ocrx_word' id='word_1_30' title='bbox 649 703 858 774; x_wconf 86' lang='grc' dir='ltr'>ταύτην</span> <span class='ocrx_word' id='word_1_31' title='bbox 891 702 1029 775; x_wconf 63' lang='grc' dir='ltr'>[βοά.</span> <span class='ocrx_word' id='word_1_32' title='bbox 1057 702 1308 776; x_wconf 81' lang='grc' dir='ltr'>ταύταις]</span> <span class='ocrx_word' id='word_1_33' title='bbox 1349 704 1810 775; x_wconf 82' lang='grc' dir='ltr'><strong>παρακελεύεται,</strong></span> 
     </span>
    </p>
   </div>
   <div class='ocr_carea' id='block_1_8' title="bbox 224 789 1814 867">
    <p class='ocr_par' dir='ltr' id='par_1_8' title="bbox 224 789 1814 867">
     <span class='ocr_line' id='line_1_8' title="bbox 224 789 1814 867; baseline -0.006 -13"><span class='ocrx_word' id='word_1_34' title='bbox 224 802 334 854; x_wconf 80' lang='grc' dir='ltr'><strong>οὑκ</strong></span> <span class='ocrx_word' id='word_1_35' title='bbox 372 795 521 857; x_wconf 80' lang='grc' dir='ltr'>εἰδὼς</span> <span class='ocrx_word' id='word_1_36' title='bbox 552 796 581 850; x_wconf 83' lang='grc' dir='ltr'><strong>ό</strong></span> <span class='ocrx_word' id='word_1_37' title='bbox 615 789 894 867; x_wconf 81' lang='grc' dir='ltr'>βάρϐαρος</span> <span class='ocrx_word' id='word_1_38' title='bbox 924 796 1009 848; x_wconf 72' lang='grc' dir='ltr'><strong>ἐπ’</strong></span> <span class='ocrx_word' id='word_1_39' title='bbox 1064 796 1345 865; x_wconf 78' lang='grc' dir='ltr'><strong>ἀνατροπῇ</strong></span> <span class='ocrx_word' id='word_1_40' title='bbox 1397 793 1596 848; x_wconf 77' lang='grc' dir='ltr'>ἑαυτοῦ</span> <span class='ocrx_word' id='word_1_41' title='bbox 1652 793 1814 846; x_wconf 82' lang='grc' dir='ltr'>τοῦτο</span> 
     </span>
    </p>
   </div>
   <div class='ocr_carea' id='block_1_9' title="bbox 227 886 1813 961">
    <p class='ocr_par' dir='ltr' id='par_1_9' title="bbox 227 886 1813 961">
     <span class='ocr_line' id='line_1_9' title="bbox 227 886 1813 961; baseline -0.004 -16"><span class='ocrx_word' id='word_1_42' title='bbox 227 893 510 961; x_wconf 87' lang='grc' dir='ltr'>γινόμενον</span> <span class='ocrx_word' id='word_1_43' title='bbox 529 905 543 918; x_wconf 82' lang='grc'><em>’</em></span> <span class='ocrx_word' id='word_1_44' title='bbox 576 888 719 942; x_wconf 84' lang='grc' dir='ltr'><strong>κατά</strong></span> <span class='ocrx_word' id='word_1_45' title='bbox 751 888 1033 958; x_wconf 73' lang='grc' dir='ltr'>συνέχειαν</span> <span class='ocrx_word' id='word_1_46' title='bbox 1060 887 1117 941; x_wconf 79' lang='grc' dir='ltr'>δὲ</span> <span class='ocrx_word' id='word_1_47' title='bbox 1153 888 1253 956; x_wconf 84' lang='grc' dir='ltr'>τὴν</span> <span class='ocrx_word' id='word_1_48' title='bbox 1277 888 1367 941; x_wconf 80' lang='grc' dir='ltr'>ἀεὶ</span> <span class='ocrx_word' id='word_1_49' title='bbox 1391 888 1531 955; x_wconf 89' lang='grc' dir='ltr'>πρὸς</span> <span class='ocrx_word' id='word_1_50' title='bbox 1556 887 1684 949; x_wconf 79' lang='grc' dir='ltr'>τοὺς</span> <span class='ocrx_word' id='word_1_51' title='bbox 1733 886 1813 939; x_wconf 81' lang='grc' dir='ltr'>δι·</span> 
     </span>
    </p>
   </div>
   <div class='ocr_carea' id='block_1_10' title="bbox 227 973 1813 1049">
    <p class='ocr_par' dir='ltr' id='par_1_10' title="bbox 227 973 1813 1049">
     <span class='ocr_line' id='line_1_10' title="bbox 227 973 1813 1049; baseline -0.006 -12"><span class='ocrx_word' id='word_1_52' title='bbox 227 980 594 1043; x_wconf 83' lang='grc' dir='ltr'>απιστοῦντας</span> <span class='ocrx_word' id='word_1_53' title='bbox 619 979 700 1049; x_wconf 85' lang='grc' dir='ltr'>τῷ</span> <span class='ocrx_word' id='word_1_54' title='bbox 728 978 1038 1048; x_wconf 80' lang='grc' dir='ltr'>ὰσυμφόρῳ</span> <span class='ocrx_word' id='word_1_55' title='bbox 1054 977 1163 1030; x_wconf 84' lang='grc' dir='ltr'><strong>τῶν</strong></span> <span class='ocrx_word' id='word_1_56' title='bbox 1194 976 1360 1030; x_wconf 81' lang='grc' dir='ltr'>αὑτοῦ</span> <span class='ocrx_word' id='word_1_57' title='bbox 1383 976 1580 1044; x_wconf 89' lang='grc' dir='ltr'>λόγων,</span> <span class='ocrx_word' id='word_1_58' title='bbox 1615 973 1813 1028; x_wconf 84' lang='grc' dir='ltr'>ἀπολο-</span> 
     </span>
    </p>
   </div>
   <div class='ocr_carea' id='block_1_11' title="bbox 222 1064 1809 1142">
    <p class='ocr_par' dir='ltr' id='par_1_11' title="bbox 222 1064 1809 1142">
     <span class='ocr_line' id='line_1_11' title="bbox 222 1064 1809 1142; baseline -0.005 -16"><span class='ocrx_word' id='word_1_59' title='bbox 222 1075 352 1140; x_wconf 82' lang='grc' dir='ltr'>γίαν</span> <span class='ocrx_word' id='word_1_60' title='bbox 369 1072 552 1141; x_wconf 83' lang='grc' dir='ltr'>τίθησι</span> <span class='ocrx_word' id='word_1_61' title='bbox 586 1070 792 1142; x_wconf 82' lang='grc' dir='ltr'>μεστὴν</span> <span class='ocrx_word' id='word_1_62' title='bbox 821 1066 989 1123; x_wconf 85' lang='grc' dir='ltr'>οὖσαν</span> <span class='ocrx_word' id='word_1_63' title='bbox 1033 1068 1350 1138; x_wconf 77' lang='grc' dir='ltr'>δυσφημίας</span> <span class='ocrx_word' id='word_1_64' title='bbox 1387 1067 1530 1121; x_wconf 82' lang='grc' dir='ltr'>κατὰ</span> <span class='ocrx_word' id='word_1_65' title='bbox 1562 1065 1656 1120; x_wconf 86' lang='grc' dir='ltr'>τοῦ</span> <span class='ocrx_word' id='word_1_66' title='bbox 1687 1064 1809 1121; x_wconf 75' lang='grc' dir='ltr'>καθ’</span> 
     </span>
    </p>
   </div>
   <div class='ocr_carea' id='block_1_12' title="bbox 218 1158 1815 1235">
    <p class='ocr_par' dir='ltr' id='par_1_12' title="bbox 218 1158 1815 1235">
     <span class='ocr_line' id='line_1_12' title="bbox 218 1158 1815 1235; baseline -0.006 -16"><span class='ocrx_word' id='word_1_67' title='bbox 218 1165 417 1219; x_wconf 76' lang='grc' dir='ltr'>ἑαυτὸν</span> <span class='ocrx_word' id='word_1_68' title='bbox 436 1162 734 1235; x_wconf 83' lang='grc' dir='ltr'>ὀμόσαντος</span> <span class='ocrx_word' id='word_1_69' title='bbox 760 1160 972 1230; x_wconf 79' lang='grc' dir='ltr'><strong>ἀγαθοῦ</strong></span> <span class='ocrx_word' id='word_1_70' title='bbox 998 1162 1092 1214; x_wconf 80' lang='grc' dir='ltr'>καὶ</span> <span class='ocrx_word' id='word_1_71' title='bbox 1118 1159 1501 1230; x_wconf 82' lang='grc' dir='ltr'>φιλανθρώπου</span> <span class='ocrx_word' id='word_1_72' title='bbox 1547 1158 1706 1224; x_wconf 82' lang='grc' dir='ltr'>Θεοῦ,</span> <span class='ocrx_word' id='word_1_73' title='bbox 1731 1160 1815 1212; x_wconf 81' lang='grc' dir='ltr'>ὅτι</span> 
     </span>
    </p>
   </div>
   <div class='ocr_carea' id='block_1_13' title="bbox 217 1249 1816 1325">
    <p class='ocr_par' dir='ltr' id='par_1_13' title="bbox 217 1249 1816 1325">
     <span class='ocr_line' id='line_1_13' title="bbox 217 1249 1816 1325; baseline -0.004 -17"><span class='ocrx_word' id='word_1_74' title='bbox 217 1257 282 1308; x_wconf 82' lang='grc' dir='ltr'>οὐ</span> <span class='ocrx_word' id='word_1_75' title='bbox 318 1254 568 1325; x_wconf 85' lang='grc' dir='ltr'>βούλεται</span> <span class='ocrx_word' id='word_1_76' title='bbox 598 1252 691 1306; x_wconf 84' lang='grc' dir='ltr'>τὸν</span> <span class='ocrx_word' id='word_1_77' title='bbox 721 1252 952 1306; x_wconf 84' lang='grc' dir='ltr'>θάνατον</span> <span class='ocrx_word' id='word_1_78' title='bbox 978 1250 1073 1305; x_wconf 84' lang='grc' dir='ltr'><strong>τοῦ</strong></span> <span class='ocrx_word' id='word_1_79' title='bbox 1114 1249 1465 1321; x_wconf 83' lang='grc' dir='ltr'>ἀμαρτωλοῦ,</span> <span class='ocrx_word' id='word_1_80' title='bbox 1489 1249 1565 1313; x_wconf 86' lang='grc' dir='ltr'>ὡς</span> <span class='ocrx_word' id='word_1_81' title='bbox 1603 1249 1666 1303; x_wconf 88' lang='grc' dir='ltr'>τὸ</span> <span class='ocrx_word' id='word_1_82' title='bbox 1695 1253 1816 1303; x_wconf 82' lang='grc' dir='ltr'>ὲπι-</span> 
     </span>
    </p>
   </div>
   <div class='ocr_carea' id='block_1_14' title="bbox 219 1342 1816 1421">
    <p class='ocr_par' dir='ltr' id='par_1_14' title="bbox 219 1342 1816 1421">
     <span class='ocr_line' id='line_1_14' title="bbox 219 1342 1816 1421; baseline -0.003 -21"><span class='ocrx_word' id='word_1_83' title='bbox 219 1347 457 1421; x_wconf 77' lang='grc' dir='ltr'>στρέψαι</span> <span class='ocrx_word' id='word_1_84' title='bbox 497 1346 593 1400; x_wconf 64' lang='grc' dir='ltr'><strong>κα)⁵</strong></span> <span class='ocrx_word' id='word_1_85' title='bbox 620 1345 720 1416; x_wconf 79' lang='grc' dir='ltr'><strong>ζῇν</strong></span> <span class='ocrx_word' id='word_1_86' title='bbox 747 1345 911 1399; x_wconf 80' lang='grc' dir='ltr'>αὐτόν</span> <span class='ocrx_word' id='word_1_87' title='bbox 929 1359 945 1375; x_wconf 82' lang='grc'>⁶</span> <span class='ocrx_word' id='word_1_88' title='bbox 990 1344 1107 1397; x_wconf 80' lang='grc' dir='ltr'>ἔστι</span> <span class='ocrx_word' id='word_1_89' title='bbox 1135 1345 1194 1397; x_wconf 80' lang='grc' dir='ltr'>δὲ</span> <span class='ocrx_word' id='word_1_90' title='bbox 1226 1342 1366 1414; x_wconf 75' lang='grc' dir='ltr'>αὕτη</span> <span class='ocrx_word' id='word_1_91' title='bbox 1390 1358 1403 1371; x_wconf 90' lang='grc'><strong>·</strong></span> <span class='ocrx_word' id='word_1_92' title='bbox 1453 1343 1535 1396; x_wconf 84' lang='grc' dir='ltr'>ὅτι</span> <span class='ocrx_word' id='word_1_93' title='bbox 1563 1342 1689 1406; x_wconf 80' lang='grc' dir='ltr'>τοὺς</span> <span class='ocrx_word' id='word_1_94' title='bbox 1717 1358 1816 1395; x_wconf 83' lang='grc' dir='ltr'>πε-</span> 
     </span>
    </p>
   </div>
   <div class='ocr_carea' id='block_1_15' title="bbox 217 1433 1818 1510">
    <p class='ocr_par' dir='ltr' id='par_1_15' title="bbox 217 1433 1818 1510">
     <span class='ocr_line' id='line_1_15' title="bbox 217 1433 1818 1510; baseline -0.005 -16"><span class='ocrx_word' id='word_1_95' title='bbox 217 1442 587 1503; x_wconf 85' lang='grc' dir='ltr'>πιστευκότας</span> <span class='ocrx_word' id='word_1_96' title='bbox 616 1442 682 1510; x_wconf 80' lang='grc' dir='ltr'>τῇ</span> <span class='ocrx_word' id='word_1_97' title='bbox 707 1439 935 1510; x_wconf 80' lang='grc' dir='ltr'>τοιαύτῃ</span> <span class='ocrx_word' id='word_1_98' title='bbox 964 1439 1152 1508; x_wconf 78' lang='grc' dir='ltr'>γραφῇ</span> <span class='ocrx_word' id='word_1_99' title='bbox 1185 1439 1213 1490; x_wconf 89' lang='grc' dir='ltr'><strong>ό</strong></span> <span class='ocrx_word' id='word_1_100' title='bbox 1261 1435 1394 1499; x_wconf 88' lang='grc' dir='ltr'>Θεὸς</span> <span class='ocrx_word' id='word_1_101' title='bbox 1429 1433 1699 1497; x_wconf 77' lang='grc' dir='ltr'>συνετίζει</span> <span class='ocrx_word' id='word_1_102' title='bbox 1728 1451 1818 1486; x_wconf 88' lang='grc' dir='ltr'>πι-</span> 
     </span>
    </p>
   </div>
   <div class='ocr_carea' id='block_1_16' title="bbox 221 1524 1817 1603">
    <p class='ocr_par' dir='ltr' id='par_1_16' title="bbox 221 1524 1817 1603">
     <span class='ocr_line' id='line_1_16' title="bbox 221 1524 1817 1603; baseline -0.006 -16"><span class='ocrx_word' id='word_1_103' title='bbox 221 1534 450 1587; x_wconf 82' lang='grc' dir='ltr'>στεῦσαι</span> <span class='ocrx_word' id='word_1_104' title='bbox 487 1531 603 1603; x_wconf 71' lang='lat'><strong>(‘22)</strong></span> <span class='ocrx_word' id='word_1_105' title='bbox 626 1547 639 1560; x_wconf 86' lang='lat'><strong>&#39;</strong></span> <span class='ocrx_word' id='word_1_106' title='bbox 678 1530 808 1596; x_wconf 82' lang='grc' dir='ltr'>τοὺς</span> <span class='ocrx_word' id='word_1_107' title='bbox 857 1529 916 1583; x_wconf 78' lang='grc' dir='ltr'>δὲ</span> <span class='ocrx_word' id='word_1_108' title='bbox 949 1527 1372 1591; x_wconf 81' lang='grc' dir='ltr'>διαπιστοῦντας</span> <span class='ocrx_word' id='word_1_109' title='bbox 1428 1528 1592 1591; x_wconf 74' lang='grc' dir='ltr'>αὐτὸς</span> <span class='ocrx_word' id='word_1_110' title='bbox 1618 1524 1817 1580; x_wconf 84' lang='grc' dir='ltr'><strong>κωλύει</strong></span> 
     </span>
    </p>
   </div>
   <div class='ocr_carea' id='block_1_17' title="bbox 220 1616 1816 1693">
    <p class='ocr_par' dir='ltr' id='par_1_17' title="bbox 220 1616 1816 1693">
     <span class='ocr_line' id='line_1_17' title="bbox 220 1616 1816 1693; baseline -0.004 -14"><span class='ocrx_word' id='word_1_111' title='bbox 220 1625 518 1679; x_wconf 83' lang='grc' dir='ltr'>πιστεῦσαι</span> <span class='ocrx_word' id='word_1_112' title='bbox 543 1622 655 1693; x_wconf 71' lang='grc'><strong>(25)</strong></span> <span class='ocrx_word' id='word_1_113' title='bbox 672 1639 686 1655; x_wconf 78' lang='grc' dir='ltr'><strong>ο</strong></span> <span class='ocrx_word' id='word_1_114' title='bbox 721 1621 969 1690; x_wconf 83' lang='grc' dir='ltr'>καίτοιγε</span> <span class='ocrx_word' id='word_1_115' title='bbox 991 1620 1209 1689; x_wconf 85' lang='grc' dir='ltr'>ἀληθῶς</span> <span class='ocrx_word' id='word_1_116' title='bbox 1234 1619 1464 1684; x_wconf 73' lang='grc' dir='ltr'>ἐναλλὰξ</span> <span class='ocrx_word' id='word_1_117' title='bbox 1480 1618 1698 1689; x_wconf 68' lang='grc' dir='ltr'>ἔχοντος</span> <span class='ocrx_word' id='word_1_118' title='bbox 1721 1616 1816 1673; x_wconf 81' lang='grc' dir='ltr'>τοῦ</span> 
     </span>
    </p>
   </div>
   <div class='ocr_carea' id='block_1_18' title="bbox 218 1710 1819 1786">
    <p class='ocr_par' dir='ltr' id='par_1_18' title="bbox 218 1710 1819 1786">
     <span class='ocr_line' id='line_1_18' title="bbox 218 1710 1819 1786; baseline -0.005 -15"><span class='ocrx_word' id='word_1_119' title='bbox 218 1717 408 1786; x_wconf 86' lang='grc' dir='ltr'>λόγου,</span> <span class='ocrx_word' id='word_1_120' title='bbox 437 1716 519 1769; x_wconf 83' lang='grc' dir='ltr'>ὅτι</span> <span class='ocrx_word' id='word_1_121' title='bbox 546 1715 675 1778; x_wconf 83' lang='grc' dir='ltr'>τοὺς</span> <span class='ocrx_word' id='word_1_122' title='bbox 695 1713 772 1784; x_wconf 86' lang='grc' dir='ltr'>τῷ</span> <span class='ocrx_word' id='word_1_123' title='bbox 804 1713 1023 1784; x_wconf 80' lang='grc' dir='ltr'>ματαίῳ</span> <span class='ocrx_word' id='word_1_124' title='bbox 1049 1712 1226 1781; x_wconf 82' lang='grc' dir='ltr'>τούτῳ</span> <span class='ocrx_word' id='word_1_125' title='bbox 1256 1712 1614 1782; x_wconf 83' lang='grc' dir='ltr'>πειθομένους</span> <span class='ocrx_word' id='word_1_126' title='bbox 1633 1715 1661 1766; x_wconf 84' lang='grc' dir='ltr'><strong>ὁ</strong></span> <span class='ocrx_word' id='word_1_127' title='bbox 1685 1710 1819 1774; x_wconf 84' lang='grc' dir='ltr'><strong>Θεὸς</strong></span> 
     </span>
    </p>
   </div>
   <div class='ocr_carea' id='block_1_19' title="bbox 217 1803 1819 1880">
    <p class='ocr_par' dir='ltr' id='par_1_19' title="bbox 217 1803 1819 1880">
     <span class='ocr_line' id='line_1_19' title="bbox 217 1803 1819 1880; baseline -0.004 -17"><span class='ocrx_word' id='word_1_128' title='bbox 217 1810 284 1864; x_wconf 86' lang='grc' dir='ltr'><strong>οὑ</strong></span> <span class='ocrx_word' id='word_1_129' title='bbox 322 1809 569 1880; x_wconf 86' lang='grc' dir='ltr'>βούλεται</span> <span class='ocrx_word' id='word_1_130' title='bbox 598 1808 916 1863; x_wconf 82' lang='grc' dir='ltr'>ἀπατᾶσθαι</span> <span class='ocrx_word' id='word_1_131' title='bbox 937 1822 950 1837; x_wconf 78' lang='grc' dir='ltr'><strong>ο</strong></span> <span class='ocrx_word' id='word_1_132' title='bbox 989 1806 1066 1869; x_wconf 83' lang='grc' dir='ltr'>ὡς</span> <span class='ocrx_word' id='word_1_133' title='bbox 1090 1805 1158 1859; x_wconf 83' lang='grc' dir='ltr'>ἂν</span> <span class='ocrx_word' id='word_1_134' title='bbox 1190 1805 1248 1861; x_wconf 79' lang='grc' dir='ltr'>δὲ</span> <span class='ocrx_word' id='word_1_135' title='bbox 1283 1805 1611 1877; x_wconf 79' lang='grc' dir='ltr'>τρανότερον</span> <span class='ocrx_word' id='word_1_136' title='bbox 1639 1804 1704 1857; x_wconf 86' lang='grc' dir='ltr'>τὸ</span> <span class='ocrx_word' id='word_1_137' title='bbox 1731 1803 1819 1857; x_wconf 86' lang='grc' dir='ltr'>λε-</span> 
     </span>
    </p>
   </div>
   <div class='ocr_carea' id='block_1_20' title="bbox 1918 609 3493 682">
    <p class='ocr_par' dir='ltr' id='par_1_20' title="bbox 1918 609 3493 682">
     <span class='ocr_line' id='line_1_20' title="bbox 1918 609 3493 682; baseline 0 -16"><span class='ocrx_word' id='word_1_138' title='bbox 1918 612 2156 668; x_wconf 87' lang='lat' dir='ltr'><strong>rioribus</strong></span> <span class='ocrx_word' id='word_1_139' title='bbox 2188 612 2396 667; x_wconf 88' lang='lat' dir='ltr'><strong>sanctis</strong></span> <span class='ocrx_word' id='word_1_140' title='bbox 2424 610 2725 680; x_wconf 87' lang='lat' dir='ltr'><strong>Scriptnris</strong></span> <span class='ocrx_word' id='word_1_141' title='bbox 2754 609 2856 665; x_wconf 88' lang='lat' dir='ltr'><strong>bas</strong></span> <span class='ocrx_word' id='word_1_142' title='bbox 2878 624 3098 680; x_wconf 89' lang='lat' dir='ltr'><strong>quoque</strong></span> <span class='ocrx_word' id='word_1_143' title='bbox 3127 626 3257 666; x_wconf 89' lang='lat' dir='ltr'><strong>suas</strong></span> <span class='ocrx_word' id='word_1_144' title='bbox 3285 613 3493 682; x_wconf 86' lang='lat' dir='ltr'><strong>suscipi</strong></span> 
     </span>
    </p>
   </div>
   <div class='ocr_carea' id='block_1_21' title="bbox 1909 703 3496 775">
    <p class='ocr_par' dir='ltr' id='par_1_21' title="bbox 1909 703 3496 775">
     <span class='ocr_line' id='line_1_21' title="bbox 1909 703 3496 775; baseline 0 -16"><span class='ocrx_word' id='word_1_145' title='bbox 1909 705 2064 775; x_wconf 85' lang='lat' dir='ltr'><strong>jubet</strong></span> <span class='ocrx_word' id='word_1_146' title='bbox 2089 724 2104 773; x_wconf 91' lang='lat'><strong>;</strong></span> <span class='ocrx_word' id='word_1_147' title='bbox 2148 706 2413 775; x_wconf 79' lang='lat' dir='ltr'><strong>ignorans</strong></span> <span class='ocrx_word' id='word_1_148' title='bbox 2432 704 2722 769; x_wconf 88' lang='lat' dir='ltr'><strong>barbarus,</strong></span> <span class='ocrx_word' id='word_1_149' title='bbox 2746 703 2799 758; x_wconf 91' lang='lat' dir='ltr'><strong>id</strong></span> <span class='ocrx_word' id='word_1_150' title='bbox 2825 704 2893 757; x_wconf 90' lang='lat' dir='ltr'><strong>ad</strong></span> <span class='ocrx_word' id='word_1_151' title='bbox 2924 704 3012 759; x_wconf 91' lang='lat' dir='ltr'><strong>sui</strong></span> <span class='ocrx_word' id='word_1_152' title='bbox 3051 703 3225 773; x_wconf 85' lang='lat' dir='ltr'><strong>ipsius</strong></span> <span class='ocrx_word' id='word_1_153' title='bbox 3256 706 3496 761; x_wconf 89' lang='lat' dir='ltr'><strong>eversio-</strong></span> 
     </span>
    </p>
   </div>
   <div class='ocr_carea' id='block_1_22' title="bbox 1915 795 3496 867">
    <p class='ocr_par' dir='ltr' id='par_1_22' title="bbox 1915 795 3496 867">
     <span class='ocr_line' id='line_1_22' title="bbox 1915 795 3496 867; baseline 0.001 -17"><span class='ocrx_word' id='word_1_154' title='bbox 1915 812 2040 851; x_wconf 90' lang='lat' dir='ltr'><strong>nem</strong></span> <span class='ocrx_word' id='word_1_155' title='bbox 2093 798 2233 851; x_wconf 86' lang='lat' dir='ltr'><strong>lieri.</strong></span> <span class='ocrx_word' id='word_1_156' title='bbox 2282 796 2646 852; x_wconf 87' lang='lat' dir='ltr'><strong>Continenter</strong></span> <span class='ocrx_word' id='word_1_157' title='bbox 2704 804 2885 850; x_wconf 88' lang='lat' dir='ltr'><strong>autem</strong></span> <span class='ocrx_word' id='word_1_158' title='bbox 2934 795 3239 866; x_wconf 78' lang='lat' dir='ltr'><strong>apologiam</strong></span> <span class='ocrx_word' id='word_1_159' title='bbox 3292 798 3496 867; x_wconf 88' lang='lat' dir='ltr'><strong>ubique</strong></span> 
     </span>
    </p>
   </div>
   <div class='ocr_carea' id='block_1_23' title="bbox 1913 888 3499 957">
    <p class='ocr_par' dir='ltr' id='par_1_23' title="bbox 1913 888 3499 957">
     <span class='ocr_line' id='line_1_23' title="bbox 1913 888 3499 957; baseline -0.001 -14"><span class='ocrx_word' id='word_1_160' title='bbox 1913 888 2046 944; x_wconf 79' lang='lat' dir='ltr'><strong>facit</strong></span> <span class='ocrx_word' id='word_1_161' title='bbox 2079 899 2271 944; x_wconf 88' lang='lat' dir='ltr'><strong>contra</strong></span> <span class='ocrx_word' id='word_1_162' title='bbox 2311 904 2419 943; x_wconf 93' lang='lat' dir='ltr'><strong>non</strong></span> <span class='ocrx_word' id='word_1_163' title='bbox 2451 889 2740 944; x_wconf 88' lang='lat' dir='ltr'><strong>credentes</strong></span> <span class='ocrx_word' id='word_1_164' title='bbox 2764 888 2951 957; x_wconf 82' lang='lat' dir='ltr'><strong>inepto</strong></span> <span class='ocrx_word' id='word_1_165' title='bbox 2972 888 3351 950; x_wconf 90' lang='lat' dir='ltr'><strong>sermonisuo,</strong></span> <span class='ocrx_word' id='word_1_166' title='bbox 3379 903 3499 943; x_wconf 85' lang='lat' dir='ltr'><strong>ma-</strong></span> 
     </span>
    </p>
   </div>
   <div class='ocr_carea' id='block_1_24' title="bbox 1916 979 3498 1050">
    <p class='ocr_par' dir='ltr' id='par_1_24' title="bbox 1916 979 3498 1050">
     <span class='ocr_line' id='line_1_24' title="bbox 1916 979 3498 1050; baseline -0.001 -16"><span class='ocrx_word' id='word_1_167' title='bbox 1916 982 2232 1036; x_wconf 84' lang='lat' dir='ltr'><strong>ledictorum</strong></span> <span class='ocrx_word' id='word_1_168' title='bbox 2264 981 2479 1050; x_wconf 84' lang='lat' dir='ltr'><strong>plenam</strong></span> <span class='ocrx_word' id='word_1_169' title='bbox 2509 979 2773 1035; x_wconf 85' lang='lat' dir='ltr'><strong>adversus</strong></span> <span class='ocrx_word' id='word_1_170' title='bbox 2806 979 2981 1044; x_wconf 88' lang='lat' dir='ltr'><strong>illum,</strong></span> <span class='ocrx_word' id='word_1_171' title='bbox 3024 980 3119 1050; x_wconf 91' lang='lat' dir='ltr'><strong>qui</strong></span> <span class='ocrx_word' id='word_1_172' title='bbox 3164 997 3258 1049; x_wconf 89' lang='lat' dir='ltr'><strong>per</strong></span> <span class='ocrx_word' id='word_1_173' title='bbox 3292 990 3463 1036; x_wconf 89' lang='lat' dir='ltr'><strong>semet</strong></span> <span class='ocrx_word' id='word_1_174' title='bbox 3486 1010 3498 1016; x_wconf 83' lang='grc'><strong>-</strong></span> 
     </span>
    </p>
   </div>
   <div class='ocr_carea' id='block_1_25' title="bbox 1914 1071 3500 1143">
    <p class='ocr_par' dir='ltr' id='par_1_25' title="bbox 1914 1071 3500 1143">
     <span class='ocr_line' id='line_1_25' title="bbox 1914 1071 3500 1143; baseline -0.001 -17"><span class='ocrx_word' id='word_1_175' title='bbox 1914 1074 2093 1143; x_wconf 87' lang='lat' dir='ltr'><strong>ipsum</strong></span> <span class='ocrx_word' id='word_1_176' title='bbox 2155 1073 2341 1143; x_wconf 84' lang='lat' dir='ltr'><strong>jnrat,</strong></span> <span class='ocrx_word' id='word_1_177' title='bbox 2417 1073 2622 1128; x_wconf 71' lang='lat' dir='ltr'><strong>bonum</strong></span> <span class='ocrx_word' id='word_1_178' title='bbox 2701 1072 3105 1141; x_wconf 85' lang='lat' dir='ltr'><strong>benignumquc</strong></span> <span class='ocrx_word' id='word_1_179' title='bbox 3165 1071 3357 1134; x_wconf 89' lang='lat' dir='ltr'><strong>Deum,</strong></span> <span class='ocrx_word' id='word_1_180' title='bbox 3407 1072 3500 1142; x_wconf 77' lang='lat' dir='ltr'><strong>qui</strong></span> 
     </span>
    </p>
   </div>
   <div class='ocr_carea' id='block_1_26' title="bbox 1914 1163 3502 1234">
    <p class='ocr_par' dir='ltr' id='par_1_26' title="bbox 1914 1163 3502 1234">
     <span class='ocr_line' id='line_1_26' title="bbox 1914 1163 3502 1234; baseline -0.001 -16"><span class='ocrx_word' id='word_1_181' title='bbox 1914 1165 2212 1234; x_wconf 84' lang='lat' dir='ltr'><strong>peccatoris</strong></span> <span class='ocrx_word' id='word_1_182' title='bbox 2239 1174 2465 1219; x_wconf 89' lang='lat' dir='ltr'><strong>mortem</strong></span> <span class='ocrx_word' id='word_1_183' title='bbox 2494 1180 2601 1219; x_wconf 87' lang='lat' dir='ltr'><strong>non</strong></span> <span class='ocrx_word' id='word_1_184' title='bbox 2623 1163 2760 1228; x_wconf 90' lang='lat' dir='ltr'><strong>vult,</strong></span> <span class='ocrx_word' id='word_1_185' title='bbox 2804 1165 2899 1219; x_wconf 87' lang='lat' dir='ltr'><strong>sed</strong></span> <span class='ocrx_word' id='word_1_186' title='bbox 2914 1179 3038 1218; x_wconf 92' lang='lat' dir='ltr'><strong>eum</strong></span> <span class='ocrx_word' id='word_1_187' title='bbox 3057 1166 3304 1219; x_wconf 82' lang='lat' dir='ltr'><strong>converti</strong></span> <span class='ocrx_word' id='word_1_188' title='bbox 3337 1178 3402 1219; x_wconf 90' lang='lat' dir='ltr'><strong>ac</strong></span> <span class='ocrx_word' id='word_1_189' title='bbox 3417 1166 3502 1217; x_wconf 91' lang='lat' dir='ltr'><strong>vi-</strong></span> 
     </span>
    </p>
   </div>
   <div class='ocr_carea' id='block_1_27' title="bbox 1913 1250 3503 1327">
    <p class='ocr_par' dir='ltr' id='par_1_27' title="bbox 1913 1250 3503 1327">
     <span class='ocr_line' id='line_1_27' title="bbox 1913 1250 3503 1327; baseline -0.001 -16"><span class='ocrx_word' id='word_1_190' title='bbox 1913 1270 2060 1311; x_wconf 81' lang='lat' dir='ltr'><strong>vere.</strong></span> <span class='ocrx_word' id='word_1_191' title='bbox 2080 1254 2415 1323; x_wconf 81' lang='lat' dir='ltr'><strong>Suntautem</strong></span> <span class='ocrx_word' id='word_1_192' title='bbox 2434 1257 2596 1311; x_wconf 89' lang='lat' dir='ltr'><strong>verba</strong></span> <span class='ocrx_word' id='word_1_193' title='bbox 2614 1256 2732 1326; x_wconf 83' lang='lat' dir='ltr'><strong>ejus</strong></span> <span class='ocrx_word' id='word_1_194' title='bbox 2761 1250 3094 1326; x_wconf 68' lang='lat' dir='ltr'><strong>hnjuémodi,</strong></span> <span class='ocrx_word' id='word_1_195' title='bbox 3137 1258 3280 1327; x_wconf 88' lang='lat' dir='ltr'><strong>quod</strong></span> <span class='ocrx_word' id='word_1_196' title='bbox 3311 1272 3503 1326; x_wconf 90' lang='lat' dir='ltr'><strong>nempe</strong></span> 
     </span>
    </p>
   </div>
   <div class='ocr_carea' id='block_1_28' title="bbox 1918 1349 3502 1426">
    <p class='ocr_par' dir='ltr' id='par_1_28' title="bbox 1918 1349 3502 1426">
     <span class='ocr_line' id='line_1_28' title="bbox 1918 1349 3502 1426; baseline -0.001 -24"><span class='ocrx_word' id='word_1_197' title='bbox 1918 1350 2046 1402; x_wconf 85' lang='lat' dir='ltr'><strong>huic</strong></span> <span class='ocrx_word' id='word_1_198' title='bbox 2071 1349 2356 1426; x_wconf 74' lang='lat' dir='ltr'><strong>scriptura:</strong></span> <span class='ocrx_word' id='word_1_199' title='bbox 2379 1350 2661 1404; x_wconf 77' lang='lat' dir='ltr'><strong>credentes</strong></span> <span class='ocrx_word' id='word_1_200' title='bbox 2694 1349 3211 1418; x_wconf 73' lang='lat' dir='ltr'><strong>Deusintelligentes</strong></span> <span class='ocrx_word' id='word_1_201' title='bbox 3240 1350 3415 1403; x_wconf 86' lang='lat' dir='ltr'><strong>reddit</strong></span> <span class='ocrx_word' id='word_1_202' title='bbox 3445 1360 3502 1402; x_wconf 92' lang='lat' dir='ltr'><strong>ut</strong></span> 
     </span>
    </p>
   </div>
   <div class='ocr_carea' id='block_1_29' title="bbox 1916 1440 3506 1510">
    <p class='ocr_par' dir='ltr' id='par_1_29' title="bbox 1916 1440 3506 1510">
     <span class='ocr_line' id='line_1_29' title="bbox 1916 1440 3506 1510; baseline -0.003 -15"><span class='ocrx_word' id='word_1_203' title='bbox 1916 1441 2185 1505; x_wconf 85' lang='lat' dir='ltr'><strong>credant;</strong></span> <span class='ocrx_word' id='word_1_204' title='bbox 2219 1455 2325 1495; x_wconf 94' lang='lat' dir='ltr'><strong>non</strong></span> <span class='ocrx_word' id='word_1_205' title='bbox 2355 1442 2644 1497; x_wconf 87' lang='lat' dir='ltr'><strong>credentes</strong></span> <span class='ocrx_word' id='word_1_206' title='bbox 2669 1454 2850 1496; x_wconf 88' lang='lat' dir='ltr'><strong>autem</strong></span> <span class='ocrx_word' id='word_1_207' title='bbox 2881 1441 2996 1510; x_wconf 90' lang='lat' dir='ltr'><strong>ipse</strong></span> <span class='ocrx_word' id='word_1_208' title='bbox 3024 1456 3054 1494; x_wconf 92' lang='lat' dir='ltr'><strong>a</strong></span> <span class='ocrx_word' id='word_1_209' title='bbox 3079 1440 3356 1496; x_wconf 84' lang='lat' dir='ltr'><strong>credendo</strong></span> <span class='ocrx_word' id='word_1_210' title='bbox 3382 1454 3506 1510; x_wconf 82' lang='lat' dir='ltr'><strong>prn-</strong></span> 
     </span>
    </p>
   </div>
   <div class='ocr_carea' id='block_1_30' title="bbox 1918 1531 3493 1601">
    <p class='ocr_par' dir='ltr' id='par_1_30' title="bbox 1918 1531 3493 1601">
     <span class='ocr_line' id='line_1_30' title="bbox 1918 1531 3493 1601; baseline -0.001 -15"><span class='ocrx_word' id='word_1_211' title='bbox 1918 1532 2069 1586; x_wconf 84' lang='lat' dir='ltr'><strong>hihet</strong></span> <span class='ocrx_word' id='word_1_212' title='bbox 2104 1548 2119 1585; x_wconf 92' lang='lat'><strong>:</strong></span> <span class='ocrx_word' id='word_1_213' title='bbox 2161 1546 2289 1586; x_wconf 88' lang='lat' dir='ltr'><strong>cum</strong></span> <span class='ocrx_word' id='word_1_214' title='bbox 2328 1541 2509 1588; x_wconf 86' lang='lat' dir='ltr'><strong>tamen</strong></span> <span class='ocrx_word' id='word_1_215' title='bbox 2543 1547 2633 1589; x_wconf 92' lang='lat' dir='ltr'><strong>res</strong></span> <span class='ocrx_word' id='word_1_216' title='bbox 2664 1534 2780 1588; x_wconf 82' lang='lat' dir='ltr'><strong>vice.</strong></span> <span class='ocrx_word' id='word_1_217' title='bbox 2808 1548 2963 1588; x_wconf 87' lang='lat' dir='ltr'><strong>versa</strong></span> <span class='ocrx_word' id='word_1_218' title='bbox 2998 1549 3057 1587; x_wconf 88' lang='lat' dir='ltr'><strong>se</strong></span> <span class='ocrx_word' id='word_1_219' title='bbox 3101 1531 3317 1596; x_wconf 80' lang='lat' dir='ltr'><strong>habeat,</strong></span> <span class='ocrx_word' id='word_1_220' title='bbox 3346 1533 3493 1601; x_wconf 87' lang='lat' dir='ltr'><strong>quod</strong></span> 
     </span>
    </p>
   </div>
   <div class='ocr_carea' id='block_1_31' title="bbox 1918 1624 3501 1694">
    <p class='ocr_par' dir='ltr' id='par_1_31' title="bbox 1918 1624 3501 1694">
     <span class='ocr_line' id='line_1_31' title="bbox 1918 1624 3501 1694; baseline -0.001 -15"><span class='ocrx_word' id='word_1_221' title='bbox 1918 1639 2115 1694; x_wconf 86' lang='lat' dir='ltr'><strong>nempe</strong></span> <span class='ocrx_word' id='word_1_222' title='bbox 2140 1624 2304 1687; x_wconf 89' lang='lat' dir='ltr'><strong>Deus,</strong></span> <span class='ocrx_word' id='word_1_223' title='bbox 2337 1626 2506 1680; x_wconf 90' lang='lat' dir='ltr'><strong>stulto</strong></span> <span class='ocrx_word' id='word_1_224' title='bbox 2560 1625 2689 1680; x_wconf 88' lang='lat' dir='ltr'><strong>huic</strong></span> <span class='ocrx_word' id='word_1_225' title='bbox 2738 1624 3046 1687; x_wconf 84' lang='lat' dir='ltr'><strong>credentes,</strong></span> <span class='ocrx_word' id='word_1_226' title='bbox 3090 1624 3262 1694; x_wconf 89' lang='lat' dir='ltr'><strong>decipi</strong></span> <span class='ocrx_word' id='word_1_227' title='bbox 3298 1624 3501 1691; x_wconf 87' lang='lat' dir='ltr'><strong>nollet;</strong></span> 
     </span>
    </p>
   </div>
   <div class='ocr_carea' id='block_1_32' title="bbox 1918 1714 3500 1786">
    <p class='ocr_par' dir='ltr' id='par_1_32' title="bbox 1918 1714 3500 1786">
     <span class='ocr_line' id='line_1_32' title="bbox 1918 1714 3500 1786; baseline -0.001 -16"><span class='ocrx_word' id='word_1_228' title='bbox 1918 1730 2016 1770; x_wconf 88' lang='lat' dir='ltr'><strong>eos</strong></span> <span class='ocrx_word' id='word_1_229' title='bbox 2043 1725 2226 1770; x_wconf 88' lang='lat' dir='ltr'><strong>autem</strong></span> <span class='ocrx_word' id='word_1_230' title='bbox 2257 1716 2352 1786; x_wconf 86' lang='lat' dir='ltr'><strong>qui</strong></span> <span class='ocrx_word' id='word_1_231' title='bbox 2396 1730 2505 1769; x_wconf 91' lang='lat' dir='ltr'><strong>non</strong></span> <span class='ocrx_word' id='word_1_232' title='bbox 2525 1716 2778 1781; x_wconf 88' lang='lat' dir='ltr'><strong>credunt,</strong></span> <span class='ocrx_word' id='word_1_233' title='bbox 2806 1714 3167 1783; x_wconf 88' lang='lat' dir='ltr'><strong>adjuvatipse</strong></span> <span class='ocrx_word' id='word_1_234' title='bbox 3198 1714 3500 1784; x_wconf 86' lang='lat' dir='ltr'><strong>quominus</strong></span> 
     </span>
    </p>
   </div>
   <div class='ocr_carea' id='block_1_33' title="bbox 1919 1803 3506 1875">
    <p class='ocr_par' dir='ltr' id='par_1_33' title="bbox 1919 1803 3506 1875">
     <span class='ocr_line' id='line_1_33' title="bbox 1919 1803 3506 1875; baseline -0.001 -16"><span class='ocrx_word' id='word_1_235' title='bbox 1919 1805 2285 1875; x_wconf 86' lang='lat' dir='ltr'><strong>decipiantur.</strong></span> <span class='ocrx_word' id='word_1_236' title='bbox 2322 1806 2504 1874; x_wconf 80' lang='lat' dir='ltr'><strong>Atque</strong></span> <span class='ocrx_word' id='word_1_237' title='bbox 2532 1813 2592 1859; x_wconf 90' lang='lat' dir='ltr'><strong>ut</strong></span> <span class='ocrx_word' id='word_1_238' title='bbox 2631 1805 2777 1859; x_wconf 88' lang='lat' dir='ltr'><strong>dicta</strong></span> <span class='ocrx_word' id='word_1_239' title='bbox 2814 1803 3047 1859; x_wconf 88' lang='lat' dir='ltr'><strong>clariora</strong></span> <span class='ocrx_word' id='word_1_240' title='bbox 3085 1804 3236 1867; x_wconf 84' lang='lat' dir='ltr'><strong>ﬁant,</strong></span> <span class='ocrx_word' id='word_1_241' title='bbox 3285 1804 3351 1858; x_wconf 89' lang='lat' dir='ltr'><strong>ad</strong></span> <span class='ocrx_word' id='word_1_242' title='bbox 3399 1804 3506 1858; x_wconf 89' lang='lat' dir='ltr'><strong>hoc</strong></span> 
     </span>
    </p>
   </div>
   <div class='ocr_carea' id='block_1_34' title="bbox 217 1880 1816 1971">
    <p class='ocr_par' dir='ltr' id='par_1_34' title="bbox 217 1896 1811 1971">
     <span class='ocr_line' id='line_1_34' title="bbox 217 1896 1811 1971; baseline 0.006 -20"><span class='ocrx_word' id='word_1_243' title='bbox 217 1901 454 1971; x_wconf 83' lang='grc' dir='ltr'>γόμενον</span> <span class='ocrx_word' id='word_1_244' title='bbox 476 1899 725 1971; x_wconf 85' lang='grc' dir='ltr'>γένηται,</span> <span class='ocrx_word' id='word_1_245' title='bbox 747 1901 830 1962; x_wconf 81' lang='grc' dir='ltr'><strong>είς</strong></span> <span class='ocrx_word' id='word_1_246' title='bbox 853 1897 1015 1952; x_wconf 83' lang='grc' dir='ltr'>τοῦτο</span> <span class='ocrx_word' id='word_1_247' title='bbox 1040 1898 1174 1951; x_wconf 84' lang='grc' dir='ltr'>αὐτὸ</span> <span class='ocrx_word' id='word_1_248' title='bbox 1198 1898 1499 1967; x_wconf 85' lang='grc' dir='ltr'>καταλήγει</span> <span class='ocrx_word' id='word_1_249' title='bbox 1519 1898 1554 1967; x_wconf 80' lang='grc' dir='ltr'><strong>ἡ</strong></span> <span class='ocrx_word' id='word_1_250' title='bbox 1587 1896 1811 1967; x_wconf 75' lang='grc' dir='ltr'>σκῆψις,</span> 
     </span>
    </p>
   </div>
   <div class='ocr_carea' id='block_1_35' title="bbox 1924 1880 3502 1971">
    <p class='ocr_par' dir='ltr' id='par_1_35' title="bbox 1924 1895 3502 1967">
     <span class='ocr_line' id='line_1_35' title="bbox 1924 1895 3502 1967; baseline -0.002 -14"><span class='ocrx_word' id='word_1_251' title='bbox 1924 1898 2102 1953; x_wconf 81' lang='lat' dir='ltr'><strong>evadit</strong></span> <span class='ocrx_word' id='word_1_252' title='bbox 2131 1907 2509 1952; x_wconf 90' lang='lat' dir='ltr'><strong>commentum</strong></span> <span class='ocrx_word' id='word_1_253' title='bbox 2543 1896 2692 1967; x_wconf 86' lang='lat' dir='ltr'><strong>ejus;</strong></span> <span class='ocrx_word' id='word_1_254' title='bbox 2751 1911 2948 1966; x_wconf 88' lang='lat' dir='ltr'><strong>nempe</strong></span> <span class='ocrx_word' id='word_1_255' title='bbox 2982 1896 3130 1965; x_wconf 91' lang='lat' dir='ltr'><strong>quod</strong></span> <span class='ocrx_word' id='word_1_256' title='bbox 3186 1895 3327 1952; x_wconf 82' lang='lat' dir='ltr'><strong>Deus</strong></span> <span class='ocrx_word' id='word_1_257' title='bbox 3356 1896 3502 1958; x_wconf 89' lang='lat' dir='ltr'><strong>illos,</strong></span> 
     </span>
    </p>
   </div>
   <div class='ocr_carea' id='block_1_36' title="bbox 217 1988 1814 2060">
    <p class='ocr_par' dir='ltr' id='par_1_36' title="bbox 217 1988 1814 2060">
     <span class='ocr_line' id='line_1_36' title="bbox 217 1988 1814 2060; baseline -0.003 -15"><span class='ocrx_word' id='word_1_258' title='bbox 217 1994 305 2047; x_wconf 82' lang='grc' dir='ltr'>ὅτι</span> <span class='ocrx_word' id='word_1_259' title='bbox 340 1989 434 2054; x_wconf 78' lang='grc' dir='ltr'>οὒς</span> <span class='ocrx_word' id='word_1_260' title='bbox 464 1990 566 2060; x_wconf 82' lang='grc' dir='ltr'>μὲν</span> <span class='ocrx_word' id='word_1_261' title='bbox 602 1992 632 2043; x_wconf 85' lang='grc' dir='ltr'><strong>ό</strong></span> <span class='ocrx_word' id='word_1_262' title='bbox 682 1989 815 2052; x_wconf 78' lang='grc' dir='ltr'>Θεὸς</span> <span class='ocrx_word' id='word_1_263' title='bbox 870 1989 1014 2043; x_wconf 83' lang='grc' dir='ltr'>θέλει</span> <span class='ocrx_word' id='word_1_264' title='bbox 1052 1989 1248 2054; x_wconf 82' lang='grc' dir='ltr'>σῶσαι,</span> <span class='ocrx_word' id='word_1_265' title='bbox 1304 1988 1623 2059; x_wconf 79' lang='grc' dir='ltr'>καταρτίζει</span> <span class='ocrx_word' id='word_1_266' title='bbox 1676 1988 1814 2058; x_wconf 88' lang='grc' dir='ltr'>πρὸς</span> 
     </span>
    </p>
   </div>
   <div class='ocr_carea' id='block_1_37' title="bbox 217 2079 1816 2151">
    <p class='ocr_par' dir='ltr' id='par_1_37' title="bbox 217 2079 1816 2151">
     <span class='ocr_line' id='line_1_37' title="bbox 217 2079 1816 2151; baseline -0.004 -14"><span class='ocrx_word' id='word_1_267' title='bbox 217 2084 408 2137; x_wconf 76' lang='grc' dir='ltr'>πᾶσαν</span> <span class='ocrx_word' id='word_1_268' title='bbox 441 2079 609 2134; x_wconf 83' lang='grc' dir='ltr'>αὑτοῦ</span> <span class='ocrx_word' id='word_1_269' title='bbox 649 2081 870 2151; x_wconf 72' lang='grc' dir='ltr'>ἐντολὴν</span> <span class='ocrx_word' id='word_1_270' title='bbox 916 2080 1195 2151; x_wconf 79' lang='grc' dir='ltr'>ὑπηκόους</span> <span class='ocrx_word' id='word_1_271' title='bbox 1223 2097 1236 2111; x_wconf 93' lang='grc'>·</span> <span class='ocrx_word' id='word_1_272' title='bbox 1267 2079 1361 2141; x_wconf 84' lang='grc' dir='ltr'><strong>οὒς</strong></span> <span class='ocrx_word' id='word_1_273' title='bbox 1385 2081 1442 2133; x_wconf 75' lang='grc' dir='ltr'>δὲ</span> <span class='ocrx_word' id='word_1_274' title='bbox 1464 2081 1526 2134; x_wconf 82' lang='grc' dir='ltr'><strong>ού</strong></span> <span class='ocrx_word' id='word_1_275' title='bbox 1564 2080 1816 2151; x_wconf 77' lang='grc' dir='ltr'>βούλεται</span> 
     </span>
    </p>
   </div>
   <div class='ocr_carea' id='block_1_38' title="bbox 218 2171 1814 2242">
    <p class='ocr_par' dir='ltr' id='par_1_38' title="bbox 218 2171 1814 2242">
     <span class='ocr_line' id='line_1_38' title="bbox 218 2171 1814 2242; baseline -0.003 -15"><span class='ocrx_word' id='word_1_276' title='bbox 218 2174 418 2238; x_wconf 83' lang='grc' dir='ltr'>σῶσαι,</span> <span class='ocrx_word' id='word_1_277' title='bbox 444 2174 505 2226; x_wconf 80' lang='grc' dir='ltr'><strong>ού</strong></span> <span class='ocrx_word' id='word_1_278' title='bbox 529 2172 712 2227; x_wconf 85' lang='grc' dir='ltr'>δίδωσι</span> <span class='ocrx_word' id='word_1_279' title='bbox 741 2173 927 2237; x_wconf 86' lang='grc' dir='ltr'>αὐτοῖς</span> <span class='ocrx_word' id='word_1_280' title='bbox 957 2172 1175 2226; x_wconf 87' lang='grc' dir='ltr'>σύνεσίν</span> <span class='ocrx_word' id='word_1_281' title='bbox 1213 2188 1274 2225; x_wconf 86' lang='grc' dir='ltr'><strong>τε</strong></span> <span class='ocrx_word' id='word_1_282' title='bbox 1301 2173 1398 2227; x_wconf 73' lang='grc' dir='ltr'>καὶ</span> <span class='ocrx_word' id='word_1_283' title='bbox 1446 2171 1677 2242; x_wconf 87' lang='grc' dir='ltr'>δύναμιν</span> <span class='ocrx_word' id='word_1_284' title='bbox 1731 2172 1814 2224; x_wconf 78' lang='grc' dir='ltr'><strong>ὲν-</strong></span> 
     </span>
    </p>
   </div>
   <div class='ocr_carea' id='block_1_39' title="bbox 219 2264 1816 2345">
    <p class='ocr_par' dir='ltr' id='par_1_39' title="bbox 219 2264 1816 2345">
     <span class='ocr_line' id='line_1_39' title="bbox 219 2264 1816 2345; baseline -0.002 -24"><span class='ocrx_word' id='word_1_285' title='bbox 219 2264 519 2330; x_wconf 80' lang='grc' dir='ltr'>ωτίζεσθαι</span> <span class='ocrx_word' id='word_1_286' title='bbox 541 2305 556 2327; x_wconf 85' lang='grc'><strong>,</strong></span> <span class='ocrx_word' id='word_1_287' title='bbox 596 2265 692 2319; x_wconf 78' lang='grc' dir='ltr'>καὶ</span> <span class='ocrx_word' id='word_1_288' title='bbox 712 2268 888 2345; x_wconf 79' lang='grc' dir='ltr'>ποιεῖν</span> <span class='ocrx_word' id='word_1_289' title='bbox 912 2266 982 2319; x_wconf 80' lang='grc' dir='ltr'><strong>τά</strong></span> <span class='ocrx_word' id='word_1_290' title='bbox 1027 2265 1179 2336; x_wconf 85' lang='grc' dir='ltr'>αὑτῷ</span> <span class='ocrx_word' id='word_1_291' title='bbox 1224 2265 1519 2333; x_wconf 80' lang='grc' dir='ltr'>εὐάρεστοι,</span> <span class='ocrx_word' id='word_1_292' title='bbox 1543 2266 1637 2319; x_wconf 78' lang='grc' dir='ltr'>καὶ</span> <span class='ocrx_word' id='word_1_293' title='bbox 1673 2264 1816 2318; x_wconf 87' lang='grc' dir='ltr'><strong>κατά</strong></span> 
     </span>
    </p>
   </div>
   <div class='ocr_carea' id='block_1_40' title="bbox 214 2357 1815 2429">
    <p class='ocr_par' dir='ltr' id='par_1_40' title="bbox 214 2357 1815 2429">
     <span class='ocr_line' id='line_1_40' title="bbox 214 2357 1815 2429; baseline -0.001 -16"><span class='ocrx_word' id='word_1_294' title='bbox 214 2359 381 2413; x_wconf 80' lang='grc' dir='ltr'>τοῦτο</span> <span class='ocrx_word' id='word_1_295' title='bbox 408 2361 477 2429; x_wconf 81' lang='grc' dir='ltr'>τῇ</span> <span class='ocrx_word' id='word_1_296' title='bbox 510 2358 731 2412; x_wconf 82' lang='grc' dir='ltr'>κολάσει</span> <span class='ocrx_word' id='word_1_297' title='bbox 760 2358 1149 2428; x_wconf 83' lang='grc' dir='ltr'>παραδίδωσιν.</span> <span class='ocrx_word' id='word_1_298' title='bbox 1213 2357 1302 2421; x_wconf 78' lang='grc' dir='ltr'><strong>Ὠς</strong></span> <span class='ocrx_word' id='word_1_299' title='bbox 1346 2360 1413 2412; x_wconf 75' lang='grc' dir='ltr'>ὲκ</span> <span class='ocrx_word' id='word_1_300' title='bbox 1447 2357 1638 2412; x_wconf 88' lang='grc' dir='ltr'>τούτου</span> <span class='ocrx_word' id='word_1_301' title='bbox 1668 2374 1815 2429; x_wconf 90' lang='grc' dir='ltr'>παρ-</span> 
     </span>
    </p>
   </div>
   <div class='ocr_carea' id='block_1_41' title="bbox 220 2448 1812 2519">
    <p class='ocr_par' dir='ltr' id='par_1_41' title="bbox 220 2448 1812 2519">
     <span class='ocr_line' id='line_1_41' title="bbox 220 2448 1812 2519; baseline -0.001 -16"><span class='ocrx_word' id='word_1_302' title='bbox 220 2448 479 2504; x_wconf 83' lang='grc' dir='ltr'>ίστασθαι</span> <span class='ocrx_word' id='word_1_303' title='bbox 508 2452 712 2504; x_wconf 72' lang='grc' dir='ltr'>ἐννοεῖν</span> <span class='ocrx_word' id='word_1_304' title='bbox 756 2448 867 2502; x_wconf 84' lang='grc' dir='ltr'><strong>τῶν</strong></span> <span class='ocrx_word' id='word_1_305' title='bbox 893 2448 1113 2503; x_wconf 87' lang='grc' dir='ltr'>ἀτόπων</span> <span class='ocrx_word' id='word_1_306' title='bbox 1140 2448 1464 2519; x_wconf 75' lang='grc' dir='ltr'>δυσφημιῶν</span> <span class='ocrx_word' id='word_1_307' title='bbox 1502 2449 1562 2503; x_wconf 88' lang='grc' dir='ltr'>τὸ</span> <span class='ocrx_word' id='word_1_308' title='bbox 1585 2449 1812 2519; x_wconf 82' lang='grc' dir='ltr'>πλῆθος,</span> 
     </span>
    </p>
   </div>
   <div class='ocr_carea' id='block_1_42' title="bbox 217 2541 1818 2615">
    <p class='ocr_par' dir='ltr' id='par_1_42' title="bbox 217 2541 1818 2615">
     <span class='ocr_line' id='line_1_42' title="bbox 217 2541 1818 2615; baseline 0.001 -20"><span class='ocrx_word' id='word_1_309' title='bbox 217 2542 307 2595; x_wconf 84' lang='grc' dir='ltr'>ὅτι</span> <span class='ocrx_word' id='word_1_310' title='bbox 330 2545 359 2596; x_wconf 88' lang='grc' dir='ltr'><strong>ό</strong></span> <span class='ocrx_word' id='word_1_311' title='bbox 387 2542 523 2606; x_wconf 82' lang='grc' dir='ltr'>Θεὸς</span> <span class='ocrx_word' id='word_1_312' title='bbox 546 2541 795 2610; x_wconf 84' lang='grc' dir='ltr'>κωλυτὴς</span> <span class='ocrx_word' id='word_1_313' title='bbox 837 2543 955 2595; x_wconf 74' lang='grc' dir='ltr'>ἐστι</span> <span class='ocrx_word' id='word_1_314' title='bbox 987 2541 1098 2594; x_wconf 85' lang='grc' dir='ltr'><strong>τῶν</strong></span> <span class='ocrx_word' id='word_1_315' title='bbox 1148 2541 1288 2611; x_wconf 88' lang='grc' dir='ltr'>πρὸς</span> <span class='ocrx_word' id='word_1_316' title='bbox 1318 2541 1382 2594; x_wconf 86' lang='grc' dir='ltr'>τὸ</span> <span class='ocrx_word' id='word_1_317' title='bbox 1412 2543 1577 2595; x_wconf 87' lang='grc' dir='ltr'>καλὸν</span> <span class='ocrx_word' id='word_1_318' title='bbox 1605 2543 1818 2615; x_wconf 77' lang='grc' dir='ltr'>ἀφωρι-</span> 
     </span>
    </p>
   </div>
   <div class='ocr_carea' id='block_1_43' title="bbox 220 2631 1817 2703">
    <p class='ocr_par' dir='ltr' id='par_1_43' title="bbox 220 2631 1817 2703">
     <span class='ocr_line' id='line_1_43' title="bbox 220 2631 1817 2703; baseline 0.001 -17"><span class='ocrx_word' id='word_1_319' title='bbox 220 2633 464 2703; x_wconf 73' lang='grc' dir='ltr'>σμένων,</span> <span class='ocrx_word' id='word_1_320' title='bbox 500 2634 583 2686; x_wconf 81' lang='grc' dir='ltr'>ὅτι</span> <span class='ocrx_word' id='word_1_321' title='bbox 618 2631 839 2687; x_wconf 75' lang='grc' dir='ltr'>ἐναντία</span> <span class='ocrx_word' id='word_1_322' title='bbox 863 2633 1024 2695; x_wconf 83' lang='grc' dir='ltr'>αὐτὸς</span> <span class='ocrx_word' id='word_1_323' title='bbox 1056 2632 1237 2702; x_wconf 79' lang='grc' dir='ltr'>ἑαυτῷ</span> <span class='ocrx_word' id='word_1_324' title='bbox 1275 2633 1578 2703; x_wconf 85' lang='grc' dir='ltr'>νομοθετεῖ,</span> <span class='ocrx_word' id='word_1_325' title='bbox 1605 2635 1817 2697; x_wconf 80' lang='grc' dir='ltr'>πάντας</span> 
     </span>
    </p>
   </div>
   <div class='ocr_carea' id='block_1_44' title="bbox 222 2722 1816 2795">
    <p class='ocr_par' dir='ltr' id='par_1_44' title="bbox 222 2722 1816 2795">
     <span class='ocr_line' id='line_1_44' title="bbox 222 2722 1816 2795; baseline 0.001 -19"><span class='ocrx_word' id='word_1_326' title='bbox 222 2722 328 2794; x_wconf 74' lang='grc' dir='ltr'>μὲν</span> <span class='ocrx_word' id='word_1_327' title='bbox 354 2723 431 2795; x_wconf 84' lang='grc' dir='ltr'>μὴ</span> <span class='ocrx_word' id='word_1_328' title='bbox 460 2723 629 2777; x_wconf 76' lang='grc' dir='ltr'>θέλων</span> <span class='ocrx_word' id='word_1_329' title='bbox 660 2722 857 2785; x_wconf 83' lang='grc' dir='ltr'>σῶσαι,</span> <span class='ocrx_word' id='word_1_330' title='bbox 891 2724 1027 2777; x_wconf 79' lang='grc' dir='ltr'>πᾶσι</span> <span class='ocrx_word' id='word_1_331' title='bbox 1078 2723 1134 2776; x_wconf 82' lang='grc' dir='ltr'>δὲ</span> <span class='ocrx_word' id='word_1_332' title='bbox 1156 2723 1258 2786; x_wconf 85' lang='grc' dir='ltr'><strong>τάς</strong></span> <span class='ocrx_word' id='word_1_333' title='bbox 1286 2726 1563 2787; x_wconf 78' lang='grc' dir='ltr'>σωστικὰς</span> <span class='ocrx_word' id='word_1_334' title='bbox 1593 2725 1816 2790; x_wconf 73' lang='grc' dir='ltr'>ἐντολὰς</span> 
     </span>
    </p>
   </div>
   <div class='ocr_carea' id='block_1_45' title="bbox 222 2812 1817 2887">
    <p class='ocr_par' dir='ltr' id='par_1_45' title="bbox 222 2812 1817 2887">
     <span class='ocr_line' id='line_1_45' title="bbox 222 2812 1817 2887; baseline 0 -20"><span class='ocrx_word' id='word_1_335' title='bbox 222 2813 685 2887; x_wconf 76' lang='grc' dir='ltr'>προόαλλόμενος,</span> <span class='ocrx_word' id='word_1_336' title='bbox 742 2815 825 2876; x_wconf 83' lang='grc' dir='ltr'><strong>είς</strong></span> <span class='ocrx_word' id='word_1_337' title='bbox 879 2812 1136 2883; x_wconf 80' lang='grc' dir='ltr'>ἀφορμὴν</span> <span class='ocrx_word' id='word_1_338' title='bbox 1166 2812 1416 2882; x_wconf 78' lang='grc' dir='ltr'>ἐλέγχω,</span> <span class='ocrx_word' id='word_1_339' title='bbox 1447 2812 1562 2867; x_wconf 84' lang='grc' dir='ltr'>ἀλλ’</span> <span class='ocrx_word' id='word_1_340' title='bbox 1607 2815 1709 2867; x_wconf 77' lang='grc' dir='ltr'>οὐκ</span> <span class='ocrx_word' id='word_1_341' title='bbox 1736 2817 1817 2878; x_wconf 86' lang='grc' dir='ltr'><strong>είς</strong></span> 
     </span>
    </p>
   </div>
   <div class='ocr_carea' id='block_1_46' title="bbox 223 2886 1815 2977">
    <p class='ocr_par' dir='ltr' id='par_1_46' title="bbox 223 2886 1815 2977">
     <span class='ocr_line' id='line_1_46' title="bbox 223 2886 1815 2977; baseline 0.001 -19"><span class='ocrx_word' id='word_1_342' title='bbox 223 2886 535 2977; x_wconf 80' lang='grc' dir='ltr'>συνδρομὴν</span> <span class='ocrx_word' id='word_1_343' title='bbox 567 2905 840 2958; x_wconf 76' lang='grc' dir='ltr'>ἐπάθλων·</span> <span class='ocrx_word' id='word_1_344' title='bbox 862 2904 946 2957; x_wconf 80' lang='grc' dir='ltr'>ὅτι</span> <span class='ocrx_word' id='word_1_345' title='bbox 980 2886 1201 2968; x_wconf 80' lang='grc' dir='ltr'>πάντως</span> <span class='ocrx_word' id='word_1_346' title='bbox 1230 2903 1446 2973; x_wconf 84' lang='grc' dir='ltr'>φθονῶν</span> <span class='ocrx_word' id='word_1_347' title='bbox 1460 2903 1620 2959; x_wconf 73' lang='grc' dir='ltr'>τοῦτο</span> <span class='ocrx_word' id='word_1_348' title='bbox 1647 2908 1815 2971; x_wconf 83' lang='grc' dir='ltr'>ποιεῖ,</span> 
     </span>
    </p>
   </div>
   <div class='ocr_carea' id='block_1_47' title="bbox 220 2995 1816 3068">
    <p class='ocr_par' dir='ltr' id='par_1_47' title="bbox 220 2995 1816 3068">
     <span class='ocr_line' id='line_1_47' title="bbox 220 2995 1816 3068; baseline 0 -18"><span class='ocrx_word' id='word_1_349' title='bbox 220 2996 259 3067; x_wconf 74' lang='grc' dir='ltr'>ἢ</span> <span class='ocrx_word' id='word_1_350' title='bbox 296 2996 380 3050; x_wconf 85' lang='grc' dir='ltr'>ὅτι</span> <span class='ocrx_word' id='word_1_351' title='bbox 418 2995 715 3067; x_wconf 74' lang='grc' dir='ltr'>πενόμενος</span> <span class='ocrx_word' id='word_1_352' title='bbox 761 2995 1152 3066; x_wconf 83' lang='grc' dir='ltr'>μισθοδοτῆσαι</span> <span class='ocrx_word' id='word_1_353' title='bbox 1202 2997 1435 3060; x_wconf 83' lang='grc' dir='ltr'>πάντας,</span> <span class='ocrx_word' id='word_1_354' title='bbox 1501 2995 1536 3068; x_wconf 80' lang='grc' dir='ltr'>ἢ</span> <span class='ocrx_word' id='word_1_355' title='bbox 1576 2996 1654 3061; x_wconf 84' lang='grc' dir='ltr'>ὡς</span> <span class='ocrx_word' id='word_1_356' title='bbox 1705 2996 1816 3051; x_wconf 82' lang='grc' dir='ltr'>ίδια</span> 
     </span>
    </p>
   </div>
   <div class='ocr_carea' id='block_1_48' title="bbox 221 3086 1817 3159">
    <p class='ocr_par' dir='ltr' id='par_1_48' title="bbox 221 3086 1817 3159">
     <span class='ocr_line' id='line_1_48' title="bbox 221 3086 1817 3159; baseline -0.001 -16"><span class='ocrx_word' id='word_1_357' title='bbox 221 3087 527 3153; x_wconf 77' lang='grc' dir='ltr'>διαπαίζων</span> <span class='ocrx_word' id='word_1_358' title='bbox 577 3088 737 3159; x_wconf 77' lang='grc' dir='ltr'>ἔργα.</span> <span class='ocrx_word' id='word_1_359' title='bbox 781 3086 857 3159; x_wconf 80' lang='grc' dir='ltr'>μὴ</span> <span class='ocrx_word' id='word_1_360' title='bbox 907 3086 1050 3158; x_wconf 76' lang='grc' dir='ltr'>ἔχων</span> <span class='ocrx_word' id='word_1_361' title='bbox 1075 3087 1137 3141; x_wconf 78' lang='grc' dir='ltr'>ὃν</span> <span class='ocrx_word' id='word_1_362' title='bbox 1159 3087 1604 3159; x_wconf 78' lang='grc' dir='ltr'>εὐλαϐηθήσεται</span> <span class='ocrx_word' id='word_1_363' title='bbox 1629 3088 1817 3143; x_wconf 68' lang='grc' dir='ltr'>ἕνεκεν</span> 
     </span>
    </p>
   </div>
   <div class='ocr_carea' id='block_1_49' title="bbox 222 3180 1814 3253">
    <p class='ocr_par' dir='ltr' id='par_1_49' title="bbox 222 3180 1814 3253">
     <span class='ocr_line' id='line_1_49' title="bbox 222 3180 1814 3253; baseline -0.001 -17"><span class='ocrx_word' id='word_1_364' title='bbox 222 3181 327 3252; x_wconf 83' lang='grc' dir='ltr'>τῆς</span> <span class='ocrx_word' id='word_1_365' title='bbox 380 3180 639 3253; x_wconf 83' lang='grc' dir='ltr'>τοιαύτης</span> <span class='ocrx_word' id='word_1_366' title='bbox 671 3180 957 3251; x_wconf 76' lang='grc' dir='ltr'>ἀληθείαςο</span> <span class='ocrx_word' id='word_1_367' title='bbox 998 3181 1032 3252; x_wconf 83' lang='grc' dir='ltr'>ἢ</span> <span class='ocrx_word' id='word_1_368' title='bbox 1075 3180 1152 3244; x_wconf 84' lang='grc' dir='ltr'>ὡς</span> <span class='ocrx_word' id='word_1_369' title='bbox 1190 3181 1451 3253; x_wconf 79' lang='grc' dir='ltr'>ὲφήδονος</span> <span class='ocrx_word' id='word_1_370' title='bbox 1481 3184 1547 3253; x_wconf 81' lang='grc' dir='ltr'><strong>τῇ</strong></span> <span class='ocrx_word' id='word_1_371' title='bbox 1571 3181 1681 3237; x_wconf 82' lang='grc' dir='ltr'>τῶν</span> <span class='ocrx_word' id='word_1_372' title='bbox 1718 3184 1814 3236; x_wconf 86' lang='grc' dir='ltr'>άν-</span> 
     </span>
    </p>
   </div>
   <div class='ocr_carea' id='block_1_50' title="bbox 1921 1988 3509 2062">
    <p class='ocr_par' dir='ltr' id='par_1_50' title="bbox 1921 1988 3509 2062">
     <span class='ocr_line' id='line_1_50' title="bbox 1921 1988 3509 2062; baseline -0.003 -16"><span class='ocrx_word' id='word_1_373' title='bbox 1921 2007 2063 2062; x_wconf 89' lang='lat' dir='ltr'><strong>quos</strong></span> <span class='ocrx_word' id='word_1_374' title='bbox 2093 1991 2207 2046; x_wconf 91' lang='lat' dir='ltr'><strong>vult</strong></span> <span class='ocrx_word' id='word_1_375' title='bbox 2239 1991 2478 2055; x_wconf 84' lang='lat' dir='ltr'><strong>salvare,</strong></span> <span class='ocrx_word' id='word_1_376' title='bbox 2507 1988 2889 2045; x_wconf 82' lang='lat' dir='ltr'><strong>accommodat</strong></span> <span class='ocrx_word' id='word_1_377' title='bbox 2917 1988 2985 2043; x_wconf 90' lang='lat' dir='ltr'><strong>ad</strong></span> <span class='ocrx_word' id='word_1_378' title='bbox 3003 1990 3249 2043; x_wconf 87' lang='lat' dir='ltr'><strong>mandati</strong></span> <span class='ocrx_word' id='word_1_379' title='bbox 3268 1994 3350 2043; x_wconf 88' lang='lat' dir='ltr'><strong>sui</strong></span> <span class='ocrx_word' id='word_1_380' title='bbox 3371 1990 3509 2042; x_wconf 87' lang='lat' dir='ltr'><strong>ohe—</strong></span> 
     </span>
    </p>
   </div>
   <div class='ocr_carea' id='block_1_51' title="bbox 1922 2080 3507 2153">
    <p class='ocr_par' dir='ltr' id='par_1_51' title="bbox 1922 2080 3507 2153">
     <span class='ocr_line' id='line_1_51' title="bbox 1922 2080 3507 2153; baseline -0.002 -15"><span class='ocrx_word' id='word_1_381' title='bbox 1922 2084 2186 2138; x_wconf 88' lang='lat' dir='ltr'><strong>dientlam</strong></span> <span class='ocrx_word' id='word_1_382' title='bbox 2219 2100 2234 2137; x_wconf 89' lang='lat'><strong>:</strong></span> <span class='ocrx_word' id='word_1_383' title='bbox 2271 2098 2413 2153; x_wconf 88' lang='lat' dir='ltr'><strong>quos</strong></span> <span class='ocrx_word' id='word_1_384' title='bbox 2438 2089 2622 2136; x_wconf 89' lang='lat' dir='ltr'><strong>autem</strong></span> <span class='ocrx_word' id='word_1_385' title='bbox 2660 2096 2771 2135; x_wconf 92' lang='lat' dir='ltr'><strong>non</strong></span> <span class='ocrx_word' id='word_1_386' title='bbox 2811 2080 2929 2136; x_wconf 83' lang='lat' dir='ltr'><strong>vult</strong></span> <span class='ocrx_word' id='word_1_387' title='bbox 2969 2080 3206 2145; x_wconf 87' lang='lat' dir='ltr'><strong>salvare,</strong></span> <span class='ocrx_word' id='word_1_388' title='bbox 3247 2090 3409 2149; x_wconf 87' lang='lat' dir='ltr'><strong>negat</strong></span> <span class='ocrx_word' id='word_1_389' title='bbox 3438 2082 3507 2135; x_wconf 87' lang='lat' dir='ltr'><strong>iis</strong></span> 
     </span>
    </p>
   </div>
   <div class='ocr_carea' id='block_1_52' title="bbox 1922 2172 3501 2246">
    <p class='ocr_par' dir='ltr' id='par_1_52' title="bbox 1922 2172 3501 2246">
     <span class='ocr_line' id='line_1_52' title="bbox 1922 2172 3501 2246; baseline -0.003 -16"><span class='ocrx_word' id='word_1_390' title='bbox 1922 2176 2334 2246; x_wconf 79' lang='lat' dir='ltr'><strong>intelligentiam</strong></span> <span class='ocrx_word' id='word_1_391' title='bbox 2361 2185 2416 2229; x_wconf 89' lang='lat' dir='ltr'><strong>et</strong></span> <span class='ocrx_word' id='word_1_392' title='bbox 2445 2173 2797 2230; x_wconf 86' lang='lat' dir='ltr'><strong>auscultandi</strong></span> <span class='ocrx_word' id='word_1_393' title='bbox 2826 2172 3167 2239; x_wconf 77' lang='lat' dir='ltr'><strong>facultatem,</strong></span> <span class='ocrx_word' id='word_1_394' title='bbox 3194 2183 3249 2228; x_wconf 93' lang='lat' dir='ltr'><strong>et</strong></span> <span class='ocrx_word' id='word_1_395' title='bbox 3302 2174 3501 2239; x_wconf 79' lang='lat' dir='ltr'><strong>placita</strong></span> 
     </span>
    </p>
   </div>
   <div class='ocr_carea' id='block_1_53' title="bbox 1921 2262 3506 2334">
    <p class='ocr_par' dir='ltr' id='par_1_53' title="bbox 1921 2262 3506 2334">
     <span class='ocr_line' id='line_1_53' title="bbox 1921 2262 3506 2334; baseline -0.003 -14"><span class='ocrx_word' id='word_1_396' title='bbox 1921 2267 1970 2321; x_wconf 93' lang='lat' dir='ltr'><strong>ei</strong></span> <span class='ocrx_word' id='word_1_397' title='bbox 2002 2265 2341 2334; x_wconf 77' lang='lat' dir='ltr'><strong>exsequendi</strong></span> <span class='ocrx_word' id='word_1_398' title='bbox 2374 2280 2390 2317; x_wconf 91' lang='lat'><strong>:</strong></span> <span class='ocrx_word' id='word_1_399' title='bbox 2418 2273 2585 2333; x_wconf 86' lang='lat' dir='ltr'><strong>atque</strong></span> <span class='ocrx_word' id='word_1_400' title='bbox 2605 2263 2681 2317; x_wconf 88' lang='lat' dir='ltr'><strong>ita</strong></span> <span class='ocrx_word' id='word_1_401' title='bbox 2698 2262 2975 2332; x_wconf 88' lang='lat' dir='ltr'><strong>punitioni</strong></span> <span class='ocrx_word' id='word_1_402' title='bbox 3004 2262 3299 2318; x_wconf 77' lang='lat' dir='ltr'><strong>contrudit.</strong></span> <span class='ocrx_word' id='word_1_403' title='bbox 3326 2267 3506 2333; x_wconf 86' lang='lat' dir='ltr'><strong>Atque</strong></span> 
     </span>
    </p>
   </div>
   <div class='ocr_carea' id='block_1_54' title="bbox 1923 2351 3504 2425">
    <p class='ocr_par' dir='ltr' id='par_1_54' title="bbox 1923 2351 3504 2425">
     <span class='ocr_line' id='line_1_54' title="bbox 1923 2351 3504 2425; baseline -0.003 -15"><span class='ocrx_word' id='word_1_404' title='bbox 1923 2356 2056 2410; x_wconf 82' lang='lat' dir='ltr'><strong>hinc</strong></span> <span class='ocrx_word' id='word_1_405' title='bbox 2119 2358 2367 2425; x_wconf 80' lang='lat' dir='ltr'><strong>cogitare</strong></span> <span class='ocrx_word' id='word_1_406' title='bbox 2423 2354 2616 2409; x_wconf 84' lang='lat' dir='ltr'><strong>subest</strong></span> <span class='ocrx_word' id='word_1_407' title='bbox 2667 2351 3134 2424; x_wconf 84' lang='lat' dir='ltr'><strong>blasphemiarum</strong></span> <span class='ocrx_word' id='word_1_408' title='bbox 3195 2354 3504 2407; x_wconf 87' lang='lat' dir='ltr'><strong>enormium</strong></span> 
     </span>
    </p>
   </div>
   <div class='ocr_carea' id='block_1_55' title="bbox 1924 2436 3488 2513">
    <p class='ocr_par' dir='ltr' id='par_1_55' title="bbox 1924 2436 3488 2513">
     <span class='ocr_line' id='line_1_55' title="bbox 1924 2436 3488 2513; baseline -0.004 -12"><span class='ocrx_word' id='word_1_409' title='bbox 1924 2436 2329 2501; x_wconf 77' lang='lat' dir='ltr'><strong>multitudinem</strong></span> <span class='ocrx_word' id='word_1_410' title='bbox 2355 2461 2372 2510; x_wconf 91' lang='lat'><strong>;</strong></span> <span class='ocrx_word' id='word_1_411' title='bbox 2408 2458 2608 2512; x_wconf 83' lang='lat' dir='ltr'><strong>nempe</strong></span> <span class='ocrx_word' id='word_1_412' title='bbox 2635 2443 2783 2513; x_wconf 90' lang='lat' dir='ltr'><strong>quod</strong></span> <span class='ocrx_word' id='word_1_413' title='bbox 2813 2441 2956 2498; x_wconf 88' lang='lat' dir='ltr'><strong>Deus</strong></span> <span class='ocrx_word' id='word_1_414' title='bbox 2982 2442 3247 2513; x_wconf 86' lang='lat' dir='ltr'><strong>impediat</strong></span> <span class='ocrx_word' id='word_1_415' title='bbox 3275 2458 3370 2497; x_wconf 84' lang='lat' dir='ltr'><strong>eos</strong></span> <span class='ocrx_word' id='word_1_416' title='bbox 3393 2445 3488 2513; x_wconf 89' lang='lat' dir='ltr'><strong>qui</strong></span> 
     </span>
    </p>
   </div>
   <div class='ocr_carea' id='block_1_56' title="bbox 1924 2534 3501 2606">
    <p class='ocr_par' dir='ltr' id='par_1_56' title="bbox 1924 2534 3501 2606">
     <span class='ocr_line' id='line_1_56' title="bbox 1924 2534 3501 2606; baseline -0.002 -15"><span class='ocrx_word' id='word_1_417' title='bbox 1924 2537 1993 2593; x_wconf 90' lang='lat' dir='ltr'><strong>ad</strong></span> <span class='ocrx_word' id='word_1_418' title='bbox 2027 2539 2167 2592; x_wconf 82' lang='lat' dir='ltr'><strong>bene</strong></span> <span class='ocrx_word' id='word_1_419' title='bbox 2195 2534 2467 2606; x_wconf 74' lang='lat' dir='ltr'><strong>agendum</strong></span> <span class='ocrx_word' id='word_1_420' title='bbox 2510 2534 2698 2590; x_wconf 89' lang='lat' dir='ltr'><strong>l&#39;orent</strong></span> <span class='ocrx_word' id='word_1_421' title='bbox 2724 2534 2982 2590; x_wconf 88' lang='lat' dir='ltr'><strong>destinati</strong></span> <span class='ocrx_word' id='word_1_422' title='bbox 3010 2551 3025 2589; x_wconf 90' lang='lat'><strong>:</strong></span> <span class='ocrx_word' id='word_1_423' title='bbox 3060 2535 3209 2604; x_wconf 88' lang='lat' dir='ltr'><strong>quod</strong></span> <span class='ocrx_word' id='word_1_424' title='bbox 3242 2535 3361 2604; x_wconf 90' lang='lat' dir='ltr'><strong>ipse</strong></span> <span class='ocrx_word' id='word_1_425' title='bbox 3393 2536 3501 2589; x_wconf 85' lang='lat' dir='ltr'><strong>sibi</strong></span> 
     </span>
    </p>
   </div>
   <div class='ocr_carea' id='block_1_57' title="bbox 1922 2626 3509 2700">
    <p class='ocr_par' dir='ltr' id='par_1_57' title="bbox 1922 2626 3509 2700">
     <span class='ocr_line' id='line_1_57' title="bbox 1922 2626 3509 2700; baseline -0.001 -16"><span class='ocrx_word' id='word_1_426' title='bbox 1922 2630 2136 2700; x_wconf 73' lang='lat' dir='ltr'><strong>legibus</strong></span> <span class='ocrx_word' id='word_1_427' title='bbox 2161 2627 2403 2683; x_wconf 73' lang='lat' dir='ltr'><strong>ferendis</strong></span> <span class='ocrx_word' id='word_1_428' title='bbox 2433 2626 2816 2694; x_wconf 87' lang='lat' dir='ltr'><strong>contradicat;</strong></span> <span class='ocrx_word' id='word_1_429' title='bbox 2867 2636 3097 2682; x_wconf 88' lang='lat' dir='ltr'><strong>cunctos</strong></span> <span class='ocrx_word' id='word_1_430' title='bbox 3145 2627 3363 2697; x_wconf 88' lang='lat' dir='ltr'><strong>quidem</strong></span> <span class='ocrx_word' id='word_1_431' title='bbox 3396 2628 3509 2682; x_wconf 85' lang='lat' dir='ltr'><strong>sal-</strong></span> 
     </span>
    </p>
   </div>
   <div class='ocr_carea' id='block_1_58' title="bbox 1922 2719 3508 2789">
    <p class='ocr_par' dir='ltr' id='par_1_58' title="bbox 1922 2719 3508 2789">
     <span class='ocr_line' id='line_1_58' title="bbox 1922 2719 3508 2789; baseline -0.004 -11"><span class='ocrx_word' id='word_1_432' title='bbox 1922 2738 2053 2778; x_wconf 89' lang='lat' dir='ltr'><strong>vare</strong></span> <span class='ocrx_word' id='word_1_433' title='bbox 2091 2722 2302 2783; x_wconf 87' lang='lat' dir='ltr'><strong>nolens,</strong></span> <span class='ocrx_word' id='word_1_434' title='bbox 2347 2731 2403 2776; x_wconf 88' lang='lat' dir='ltr'><strong>et</strong></span> <span class='ocrx_word' id='word_1_435' title='bbox 2433 2731 2616 2775; x_wconf 87' lang='lat' dir='ltr'><strong>tamen</strong></span> <span class='ocrx_word' id='word_1_436' title='bbox 2671 2719 2936 2774; x_wconf 87' lang='lat' dir='ltr'><strong>salutaria</strong></span> <span class='ocrx_word' id='word_1_437' title='bbox 2965 2727 3236 2789; x_wconf 67' lang='lat' dir='ltr'><strong>prmepta</strong></span> <span class='ocrx_word' id='word_1_438' title='bbox 3291 2721 3508 2774; x_wconf 84' lang='lat' dir='ltr'><strong>cunctis</strong></span> 
     </span>
    </p>
   </div>
   <div class='ocr_carea' id='block_1_59' title="bbox 1925 2811 3505 2882">
    <p class='ocr_par' dir='ltr' id='par_1_59' title="bbox 1925 2811 3505 2882">
     <span class='ocr_line' id='line_1_59' title="bbox 1925 2811 3505 2882; baseline -0.004 -12"><span class='ocrx_word' id='word_1_439' title='bbox 1925 2815 2172 2880; x_wconf 84' lang='lat' dir='ltr'><strong>edicens,</strong></span> <span class='ocrx_word' id='word_1_440' title='bbox 2201 2822 2262 2868; x_wconf 92' lang='lat' dir='ltr'><strong>ut</strong></span> <span class='ocrx_word' id='word_1_441' title='bbox 2291 2814 2406 2869; x_wconf 60' lang='lat' dir='ltr'><strong>hac</strong></span> <span class='ocrx_word' id='word_1_442' title='bbox 2435 2815 2547 2868; x_wconf 91' lang='lat' dir='ltr'><strong>sint</strong></span> <span class='ocrx_word' id='word_1_443' title='bbox 2577 2811 2836 2882; x_wconf 88' lang='lat' dir='ltr'><strong>culpandi</strong></span> <span class='ocrx_word' id='word_1_444' title='bbox 2879 2811 3125 2876; x_wconf 86' lang='lat' dir='ltr'><strong>occasio,</strong></span> <span class='ocrx_word' id='word_1_445' title='bbox 3166 2826 3277 2865; x_wconf 91' lang='lat' dir='ltr'><strong>non</strong></span> <span class='ocrx_word' id='word_1_446' title='bbox 3321 2819 3505 2866; x_wconf 89' lang='lat' dir='ltr'><strong>autem</strong></span> 
     </span>
    </p>
   </div>
   <div class='ocr_carea' id='block_1_60' title="bbox 1924 2901 3511 2977">
    <p class='ocr_par' dir='ltr' id='par_1_60' title="bbox 1924 2901 3511 2977">
     <span class='ocr_line' id='line_1_60' title="bbox 1924 2901 3511 2977; baseline -0.004 -15"><span class='ocrx_word' id='word_1_447' title='bbox 1924 2906 2294 2976; x_wconf 81' lang='lat' dir='ltr'><strong>consequendi</strong></span> <span class='ocrx_word' id='word_1_448' title='bbox 2328 2906 2537 2977; x_wconf 72' lang='lat' dir='ltr'><strong>praemii</strong></span> <span class='ocrx_word' id='word_1_449' title='bbox 2583 2903 2938 2974; x_wconf 84' lang='lat' dir='ltr'><strong>adjutorium.</strong></span> <span class='ocrx_word' id='word_1_450' title='bbox 2973 2902 3066 2956; x_wconf 83' lang='lat' dir='ltr'><strong>Sic</strong></span> <span class='ocrx_word' id='word_1_451' title='bbox 3094 2911 3274 2956; x_wconf 87' lang='lat' dir='ltr'><strong>autem</strong></span> <span class='ocrx_word' id='word_1_452' title='bbox 3311 2901 3395 2957; x_wconf 90' lang='lat' dir='ltr'><strong>vel</strong></span> <span class='ocrx_word' id='word_1_453' title='bbox 3422 2901 3511 2956; x_wconf 87' lang='lat' dir='ltr'><strong>in-</strong></span> 
     </span>
    </p>
   </div>
   <div class='ocr_carea' id='block_1_61' title="bbox 1925 2992 3504 3069">
    <p class='ocr_par' dir='ltr' id='par_1_61' title="bbox 1925 2992 3504 3069">
     <span class='ocr_line' id='line_1_61' title="bbox 1925 2992 3504 3069; baseline -0.006 -16"><span class='ocrx_word' id='word_1_454' title='bbox 1925 2997 2050 3053; x_wconf 83' lang='lat' dir='ltr'><strong>vide</strong></span> <span class='ocrx_word' id='word_1_455' title='bbox 2082 2997 2197 3069; x_wconf 66' lang='lat' dir='ltr'><strong>egit</strong></span> <span class='ocrx_word' id='word_1_456' title='bbox 2231 3000 2377 3051; x_wconf 85' lang='lat' dir='ltr'><strong>Deus</strong></span> <span class='ocrx_word' id='word_1_457' title='bbox 2409 3014 2425 3051; x_wconf 91' lang='lat'><strong>:</strong></span> <span class='ocrx_word' id='word_1_458' title='bbox 2463 2996 2546 3049; x_wconf 85' lang='lat' dir='ltr'><strong>vel</strong></span> <span class='ocrx_word' id='word_1_459' title='bbox 2571 2996 2700 3064; x_wconf 86' lang='lat' dir='ltr'><strong>quia</strong></span> <span class='ocrx_word' id='word_1_460' title='bbox 2741 3003 2973 3048; x_wconf 86' lang='lat' dir='ltr'><strong>cunctos</strong></span> <span class='ocrx_word' id='word_1_461' title='bbox 3025 2992 3365 3048; x_wconf 83' lang='lat' dir='ltr'><strong>remunerari</strong></span> <span class='ocrx_word' id='word_1_462' title='bbox 3404 3007 3504 3045; x_wconf 84' lang='lat' dir='ltr'><strong>ne—</strong></span> 
     </span>
    </p>
   </div>
   <div class='ocr_carea' id='block_1_62' title="bbox 1924 3084 3503 3160">
    <p class='ocr_par' dir='ltr' id='par_1_62' title="bbox 1924 3084 3503 3160">
     <span class='ocr_line' id='line_1_62' title="bbox 1924 3084 3503 3160; baseline -0.004 -16"><span class='ocrx_word' id='word_1_463' title='bbox 1924 3089 2045 3160; x_wconf 87' lang='lat' dir='ltr'><strong>quit</strong></span> <span class='ocrx_word' id='word_1_464' title='bbox 2080 3106 2094 3143; x_wconf 93' lang='lat'><strong>:</strong></span> <span class='ocrx_word' id='word_1_465' title='bbox 2134 3088 2220 3143; x_wconf 89' lang='lat' dir='ltr'><strong>vel</strong></span> <span class='ocrx_word' id='word_1_466' title='bbox 2244 3087 2405 3158; x_wconf 86' lang='lat' dir='ltr'><strong>quasi</strong></span> <span class='ocrx_word' id='word_1_467' title='bbox 2434 3096 2718 3142; x_wconf 86' lang='lat' dir='ltr'><strong>creaturas</strong></span> <span class='ocrx_word' id='word_1_468' title='bbox 2750 3100 2883 3141; x_wconf 89' lang='lat' dir='ltr'><strong>suas</strong></span> <span class='ocrx_word' id='word_1_469' title='bbox 2931 3084 3189 3150; x_wconf 81' lang='lat' dir='ltr'><strong>illudens,</strong></span> <span class='ocrx_word' id='word_1_470' title='bbox 3226 3085 3503 3139; x_wconf 87' lang='lat' dir='ltr'><strong>neminem</strong></span> 
     </span>
    </p>
   </div>
   <div class='ocr_carea' id='block_1_63' title="bbox 1928 3176 3592 3250">
    <p class='ocr_par' dir='ltr' id='par_1_63' title="bbox 1928 3176 3592 3250">
     <span class='ocr_line' id='line_1_63' title="bbox 1928 3176 3592 3250; baseline -0.004 -14"><span class='ocrx_word' id='word_1_471' title='bbox 1928 3182 2135 3237; x_wconf 90' lang='lat' dir='ltr'><strong>habens</strong></span> <span class='ocrx_word' id='word_1_472' title='bbox 2183 3195 2345 3250; x_wconf 85' lang='lat' dir='ltr'><strong>quem</strong></span> <span class='ocrx_word' id='word_1_473' title='bbox 2399 3179 2472 3234; x_wconf 94' lang='lat' dir='ltr'><strong>ob</strong></span> <span class='ocrx_word' id='word_1_474' title='bbox 2509 3179 2654 3233; x_wconf 89' lang='lat' dir='ltr'><strong>hanc</strong></span> <span class='ocrx_word' id='word_1_475' title='bbox 2701 3178 2990 3232; x_wconf 84' lang='lat' dir='ltr'><strong>veritatem</strong></span> <span class='ocrx_word' id='word_1_476' title='bbox 3042 3176 3509 3232; x_wconf 85' lang='lat' dir='ltr'><strong>revereatur:vel</strong></span> <span class='ocrx_word' id='word_1_477' title='bbox 3578 3191 3592 3203; x_wconf 91' lang='grc'><strong>·</strong></span> 
     </span>
    </p>
   </div>
   <div class='ocr_carea' id='block_1_64' title="bbox 225 3240 1816 3343">
    <p class='ocr_par' dir='ltr' id='par_1_64' title="bbox 225 3240 1816 3342">
     <span class='ocr_line' id='line_1_64' title="bbox 225 3240 1816 3342; baseline 0.001 -17"><span class='ocrx_word' id='word_1_478' title='bbox 225 3240 466 3342; x_wconf 45' lang='lat' dir='ltr'><strong>Opi-limati</strong></span> <span class='ocrx_word' id='word_1_479' title='bbox 497 3240 968 3342; x_wconf 51' lang='lat' dir='ltr'><strong>dutblelq&#39;énlmc</strong></span> <span class='ocrx_word' id='word_1_480' title='bbox 992 3240 1074 3342; x_wconf 46' lang='grc' dir='ltr'><strong>’.ἢ</strong></span> <span class='ocrx_word' id='word_1_481' title='bbox 1106 3240 1183 3335; x_wconf 64' lang='grc' dir='ltr'>ὧς</span> <span class='ocrx_word' id='word_1_482' title='bbox 1211 3240 1570 3341; x_wconf 61' lang='grc' dir='ltr'>μνησικακίιῶ</span> <span class='ocrx_word' id='word_1_483' title='bbox 1602 3272 1690 3327; x_wconf 80' lang='grc' dir='ltr'>διὰ</span> <span class='ocrx_word' id='word_1_484' title='bbox 1714 3271 1816 3342; x_wconf 77' lang='grc' dir='ltr'>τὴν</span> 
     </span>
    </p>
   </div>
   <div class='ocr_carea' id='block_1_65' title="bbox 1924 3240 3508 3343">
    <p class='ocr_par' dir='ltr' id='par_1_65' title="bbox 1924 3268 3508 3343">
     <span class='ocr_line' id='line_1_65' title="bbox 1924 3268 3508 3343; baseline -0.003 -16"><span class='ocrx_word' id='word_1_485' title='bbox 1924 3273 2052 3343; x_wconf 88' lang='lat' dir='ltr'><strong>quia</strong></span> <span class='ocrx_word' id='word_1_486' title='bbox 2089 3273 2307 3326; x_wconf 76' lang='lat' dir='ltr'><strong>laetatur</strong></span> <span class='ocrx_word' id='word_1_487' title='bbox 2338 3271 2563 3325; x_wconf 87' lang='lat' dir='ltr'><strong>omnino</strong></span> <span class='ocrx_word' id='word_1_488' title='bbox 2600 3270 2887 3324; x_wconf 87' lang='lat' dir='ltr'><strong>hominum</strong></span> <span class='ocrx_word' id='word_1_489' title='bbox 2918 3269 3161 3339; x_wconf 83' lang='lat' dir='ltr'><strong>pernicie</strong></span> <span class='ocrx_word' id='word_1_490' title='bbox 3199 3286 3212 3322; x_wconf 92' lang='lat'><strong>:</strong></span> <span class='ocrx_word' id='word_1_491' title='bbox 3254 3268 3340 3324; x_wconf 89' lang='lat' dir='ltr'><strong>vel</strong></span> <span class='ocrx_word' id='word_1_492' title='bbox 3375 3269 3508 3340; x_wconf 84' lang='lat' dir='ltr'><strong>quia</strong></span> 
     </span>
    </p>
   </div>
   <div class='ocr_carea' id='block_1_66' title="bbox 223 3359 1816 3434">
    <p class='ocr_par' dir='ltr' id='par_1_66' title="bbox 223 3359 1816 3434">
     <span class='ocr_line' id='line_1_66' title="bbox 223 3359 1816 3434; baseline -0.001 -20"><span class='ocrx_word' id='word_1_493' title='bbox 223 3360 366 3434; x_wconf 87' lang='grc' dir='ltr'>πρὸς</span> <span class='ocrx_word' id='word_1_494' title='bbox 389 3360 483 3414; x_wconf 89' lang='grc' dir='ltr'>τὸν</span> <span class='ocrx_word' id='word_1_495' title='bbox 506 3361 833 3432; x_wconf 79' lang='grc' dir='ltr'>προπάτορα</span> <span class='ocrx_word' id='word_1_496' title='bbox 864 3359 1023 3431; x_wconf 79' lang='grc' dir='ltr'>ἡμῶν</span> <span class='ocrx_word' id='word_1_497' title='bbox 1041 3360 1441 3427; x_wconf 62' lang='grc' dir='ltr'>ἀγανάκτησιν</span> <span class='ocrx_word' id='word_1_498' title='bbox 1478 3359 1512 3429; x_wconf 83' lang='grc' dir='ltr'><strong>ἦ</strong></span> <span class='ocrx_word' id='word_1_499' title='bbox 1543 3360 1628 3413; x_wconf 87' lang='grc' dir='ltr'>ὄτι</span> <span class='ocrx_word' id='word_1_500' title='bbox 1656 3360 1816 3429; x_wconf 83' lang='grc' dir='ltr'>φύσει</span> 
     </span>
    </p>
   </div>
   <div class='ocr_carea' id='block_1_67' title="bbox 1924 3359 3508 3434">
    <p class='ocr_par' dir='ltr' id='par_1_67' title="bbox 1925 3359 3508 3428">
     <span class='ocr_line' id='line_1_67' title="bbox 1925 3359 3508 3428; baseline -0.003 -11"><span class='ocrx_word' id='word_1_501' title='bbox 1925 3363 2182 3417; x_wconf 83' lang='lat' dir='ltr'><strong>ultricem</strong></span> <span class='ocrx_word' id='word_1_502' title='bbox 2242 3361 2576 3417; x_wconf 84' lang='lat' dir='ltr'><strong>voluntatem</strong></span> <span class='ocrx_word' id='word_1_503' title='bbox 2634 3359 2867 3422; x_wconf 88' lang='lat' dir='ltr'><strong>retinet,</strong></span> <span class='ocrx_word' id='word_1_504' title='bbox 2920 3367 3144 3428; x_wconf 75' lang='lat' dir='ltr'><strong>piopter</strong></span> <span class='ocrx_word' id='word_1_505' title='bbox 3196 3366 3508 3428; x_wconf 86' lang='lat' dir='ltr'><strong>susceptam</strong></span> 
     </span>
    </p>
   </div>
   <div class='ocr_carea' id='block_1_68' title="bbox 222 3450 1816 3524">
    <p class='ocr_par' dir='ltr' id='par_1_68' title="bbox 222 3450 1816 3523">
     <span class='ocr_line' id='line_1_68' title="bbox 222 3450 1816 3523; baseline 0.001 -17"><span class='ocrx_word' id='word_1_506' title='bbox 222 3450 403 3516; x_wconf 71' lang='grc' dir='ltr'>αἴτιός</span> <span class='ocrx_word' id='word_1_507' title='bbox 422 3453 540 3505; x_wconf 78' lang='grc' dir='ltr'>ἐστι</span> <span class='ocrx_word' id='word_1_508' title='bbox 572 3451 682 3506; x_wconf 83' lang='grc' dir='ltr'>τῶν</span> <span class='ocrx_word' id='word_1_509' title='bbox 712 3451 919 3516; x_wconf 85' lang='grc' dir='ltr'>κακῶν,</span> <span class='ocrx_word' id='word_1_510' title='bbox 949 3451 1044 3505; x_wconf 80' lang='grc' dir='ltr'>καὶ</span> <span class='ocrx_word' id='word_1_511' title='bbox 1079 3451 1140 3503; x_wconf 87' lang='grc' dir='ltr'><strong>οὑ</strong></span> <span class='ocrx_word' id='word_1_512' title='bbox 1172 3452 1251 3522; x_wconf 77' lang='grc' dir='ltr'>μὴ</span> <span class='ocrx_word' id='word_1_513' title='bbox 1275 3450 1503 3504; x_wconf 89' lang='grc' dir='ltr'>δύναται</span> <span class='ocrx_word' id='word_1_514' title='bbox 1546 3451 1625 3523; x_wconf 85' lang='grc' dir='ltr'>μὴ</span> <span class='ocrx_word' id='word_1_515' title='bbox 1656 3469 1816 3507; x_wconf 87' lang='grc' dir='ltr'>κακο-</span> 
     </span>
    </p>
   </div>
   <div class='ocr_carea' id='block_1_69' title="bbox 1924 3450 3513 3524">
    <p class='ocr_par' dir='ltr' id='par_1_69' title="bbox 1924 3450 3513 3524">
     <span class='ocr_line' id='line_1_69' title="bbox 1924 3450 3513 3524; baseline -0.003 -16"><span class='ocrx_word' id='word_1_516' title='bbox 1924 3470 2048 3509; x_wconf 85' lang='lat' dir='ltr'><strong>eum</strong></span> <span class='ocrx_word' id='word_1_517' title='bbox 2088 3453 2442 3524; x_wconf 75' lang='lat' dir='ltr'><strong>progenitore</strong></span> <span class='ocrx_word' id='word_1_518' title='bbox 2470 3460 2660 3507; x_wconf 85' lang='lat' dir='ltr'><strong>nostro</strong></span> <span class='ocrx_word' id='word_1_519' title='bbox 2690 3450 3035 3505; x_wconf 89' lang='lat' dir='ltr'><strong>inimicitiam</strong></span> <span class='ocrx_word' id='word_1_520' title='bbox 3075 3467 3090 3504; x_wconf 90' lang='lat'>:</span> <span class='ocrx_word' id='word_1_521' title='bbox 3127 3451 3212 3505; x_wconf 89' lang='lat' dir='ltr'><strong>vel</strong></span> <span class='ocrx_word' id='word_1_522' title='bbox 3241 3451 3373 3520; x_wconf 87' lang='lat' dir='ltr'><strong>quia</strong></span> <span class='ocrx_word' id='word_1_523' title='bbox 3411 3466 3513 3504; x_wconf 85' lang='lat' dir='ltr'><strong>na-</strong></span> 
     </span>
    </p>
   </div>
   <div class='ocr_carea' id='block_1_70' title="bbox 160 3542 478 3614">
    <p class='ocr_par' dir='ltr' id='par_1_70' title="bbox 160 3542 478 3614">
     <span class='ocr_line' id='line_1_70' title="bbox 160 3542 478 3614; baseline 0 -17"><span class='ocrx_word' id='word_1_524' title='bbox 160 3543 170 3551; x_wconf 87' lang='grc'><strong>’</strong></span> <span class='ocrx_word' id='word_1_525' title='bbox 222 3542 478 3614; x_wconf 80' lang='grc' dir='ltr'>ποιῆσαι.</span> 
     </span>
    </p>
   </div>
   <div class='ocr_carea' id='block_1_71' title="bbox 297 3720 1824 3792">
    <p class='ocr_par' dir='ltr' id='par_1_71' title="bbox 297 3720 1824 3792">
     <span class='ocr_line' id='line_1_71' title="bbox 297 3720 1824 3792; baseline -0.002 -13"><span class='ocrx_word' id='word_1_526' title='bbox 297 3723 401 3779; x_wconf 83' lang='grc' dir='ltr'>λα’.</span> <span class='ocrx_word' id='word_1_527' title='bbox 425 3722 614 3778; x_wconf 80' lang='grc' dir='ltr'>Ταῦτα</span> <span class='ocrx_word' id='word_1_528' title='bbox 634 3723 728 3776; x_wconf 81' lang='grc' dir='ltr'>καὶ</span> <span class='ocrx_word' id='word_1_529' title='bbox 749 3721 819 3777; x_wconf 77' lang='grc' dir='ltr'><strong>τὰ</strong></span> <span class='ocrx_word' id='word_1_530' title='bbox 843 3720 1066 3777; x_wconf 80' lang='grc' dir='ltr'>τοιαῦτα</span> <span class='ocrx_word' id='word_1_531' title='bbox 1087 3722 1117 3775; x_wconf 88' lang='grc' dir='ltr'><strong>ό</strong></span> <span class='ocrx_word' id='word_1_532' title='bbox 1138 3721 1519 3792; x_wconf 78' lang='grc' dir='ltr'>ἀμαθέστατος</span> <span class='ocrx_word' id='word_1_533' title='bbox 1549 3722 1824 3792; x_wconf 82' lang='grc' dir='ltr'>γνωμοδο-</span> 
     </span>
    </p>
   </div>
   <div class='ocr_carea' id='block_1_72' title="bbox 222 3812 1824 3886">
    <p class='ocr_par' dir='ltr' id='par_1_72' title="bbox 222 3812 1824 3886">
     <span class='ocr_line' id='line_1_72' title="bbox 222 3812 1824 3886; baseline 0 -17"><span class='ocrx_word' id='word_1_534' title='bbox 222 3818 313 3870; x_wconf 86' lang='grc' dir='ltr'><strong>τεῖ</strong></span> <span class='ocrx_word' id='word_1_535' title='bbox 345 3815 642 3886; x_wconf 78' lang='grc' dir='ltr'>βάρϐαρος,</span> <span class='ocrx_word' id='word_1_536' title='bbox 674 3814 739 3866; x_wconf 80' lang='grc' dir='ltr'>ὲκ</span> <span class='ocrx_word' id='word_1_537' title='bbox 762 3814 1067 3885; x_wconf 75' lang='grc' dir='ltr'>προοιμίων</span> <span class='ocrx_word' id='word_1_538' title='bbox 1092 3812 1255 3876; x_wconf 80' lang='grc' dir='ltr'>εὐθὺς</span> <span class='ocrx_word' id='word_1_539' title='bbox 1282 3813 1383 3883; x_wconf 79' lang='grc' dir='ltr'>τὴν</span> <span class='ocrx_word' id='word_1_540' title='bbox 1407 3814 1647 3885; x_wconf 83' lang='grc' dir='ltr'>ἀπορίαν</span> <span class='ocrx_word' id='word_1_541' title='bbox 1674 3814 1824 3869; x_wconf 83' lang='grc' dir='ltr'>λύειν</span> 
     </span>
    </p>
   </div>
   <div class='ocr_carea' id='block_1_73' title="bbox 220 3903 1825 3978">
    <p class='ocr_par' dir='ltr' id='par_1_73' title="bbox 220 3903 1825 3978">
     <span class='ocr_line' id='line_1_73' title="bbox 220 3903 1825 3978; baseline -0.003 -17"><span class='ocrx_word' id='word_1_542' title='bbox 220 3906 498 3978; x_wconf 87' lang='grc' dir='ltr'>οίόμενος,</span> <span class='ocrx_word' id='word_1_543' title='bbox 527 3905 621 3959; x_wconf 84' lang='grc' dir='ltr'>τοῦ</span> <span class='ocrx_word' id='word_1_544' title='bbox 644 3905 722 3977; x_wconf 85' lang='grc' dir='ltr'>μὴ</span> <span class='ocrx_word' id='word_1_545' title='bbox 747 3905 959 3969; x_wconf 83' lang='grc' dir='ltr'>πάντας</span> <span class='ocrx_word' id='word_1_546' title='bbox 976 3904 1204 3978; x_wconf 77' lang='grc' dir='ltr'>θελῆσαι</span> <span class='ocrx_word' id='word_1_547' title='bbox 1231 3907 1298 3975; x_wconf 78' lang='grc' dir='ltr'>τῇ</span> <span class='ocrx_word' id='word_1_548' title='bbox 1324 3903 1491 3958; x_wconf 80' lang='grc' dir='ltr'>αὑτοῦ</span> <span class='ocrx_word' id='word_1_549' title='bbox 1523 3904 1825 3975; x_wconf 83' lang='grc' dir='ltr'>ὑπενεχθῆ-</span> 
     </span>
    </p>
   </div>
   <div class='ocr_carea' id='block_1_74' title="bbox 222 3994 1825 4072">
    <p class='ocr_par' dir='ltr' id='par_1_74' title="bbox 222 3994 1825 4072">
     <span class='ocr_line' id='line_1_74' title="bbox 222 3994 1825 4072; baseline -0.002 -20"><span class='ocrx_word' id='word_1_550' title='bbox 222 4017 320 4053; x_wconf 90' lang='grc' dir='ltr'><strong>ναι</strong></span> <span class='ocrx_word' id='word_1_551' title='bbox 379 3998 602 4072; x_wconf 80' lang='grc' dir='ltr'>ἀπάτῃ·</span> <span class='ocrx_word' id='word_1_552' title='bbox 657 3997 818 4051; x_wconf 82' lang='grc' dir='ltr'>τοῦτο</span> <span class='ocrx_word' id='word_1_553' title='bbox 860 3995 919 4050; x_wconf 84' lang='grc' dir='ltr'>δὲ</span> <span class='ocrx_word' id='word_1_554' title='bbox 980 3996 1062 4050; x_wconf 86' lang='grc' dir='ltr'>δεῖ</span> <span class='ocrx_word' id='word_1_555' title='bbox 1106 3996 1497 4067; x_wconf 82' lang='grc' dir='ltr'>παρατηρῆσαι</span> <span class='ocrx_word' id='word_1_556' title='bbox 1527 3996 1587 4047; x_wconf 80' lang='grc' dir='ltr'>ἐν</span> <span class='ocrx_word' id='word_1_557' title='bbox 1612 3994 1720 4065; x_wconf 82' lang='grc' dir='ltr'><strong>ὅλῳ</strong></span> <span class='ocrx_word' id='word_1_558' title='bbox 1745 3995 1825 4065; x_wconf 77' lang='grc' dir='ltr'>τῷ</span> 
     </span>
    </p>
   </div>
   <div class='ocr_carea' id='block_1_75' title="bbox 222 4086 1825 4162">
    <p class='ocr_par' dir='ltr' id='par_1_75' title="bbox 222 4086 1825 4162">
     <span class='ocr_line' id='line_1_75' title="bbox 222 4086 1825 4162; baseline -0.002 -17"><span class='ocrx_word' id='word_1_559' title='bbox 222 4090 539 4162; x_wconf 77' lang='grc' dir='ltr'>ἀγροικικῷ</span> <span class='ocrx_word' id='word_1_560' title='bbox 568 4087 766 4160; x_wconf 73' lang='grc' dir='ltr'>ἐκείνῳ</span> <span class='ocrx_word' id='word_1_561' title='bbox 824 4086 1068 4160; x_wconf 78' lang='grc' dir='ltr'>βιϐλιδίῳ</span> <span class='ocrx_word' id='word_1_562' title='bbox 1094 4128 1111 4156; x_wconf 90' lang='grc'><strong>,</strong></span> <span class='ocrx_word' id='word_1_563' title='bbox 1149 4088 1233 4142; x_wconf 82' lang='grc' dir='ltr'>ὅτι</span> <span class='ocrx_word' id='word_1_564' title='bbox 1286 4086 1542 4155; x_wconf 66' lang='grc' dir='ltr'>ἐγνωκὼς</span> <span class='ocrx_word' id='word_1_565' title='bbox 1591 4086 1621 4140; x_wconf 85' lang='grc' dir='ltr'><strong>ό</strong></span> <span class='ocrx_word' id='word_1_566' title='bbox 1666 4086 1825 4141; x_wconf 81' lang='grc' dir='ltr'>τοῦτο</span> 
     </span>
    </p>
   </div>
   <div class='ocr_carea' id='block_1_76' title="bbox 222 4176 1823 4255">
    <p class='ocr_par' dir='ltr' id='par_1_76' title="bbox 222 4176 1823 4255">
     <span class='ocr_line' id='line_1_76' title="bbox 222 4176 1823 4255; baseline -0.004 -18"><span class='ocrx_word' id='word_1_567' title='bbox 222 4181 580 4255; x_wconf 80' lang='grc' dir='ltr'>ληρῳδήσας,</span> <span class='ocrx_word' id='word_1_568' title='bbox 611 4176 1053 4251; x_wconf 84' lang='grc' dir='ltr'>δυσπαράδεκτον</span> <span class='ocrx_word' id='word_1_569' title='bbox 1093 4180 1231 4241; x_wconf 82' lang='grc' dir='ltr'>ὅλως</span> <span class='ocrx_word' id='word_1_570' title='bbox 1278 4176 1446 4232; x_wconf 76' lang='grc' dir='ltr'>οὖσαν</span> <span class='ocrx_word' id='word_1_571' title='bbox 1477 4177 1823 4249; x_wconf 83' lang='grc' dir='ltr'>Χριστιανοῖς</span> 
     </span>
    </p>
   </div>
   <div class='ocr_carea' id='block_1_77' title="bbox 222 4267 1822 4341">
    <p class='ocr_par' dir='ltr' id='par_1_77' title="bbox 222 4267 1822 4341">
     <span class='ocr_line' id='line_1_77' title="bbox 222 4267 1822 4341; baseline -0.003 -15"><span class='ocrx_word' id='word_1_572' title='bbox 222 4289 290 4326; x_wconf 84' lang='grc' dir='ltr'><strong>τε</strong></span> <span class='ocrx_word' id='word_1_573' title='bbox 322 4269 420 4325; x_wconf 75' lang='grc' dir='ltr'>καὶ</span> <span class='ocrx_word' id='word_1_574' title='bbox 462 4270 740 4332; x_wconf 77' lang='grc' dir='ltr'>Ἰουδαίοις</span> <span class='ocrx_word' id='word_1_575' title='bbox 774 4271 876 4340; x_wconf 77' lang='grc' dir='ltr'>τὴν</span> <span class='ocrx_word' id='word_1_576' title='bbox 922 4268 1171 4340; x_wconf 82' lang='grc' dir='ltr'>πλαστὴν</span> <span class='ocrx_word' id='word_1_577' title='bbox 1218 4267 1385 4323; x_wconf 81' lang='grc' dir='ltr'>αὐτοῦ</span> <span class='ocrx_word' id='word_1_578' title='bbox 1415 4267 1621 4341; x_wconf 83' lang='grc' dir='ltr'>ταύτην</span> <span class='ocrx_word' id='word_1_579' title='bbox 1652 4268 1822 4340; x_wconf 85' lang='grc' dir='ltr'>μυθο-</span> 
     </span>
    </p>
   </div>
   <div class='ocr_carea' id='block_1_78' title="bbox 1922 3542 3512 3613">
    <p class='ocr_par' dir='ltr' id='par_1_78' title="bbox 1922 3542 3512 3613">
     <span class='ocr_line' id='line_1_78' title="bbox 1922 3542 3512 3613; baseline -0.002 -13"><span class='ocrx_word' id='word_1_580' title='bbox 1922 3544 2179 3600; x_wconf 83' lang='lat' dir='ltr'><strong>turaliter</strong></span> <span class='ocrx_word' id='word_1_581' title='bbox 2205 3557 2374 3599; x_wconf 81' lang='lat' dir='ltr'><strong>causa</strong></span> <span class='ocrx_word' id='word_1_582' title='bbox 2397 3543 2663 3598; x_wconf 87' lang='lat' dir='ltr'><strong>malorum</strong></span> <span class='ocrx_word' id='word_1_583' title='bbox 2693 3553 2800 3606; x_wconf 86' lang='lat' dir='ltr'><strong>est,</strong></span> <span class='ocrx_word' id='word_1_584' title='bbox 2824 3555 3003 3611; x_wconf 86' lang='lat' dir='ltr'><strong>neque</strong></span> <span class='ocrx_word' id='word_1_585' title='bbox 3029 3551 3210 3613; x_wconf 85' lang='lat' dir='ltr'><strong>potest</strong></span> <span class='ocrx_word' id='word_1_586' title='bbox 3235 3542 3378 3597; x_wconf 92' lang='lat' dir='ltr'><strong>male</strong></span> <span class='ocrx_word' id='word_1_587' title='bbox 3401 3558 3512 3598; x_wconf 90' lang='lat' dir='ltr'><strong>non</strong></span> 
     </span>
    </p>
   </div>
   <div class='ocr_carea' id='block_1_79' title="bbox 1921 3636 2125 3691">
    <p class='ocr_par' dir='ltr' id='par_1_79' title="bbox 1921 3636 2125 3691">
     <span class='ocr_line' id='line_1_79' title="bbox 1921 3636 2125 3691; baseline -0.01 0"><span class='ocrx_word' id='word_1_588' title='bbox 1921 3636 2125 3691; x_wconf 83' lang='lat' dir='ltr'><strong>facere.</strong></span> 
     </span>
    </p>
   </div>
   <div class='ocr_carea' id='block_1_80' title="bbox 1992 3724 3510 3797">
    <p class='ocr_par' dir='ltr' id='par_1_80' title="bbox 1992 3724 3510 3797">
     <span class='ocr_line' id='line_1_80' title="bbox 1992 3724 3510 3797; baseline -0.002 -16"><span class='ocrx_word' id='word_1_589' title='bbox 1992 3726 2083 3781; x_wconf 76' lang='grc'><strong>51.</strong></span> <span class='ocrx_word' id='word_1_590' title='bbox 2118 3724 2281 3781; x_wconf 82' lang='lat' dir='ltr'><strong>Tales</strong></span> <span class='ocrx_word' id='word_1_591' title='bbox 2303 3735 2595 3797; x_wconf 83' lang='lat' dir='ltr'><strong>tantasque</strong></span> <span class='ocrx_word' id='word_1_592' title='bbox 2618 3725 3015 3782; x_wconf 86' lang='lat' dir='ltr'><strong>inscitissimus</strong></span> <span class='ocrx_word' id='word_1_593' title='bbox 3046 3724 3319 3780; x_wconf 84' lang='lat' dir='ltr'><strong>barbarus</strong></span> <span class='ocrx_word' id='word_1_594' title='bbox 3345 3725 3510 3795; x_wconf 85' lang='lat' dir='ltr'><strong>quasi</strong></span> 
     </span>
    </p>
   </div>
   <div class='ocr_carea' id='block_1_81' title="bbox 1924 3815 3514 3887">
    <p class='ocr_par' dir='ltr' id='par_1_81' title="bbox 1924 3815 3514 3887">
     <span class='ocr_line' id='line_1_81' title="bbox 1924 3815 3514 3887; baseline -0.002 -13"><span class='ocrx_word' id='word_1_595' title='bbox 1924 3817 2234 3874; x_wconf 79' lang='lat' dir='ltr'><strong>sententias</strong></span> <span class='ocrx_word' id='word_1_596' title='bbox 2278 3816 2477 3884; x_wconf 73' lang='lat' dir='ltr'><strong>eﬂ&#39;utit,</strong></span> <span class='ocrx_word' id='word_1_597' title='bbox 2525 3816 2641 3887; x_wconf 83' lang='lat' dir='ltr'><strong>jam</strong></span> <span class='ocrx_word' id='word_1_598' title='bbox 2716 3818 2902 3872; x_wconf 88' lang='lat' dir='ltr'><strong>indea</strong></span> <span class='ocrx_word' id='word_1_599' title='bbox 2956 3816 3230 3886; x_wconf 90' lang='lat' dir='ltr'><strong>principio</strong></span> <span class='ocrx_word' id='word_1_600' title='bbox 3284 3815 3514 3871; x_wconf 84' lang='lat' dir='ltr'><strong>dubium</strong></span> 
     </span>
    </p>
   </div>
   <div class='ocr_carea' id='block_1_82' title="bbox 1925 3907 3517 3977">
    <p class='ocr_par' dir='ltr' id='par_1_82' title="bbox 1925 3907 3517 3977">
     <span class='ocr_line' id='line_1_82' title="bbox 1925 3907 3517 3977; baseline -0.001 -12"><span class='ocrx_word' id='word_1_601' title='bbox 1925 3909 2109 3965; x_wconf 78' lang='lat' dir='ltr'><strong>statim</strong></span> <span class='ocrx_word' id='word_1_602' title='bbox 2138 3923 2203 3965; x_wconf 88' lang='lat' dir='ltr'><strong>se</strong></span> <span class='ocrx_word' id='word_1_603' title='bbox 2232 3907 2533 3964; x_wconf 85' lang='lat' dir='ltr'><strong>dissolvere</strong></span> <span class='ocrx_word' id='word_1_604' title='bbox 2561 3915 2783 3977; x_wconf 85' lang='lat' dir='ltr'><strong>putans,</strong></span> <span class='ocrx_word' id='word_1_605' title='bbox 2816 3921 2918 3962; x_wconf 89' lang='lat' dir='ltr'><strong>cur</strong></span> <span class='ocrx_word' id='word_1_606' title='bbox 2958 3923 3068 3962; x_wconf 93' lang='lat' dir='ltr'><strong>non</strong></span> <span class='ocrx_word' id='word_1_607' title='bbox 3132 3922 3325 3962; x_wconf 89' lang='lat' dir='ltr'><strong>omnes</strong></span> <span class='ocrx_word' id='word_1_608' title='bbox 3368 3907 3517 3963; x_wconf 81' lang='lat' dir='ltr'><strong>dolis</strong></span> 
     </span>
    </p>
   </div>
   <div class='ocr_carea' id='block_1_83' title="bbox 1923 3996 3514 4067">
    <p class='ocr_par' dir='ltr' id='par_1_83' title="bbox 1923 3996 3514 4067">
     <span class='ocr_line' id='line_1_83' title="bbox 1923 3996 3514 4067; baseline 0.003 -18"><span class='ocrx_word' id='word_1_609' title='bbox 1923 3998 2260 4067; x_wconf 75' lang='lat' dir='ltr'><strong>ejusirretiri</strong></span> <span class='ocrx_word' id='word_1_610' title='bbox 2280 3998 2578 4054; x_wconf 90' lang='lat' dir='ltr'><strong>voluerint.</strong></span> <span class='ocrx_word' id='word_1_611' title='bbox 2618 3997 2734 4054; x_wconf 87' lang='lat' dir='ltr'><strong>Hoc</strong></span> <span class='ocrx_word' id='word_1_612' title='bbox 2748 4006 2934 4053; x_wconf 88' lang='lat' dir='ltr'><strong>autem</strong></span> <span class='ocrx_word' id='word_1_613' title='bbox 2966 3996 3514 4053; x_wconf 78' lang='lat' dir='ltr'><strong>animadvertendum</strong></span> 
     </span>
    </p>
   </div>
   <div class='ocr_carea' id='block_1_84' title="bbox 1924 4087 3510 4159">
    <p class='ocr_par' dir='ltr' id='par_1_84' title="bbox 1924 4087 3510 4159">
     <span class='ocr_line' id='line_1_84' title="bbox 1924 4087 3510 4159; baseline -0.001 -14"><span class='ocrx_word' id='word_1_614' title='bbox 1924 4099 2009 4146; x_wconf 76' lang='lat' dir='ltr'><strong>est</strong></span> <span class='ocrx_word' id='word_1_615' title='bbox 2040 4091 2095 4147; x_wconf 87' lang='lat' dir='ltr'><strong>in</strong></span> <span class='ocrx_word' id='word_1_616' title='bbox 2127 4099 2240 4145; x_wconf 92' lang='lat' dir='ltr'><strong>toto</strong></span> <span class='ocrx_word' id='word_1_617' title='bbox 2271 4089 2364 4145; x_wconf 91' lang='lat' dir='ltr'><strong>illo</strong></span> <span class='ocrx_word' id='word_1_618' title='bbox 2397 4090 2599 4159; x_wconf 80' lang='lat' dir='ltr'><strong>agresti</strong></span> <span class='ocrx_word' id='word_1_619' title='bbox 2626 4088 2833 4153; x_wconf 90' lang='lat' dir='ltr'><strong>libello,</strong></span> <span class='ocrx_word' id='word_1_620' title='bbox 2856 4088 3002 4159; x_wconf 90' lang='lat' dir='ltr'><strong>quod</strong></span> <span class='ocrx_word' id='word_1_621' title='bbox 3032 4087 3157 4158; x_wconf 82' lang='lat' dir='ltr'><strong>ejus</strong></span> <span class='ocrx_word' id='word_1_622' title='bbox 3181 4088 3510 4158; x_wconf 70' lang='lat' dir='ltr'><strong>nugatorius</strong></span> 
     </span>
    </p>
   </div>
   <div class='ocr_carea' id='block_1_85' title="bbox 1927 4177 3516 4250">
    <p class='ocr_par' dir='ltr' id='par_1_85' title="bbox 1927 4177 3516 4250">
     <span class='ocr_line' id='line_1_85' title="bbox 1927 4177 3516 4250; baseline -0.001 -15"><span class='ocrx_word' id='word_1_623' title='bbox 1927 4188 2124 4235; x_wconf 84' lang='lat' dir='ltr'><strong>auctor</strong></span> <span class='ocrx_word' id='word_1_624' title='bbox 2153 4195 2380 4250; x_wconf 77' lang='lat' dir='ltr'><strong>gnarus,</strong></span> <span class='ocrx_word' id='word_1_625' title='bbox 2409 4193 2552 4250; x_wconf 74' lang='lat' dir='ltr'><strong>aegre</strong></span> <span class='ocrx_word' id='word_1_626' title='bbox 2603 4180 2833 4234; x_wconf 88' lang='lat' dir='ltr'><strong>omnino</strong></span> <span class='ocrx_word' id='word_1_627' title='bbox 2863 4178 2980 4234; x_wconf 81' lang='lat' dir='ltr'><strong>fore</strong></span> <span class='ocrx_word' id='word_1_628' title='bbox 3008 4179 3323 4236; x_wconf 84' lang='lat' dir='ltr'><strong>credibilem</strong></span> <span class='ocrx_word' id='word_1_629' title='bbox 3352 4177 3516 4235; x_wconf 66' lang='grc' dir='ltr'><strong>ατί.</strong></span> 
     </span>
    </p>
   </div>
   <div class='ocr_carea' id='block_1_86' title="bbox 1926 4272 3516 4345">
    <p class='ocr_par' dir='ltr' id='par_1_86' title="bbox 1926 4272 3516 4345">
     <span class='ocr_line' id='line_1_86' title="bbox 1926 4272 3516 4345; baseline -0.001 -17"><span class='ocrx_word' id='word_1_630' title='bbox 1926 4272 2126 4330; x_wconf 81' lang='lat' dir='ltr'><strong>stiauis</strong></span> <span class='ocrx_word' id='word_1_631' title='bbox 2161 4283 2326 4343; x_wconf 88' lang='lat' dir='ltr'><strong>atque</strong></span> <span class='ocrx_word' id='word_1_632' title='bbox 2344 4274 2553 4328; x_wconf 66' lang='lat' dir='ltr'><strong>Iudaeis</strong></span> <span class='ocrx_word' id='word_1_633' title='bbox 2604 4273 2793 4329; x_wconf 75' lang='lat' dir='ltr'><strong>fictam</strong></span> <span class='ocrx_word' id='word_1_634' title='bbox 2821 4273 2965 4329; x_wconf 87' lang='lat' dir='ltr'><strong>banc</strong></span> <span class='ocrx_word' id='word_1_635' title='bbox 3012 4288 3169 4329; x_wconf 87' lang='lat' dir='ltr'><strong>suam</strong></span> <span class='ocrx_word' id='word_1_636' title='bbox 3202 4273 3516 4345; x_wconf 71' lang='lat' dir='ltr'><strong>mythogra—</strong></span> 
     </span>
    </p>
   </div>
   <div class='ocr_carea' id='block_1_87' title="bbox 223 4348 1816 4437">
    <p class='ocr_par' dir='ltr' id='par_1_87' title="bbox 223 4360 1816 4435">
     <span class='ocr_line' id='line_1_87' title="bbox 223 4360 1816 4435; baseline -0.001 -20"><span class='ocrx_word' id='word_1_637' title='bbox 223 4362 477 4435; x_wconf 83' lang='grc' dir='ltr'>γραφίαν</span> <span class='ocrx_word' id='word_1_638' title='bbox 538 4362 635 4416; x_wconf 71' lang='grc' dir='ltr'><strong>καὶ</strong></span> <span class='ocrx_word' id='word_1_639' title='bbox 667 4360 1015 4433; x_wconf 74' lang='grc' dir='ltr'>βαρϐαρικὴν</span> <span class='ocrx_word' id='word_1_640' title='bbox 1056 4360 1379 4433; x_wconf 86' lang='grc' dir='ltr'>θρησκείαν,</span> <span class='ocrx_word' id='word_1_641' title='bbox 1438 4361 1541 4427; x_wconf 79' lang='grc' dir='ltr'>τὰς</span> <span class='ocrx_word' id='word_1_642' title='bbox 1576 4362 1729 4435; x_wconf 85' lang='grc' dir='ltr'><strong>παρά</strong></span> <span class='ocrx_word' id='word_1_643' title='bbox 1755 4363 1816 4433; x_wconf 80' lang='grc' dir='ltr'>τῇ</span> 
     </span>
    </p>
   </div>
   <div class='ocr_carea' id='block_1_88' title="bbox 1924 4348 3514 4437">
    <p class='ocr_par' dir='ltr' id='par_1_88' title="bbox 1927 4348 3514 4437">
     <span class='ocr_line' id='line_1_88' title="bbox 1927 4348 3514 4437; baseline 0.003 -19"><span class='ocrx_word' id='word_1_644' title='bbox 1927 4364 2113 4435; x_wconf 88' lang='lat' dir='ltr'><strong>phiam</strong></span> <span class='ocrx_word' id='word_1_645' title='bbox 2143 4364 2604 4436; x_wconf 83' lang='lat' dir='ltr'><strong>barbaricamque</strong></span> <span class='ocrx_word' id='word_1_646' title='bbox 2639 4365 2984 4437; x_wconf 76' lang='lat' dir='ltr'><strong>religionem,</strong></span> <span class='ocrx_word' id='word_1_647' title='bbox 3026 4375 3311 4422; x_wconf 73' lang='lat' dir='ltr'><strong>exstantes</strong></span> <span class='ocrx_word' id='word_1_648' title='bbox 3362 4348 3514 4436; x_wconf 71' lang='lat' dir='ltr'><strong>apud</strong></span> 
     </span>
    </p>
   </div>
   <div class='ocr_carea' id='block_1_89' title="bbox 226 4450 1816 4529">
    <p class='ocr_par' dir='ltr' id='par_1_89' title="bbox 226 4450 1816 4527">
     <span class='ocr_line' id='line_1_89' title="bbox 226 4450 1816 4527; baseline -0.004 -19"><span class='ocrx_word' id='word_1_649' title='bbox 226 4453 358 4527; x_wconf 79' lang='grc' dir='ltr'>θείᾳ</span> <span class='ocrx_word' id='word_1_650' title='bbox 382 4453 575 4523; x_wconf 81' lang='grc' dir='ltr'>Γραφῇ</span> <span class='ocrx_word' id='word_1_651' title='bbox 600 4452 862 4524; x_wconf 80' lang='grc' dir='ltr'>κειμένας</span> <span class='ocrx_word' id='word_1_652' title='bbox 890 4451 1041 4515; x_wconf 84' lang='grc' dir='ltr'>θείας</span> <span class='ocrx_word' id='word_1_653' title='bbox 1069 4451 1405 4520; x_wconf 75' lang='grc' dir='ltr'>ἐπαγγελίας</span> <span class='ocrx_word' id='word_1_654' title='bbox 1447 4450 1816 4524; x_wconf 76' lang='grc' dir='ltr'>ἀποσυλήσας,</span> 
     </span>
    </p>
   </div>
   <div class='ocr_carea' id='block_1_90' title="bbox 1924 4450 3513 4529">
    <p class='ocr_par' dir='ltr' id='par_1_90' title="bbox 1926 4457 3513 4529">
     <span class='ocr_line' id='line_1_90' title="bbox 1926 4457 3513 4529; baseline 0.001 -16"><span class='ocrx_word' id='word_1_655' title='bbox 1926 4457 2171 4513; x_wconf 82' lang='lat' dir='ltr'><strong>divinam</strong></span> <span class='ocrx_word' id='word_1_656' title='bbox 2205 4457 2548 4529; x_wconf 82' lang='lat' dir='ltr'><strong>Scripturam</strong></span> <span class='ocrx_word' id='word_1_657' title='bbox 2580 4458 2677 4514; x_wconf 89' lang='lat' dir='ltr'><strong>Dei</strong></span> <span class='ocrx_word' id='word_1_658' title='bbox 2707 4460 3103 4529; x_wconf 81' lang='lat' dir='ltr'><strong>promissiones</strong></span> <span class='ocrx_word' id='word_1_659' title='bbox 3146 4458 3513 4526; x_wconf 78' lang='lat' dir='ltr'><strong>subfuratnr;</strong></span> 
     </span>
    </p>
   </div>
   <div class='ocr_carea' id='block_1_91' title="bbox 223 4541 1816 4637">
    <p class='ocr_par' dir='ltr' id='par_1_91' title="bbox 223 4541 1816 4613">
     <span class='ocr_line' id='line_1_91' title="bbox 223 4541 1816 4613; baseline -0.001 -14"><span class='ocrx_word' id='word_1_660' title='bbox 223 4546 326 4599; x_wconf 76' lang='grc' dir='ltr'><strong>καὶ</strong></span> <span class='ocrx_word' id='word_1_661' title='bbox 379 4543 503 4597; x_wconf 73' lang='grc' dir='ltr'>οὐδὲ</span> <span class='ocrx_word' id='word_1_662' title='bbox 551 4542 756 4607; x_wconf 87' lang='grc' dir='ltr'>ταύτας</span> <span class='ocrx_word' id='word_1_663' title='bbox 814 4543 1054 4609; x_wconf 86' lang='grc' dir='ltr'>ἁπάσας,</span> <span class='ocrx_word' id='word_1_664' title='bbox 1095 4541 1233 4597; x_wconf 87' lang='grc' dir='ltr'><strong>ἀλλά</strong></span> <span class='ocrx_word' id='word_1_665' title='bbox 1280 4543 1375 4597; x_wconf 91' lang='grc' dir='ltr'><strong>τόν</strong></span> <span class='ocrx_word' id='word_1_666' title='bbox 1396 4559 1462 4611; x_wconf 87' lang='grc' dir='ltr'><strong>γε</strong></span> <span class='ocrx_word' id='word_1_667' title='bbox 1498 4542 1816 4613; x_wconf 78' lang='grc' dir='ltr'>παράδεισον</span> 
     </span>
    </p>
   </div>
   <div class='ocr_carea' id='block_1_92' title="bbox 1924 4541 3520 4637">
    <p class='ocr_par' dir='ltr' id='par_1_92' title="bbox 1933 4550 3520 4622">
     <span class='ocr_line' id='line_1_92' title="bbox 1933 4550 3520 4622; baseline 0.002 -19"><span class='ocrx_word' id='word_1_668' title='bbox 1933 4563 2110 4618; x_wconf 85' lang='lat' dir='ltr'><strong>neque</strong></span> <span class='ocrx_word' id='word_1_669' title='bbox 2135 4550 2237 4605; x_wconf 89' lang='lat' dir='ltr'><strong>bas</strong></span> <span class='ocrx_word' id='word_1_670' title='bbox 2278 4560 2459 4607; x_wconf 81' lang='lat' dir='ltr'><strong>tamen</strong></span> <span class='ocrx_word' id='word_1_671' title='bbox 2504 4565 2723 4617; x_wconf 85' lang='lat' dir='ltr'><strong>omnes,</strong></span> <span class='ocrx_word' id='word_1_672' title='bbox 2771 4555 2866 4607; x_wconf 89' lang='lat' dir='ltr'><strong>sed</strong></span> <span class='ocrx_word' id='word_1_673' title='bbox 2913 4553 3230 4622; x_wconf 86' lang='lat' dir='ltr'><strong>paradisqu</strong></span> <span class='ocrx_word' id='word_1_674' title='bbox 3280 4561 3520 4608; x_wconf 74' lang='lat' dir='ltr'><strong>tantum-</strong></span> 
     </span>
    </p>
   </div>
   <div class='ocr_carea' id='block_1_93' title="bbox 228 4633 1816 4709">
    <p class='ocr_par' dir='ltr' id='par_1_93' title="bbox 228 4633 1816 4709">
     <span class='ocr_line' id='line_1_93' title="bbox 228 4633 1816 4709; baseline -0.001 -20"><span class='ocrx_word' id='word_1_675' title='bbox 228 4638 399 4709; x_wconf 86' lang='grc' dir='ltr'>μόνον</span> <span class='ocrx_word' id='word_1_676' title='bbox 449 4636 508 4689; x_wconf 82' lang='grc' dir='ltr'>ὲν</span> <span class='ocrx_word' id='word_1_677' title='bbox 535 4634 832 4706; x_wconf 79' lang='grc' dir='ltr'>ὑποσχέσει</span> <span class='ocrx_word' id='word_1_678' title='bbox 879 4634 1239 4706; x_wconf 87' lang='grc' dir='ltr'>κληροδοσίας</span> <span class='ocrx_word' id='word_1_679' title='bbox 1268 4633 1674 4703; x_wconf 80' lang='grc' dir='ltr'>καταψεύδεται</span> <span class='ocrx_word' id='word_1_680' title='bbox 1716 4634 1816 4689; x_wconf 64' lang='grc' dir='ltr'><strong>τῶν</strong></span> 
     </span>
    </p>
   </div>
   <div class='ocr_carea' id='block_1_94' title="bbox 1924 4633 3517 4709">
    <p class='ocr_par' dir='ltr' id='par_1_94' title="bbox 1930 4641 3517 4703">
     <span class='ocr_line' id='line_1_94' title="bbox 1930 4641 3517 4703; baseline 0.003 -6"><span class='ocrx_word' id='word_1_681' title='bbox 1930 4641 2097 4698; x_wconf 82' lang='lat' dir='ltr'><strong>modo</strong></span> <span class='ocrx_word' id='word_1_682' title='bbox 2127 4643 2463 4700; x_wconf 65' lang='lat' dir='ltr'><strong>hereditatis</strong></span> <span class='ocrx_word' id='word_1_683' title='bbox 2516 4644 2640 4700; x_wconf 90' lang='lat' dir='ltr'><strong>loco</strong></span> <span class='ocrx_word' id='word_1_684' title='bbox 2703 4647 2932 4703; x_wconf 81' lang='lat' dir='ltr'><strong>asseclis</strong></span> <span class='ocrx_word' id='word_1_685' title='bbox 2998 4647 3115 4703; x_wconf 88' lang='lat' dir='ltr'><strong>suis</strong></span> <span class='ocrx_word' id='word_1_686' title='bbox 3174 4646 3517 4703; x_wconf 81' lang='lat' dir='ltr'><strong>mendaciter</strong></span> 
     </span>
    </p>
   </div>
   <div class='ocr_carea' id='block_1_95' title="bbox 223 4724 1816 4819">
    <p class='ocr_par' dir='ltr' id='par_1_95' title="bbox 223 4724 1816 4799">
     <span class='ocr_line' id='line_1_95' title="bbox 223 4724 1816 4799; baseline -0.001 -15"><span class='ocrx_word' id='word_1_687' title='bbox 223 4726 385 4799; x_wconf 79' lang='grc' dir='ltr'>αὐτῷ</span> <span class='ocrx_word' id='word_1_688' title='bbox 415 4727 805 4782; x_wconf 79' lang='grc' dir='ltr'>ὑπακουόντων</span> <span class='ocrx_word' id='word_1_689' title='bbox 828 4745 843 4760; x_wconf 74' lang='grc' dir='ltr'><strong>ο</strong></span> <span class='ocrx_word' id='word_1_690' title='bbox 892 4726 990 4781; x_wconf 77' lang='grc' dir='ltr'><strong>καὶ</strong></span> <span class='ocrx_word' id='word_1_691' title='bbox 1047 4726 1207 4781; x_wconf 78' lang='grc' dir='ltr'>τοῦτο</span> <span class='ocrx_word' id='word_1_692' title='bbox 1241 4724 1554 4790; x_wconf 85' lang='grc' dir='ltr'>παναθλίως</span> <span class='ocrx_word' id='word_1_693' title='bbox 1609 4726 1816 4797; x_wconf 67' lang='grc' dir='ltr'>γυναιξί</span> 
     </span>
    </p>
   </div>
   <div class='ocr_carea' id='block_1_96' title="bbox 1924 4724 3522 4819">
    <p class='ocr_par' dir='ltr' id='par_1_96' title="bbox 1933 4734 3522 4810">
     <span class='ocr_line' id='line_1_96' title="bbox 1933 4734 3522 4810; baseline 0.003 -22"><span class='ocrx_word' id='word_1_694' title='bbox 1933 4734 2232 4805; x_wconf 81' lang='lat' dir='ltr'><strong>promittit,</strong></span> <span class='ocrx_word' id='word_1_695' title='bbox 2263 4736 2429 4807; x_wconf 88' lang='lat' dir='ltr'><strong>idque</strong></span> <span class='ocrx_word' id='word_1_696' title='bbox 2483 4736 2783 4793; x_wconf 87' lang='lat' dir='ltr'><strong>admodum</strong></span> <span class='ocrx_word' id='word_1_697' title='bbox 2837 4738 3148 4810; x_wconf 74' lang='lat' dir='ltr'><strong>ﬂagitiose;</strong></span> <span class='ocrx_word' id='word_1_698' title='bbox 3183 4750 3383 4809; x_wconf 87' lang='lat' dir='ltr'><strong>nempe</strong></span> <span class='ocrx_word' id='word_1_699' title='bbox 3417 4750 3522 4793; x_wconf 84' lang='lat' dir='ltr'><strong>eos</strong></span> 
     </span>
    </p>
   </div>
   <div class='ocr_carea' id='block_1_97' title="bbox 225 4907 1812 4983">
    <p class='ocr_par' dir='ltr' id='par_1_97' title="bbox 225 4907 1812 4983">
     <span class='ocr_line' id='line_1_97' title="bbox 225 4907 1812 4983; baseline 0.001 -14"><span class='ocrx_word' id='word_1_700' title='bbox 225 4911 544 4983; x_wconf 62' lang='lat' dir='ltr'><strong>Cateroqui</strong></span> <span class='ocrx_word' id='word_1_701' title='bbox 568 4916 1014 4983; x_wconf 80' lang='lat' dir='ltr'><strong>noster_quoque</strong></span> <span class='ocrx_word' id='word_1_702' title='bbox 1039 4907 1257 4983; x_wconf 68' lang='lat' dir='ltr'><strong>Nicetes</strong></span> <span class='ocrx_word' id='word_1_703' title='bbox 1277 4913 1526 4983; x_wconf 79' lang='lat' dir='ltr'><strong>agnoscit</strong></span> <span class='ocrx_word' id='word_1_704' title='bbox 1556 4913 1812 4971; x_wconf 83' lang='lat' dir='ltr'><strong>Alcorani</strong></span> 
     </span>
    </p>
   </div>
   <div class='ocr_carea' id='block_1_98' title="bbox 226 4978 1819 5056">
    <p class='ocr_par' dir='ltr' id='par_1_98' title="bbox 226 4978 1819 5056">
     <span class='ocr_line' id='line_1_98' title="bbox 226 4978 1819 5056; baseline -0.007 -18"><span class='ocrx_word' id='word_1_705' title='bbox 226 4978 564 5056; x_wconf 69' lang='lat' dir='ltr'><strong>prommium</strong></span> <span class='ocrx_word' id='word_1_706' title='bbox 597 4978 740 5056; x_wconf 60' lang='grc' dir='ltr'><strong>κατά</strong></span> <span class='ocrx_word' id='word_1_707' title='bbox 765 4978 935 5051; x_wconf 84' lang='lat' dir='ltr'><strong>[puto</strong></span> <span class='ocrx_word' id='word_1_708' title='bbox 957 4994 1056 5056; x_wconf 79' lang='lat' dir='ltr'><strong>pro</strong></span> <span class='ocrx_word' id='word_1_709' title='bbox 1083 4979 1244 5056; x_wconf 60' lang='grc' dir='ltr'>μετά]</span> <span class='ocrx_word' id='word_1_710' title='bbox 1274 4978 1374 5051; x_wconf 80' lang='grc' dir='ltr'><strong>τῆν</strong></span> <span class='ocrx_word' id='word_1_711' title='bbox 1394 4983 1660 5056; x_wconf 61' lang='grc' dir='ltr'>δοκοῦσαν</span> <span class='ocrx_word' id='word_1_712' title='bbox 1681 5003 1819 5056; x_wconf 82' lang='grc' dir='ltr'>προ-</span> 
     </span>
    </p>
   </div>
   <div class='ocr_carea' id='block_1_99' title="bbox 227 5048 1816 5125">
    <p class='ocr_par' dir='ltr' id='par_1_99' title="bbox 227 5048 1816 5125">
     <span class='ocr_line' id='line_1_99' title="bbox 227 5048 1816 5125; baseline 0.001 -17"><span class='ocrx_word' id='word_1_713' title='bbox 227 5048 415 5125; x_wconf 50' lang='lat' dir='ltr'><strong>arma.</strong></span> <span class='ocrx_word' id='word_1_714' title='bbox 445 5053 614 5125; x_wconf 78' lang='grc' dir='ltr'>τόπον</span> <span class='ocrx_word' id='word_1_715' title='bbox 649 5048 800 5120; x_wconf 70' lang='grc' dir='ltr'>ἔχειν</span> <span class='ocrx_word' id='word_1_716' title='bbox 848 5048 1095 5125; x_wconf 65' lang='grc' dir='ltr'>γραφήνζ</span> <span class='ocrx_word' id='word_1_717' title='bbox 1149 5048 1265 5125; x_wconf 65' lang='grc' dir='ltr'>Με</span> <span class='ocrx_word' id='word_1_718' title='bbox 1315 5048 1467 5125; x_wconf 13' lang='lat' dir='ltr'><strong>ergo,</strong></span> <span class='ocrx_word' id='word_1_719' title='bbox 1496 5054 1551 5107; x_wconf 84' lang='lat' dir='ltr'><strong>in</strong></span> <span class='ocrx_word' id='word_1_720' title='bbox 1613 5048 1816 5110; x_wconf 58' lang='lat' dir='ltr'><strong>Nicena;</strong></span> 
     </span>
    </p>
   </div>
   <div class='ocr_carea' id='block_1_100' title="bbox 228 5121 1810 5191">
    <p class='ocr_par' dir='ltr' id='par_1_100' title="bbox 228 5121 1810 5191">
     <span class='ocr_line' id='line_1_100' title="bbox 228 5121 1810 5191; baseline -0.001 -12"><span class='ocrx_word' id='word_1_721' title='bbox 228 5121 386 5180; x_wconf 77' lang='lat' dir='ltr'><strong>textu</strong></span> <span class='ocrx_word' id='word_1_722' title='bbox 415 5122 644 5178; x_wconf 83' lang='lat' dir='ltr'><strong>retentis</strong></span> <span class='ocrx_word' id='word_1_723' title='bbox 680 5122 995 5175; x_wconf 85' lang='lat' dir='ltr'><strong>necessario</strong></span> <span class='ocrx_word' id='word_1_724' title='bbox 1054 5121 1276 5191; x_wconf 86' lang='lat' dir='ltr'><strong>scriptis</strong></span> <span class='ocrx_word' id='word_1_725' title='bbox 1319 5121 1393 5176; x_wconf 88' lang='lat' dir='ltr'><strong>ab</strong></span> <span class='ocrx_word' id='word_1_726' title='bbox 1417 5124 1512 5178; x_wconf 92' lang='lat' dir='ltr'><strong>illo</strong></span> <span class='ocrx_word' id='word_1_727' title='bbox 1548 5140 1810 5181; x_wconf 88' lang='lat' dir='ltr'><strong>surarum</strong></span> 
     </span>
    </p>
   </div>
   <div class='ocr_carea' id='block_1_101' title="bbox 228 5191 1817 5263">
    <p class='ocr_par' dir='ltr' id='par_1_101' title="bbox 228 5191 1817 5263">
     <span class='ocr_line' id='line_1_101' title="bbox 228 5191 1817 5263; baseline 0 -13"><span class='ocrx_word' id='word_1_728' title='bbox 228 5194 509 5260; x_wconf 80' lang='lat' dir='ltr'><strong>numeris,</strong></span> <span class='ocrx_word' id='word_1_729' title='bbox 548 5192 642 5263; x_wconf 84' lang='lat' dir='ltr'><strong>qui</strong></span> <span class='ocrx_word' id='word_1_730' title='bbox 666 5206 882 5261; x_wconf 84' lang='lat' dir='ltr'><strong>semper</strong></span> <span class='ocrx_word' id='word_1_731' title='bbox 907 5206 1039 5247; x_wconf 73' lang='lat' dir='ltr'><strong>uno,</strong></span> <span class='ocrx_word' id='word_1_732' title='bbox 1077 5191 1262 5245; x_wconf 84' lang='lat' dir='ltr'><strong>minus</strong></span> <span class='ocrx_word' id='word_1_733' title='bbox 1295 5192 1530 5263; x_wconf 82' lang='lat' dir='ltr'><strong>vulgatis</strong></span> <span class='ocrx_word' id='word_1_734' title='bbox 1577 5204 1726 5259; x_wconf 87' lang='lat' dir='ltr'><strong>sunt,</strong></span> <span class='ocrx_word' id='word_1_735' title='bbox 1760 5195 1817 5251; x_wconf 90' lang='lat' dir='ltr'><strong>in</strong></span> 
     </span>
    </p>
   </div>
   <div class='ocr_carea' id='block_1_102' title="bbox 229 5263 1817 5335">
    <p class='ocr_par' dir='ltr' id='par_1_102' title="bbox 229 5263 1817 5335">
     <span class='ocr_line' id='line_1_102' title="bbox 229 5263 1817 5335; baseline -0.001 -15"><span class='ocrx_word' id='word_1_736' title='bbox 229 5265 583 5335; x_wconf 71' lang='lat' dir='ltr'><strong>marginibus</strong></span> <span class='ocrx_word' id='word_1_737' title='bbox 640 5269 822 5335; x_wconf 74' lang='lat' dir='ltr'><strong>tamen</strong></span> <span class='ocrx_word' id='word_1_738' title='bbox 881 5263 1502 5335; x_wconf 73' lang='lat' dir='ltr'><strong>vulgatos__earumdem</strong></span> <span class='ocrx_word' id='word_1_739' title='bbox 1559 5279 1817 5319; x_wconf 87' lang='lat' dir='ltr'><strong>surarum</strong></span> 
     </span>
    </p>
   </div>
   <div class='ocr_carea' id='block_1_103' title="bbox 172 5331 1820 5404">
    <p class='ocr_par' dir='ltr' id='par_1_103' title="bbox 172 5331 1820 5404">
     <span class='ocr_line' id='line_1_103' title="bbox 172 5331 1820 5404; baseline -0.001 -13"><span class='ocrx_word' id='word_1_740' title='bbox 172 5360 179 5375; x_wconf 74' lang='grc' dir='ltr'><strong>ι</strong></span> <span class='ocrx_word' id='word_1_741' title='bbox 229 5331 498 5391; x_wconf 54' lang='lat' dir='ltr'><strong>nummos</strong></span> <span class='ocrx_word' id='word_1_742' title='bbox 526 5332 891 5404; x_wconf 76' lang='lat' dir='ltr'><strong>ascribemus,</strong></span> <span class='ocrx_word' id='word_1_743' title='bbox 920 5348 1032 5404; x_wconf 88' lang='lat' dir='ltr'><strong>quo</strong></span> <span class='ocrx_word' id='word_1_744' title='bbox 1064 5331 1279 5387; x_wconf 75' lang='lat' dir='ltr'><strong>facilius</strong></span> <span class='ocrx_word' id='word_1_745' title='bbox 1303 5331 1538 5390; x_wconf 85' lang='lat' dir='ltr'><strong>lectores</strong></span> <span class='ocrx_word' id='word_1_746' title='bbox 1556 5335 1626 5389; x_wconf 88' lang='lat' dir='ltr'><strong>ad</strong></span> <span class='ocrx_word' id='word_1_747' title='bbox 1653 5335 1820 5391; x_wconf 78' lang='lat' dir='ltr'><strong>Alco-</strong></span> 
     </span>
    </p>
   </div>
   <div class='ocr_carea' id='block_1_104' title="bbox 230 5402 863 5462">
    <p class='ocr_par' dir='ltr' id='par_1_104' title="bbox 230 5402 863 5462">
     <span class='ocr_line' id='line_1_104' title="bbox 230 5402 863 5462; baseline -0.009 0"><span class='ocrx_word' id='word_1_748' title='bbox 230 5421 435 5462; x_wconf 87' lang='lat' dir='ltr'><strong>ranum</strong></span> <span class='ocrx_word' id='word_1_749' title='bbox 468 5419 528 5458; x_wconf 88' lang='lat' dir='ltr'><strong>se</strong></span> <span class='ocrx_word' id='word_1_750' title='bbox 552 5402 863 5458; x_wconf 80' lang='lat' dir='ltr'><strong>conferant.</strong></span> 
     </span>
    </p>
   </div>
   <div class='ocr_carea' id='block_1_105' title="bbox 309 5472 861 5545">
    <p class='ocr_par' dir='ltr' id='par_1_105' title="bbox 309 5472 861 5545">
     <span class='ocr_line' id='line_1_105' title="bbox 309 5472 861 5545; baseline -0.009 -15"><span class='ocrx_word' id='word_1_751' title='bbox 309 5475 427 5545; x_wconf 78' lang='lat' dir='ltr'><strong>(2l)</strong></span> <span class='ocrx_word' id='word_1_752' title='bbox 460 5474 590 5529; x_wconf 85' lang='lat' dir='ltr'><strong>Sur.</strong></span> <span class='ocrx_word' id='word_1_753' title='bbox 619 5472 692 5545; x_wconf 70' lang='lat' dir='ltr'><strong>ll,</strong></span> <span class='ocrx_word' id='word_1_754' title='bbox 716 5473 777 5545; x_wconf 69' lang='lat'><strong>_4.</strong></span> <span class='ocrx_word' id='word_1_755' title='bbox 854 5528 861 5537; x_wconf 57' lang='grc'><strong>,</strong></span> 
     </span>
    </p>
   </div>
   <div class='ocr_carea' id='block_1_106' title="bbox 305 5542 868 5618">
    <p class='ocr_par' dir='ltr' id='par_1_106' title="bbox 305 5542 868 5618">
     <span class='ocr_line' id='line_1_106' title="bbox 305 5542 868 5618; baseline -0.007 -19"><span class='ocrx_word' id='word_1_756' title='bbox 450 5547 587 5618; x_wconf 52' lang='grc' dir='ltr'><strong>ξυμ</strong></span> <span class='ocrx_word' id='word_1_757' title='bbox 615 5543 681 5609; x_wconf 85' lang='lat' dir='ltr'><strong>ll,</strong></span> <span class='ocrx_word' id='word_1_758' title='bbox 715 5542 752 5618; x_wconf 85' lang='lat'><strong>7_</strong></span> <span class='ocrx_word' id='word_1_759' title='bbox 785 5558 868 5612; x_wconf 83' lang='lat' dir='ltr'><strong>sq.</strong></span> 
     </span>
    </p>
   </div>
   <div class='ocr_carea' id='block_1_107' title="bbox 144 5611 1819 5688">
    <p class='ocr_par' dir='ltr' id='par_1_107' title="bbox 144 5611 1819 5688">
     <span class='ocr_line' id='line_1_107' title="bbox 144 5611 1819 5688; baseline 0.001 -17"><span class='ocrx_word' id='word_1_760' title='bbox 144 5668 152 5682; x_wconf 58' lang='lat'><em>.</em></span> <span class='ocrx_word' id='word_1_761' title='bbox 310 5611 684 5688; x_wconf 73' lang='lat' dir='ltr'><strong>(23)lmpiam</strong></span> <span class='ocrx_word' id='word_1_762' title='bbox 739 5611 1250 5688; x_wconf 33' lang='lat' dir='ltr'><strong>hancAllohamedLis</strong></span> <span class='ocrx_word' id='word_1_763' title='bbox 1306 5612 1656 5688; x_wconf 72' lang='lat' dir='ltr'><strong>doctrinam,</strong></span> <span class='ocrx_word' id='word_1_764' title='bbox 1709 5631 1819 5687; x_wconf 87' lang='lat' dir='ltr'><strong>qua</strong></span> 
     </span>
    </p>
   </div>
   <div class='ocr_carea' id='block_1_108' title="bbox 232 5682 1820 5748">
    <p class='ocr_par' dir='ltr' id='par_1_108' title="bbox 232 5682 1820 5748">
     <span class='ocr_line' id='line_1_108' title="bbox 232 5682 1820 5748; baseline -0.001 -5"><span class='ocrx_word' id='word_1_765' title='bbox 232 5682 367 5744; x_wconf 69' lang='lat' dir='ltr'><strong>sura</strong></span> <span class='ocrx_word' id='word_1_766' title='bbox 391 5682 632 5741; x_wconf 59' lang='lat' dir='ltr'><strong>secunda</strong></span> <span class='ocrx_word' id='word_1_767' title='bbox 651 5693 850 5748; x_wconf 77' lang='lat' dir='ltr'><strong>scatet,</strong></span> <span class='ocrx_word' id='word_1_768' title='bbox 881 5682 1088 5737; x_wconf 72' lang='lat' dir='ltr'><strong>frustra</strong></span> <span class='ocrx_word' id='word_1_769' title='bbox 1115 5683 1248 5737; x_wconf 91' lang='lat' dir='ltr'><strong>mihi</strong></span> <span class='ocrx_word' id='word_1_770' title='bbox 1273 5684 1489 5739; x_wconf 87' lang='lat' dir='ltr'><strong>elevare</strong></span> <span class='ocrx_word' id='word_1_771' title='bbox 1521 5693 1616 5740; x_wconf 88' lang='lat' dir='ltr'><strong>aut</strong></span> <span class='ocrx_word' id='word_1_772' title='bbox 1644 5682 1820 5742; x_wconf 80' lang='lat' dir='ltr'><strong>lenire</strong></span> 
     </span>
    </p>
   </div>
   <div class='ocr_carea' id='block_1_109' title="bbox 232 5752 1821 5819">
    <p class='ocr_par' dir='ltr' id='par_1_109' title="bbox 232 5752 1821 5819">
     <span class='ocr_line' id='line_1_109' title="bbox 232 5752 1821 5819; baseline -0.001 -7"><span class='ocrx_word' id='word_1_773' title='bbox 232 5759 456 5814; x_wconf 81' lang='lat' dir='ltr'><strong>\idetnr</strong></span> <span class='ocrx_word' id='word_1_774' title='bbox 487 5754 767 5810; x_wconf 69' lang='lat' dir='ltr'><strong>Relandus</strong></span> <span class='ocrx_word' id='word_1_775' title='bbox 794 5755 846 5807; x_wconf 93' lang='lat' dir='ltr'><strong>in</strong></span> <span class='ocrx_word' id='word_1_776' title='bbox 889 5752 1276 5807; x_wconf 74' lang='lat' dir='ltr'><strong>Mahamedicis</strong></span> <span class='ocrx_word' id='word_1_777' title='bbox 1312 5753 1409 5809; x_wconf 90' lang='lat' dir='ltr'><strong>lib.</strong></span> <span class='ocrx_word' id='word_1_778' title='bbox 1442 5769 1505 5819; x_wconf 82' lang='grc' dir='ltr'><strong>ιι,</strong></span> <span class='ocrx_word' id='word_1_779' title='bbox 1534 5755 1587 5810; x_wconf 72' lang='grc' dir='ltr'>ι.</span> <span class='ocrx_word' id='word_1_780' title='bbox 1643 5753 1821 5812; x_wconf 85' lang='lat' dir='ltr'><strong>Perti-</strong></span> 
     </span>
    </p>
   </div>
   <div class='ocr_carea' id='block_1_110' title="bbox 235 5820 1811 5900">
    <p class='ocr_par' dir='ltr' id='par_1_110' title="bbox 235 5820 1811 5900">
     <span class='ocr_line' id='line_1_110' title="bbox 235 5820 1811 5900; baseline 0.001 -17"><span class='ocrx_word' id='word_1_781' title='bbox 235 5837 331 5883; x_wconf 88' lang='lat' dir='ltr'><strong>net</strong></span> <span class='ocrx_word' id='word_1_782' title='bbox 348 5835 536 5884; x_wconf 83' lang='lat' dir='ltr'><strong>autem</strong></span> <span class='ocrx_word' id='word_1_783' title='bbox 564 5826 634 5881; x_wconf 85' lang='lat' dir='ltr'><strong>ad</strong></span> <span class='ocrx_word' id='word_1_784' title='bbox 683 5824 897 5883; x_wconf 77' lang='lat' dir='ltr'><strong>celebre</strong></span> <span class='ocrx_word' id='word_1_785' title='bbox 932 5824 1081 5894; x_wconf 80' lang='lat' dir='ltr'><strong>apud</strong></span> <span class='ocrx_word' id='word_1_786' title='bbox 1134 5820 1562 5883; x_wconf 74' lang='lat' dir='ltr'><strong>Mobamedanos</strong></span> <span class='ocrx_word' id='word_1_787' title='bbox 1608 5826 1811 5900; x_wconf 70' lang='lat' dir='ltr'><strong>dogma</strong></span> 
     </span>
    </p>
   </div>
   <div class='ocr_carea' id='block_1_111' title="bbox 1927 4913 3518 4990">
    <p class='ocr_par' dir='ltr' id='par_1_111' title="bbox 1927 4913 3518 4990">
     <span class='ocr_line' id='line_1_111' title="bbox 1927 4913 3518 4990; baseline -0.002 -19"><span class='ocrx_word' id='word_1_788' title='bbox 1927 4917 2125 4990; x_wconf 73' lang='lat' dir='ltr'><strong>decreti</strong></span> <span class='ocrx_word' id='word_1_789' title='bbox 2152 4917 2291 4990; x_wconf 86' lang='lat' dir='ltr'><strong>(sive</strong></span> <span class='ocrx_word' id='word_1_790' title='bbox 2328 4915 2832 4990; x_wconf 71' lang='lat' dir='ltr'><strong>przedestinationis</strong></span> <span class='ocrx_word' id='word_1_791' title='bbox 2862 4916 3200 4990; x_wconf 69' lang='lat' dir='ltr'><strong>gratuitteet</strong></span> <span class='ocrx_word' id='word_1_792' title='bbox 3228 4913 3518 4990; x_wconf 65' lang='lat' dir='ltr'><strong>absolutae)</strong></span> 
     </span>
    </p>
   </div>
   <div class='ocr_carea' id='block_1_112' title="bbox 1928 4983 3521 5057">
    <p class='ocr_par' dir='ltr' id='par_1_112' title="bbox 1928 4983 3521 5057">
     <span class='ocr_line' id='line_1_112' title="bbox 1928 4983 3521 5057; baseline 0 -16"><span class='ocrx_word' id='word_1_793' title='bbox 1928 4989 1995 5041; x_wconf 85' lang='lat' dir='ltr'><strong>de</strong></span> <span class='ocrx_word' id='word_1_794' title='bbox 2020 4983 2396 5057; x_wconf 59' lang='lat' dir='ltr'><strong>quq&#39;legatur</strong></span> <span class='ocrx_word' id='word_1_795' title='bbox 2447 4986 2775 5042; x_wconf 76' lang='lat' dir='ltr'><strong>llerbelotus</strong></span> <span class='ocrx_word' id='word_1_796' title='bbox 2828 4983 2949 5041; x_wconf 69' lang='lat' dir='ltr'><strong>vce.</strong></span> <span class='ocrx_word' id='word_1_797' title='bbox 3013 4983 3521 5057; x_wconf 45' lang='lat' dir='ltr'><strong>cadhaguljvodins</strong></span> 
     </span>
    </p>
   </div>
   <div class='ocr_carea' id='block_1_113' title="bbox 1929 5053 3522 5129">
    <p class='ocr_par' dir='ltr' id='par_1_113' title="bbox 1929 5053 3522 5129">
     <span class='ocr_line' id='line_1_113' title="bbox 1929 5053 3522 5129; baseline 0.001 -20"><span class='ocrx_word' id='word_1_798' title='bbox 1929 5053 2149 5129; x_wconf 73' lang='lat' dir='ltr'><strong>quoque</strong></span> <span class='ocrx_word' id='word_1_799' title='bbox 2180 5053 2486 5129; x_wconf 65' lang='lat' dir='ltr'><strong>monachus</strong></span> <span class='ocrx_word' id='word_1_800' title='bbox 2519 5057 2574 5112; x_wconf 90' lang='lat' dir='ltr'><strong>in</strong></span> <span class='ocrx_word' id='word_1_801' title='bbox 2601 5057 2829 5129; x_wconf 85' lang='lat' dir='ltr'><strong>historia</strong></span> <span class='ocrx_word' id='word_1_802' title='bbox 2865 5067 3165 5129; x_wconf 73' lang='lat' dir='ltr'><strong>martyrum</strong></span> <span class='ocrx_word' id='word_1_803' title='bbox 3180 5053 3326 5129; x_wconf 32' lang='grc' dir='ltr'>,Χιτμ</span> <span class='ocrx_word' id='word_1_804' title='bbox 3350 5056 3522 5129; x_wconf 61' lang='lat' dir='ltr'><strong>Anig-</strong></span> 
     </span>
    </p>
   </div>
   <div class='ocr_carea' id='block_1_114' title="bbox 1926 5124 3512 5197">
    <p class='ocr_par' dir='ltr' id='par_1_114' title="bbox 1926 5124 3512 5197">
     <span class='ocr_line' id='line_1_114' title="bbox 1926 5124 3512 5197; baseline -0.001 -15"><span class='ocrx_word' id='word_1_805' title='bbox 1926 5124 2194 5197; x_wconf 65' lang='lat' dir='ltr'><strong>Ifiensiugn</strong></span> <span class='ocrx_word' id='word_1_806' title='bbox 2230 5144 2261 5183; x_wconf 88' lang='lat' dir='ltr'><strong>a</strong></span> <span class='ocrx_word' id='word_1_807' title='bbox 2289 5126 2581 5183; x_wconf 85' lang='lat' dir='ltr'><strong>Saracenis</strong></span> <span class='ocrx_word' id='word_1_808' title='bbox 2608 5128 2918 5183; x_wconf 90' lang='lat' dir='ltr'><strong>occisorum</strong></span> <span class='ocrx_word' id='word_1_809' title='bbox 2946 5124 3219 5197; x_wconf 62' lang='lat' dir='ltr'><strong>(Biilland.</strong></span> <span class='ocrx_word' id='word_1_810' title='bbox 3251 5124 3412 5180; x_wconf 79' lang='lat' dir='ltr'><strong>Mart.</strong></span> <span class='ocrx_word' id='word_1_811' title='bbox 3444 5124 3512 5181; x_wconf 85' lang='grc' dir='ltr'><strong>Τ.</strong></span> 
     </span>
    </p>
   </div>
   <div class='ocr_carea' id='block_1_115' title="bbox 1928 5195 3522 5268">
    <p class='ocr_par' dir='ltr' id='par_1_115' title="bbox 1928 5195 3522 5268">
     <span class='ocr_line' id='line_1_115' title="bbox 1928 5195 3522 5268; baseline 0.003 -19"><span class='ocrx_word' id='word_1_812' title='bbox 1928 5195 1970 5262; x_wconf 90' lang='grc'>1,</span> <span class='ocrx_word' id='word_1_813' title='bbox 2004 5198 2093 5252; x_wconf 86' lang='lat' dir='ltr'><strong>die</strong></span> <span class='ocrx_word' id='word_1_814' title='bbox 2120 5198 2175 5268; x_wconf 87' lang='lat'><strong>6)</strong></span> <span class='ocrx_word' id='word_1_815' title='bbox 2210 5199 2604 5268; x_wconf 82' lang='lat' dir='ltr'><strong>concionantes</strong></span> <span class='ocrx_word' id='word_1_816' title='bbox 2630 5197 2759 5252; x_wconf 81' lang='lat' dir='ltr'><strong>facit</strong></span> <span class='ocrx_word' id='word_1_817' title='bbox 2777 5195 3048 5268; x_wconf 73' lang='lat' dir='ltr'><strong>martyres</strong></span> <span class='ocrx_word' id='word_1_818' title='bbox 3076 5198 3343 5252; x_wconf 87' lang='lat' dir='ltr'><strong>adversus</strong></span> <span class='ocrx_word' id='word_1_819' title='bbox 3370 5197 3522 5268; x_wconf 83' lang='lat' dir='ltr'><strong>hunc</strong></span> 
     </span>
    </p>
   </div>
   <div class='ocr_carea' id='block_1_116' title="bbox 1930 5266 3515 5339">
    <p class='ocr_par' dir='ltr' id='par_1_116' title="bbox 1930 5266 3515 5339">
     <span class='ocr_line' id='line_1_116' title="bbox 1930 5266 3515 5339; baseline 0 -19"><span class='ocrx_word' id='word_1_820' title='bbox 1930 5266 2226 5324; x_wconf 86' lang='lat' dir='ltr'><strong>immanem</strong></span> <span class='ocrx_word' id='word_1_821' title='bbox 2275 5266 2532 5339; x_wconf 66' lang='lat' dir='ltr'><strong>Algorani</strong></span> <span class='ocrx_word' id='word_1_822' title='bbox 2570 5282 2837 5339; x_wconf 75' lang='lat' dir='ltr'><strong>errorem.</strong></span> <span class='ocrx_word' id='word_1_823' title='bbox 2892 5266 2959 5339; x_wconf 69' lang='lat' dir='ltr'><strong>Et</strong></span> <span class='ocrx_word' id='word_1_824' title='bbox 3003 5269 3228 5339; x_wconf 89' lang='lat' dir='ltr'><strong>quidem</strong></span> <span class='ocrx_word' id='word_1_825' title='bbox 3286 5267 3515 5337; x_wconf 75' lang='lat' dir='ltr'><strong>legenda</strong></span> 
     </span>
    </p>
   </div>
   <div class='ocr_carea' id='block_1_117' title="bbox 1933 5335 3515 5394">
    <p class='ocr_par' dir='ltr' id='par_1_117' title="bbox 1933 5335 3515 5394">
     <span class='ocr_line' id='line_1_117' title="bbox 1933 5335 3515 5394; baseline 0 -3"><span class='ocrx_word' id='word_1_826' title='bbox 1933 5349 2018 5393; x_wconf 90' lang='lat' dir='ltr'><strong>est</strong></span> <span class='ocrx_word' id='word_1_827' title='bbox 2051 5347 2159 5392; x_wconf 83' lang='lat' dir='ltr'><strong>tota</strong></span> <span class='ocrx_word' id='word_1_828' title='bbox 2196 5339 2284 5392; x_wconf 89' lang='lat' dir='ltr'><strong>illa</strong></span> <span class='ocrx_word' id='word_1_829' title='bbox 2343 5335 2530 5390; x_wconf 88' lang='lat' dir='ltr'><strong>Evodii</strong></span> <span class='ocrx_word' id='word_1_830' title='bbox 2564 5337 2831 5394; x_wconf 84' lang='lat' dir='ltr'><strong>adversus</strong></span> <span class='ocrx_word' id='word_1_831' title='bbox 2882 5335 3269 5394; x_wconf 74' lang='lat' dir='ltr'><strong>Saracenicam</strong></span> <span class='ocrx_word' id='word_1_832' title='bbox 3305 5335 3515 5392; x_wconf 82' lang='lat' dir='ltr'><strong>sectam</strong></span> 
     </span>
    </p>
   </div>
   <div class='ocr_carea' id='block_1_118' title="bbox 1936 5404 3519 5477">
    <p class='ocr_par' dir='ltr' id='par_1_118' title="bbox 1936 5404 3519 5477">
     <span class='ocr_line' id='line_1_118' title="bbox 1936 5404 3519 5477; baseline 0.001 -16"><span class='ocrx_word' id='word_1_833' title='bbox 1936 5408 2193 5474; x_wconf 82' lang='lat' dir='ltr'><strong>invectio,</strong></span> <span class='ocrx_word' id='word_1_834' title='bbox 2217 5407 2374 5475; x_wconf 83' lang='lat' dir='ltr'><strong>cujus</strong></span> <span class='ocrx_word' id='word_1_835' title='bbox 2399 5407 2622 5477; x_wconf 83' lang='lat' dir='ltr'><strong>nonnisi</strong></span> <span class='ocrx_word' id='word_1_836' title='bbox 2659 5409 2925 5477; x_wconf 83' lang='lat' dir='ltr'><strong>particula</strong></span> <span class='ocrx_word' id='word_1_837' title='bbox 2975 5408 3210 5477; x_wconf 74' lang='lat' dir='ltr'><strong>refertur</strong></span> <span class='ocrx_word' id='word_1_838' title='bbox 3253 5404 3519 5477; x_wconf 36' lang='lat' dir='ltr'><strong>aulyga-</strong></span> 
     </span>
    </p>
   </div>
   <div class='ocr_carea' id='block_1_119' title="bbox 1936 5474 3531 5560">
    <p class='ocr_par' dir='ltr' id='par_1_119' title="bbox 1936 5474 3531 5560">
     <span class='ocr_line' id='line_1_119' title="bbox 1936 5474 3531 5560; baseline -0.004 -27"><span class='ocrx_word' id='word_1_839' title='bbox 1936 5478 2075 5560; x_wconf 46' lang='lat' dir='ltr'><strong>bello</strong></span> <span class='ocrx_word' id='word_1_840' title='bbox 2105 5480 2159 5560; x_wconf 74' lang='lat' dir='ltr'><strong>in</strong></span> <span class='ocrx_word' id='word_1_841' title='bbox 2186 5474 2464 5560; x_wconf 51' lang='lat' dir='ltr'><strong>fanaplio</strong></span> <span class='ocrx_word' id='word_1_842' title='bbox 2525 5475 2646 5560; x_wconf 81' lang='lat' dir='ltr'><strong>Lat.</strong></span> <span class='ocrx_word' id='word_1_843' title='bbox 2663 5474 2820 5535; x_wconf 51' lang='lat' dir='ltr'><strong>&#39;Bibl.</strong></span> <span class='ocrx_word' id='word_1_844' title='bbox 2850 5477 2956 5533; x_wconf 88' lang='lat' dir='ltr'><strong>PP.</strong></span> <span class='ocrx_word' id='word_1_845' title='bbox 3006 5476 3252 5560; x_wconf 48' lang='grc' dir='ltr'>μηρὼ-ι.</span> <span class='ocrx_word' id='word_1_846' title='bbox 3286 5474 3426 5558; x_wconf 55' lang='grc' dir='ltr'>ξίν,</span> <span class='ocrx_word' id='word_1_847' title='bbox 3459 5491 3531 5560; x_wconf 66' lang='grc' dir='ltr'><strong>ρ..</strong></span> 
     </span>
    </p>
   </div>
   <div class='ocr_carea' id='block_1_120' title="bbox 1933 5547 3517 5618">
    <p class='ocr_par' dir='ltr' id='par_1_120' title="bbox 1933 5547 3517 5618">
     <span class='ocr_line' id='line_1_120' title="bbox 1933 5547 3517 5618; baseline -0.001 -17"><span class='ocrx_word' id='word_1_848' title='bbox 1933 5547 2062 5612; x_wconf 78' lang='lat'><strong>2‘29,</strong></span> <span class='ocrx_word' id='word_1_849' title='bbox 2091 5551 2158 5603; x_wconf 90' lang='lat' dir='ltr'><strong>de</strong></span> <span class='ocrx_word' id='word_1_850' title='bbox 2186 5547 2297 5603; x_wconf 90' lang='lat' dir='ltr'><strong>Deo</strong></span> <span class='ocrx_word' id='word_1_851' title='bbox 2331 5547 2458 5618; x_wconf 80' lang='lat' dir='ltr'><strong>mali</strong></span> <span class='ocrx_word' id='word_1_852' title='bbox 2483 5559 2747 5614; x_wconf 88' lang='lat' dir='ltr'><strong>auctore;</strong></span> <span class='ocrx_word' id='word_1_853' title='bbox 2797 5564 2923 5618; x_wconf 74' lang='lat' dir='ltr'><strong>quae</strong></span> <span class='ocrx_word' id='word_1_854' title='bbox 2980 5547 3250 5618; x_wconf 76' lang='lat' dir='ltr'><strong>particula</strong></span> <span class='ocrx_word' id='word_1_855' title='bbox 3290 5548 3517 5602; x_wconf 83' lang='lat' dir='ltr'><strong>incaute</strong></span> 
     </span>
    </p>
   </div>
   <div class='ocr_carea' id='block_1_121' title="bbox 1931 5616 3517 5684">
    <p class='ocr_par' dir='ltr' id='par_1_121' title="bbox 1931 5616 3517 5684">
     <span class='ocr_line' id='line_1_121' title="bbox 1931 5616 3517 5684; baseline 0.001 -13"><span class='ocrx_word' id='word_1_856' title='bbox 1931 5633 2059 5672; x_wconf 89' lang='lat' dir='ltr'><strong>cum</strong></span> <span class='ocrx_word' id='word_1_857' title='bbox 2102 5619 2298 5674; x_wconf 89' lang='lat' dir='ltr'><strong>alienis</strong></span> <span class='ocrx_word' id='word_1_858' title='bbox 2338 5616 2541 5672; x_wconf 89' lang='lat' dir='ltr'><strong>ibidem</strong></span> <span class='ocrx_word' id='word_1_859' title='bbox 2576 5616 2943 5674; x_wconf 56' lang='lat' dir='ltr'><strong>confusa&#39;fuit</strong></span> <span class='ocrx_word' id='word_1_860' title='bbox 2963 5616 2991 5684; x_wconf 31' lang='lat'><strong>;‘</strong></span> <span class='ocrx_word' id='word_1_861' title='bbox 3020 5619 3074 5672; x_wconf 88' lang='lat' dir='ltr'><strong>in</strong></span> <span class='ocrx_word' id='word_1_862' title='bbox 3102 5616 3300 5675; x_wconf 72' lang='lat' dir='ltr'><strong>Graeco</strong></span> <span class='ocrx_word' id='word_1_863' title='bbox 3328 5623 3517 5673; x_wconf 80' lang='lat' dir='ltr'><strong>autem</strong></span> 
     </span>
    </p>
   </div>
   <div class='ocr_carea' id='block_1_122' title="bbox 1928 5684 3523 5814">
    <p class='ocr_par' dir='ltr' id='par_1_122' title="bbox 1928 5684 3523 5814">
     <span class='ocr_line' id='line_1_122' title="bbox 1928 5684 3523 5814; baseline -0.001 -70"><span class='ocrx_word' id='word_1_864' title='bbox 1928 5688 2287 5814; x_wconf 45' lang='grc' dir='ltr'><strong>ἓὲὲξῧέρω</strong></span> <span class='ocrx_word' id='word_1_865' title='bbox 2330 5687 2684 5762; x_wconf 74' lang='lat' dir='ltr'><strong>Sylburgium</strong></span> <span class='ocrx_word' id='word_1_866' title='bbox 2716 5704 2786 5745; x_wconf 89' lang='lat' dir='ltr'><strong>ue</strong></span> <span class='ocrx_word' id='word_1_867' title='bbox 2814 5703 3014 5745; x_wconf 83' lang='lat' dir='ltr'><strong>nomen</strong></span> <span class='ocrx_word' id='word_1_868' title='bbox 3046 5687 3268 5762; x_wconf 85' lang='lat' dir='ltr'><strong>quidem</strong></span> <span class='ocrx_word' id='word_1_869' title='bbox 3326 5684 3523 5744; x_wconf 78' lang='lat' dir='ltr'><strong>Evodii</strong></span> 
     </span>
    </p>
   </div>
   <div class='ocr_carea' id='block_1_123' title="bbox 1929 5766 3424 5816">
    <p class='ocr_par' dir='ltr' id='par_1_123' title="bbox 1929 5766 3424 5816">
     <span class='ocr_line' id='line_1_123' title="bbox 1929 5766 3424 5816; baseline 0.003 -2"><span class='ocrx_word' id='word_1_870' title='bbox 1929 5766 2215 5816; x_wconf 86' lang='lat' dir='ltr'><strong>scribitur.</strong></span> <span class='ocrx_word' id='word_1_871' title='bbox 3416 5790 3424 5795; x_wconf 92' lang='grc'>·</span> 
     </span>
    </p>
   </div>
  </div>
