4048 6412
594 402 698 468 ’111

1857 397 2153 459 ΝΙΩΕΤᾹΞ
2193 399 2375 458 BVZA
2385 398 2601 460 NTINI

3772 403 3888 464 712

595 513 843 574 candidis
870 524 1246 582 speciososque
1287 509 1608 564 mulierilms
1659 507 1961 576 Iruituros;
1997 509 2166 580 quod-

2279 527 2413 582 φησι
2439 510 2901 582 λελευκασμέναις
2937 528 2996 566 τε
3018 511 3114 566 καὶ
3144 511 3507 584 εύοφθάλμοις
3536 517 3878 584 συγγινόμε-

593 625 704 680 que
743 605 1061 663 horribilius
1111 617 1215 667 est,
1263 615 1390 658 ante
1445 603 1537 657 Dei
1599 612 1993 671 conspectum:
2031 604 2172 659 Deus

591 702 762 766 enim,
797 699 972 767 inquit
1005 697 1113 760 ille,
1151 712 1257 749 non
1287 694 1581 748 erubescit.
1616 695 1826 762 Quippe
1857 693 1928 746 ita
1979 708 2172 747 carna-

592 795 698 848 lem
737 807 964 862 prorsus
993 801 1047 844 et
1079 789 1437 848 materialcm,
1467 796 1520 839 et
1548 803 1578 840 a
1605 786 1856 854 praesenti
1885 787 1992 840 vita
2035 786 2172 839 nihil

591 887 930 940 diﬂ‘ercntcm
959 883 1075 936 fore
1109 882 1322 934 illorqu
1374 879 1650 932 fabulatur
1682 879 2166 943 resurrectionem,

590 991 796 1044 eosque
827 974 962 1027 cibis
1012 988 1074 1026 ac
1114 971 1329 1040 potibus
1372 979 1426 1021 et
1480 968 1892 1023 excretionibus
1944 983 2168 1022 usuros.

592 1067 702 1120 Illis
729 1081 854 1120 vero
884 1066 974 1133 qui
1011 1062 1110 1116 sibi
1145 1077 1248 1114 non
1286 1059 1807 1128 obtemperaverint,
1853 1075 1975 1114 eam
2004 1075 2168 1130 quam

591 1159 882 1228 Evangelia
917 1157 1084 1210 Deum
1114 1152 1442 1208 laedentibus
1491 1151 1900 1206 comminantur
1950 1166 2168 1221 ptenam

592 1251 779 1304 indicit
806 1267 821 1316 ;
863 1248 1058 1315 nempe
1089 1254 1149 1298 u't
1178 1253 1470 1297 consuetas
1508 1242 1725 1296 illorum
1758 1243 2038 1297 memoriae
2071 1256 2169 1297 ro-

589 1345 824 1412 luptates
875 1353 1132 1410 pmnasve
1189 1350 1517 1406 proponens,
1583 1333 1800 1389 facilius
1850 1334 2167 1389 eorumdem

591 1436 790 1490 animis
831 1432 1086 1502 potiatur.
1119 1429 1304 1499 Neque
1335 1431 1436 1482 hoc
1468 1428 1596 1482 item
1633 1428 2017 1482 vcteratorium
2048 1427 2169 1496 ejus

589 1527 798 1581 facinus
830 1524 1189 1594 ignorantium
1221 1531 1325 1584 est,
1353 1520 1496 1590 quod
1527 1519 1668 1573 haud
1691 1519 1916 1574 omnino
1949 1529 2170 1574 recusat

585 1628 899 1674 sanctorum
937 1617 1321 1686 prophetarum
1349 1613 1571 1667 nomina
1611 1627 2070 1676 commemorare,
2110 1623 2169 1667 ut

587 1711 1037 1766 venerandorum
1067 1707 1308 1762 virorum
1337 1705 1698 1775 appellatione
1758 1703 2000 1758 fraudem
2035 1705 2168 1759 celet

587 1802 837 1871 negantis
863 1799 1029 1855 Deum
1065 1797 1410 1866 Agarenismi
1457 1797 1562 1851 sui.
1594 1795 1899 1865 Czeteroqui
1949 1796 2168 1850 nomine

2281 621 2388 656 νων
2420 604 2532 673 (24)
2554 620 2568 634 ·
2593 605 2688 657 καὶ
2718 603 2778 657 τὸ
2803 605 3178 674 φρικτότερον,
3196 603 3332 657 Θεοῦ
3366 606 3712 660 κατενώπιον
3735 607 3881 678 (25)·

2280 693 2414 757 Θεὸς
2441 695 2570 764 γὰρ,
2601 695 2787 764 φησιν,
2814 695 2916 747 οὐκ
2936 694 3251 764 αἰσχύνεται
3286 694 3399 762 (26)
3427 712 3440 726 ·
3469 696 3740 767 ἐνσαρκον
3768 697 3881 768 γὰρ

2281 786 2564 848 παντελῶς
2590 788 2683 838 καὶ
2709 785 2893 839 ένυλον
2923 787 3144 849 οὑτωσὶ,
3165 785 3242 849 ὡς
3274 787 3440 856 μηδὲν
3460 789 3559 858 τῆς
3582 787 3879 858 παρούσης

2281 876 2426 947 ζωῆς
2455 876 2872 931 διαλλάττουσαν
2899 878 2997 948 τὴν
3035 879 3216 932 αὐτῶν
3253 881 3553 933 ἀνάστασιν
3589 881 3883 950 τερατεύε-

2279 985 2391 1034 ται,
2430 969 2681 1039 βρώμασί
2710 987 2768 1022 τε
2801 971 2897 1024 καὶ
2933 971 3142 1038 πόμασι
3175 973 3270 1025 καὶ
3299 973 3555 1043 ἀφέδροις
3590 977 3877 1044 κεχρημέ-

2278 1079 2402 1126 νους
2429 1063 2626 1126 αὐτούς
2659 1064 2791 1132 (27)⁹
2829 1064 2956 1127 τοὺς
2985 1063 3040 1116 δὲ
3066 1064 3215 1135 αὐτῷ
3258 1066 3331 1136 μὴ
3363 1067 3745 1135 πειθομένους,
3773 1067 3875 1140 τὴν

2279 1155 2338 1206 ὲν
2375 1156 2730 1224 Εὑαγγελίοις
2786 1157 3164 1228 ἡπειλημένην
3213 1160 3438 1226 γέενναν
3485 1163 3597 1224 τοῖς
3628 1164 3712 1224 εἰς
3737 1160 3875 1213 Θεὸν

2277 1248 2702 1319 καθυϐρίζουσιν
2731 1249 3177 1304 ἑπανατείνεταιο
3206 1251 3282 1313 ὡς
3306 1252 3370 1304 ἀν
3396 1253 3458 1304 ἐκ
3488 1254 3598 1304 τῶν
3622 1257 3874 1322 συνήθων

2277 1343 2388 1403 τοῖς
2423 1341 2796 1410 μεμνημένοις
2830 1341 3041 1409 ἐφετῶν
3069 1358 3129 1393 τε
3161 1343 3256 1395 καὶ
3292 1344 3577 1414 στυγητῶν
3624 1347 3875 1416 εὐπαρά-

2274 1429 2461 1491 δεκτος
2481 1431 2704 1500 γένηται
2725 1447 2738 1461 °
2763 1433 2857 1485 καὶ
2891 1432 3115 1488 τοῦτοδὲ
3149 1435 3224 1505 μὴ
3245 1437 3458 1504 ἀγνοεῖν
3487 1439 3794 1505 ἀναγκαῖον
3814 1440 3872 1492 τὸ

2277 1521 2775 1594 ῥᾳδιούργημα,ὅτι
2792 1525 2853 1578 οὐ
2880 1529 3228 1596 παραιτεῖται
3248 1529 3433 1592 ἁπλῶς
3462 1531 3529 1584 τὰ
3553 1530 3667 1584 τῶν
3695 1532 3874 1602 ἁγίων

2277 1614 2577 1685 προφητῶν
2603 1617 3080 1688 ἀπομνημονεύειν
3103 1618 3343 1688 ὀνόματα
3367 1620 3504 1692 (28),
3539 1621 3629 1676 ἵνα
3656 1625 3724 1694 τῇ
3763 1623 3873 1676 τῶν

2278 1705 2594 1777 σεϐασμίων
2642 1708 2854 1776 ἀνδρῶν
2912 1711 3258 1781 προσηγορία
3318 1711 3628 1776 ἀνύποπτος
3660 1713 3818 1785 αὐτῷ
3846 1718 3872 1768 ό

2274 1795 2423 1861 δόλος
2452 1798 2552 1867 τῆς
2579 1797 2832 1868 ἀρνιοέου
2876 1799 3212 1871 Ἀγαρησίας
3237 1801 3496 1872 γένηται·
3545 1802 3722 1871 ψιλῶς
3761 1806 3871 1874 γὰρ

586 1904 745 1948 tonus
779 1893 992 1953 illorum
1035 1891 1314 1952 meminit;
1356 1889 1449 1944 sed
1480 1889 1829 1958 praedicatam
1859 1888 1927 1942 ab
1952 1889 2020 1943 iis
2064 1902 2160 1944 ve-

2274 1885 2428 1957 μόνον
2465 1887 2661 1951 αὐτοὺς
2706 1888 3026 1958 ἑξονομάζει
3044 1906 3059 1922 ·
3084 1890 3184 1961 τὴν
3209 1891 3267 1944 δέ
3295 1909 3357 1960 γε
3394 1893 3502 1963 μὴν
3532 1893 3665 1963 παρ’
3687 1893 3871 1947 αὐτῶν

583 1987 824 2049 ritatem,
877 1984 1036 2039 factis
1091 1981 1380 2037 manifeste
1424 1989 1655 2035 cooatur
1712 1981 1957 2035 dolosam
2008 1995 2167 2034 coar-

585 2093 790 2149 guere;
827 2077 986 2148 quasi
1020 2077 1101 2130 lex
1135 2077 1391 2130 alunmos
1421 2090 1551 2128 suos
1583 2073 1798 2128 salrare
1827 2089 1934 2127 non
1966 2073 2166 2138 valeat,

590 2174 694 2228 nisi
719 2173 822 2226 sibi
854 2184 1074 2242 quoque
1125 2169 1285 2224 ﬁdem
1330 2168 1643 2222 adhibeant.
1679 2165 1944 2220 Praeterea
1994 2166 2168 2235 ipsius

585 2267 750 2318 etiam
780 2262 997 2317 Domini
1029 2261 1200 2318 nostri
1239 2259 1369 2315 Jesu
1405 2259 1608 2314 Christi
1665 2258 2020 2313 multifariam
2054 2274 2169 2312 me-

587 2356 770 2420 minit,
798 2365 849 2408 ct
876 2371 1043 2408 unum
1077 2353 1144 2408 de
1171 2353 1454 2423 prophetis
1510 2353 1766 2421 appellat,
1810 2352 1950 2408 hanc
1993 2353 2165 2405 solam

585 2446 1000 2518 praerogativam
1033 2445 1350 2508 habentem,
1385 2445 1531 2514 quod
1567 2453 1828 2513 tauquam
1883 2442 1975 2498 Dei
2032 2429 2161 2497 Ver-

588 2542 714 2592 bum
745 2538 814 2592 de
841 2535 1061 2608 Virgine
1093 2552 1188 2606 per
1228 2535 1496 2606 Spiritum
1531 2544 1781 2590 Sanctum
1812 2543 1975 2589 natus
1999 2533 2091 2599 sit,
2115 2542 2168 2588 et

583 2641 806 2700 propter
841 2644 998 2684 suam
1029 2645 1154 2684 cum
1179 2629 1273 2682 illo
1325 2627 1816 2697 impassibilitatem
1859 2627 1910 2679 in
1966 2629 2164 2681 cmlum

581 2731 901 2792 assumptus
949 2721 1134 2776 fuerit.
1186 2721 1326 2787 Quid
1388 2730 1566 2774 tamen
1605 2721 1770 2783 dicat,
1817 2717 2168 2772 Mohamedes

581 2817 780 2871 nescit.
819 2815 925 2870 Sed
968 2823 1116 2870 certe
1137 2815 1263 2870 dolo
1298 2814 1587 2870 manifeste
1627 2823 1808 2878 utens,
1862 2815 2040 2883 ipsum
2073 2827 2166 2864 ca-

583 2909 887 2963 lumniatur
910 2909 1122 2975 dicens,
1156 2908 1548 2976 interrogatum
1571 2905 1722 2959 illum
1745 2920 1774 2958 a
1799 2902 1960 2958 Patre
1982 2912 2164 2956 utrum

583 3002 729 3056 Deus
787 3009 953 3064 esset,
1003 3016 1170 3069 seque
1218 3000 1392 3054 Deum
1445 3013 1570 3054 esse
1623 2995 2014 3066 praedicasset,
2065 3007 2163 3046 ue-

581 3108 741 3161 gasse
775 3110 788 3146 :
821 3091 1024 3146 etenim
1051 3090 1213 3146 facile
1243 3091 1347 3146 hoc
1398 3091 1644 3161 ignotum
1673 3085 1821 3141 Patri
1857 3099 1959 3140 suo
1994 3082 2165 3138 fuisse

487 3216 496 3223 -
579 3187 902 3240 arbitratur.

656 3367 747 3420 52.
788 3363 1012 3433 Insuper
1046 3371 1099 3417 et
1131 3361 1264 3416 illud
1297 3362 1440 3417 scire
1470 3360 1696 3415 interest
1719 3401 1733 3425 ,
1771 3358 1920 3429 quod
1973 3373 2169 3430 nempe

579 3459 775 3514 falsala
826 3456 1007 3511 omnia
1059 3463 1173 3508 tum
1221 3470 1288 3508 ex
1341 3453 1533 3508 Vetere
1566 3465 1677 3506 tum
1707 3452 1871 3506 etiam
1902 3466 1970 3505 ex
2014 3451 2168 3506 Novo

581 3549 934 3605 TcStauteulo
975 3547 1214 3617 profert;
1244 3561 1419 3614 neque
1477 3553 1727 3605 eatenus,
1772 3557 1960 3596 rerum
2002 3542 2166 3596 etiam

578 3659 646 3698 ea
701 3658 823 3712 quae
878 3656 1157 3710 nunquam
1210 3639 1413 3707 scripta
1468 3636 1708 3700 fuerunt,
1744 3647 1922 3704 neque
1968 3633 2168 3688 divinis

578 3734 759 3789 Libris
793 3733 902 3788 ullo
925 3733 1083 3786 modo
1107 3738 1450 3793 consonant;
1485 3743 1607 3796 qua!
1643 3742 1731 3781 res
1761 3724 2165 3795 improbitatem

576 3827 700 3895 ejus
760 3823 1043 3879 manifeste
1085 3825 1252 3878 nudat
1303 3832 1358 3876 et
1411 3821 1674 3892 publicat.
1723 3818 1965 3872 Plurima
2001 3817 2164 3872 etiam

577 3918 932 3973 Manichaicae
965 3916 1393 3971 abominationis
1433 3922 1681 3984 portenta
1713 3913 1856 3983 apud
1887 3928 2013 3968 eum
2040 3922 2170 3968 sunt

576 4010 806 4066 collecta
841 4009 1186 4064 :daemouum
1221 4005 1427 4073 aliquot
1458 4006 1700 4068 nomina,
1725 4015 1778 4057 ct
1810 4018 1904 4072 per
1929 4003 2079 4073 ipsos
2102 4003 2169 4058 de

578 4105 747 4159 rebus
781 4101 1030 4156 nefandis
1068 4100 1378 4170 jurationes
1409 4115 1422 4151 :
1458 4097 1818 4152 allocutiones
1849 4111 2071 4166 quoque
2099 4096 2168 4150 ad

579 4196 892 4251 daemonum
947 4195 1103 4257 loca;
1139 4202 1195 4246 et
1253 4190 1661 4256 confessiones,
1711 4188 1859 4258 quod
1911 4203 1978 4242 ex
2033 4188 2168 4258 ipsis

579 4302 800 4356 quoque
834 4283 1063 4354 apostoli
1094 4297 1159 4337 ac
1188 4282 1532 4352 prephetana
1567 4279 1862 4349 prazdicato
1892 4279 1946 4332 in
1979 4277 2170 4345 hujus-

580 4380 728 4433 modi
761 4393 860 4431 sua
885 4377 1157 4444 scriptura
1183 4371 1292 4427 Deo
1315 4373 1617 4443 saepissime
1638 4370 1794 4425 electi
1823 4368 2045 4423 fuerunt
2073 4385 2088 4422 :
2115 4377 2171 4424 et

577 4469 761 4528 littera
821 4469 1197 4523 fraudulenter
1236 4466 1544 4536 praeposita,
1578 4474 1635 4518 et
1685 4461 1974 4518 sententia:
2021 4461 2170 4516 varie

586 4572 832 4628 mutatae,
881 4577 1025 4631 saepe
1076 4559 1219 4629 apud
1267 4575 1391 4613 eum
1438 4555 1872 4625 comperiuntur.
1930 4551 2166 4607 Timoris

2271 1979 2689 2050 κηρυττομένην
2729 1981 3012 2052 ἀλήθειαν,
3049 1983 3271 2052 ἀπάτην
3298 1984 3553 2056 φανερῶς
3593 1985 3682 2040 διὰ
3721 2003 3868 2058 πρα-

2268 2071 2502 2140 γμάτων
2531 2071 2776 2142 ἐλέγχειν
2808 2075 3101 2144 πειρᾶταιο
3139 2077 3233 2130 καὶ
3271 2078 3346 2139 ὡς
3379 2078 3478 2146 ούχ
3504 2078 3691 2131 ἱκανοῦ
3713 2079 3864 2142 ὄντος

2267 2159 2361 2214 τοῦ
2391 2161 2556 2231 νόμου
2589 2163 2716 2225 τοὺς
2739 2162 2834 2216 ὑπ’
2860 2162 3026 2216 αὐτοῦ
3078 2165 3637 2237 παιδαγωγουμένους
3667 2167 3862 2232 σῶσαι,

2268 2254 2317 2306 εί
2350 2252 2425 2323 μὴ
2459 2251 2635 2324 τούτῳ
2666 2255 2962 2310 πεισθεῖεν.
3019 2255 3142 2310 Ἔτι
3173 2275 3236 2326 γε
3271 2259 3378 2331 μὴν
3421 2260 3517 2313 καὶ
3548 2260 3714 2313 αὐτοῦ
3744 2260 3860 2314 δια-

2270 2344 2451 2414 φόρως
2480 2343 2810 2416 μνημονεύει
2840 2345 2936 2398 τοῦ
2964 2347 3172 2417 Κυρίου
3197 2350 3229 2417 ἡ
3240 2348 3354 2417 μῶν
3393 2349 3569 2419 Ἰησοῦ
3595 2350 3860 2415 Χριστοῦ,

2269 2440 2364 2492 καὶ
2417 2439 2512 2492 ἕνα
2550 2440 2714 2492 αὐτὸν
2761 2440 3075 2511 διαγορεύει
3122 2441 3233 2493 τῶν
3279 2442 3483 2494 λοιπῶν
3537 2445 3858 2514 προφητῶν,

2271 2530 2434 2599 μόνον
2461 2533 2581 2583 κατ’
2617 2530 2893 2600 ἐξαίρετον
2927 2531 3119 2601 ἔχοντα
3165 2532 3241 2594 ὡς
3273 2532 3410 2584 Θεοῦ
3443 2532 3618 2601 Λόγον
3667 2536 3767 2604 τὴν
3793 2536 3859 2587 δι’

2268 2620 2425 2686 ἀγίου
2451 2620 2771 2688 Πνεύματος
2806 2622 2869 2673 ὲκ
2896 2621 3175 2690 Παρθένου
3212 2622 3496 2691 γέννησιν,
3520 2623 3615 2675 καὶ
3642 2626 3711 2694 τῇ
3735 2641 3861 2676 συν·

2243 2711 2508 2781 ,ἀπαθείᾳ
2535 2712 2634 2783 τὴν
2664 2715 2746 2773 είς
2778 2712 3045 2780 οὐρανοὺς
3074 2711 3344 2784 ἀνάληψιν
3381 2715 3517 2784 (‘29),
3550 2716 3577 2768 6
3603 2717 3678 2788 μὴ
3704 2718 3861 2783 εἰδὼς

2267 2803 2319 2855 τί
2357 2800 2425 2874 ἦν
2473 2804 2604 2874 περὶ
2639 2805 2761 2857 ὅτου
2801 2804 3025 2872 ἔλεγεν·
3082 2803 3223 2872 τῷδε
3273 2805 3335 2875 δὴ
3363 2808 3548 2878 τρόπῳ
3588 2809 3748 2879 δῆλον
3781 2811 3860 2870 ὅτε

2265 2895 2362 2950 τοῦ
2386 2895 2538 2949 δόλου
2557 2895 2900 2966 κεχρημένος
2936 2896 3069 2965 (50),
3093 2896 3300 2950 ὲπείτοι
3323 2915 3385 2966 γε
3413 2901 3668 2972 φανερῶς
3697 2903 3861 2957 αὑτὸν

2266 2989 2546 3060 διασύρειο
2603 2989 2738 3058 φησὶ
2771 2988 2880 3059 γὰρ
2939 2989 3050 3059 (51)
3111 2989 3276 3042 αὑτὸν
3309 3007 3463 3060 παρα
3495 2991 3590 3045 τοῦ
3645 2994 3861 3065 Πατρὸς

2267 3081 2610 3154 ἠρωτῆσθαι,
2639 3083 2688 3135 εί
2735 3081 2870 3146 Θεὸς
2896 3081 3005 3151 εἴη,
3035 3083 3127 3134 καὶ
3156 3082 3291 3135 Θεὸν
3325 3083 3519 3137 ἑαυτὸν
3554 3087 3824 3157 ἐκήρυξεν
3843 3105 3857 3119 ·

2273 3178 2366 3229 καὶ
2393 3173 2810 3246 διαρνούμενον·
2833 3176 3050 3243 ἀγνοεῖν
3079 3175 3189 3246 γὰρ
3219 3175 3368 3239 εἰκὸς
3395 3175 3585 3231 τοῦτον
3607 3180 3701 3232 τὸν
3750 3181 3862 3233 Πα-

2271 3269 2408 3339 τέρα
2443 3267 2607 3322 αὐτοῦ
2637 3270 2810 3322 οῖεται
2835 3269 2970 3338 (52).

2341 3357 2442 3428 λβ’.
2477 3357 2621 3427 Πρὸς
2646 3356 2857 3420 τούτοις
2894 3358 2950 3411 δὲ
2980 3359 3200 3412 κάκεῖνο
3248 3359 3450 3412 εἰδέναι
3479 3359 3746 3427 ἀσφαλὲς,
3781 3361 3860 3414 ὅτι

2270 3449 2695 3519 πεφαλσευμένα
2779 3449 2956 3504 πάντα
2999 3449 3036 3503 ἀ
3069 3450 3177 3503 ἀπὸ
3208 3450 3308 3521 τῆς
3357 3450 3601 3514 Παλαιᾶς
3639 3451 3859 3524 Γραφῆς

2270 3543 2558 3614 προφέρει,
2599 3540 2695 3594 καὶ
2722 3540 2758 3595 ἀ
2785 3541 2894 3594 ἀπὸ
2942 3541 3043 3612 τῆς
3075 3541 3222 3605 Νέας
3246 3559 3258 3571 ·
3297 3543 3357 3596 ού
3409 3545 3571 3610 μόνον
3611 3544 3691 3610 δὲ,
3727 3544 3862 3598 ἀλλά

2269 3636 2364 3688 καὶ
2395 3635 2496 3688 ὅσα
2539 3635 2660 3688 οὐδὲ
2701 3637 3035 3705 γέγραπται,
3066 3635 3191 3687 οὕτε
3225 3636 3435 3706 συνῳδά
3482 3638 3743 3708 τυγχάνει
3796 3641 3858 3708 τῇ

2270 3725 2392 3797 θείᾳ
2423 3726 2636 3798 Γραφῇ,
2664 3727 2877 3797 τρανῶς
2904 3726 3071 3781 αὐτοῦ
3121 3729 3222 3797 τῆς
3255 3730 3578 3798 σκαιότητος
3607 3727 3860 3784 ἐντεῦθεν

2270 3819 2855 3889 παραγεγυμνωμένης
2875 3819 2969 3870 καὶ
2983 3817 3073 3869 τεθ
3081 3818 3316 3888 ριαμσευ
3325 3819 3511 3887 μένης·
3529 3821 3622 3872 καὶ
3635 3820 3859 3874 πλεῖστα

2268 3906 2326 3960 δὲ
2351 3906 2517 3959 αὐτοῦ
2539 3908 2637 3976 τῆς
2655 3908 2999 3977 Μανιχαῖκῆς
3031 3909 3305 3979 μυσσρίας
3328 3909 3678 3964 συλλέλεκται
3702 3930 3758 3965 τε
3768 3930 3861 3981 ρα-

2267 3998 2363 4051 τεύ
2372 4014 2536 4068 ματα,
2555 3999 2826 4068 δαιμόνων
2844 3998 3010 4050 τινῶν
3030 4001 3416 4073 προσηγορίαι,
3434 4004 3524 4055 καὶ
3541 4003 3664 4055 κατ’
3679 4004 3860 4056 αὐτῶν

2268 4090 2608 4161 όρκωμοσίαι
2641 4090 2736 4142 ἐπὶ
2781 4091 3109 4160 δυσφήμοις,
3156 4094 3574 4162 προσφωνήσεις
3617 4111 3677 4146 τε
3725 4095 3863 4164 πρὸς

2268 4183 2380 4237 τῶν
2411 4183 2684 4254 δαιμόνων
2722 4183 2957 4254 χώρους,
2992 4184 3087 4237 καὶ
3126 4185 3417 4254 ὁμολογίας
3439 4187 3648 4241 ὃτι’καὶ
3679 4190 3739 4254 ἐξ
3767 4190 3864 4241 αὐ·-

2269 4279 2379 4332 τῶν
2412 4280 2702 4334 ἀπόστολοι
2733 4281 2829 4336 καὶ
2877 4281 3175 4350 προφῆται,
3216 4282 3276 4334 τὸ
3306 4283 3458 4353 παρά
3489 4282 3583 4336 τοῦ
3605 4284 3862 4353 διαγγελ-

2270 4371 2495 4442 λομένου
2528 4375 2587 4426 ὲν
2614 4377 2680 4445 τῇ
2735 4373 2960 4446 τοιαύτῃ
2991 4377 3173 4446 γραφῇ
3224 4375 3376 4439 Θεὸν,
3415 4360 3737 4440 πλειστάκις
3769 4394 3864 4430 κει

2271 4466 2713 4537 χειροτόνηνταιο
2749 4469 2842 4521 καὶ
2880 4473 3143 4538 στοιχεῖον
3185 4468 3242 4522 δὲ
3298 4469 3573 4539 γοητικῶς
3607 4487 3860 4542 προγρα-

2275 4557 2375 4624 φὲν
2409 4555 2547 4628 (55),
2586 4558 2681 4612 καὶ
2733 4559 2901 4630 ψῆφοι
2953 4561 3480 4632 μεταγεγραμμέναι
3533 4563 3664 4630 παρ’
3709 4563 3864 4633 αύτῷ

653 4675 1107 4760 (24)_Paradisus_
1131 4670 1752 4760 voluptarius.etnplar‘tel
2049 4667 2165 4760 με·

2274 4670 2677 4760 κότερονναύτῶν
2703 4672 2800 4760 τοῦ
2833 4675 3544 4760 παραδείσουὶὲκσάλλωσιν,
3584 4677 3737 4738 ὅπως
3783 4679 3864 4748 μὴ

580 4737 826 4805 hainedis
855 4748 1204 4813 cognoscitur
1264 4737 1377 4797 sur.
1444 4743 1508 4803 II,
1549 4741 1641 4813 28,
1684 4737 1984 4806 XLIII,68,
2046 4739 2160 4803 LV,

578 4819 666 4883 70,
711 4819 842 4881 LVI.
873 4811 964 4879 εις
998 4813 1281 4879 LXXVIII,
1305 4814 1396 4879 53,
1435 4824 1489 4869 et
1518 4811 1666 4866 alibi.

651 4891 764 4957 (es)
797 4892 922 4943 Sur.
960 4885 1022 4950 ll,
1046 4887 1137 4940 ~25.

673 4895 738 4928 φιν
815 4895 827 4904 ι
1046 4895 1064 4916 ..
1087 4895 1113 4914 τ’

1183 4963 1369 5030 peccat
1397 4951 1634 5015 Nicetas,
1667 4950 1795 5030 dum
1823 4949 1999 5030 Xerba
2020 4949 2163 5005 Deus

576 5021 713 5084 enim
744 5021 851 5083 itan
885 5028 1144 5082 erubescit
1173 5021 1481 5078 tiectitcum
1511 5021 1945 5091 praecedentibus
1969 5022 2035 5074 de
2067 5037 2165 5075 νο-

579 5102 789 5172 lnptate
833 5099 1256 5172 capienda_cum
1310 5090 1548 5147 feminis.
1611 5090 1846 5172 Prorsus
1879 5093 2047 5172 .enim
2100 5106 2161 5172 ea

577 5161 739 5224 verba
765 5161 1115 5239 pertinentad
1151 5175 1464 5239 sequentem
1495 5162 1930 5239 versiculum,_i_u
1958 5161 2164 5239 quo_de

578 5242 684 5294 alia
752 5231 808 5294 re
871 5241 1106 5293 innocua
1166 5231 1362 5303 agitur.
1397 5232 1533 5285 Ecce
1573 5233 1719 5286 enim
1768 5241 1820 5285 et
1861 5231 2163 5303 Maraccius

577 5311 886 5366 rectissime
912 5301 1300 5370 iuterpretaiur
1342 5318 1355 5354 :
1386 5318 1545 5370 porro
1577 5303 1711 5355 Deus
1745 5319 1848 5354 non
1896 5301 2161 5354 erubescet

575 5392 634 5434 ut
692 5372 1090 5450 proponatfin)
1145 5373 1476 5450 parabolum,
1504 5384 1606 5450 etc.
1645 5372 1820 5450 _Carct
1853 5373 2037 5450 itaque
2061 5372 2164 5450 hac

576 5440 1505 5517 saltemblaspheuiiaAlcoranus.
1549 5443 1749 5497 Eodem
1795 5457 1860 5495 ac
1913 5440 2166 5517 Byzantii

576 5537 683 5577 uus
727 5510 928 5576 errore'
969 5518 1171 5570 labitur
1221 5515 1382 5567 etiam
1412 5513 1633 5568 Graccus
1683 5523 1876 5565 auctor
1934 5510 2163 5564 secundi

576 5591 1114 5661 opusculi‘adverstis
1138 5585 1491 5649 Alcorauum,
1527 5582 1671 5652 apud
1709 5581 1986 5652 Moyuium
2033 5580 2158 5634 Var.

575 5657 716 5716 suos.
751 5671 791 5715 t.
832 5659 872 5716 I.
897 5674 949 5716 ι).
992 5657 1116 5712 447.

649 5679 716 5716 rr.
751 5674 791 5715 t.
833 5674 949 5728 I,p.
992 5674 1116 5712 μί.

649 5731 1057 5802 (27)((11Ψηίςιια
1094 5725 1408 5802 _pra:d_ictus
1437 5721 1636 5802 p._490,
1668 5722 1828 5802 ait_cx
1854 5721 2159 5802 Aloo‘rano:

577 5791 673 5852 sui.
705 5791 830 5862 τοὺς
859 5791 1205 5868 Σαμαρείτας
1225 5791 1596 5868 εἰσέρχεξσθαι.
1619 5795 1675 5868 ὲν
1705 5793 1788 5868 τῶ
1818 5791 2158 5868 παραδείσῳ,

582 5870 638 5918 ού
676 5869 812 5935 πρὸς
838 5871 898 5923 τὸ
930 5862 1256 5931 ἀπολαῦσαι,
1289 5862 1400 5918 ἀλλ’
1427 5865 1512 5916 ἵνα
1545 5862 1613 5918 τὰ
1656 5862 1887 5932 ὲκφὸρια
1929 5863 2024 5915 καὶ
2064 5863 2164 5933 τὴν

2267 4740 2334 4815 ᾂν
2361 4740 2683 4815 ἀποζέσειεν
2704 4743 2733 4794 ό
2750 4740 3076 4815 παράδεισος
3100 4761 3112 4773 ·
3142 4745 3515 4799 Samaritanos
3541 4740 3866 4815 paradisum

2265 4810 2508 4874 introire,
2568 4828 2696 4885 non
2728 4823 2784 4865 ut
2834 4810 3115 4882 fruantur,
3169 4817 3260 4868 sed
3316 4827 3373 4869 ut
3418 4810 3765 4885 purgationes
3814 4830 3864 4870 (ιι

2265 4890 2502 4936 stercora
2558 4881 2935 4954 Moslemorum
2989 4885 3241 4952 paradiso
3300 4881 3552 4954 ejicianf,
3608 4903 3673 4939 ne
3722 4888 3866 4952 forte

2264 4954 2548 5015 paradisus
2581 4953 2719 5006 male
2743 4953 2901 5026 cleat.
2936 4954 3025 5009 Sic
3060 4955 3170 5010 fere
3218 4953 3460 5026 loquitur
3489 4957 3656 5010 etiam
3701 4956 3857 5012 (ἕνω-

2267 5035 2365 5073 cus
2409 5031 2598 5098 auctor
2664 5025 2888 5098 secundi
2930 5027 3175 5098 oplisculi
3208 5025 3677 5098 apotlJonnium
3727 5026 3861 5082 Var.

2264 5092 2560 5167 sacr.__t._l,
2591 5095 2690 5167 [δεῖ
2821 5095 2957 5167 Item
2993 5092 3335 5167 Zygabenus.

2338 5161 2450 5234 (28)
2483 5161 2608 5234 _Sur.
2635 5163 2708 5234 7V,
2745 5165 2842 5217 I62
2871 5182 2885 5230 ;
2923 5165 3007 5224 VI.
3035 5161 3102 5220 83
3133 5182 3250 5234 seq.

2339 5232 2450 5303 (29)
2477 5232 2602 5288 Sur.
2633 5233 2721 5295 Ill,
2757 5235 2862 5301 47;
2895 5234 3038 5300 XXI,
3064 5237 3124 5291 9|
3154 5255 3168 5302 ;
3198 5232 3381 5303 LXVI,
3414 5239 3482 5292 I5
3507 5246 3562 5292 et
3594 5238 3750 5294 alibi.

2337 5303 2450 5368 (50)
2493 5303 2620 5358 Sur.
2654 5304 2742 5370 IV,
2778 5306 2900 5360 156.

2342 5373 2453 5442 (at)
2489 5373 2614 5428 Sur.
2647 5374 2714 5433 v.
2760 5376 2882 5429 :25.

2339 5443 2454 5515 (52(
2488 5446 2643 5514 Apud
2673 5444 2998 5500 Cltoniatam
3020 5463 3071 5515 p.
3095 5447 3199 5502 484
3233 5449 3512 5504 concludit
3534 5448 3675 5503 Deus
3709 5469 3724 5503 :
3753 5452 3861 5504 ἁπ-

2265 5514 2459 5594 εκρίθη
2483 5515 2634 5594 αύτῷ
2665 5518 2694 5568 ὁ
2729 5515 2862 5594 Θεός
2896 5533 2908 5546 ·
2936 5514 3065 5594 Οἶδα
3110 5519 3192 5572 ὅτι
3241 5521 3306 5572 σὺ
3336 5519 3520 5588 ἔλεγες
3573 5517 3667 5574 τὸν
3697 5521 3860 5588 λόγον

2266 5585 2456 5637 τοῦτον
2483 5603 2497 5618 ·
2517 5585 2639 5641 Scio
2663 5598 2714 5640 te
2745 5587 3053 5655 hujusmudi
3080 5605 3319 5643 sermone
3351 5585 3528 5644 nsunt.

2339 5655 2451 5725 (55)
2494 5655 2720 5729 Videtur
2759 5657 3019 5729 denotare
3068 5660 3342 5714 solitarias
3391 5661 3534 5722 illas,
3593 5661 3860 5729 nulloque

2266 5738 2454 5803 sensu,
2489 5737 2545 5780 ut
2575 5727 2818 5781 Moslemi
2858 5727 3117 5803 fatentur,
3159 5731 3414 5803 praeditas
3443 5731 3676 5803 litteras,
3713 5727 3858 5803 quas

2267 5795 2562 5852 multarum
2587 5813 2840 5852 surarum
2869 5799 3041 5854 initiis
3073 5795 3391 5870 praepositas
3414 5800 3685 5857 videmus.
