4048 6414
260 398 371 470 713

1424 404 1862 469 REFUTATIO
1894 405 2382 471 MOHAMEDIS.

3436 408 3545 476 714

259 514 539 587 διαφόρως
563 512 890 585 τυγχάνουσι
916 511 1031 583 (34)
1055 527 1071 545 ’
1125 512 1224 585 τῆς
1258 513 1570 585 προσούσης
1596 515 1654 569 δὲ
1699 513 1852 584 αὐτῷ

1974 525 2141 570 intem
2170 515 2221 571 ei
2253 521 2518 587 perpetuo
2545 513 2829 582 haerentis,
2864 531 2931 571 ne
2964 515 3194 574 stultum
3217 534 3378 575 suum
3411 533 3549 576 con-

261 608 469 670 δειλίας
500 607 627 677 περὶ
657 607 758 676 τὴν
802 603 1107 685 ἀποτυχίαν
1132 603 1228 658 τοῦ
1263 602 1494 676 ματαίου
1535 604 1703 661 αὑτοῦ
1727 621 1858 676 φρο-

266 701 528 772 νήματος.
556 697 619 751 τὸ
645 697 848 751 οἰκεῖον
881 696 1047 768 ἔργον
1066 695 1314 767 ἐναργῶς
1343 698 1615 768 μαρτυρεῖ
1632 713 1648 729 ο
1673 695 1860 767 σχεδὸν

202 826 209 831 -
271 791 381 862 γᾴρ
403 792 459 845 ἐν
487 791 705 860 ἑκάστῳ
739 788 884 861 λόγῳ
914 787 1075 843 τοῦτο
1105 790 1334 842 αἰτεῖται
1371 788 1447 859 μὴ
1468 787 1859 858 διαπιστευθῆ-

274 900 378 946 ναι,
395 885 476 937 ὅτι
505 881 693 936 θεόθεν
707 882 782 935 ’τὸ
812 880 1144 951 θεολοίδορον
1163 879 1323 934 τοῦτο
1350 881 1561 952 ηγαγεν
1584 879 1857 951 γράμμα·

272 974 406 1045 ὅπερ
458 972 748 1043 συμϐαίνει
804 974 919 1036 τοῖς
969 971 1047 1042 μὴ
1073 970 1134 1036 ἐξ
1173 970 1352 1042 ἔργων
1385 973 1485 1043 τὴν
1521 972 1631 1025 τῶν
1682 970 1860 1041 λόγων

272 1065 563 1136 βεϐαίωσιν
598 1063 852 1136 ἔχουσινο
889 1065 984 1117 καὶ
1022 1064 1132 1133 γάρ
1176 1063 1364 1134 ἠγνόει
1396 1066 1426 1118 6
1462 1063 1729 1134 δύστηνος
1757 1064 1859 1135 τῆς

267 1156 358 1210 διά
383 1156 482 1222 τὴν
505 1156 713 1228 τόλμην
739 1154 944 1227 ταύτην
978 1155 1248 1227 μενούσης
1277 1156 1427 1228 αὐτῷ
1462 1154 1739 1230 κολάσεως
1760 1155 1861 1227 τὴν

270 1248 647 1318 σφοδρότητα’
708 1247 824 1302 ἀλλ’
868 1249 952 1302 ὅτι
996 1263 1062 1313 γε
1108 1247 1360 1319 φανερῶς
1407 1249 1721 1321 ὲθεομάχει,
1767 1247 1864 1303 καὶ

260 1340 391 1393 οὐδὲ
421 1339 608 1393 λαθεῖν
635 1341 764 1404 τοὺς
793 1339 1119 1411 ἀνθρώπους
1150 1337 1298 1411 εἶχεν
1329 1340 1630 1410 ἠπίστατο·
1662 1340 1865 1396 αὐτίκα

268 1430 402 1499 γοῦν
426 1432 489 1499 ἑν
515 1430 593 1501 τῷ
625 1430 774 1500 αὐτῷ
802 1430 1006 1503 πρώτῳ
1030 1430 1144 1503 (55)
1179 1430 1325 1504 λόγῳ
1349 1432 1411 1487 τὸ
1436 1434 1501 1486 ἑκ
1525 1431 1665 1487 Θεοῦ
1691 1431 1865 1487 ταῦτα

268 1522 659 1593 ὲκπεπέμφθαι
690 1522 989 1595 βεὸαιῶσαι
1017 1524 1286 1594 οἰόμενος,
1329 1523 1473 1578 οὕτω
1507 1524 1673 1595 φησίν
1706 1524 1819 1595 (56)
1845 1538 1861 1555 ⁶

272 1631 296 1665 ι
333 1613 460 1668 Ἐάν
492 1615 617 1666 ἐστε
647 1614 706 1667 ὲν
733 1612 1018 1686 σκανδάλῳ
1050 1614 1180 1685 περὶ
1219 1609 1297 1669 ὧν
1348 1615 1739 1686 κατηγάγομεν
1772 1616 1867 1670 ἐπὶ

267 1705 363 1759 τὸν
386 1704 573 1760 δοῦλον
612 1706 794 1776 ἡμῶν,
822 1705 1063 1776 ἀγάγετε
1101 1707 1243 1781 ᾠδὴν
1273 1707 1388 1779 (57)
1438 1710 1503 1762 εκ
1527 1708 1636 1761 τῶν
1663 1707 1866 1779 ὁμοίων

268 1798 494 1859 αὐτοῦ.»
535 1799 644 1853 τῶν
669 1801 965 1872 προφητῶν
992 1801 1195 1872 δηλαδὴ
1234 1801 1431 1871 λέγων,
1465 1821 1484 1855 ‹
1506 1803 1604 1857 καὶ
1626 1802 1865 1872 ἀγάγετε

1960 606 2145 663 silium
2175 604 2384 663 frustra
2416 607 2511 671 sit,
2539 607 2657 680 ipse
2709 608 2848 665 liber
2900 609 3058 666 testis
3090 619 3179 667 est
3211 628 3226 668 :
3258 612 3461 669 etenim
3494 612 3549 670 in

1960 698 2110 754 omni
2159 714 2331 770 prope
2384 700 2626 771 capitulo
2649 701 2787 773 petit
2811 716 2882 759 ne
2922 702 3056 759 fides
3086 703 3190 759 sibi
3234 698 3547 779 derogetur,

1959 792 2107 860 quod
2168 790 2430 848 divinitus
2488 792 2815 863 lnjuriosam
2866 794 3008 850 hanc
3051 794 3163 851 Deo
3219 798 3549 869 scripturam

1962 881 2235 951 acceperit
2267 901 2278 935 :
2308 883 2456 954 quod
2491 883 2741 940 accidere
2774 896 2908 941 sane
2938 884 3007 941 iis
3032 886 3275 942 solemne
3300 890 3416 958 estj,
3451 887 3549 959 qui

1962 973 2223 1042 operibus
2270 976 2387 1031 suis
2419 975 2639 1032 lit-mare
2688 976 2854 1033 verba
2902 988 3013 1032 non
3048 987 3277 1049 queunt.
3308 980 3374 1035 Et
3420 996 3556 1037 sane

1963 1061 2257 1133 ignorabat
2288 1064 2456 1120 miser
2477 1077 2654 1135 paenae
2677 1065 3023 1136 gravitatem,
3054 1081 3179 1135 quae
3210 1067 3389 1136 ipsum
3427 1081 3554 1137 pro-

1964 1161 2087 1223 pter
2119 1152 2334 1210 facinus
2359 1155 2465 1210 hoc
2496 1157 2790 1224 manebat;
2823 1158 3082 1227 quodque
3117 1168 3304 1228 aperte
3327 1157 3437 1213 Deo
3460 1159 3560 1213 ad-

1965 1257 2298 1315 versaretur,
2348 1248 2402 1303 id
2453 1248 2709 1305 homines
2744 1263 2848 1304 non
2881 1249 3052 1306 latere
3095 1251 3322 1306 sciebat.
3356 1250 3557 1306 Statim

1964 1338 2131 1410 igitur
2153 1340 2210 1395 iu
2241 1340 2419 1410 primo
2448 1341 2711 1410 capitulo,
2743 1341 2969 1398 missam
2988 1358 3019 1397 a
3044 1342 3153 1397 Dco
3182 1343 3326 1400 hanc
3356 1343 3564 1399 doctri-

1967 1446 2094 1487 nam
2124 1431 2451 1487 confirmare
2483 1434 2697 1500 volens,
2715 1433 2795 1489 sic
2827 1435 2929 1489 ait:
2960 1453 2979 1486 ι
3017 1434 3074 1489 Si
3107 1435 3562 1490 scandalizamiui

1968 1523 2022 1578 in
2062 1524 2131 1581 iis
2162 1539 2286 1595 quae
2329 1525 2651 1581 demisimus
2699 1525 2766 1580 ad
2814 1541 3032 1583 servum
3075 1536 3349 1593 nostrum,
3384 1528 3561 1584 addu-

1966 1615 2076 1671 cite
2110 1616 2383 1672 cauticum
2417 1633 2481 1673 ex
2508 1618 2783 1675 similibus
2824 1619 2893 1674 ei.
2931 1637 2951 1672 ι
2984 1617 3059 1673 Ex
3093 1621 3374 1690 prophetis
3407 1620 3563 1675 vide-

1970 1701 2117 1758 licet.
2153 1722 2173 1756 ι
2203 1704 2269 1758 Et
2298 1705 2553 1761 adducite
2585 1714 2754 1761 testes
2785 1709 3022 1771 vestros,
3063 1725 3083 1760 ι
3117 1708 3339 1762 eosdem
3393 1707 3564 1763 nimi.

1969 1810 2092 1851 rum
2155 1796 2452 1868 prophetas
2508 1797 2719 1865 dicens,
2760 1797 2844 1854 vel
2883 1799 3048 1853 etiam
3109 1798 3338 1855 idoneos
3372 1815 3502 1856 vera
3532 1815 3565 1856 a

268 1891 400 1956 τοὺς
425 1892 710 1963 μάρτυρας
739 1893 914 1963 ὑμῶν,
953 1913 971 1947 ι
1005 1894 1137 1959 τοὺς
1168 1894 1365 1958 αὐτοὺς
1416 1895 1593 1964 λέγων
1642 1897 1860 1967 προφή-

1974 1887 2121 1946 lalsis
2167 1889 2505 1946 discernere.
2537 1909 2557 1942 r
2591 1888 2649 1944 Si
2696 1900 2899 1961 praster
2960 1889 3158 1954 Deum,
3224 1892 3423 1964 inquit,
3479 1904 3568 1950 cst

267 1997 406 2049 τας,
435 1982 471 2055 ἦ
502 1983 756 2048 καὶτοὺς
795 1984 1055 2051 δυνατοὺς
1095 1986 1350 2054 ἐξετάσαι
1393 1987 1573 2059 ἀληθῆ
1620 1986 1654 2058 ἧ
1696 1988 1868 2060 ψευδῆ

267 2073 465 2143 λόγον·
501 2092 520 2127 ι
553 2076 603 2129 εί
636 2076 811 2148 πάρεξ
855 2075 1016 2143 Θεοῦ,
1057 2078 1216 2148 φησὶ,
1248 2078 1402 2132 ἔσται
1430 2077 1636 2150 ἀληθής
1663 2080 1777 2150 (38)
1801 2094 1816 2109 ο
1845 2096 1863 2130 ι

266 2164 473 2219 ὡσανεὶ
494 2164 702 2234 ἔλεγεν,
727 2167 811 2220 ὅτι
838 2165 1009 2236 Κάγὼ
1037 2167 1171 2220 Θεὸν
1196 2166 1455 2239 κηρύττω
1479 2168 1555 2232 ὡς
1588 2169 1833 2223 κάκεῖνοι
1850 2182 1865 2198 ’

267 2258 390 2313 ἀλλ’
415 2257 607 2315 ἔλαθεν
627 2259 821 2314 ἑαυτὸν
849 2259 878 2313 6
908 2259 1351 2331 καμηλοφορϐος,
1370 2258 1451 2324 ὡς
1461 2260 1582 2331 οὐχὶ
1600 2261 1662 2314 τὸ
1683 2260 1871 2325 άπλῶς

266 2349 405 2402 Θεὸν
451 2348 743 2420 κηρύττειν
799 2351 951 2404 ἐστὶν
1004 2349 1243 2422 ἀληθοῦς
1284 2351 1529 2422 κήρυκος
1552 2391 1568 2416 ,
1604 2351 1701 2405 καὶ
1728 2350 1869 2405 Θεοῦ

265 2438 524 2511 ἀληθοῦς,
548 2439 668 2493 ἀλλ’
708 2441 758 2494 εἰ
790 2440 1024 2511 ἀληθοῦς
1059 2440 1195 2495 Θεοῦ
1231 2440 1449 2512 άληθῶς
1481 2443 1601 2494 ἐστι
1632 2439 1809 2511 κήρυξ
1841 2443 1871 2495 6

273 2530 480 2602 κῆρυξ,
506 2530 655 2605 Τίις]
685 2531 796 2605 γὰρ
831 2532 1018 2604 δνησις
1044 2537 1111 2605 τῇ
1134 2533 1247 2606 ᾠδῇ
1275 2532 1371 2589 τοῦ
1405 2534 1593 2596 Δαόὶδ,
1624 2534 1743 2606 ῆτῇ
1773 2532 1869 2587 τοῦ

278 2624 507 2678 Ἡσαΐου
539 2626 867 2698 προφητείᾳ,
897 2626 932 2699 ἦ
981 2626 1231 2698 Ἐζεκιήλ
1263 2643 1325 2680 τε
1376 2628 1473 2681 καὶ
1502 2626 1718 2698 Δανιὴλ,
1772 2625 1871 2681 καὶ

264 2718 393 2780 ταῖς
415 2715 533 2784 τῶν,
547 2717 754 2772 λοιπῶν
780 2719 1078 2791 προφητῶν
1132 2722 1197 2774 ὲκ
1239 2719 1341 2791 τῆς
1375 2721 1476 2789 σῆς
1510 2717 1871 2791 θεοκηρυξίας

263 2809 456 2876 ἀθέου,
486 2810 696 2881 εἴποιμι
716 2811 785 2865 ἂν
808 2813 944 2887 προς
971 2813 1063 2867 τὸν
1108 2812 1387 2885 βάρϐαρον
1415 2811 1607 2866 τοῦτον
1636 2811 1733 2866 καὶ
1752 2811 1872 2865 θεο-

267 2901 472 2974 μάχον.
506 2903 585 2957 ὅτ’
616 2902 685 2957 ἂν
732 2904 796 2958 τδ
845 2905 939 2959 σὸν
997 2905 1263 2977 κήρυγμα
1299 2906 1390 2959 ἐπ’
1446 2906 1730 2976 ἀνατροπῇ
1767 2905 1866 2959 τοῦ

264 2993 497 3049 ἐκείνων
519 2994 879 3067 κηρύγματος
906 2997 1261 3068 γέγραπταις
1298 2997 1466 3051 πόθεν
1508 2995 1603 3052 οῦν
1640 2996 1869 3051 ἄλλοθεν

263 3084 371 3156 τὴν
385 3085 660 3152 ἀπόδειξιν
687 3086 850 3155 ἕξεις,
878 3087 979 3159 τῆς
1006 3090 1065 3142 ὲν
1179 3089 1492 3155 ὲπεποίθεις
1536 3089 1870 3155 ἀποδείξεώς

265 3193 356 3229 σοι
386 3176 745 3250 σϐεσθείσηςς
778 3175 815 3251 ἦ
852 3180 962 3251 γὰρ
985 3181 1108 3252 οὐχὶ
1143 3182 1295 3234 πᾶσα
1325 3182 1360 3252 ἠ
1414 3181 1533 3235 θεία
1575 3183 1671 3234 καὶ
1698 3179 1865 3252 ἀρχέ-

262 3285 428 3339 γονος
483 3269 675 3343 Γραφὴ
720 3272 857 3325 Θεὸν
906 3272 1405 3344 σαρκωθησὸμενον
1462 3273 1866 3343 «poeninen

258 3359 419 3423 ὅστις
443 3360 717 3432 άριδήλως
743 3361 1126 3416 ἀποδέδεικται
1145 3363 1410 3435 ὑπάρχων
1432 3363 1460 3415 ὁ
1487 3361 1741 3433 Χριστος,
1768 3363 1873 3415 κᾶν

261 3438 564 3507 ἐπεπόνθει
612 3453 800 3526 σαρκί.
860 3454 1183 3525 ’Δδιήγητον
1240 3456 1342 3526 τὴν
1397 3456 1592 3524 γενεὰν
1645 3454 1876 3518 Ἦσαῖας

262 3544 474 3614 φάσκει
516 3544 606 3600 διὰ
649 3545 710 3599 τὸ
736 3547 912 3600 εἰπεῖν
941 3547 1179 3617 γενεὰν,
1220 3549 1316 3601 καὶ
1341 3546 1441 3619 τὴν
1471 3546 1654 3619 υίικὴν
1678 3548 1745 3600 ἐκ
1776 3545 1874 3599 τοῦ

261 3637 486 3709 Πατρος
538 3636 767 3708 πρόοδον
818 3639 1164 3710 ὑπογράψας,
1210 3640 1274 3693 τὸ
1308 3641 1543 3712 πρᾶγμα
1583 3639 1745 3693 τοῦτο
1777 3638 1875 3710 δη-

226 3776 241 3779 _
262 3727 489 3793 λοῦντος
514 3727 610 3784 τοῦ
638 3728 904 3802 ὀνόματος
930 3747 945 3763 ο
996 3731 1064 3803 ἢν
1114 3730 1180 3784 σὺ
1214 3730 1290 3795 ὡς
1333 3730 1553 3803 ἀμαθὴς
1594 3730 1655 3783 οὐ
1689 3746 1874 3802 παρα-

214 3830 219 3835 ·
264 3820 435 3895 δέχῃ.

343 3910 450 3981 λγ’.
500 3911 730 3985 Ἐφεξῆς
759 3912 816 3968 δὲ
843 3912 940 3967 τοῦ
981 3912 1217 3984 μυθικοῦ
1264 3913 1433 3969 αὐτοῦ
1487 3913 1869 3987 συγγράμμα-

260 4021 365 4068 τος
400 4004 517 4074 (39)
549 4006 877 4077 παρεισάγει
905 4006 999 4061 τὸν
1023 4007 1156 4061 Θεὸν
1188 4006 1739 4079 συμϐουλευσάμενον
1756 4010 1875 4073 τοῖς

263 4096 536 4167 ἀγγέλοις
565 4099 818 4170 περὶτῆς
844 4098 939 4153 τοῦ
975 4098 1271 4169 ἀνθρώπου
1307 4099 1603 4168 γενέσεως,
1635 4101 1730 4155 καὶ
1763 4118 1876 4154 κω-

265 4186 538 4257 λυόμενον
566 4192 698 4263 παρ’
723 4190 906 4244 αὐτῶν
931 4191 1005 4255 ὡς
1029 4192 1222 4245 ἀδίκου
1248 4191 1512 4264 ἐσομένου
1547 4193 1716 4248 αὑτοῦ
1735 4208 1750 4224 ο
1779 4193 1875 4247 τὸν

265 4279 330 4334 δὲ
343 4280 479 4334 Θεὸν
509 4281 604 4335 καὶ
627 4282 934 4353 ποιήσαντα
962 4284 1061 4338 καὶ
1082 4282 1384 4355 σοφίσαντα
1408 4285 1504 4340 τὸν
1533 4285 1707 4357 ’Δὸάμ
1734 4286 1875 4359 ὑπὲρ

268 4371 477 4438 αὐτούς
496 4389 511 4405 ⁸
545 4377 641 4428 καὶ
674 4374 864 4429 τοῦτον
893 4372 1034 4431 εἶναι
1060 4376 1154 4431 τὸν
1192 4378 1483 4444 διδάξαντα
1512 4378 1583 4432 τά
1625 4378 1737 4433 τῶν
1789 4379 1878 4433 θν-

271 4481 388 4517 των
412 4465 691 4536 ὀνόματα*
731 4469 956 4541 τοιαύτη
989 4469 1023 4540 ἡ
1079 4468 1499 4540 άνθρωπογονία
1527 4468 1625 4523 τοῦ
1673 4487 1876 4540 παραι-

1972 1982 2174 2053 aliquis
2201 1997 2391 2039 verax.
2433 1998 2452 2037 ι
2484 1981 2653 2050 Quasi
2689 1984 2839 2040 dicat
2874 2001 2888 2041 :
2922 1986 3036 2058 Ego
3066 1985 3274 2051 Deum,
3307 2002 3463 2057 teque
3503 2004 3569 2042 ac

1973 2073 2074 2138 illi,
2107 2073 2373 2143 praedico.
2427 2074 2535 2129 Sed
2590 2075 2812 2147 ignorat
2866 2064 3419 2148 camelarius,quod
3456 2094 3565 2134 non

1973 2166 2297 2236 simpliciter
2326 2165 2496 2221 Deum
2544 2160 2866 2238 praedicare,
2893 2182 3141 2223 veracem
3175 2170 3400 2224 denotat
3426 2185 3571 2242 pra:-

1973 2257 2270 2313 dicaturem
2297 2255 2389 2312 Dei
2416 2257 2565 2322 veri;
2600 2257 2694 2313 sed
2724 2266 2939 2327 oportet
2964 2257 3076 2313 veri
3103 2257 3194 2314 Dei
3225 2273 3414 2314 verum
3444 2274 3572 2315 csse

1973 2349 2390 2419 praedicatorem
2440 2351 2532 2421 qui
2586 2350 2865 2420 praedicat.
2896 2350 3034 2405 Nam
3071 2365 3326 2421 quaenam
3361 2352 3571 2408 utilitas

1972 2442 2189 2497 cantico
2212 2440 2454 2506 Davidis,
2490 2449 2585 2496 aut
2621 2441 2780 2495 Isaia:
2803 2440 3087 2507 vaticinia,
3115 2455 3211 2497 aut
3240 2441 3569 2506 Ezechielis,

1973 2540 2071 2587 aut
2120 2531 2384 2595 Dauielis,
2415 2539 2471 2587 et
2500 2532 2845 2602 reliquorum
2876 2531 3295 2602 prophetarum,
3328 2531 3398 2586 ab
3429 2531 3570 2587 irrc-

1972 2622 2166 2696 ligiosa
2191 2633 2283 2680 tua
2317 2623 2408 2679 Dei
2443 2623 2830 2694 praedicatione
2850 2623 3051 2678 accidit
3079 2623 3191 2694 (aio
3225 2623 3414 2695 utique
3434 2623 3567 2679 huic

1972 2718 2211 2775 barbaro
2239 2727 2294 2775 et
2336 2717 2429 2775 Dei
2482 2717 2673 2789 hosti),
2726 2717 2986 2788 quoniam
3031 2726 3089 2772 tu
3122 2717 3566 2788 przedicatiouent

1973 2820 2124 2866 tuam
2182 2812 2252 2867 ad
2308 2810 2577 2866 doctrina:
2633 2809 3232 2866 illorumercrsioncm
3264 2810 3575 2880 scripsisti?

1971 2901 2039 2958 Et
2070 2902 2347 2974 quomodo
2388 2901 2614 2957 aliunde
2661 2901 3190 2957 demonstrationem
3225 2917 3433 2962 sumes,
3480 2902 3574 2957 illa

1972 2994 2071 3050 tibi
2114 2996 2425 3051 'exstiucta
2499 2992 2590 3049 cui
2664 2993 2986 3049 conﬁdebas
3056 2994 3574 3049 demonstratione?

1972 3084 2166 3144 Nonne
2200 3089 2382 3144 omnis
2410 3095 2569 3143 vetus
2593 3086 2778 3142 divina
2819 3084 2858 3141 S
2879 3088 3104 3158 ~riptura
3137 3086 3307 3142 Deum
3339 3088 3457 3143 fore
3487 3088 3575 3142 in-

1970 3182 2309 3237 carnandum
2337 3181 2699 3251 praenuntiat?
2728 3182 2945 3250 qualem
2996 3181 3253 3236 nimirum
3285 3181 3576 3240 manifeste

1975 3274 2228 3329 Christus
2257 3289 2317 3328 se
2348 3273 2621 3338 exhibuit,
2644 3273 2862 3328 etiamsi
2889 3286 3056 3328 carne
3089 3288 3288 3344 passus
3319 3286 3424 3330 est.
3458 3274 3576 3330 lue-

1977 3364 2307 3419 uarrahilem
2364 3364 2499 3419 dicit
2551 3364 2675 3434 ejus
2726 3363 3140 3433 generationem
3193 3363 3383 3420 lsaias.
3435 3363 3576 3419 Dum

1977 3457 2152 3512 utitur
2176 3455 2445 3512 vocabulo
2463 3457 2756 3528 generatio,
2788 3455 2912 3511 Filii
2940 3471 3005 3511 ex
3034 3454 3197 3511 Patre
3224 3471 3577 3528 progressum

1976 3548 2244 3603 describit
2277 3564 2292 3602 :
2327 3562 2565 3619 namque
2606 3547 2749 3602 hanc
2788 3562 2902 3602 rem
2954 3547 3283 3603 vocabulum
3306 3548 3574 3616 ostendit,

1976 3653 2142 3710 quam
2175 3647 2256 3707 tu,
2286 3654 2320 3695 ο
2361 3639 2659 3705 inerudite,
2692 3653 2804 3696 non
2833 3638 3100 3697 admittis.
3484 3656 3489 3661 ·

2055 3904 2153 3960 55.
2178 3903 2386 3960 Deinde
2417 3904 2473 3960 in
2502 3920 2600 3961 sua
2638 3905 2892 3963 fabulosa
2930 3906 3235 3978 scriptione
3275 3907 3579 3966 introducit

1978 3993 2151 4050 Deum
2182 3994 2576 4051 deliberantem
2618 4010 2744 4051 cum
2783 3996 2996 4068 angelis
3022 3997 3092 4054 de
3135 3998 3377 4053 hominis
3419 4014 3578 4055 crea-

1980 4085 2151 4153 tione,
2208 4096 2375 4158 atque
2437 4088 2509 4143 ab
2555 4089 2664 4144 illis
2714 4088 3043 4155 cohibitum,
3101 4090 3361 4159 quoniam
3410 4090 3580 4148 homo

1923 4184 1927 4188 ’
1981 4180 2203 4237 futurus
2224 4190 2346 4237 erat
2382 4180 2606 4252 iniquus
2633 4178 2730 4237 :et
2757 4182 3123 4240 nihilominus
3152 4183 3323 4240 Deum
3366 4183 3577 4242 facien—

1980 4283 2112 4342 tem,
2144 4289 2211 4330 ac
2251 4273 2578 4346 sapientiam
2630 4290 2741 4346 pra:
2783 4275 2892 4331 illis
2923 4276 3136 4333 Adamo
3165 4277 3576 4348 conferentem;

1976 4378 2142 4439 atque
2169 4369 2240 4424 ab
2261 4370 2365 4423 hoc
2384 4367 2517 4423 dicit
2542 4368 2765 4423 nomina
2791 4369 3176 4425 exsistentium
3201 4387 3384 4427 rerum
3403 4386 3580 4429 enun-

1979 4463 2133 4517 tiata.
2167 4460 2316 4517 Talis
2340 4470 2428 4517 est
2450 4461 2889 4533 authropogouia
2914 4464 3182 4531 auctoris,
3206 4466 3299 4535 qui
3325 4466 3580 4523 hortatur

271 4554 499 4619 νοῦντος
538 4559 661 4621 ταῖς
702 4558 809 4629 πρὸ
843 4558 1011 4613 αὐτοῦ
1059 4558 1237 4625 θείαις
1289 4561 1538 4631 Γραφαῖς
1573 4560 1869 4614 συναποδέ-

1983 4564 2045 4612 ut
2073 4571 2201 4611 cum
2235 4554 2643 4625 antiquioribus
2668 4570 2729 4610 se
2762 4555 3056 4626 scripturis
3091 4557 3577 4632 Arabica'quoquc

269 4648 468 4720 χεσθαι
504 4650 634 4712 τοὺς
670 4641 995 4721 ’Δραόικοῦς
1042 4652 1313 4723 ὀνείρους.
1350 4652 1585 4706 Ἔπειτα
1617 4653 1732 4724 (40)
1779 4652 1874 4706 τὸν

268 4739 521 4794 Μωῦσέα
560 4743 697 4810 φησὶ
726 4740 1044 4814 βοοθήλειαν
1073 4744 1139 4797 ἐκ
1170 4743 1309 4798 Θεοῦ
1340 4742 1703 4798 κελευσθέντα
1730 4743 1872 4797 ὐπο-

266 4832 447 4898 δεῐξαι
476 4833 555 4905 τῷ
581 4833 719 4907 λαῷ,
766 4835 835 4906 ἢν
888 4835 997 4891 ἔδει
1031 4835 1228 4892 θῦσαι⁹
1284 4837 1397 4891 τῶν
1440 4837 1498 4891 δὲ
1532 4837 1876 4907 ἀγνοούντων

269 4924 438 4979 ὁποία
465 4942 553 4990 τις
585 4927 655 4981 ἂν
684 4927 795 4999 εἴη,
824 4929 1146 4994 πλειστάκις
1172 4929 1433 5002 δεηθῆναι
1459 4929 1555 4984 τοῦ
1581 4929 1719 4984 Θεοῦ
1743 4931 1874 5000 περὶ

271 5014 502 5071 τοῦτουο
532 5018 627 5072 καὶ
655 5016 832 5085 οὕτως
864 5021 1063 5092 μαθεῖν
1108 5022 1206 5077 καὶ
1237 5023 1404 5077 αὐτὸν
1452 5022 1741 5088 κάκείνους
1784 5022 1874 5078 διὰ

353 5132 373 5163 ⁸
399 5128 509 5186 isa.
550 5146 707 5201 LVIII,
746 5131 803 5188 8.

350 5269 466 5342 (3i)
515 5264 780 5345 Intelligit
813 5270 1066 5345 fortasse
1089 5269 1402 5345 sententias
1438 5269 1735 5345 abrogatas
1777 5284 1876 5325 seu

266 5339 604 5398 retractatae
630 5342 687 5398 in
702 5339 1014 5411 ‘Aleoranu,
1036 5342 1104 5397 de
1128 5342 1334 5413 quibus
1354 5339 1658 5407 Maraeci’us
1693 5340 1877 5396 Tract.

266 5414 340 5468 de
369 5412 489 5467 Alc.
531 5427 651 5468 can.
685 5413 740 5468 5.

266 5414 340 5469 de
369 5414 489 5467 Alc.
531 5427 651 5469 can.
685 5414 740 5468 5.

348 5427 742 5555 (gé;.D?:?lDt?S
756 5484 870 5555 jam
892 5482 1020 5553 (col.
1034 5481 1161 5547 708,
1185 5492 1305 5555 not.
1325 5481 1420 5554 20)
1441 5497 1547 5537 non
1567 5481 1875 5555 computari

265 5570 301 5610 κ
336 5550 528 5624 Niceta
559 5550 816 5610 Λιθοτοὶιί
849 5550 1201 5624 protendunt,
1234 5550 1467 5624 ideoque
1495 5568 1619 5624 quae
1635 5550 1876 5608 secunda

267 5627 332 5681 in
365 5623 605 5695 vulgatis
633 5622 973 5680 editiouibus
1005 5626 1150 5680 Sura
1180 5632 1287 5691 est,
1312 5622 1457 5679 hanc
1491 5622 1569 5680 illi
1590 5639 1732 5679 -esse
1759 5624 1876 5694 pri-

264 5709 454 5765 mam.
489 5702 546 5765 et
576 5695 657 5750 sic
685 5695 966 5765 deinceps.

348 5763 469 5836 (56)
493 5764 632 5836 _S_ur.
660 5765 724 5831 ll,
755 5766 847 5822 εδ.

348 5767 446 5836 (δε
502 5767 630 5821 Sur.
660 5767 724 5831 ll,
755 5767 847 5822 ss.

347 5767 469 5908 (τοῖς
492 5832 763 5892 Nimirum
793 5838 911 5910 ipsa
939 5834 1195 5895 Alcorani
1222 5835 1461 5896 elocutio
1490 5835 1652 5894 habet
1681 5850 1877 5909 quem-

529 5928 804 5992 Panes.
842 5933 959 5993 Gn.
996 5933 1122 5995 CV.

1983 4647 2199 4705 somnia
2259 4646 2644 4702 admittantur.
2702 4646 2912 4704 Deinde
2973 4649 3108 4705 dicit
3170 4649 3416 4724 Muysem
3461 4652 3576 4710 Deo

1980 4742 2208 4813 iubente
2250 4755 2473 4796 vaccam
2509 4740 2713 4812 populo
2757 4741 3071 4798 ostendisse
3101 4759 3263 4813 quam
3298 4745 3576 4803 immolari

1981 4835 2285 4905 oportebat.
2338 4832 2450 4889 Illis
2490 4844 2675 4888 autem
2724 4835 3110 4905 ignorahtibus
3157 4836 3337 4907 qualis
3389 4852 3581 4904 esset,

1984 4940 2364 4996 smpeuumero
2394 4925 2496 4979 hac
2524 4939 2689 4994 super
2712 4939 2771 4980 re
2799 4922 2972 4980 Deum
3005 4926 3271 5007 oravisse.
3295 4928 3477 5000 Atque
3506 4930 3580 4987 ita

1984 5032 2103 5074 rem
2130 5016 2355 5073 demum
2384 5014 2740 5088 cognovisse,
2775 5014 3012 5088 illosque
3046 5032 3144 5089 per
3166 5020 3416 5092 symbola
3442 5023 3579 5079 edo-

1980 5269 2106 5340 dam
2146 5266 2490 5340 rhythmum,
2531 5264 2766 5340 ideoque
2821 5264 3103 5340 confertur
3144 5284 3270 5325 cum
3320 5271 3576 5329 canticis.

1978 5335 2380 5415 lrridettamen
2409 5338 2553 5415 hanc
2574 5335 2912 5415 Mohamedis
2936 5339 3276 5406 iactantiam,
3295 5343 3581 5415 gratisque
3642 5388 3649 5395 .

1981 5419 2249 5466 assertant
2276 5407 2587 5464 Aleoraniei
2617 5406 2857 5477 rhythmi
2879 5419 3247 5474 venustatem,
3278 5406 3581 5477 specitniue

1979 5481 2101 5550 ejus
2131 5481 2268 5536 satis
2298 5478 2509 5535 insulso
2541 5475 2778 5550 prolato,
2804 5475 3106 5535 Maraccius
3137 5488 3176 5534 t.
3209 5480 3250 5544 Ι,
3285 5475 3578 5540 Prodront.

1979 5548 2149 5607 refut.
2193 5559 2334 5622 part.
2361 5565 2418 5614 ιι,
2447 5565 2513 5622 ρ.
2557 5548 2645 5603 Ἱδὶ.

2052 5622 2167 5694 (58)
2194 5616 2659 5694 'AleoraniTtextus
2681 5616 2926 5689 postulat
2957 5627 3017 5675 ut
3047 5620 3343 5690 scribatur,
3377 5624 3426 5679 ει
3455 5625 3581 5682 ἐστὶ

1982 5691 2226 5758 tineas,
2264 5693 2314 5745 si
2336 5692 2462 5746 estis
2481 5704 2708 5745 macra.

2052 5709 2556 5831 li'o‘i‘stfi.‘ii.”£o'f

2059 5830 2175 5908 (ιο)
2199 5832 2329 5890 Sur.
2360 5831 2425 5901 ιι,
2454 5830 2548 5888 67.
