4048 6436
483 332 593 447 715

1718 378 2011 441 NlCETrE
2046 378 2453 441 BYZANTINI

3650 379 3761 447 716

483 491 686 555 euisse,
718 489 862 545 hanc
886 503 1063 560 neque
1084 489 1320 545 vetulam
1343 503 1464 547 esse
1487 504 1669 562 neque
1687 488 2063 560 juveni-uiam,

2171 488 2453 560 cup.“ka
2480 486 2689 554 διδάξαι
2717 488 2801 543 ὅτι
2825 487 2976 545 ἔστιν
3007 489 3130 545 οὔτε
3158 490 3387 559 παλαιὰ,
3419 493 3759 563 meimei)“

482 586 577 642 sed
601 584 776 640 media
819 583 964 639 inter
994 583 1093 639 bas
1124 590 1307 644 actate.
1337 583 1519 638 colore
1545 596 1759 648 croceo,
1787 582 1977 637 rudem
2008 592 2064 638 et

484 677 802 731 indomitam
835 693 849 729 :
877 684 1043 745 atque
1074 675 1217 748 hanc
1244 676 1332 730 vix
1361 676 1468 730 illis
1487 674 1837 743 persuasisse
1869 681 1928 728 ut
1960 673 2065 728 im-

484 769 771 824 molarunt.
804 766 898 822 Ila:
940 776 1070 822 sunt
1108 766 1415 821 fabularum
1463 766 1583 838 ejus
1634 782 1791 838 nugae
1824 785 1839 821 :
1869 782 1992 836 qua:
2030 782 2062 820 a

485 859 643 915 nobis
667 860 928 929 exposita:
944 869 1090 925 sunt,
1114 866 1171 912 ut
1196 859 1313 929 ejus
1340 857 1702 929 impossibilis
1720 858 2065 914 cumdivinis

484 952 665 1005 labris
696 950 1055 1006 consonantia
1093 950 1424 1013 innotescat;
1462 950 1621 1021 cujus
1660 955 1842 1005 tamen
1888 950 2063 1020 gratia

486 1044 644 1097 fidunt
678 1056 738 1097 se
774 1039 1081 1097 veracitatis
1105 1040 1428 1112 adepturum
1462 1042 1707 1111 putabat.
1870 1100 1877 1106 ,

555 1135 644 1191 54.
681 1135 1076 1207 lmpudentiam
1108 1149 1237 1191 vero
1271 1151 1428 1190 suam
1462 1138 1545 1191 vir
1574 1139 1769 1194 atheus
1801 1138 2065 1195 adversus

487 1227 579 1281 llei
606 1226 782 1283 Patris
799 1228 1024 1298 gloriam
1052 1242 1336 1292 exsercns,
1365 1237 1530 1299 atque
1559 1228 1703 1284 hanc
1724 1230 1790 1284 ad
1818 1245 1878 1285 se
1899 1240 2067 1285 attra-

487 1318 615 1372 here
679 1318 949 1373 diabolica
1003 1318 1227 1373 vesania
1280 1328 1574 1392 satagens,
1635 1330 1895 1390 tanquam
1950 1322 2066 1391 ipse

484 1407 722 1480 Moysen:
750 1409 878 1463 olim
912 1409 1117 1478 alloqui
1163 1409 1379 1476 solitus,
1411 1419 1465 1466 et
1498 1411 1790 1467 Dominum
1846 1428 2067 1484 quoque

484 1498 933 1555 nostrumJesum
961 1501 1240 1556 Christum
1274 1501 1631 1567 misisset,ait
1661 1520 1677 1559 :
1719 1522 1737 1555 ι
1765 1503 2069 1562 Αιιυιίηιυε

484 1591 653 1663 Moysi
711 1593 1080 1663 scripturam;
1121 1602 1356 1665 postque
1404 1610 1531 1650 cum
1590 1597 1871 1666 apostolos
1906 1598 2069 1658 misi-

482 1699 642 1750 mus;
684 1684 973 1739 attulimus
1002 1682 1130 1741 lesn
1161 1683 1345 1741 Maria:
1379 1683 1521 1739 Filio
1566 1687 1987 1756 revelationem,
2012 1698 2069 1746 et

484 1775 869 1831 roboravimus
913 1791 1038 1833 eum
1076 1784 1268 1833 sancto
1301 1776 1528 1847 Spiritu.
1570 1797 1590 1831 ι
1628 1776 1751 1834 llam
1792 1779 2064 1847 scribens,

488 1864 621 1936 quid
656 1866 892 1936 probare
927 1881 987 1922 se
1028 1866 1273 1937 putavit"?
1298 1863 1504 1937 Nempe
1532 1866 1691 1932 dicit,
1724 1867 2067 1924 barbaricam

482 1958 625 2042 hanc
657 1957 988 2027 scripturam
1034 1973 1191 2017 suam
1222 1968 1484 2029 tanquam
1518 1958 1762 2014 divinam
1791 1958 1912 2016 fore
1937 1948 2070 2016 reci-

480 2047 733 2118 piendum
772 2068 785 2104 :
837 2050 1090 2106 nesciens
1141 2062 1324 2108 tamen
1358 2066 1417 2107 se
1447 2066 1777 2125 magnopere
1823 2066 1855 2107 a
1899 2066 2070 2123 scopo

478 2140 756 2206 aberrare,
783 2155 890 2211 quo
920 2141 1081 2210 potiri
1102 2142 1376 2213 sperabat.
1403 2140 1559 2197 Dicet
1579 2143 1725 2197 enim
1756 2142 1806 2199 ei
1824 2142 2066 2212 aliquis:

479 2233 766 2299 Quomodo
794 2233 877 2288 vel
906 2234 1289 2304 quamobrem,
1332 2244 1392 2290 ut
1426 2234 1669 2306 Moysem
1699 2233 2070 2305 reprehende-

481 2338 588 2389 res,
618 2320 807 2379 Jesum
848 2323 1081 2378 misisti?
1139 2324 1295 2390 Quod
1326 2325 1394 2393 si,
1446 2336 1503 2380 ut
1536 2341 1635 2396 par
1677 2332 1784 2393 est,
1815 2335 1980 2397 atque
2010 2333 2073 2381 ut

479 2428 606 2471 vere
644 2422 826 2469 actum
866 2415 1005 2480 fuit,
1029 2418 1397 2483 responderet
1429 2434 1445 2473 :
1480 2418 1618 2473 nihil
1663 2419 2070 2489 reprehenden-

477 2508 609 2564 dum
636 2507 689 2562 in
728 2507 912 2579 Moyse
933 2508 1127 2576 fuisse,
1144 2510 1246 2566 sed
1272 2509 1461 2571 desum
1481 2511 1549 2566 ad
1577 2510 1722 2567 illius
1757 2511 2068 2566 rudimenta

480 2598 810 2667 perficienda
848 2598 1102 2664 missum,
1144 2615 1245 2657 nec
1282 2614 1391 2656 non
1447 2616 1667 2671 gravem
1709 2601 2066 2658 consuetudi-

479 2704 605 2742 nem
660 2689 966 2745 carnalium
997 2690 1445 2746 obscrvaliunum
1491 2691 1547 2746 in
1585 2691 1867 2749 meliorem
1904 2700 2070 2761 atque

479 2780 747 2851 aptiorem
811 2780 1042 2852 spiritus
1105 2797 1316 2836 morem
1381 2782 1811 2851 immutandam;
1875 2798 2071 2840 rursus

478 2874 607 2929 huic
648 2873 751 2944 ipsi
784 2874 1178 2944 responderent
1208 2892 1222 2930 :
1255 2873 1337 2929 Tn
1370 2890 1500 2932 vero
1532 2875 1664 2947 quid
1704 2876 1758 2931 in
1809 2875 1940 2933 Jesu
1968 2875 2070 2933 da-

477 2980 697 3034 mnans,
732 2968 945 3024 tertiam
998 2967 1139 3024 hanc
1189 2969 1549 3025 recentiorem
1579 2969 1797 3027 edidisti
1834 2970 2071 3042 scriptu-

476 3057 632 3115 ram?
658 3058 798 3113 Puto
824 3059 952 3130 quia
1000 3059 1175 3129 paria,
1207 3060 1291 3115 vel
1330 3059 1519 3115 eadem
1545 3099 1562 3126 ,
1587 3061 1673 3116 vel
1716 3060 1952 3132 majora,
1986 3061 2069 3116 vel

474 3147 641 3203 etiam
694 3147 908 3204 minora
950 3148 1182 3206 ductura
1221 3159 1362 3207 erat.
1397 3151 1563 3223 Atqui
1607 3151 1819 3224 majora
1844 3152 2065 3219 docere,
2094 3180 2136 3239 ο

477 3241 818 3313 impossibile
852 3243 1104 3299 humanm
1128 3253 1342 3301 natura:
1384 3254 1487 3301 est.
1514 3244 1662 3312 Quid
1700 3246 1852 3301 enim
1882 3245 2065 3316 majus

476 3342 581 3399 est,
613 3348 778 3402 quam
809 3340 1033 3404 propter
1067 3334 1159 3390 Dei
1190 3335 1533 3404 mandatum,
1557 3337 1823 3392 mundum
1857 3346 1913 3392 et
1939 3351 2068 3391 eor-

478 3432 579 3494 pus
607 3425 735 3482 odio
773 3426 999 3493 habere,
1032 3427 1143 3482 imo
1173 3436 1228 3484 et
1265 3428 1507 3485 animam
1540 3429 1814 3501 propriam
1847 3428 2067 3485 indubi-

480 3527 657 3573 tanter
682 3519 1186 3589 supernaturalium
1217 3537 1403 3577 rerum
1435 3536 1600 3579 causa
1638 3520 1886 3578 tradere?
1928 3519 2068 3577 Pro-

480 3612 623 3668 fecto
652 3621 893 3680 constat,
928 3613 1065 3669 nihil
1113 3614 1428 3686 huiusmodi
1462 3616 1750 3672 barbarico
1780 3616 1886 3672 hoe
1924 3616 2067 3673 libro

479 3703 770 3773 contineri,
814 3705 927 3762 iuno
983 3707 1118 3762 nihil
1174 3709 1404 3764 omnino
1466 3710 1742 3766 excelsum
1799 3710 2069 3781 boumque

480 3796 681 3868 frugis;
711 3809 902 3854 contra
949 3814 1082 3856 vero
1127 3800 1346 3856 beluina
1385 3803 1536 3859 omni
1577 3802 1875 3858 stoliditate
1905 3812 2069 3872 atque

478 3888 751 3943 atheismo
803 3897 977 3944 totum
1023 3890 1355 3946 redundare.
1408 3891 1527 3947 lam
1585 3893 1632 3949 si
1674 3894 1827 3963 paria
1871 3893 2069 3949 docere

478 3981 716 4045 dicatur,
748 3996 872 4050 quae
925 3980 1031 4037 fuit
1086 3983 1299 4039 utilitas
1326 3994 1379 4039 et
1412 3983 1586 4057 legem
1620 3993 1676 4042 et
1709 3984 2068 4057 Evangelium

477 4071 793 4129 excitandi?
830 4072 1001 4139 illam,
1032 4072 1083 4130 id
1121 4082 1206 4130 est
1254 4076 1448 4145 legem,
1501 4075 1859 4143 defectivam;
1925 4076 2066 4143 hoc,

479 4160 834 4235 Evangelinm
878 4165 1127 4236 inquam,
1170 4164 1494 4237 perfectum.
1542 4166 1689 4231 Tum
1713 4169 1879 4224 etiam
1926 4167 2070 4224 male

480 4254 669 4310 firmos
697 4270 793 4311 eos
819 4256 914 4327 qui
953 4256 1206 4312 alterutri
1237 4258 1488 4313 serviunt
1536 4258 1781 4323 exhibet,
1814 4266 2073 4315 neutros-

478 4360 586 4415 que
638 4346 706 4403 de
759 4362 859 4403 sua
894 4348 1071 4403 salute
1119 4363 1284 4420 posse
1336 4348 1642 4417 confidere;
1675 4346 1814 4406 alios
1846 4349 2069 4421 quidem

480 4442 950 4512 imperfectionem
981 4455 1313 4512 causantes;
1345 4445 1483 4500 alios
1513 4444 1929 4510 sublimitatem,
1967 4458 2067 4499 ceu

2167 580 2285 647 νέα,
2315 580 2453 636 ἀλλὰ
2480 581 2625 652 μέση
2653 582 2894 648 τούτων,
2912 582 3013 656 τὴν
3045 585 3236 656 χροιάν
3261 585 3537 657 κρόκινος,
3583 588 3761 657 ἀγρία

2167 676 2266 730 καὶ
2296 676 2609 746 ἀδάμαστος
2634 691 2649 707 ο
2680 676 2775 730 καὶ
2809 675 2962 747 μόλις
2991 677 3190 739 αὐτοὺς
3213 679 3400 732 πεῖσαι
3425 678 3628 751 ταύτην
3658 695 3766 733 καο

2164 768 2475 839 τασφάξαι’
2510 764 2673 824 αὗται
2718 768 2830 822 τῶν
2868 767 3041 823 αὐτοῦ
3092 769 3433 838 πλασμάτων
3477 773 3536 825 al
3585 771 3765 842 φλυα-

2168 861 2308 933 ρίαιο
2346 862 2728 933 παρετέθησαν
2752 861 2810 915 δὲ
2835 862 2922 916 ἵνα
2952 861 3137 933 δειχθῇ
3167 862 3230 916 τὸ
3264 862 3629 934 ἀκοινώνητον
3653 866 3725 918 αὐ
3742 896 3763 907 -

2165 954 2260 1009 τοῦ
2288 955 2389 1024 τῆς
2426 953 2749 1025 συμφωνίας
2778 953 2915 1015 πρὸς
2960 954 3061 1023 τὴν
3086 952 3236 1009 θείαν
3283 954 3508 1027 Γραφήν
3531 973 3545 988 ·
3599 956 3669 1011 δι’
3692 949 3763 1010 οὗ

2164 1046 2227 1100 τὸ
2258 1045 2465 1116 ἀληθὴς
2490 1043 2631 1100 εῖναι
2661 1044 3117 1116 πιστευθήσεσθαι
3149 1046 3377 1117 ἧλπιζεν

2236 1138 2328 1194 λδ’.
2368 1138 2765 1209 ’Λναισχυντῶν
2806 1137 2864 1192 δὲ
2895 1138 2924 1190 ό
2960 1135 3119 1201 άθεος
3147 1140 3292 1192 κατᾶ
3331 1141 3433 1209 τῆς
3473 1139 3571 1193 τοῦ
3614 1139 3762 1195 Θεοῦ

2168 1234 2263 1287 καὶ
2292 1233 2508 1305 Πατρὸς
2557 1232 2738 1303 δόξης,
2768 1231 2863 1293 καὶ
2890 1230 3096 1302 ταύτην
3145 1235 3225 1295 εἰς
3256 1232 3451 1286 ἑαυτὸν
3497 1235 3764 1306 ἀφαιρεῖν

2166 1324 2538 1396 δαιμονιωδῶς
2573 1323 3064 1395 ἑκφραινούμενος,
3096 1323 3191 1376 καὶ
3218 1322 3294 1388 ὡς
3325 1324 3490 1388 αὐτὸς
3520 1319 3574 1378 εἷ
3598 1325 3629 1377 ό
3678 1324 3766 1395 τῷ

2168 1416 2398 1470 Μωῡσετ
2419 1416 2781 1487 συλλαλήσας,
2814 1415 2909 1469 καὶ
2948 1414 3040 1469 τὸν
3082 1414 3288 1482 Κύριον
3341 1415 3502 1486 ἡμῶν
3546 1414 3773 1488 Ἰησοῦν

2167 1507 2404 1576 Χριστὸν
2428 1506 2836 1573 ἐξαποστείλας,
2864 1509 3031 1579 φησίν
3065 1506 3200 1578 (41)·
3228 1527 3246 1560 ι
3271 1507 3657 1579 Ἑπηγάγομεν
3678 1509 3766 1577 τῷ

2167 1600 2392 1653 Μωῡσεῖ
2413 1598 2633 1671 γραφὴν
2658 1638 2674 1664 ,
2706 1600 2802 1654 καὶ
2829 1598 3229 1669 ἀπεστείλαμεν
3261 1597 3381 1668 μετ’
3413 1599 3577 1652 αὑτὸν
3620 1599 3768 1653 ἀπο-ι

2170 1688 2390 1753 στόλους
2410 1705 2423 1720 ’
2458 1689 2553 1744 καὶ
2580 1691 2933 1761 ἐπηγάγομεν
2961 1690 3040 1762 τῷ
3070 1690 3246 1761 Ἰησοῦ
3277 1689 3380 1761 υίῷ
3408 1690 3632 1764 Μαρίας
3657 1692 3765 1761 τὴν

2168 1778 2497 1852 φανέρωσιν,
2522 1779 2618 1836 καὶ
2651 1780 3142 1853 ὲνεδυναμώσαμεν
3158 1783 3324 1838 αὐτὸν
3357 1782 3448 1838 διὰ
3475 1781 3572 1837 τοῦ
3597 1783 3762 1851 ἁγίου

2172 1871 2514 1943 Πνεύματος.
2550 1892 2569 1926 ι
2620 1872 2807 1930 Ταῦτα
2833 1873 2892 1929 δὲ
2922 1874 3174 1946 γράφων,
3232 1874 3285 1928 τί
3317 1873 3763 1940 κατασκευάζειν

2170 1963 2431 2033 ἐνόμισες
2480 1963 2554 2017 Τὸ
2585 1963 2751 2032 φάναι
2792 1963 2888 2020 τοῦ
2932 1963 3097 2020 αὑτοῦ
3145 1964 3282 2020 Θεοῦ
3326 1961 3494 2020 οὖσαν
3522 1964 3619 2043 καὶ
3658 1964 3763 2036 τὴν

2172 2054 2450 2127 βάρϐαρον
2492 2055 2701 2127 ταύτην
2751 2055 3001 2128 γραφὴν,
3030 2058 3106 2122 ὡς
3139 2058 3296 2113 θείαν
3344 2056 3761 2130 παραδιχθήσε-

2172 2144 2333 2199 σθαι·
2368 2144 2637 2215 ἀγνοήσας
2667 2143 2743 2207 ὡς
2773 2144 3037 2214 πάμπολυ
3083 2144 3178 2199 τοῦ
3221 2146 3426 2201 σκοποῦ
3464 2147 3761 2218 διαμάρτοι

2169 2237 2204 2309 ἢ
2235 2236 2311 2301 ὡς
2346 2237 2409 2290 οὐ
2442 2237 2713 2308 κρατῆσαι
2742 2235 2959 2309 ἦλπισε.
3013 2237 3138 2302 Πῶς
3165 2236 3306 2310 γάρ;
3336 2238 3424 2303 τὶς
3459 2239 3579 2309 ἐρεῖ
3619 2237 3764 2310 πρὸς

2171 2329 2335 2383 αὑτὸν
2360 2370 2376 2393 ,
2417 2328 2513 2383 καὶ
2552 2328 2604 2383 τί
2630 2327 2772 2398 ἔχων
2819 2328 3099 2393 Μωῡσέως
3126 2327 3615 2401 καταμάμψασθαι,
3656 2327 3764 2400 Ἰηο

2172 2420 2298 2475 σοῦν
2330 2420 2718 2486 ἐξαπέστειλας
2737 2422 2758 2489 ;”
2782 2421 2842 2475 El
2869 2420 2925 2474 δὲ
2949 2420 3011 2475 τὸ
3032 2420 3181 2486 είκδς
3202 2420 3293 2476 καὶ
3321 2420 3399 2486 ὡς
3419 2419 3636 2493 άληθῶς
3665 2434 3763 2491 γε·

2169 2514 2325 2581 γονὺς
2363 2513 2478 2582 ὲροί
2511 2512 2574 2565 τὸ
2594 2551 2608 2575 ,
2636 2513 2719 2567 ὅτι
2751 2513 3085 2584 Μέμψασθαι
3120 2513 3220 2585 μὲν
3254 2508 3399 2584 εἶχον
3439 2512 3616 2579 οὑδδν,
3664 2529 3761 2567 τε-

2170 2603 2391 2658 λειῶσαι
2432 2604 2489 2658 δὲ
2533 2603 2605 2658 τά
2658 2603 2811 2675 αὐτῷ
2861 2604 3274 2675 στοιχειωθέντα
3299 2643 3315 2670 ,
3351 2602 3445 2658 καὶ
3476 2603 3652 2668 ἄλλως
3695 2604 3760 2659 τδ

2169 2696 2407 2768 ἐπαχθὲς
2442 2696 2538 2752 καὶ
2589 2696 2783 2761 εἰωθὸς
2811 2696 2922 2751 τῶν
2980 2696 3264 2768 σαρκικῶν
3310 2697 3758 2767 παρατηρήσεων

2169 2792 2264 2844 ἐπὶ
2294 2791 2357 2845 τὸ
2385 2788 2589 2861 κοῦφον
2619 2787 2717 2844 καὶ
2767 2789 2983 2860 πρέπον
3015 2789 3335 2860 μεταθεῖναι
3380 2787 3478 2843 τοῦ
3504 2787 3763 2860 Πνεῦμα·

2168 2902 2280 2951 τος,
2306 2882 2468 2939 πάλιν
2516 2882 2654 2955 πρὸς
2690 2881 2853 2938 αῠτδν
2917 2881 3143 2945 τούτους
3177 2883 3352 2936 εἰπεῖν
3376 2898 3392 2915 ο
3426 2880 3493 2934 Τί
3521 2881 3582 2936 δὲ
3621 2896 3760 2935 κατε

2170 2974 2428 3044 εγνωκὼς
2467 2972 2699 3046 Ἰησοῦν,
2724 2974 2928 3044 ταύτην
2956 2973 3057 3044 τὴν
3102 2972 3422 3044 καινοτέραν
3446 2972 3540 3027 καὶ
3564 2971 3762 3043 τρίτην

2170 3067 2388 3138 γραφὴν
2409 3066 2743 3133 ἑκδέδωκαςς
2784 3061 2897 3135 ἆρά
2920 3081 2984 3134 γε
3006 3064 3084 3128 ὡς
3107 3063 3176 3118 τά
3206 3064 3296 3118 ίσα
3326 3064 3421 3120 καὶ
3445 3062 3514 3118 τά
3536 3063 3701 3127 αὐτά,
3723 3062 3759 3134 ἦ

2168 3158 2237 3209 τά
2269 3155 2462 3227 μείζω,
2486 3154 2520 3224 ἢ
2544 3153 2726 3208 καὶτὰ
2753 3152 2962 3207 ἐλάττω
2987 3152 3339 3220 διδάξουσανς
3373 3152 3467 3206 καὶ
3492 3152 3561 3207 τὰ
3588 3151 3765 3221 μείζω

2173 3240 2273 3312 μὲν
2293 3240 2523 3307 διδάξαι,
2563 3240 2674 3296 τῶν
2726 3240 3005 3295 ἀδυνάτων
3036 3244 3102 3313 τῇ
3137 3241 3457 3313 ἀνθρωπίνῃ
3484 3240 3681 3311 φύσει·
3707 3239 3763 3294 τί

2169 3332 2278 3405 γὰρ
2304 3332 2467 3387 πλέον
2497 3332 2592 3386 τοῦ
2625 3332 2768 3403 ὑπὲρ
2819 3332 3043 3404 ἐντολῆς
3073 3331 3232 3397 Θεοῦ,
3284 3332 3489 3404 κόσμον
3524 3331 3763 3403 μισῆσαι

2171 3428 2266 3481 κα)⁸
2310 3427 2494 3498 σῶμα,
2539 3425 2620 3481 ἔτι
2669 3426 2726 3481 δὲ
2775 3429 2870 3481 καὶ
2898 3425 3019 3498 τὴν
3045 3426 3240 3481 ἑαυτοῦ
3267 3424 3445 3499 ψυχὴν
3492 3423 3766 3496 ἀριδηλως

2170 3519 2309 3593 πρὸς
2359 3519 2429 3574 τὰ
2461 3518 2720 3591 ὑπερφυῆ
2786 3520 3131 3591 μεταθεῖναι;
3181 3516 3321 3573 ἀλλὰ
3370 3516 3638 3589 πρόδηλον
3678 3518 3763 3573 ὅτι

2169 3612 2324 3667 οὐδὲν
2353 3612 2595 3667 τοιοῦτον
2635 3615 2703 3683 τῇ
2753 3611 3101 3683 βαρὸαρώδει
3148 3610 3325 3686 ταύτῃ
3370 3609 3763 3682 ἐμπεριέχεται

2169 3707 2361 3778 γραφῇ
2382 3719 2400 3736 ο
2426 3703 2547 3759 ἀλλ’
2575 3703 2698 3758 οὐδὲ
2724 3703 2912 3769 ἁπλῶς
2935 3720 2988 3757 τι
3021 3703 3226 3774 ὑψηλὸν
3240 3703 3352 3758 ικαὶ
3374 3702 3529 3768 άξιον
3554 3703 3718 3772 λόγου
3738 3717 3759 3734 ·

2170 3797 2482 3852 τούναντίον
2505 3796 2604 3869 μὲν
2632 3797 2726 3851 οὖν
2762 3797 2856 3851 καὶ
2894 3797 3200 3870 κτηνωδίας
3220 3798 3405 3869 πάσης
3433 3797 3530 3851 καὶ
3569 3796 3764 3861 άθεῒας

2171 3887 2477 3960 ἀνάμεστος
2505 3887 2600 3958 ὅλη
2624 3887 2884 3960 τυγχάνει.
2905 3905 2919 3918 ·
2954 3887 3025 3942 τά
3059 3886 3150 3941 tu
3178 3887 3241 3941 δὲ
3268 3887 3631 3942 διδάσκουσαν
3657 3886 3760 3943 αὖ-

2171 3978 2256 4044 θις
2288 3979 2492 4047 φάναι·
2523 3979 2635 4033 Καὶ
2661 3977 2745 4043 τίς
2779 3978 2939 4050 χρεία
2970 3980 3063 4032 καὶ
3095 3978 3263 4049 νόμον
3295 3977 3390 4033 καὶ
3427 3977 3764 4049 Εὑαγγέλιον

2171 4072 2430 4144 άνιστᾷν;
2460 4071 2551 4126 τὸν
2577 4070 2679 4143 μὲν
2718 4071 2916 4136 ἐνδεῶς
2968 4071 3163 4142 ἔχοντα
3185 4110 3201 4138 ,
3230 4070 3323 4125 τὸν
3360 4070 3528 4142 νόμον
3552 4069 3760 4139 λέγων·

2171 4164 2234 4218 τὸ
2266 4163 2326 4218 δὲ
2357 4163 2741 4230 τελειωτικῶς,
2773 4162 2835 4217 τὸ
2884 4163 3218 4233 Εὑαγγέλιόν
3250 4175 3393 4234 φημι
3418 4178 3434 4196 ο
3484 4163 3563 4227 ὡς
3588 4164 3760 4234 ἀστη-

2176 4254 2393 4326 ρίκτους
2424 4253 2520 4308 καὶ
2551 4254 2679 4318 τοὺς
2725 4252 2797 4308 τά
2828 4254 3069 4325 ἑκάτερα
3102 4252 3455 4319 δουλεύοντας
3484 4254 3721 4326 καθιστᾷ
3743 4266 3761 4285 ο

2176 4347 2299 4419 μηδ’
2333 4347 2629 4419 ὁποτέρους
2658 4345 2880 4418 ἔχοντας
2927 4345 3023 4400 ἐπὶ
3054 4345 3330 4417 σωτηρίαν
3357 4346 3583 4417 θαρρεῖν
3606 4362 3620 4377 ο
3653 4346 3766 4400 τῶν

2176 4439 2274 4508 μὲν
2306 4439 2369 4492 τὸ
2398 4439 2587 4503 ἀτελὲς
2608 4437 2972 4510 αίτιωμέσων,
2992 4436 3100 4491 τῶν
3122 4438 3178 4492 δὲ
3208 4438 3268 4493 τὸ
3293 4437 3497 4509 ὑψηλὸν
3517 4437 3593 4505 ὡς
3621 4438 3770 4509 ὑπὲρ

481 4542 692 4589 naturae
717 4534 971 4591 humana:
1000 4536 1367 4608 superiorem,
1390 4553 1421 4593 a
1454 4553 1514 4593 se
1550 4538 1930 4607 deprecantes.
1958 4534 2063 4590 Sed

2171 4529 2456 4602 ἄνθρωπον
2483 4530 2936 4603 παραιτουμένων
2960 4547 2974 4561 ·
3003 4530 3120 4585 ἀλλ’
3148 4531 3431 4603 οὐδετέρου
3463 4534 3596 4605 παρ’
3622 4533 3762 4605 αὐτῇ

479 4623 728 4679 neutrius
775 4625 1077 4719 secundum
1125 4627 1272 4683 idem
1331 4642 1625 4699 exaequare
1681 4625 2072 4697 perfectionem

480 4715 695 4772 videtur
725 4734 739 4771 :
773 4715 941 4773 restat
991 4733 1143 4791 ergo,
1176 4727 1237 4773 ut
1271 4718 1607 4774 Moharnelis
1644 4719 1921 4788 scriptura
1958 4732 2062 4773 ceu

482 4806 693 4867 minora
724 4809 929 4866 docens
965 4809 1093 4866 data
1116 4812 1299 4867 fuerit.
1335 4812 1441 4867 Sed
1470 4811 1518 4867 si
1555 4811 1626 4865 ob
1674 4810 1819 4866 hanc
1848 4825 2071 4867 causam

481 4897 606 4955 data
629 4900 753 4967 fuit,
780 4900 935 4958 valde
958 4905 1063 4959 hoc
1082 4902 1154 4961 sit
1175 4903 1491 4971 ridiculum,
1516 4903 1844 4960 sublimibus
1864 4902 2074 4959 scilicet

481 4988 787 5062 mediisque
810 4989 1110 5061 derelictis,
1137 4993 1304 5049 vitam
1335 4994 1488 5050 humi
1521 5003 1800 5066 repentem
1825 5007 1879 5051 et
1892 4994 2073 5051 belui-

482 5093 628 5141 nam,
644 5095 765 5150 quae
784 5078 920 5134 nihil
945 5082 1155 5138 celsum
1177 5091 1411 5153 spectat,
1438 5085 1661 5139 sectari.
1678 5082 1884 5139 Praeter
1902 5099 2069 5154 quam

481 5169 625 5239 quod
659 5187 875 5229 summa
902 5174 992 5231 hic
1018 5176 1343 5229 naturaliter
1372 5176 1730 5247 repugnantia
1772 5186 1890 5244 est;
1916 5185 1971 5231 et
2006 5192 2070 5231 ea

482 5275 603 5328 quae
632 5261 859 5333 meliore
889 5272 1042 5321 sorte
1071 5273 1223 5328 sunt,
1249 5263 1621 5323 deterioribus
1655 5266 2021 5323 adversantur
2051 5272 2071 5321 :‘

481 5352 628 5420 quod
674 5370 809 5410 sane
843 5357 909 5412 de
960 5357 1064 5411 hoc
1109 5357 1249 5413 libro
1286 5372 1476 5414 verum
1521 5358 1704 5416 evadit
1734 5376 1751 5415 :
1785 5361 1988 5419 etenim
2025 5360 2071 5415 is

482 5447 795 5505 contrarius
835 5447 997 5520 plane
1036 5448 1091 5503 in
1123 5451 1386 5506 omnibus
1416 5449 1710 5523 Evangelio
1736 5452 1936 5509 Christi
1965 5461 2069 5509 est.

483 5534 540 5589 Si
572 5555 702 5609 ergo
730 5540 1084 5612 Evangelium
1105 5546 1280 5613 legem
1311 5544 1565 5615 perfecit;
1600 5545 1863 5618 perfectio
1884 5556 2068 5600 autem

484 5644 597 5685 rem
650 5633 825 5703 magis
881 5634 1198 5706 conﬁrmat;
1258 5636 1546 5694 barbarica
1615 5652 1745 5695 vero
1789 5638 2063 5711 scriptura

557 5804 666 5872 (all)
691 5806 815 5861 Sut'.
852 5808 913 5870 ll.
944 5812 1034 5868 8'7.

2175 4622 2297 4677 καθ’
2327 4623 2460 4678 αὐτὸ
2476 4624 2733 4696 ἀκριϐείᾳ
2763 4624 3074 4694 θεωρεῖται·
3104 4623 3354 4679 λείπεται
3373 4624 3484 4697 ἄρα
3504 4626 3582 4680 ἐὶ
3609 4626 3770 4682 ἐλάτ-

2172 4730 2252 4768 τω
2277 4713 2481 4785 ταύτην
2509 4715 2825 4780 διδάξουσαν
2845 4714 3125 4769 δεδόσθαιο
3159 4714 3275 4771 ἀλλ’
3297 4718 3347 4771 εί
3380 4716 3573 4772 τούτου
3601 4717 3767 4787 χάριν

2174 4804 2353 4877 ἐδόθη,
2387 4805 2556 4871 πολὺς
2583 4808 2612 4861 ό
2632 4806 2829 4876 γέλως,
2865 4805 2939 4861 τά
2985 4807 3168 4881 ὑψηλὰ
3221 4809 3317 4865 καὶ
3349 4809 3494 4882 μέσα
3535 4810 3762 4865 καταλι-

2175 4898 2398 4966 πόντας,
2426 4898 2496 4952 τά
2521 4897 2696 4971 πάντη
2726 4900 3014 4972 χαμερπῆ,
3049 4900 3147 4956 καὶ
3170 4901 3278 4955 τῶν
3307 4902 3627 4971 άλόςγωνείς
3654 4919 3762 4973 μη-

2171 4987 2263 5043 δὲν
2297 4987 2724 5062 ὑπερϐεϐηκότα
2777 4988 3168 5061 μεταδιώκειν·
3226 4991 3323 5046 καὶ
3351 4989 3529 5057 ἄλλως
3561 4990 3619 5047 δὲ
3667 4989 3771 5063 τὴν

2173 5082 2351 5153 ἄκραν
2382 5081 2628 5151 φυσικῶς
2657 5081 3016 5153 ἐναντιότητα
3046 5082 3184 5154 πρὸς
3212 5084 3282 5138 τά
3311 5081 3487 5155 μείζω
3505 5082 3768 5155 εἰληχότα

2173 5174 2243 5227 τὰ
2265 5172 2525 5244 ἐλάχιστα
2575 5173 2811 5244 πολέμια
2861 5174 3046 5240 αὐτοῖς
3080 5174 3431 5248 καθειστήκει
3459 5190 3474 5206 ·
3505 5165 3644 5247 ὃδὴ
3676 5174 3773 5229 καὶ

2172 5263 2374 5335 ἀληθές
2399 5266 2550 5319 ἐστιν
2577 5265 2671 5318 ἐπὶ
2696 5268 2764 5338 τῇ
2803 5269 2988 5339 γραφῇ
3036 5266 3211 5339 ταύτῃ
3239 5282 3253 5297 °
3289 5260 3771 5338 ἀντιτεταγμένας

2173 5358 2283 5428 γὰρ
2331 5357 2389 5411 ἑν
2418 5357 2555 5411 πᾶσι
2589 5354 2669 5428 τῷ
2713 5358 3037 5433 Εὑαγγελίῳ
3089 5357 3459 5431 τοῦΧριστοῦ
3516 5356 3770 5412 διατέτα-

2172 5468 2322 5506 κται.
2356 5450 2419 5505 Εί
2446 5450 2542 5506 οὗν
2564 5451 2893 5523 Εὑαγγέλιον
2925 5454 3122 5507 τελειοί
3146 5453 3238 5506 τὸν
3268 5452 3454 5523 νόμον,
3510 5452 3770 5523 συνιστᾷν

2171 5544 2230 5599 δὲ
2263 5544 2464 5618 μᾶλλον
2485 5545 2545 5599 τὺ
2567 5545 2812 5600 τελειοῦν
2833 5547 2971 5609 ἐστι,
3000 5546 3406 5617 καταστρέφειν
3434 5545 3493 5598 δὲ
3514 5545 3577 5597 τὸ
3594 5544 3774 5606 Εὐαν-

2172 5637 2355 5709 γέλιον
2399 5639 2434 5710 ἡ
2471 5637 2748 5712 βάρϐαρος
2804 5638 3064 5712 πειρᾶται
3110 5639 3318 5710 γραφὴ,
3364 5635 3773 5710 καταστρέφειν
