4048 6410
506 322 615 389 ’119

1778 317 2078 383 ΝΙΟΕΤΕ
2112 317 2528 382 ΒΥΖΑΝΤΙΝΙ

3696 320 3813 387 720

510 429 876 504 quorumdam
908 427 1145 501 saltem)
1168 426 1318 500 quod
1341 426 1470 503 ipse
1510 427 1652 486 Deus
1686 428 2011 495 Abraliami,
2046 438 2092 486 el

2206 430 2382 505 ρικῶν
2415 429 2700 502 ὀνομάτων
2737 424 2917 506 (οἴμοι
2947 430 3007 487 δὲ
3036 431 3102 505 δὴ
3133 432 3351 499 πάντως
3395 432 3674 506 δαιμόνων
3711 438 3814 493 καὶ

509 527 653 583 Deus
676 523 868 592 lsaaei,
898 522 1117 578 Novum
1153 521 1565 579 Testamentum
1613 521 1686 578 ob
1712 521 2095 593 complendam

505 622 680 691 legem
705 616 987 682 indixerit,
1022 616 1321 689 qui’etiam
1350 614 1661 672 llobamedi
1698 615 2097 671 Manichaicam

509 714 654 769 lianc
675 708 1147 766 abominationcm
1171 706 1454 763 tradiderit
1483 722 1497 773 ;
1520 721 1641 778 qua:
1662 705 1883 777 quidem
1910 715 2093 763 utrum

512 805 804 863 consonet,
842 811 911 851 an
942 805 1134 852 contra
1166 795 1434 861 dissonet,
1468 793 1633 856 boum
1679 795 2116 852 amentissimus‘

509 906 844 964 cognoscere
873 888 1169 959 impotens,
1194 896 1470 942 sectarum
1495 901 1761 956 personas
1782 886 2095 955 confundit,

509 997 565 1043 et
619 984 855 1040 invicem
905 978 1327 1052 ineongruentia
1372 986 1489 1035 toto
1534 994 1638 1035 suo
1672 978 1926 1036 fabuloso
1977 997 2098 1037 ser-

515 1091 680 1135 nione
713 1074 927 1132 recitat.
947 1071 1301 1129 Obliviseitur
1327 1070 1472 1128 enim
1501 1071 1596 1143 qui
1638 1072 1760 1128 haec
1786 1071 2095 1143 cemponit,

515 1169 771 1240 quisnam
819 1166 893 1222 sit
952 1165 1210 1236 loquens,
1254 1172 1310 1219 et
1352 1163 1606 1234 quisnam
1650 1165 1906 1229 audiens,
1949 1174 1996 1220 et
2031 1165 2098 1222 de

509 1276 623 1332 quo
675 1267 1002 1331 argumento
1048 1258 1369 1328 loquantur,
1410 1265 1465 1313 et
1503 1266 1692 1312 mutuo
1733 1257 2041 1313 dissideant
2077 1273 2094 1322 ;

512 1354 679 1410 modo
735 1351 904 1407 verba
951 1350 1230 1422 loquentis
1275 1348 1568 1405 conferens
1619 1352 1674 1405 in
1725 1348 2039 1405 audientem
2077 1366 2094 1418 ;

511 1446 673 1502 modo
702 1443 978 1500 audientis
1009 1443 1255 1499 vicissim
1292 1442 1347 1498 in
1374 1442 1713 1515 loquentem,
1738 1451 1795 1498 et
1834 1441 2096 1514 colloquii

503 1536 793 1607 materiem
826 1535 883 1591 iu
925 1544 1219 1606 utramque
1253 1542 1463 1605 partem
1494 1552 1510 1602 ;
1538 1533 1632 1605 qui
1665 1542 1750 1589 est
1783 1531 1981 1588 furiosi
2013 1531 2097 1587 vel

509 1628 799 1684 delirantis
835 1628 1085 1683 morbus.
1143 1625 1432 1697 Templum
1469 1640 1692 1698 quoque
1725 1624 1860 1680 dicit
1906 1625 1976 1679 ab
2017 1624 2100 1680 ls-

508 1721 680 1777 niacle
701 1730 865 1792 atque
890 1720 1206 1776 Abrahamo
1228 1720 1341 1775 Deo
1364 1718 1715 1782 aediﬁcatum,
1747 1716 1895 1788 quod
1916 1725 2098 1772 tamen

2206 524 2388 579 αὐτῶν
2416 524 2586 580 ὅντων
2616 523 2824 596 τινῶν),
2857 524 2936 590 ὡς
2980 526 3145 589 αὐτὸς
3186 527 3272 599 ειη
3305 527 3334 581 ό
3371 526 3505 594 Θεὸς
3550 527 3814 600 Ἀϐραὰμ

2205 613 2302 669 καὶ
2326 612 2513 668 Ἰσαὰκ
2533 653 2549 681 ,
2583 614 2611 668 ό
2637 611 2736 683 τὴν
2766 614 2978 687 Καινὴν
3006 615 3100 682 ἐπὶ
3135 615 3484 689 ἐκπληρώσει
3512 616 3607 672 τοῦ
3636 619 3811 685 νόμου

2206 706 2595 779 ὑπαγορεύσας
2623 747 2639 773 ,
2690 707 2720 761 ό
2773 707 2976 779 καὶτῷ
3021 696 3270 782 Μωᾶμετ
3316 711 3416 784 τὴν
3454 712 3812 785 Μανιχαῖκὴν

2202 799 2411 872 ταύτην
2441 797 2806 869 ἐπαναγαγὼν
2839 799 3169 873 βδελυγμίαν
3190 820 3206 836 ο
3243 803 3382 875 μηδὲ
3435 805 3486 857 εί
3519 805 3813 876 συμφωνεῖ

2202 891 2360 956 ὅλως,
2393 892 2428 966 ἢ
2456 893 2720 962 διαφωνεῖ
2751 892 2889 965 αὐτὴ
2914 894 3051 967 πρὸς
3076 895 3293 960 ὲκείνας
3319 896 3552 952 συνιδεῖν
3576 899 3604 952 ό
3636 897 3811 952 ἀνούο

2206 1001 2402 1050 στατος
2433 985 2684 1056 δυνηθείς
2705 1002 2721 1019 ο
2756 986 2852 1045 καὶ
2889 988 2958 1042 τὰ
3001 991 3274 1060 πρόσωπα
3302 988 3362 1043 δὲ
3396 989 3579 1044 αὐτῶν
3602 1008 3811 1060 συγκε-

2204 1077 2418 1148 χυμένα
2444 1079 2539 1131 καὶ
2572 1077 2889 1149 ἀνάρμοστα
2916 1077 2985 1133 δι’
3036 1078 3159 1132 ὅλου
3207 1078 3302 1135 τοῦ
3356 1079 3588 1151 μυθικοῦ
3635 1080 3809 1136 αὑτοῦ

2214 1164 2376 1236 λόγου
2406 1167 2655 1240 ἀλλήλοις
2680 1167 2905 1240 φέρεται
2925 1185 2940 1201 °
2966 1167 3463 1242 ἐπιλανθανομένου
3485 1170 3678 1243 ὥσπερ
3708 1171 3809 1225 τοῦ

2203 1258 2377 1314 ταῦτα
2423 1259 2883 1326 ἀνατυπὼσαντος
2936 1261 3088 1326 ὅστις
3144 1262 3232 1334 εἴη
3297 1262 3327 1316 δ
3363 1279 3423 1317 τε
3473 1262 3654 1317 λαλῶν
3706 1264 3809 1316 καὶ

2205 1347 2444 1416 ἀκούων,
2486 1351 2581 1404 καὶ
2621 1351 2763 1423 ὑπὲρ
2789 1343 2852 1404 οῦ
2887 1350 3093 1420 ἔλεγον,
3128 1350 3219 1404 καὶ
3255 1349 3553 1420 ἀμοιϐαδὸν
3585 1349 3810 1404 ἀντιτέ-

2206 1443 2434 1510 θεινται,
2466 1443 2547 1515 πῆ
2580 1443 2679 1516 μὲν
2706 1442 2799 1497 τοῦ
2829 1443 3101 1512 λέγοντος,
3131 1445 3211 1507 εἰς
3234 1443 3295 1497 τὸ
3331 1442 3428 1497 ⁴τοῦ
3457 1442 3759 1507 ἀκούοντος
3789 1459 3807 1474 ·

2204 1538 2283 1608 πῆ
2312 1536 2370 1589 δὲ
2405 1534 2502 1590 τοῦ
2543 1535 2837 1599 ἀκούοντος
2863 1536 2942 1599 είς
2969 1534 3033 1589 τὸ
3066 1533 3161 1589 τοῦ
3191 1533 3473 1602 λέγοντος·
3510 1534 3604 1586 καὶ
3657 1532 3807 1603 ὑπὲρ

2204 1623 2266 1684 οῦ
2307 1627 2491 1698 ἔλεγον
2540 1629 2620 1693 είς
2669 1628 2737 1682 τὰ
2780 1628 3069 1700 ἀμφότερα
3094 1644 3108 1659 ·
3147 1627 3286 1699 ὅπερ
3337 1625 3668 1697 μαινομένου
3704 1626 3809 1680 καὶ

2207 1719 2615 1792 παραπαίοντος
2644 1717 2776 1772 ῐδιον
2824 1717 3017 1783 πάθος.
3049 1716 3196 1772 Ναὸν
3225 1716 3282 1771 δὲ
3328 1716 3479 1786 λέγει
3505 1716 3618 1788 (52)
3649 1716 3809 1787 παρά

505 1828 686 1884 neque
729 1827 974 1883 unquam
1016 1810 1248 1876 exstitit,
1295 1824 1475 1881 neque
1517 1824 1549 1863 a
1594 1808 1780 1864 divina
1810 1807 2092 1880 Scriptura

2200 1829 2259 1865 τε
2304 1810 2521 1884 Ἰσραὴλ
2565 1812 2661 1864 καὶ
2722 1810 2974 1882 Ἀϐραὰμ
3019 1809 3099 1882 τῷ
3133 1809 3253 1882 Θεῷ
3278 1808 3801 1881 ἅνοικοδομηθῆναι,

506 1914 868 1963 memoratur.
921 1903 1057 1961 Nam
1091 1903 1139 1960 si
1175 1918 1245 1960 ne
1291 1903 1609 1958 unctionem
1660 1900 1882 1972 quidem
1933 1900 2098 1956 unius

504 1989 703 2068 lapidis
748 1996 1089 2066 citipquue
1117 1993 1239 2050 oleo
1265 1993 1487 2056 linitum
1518 1991 1707 2047 omisit
1734 1991 1895 2046 divus
1923 1991 2098 2046 histo-

503 2089 656 2145 ricus
677 2086 721 2156 ⁸,
751 2088 1031 2160 quomodo
1080 2089 1355 2160 integrum
1385 2085 1651 2158 templum
1702 2083 1922 2141 silentio
1950 2098 2093 2156 prte-

506 2180 745 2239 teriisset
767 2179 791 2235 ?

574 2273 667 2330 57.
709 2270 848 2328 Tum
878 2270 1045 2327 etiam
1084 2270 1363 2335 admonet,
1392 2278 1454 2325 nt
1485 2266 1556 2324 iis
1590 2267 1682 2340 qui
1711 2267 1966 2324 incusant
1999 2282 2092 2324 as-

503 2366 780 2423 seclarum
805 2378 836 2418 a
866 2378 927 2419 se
956 2362 1313 2433 deceptorum
1350 2372 1561 2416 morem
1596 2358 1791 2414 orandi
1824 2371 2094 2413 conversa

504 2458 571 2514 ad
620 2465 872 2513 austrum
933 2454 1096 2520 facie,
1135 2454 1274 2510 nihil
1311 2453 1462 2509 aliud
1511 2452 1681 2508 velint
1736 2450 2090 2522 respondere,

502 2550 614 2607 nisi
656 2550 764 2605 hoc
816 2549 968 2620 ipsos
1006 2547 1203 2602 Tacere
1237 2553 1299 2601 ut
1343 2558 1500 2601 suam
1547 2556 1677 2615 erga
1711 2539 2092 2597 Mobamedem

499 2643 760 2715 pietatem
786 2640 1098 2702 ostendant,
1118 2648 1170 2693 et
1195 2636 1263 2693 ab
1292 2636 1361 2693 iis
1376 2635 1788 2707 distinguantur
1821 2633 1914 2705 qui
1935 2632 2095 2688 aliter

500 2735 734 2791 faciunt.
771 2731 947 2788 Macte
974 2731 1225 2802 equidem
1261 2729 1447 2785 divina
1474 2727 1765 2799 sapientia,
1801 2742 1926 2798 qua:
1966 2725 2090 2783 illos

504 2822 613 2887 bac
667 2826 833 2882 etiam
891 2825 1109 2879 ratione
1148 2820 1461 2892 distinguit,
1510 2834 1783 2892 verasque
1835 2820 2091 2877 tenebras
2133 2846 2136 2850 λ

510 2920 749 2991 adorare
789 2917 1050 2990 coarguit
1081 2917 1095 2971 Ξ
1126 2917 1325 2986 Atque,
1347 2924 1415 2970 ut;
1436 2914 1596 2971 dolus
1621 2914 1745 2986 ejus
1777 2922 1964 2986 aperte
1998 2927 2093 2969 co-

500 3023 824 3086 gnoscatur,
858 3023 924 3066 en
962 3009 1109 3065 idolo
1140 3008 1283 3079 apud
1316 3006 1515 3064 Bacam
1548 3007 1748 3078 posito,
1781 3006 1931 3079 quod
1974 3005 2094 3078 ipse

499 3105 803 3162 oratorium
834 3101 1236 3165 observationis
1266 3099 1525 3172 appellat,
1550 3099 1799 3156 infelices
1823 3099 2092 3155 barbaros

494 3199 653 3269 jubet
673 3197 882 3253 cultum
918 3196 1201 3253 exhibere.
1234 3215 1253 3248 t
1279 3195 1384 3252 Ubi
1412 3196 1583 3263 enim,
1618 3194 1819 3266 inquit,
1856 3193 2093 3259 fueritis,

450 3288 459 3293 ’
501 3293 678 3349 levate
714 3289 883 3346 facies
908 3299 1120 3345 vestras
1147 3305 1276 3360 erga
1299 3296 1528 3360 partem
1571 3286 1800 3343 oratorii
1834 3286 2096 3342 observa-

501 3388 693 3444 tionis.
729 3404 748 3440 ι
786 3385 1015 3458 Duoque
1046 3385 1274 3441 nomina
1317 3385 1555 3442 barbara
1583 3384 1771 3456 Zapba
1817 3393 1872 3439 et
1904 3382 2092 3437 Marus

498 3467 569 3536 de
606 3494 836 3536 numero
862 3477 1267 3535 venerabilium
1296 3477 1413 3533 Dei
1450 3477 1737 3534 nominum
1783 3475 1940 3542 dicit,
1992 3472 2089 3529 Dei

510 3586 745 3643 prorsus
775 3569 863 3627 sui
913 3584 1251 3641 suorumque
1296 3569 1652 3641 deceptorum
1703 3568 2087 3625 asscclarum:

499 3676 640 3733 quos
670 3662 780 3717 illic
810 3660 957 3716 circa
990 3660 1266 3731 impurum
1284 3660 1516 3717 oratorii
1537 3660 1828 3717 aediﬁcium
1861 3659 2093 3714 circum-

498 3754 579 3807 ire
605 3752 784 3824 jubet.
815 3751 966 3809 Sicut
1006 3761 1188 3807 autem
1220 3766 1251 3806 a
1278 3751 1513 3823 quodam
1537 3767 1605 3806 ex
1638 3750 1775 3823 ipsis
1822 3749 1891 3805 ad
1933 3748 2092 3806 Chri-

499 3844 711 3899 stianos
764 3856 1034 3899 converso
1088 3841 1406 3907 didicimus,
1450 3841 1667 3897 idolum
1696 3849 1782 3897 est
1809 3838 2088 3913 quoddam

494 3939 608 3993 illic
654 3937 708 3991 in
739 3935 971 3992 :rdilicio
1007 3936 1189 3991 medio
1236 3944 1505 3992 statutum
1545 3953 1572 3989 -ι
1610 3935 1703 4006 qui
1734 3948 1866 3990 vero
1899 3932 2090 3989 diabo-

494 4029 584 4086 liei
614 4028 960 4087 Moliamedis
983 4029 1141 4102 jussu
1171 4028 1380 4085 faciunt
1407 4028 1635 4086 miseras
1657 4043 1790 4085 suas
1818 4028 2091 4084 inclinan-

497 4130 579 4178 tes
629 4122 898 4189 cervices,
947 4138 1284 4195 manumque
1333 4130 1575 4177 erectam
1605 4122 1672 4178 ad
1719 4121 1928 4177 idolum
1970 4129 2089 4176 ten-

492 4218 709 4283 dentes,
767 4217 941 4273 altera
993 4226 1179 4273 autem
1230 4232 1421 4273 aurem
1472 4216 1753 4288 propriam
1810 4222 2082 4278 tenentes,

492 4311 549 4364 in
607 4324 802 4382 gyrum
869 4307 1063 4364 tandiu
1124 4324 1185 4366 se
1232 4306 1542 4375 revolvunt,
1596 4308 1772 4365 donec
1817 4306 2087 4378 vertigine

493 4400 839 4456 tenebricosa
891 4400 1133 4472 correpti
1182 4411 1469 4458 corruunt.
1504 4399 1624 4459 Hoc
1668 4401 1912 4457 arbitror
1961 4415 2086 4476 esse

2198 1910 2291 1966 τὸν
2313 1909 2436 1965 οὔτε
2469 1909 2762 1980 γενόμενον
2797 1907 3038 1974 πώποτε,
3069 1905 3195 1961 οὔτε
3238 1907 3387 1976 παρὰ
3410 1908 3479 1976 τῇ
3506 1905 3627 1977 θείᾳ
3654 1905 3802 1976 Γρα-

2200 2005 2274 2075 φῇ
2297 2001 2771 2073 μνημονευόμενον
2793 2015 2809 2032 ⁶
2840 2001 2891 2053 εἰ
2917 1999 3025 2071 γὰρ
3074 1998 3304 2069 ἀλοιφὴν
3334 1998 3487 2052 λίθου
3521 1998 3684 2068 μόνου
3715 1997 3803 2062 είς

2200 2094 2405 2167 στήλην
2454 2091 2574 2163 Θεῷ
2633 2090 3004 2163 κεχρισμένην
3058 2089 3122 2144 οὐ
3171 2088 3430 2162 παρεῖδεν
3467 2089 3497 2142 ό
3538 2086 3802 2160 θεόπτης,

2199 2186 2317 2252 πῶς
2344 2185 2473 2242 ναὸν
2502 2185 2623 2240 ὅλον
2653 2181 3076 2256 ἀπεσιώπησενς

2266 2277 2366 2346 λζ’.
2400 2279 2544 2351 Πρὸς
2577 2276 2634 2332 δὲ
2669 2277 2797 2341 τοὺς
2848 2271 3325 2347 καταιτιωμένους
3370 2271 3483 2345 (45)
3527 2271 3658 2335 τοῦς
3701 2270 3802 2324 ὑπ’

2197 2369 2362 2425 αὺτοῦ
2398 2367 2816 2440 πεπλασμένους
2840 2367 3029 2421 ἕνεκεν
3055 2363 3152 2420 τοῦ
3184 2364 3322 2437 πρὸς
3350 2363 3502 2417 νότον
3537 2359 3796 2433 εὔχεσθαι

2197 2462 2619 2535 ἐστραμμένους,
2651 2460 2729 2532 μὴ
2753 2460 2863 2514 δεῖν
2889 2458 3018 2515 ἄλλο
3045 2475 3099 2512 τι
3130 2457 3369 2528 φάναι,ἢ
3404 2455 3611 2516 ἕνεκεν.
3637 2452 3795 2522 φησὶ,

2194 2555 2290 2610 τοῦ
2324 2553 2606 2618 ἀποδεῖξαι
2660 2552 2759 2625 τὴν
2789 2550 2926 2622 πρὸς
2956 2551 3049 2605 τδν
3083 2549 3333 2621 Μωάμετ
3365 2546 3674 2611 εὐλάϐειαν,
3699 2544 3798 2598 καὶ

2195 2645 2290 2702 τοῦ
2349 2644 2728 2718 διακρίνεσθαι
2783 2644 2982 2709 αὐτοὺς
3043 2641 3152 2699 ἀπὸ
3201 2643 3311 2695 τῶν
3373 2639 3449 2712 μὴ
3499 2635 3800 2693 ποιούντων

2194 2740 2366 2796 αὐτόο
2414 2740 2512 2794 καὶ
2545 2738 2607 2793 εῦ
2637 2755 2702 2809 γε
2737 2739 2802 2810 τῇ
2833 2735 2955 2807 θείᾳ
3000 2735 3165 2809 σοφίᾳ
3222 2734 3326 2790 κάν
3371 2732 3549 2804 τούτῳ
3597 2731 3798 2795 αὐτοὺς

2197 2832 2669 2905 ἁποδιαστησάσῃ,
2699 2830 2795 2884 καὶ
2815 2828 2894 2900 τῷ
2928 2827 3101 2894 δντως
3132 2825 3315 2881 σκότει
3341 2821 3796 2897 προσκυνοῦντας

2194 2923 2466 2999 ἐλεγξάσῃ
2486 2940 2500 2954 ·
2535 2923 2624 2977 ἵνα
2661 2921 2718 2976 δὲ
2748 2921 2844 2976 καὶ
2876 2920 2905 2975 ό
2927 2919 3075 2982 δόλος
3106 2915 3272 2973 αὐτοῦ
3296 2913 3598 2986 κατάδηλος
3624 2911 3795 2983 γένη-

2193 3037 2305 3083 ται,
2334 3017 2414 3091 τῷ
2439 3020 2518 3082 εἰς
2547 3016 2702 3069 Βὰκα
2727 3012 2969 3085 κειμένῳ
2999 3010 3225 3083 εἰδώλῳ,
3266 3008 3404 3079 ὅπερ
3433 3006 3597 3070 αὐτὸς
3619 3020 3798 3076 προσ-

2198 3110 2421 3182 κύνημα
2447 3106 2921 3178 παρατηρήματος
2950 3102 3125 3167 καλεῖ,
3156 3102 3285 3165 τοὺς
3319 3097 3537 3162 ἀθλίους
3585 3094 3797 3168 βαρϐα·

2200 3221 2327 3277 ρους
2365 3201 2693 3275 προσκυνεῖν
2749 3194 3187 3267 παρασκευάζει.
3242 3211 3262 3247 ι
3301 3191 3473 3248 Ἔνθα
3504 3189 3615 3262 γὰρ
3644 3190 3794 3254 ἐστὶ,

2198 3293 2335 3366 φησὶ
2361 3291 2499 3363 (ιι),
2528 3286 2812 3361 ὀρθώσατε
2841 3285 2999 3357 ὑμῶν
3024 3285 3093 3339 τὰ
3122 3283 3391 3357 πρόσωπα
3416 3281 3497 3345 είς
3535 3280 3599 3334 τὸ
3628 3278 3798 3350 μέρος

2195 3385 2288 3441 τοῦ
2318 3379 2795 3460 προσκυνητηρίου
2823 3377 2919 3432 τοῦ
2969 3374 3464 3449 παρατηρήματος.
3496 3390 3516 3425 ι
3561 3370 3675 3425 Καὶ
3702 3368 3799 3422 δύο

2193 3478 2250 3532 δὲ
2275 3477 2520 3546 ὀνόματα
2550 3472 2805 3545 βάρϐαρα
2833 3470 2893 3524 τό
2915 3487 2974 3523 τε
2998 3466 3157 3538 Ζαφὰ
3189 3468 3284 3521 καὶ
3316 3461 3551 3534 Magoni
3586 3460 3700 3534 (55)
3729 3461 3797 3515 ὲκ

2162 3558 2165 3563 ’
2193 3568 2303 3624 τῶν
2329 3566 2642 3637 σεϐασμίων
2674 3561 2816 3619 εἶναι
2855 3560 3006 3631 λέγει
3043 3559 3139 3614 τοῦ
3167 3557 3333 3613 Θεοῦ·
3382 3554 3521 3611 Θεοῦ
3575 3554 3797 3617 πάντως

2191 3661 2287 3717 τοῦ
2321 3660 2521 3715 οἰκείου
2549 3658 2643 3713 καὶ
2671 3659 2784 3720 τοῖς
2819 3653 3205 3728 ὴπατημένοις
3241 3652 3298 3706 δὲ
3343 3651 3439 3705 ὐπ’
3469 3647 3636 3705 αὐτοῦ
3686 3663 3797 3702 πα-

2194 3752 2600 3832 ραγενομένοις,
2625 3747 2771 3804 κατά
2793 3747 2852 3802 τὸ
2890 3749 3075 3801 ἐκεῖσε
3126 3742 3551 3815 μεμολυμμένον
3580 3739 3790 3809 οἴκημα

2191 3846 2286 3901 τοῦ
2313 3843 2750 3919 προσευκτηρίου
2784 3835 3189 3915 περιγυρεῦσαι
3233 3838 3314 3902 είς
3339 3835 3472 3891 αὐτὸ
3514 3835 3793 3906 προστάσ-

2194 3953 2311 3993 σειο
2345 3935 2506 4003 ὡςδὲ
2538 3935 2690 4006 παρά
2742 3948 2890 3996 τινος
2945 3930 3007 3996 ἐξ
3055 3927 3238 3983 αὐτῶν
3292 3927 3373 3991 είς
3427 3924 3792 3997 Χριστιανοὺς

2189 4031 2456 4087 ἐλθόντων
2483 4027 2785 4102 ἐμάθομεν,
2823 4024 3046 4080 εἴδωλόν
3078 4038 3132 4078 τι
3184 4020 3389 4076 λίθινον
3418 4014 3657 4090 κάθηται
3695 4017 3794 4087 δῆ-

2190 4124 2282 4180 θεν
2310 4124 2476 4198 μέσον
2500 4122 2594 4178 τοῦ
2625 4120 2777 4176 οἴκου
2802 4137 2819 4152 ο
2847 4117 2943 4174 καὶ
2972 4117 3023 4172 oi
3065 4116 3166 4188 τὴν
3197 4112 3498 4187 πρόσταξιν
3541 4110 3639 4166 τοῦ
3664 4110 3789 4165 δαι-

2193 4200 2485 4293 μονιώδους
2548 4214 2742 4271 τούτου
2816 4209 3154 4286 πληροῦντες
3177 4249 3194 4278 ,
3275 4205 3595 4269 κεκλικότες
3658 4200 3792 4267 τοὺς

2188 4312 2409 4378 ἀθλίους
2438 4309 2620 4366 αὐτῶν
2650 4307 2906 4380 αὐχένας,
2961 4304 3059 4360 καὶ
3086 4303 3186 4374 τὴν
3222 4303 3382 4373 χεῖρα
3419 4297 3603 4370 ὄρθιον
3647 4296 3793 4365 πρὶς

2188 4405 2322 4460 αῦτδ
2352 4403 2732 4469 ὲκτετακότες,
2788 4401 2855 4472 τῇ
2919 4415 2981 4452 τε
3024 4397 3191 4468 ἑτέρᾳ
3228 4394 3291 4449 τὸ
3317 4393 3412 4459 οὓς
3438 4389 3617 4446 αὐτῶν
3647 4405 3791 4443 κατ-

493 4492 721 4560 idolum,
754 4502 813 4548 ut
853 4492 958 4566 ipsi
1006 4493 1349 4564 fatebuntur,
1394 4495 1646 4554 Veneris.
1675 4495 1756 4552 Re
1787 4510 1923 4552 sane
1952 4510 2085 4551 vera

2200 4494 2438 4567 ἔχοντες,
2470 4488 2817 4563 κυκλοτερῶς
2831 4486 3119 4554 είλοῦνται,
3156 4484 3356 4572 μέχρις
3384 4482 3451 4538 ἂν
3481 4478 3792 4572 σκοτοδινςᾳ

491 4581 610 4637 haec
642 4582 845 4638 librum
870 4584 1022 4640 illum
1066 4586 1157 4643 Dei
1202 4587 1408 4644 donum
1451 4603 1575 4646 esse
1615 4602 1683 4644 ac
1711 4586 1780 4643 de
1824 4585 1963 4643 coelo
1987 4584 2087 4643 de-

491 4674 722 4731 missum
756 4678 1070 4735 ostendunt.

562 4934 655 4990 38.
699 4931 882 4992 Unum
937 4951 1106 5008 porro
1155 4953 1224 4994 ex
1280 4940 1541 4998 omnibus
1592 4942 1928 5004 animalibus
1981 4962 2081 5005 esu

490 5028 777 5085 submovet
801 5043 1054 5100 porcum,
1087 5046 1197 5086 non
1219 5048 1433 5101 canem,
1458 5045 1552 5091 aut
1585 5037 1909 5107 lupum,ant
1931 5041 2081 5098 aliud

489 5120 791 5192 quodlibet,
848 5124 946 5178 sed
999 5122 1262 5180 omnibus
1314 5125 1464 5181 vesci
1517 5128 1768 5187 hortatur
1818 5133 2078 5205 deceptos

564 5260 584 5292 ⁸
615 5257 751 5318 Gen.
786 5276 982 5330 xxvnt,
1007 5260 1092 5318 l8.
1158 5300 1163 5307 .

561 5372 920 5446 uasat-.11.
955 5373 1079 5446 428-

582 5442 670 5516 45)
700 5442 832 5516 ξαν·
860 5442 927 5516 ll,
957 5444 1065 5516 4,4?!
1092 5458 1211 5516 80‘1-

560 5451 675 5587 (ες
700 5451 832 5570 es:
860 5451 927 5570 ιθ

558 5585 672 5658 (45)
703 5585 938 5658 {Semina
968 5587 1203 5658 duorum
1235 5585 1505 5645 montium
1540 5589 1657 5645 haec
1680 5595 1832 5654 sunt,
1867 5596 1930 5645 ut
1949 5603 2080 5645 cen-

484 5655 580 5712 set'
605 5655 671 5711 ad
711 5655 841 5712 Sur.
886 5655 949 5722 ll,
980 5656 1105 5722 ltiti,
1141 5655 1467 5725 Maraeeius,
1509 5675 1613 5716 nec
1655 5673 1765 5715 non
1801 5659 2080 5717 Relandus

484 5740 577 5792 op.
611 5727 708 5804 cit.
734 5741 788 5804 p_.
822 5727 917 5783 (ει
942 5728 1136 5785 etltiti.
1172 5726 1348 5786 Graeci
1375 5743 1664 5804 perperam
1693 5729 2081 5788 intellexerunt

486 5797 711 5864 angelos
739 5798 901 5854 duos.

2192 4565 2495 4659 ληφθέντες
2543 4582 2904 4639 καταπέσωσι
2941 4578 3051 4652 (46)
3073 4593 3089 4610 ⁸
3127 4576 3287 4632 τοῦτο
3315 4570 3472 4646 οἶμαι
3500 4572 3678 4626 ἐκεῖνο
3705 4565 3791 4624 εί-

2193 4696 2282 4734 ναι
2312 4680 2372 4733 τὸ
2397 4677 2617 4733 εἴδωλον
2635 4714 2651 4739 .
2678 4674 2755 4738 ὡς
2789 4672 2944 4728 αὐτοὶ
2969 4674 3149 4743 φαῖεν,
3179 4668 3284 4741 τῆς
3312 4661 3784 4739 ἈφροδίτηςμῚ).

2194 4769 2430 4843 Ἀριστά
2454 4786 2519 4838 γε
2551 4764 2886 4838 θεοδώρητος
2938 4765 3034 4819 καὶ
3062 4763 3121 4831 ἐξ
3165 4757 3401 4835 οὐρανοῦ
3449 4756 3708 4829 δεδομένη
3742 4755 3775 4825 ἠ

2192 4863 2375 4938 βίϐλος
2403 4859 2542 4932 αὕτη
2574 4860 2638 4912 ὲκ
2660 4857 2866 4911 τούτων
2885 4854 3217 4913 δείκνυνται.

2261 4955 2364 5026 λη’.
2399 4953 2499 5007 Ἕν
2535 4950 2594 5006 δὲ
2619 4949 2839 5005 πάντων
2867 4947 2979 5004 τῶν
3024 4945 3180 5013 ζώων
3219 4944 3324 5016 τῆς
3357 4944 3618 5017 βρώσεως
3644 4940 3785 4995 ἀπο.

2184 5047 2469 5118 πέμπεται
2501 5042 2663 5115 μόνον
2704 5040 2798 5095 τὸν
2828 5042 3009 5113 χοῖρον
3041 5038 3178 5113 (48),
3212 5038 3340 5094 οὔτε
3376 5038 3434 5092 δὲ
3466 5035 3632 5099 κύνα,
3654 5031 3785 5086 οὗτε

2183 5136 2372 5205 λύκον,
2410 5132 2536 5188 οὔτε
2585 5131 2736 5200 ἄλλο,
2770 5129 2912 5187 ἀλλὰ
2956 5130 3179 5187 πάντων
3231 5128 3488 5202 μετέχειν
3542 5123 3788 5198 προτριο

2255 5379 2370 5452 (ιο)
2400 5377 2697 5452 Notissima
2717 5392 2810 5437 est
2831 5379 2950 5437 bac
2982 5378 3519 5452 superstitiosorum,
3546 5395 3790 5452 praeser-

2188 5449 2284 5506 tint
2316 5449 2447 5522 vero
2482 5449 2878 5522 Dervzisiorntn,
2913 5449 3068 5522 apud
3092 5449 3523 5522 Hobamedanos
3551 5449 3784 5506 chorea.

2258 5521 2374 5592 (47)
2420 5520 2656 5577 Adorari
2699 5536 2740 5592 ιι
2775 5516 3196 5578 Μοιιοίιιεάιιιιίε
3242 5518 3511 5592 Venerem
3554 5523 3787 5592 copiose

2184 5590 2453 5662 doctarue
2499 5600 2661 5662 negat
2709 5590 2989 5648 Relandus
3033 5606 3123 5662 op.
3163 5595 3259 5648 eit.
3309 5591 3404 5646 lib.
3453 5606 3516 5660 ιι,
3553 5590 3676 5662 cap.
3727 5592 3783 5659 5,

2184 5661 2409 5719 Graecus
2443 5661 2751 5735 coarguens
2771 5663 2868 5736 qui
2895 5662 3038 5721 banc
3054 5661 3163 5722 illis
3189 5662 3557 5723 idololatrian:
3596 5661 3784 5737 impu-

2186 5742 2391 5790 tarnnt.
2707 5749 2725 5763 ‘
3706 5778 3717 5789 ,

2259 5803 2370 5875 (48)
2393 5800 2524 5861 Sur.
2554 5802 2624 5871 ll,
2663 5803 2784 5860 175.
