4048 6424
331 397 448 465 729

1509 414 1959 480 REFUTATIO
1976 417 2453 493 MOHAMEDIS.

3518 438 3639 507 Z30

324 518 399 573 τὸ
421 515 620 588 Μάκεχ
650 514 788 589 (70),
822 517 919 574 καί
941 518 1026 575 ὅτι
1056 519 1168 576 είσὶ
1203 523 1404 596 σημεῖα
1437 524 1497 581 ἐν
1536 528 1687 601 αὐτῷ
1715 531 1922 604 φανερὰ

2029 537 2198 607 cech;
2231 538 2419 612 ibique
2464 541 2627 614 signa
2682 540 2970 604 manifesta
3026 565 3162 609 esse
3216 552 3271 609 in
3326 552 3632 613 Abrahami

330 611 393 664 ὲν
421 608 505 682 τῷ
534 608 764 681 στόματι
800 608 901 684 [ita
929 612 1075 686 cod.]
1114 614 1366 687 Ἀϐραάμ
1388 632 1402 648 ·
1433 618 1587 677 οὐδὲν
1625 621 1682 675 δὲ
1726 623 1934 680 τούτων

332 699 568 772 εὓρηται
618 700 784 773 μέχρι
825 701 988 775 δεῦρο
1015 702 1092 769 ὠς
1119 706 1170 759 oi
1217 707 1606 781 βαπτιζόμενοι
1651 713 1710 780 ἐξ
1751 715 1932 770 αὐτῶν

334 791 731 861 ὁμολογοῦσιν·
775 795 968 867 ἠπάτα
1016 798 1074 852 δὲ
1111 802 1235 863 ταῖς
1274 801 1536 871 ματαίαις
1578 804 1745 860 αὑτοῦ
1771 824 1930 863 κενο-

338 886 568 955 φωνίαις
608 886 638 940 ὁ
686 886 846 952 ἄθεος
893 890 1023 955 τοὺς
1075 890 1386 964 βαρϐάρους
1411 910 1426 926 ο
1461 895 1632 961 ὄντως
1679 898 1929 972 ὲφώνησε

332 975 548 1048 πέρδιξ,
587 978 899 1050 συνήγαγεν
922 980 1006 1035 ὠά
1034 981 1071 1035 ἂ
1101 983 1202 1045 οὐκ
1234 984 1421 1040 ἔτεκεν
1444 1000 1460 1014 ο
1494 981 1614 1042 εἶτα
1659 989 1799 1062 μετὰ
1830 1008 1931 1061 μα·

333 1068 477 1138 κράς
510 1069 781 1143 φλυαρίας
820 1073 951 1146 περὶ
975 1075 1171 1129 ἑαυτοῦ
1195 1076 1273 1141 ὡς
1306 1079 1371 1132 ὲκ
1411 1080 1710 1152 προσώπου
1741 1082 1838 1137 τοῦ
1870 1085 1928 1137 ἐν

330 1158 487 1231 αὐτῷ
537 1162 946 1234 ἐμπνεύσαντος
986 1167 1183 1239 ἀγρίου
1235 1170 1512 1243 δαίμονος,
1568 1173 1694 1228 τάδε
1748 1174 1883 1245 φησί
1907 1191 1923 1207 ⁸

339 1271 365 1308 σ
412 1251 473 1308 '0
499 1253 558 1308 δὲ
588 1256 835 1327 Μωάμετ
877 1257 979 1312 οὐκ
1009 1257 1158 1314 ἔστιν
1184 1261 1234 1315 εί
1268 1264 1343 1335 μὴ
1391 1265 1855 1341 ἀπόστολοςῌί).
1899 1288 1921 1324 ι

344 1343 436 1410 Ὠς
456 1344 601 1403 ἔοικε
618 1347 728 1421 γὰρ
757 1348 845 1403 διὰ.
869 1349 970 1415 τὰς
994 1353 1198 1425 μυρίας
1221 1354 1590 1429 ψευδηγορίας
1617 1360 1925 1432 πεφύϐηται

333 1438 414 1509 μή
439 1455 528 1504 τις
557 1440 784 1511 μείζονα
810 1441 971 1509 δόξαν
1008 1446 1139 1516 περὶ
1169 1447 1337 1502 αὑτοῦ
1365 1449 1647 1517 ὑπολάϐοι,
1677 1453 1773 1506 καὶ
1805 1455 1924 1525 ἦτοι

326 1530 677 1601 ἁρχάγγσλον
733 1532 767 1605 ἢ
824 1534 1058 1605 ἄγγελον
1118 1539 1280 1594 αὑτὸν
1340 1541 1713 1597 ὑποτοπάσαιο
1769 1544 1799 1598 ὁ
1866 1546 1924 1601 δὲ

324 1623 583 1694 Munitis“:
624 1625 726 1680 οὐκ
778 1625 927 1682 ἔστιν
954 1631 1005 1683 εἰ
1054 1630 1130 1704 μὴ
1176 1633 1507 1701 ἀπόστολος·
1555 1636 1837 1707 παρῆλθον
1864 1637 1923 1692 δὲ

325 1716 425 1769 καὶ
454 1716 558 1787 πρὸ
589 1717 760 1772 αὐτοῦ
788 1720 1098 1777 ἀπόστολοι.
1136 1743 1155 1776 ι
1207 1725 1333 1779 Ἐὰν
1359 1728 1629 1806 ἀποθάνῃ.
1662 1731 1697 1799 ἡ
1736 1732 1921 1803 σφαγὴ

323 1808 737 1881 ἀποστρέφεται
770 1813 851 1877 είς
878 1813 947 1868 τὰ
974 1812 1152 1871 ὀπίσω
1181 1815 1294 1888 (72)
1322 1834 1337 1848 ’
1377 1838 1396 1872 ι
1436 1820 1751 1892 θαυμαστὸς
1770 1825 1798 1878 ὁ
1827 1824 1921 1878 τοῦ

2034 646 2153 688 ore.
2190 630 2339 689 Nihil
2375 649 2503 690 vero
2536 636 2855 707 hujusmodi
2884 639 3164 699 invenitur
3183 662 3360 719 usque
3384 649 3451 704 ad
3487 649 3635 707 hune

2032 724 2205 791 diem,
2240 735 2300 781 ut
2358 727 2454 798 qui
2503 728 2854 800 haptizantur
2902 748 2971 788 ex
3015 741 3226 806 eorum;
3258 755 3510 807 numero,
3549 742 3636 797 fa-

2032 826 2241 875 tentur.
2283 819 2603 892 Deripiebat
2639 833 2824 880 autem
2878 827 3049 882 stulto
3082 844 3185 884 suo
3226 846 3489 887 vauarnm
3544 835 3631 890 lo-
3670 830 3673 833 ’

2032 911 2316 966 cutionunt
2351 927 2551 981 genere
2584 914 2782 971 albens
2814 916 2981 971 homo
3014 920 3299 977 barbaros.
3336 923 3475 979 Vere
3521 930 3635 980 cla-

2033 1002 2203 1057 mavit
2250 1003 2466 1073 perdix,
2507 1011 2864 1078 congregavit
2911 1026 3013 1064 ora
3064 1027 3186 1081 qua:
3236 1029 3343 1069 non
3397 1018 3631 1086 peperit.

2032 1091 2241 1150 Deinde
2270 1105 2397 1167 post
2445 1097 2641 1168 longas
2671 1100 2879 1156 nmnias
2911 1101 2980 1157 de
3006 1118 3066 1158 se
3092 1104 3233 1173 ipso,
3262 1113 3522 1176 tanquam
3551 1124 3622 1163 ex

2031 1200 2270 1257 persona
2322 1188 2588 1258 spirantis
2644 1189 2698 1245 in
2743 1206 2810 1247 eo
2856 1193 2983 1248 saevi
3015 1192 3306 1262 daemonis,
3360 1197 3477 1253 bare
3515 1200 3630 1256 ait:

2033 1295 2053 1330 ι
2093 1275 2444 1335 Mobamedes
2490 1295 2626 1335 vero
2659 1295 2769 1335 non
2804 1292 2889 1338 est
2935 1283 3040 1340 nisi
3076 1283 3309 1354 legatus.
3350 1305 3369 1340 ι
3402 1286 3638 1345 Videtur

2025 1365 2173 1419 enim
2228 1376 2450 1437 propter
2487 1369 2807 1426 innumeras
2838 1386 2969 1428 suas
3022 1372 3190 1430 falsas
3241 1376 3519 1434 dictiones
3558 1382 3632 1436 ti-

2026 1474 2200 1527 mere,
2233 1475 2303 1515 ne
2331 1460 2458 1532 quis
2490 1462 2756 1532 majorem
2790 1465 2857 1519 de
2886 1479 2955 1521 eo
2986 1466 3307 1537 opinionem
3338 1471 3641 1543 suscipiat,

2026 1562 2082 1608 et
2124 1555 2209 1610 vel
2251 1556 2639 1627 archangelum
2689 1558 2777 1614 vel
2819 1557 3077 1630 angeium
3124 1577 3249 1619 esse
3292 1564 3626 1633 suspicetur.

2024 1643 2374 1703 Mohamedes
2428 1650 2613 1718 itaque
2647 1663 2756 1703 non
2806 1659 2892 1704 est
2937 1651 3042 1706 nisi
3087 1651 3320 1722 legatus.
3374 1654 3627 1712 Attamen

2023 1738 2394 1809 praeterieram
2420 1739 2588 1794 etiam
2630 1750 2756 1795 ante
2792 1742 2974 1811 ipsum
3020 1743 3204 1815 legati.
3249 1764 3268 1798 ι
3308 1746 3368 1802 Si
3409 1749 3621 1803 morie-

2025 1832 2136 1892 tur,
2187 1831 2366 1887 caedes
2411 1839 2561 1886 retro
2609 1834 2967 1890 convertitur.
3008 1855 3027 1888 ι
3064 1836 3237 1892 Mirus
3286 1849 3371 1894 est
3405 1832 3626 1896 barbari

323 1902 607 1975 βαρϐάρου
655 1903 799 1974 θεὸς,
847 1908 923 1980 μὴ
971 1909 1129 1975 εἰδὼς
1167 1912 1397 1979 ἐντελῶς
1435 1915 1497 1969 τὸ
1551 1916 1922 1990 ἐκϐησόμενον

2029 1920 2195 1986 Deus,
2242 1921 2335 1994 qui
2378 1936 2485 1975 non
2535 1922 2673 1978 satis
2723 1924 2900 1980 cernit
2951 1927 3084 1996 quid
3134 1927 3206 1982 sit
3250 1930 3496 1999 apostolo
3524 1947 3632 1986 suo

321 1994 463 2065 περὶ
490 1994 583 2051 τὸν
630 1997 798 2051 αὐτοῦ
848 2000 1186 2056 ἀπόστολον·
1220 2005 1360 2075 ἀλλ’,
1411 2025 1431 2058 ι
1481 2006 1609 2063 Ἐὰν
1651 2010 1920 2085 ἀποθάνῃ,

319 2085 363 2154 ἠ
399 2085 582 2159 σφαγὴ
604 2129 616 2150 .
641 2090 831 2159 φησὶν,
854 2093 1262 2167 ἀποστρέφεται
1292 2099 1374 2162 είς
1397 2100 1467 2154 τά
1505 2099 1712 2156 ὀπίσωο
1747 2121 1766 2156 ι
1802 2099 1923 2158 εἶτα

316 2178 574 2251 ἀκριϐῶς
591 2198 790 2254 φησιν’
828 2203 845 2236 ι
869 2186 932 2240 (li
968 2186 1237 2261 βάρϐαροι
1269 2190 1369 2263 τὴν
1401 2192 1622 2266 ἐντολὴν
1650 2195 1744 2249 τοῦ
1785 2195 1922 2250 Θεοῦ

318 2270 509 2326 αὐτῶν
540 2271 898 2342 φυλάξαντες,
922 2277 1268 2351 ὑπέστρεψαν
1304 2283 1385 2345 είς
1418 2282 1488 2337 τά
1516 2283 1722 2338 ὀπίσω·
1753 2305 1771 2338 ι
1806 2286 1922 2341 ἀλλ’

320 2363 441 2417 εδει
474 2364 536 2417 ἔκ
569 2362 777 2420 τούτων
817 2369 1050 2423 συνιδεῖν
1093 2371 1193 2442 τὴν
1242 2376 1691 2447 περιενεχθεῐσαν
1737 2378 1923 2444 αὐτοῖς

321 2455 395 2510 ἐκ
426 2455 522 2510 τοῦ
554 2456 904 2526 άπαταιῶνος
927 2461 1139 2534 πλάνην
1164 2478 1178 2493 ο
1204 2466 1299 2519 καὶ
1335 2466 1483 2522 δυοῖν
1508 2467 1737 2539 θάτερον
1769 2470 1920 2540 λογι-

325 2548 605 2618 σαμένους
635 2549 788 2617 δόξαι
828 2553 1106 2626 κατέχειν,
1138 2557 1172 2629 ἢ
1203 2557 1285 2612 ὅτι
1308 2559 1449 2632 τύχῃ
1493 2561 1601 2615 τινὶ
1632 2564 1923 2633 περιγέγο-

320 2658 422 2696 νεν
460 2642 593 2714 ἡμῖν
620 2645 683 2698 τὸ
725 2647 997 2717 κατάρξαι
1027 2649 1304 2723 τοσαύτης
1346 2654 1532 2724 χώρας
1579 2654 1756 2724 (οὐδὲν
1811 2656 1922 2728 γὰρ

322 2731 514 2803 θαῦμα
539 2734 851 2808 βαρϐάρους
879 2737 1039 2804 ὄντας
1058 2741 1218 2795 τοῦτο
1247 2743 1593 2817 ὑπονοῆσαι),
1618 2747 1651 2819 ἢ
1674 2747 1758 2802 ὃτι
1779 2747 1920 2816 ἄξιοι

326 2822 548 2894 μυρίων
576 2826 855 2898 αἰκισμῶν
873 2829 922 2882 οἱ
959 2831 1393 2904 προκατέχοντες
1423 2838 1553 2901 τοὺς
1575 2838 1774 2903 τόπους
1795 2839 1922 2894 τού-

321 2930 456 2977 τους
480 2913 550 2968 δι’
594 2916 874 2988 ἁμαρτίας
919 2918 1244 2993 ἐτύγχανον⁹
1295 2927 1392 2980 καὶ
1450 2927 1607 2996 λόγον
1650 2930 1921 2996 νὲκτίσεως

323 3008 519 3073 αὐτοῖς
570 3010 701 3083 παρ’
753 3011 914 3082 ἡμῶν
956 3014 986 3067 ὁ
1033 3015 1169 3081 Θεὸς
1221 3018 1494 3088 ἀπαιτῶν,
1547 3029 1920 3090 κατακρατεῖν

322 3102 478 3171 ἡμᾶς
504 3105 810 3175 πεποίηκε·
855 3107 949 3160 καὶ
1002 3109 1123 3163 οὐδὲ
1160 3110 1318 3167 τοῦτο
1373 3114 1451 3186 τῷ
1496 3117 1746 3187 Μωάμετ
1799 3119 1919 3175 δια-

322 3194 486 3265 φέρει
511 3235 529 3261 ,
556 3195 659 3249 κᾶν
689 3197 850 3261 αὐτὸς
878 3200 1072 3255 ἑαυτὸν
1121 3204 1203 3264 εἰς
1228 3204 1403 3276 ’μέσον
1450 3192 1791 3282 πωέρρηξε,
1823 3214 1918 3267 καὶ

321 3284 474 3352 εδοξέ
504 3303 586 3348 τις
610 3281 749 3341 εἶναι
775 3290 942 3360 μηδὲν
965 3291 1041 3345 ὧν
1056 3309 1071 3324 ο
1100 3294 1216 3348 ἀλλ’
1240 3297 1410 3373 ὅντως
1432 3281 1597 3369 ἀνὴρ
1614 3302 1823 3373 ἄφρων
1840 3310 1915 3361 οὐ

322 3378 619 3449 γνώσεται
639 3421 654 3443 ,
682 3383 783 3437 καί
829 3383 1131 3453 ἀσύνετος
1171 3390 1243 3443 οὐ
1278 3390 1571 3458 (rm-river
1599 3396 1828 3468 ἄρχεται
1858 3398 1917 3452 δὲ

319 3469 525 3540 Iasii};
542 3470 655 3542 (75)
671 3472 751 3535 είς
771 3473 1009 3544 πόλεμον
1031 3477 1157 3542 τοὺς
1179 3477 1490 3552 βαρϐάρους
1507 3485 1915 3556 ἐκστρατεύειν,

322 3562 420 3617 καὶ
450 3562 701 3633 ἑτοίμους
730 3564 820 3620 ἀεὶ
849 3566 984 3639 πρὸς
1017 3568 1177 3623 τοῦτο
1202 3568 1342 3625 εἶναι
1386 3578 1644 3644 παραινεῖ
1665 3594 1680 3608 ο
1707 3579 1804 3632 καὶ
1835 3580 1919 3634 ὅτι

335 3654 466 3709 Ἐάν
507 3654 668 3725 ὑμεῖς
700 3658 757 3710 ὲν
790 3658 964 3728 τούτῳ
1008 3662 1342 3733 πυκτεύητε,
1372 3668 1405 3734 ἡ
1442 3666 1615 3722 δειλία
1654 3669 1782 3736 τοὺς
1813 3671 1918 3724 ὐπ-

319 3748 606 3814 εναντίους
638 3750 888 3817 καθέξει·
919 3753 1093 3811 ταῦτά
1132 3772 1192 3810 τε
1229 3758 1324 3810 καὶ
1357 3759 1569 3823 τούτοις
1591 3761 1752 3832 ὃμοια
1778 3783 1920 3835 παρ-

317 3841 571 3905 αινέσας,
599 3843 698 3896 καὶ
744 3842 884 3915 πρὸς
927 3845 1408 3916 άνθριυποκτονὶαν
1438 3851 1638 3916 αὐτοὺς
1663 3854 1921 3927 παραθή-

314 3933 448 4001 ξας,
474 3933 568 3988 τὸν
595 3935 878 4008 φλήναιρον
902 3937 1164 3994 ἔπαυσεν.

2025 2022 2373 2071 eventurum.
2399 2032 2419 2066 ι
2458 2013 2514 2069 Si
2549 2016 2838 2083 morietur,
2864 2018 3064 2085 caedes,
3098 2019 3299 2090 inquit,
3328 2031 3475 2077 retro
3494 2038 3631 2078 cou-

2024 2103 2311 2159 vertitur.»
2339 2103 2546 2162 Deinde
2583 2106 2789 2163 diserte
2820 2107 2990 2163 dicit:
3030 2127 3048 2161 ι
3083 2108 3335 2173 Barbari,
3375 2112 3472 2180 qui
3529 2112 3628 2169 Dei

2025 2198 2346 2254 mandatum
2376 2209 2751 2263 servaverant,
2777 2208 2929 2256 retro
2958 2211 3265 2259 cesserunt.
3301 2221 3321 2255 ι
3358 2203 3525 2275 Atqui
3559 2219 3629 2259 ex

2025 2290 2112 2348 his
2138 2295 2428 2363 oportebat
2467 2293 2770 2365 intelligere
2814 2305 3059 2350 creatum
3101 2294 3210 2353 illis
3254 2311 3286 2352 a
3330 2298 3627 2367 decepture

2023 2398 2314 2449 errorem;
2374 2384 2673 2456 babitaque
2752 2388 3218 2451 consideratione.
3294 2389 3622 2444 alterutrum

2022 2474 2279 2531 arbitrari
2305 2475 2648 2545 debuerant;
2684 2494 2880 2550 nempe
2908 2481 2991 2535 vel
3025 2480 3246 2536 fortuna
3284 2482 3465 2552 aliqua
3497 2491 3623 2537 tan-

2022 2573 2077 2623 ta
2120 2582 2222 2623 nos
2278 2569 2502 2641 regione
2551 2571 2796 2640 potitos:
2832 2588 2941 2627 non
2982 2583 3066 2629 est
3114 2575 3263 2629 enim
3312 2575 3624 2629 mirandum

2023 2661 2296 2719 barbaros
2342 2664 2414 2718 ita
2464 2664 2817 2735 suspicatus:
2856 2667 2941 2722 vel
2972 2667 3102 2737 quia
3133 2661 3281 2739 digni
3322 2667 3626 2723 innumeris

2021 2754 2364 2811 cruciatibus
2413 2766 2573 2811 crant
2626 2757 2698 2811 ob
2727 2773 2827 2812 sua
2861 2769 3084 2827 peccata
3119 2759 3153 2813 ii
3186 2760 3279 2829 qui
3311 2769 3469 2813 antea
3513 2760 3630 2814 lure

2019 2844 2143 2904 loca
2195 2848 2475 2915 tenebant,
2506 2850 2738 2919 ideoque
2772 2867 2978 2920 poenas
3008 2852 3078 2906 ab
3106 2852 3240 2921 ipsis
3271 2851 3414 2907 Deus
3455 2868 3624 2906 manu

2020 2949 2213 2996 nostra
2263 2942 2512 3011 exigens,
2557 2942 2845 3007 vigtmiam
2883 2944 3042 2999 nobis
3077 2944 3431 2999 concesserit.
3479 2943 3626 3010 NihiI

2021 3048 2156 3088 vero
2211 3032 2320 3089 hoc
2366 3033 2564 3089 attinet
2612 3035 2679 3089 ad
2726 3034 3127 3101 Mobamedem,
3169 3035 3387 3090 etiamsi
3454 3046 3628 3091 semet

2024 3125 2080 3179 in
2109 3121 2348 3180 medium
2390 3124 2647 3195 conjecit,
2679 3127 2956 3197 visusque'
2982 3136 3069 3182 est
3107 3125 3314 3195 aliquid
3349 3126 3443 3195 qui
3488 3125 3625 3185 nihil

2021 3229 2159 3273 erat.
2219 3215 2325 3271 Sed
2379 3232 2568 3273 revera
2620 3219 2699 3272 vir
2749 3219 3008 3287 insipiens
3057 3235 3160 3273 non
3219 3225 3517 3288 cognoscet,
3571 3229 3620 3270 et

2020 3311 2217 3380 stultus
2273 3323 2378 3361 non
2431 3308 2758 3380 intelliget‘.
2792 3309 2989 3379 Incipit
3023 3319 3208 3376 postea
3254 3306 3623 3363 barbaros-ad

2022 3379 2223 3456 bellum
2282 3398 2577 3464 instruere,
2613 3379 2948 3471 paratosque
2997 3400 3066 3454 ad
3124 3401 3177 3455 id
3233 3415 3453 3469 semper
3503 3412 3629 3454 esse

2022 3501 2230 3547 monet.
2258 3491 2393 3546 Nam
2426 3492 2469 3547 si
2504 3505 2624 3556 vos,
2659 3491 2856 3559 inquit,
2893 3491 2948 3544 in
2985 3489 3091 3546 hoc
3119 3489 3475 3553 dimicabitis,
3510 3505 3623 3542 me.

2023 3592 2113 3641 tus
2161 3584 2513 3641 adversarios
2556 3584 2836 3654 corripiet.
2874 3582 2968 3638 His
3011 3592 3068 3638 et
3129 3582 3253 3637 aliis
3309 3578 3626 3652 bujusmodi

2022 3676 2240 3732 traditis
2286 3677 2542 3740 monitis,
2569 3674 2939 3744 barbarisque
2970 3675 3038 3729 ad
3089 3673 3378 3730 hominum
3410 3673 3629 3734 eadem

2022 3769 2295 3835 exacutis,
2329 3769 2493 3824 ﬁnem
2526 3766 2757 3839 nugacis
2798 3766 2999 3822 fabula:
3038 3765 3191 3822 facit.

849 4030 1296 4087 ΕΛΕΓΚἸΊΚΟΣ
1350 4033 1425 4090 r'.
1548 4026 1553 4029 ’

2525 4018 2978 4088 CONFUTATIO
3029 4030 3120 4086 ιιι.

401 4118 507 4191 με’.
548 4121 609 4178 '0
634 4121 820 4195 τρίτος
861 4126 963 4195 τῆς
993 4125 1326 4195 μυθοεπείας
1355 4128 1432 4201 τῷ
1468 4131 1715 4203 Μωάμετ
1760 4132 1919 4205 λόγος

2095 4127 2186 4183 45.
2237 4125 2479 4182 Tertium
2524 4126 2819 4189 falsi.libri
2873 4126 3176 4196 capitulum
3214 4123 3542 4180 inscribitur
3589 4139 3623 4180 ι

328 4213 735 4284 ὶπιγέγραπται
784 4216 884 4286 μὲν
923 4219 1010 4284 είς
1039 4234 1148 4285 τας
1170 4220 1498 4289 γυναῖκας·
1533 4222 1810 4278 διατάττει
1862 4226 1920 4280 δὲ

2025 4220 2348 4276 Mobamede
2407 4218 2681 4274 Mulieres.
2734 4218 2990 4275 Decernit
3041 4227 3225 4277 autem
3290 4218 3625 4288 quibuscum

334 4299 417 4367 ιῖς
444 4304 528 4358 δεῖ
558 4305 855 4376 μίγνυσθαι
888 4310 983 4361 καὶ
1011 4304 1102 4374 αἶς
1131 4311 1193 4364 οὐ
1225 4311 1309 4365 δεῖ
1341 4314 1449 4368 ἀπὸ
1484 4317 1830 4385 συγγενείας,
1856 4318 1918 4372 οὐ

2025 4313 2138 4370 sint
2178 4312 2381 4383 nuptia:
2405 4310 2815 4376 contrahendae,
2844 4312 2928 4367 vel
2956 4326 3115 4367 secus
3143 4318 3363 4381 propter
3413 4324 3623 4381 cogna-

327 4397 554 4469 μακρὰν
579 4398 674 4452 τοῦ
720 4399 956 4454 παλαιοῦ
1007 4403 1210 4473 νόμου’
1241 4407 1542 4476 μετέπειτα
1578 4409 1634 4463 δὲ
1678 4410 1776 4465 τοῦ
1822 4428 1916 4465 πο⁹

2026 4406 2253 4470 tionem,
2287 4421 2480 4476 parum
2505 4421 2536 4459 a
2568 4411 2747 4459 vetere
2780 4403 2897 4473 lege
2922 4403 3209 4459 abludens.
3244 4401 3438 4459 Postea
3466 4416 3624 4456 cont-

327 4488 590 4560 νουμένου
620 4491 788 4545 αὑτοῦ
817 4493 977 4547 πάλιν
1020 4495 1315 4566 δράττεται
1355 4483 1680 4568 κεφαλαίου,
1712 4502 1807 4559 τοῦ
1842 4503 1919 4575 μὴ

2025 4498 2204 4571 posito
2232 4514 2263 4553 a
2298 4513 2357 4553 se
2391 4496 2634 4568 capitulo
2663 4512 2854 4552 rursus
2886 4495 3112 4561 insistit,
3142 4506 3201 4551 ut
3227 4504 3465 4571 caveant
3494 4494 3626 4549 bar-

320 4574 440 4635 ϐεῖν
471 4582 599 4646 τοὺς
627 4583 941 4657 βαρϐάρους
967 4586 1176 4642 οἴεσθαι
1221 4588 1541 4663 ἀνθρώπινα
1569 4593 1638 4648 τά
1667 4574 1919 4667 γεγραγμέ

2027 4593 2145 4648 bari
2176 4591 2493 4646 existimare
2520 4592 2761 4645 humana
2797 4590 2915 4644 haec
2952 4604 3076 4644 esse
3112 4589 3341 4658 scripta,
3387 4587 3483 4643 sed
3522 4602 3626 4657 pos

323 4672 468 4744 μένα
498 4668 663 4741 εἶναι,
711 4674 849 4732 ἀλλὰ
883 4678 983 4746 τῆς
1026 4679 1334 4754 ὑπερτάτου
1379 4685 1597 4754 φύσεως
1632 4686 1779 4759 (74)·
1822 4689 1918 4744 καὶ

2025 4688 2136 4742 tius
2180 4684 2462 4741 altissimae
2505 4692 2761 4747 naturae:
2784 4682 3148 4754 exploratque
3194 4681 3455 4738 nodando
3494 4682 3622 4769 illo-

320 4767 628 4839 γυμνάζειν
656 4768 943 4841 δοκιμάζει
965 4770 1285 4845 λογισμοὺς,
1304 4776 1388 4831 ὅτι
1417 4778 1479 4832 Ei
1507 4778 1622 4846 καὶ,
1644 4778 1913 4849 ὡςείκὸς,

2025 4793 2145 4834 rum
2176 4776 2539 4847 cogitationes
2571 4774 2763 4832 dicens
2796 4774 2986 4844 τρυοά
3017 4775 3089 4841 si,
3111 4785 3172 4829 ut
3199 4773 3494 4830 verisimile
3519 4781 3627 4841 est,

319 4857 661 4932 διαπορεῖτε,
682 4863 854 4919 Πόθεν
881 4859 1141 4937 είσόμεθα
1167 4869 1216 4921 εί
1249 4867 1344 4922 τοῦ
1378 4870 1514 4925 Θεοῦ
1532 4871 1683 4925 ἐστιν
1705 4870 1849 4943 αὕτη
1874 4874 1909 4945 ἠ

2025 4873 2306 4947 ambigitis
2339 4873 2551 4928 aicutes
2576 4889 2591 4927 :
2621 4871 2780 4928 Unde
2827 4871 3070 4928 sciemus
3126 4879 3312 4926 utrum
3343 4886 3376 4926 a
3405 4868 3518 4925 Deo
3549 4868 3625 4924 sit

320 4953 552 5024 γραφής
583 4955 752 5027 μηδὲν
778 4975 832 5011 τι
870 4959 1129 5030 φορτικὸν
1174 4962 1389 5026 ἑαυτοῖς
1426 4964 1782 5034 ὲπαγάγοιτε,
1833 4964 1920 5031 ἐξ·

2025 4969 2139 5025 luec
2189 4965 2502 5038 scriptura?
2548 4965 2705 5030 nihil,
2757 4965 2961 5036 inquit,
3026 4964 3298 5020 molestia:
3348 4961 3622 5018 vobismet

318 5045 615 5114 ιτάζοντες
626 5048 697 5105 τὰ
711 5052 1102 5124 γεγραμμένα,
1120 5054 1154 5127 ἢ
1176 5056 1563 5128 συγκρίνοντες
1580 5057 1717 5129 πρὸς
1732 5059 1917 5131 ἕτερα,

2026 5059 2251 5126 creetis,
2312 5059 2540 5129 scripta.
2587 5056 2904 5122 scrutando,
2933 5056 3017 5111 vel
3054 5071 3181 5111 cum
3226 5054 3350 5112 aliis
3400 5070 3623 5126 compa-

321 5137 445 5193 ἀλλ’
476 5139 710 5196 ἀπόδοτε
741 5143 881 5214 πρὸς
927 5146 1028 5217 τὴν
1054 5147 1156 5218 τῆς
1193 5148 1433 5220 κρίσεως
1481 5151 1721 5223 ἡμέραν,
1758 5152 1922 5207 κάκεί

2025 5153 2236 5217 rando;
2268 5153 2364 5208 sed
2424 5159 2703 5206 reservate
2738 5149 2847 5206 diei
2890 5150 3105 5221 indicii,
3138 5149 3324 5222 ibique
3372 5149 3619 5212 discetis,

326 5231 671 5305 μαθήσεσθε,
700 5235 815 5291 εἴτε
839 5237 1014 5311 ἀληθῆ
1055 5241 1166 5294 εἴτε
1202 5241 1376 5314 ψευδῆ
1409 5242 1587 5298 ταῦτά
1629 5246 1769 5300 εἰσιν
1793 5258 1809 5276 ⁸
1841 5246 1919 5313 ὡς

2025 5254 2210 5302 utrum
2247 5260 2375 5301 vera
2423 5259 2490 5298 an
2528 5244 2664 5300 falsa
2697 5243 2814 5300 hzec
2865 5244 2999 5299 sint.
3039 5241 3211 5309 Quasi
3258 5242 3444 5299 dicat:
3473 5239 3619 5296 Nihil

319 5324 396 5382 ἂν
427 5327 481 5381 εί
513 5326 702 5398 ἔλεγεο
746 5331 931 5404 Μηδὲν
976 5333 1088 5389 τῶν
1139 5336 1659 5408 χαρακτηριζνεντων
1695 5338 1755 5393 τδ
1796 5338 1919 5395 κατ’

397 5511 421 5541 ⁵
448 5505 594 5577 Psal.
629 5525 741 5577 χοι,
793 5508 847 5567 7.

402 5688 514 5758 (70)
547 5689 677 5745 Sor.
706 5689 795 5756 Ill,
837 5688 928 5745 96.

401 5758 518 5829 (τι)
549 5759 675 5816 Sur.
709 5759 799 5826 ut,
836 5759 960 5817 ιιι.

396 5830 515 5903 (72)
565 5831 823 5903 lntelligit
869 5831 1076 5903 eaedem
1121 5829 1648 5892 Mobamedanorum
1685 5834 1739 5890 in
1766 5832 1922 5891 Ohod

325 5901 413 5974 (ut
450 5901 508 5959 in
549 5901 908 5976 sequentibus
956 5902 1068 5959 illic
1116 5906 1426 5974 versiculis)
1465 5906 1824 5981 auditpuialso
1854 5906 1926 5962 de

2030 5336 2280 5395 trabeatis
2325 5351 2543 5404 eorum,
2570 5352 2638 5394 ex
2682 5335 2886 5409 quibus
2932 5336 3098 5392 homo
3133 5333 3230 5392 Dei
3260 5334 3442 5406 imago
3493 5347 3619 5390 esse

2300 5518 2339 5548 ιν

2026 5688 2352 5750 Mobamede
2383 5694 2570 5753 occiso
2619 5710 2859 5762 rumore,
2896 5705 2954 5751 ut
2988 5695 3216 5750 adnotat
3257 5709 3323 5749 ex
3366 5690 3614 5751 Gelaled-

2023 5762 2157 5820 diuo
2198 5764 2501 5822 Maraccius
2536 5768 2602 5822 ad
2652 5768 2799 5823 hunc
2827 5767 3083 5824 Alcorani
3130 5767 3335 5823 locum.

2095 5834 2209 5902 (73)
2243 5836 2371 5891 Sur.
2408 5836 2498 5904 Ill,
2533 5839 2657 5903 M7,
2694 5838 2819 5894 151.

2096 5906 2209 5980 (τι)
2232 5906 2359 5965 Sut'.
2392 5908 2487 5979 ut,
2526 5910 2617 5981 at,
2654 5909 2745 5980 ts,
2772 5911 2859 5969 ενι.
