4048 6406
455 396 558 463 731

1667 390 1966 458 NlCET/E
2022 393 2433 458 ΒΥΖᾹΝΤΙΝῙ

3625 399 3758 462 732'

457 507 1020 582 dignoscitur;hruta
1070 505 1248 568 (latis:
1285 515 1554 563 exercente
1609 506 1806 560 mentis
1848 514 2044 558 vestra)

2163 506 2332 558 εἰκόνα
2378 506 2514 560 Θεοῦ
2561 506 2744 576 ἔχετε·
2777 507 2948 575 ἄλογα
2989 507 3226 575 γίνεσθε,
3280 506 3572 577 πηρὼσατε
3605 509 3738 572 τοὺς

457 602 670 666 oculos,
705 615 899 670 meque
942 599 1070 655 eaaci
1098 600 1422 665 sectemini;
1457 598 1634 652 nolite
1656 598 1723 651 de
1769 597 1895 650 boni
1929 611 2048 650 ma-

460 695 607 764 lique
636 693 958 748 discrimine
978 693 1248 749 laborare.
1278 692 1488 762 Quippe
1508 691 1732 744 omnino
1761 690 1874 760 ipse
1901 689 2047 744 scie-

462 788 554 843 bat
607 788 763 842 nihili
812 801 934 842 csse
994 786 1308 856 pendendas
1359 799 1532 854 nugas
1585 799 1735 848 suas,
1784 799 1965 851 neque
2017 799 2047 837 a

463 877 802 932 dementium
856 877 1033 932 sibilis
1062 877 1396 944 discrepare,
1430 874 1476 928 si
1513 884 1658 927 certe
1686 887 1811 928 cum
1860 872 2048 927 divina

462 968 820 1024 conferantur
869 967 1168 1039 Scriptura,
1212 967 1291 1021 vel
1339 967 1501 1020 ctiam
1539 966 1783 1020 humano
1831 964 2050 1036 ingenio

465 1063 866 1118 examinentur.

537 1239 630 1295 46.
673 1239 829 1305 Quod
857 1249 1037 1296 autem
1073 1240 1125 1295 in
1156 1239 1332 1310 prima
1359 1257 1577 1313 quoque
1613 1243 1798 1299 fabula
1840 1244 2049 1302 dictum

465 1327 590 1395 fuit,
615 1346 806 1401 nempe
859 1346 1078 1386 causam
1115 1333 1468 1401 pereuntibus
1521 1350 1646 1390 esse
1673 1335 1904 1405 hujusce
1956 1339 2053 1392 ho-

468 1424 634 1480 minis
655 1425 844 1491 Deum,
872 1442 1014 1481 nunc
1041 1442 1260 1498 quoque
1293 1429 1424 1484 dicit
1455 1449 1468 1484 :
1495 1449 1513 1482 ι
1543 1429 1716 1487 Vultis
1743 1434 1932 1504 utique
1951 1435 2053 1489 du.

469 1533 562 1573 ces
587 1520 686 1573 via:
741 1518 856 1573 lieri
888 1519 1118 1585 homini,
1141 1537 1303 1591 quem
1331 1521 1472 1580 Deus
1496 1523 1621 1579 fet-it
1653 1541 1856 1581 ert-are.
1889 1529 2050 1599 Atqui

465 1610 701 1681 eiquem
735 1610 878 1667 Deus
915 1614 1044 1668 fecit
1091 1632 1297 1680 errare,
1339 1633 1684 1689 nequaquam
1745 1620 2054 1676 invenietur

466 1709 574 1760 via.
609 1725 627 1758 ι
662 1703 898 1762 Decebat
927 1723 1059 1764 sane
1086 1711 1210 1764 talis
1242 1710 1334 1765 Dei
1366 1711 1528 1767 talem
1559 1727 1683 1768 esse
1713 1717 2049 1783 praeconem!

467 1797 626 1864 Quod
654 1798 700 1852 si
733 1807 922 1854 nostro
955 1801 1193 1854 sermoni
1231 1804 1475 1856 abnuant
1518 1802 1570 1856 hi
1615 1805 1708 1873 qui
1743 1805 1917 1860 dolosi
1948 1806 2052 1860 hu—

464 1892 557 1960 jus
582 1892 762 1961 praeda
798 1900 949 1958 sunt,
995 1895 1074 1947 sic
1127 1909 1222 1948 eos
1267 1895 1563 1949 clementer
1613 1896 1816 1967 alloqui
1871 1899 1997 1954 licet
2041 1917 2056 1954 :

475 1983 588 2039 Vos
611 1985 772 2055 quasi
805 1985 1152 2054 deceptor-em
1178 1986 1362 2042 dicitis
1394 1986 1562 2041 Deum
1606 2007 1619 2043 :
1653 1991 1804 2060 atqui
1837 1992 2058 2046 uniwr-

473 2076 606 2132 salis
635 2077 777 2132 Deus
805 2079 1064 2147 deceptor
1091 2095 1198 2132 nun
1237 2090 1321 2134 est
1356 2097 1371 2134 :
1417 2079 1558 2136 Deus
1607 2083 1754 2136 enim
1812 2085 2058 2139 veritatis

471 2177 527 2224 et
557 2178 662 2233 est,
693 2179 747 2225 et
773 2172 844 2223 ita
869 2185 898 2224 a
931 2172 1116 2226 divina
1152 2173 1436 2243 Scriptura
1473 2175 1797 2245 appellatur.
1832 2175 2058 2232 Menda-

471 2261 617 2317 cium
677 2273 860 2318 autem
910 2273 994 2318 est
1057 2264 1306 2335 deceptio
1356 2283 1370 2320 :
1423 2276 1538 2322 tum
1587 2270 1806 2323 mentiri
1863 2285 1930 2324 ne
1983 2271 2056 2340 pii

473 2353 697 2423 quidem
757 2354 999 2411 hominis
1048 2367 1152 2422 est,
1221 2360 1421 2414 nedum
1478 2360 1600 2431 ejus
1645 2365 1738 2432 qui
1779 2364 2056 2420 hominem

472 2446 757 2502 scientiam
798 2447 978 2503 docet.
1022 2447 1177 2516 Quod
1206 2451 1251 2505 si
1283 2452 1412 2522 quia
1469 2467 1653 2509 vester
1709 2457 1922 2526 legatus
1959 2459 2059 2514 de-

470 2547 745 2608 eeptorem
775 2541 906 2596 dicit
955 2541 1147 2604 Deum,
1201 2543 1342 2597 idem
1387 2544 1491 2600 hoc
1528 2547 1683 2603 vobis
1715 2564 1936 2620 quoque
1975 2552 2058 2606 vi-

471 2629 664 2696 detur;
695 2646 822 2686 vere
851 2643 900 2686 et
955 2648 1058 2687 nos
1101 2632 1340 2690 dicimus
1385 2636 1533 2692 illius
1575 2652 1696 2692 esse
1730 2639 1924 2705 Deum,
1965 2644 2058 2710 qui

472 2724 726 2778 eumdem
757 2723 886 2779 talia
917 2725 1360 2792 scriberejussit.
1391 2728 1546 2795 Quod
1575 2731 1619 2784 si
1649 2736 2063 2792 excandescunt

473 2815 786 2873 dicentibus
815 2817 974 2873 nobis
1003 2857 1018 2884 ,
1047 2819 1325 2880 diversum
1363 2838 1486 2878 esse
1515 2823 1850 2884 Mohamedis
1889 2827 2059 2885 Deum

474 2922 664 2963 avero
691 2907 841 2977 Deo;
899 2912 1005 2964 hoc
1068 2911 1212 2966 haud
1270 2923 1460 2969 nostro
1515 2917 1933 2984 prtedicamcnto
1978 2921 2059 2988 lit,

471 2999 566 3053 sed
591 3014 654 3054 ex
687 2999 932 3069 ejusdem
968 3003 1316 3060 confessione
1351 3009 1661 3063 conilcitur.
1707 3009 2060 3081 Deceptorem

473 3093 618 3146 enim
663 3108 790 3149 esse
844 3106 1063 3166 oportet
1119 3098 1270 3153 illum
1319 3101 1413 3171 qui
1471 3103 1612 3157 male
1663 3103 1844 3160 facere
1879 3107 2060 3177 palam

2151 600 2247 667 τῆς
2276 599 2518 663 διανοίας
2551 598 2704 668 ὑμῶν
2750 599 3088 669 ὀφθαλμοὺς,
3122 599 3216 652 καὶ
3259 599 3448 666 τυφλοί
3483 616 3573 668 μοι
3601 600 3740 652 άκολο

2149 686 2394 742 λουθεῖτε
2418 705 2432 718 ·
2469 688 2544 758 μὴ
2577 688 2920 759 ἐξασκήσητε
2952 690 3050 758 τὴν
3081 687 3180 756 τοῦ
3227 687 3394 740 καλοῦ
3435 688 3527 740 καὶ
3557 687 3739 740 κακοῦ

2125 782 2423 853 ’διάκρισιν
2449 798 2462 812 ο
2491 783 2607 853 ᾔδει
2661 782 2787 854 γὰρ,
2821 783 2937 854 ᾔδει
2978 782 3054 847 ὡς
3096 781 3307 843 οὐδενὸς
3355 780 3635 848 ἀξιολόγου
3666 782 3740 834 τά

2152 877 2283 946 παρ’
2304 876 2469 930 αὑτοῦ
2487 877 2800 950 ληροῦμενα
2829 875 3108 946 τυγχάνει,
3141 878 3234 929 καὶ
3252 875 3360 928 τῶν
3394 875 3744 947 μαινομένων

2151 970 2233 1034 είς
2271 970 2437 1040 μηδὲν
2467 969 2855 1022 διαλλάττοντα
2885 968 3302 1037 ποππυσμάτων
3333 965 3471 1039 [τοιί.
3510 965 3743 1038 mpm],

2153 1065 2202 1118 el
2233 1066 2302 1133 τῇ
2334 1064 2452 1136 θεία
2485 1061 2846 1132 παρατεθεῐεν
2875 1062 3090 1132 Γραφῇ.
3127 1061 3160 1132 ἢ
3197 1061 3291 1115 καὶ
3325 1060 3500 1124 άλλως
3526 1059 3745 1132 ἀνθρω-

2153 1154 2284 1225 πίνῃ
2318 1154 2532 1208 συνείσει
2563 1153 2924 1217 ἐξετάξοιντο.

2227 1246 2345 1318 pg’.
2377 1249 2556 1318 Ὅπερ
2605 1248 2662 1300 δέ
2703 1248 2806 1301 κάν
2839 1246 2917 1318 τῷ
2953 1244 3155 1317 πρώτῳ
3188 1245 3345 1317 μύθῳ
3382 1245 3598 1313 ἐλέγετο
3658 1245 3749 1298 ὅτι

2154 1344 2325 1406 αἴτιος
2348 1341 2456 1394 τῶν
2492 1341 2878 1410 ἀπολλυμένων
2903 1342 2931 1394 6
2967 1339 3159 1393 τούτου
3191 1339 3343 1403 Θεὸς,
3377 1338 3470 1390 καὶ
3506 1337 3601 1390 νῦν
3638 1354 3752 1406 φη-

2156 1452 2239 1488 σιν
2267 1433 2411 1506 (75)·
2463 1452 2482 1485 ι
2533 1433 2728 1486 Θέλετε
2771 1433 2876 1502 ἄρα
2919 1430 3183 1501 ὀδηγῆσαι
3243 1431 3334 1483 τὸν
3382 1427 3687 1499 ἐπλάνησεν
3717 1429 3752 1480 6

2155 1527 2326 1590 Θεός·
2367 1527 2459 1580 καὶ
2509 1526 2601 1580 τὸν
2648 1525 2825 1598 πλανᾷ
2851 1526 2879 1579 δ
2909 1523 3063 1588 Θεὸς,
3122 1523 3184 1576 οὐ
3223 1523 3297 1593 μὴ
3356 1523 3553 1593 εὗρε-θῇ
3593 1520 3753 1590 αὐτῷ

2155 1621 2298 1685 ὁδός.
2337 1640 2356 1673 ι
2387 1620 2536 1674 Ἔδει
2561 1619 2690 1690 γάρ,
2731 1619 2807 1683 ὼς
2838 1619 3003 1682 εἰκὸς,
3035 1616 3279 1670 τοιούτου
3314 1614 3449 1668 Θεοῦ
3500 1612 3756 1666 τοιοῦτον

2158 1712 2298 1771 εἶναι
2327 1718 2420 1771 τὸν
2465 1718 2714 1789 κήρυκα·
2747 1717 2794 1769 εἰ
2844 1715 2900 1768 δὲ
2949 1713 3330 1768 ἁπαναίνοιντο
3363 1713 3429 1790 ὀί
3455 1713 3521 1783 τῇ
3553 1709 3753 1764 τούτου

2162 1809 2539 1881 ζωγρηθέντες
2567 1809 2749 1881 ἀπάτῃ
2777 1807 2910 1880 πρὸς
2934 1807 3024 1860 τὸν
3051 1807 3320 1878 ἡμέτερον
3350 1805 3527 1873 λόγον,
3563 1805 3753 1874 ἠπίως

2163 1902 2331 1972 φάναι
2383 1901 2496 1955 ἔστι
2531 1899 2667 1972 πρὸς
2700 1899 2918 1963 αὐτοὺς,
2953 1899 3028 1963 ὼς
3071 1899 3134 1952 Ei
3184 1899 3280 1969 μέν
3310 1897 3511 1951 πλάνον
3555 1897 3752 1965 λέγετε

2160 1994 2314 2056 Θεὸν,
2368 1995 2396 2047 6
2451 1993 2559 2046 τῶν
2593 1993 2733 2046 ὅλων
2791 1992 2922 2055 Θεὸς
2971 1991 3169 2054 πλάνος
3233 1992 3335 2044 οὐκ
3386 1991 3552 2043 ἐστιν.
3611 1989 3752 2050 Θεὸς

2160 2085 2270 2155 γάρ
2331 2085 2436 2155 τῆς
2493 2084 2758 2156 ἀληθείας
2809 2084 2903 2137 καὶ
2959 2084 3107 2137 ἐστιν
3163 2083 3257 2137 καὶ
3311 2082 3461 2152 παρὰ
3506 2083 3574 2152 τῇ
3625 2081 3754 2151 θείᾳ.

2160 2178 2351 2248 Γραφῇ
2404 2177 2764 2247 ὀνομάζεται·
2827 2175 3022 2248 ψεῦδος
3070 2175 3178 2247 γάρ
3224 2176 3372 2228 ἐστιν
3425 2175 3462 2246 ἡ
3516 2172 3749 2240 ἀπάτη·

2158 2267 2450 2336 ψεύδεσθαι
2500 2269 2557 2321 δέ
2635 2268 2757 2322 ούδέ
2816 2267 3076 2331 εὐλαϐοῦς
3137 2267 3428 2340 ἀνθρώπου
3459 2307 3474 2329 ,
3549 2267 3752 2338 μήτιγε

2158 2358 2253 2413 τοῦ
2303 2360 2644 2424 διδάσκοντος
2700 2360 2988 2432 ἄνθρωπον
3035 2359 3271 2430 γνῶσιν·
3340 2361 3390 2414 εί
3442 2358 3500 2412 δέ
3571 2359 3661 2412 διὰ
3691 2359 3755 2411 τὸ

2155 2441 2328 2524 ’φάναι
2353 2453 2444 2505 τὸν
2468 2452 2736 2524 ὑμέτερον
2763 2452 3060 2508 ἀπόστολον
3081 2451 3279 2506 πλάνον
3304 2451 3396 2504 τὸν
3418 2450 3570 2514 Θεὸν,
3591 2450 3756 2504 τοῦτο

2163 2543 2257 2596 καὶ
2295 2542 2427 2613 ύμῖν
2458 2543 2623 2606 δοκεῖ,
2648 2543 2866 2613 άληθῶς
2913 2542 3004 2597 τὸν
3035 2541 3201 2596 αὑτοῦ
3246 2543 3341 2596 καὶ⁵
3372 2544 3536 2614 ἡμεῖς
3570 2559 3754 2612 φαμεν

2162 2635 2254 2688 τὸν
2287 2635 2357 2688 τά
2408 2634 2633 2688 τοιαῦτα
2666 2635 2902 2704 γράφειν
2932 2633 3096 2686 αὑτὸν
3139 2635 3549 2704 προστάσσοντα
3571 2650 3584 2664 ·
3615 2635 3663 2686 εἰ
3693 2633 3754 2686 δὲ

2163 2721 2247 2775 ἐτι
2275 2721 2582 2796 ἐκκαίοιντο
2607 2723 2765 2792 ἡμῶν
2793 2721 3063 2790 λεγόντων
3095 2722 3286 2791 ἕτερον
3311 2719 3548 2794 εἶναιτῷ
3580 2723 3755 2777 Muti-

2167 2830 2270 2884 μετ
2321 2813 2472 2883 παρὰ
2509 2815 2604 2866 τὸν
2634 2813 2804 2876 ὅντως
2835 2814 2965 2867 ὅντα
2994 2813 3146 2879 Θεὸν,
3183 2813 3244 2867 οὐ
3289 2815 3444 2884 παρὰ
3466 2813 3564 2881 τὴν
3591 2813 3758 2884 ἡμῶν

2163 2906 2505 2977 κατηγορίαν
2535 2906 2735 2976 φαμὲν,
2771 2907 2908 2961 ἀλλά
2944 2907 3093 2978 παρὰ
3122 2905 3224 2978 τὴν
3261 2905 3428 2960 αὐτοῦ
3463 2906 3758 2978 ὁμολογίαν

2163 2998 2323 3053 τοῦτο
2342 3001 2645 3053 δείκνυται·
2682 3000 2883 3054 πλάνον
2902 2998 3009 3069 γάρ
3036 3000 3119 3053 δεῖ
3146 2995 3282 3052 εἶναι
3308 3001 3397 3052 τὸν
3420 3001 3758 3069 κακουργεῖν

2165 3093 2247 3154 εἰς
2275 3091 2335 3144 τὸ
2365 3091 2638 3162 προφανὲς
2679 3090 2754 3160 μὴ
2786 3089 3038 3160 ἰσχύοντα
3059 3130 3073 3154 ,
3110 3090 3142 3162 ἢ
3172 3090 3269 3144 καὶ
3321 3089 3496 3153 άλλως
3543 3090 3758 3160 ἀμύνα-

474 3185 698 3256 nequit;
731 3187 814 3242 vel
843 3189 1008 3244 etiam
1055 3192 1253 3259 punire
1294 3209 1434 3263 quos
1471 3196 1651 3258 vellet,
1690 3197 1908 3266 publice
1950 3216 2058 3256 non

2169 3183 2292 3236 σθαι
2318 3181 2413 3246 οὓς
2441 3183 2688 3252 βούλεται
2719 3184 2796 3246 εἰς
2825 3182 2884 3236 τὸ
2912 3181 3141 3252 φανερὸν
3167 3182 3228 3234 οὗ
3255 3181 3550 3251 δυνάμενον
3568 3196 3584 3212 ·
3617 3183 3759 3251 ὅπερ

475 3280 670 3334 valet:
725 3296 964 3351 quorum
1012 3295 1267 3340 neutrum
1307 3287 1360 3342 in
1420 3290 1588 3343 Deum
1643 3305 1834 3346 verum
1893 3295 2060 3350 cadit.

474 3370 846 3435 Quamobrem
900 3383 1050 3430 recte
1099 3376 1338 3432 dicimus
1387 3380 1663 3436 diversum
1723 3397 1847 3438 esse
1893 3384 2063 3440 Deum

475 3457 813 3514 Mohamedis
892 3475 923 3514 a
1007 3476 1136 3516 vero
1214 3463 1362 3542 Deo.
1393 3464 1462 3521 Et
1528 3480 1674 3524 certe
1721 3471 2064 3542 dect-plorem

474 3562 622 3612 esse,
671 3558 891 3604 constat
933 3565 998 3604 ex
1058 3552 1316 3609 omnibus
1359 3541 1715 3626 ‘Mohamedis
1766 3561 2066 3634 scrjptiun-

474 3640 620 3696 culis
651 3658 665 3695 :
701 3640 1035 3712 insuperqu
1091 3659 1158 3700 ex
1216 3646 1317 3702 hac
1367 3649 1674 3704 vehementi
1707 3653 2065 3710 accusatione

477 3731 594 3786 Dei.
628 3729 764 3786 Nam
797 3734 842 3788 si
883 3749 912 3788 a
941 3734 1052 3791 Deo
1085 3735 1226 3791 hanc
1252 3737 1504 3794 dicamus
1535 3741 2063 3810 profectamvoct'm,

477 3830 653 3875 semet
702 3833 923 3878 accusat
967 3823 1109 3883 Deus
1165 3826 1530 3897 deceptorem.
1567 3830 1776 3896 Quodsi
1819 3836 1921 3890 hoc
1951 3837 2064 3892 ﬁeri

477 3914 686 3984 nequit,
718 3931 840 3970 vere
863 3925 1044 3972 autem
1068 3919 1214 3989 loqui
1251 3931 1463 3989 oportet
1491 3923 1725 3993 legatum
1750 3943 1764 3991 ;
1791 3939 2061 3996 superest,

478 4015 540 4058 nt
579 4006 683 4062 hoc
718 4023 907 4079 reapse
935 4010 1157 4065 edatum
1186 4013 1257 4067 sit
1287 4013 1377 4067 Dei
1418 4013 1776 4072 Multamedis.
1816 4018 1909 4072 Est
1933 4035 2065 4091 ergo

474 4099 730 4168 deceptor
785 4099 926 4156 Deus
966 4101 1325 4157 Mohamedis.
1385 4103 1541 4171 Quod
1597 4107 1641 4160 si
1697 4107 1844 4164 Deus
1891 4110 2064 4179 ipsius

474 4200 692 4245 nonest
729 4191 988 4261 deceptor
1011 4235 1026 4260 ,
1065 4195 1328 4249 mentitur
1375 4209 1522 4252 certe
1554 4197 1934 4266 lllohamedes,
1971 4203 2062 4272 qui

473 4285 818 4353 tleeeptorcm
853 4285 984 4341 dicit
1033 4286 1208 4342 Deum
1269 4305 1452 4344 suum.
1504 4291 1670 4361 Atqui
1708 4291 1904 4348 falsum
1939 4311 2064 4364 pro-

477 4375 695 4443 phetam
763 4383 819 4429 et
864 4375 1140 4444 legatum,
1196 4394 1294 4434 ceu
1350 4379 1700 4451 deeeptorem
1756 4385 2066 4441 interﬁcere

477 4477 690 4536 oportet
737 4480 1100 4539 praesentem,
1156 4475 1495 4529 anathemati
1556 4486 1739 4531 autem
1792 4479 2065 4550 subjicere

475 4561 759 4616 absentem
803 4581 816 4617 :

475 4655 676 4709 atbeus
705 4671 721 4709 :
758 4658 803 4711 si
836 4657 1122 4722 mentitur,
1151 4662 1523 4718 exsccrandus
1545 4670 1649 4718 est.

544 4749 634 4804 47.
679 4749 800 4804 Mox
841 4752 1220 4822 progrediens,
1270 4755 1503 4824 ineptias
1550 4756 1818 4826 quasdam
1847 4767 1903 4814 et
1949 4759 2066 4812 bat-

475 4843 725 4914 tnlogias,
749 4845 1046 4914 quominus
1077 4847 1125 4902 ei
1161 4847 1534 4915 discredatur,
1573 4850 1788 4916 recinit,
1831 4862 2068 4906 metum-

471 4952 583 5007 que
625 4937 803 5006 injicit
851 4939 1066 4994 miseris
1121 4941 1407 5004 barbaris.
1460 4943 1504 4996 si
1567 4941 1706 4997 forte
1750 4945 1919 4999 velint
1959 4946 2063 4999 sihi

473 5031 840 5101 euntpt'obari,
876 5033 1020 5102 quod
1051 5032 1168 5088 hare
1219 5033 1288 5087 ab
1317 5047 1411 5088 ore
1443 5034 1533 5088 Dei
1569 5035 1843 5104 loquatur.
1874 5036 2068 5091 Sciens

471 5128 643 5188 enim,
671 5141 730 5180 se
763 5125 979 5181 dicente
1009 5144 1022 5179 :
1064 5125 1190 5182 llaec
1215 5143 1244 5181 a
1282 5128 1390 5181 Deo
1428 5129 1636 5198 accepi,
1675 5128 1789 5182 [ore
1826 5129 2063 5198 aliquem

477 5234 702 5288 prorsus
740 5219 1082 5274 dubitantem
1106 5258 1121 5283 ,
1146 5230 1199 5274 et
1231 5220 1536 5275 absolutam
1576 5222 1650 5275 rei
1685 5222 2063 5291 probationem

477 5313 840 5381 postulantem
868 5313 1249 5381 dicentemque
1281 5332 1294 5368 :
1331 5315 1390 5368 Si
1421 5315 1536 5369 base
1570 5331 1757 5369 revera
1781 5332 1810 5368 a
1841 5315 1950 5370 Deo
1975 5331 2065 5370 ac-

477 5405 687 5474 cepisti,
718 5405 921 5477 tibique
959 5405 1246 5462 familiaris
1296 5405 1440 5462 Deus
1460 5419 1561 5474 est,
1609 5414 1762 5477 potes
1797 5409 1956 5464 lacile
1981 5409 2063 5463 vel

477 5500 637 5554 nobis
693 5501 1070 5568 spectantibus
1124 5499 1314 5554 eadem
1364 5502 1432 5554 ab
1485 5515 1550 5554 eo
1584 5502 1862 5571 postulare
1901 5511 2066 5571 atque

476 5595 764 5662 aed-pere;
797 5593 912 5663 ipse
945 5602 1204 5664 tanqu-am
1255 5609 1283 5648 a
1324 5593 1571 5664 Pythone
1611 5594 1912 5662 inspiratus
1939 5594 2014 5647 ait
2047 5612 2061 5648 :

484 5702 510 5736 ι
552 5685 748 5742 l'ctunt
779 5706 809 5743 a
841 5699 892 5743 tc
927 5689 1309 5760 scr'pturales,
1343 5700 1399 5744 ut
1427 5689 1754 5744 descendere
1784 5705 1946 5759 super
1972 5704 2066 5745 eos

555 5861 668 5931 (75)
699 5862 822 5920 Sur.
852 5866 942 5929 ιγ,
984 5869 1075 5925 87.

2167 3273 2258 3326 ἐπὶ
2287 3272 2380 3325 τοῦ
2411 3271 2581 3336 ὅντως
2633 3272 2770 3326 Θεοῦ
2803 3271 2990 3342 χώραν
3018 3273 3117 3326 οὐκ
3170 3272 3316 3342 ἔχει·
3374 3271 3516 3326 ὥστε
3573 3272 3760 3336 καλῶς

2165 3365 2419 3435 λέγομεν,
2478 3365 2562 3418 ὅτι
2613 3365 2800 3435 ἕτερος
2845 3365 2976 3428 Θεὸς
3001 3366 3028 3418 6
3061 3364 3156 3418 τοῦ
3211 3365 3456 3435 Μωάμετ
3489 3364 3639 3435 παρά
3668 3365 3759 3417 τὸν

2166 3458 2343 3527 ἀληθῆ
2390 3457 2544 3516 Θεὸν,
2579 3456 2766 3528 ἐπειδὴ
2815 3457 2909 3510 καὶ
2941 3456 3141 3519 πλάνος
3181 3458 3347 3519 ἐστὶν,
3386 3457 3479 3510 καὶ
3511 3457 3672 3524 δῆλον
3695 3459 3761 3510 ἐκ

2167 3552 2386 3606 πάντων
2419 3551 2530 3604 τῶν
2563 3551 2694 3622 παρ’
2745 3551 2910 3608 αὐτοῦ
2975 3549 3490 3622 σκιογραφηθέντων
3511 3560 3525 3577 ⁶
3583 3549 3663 3602 ἐτι
3693 3565 3759 3616 γε

2170 3643 2277 3714 μὴν
2307 3643 2400 3698 καὶ
2429 3644 2493 3696 ἐκ
2507 3643 2605 3713 τῆς
2633 3643 2870 3711 σφοδρᾶς
2888 3643 3092 3710 ταύτης
3116 3641 3454 3711 κατηγορίας
3479 3640 3573 3694 τοῦ
3596 3641 3755 3696 Θεοῦ.

2167 3735 2232 3789 El
2263 3736 2374 3806 γάρ
2412 3734 2563 3805 παρὰ
2588 3733 2724 3786 Θεοῦ
2757 3733 2962 3802 ταύτην
3008 3734 3200 3802 φῶμεν
3233 3731 3485 3802 εἰρῆσθαι
3514 3731 3613 3802 τὴν
3648 3748 3760 3799 gm-

2166 3825 2285 3900 νὴν,
2333 3827 2529 3881 ἑαυτοῦ
2559 3826 3032 3897 καταμαρτυρεῖὸ
3071 3824 3202 3885 Θεὸς
3232 3824 3314 3876 δτι
3351 3822 3552 3886 πλάνος
3587 3824 3756 3874 ἐστίν·

2167 3923 2216 3974 εἰ
2238 3923 2294 3976 δὲ
2321 3921 2478 3975 τοῦτο
2498 3921 2759 3974 ἀδύνατόν
2783 3922 2952 3979 ἐστιν,
2978 3917 3268 3989 ἀληθεύειν
3296 3917 3352 3969 δὲ
3376 3917 3459 3969 δεῖ
3484 3916 3575 3969 τὸν
3598 3915 3758 3967 Ἀπῦ-

2169 4013 2377 4073 στολον,
2407 4013 2648 4066 λείπεται
2703 4007 2842 4068 εἶναι
2870 4011 3053 4082 φωνὴν
3076 4010 3170 4064 τοῦ
3204 4010 3339 4064 Θεοῦ
3367 4010 3461 4062 τοῦ
3492 4011 3754 4076 Μωάςιετ,

2166 4104 2306 4158 ὥστε
2342 4105 2543 4168 πλάνος
2573 4103 2721 4156 ἐστὶν
2747 4105 2775 4156 6
2799 4103 2930 4166 Θεὸς
2953 4102 3046 4155 τοῦ
3077 4101 3323 4171 Μωάμ·τ
3352 4119 3362 4132 ·
3398 4103 3444 4154 εἰ
3473 4101 3528 4153 δέ
3558 4101 3758 4162 πλάνος

2166 4195 2335 4250 αὐτοῦ
2357 4196 2457 4249 οὐκ
2486 4195 2632 4248 ἔστιν
2656 4196 2685 4248 6
2721 4193 2874 4259 Θεὸς,
2906 4193 3162 4263 ψεύδεται
3193 4194 3300 4263 ἄρα
3332 4193 3599 4260 Μωάμετ,
3626 4191 3758 4243 πλά-

2166 4305 2258 4342 νον
2289 4284 2430 4342 εῐναι
2461 4288 2638 4356 λέγων
2661 4286 2754 4340 τὸν
2781 4287 2916 4339 Θεὸν
2949 4286 3114 4338 αὑτοῦ
3138 4299 3151 4312 °
3181 4283 3514 4354 ψευδῦμενον
3543 4283 3598 4336 δὲ
3629 4300 3758 4352 προ-

2168 4382 2348 4450 φήτην
2375 4381 2469 4433 καὶ
2500 4380 2820 4444 ἀπόστολον,
2847 4377 2922 4440 ὡς
2953 4377 3152 4430 πλάνον
3183 4377 3264 4428 δεῖ
3283 4377 3380 4443 μὲν
3413 4375 3756 4445 ἀναιρεῖσθαι

2167 4472 2453 4544 παρόντα,
2509 4472 2719 4525 ἀπόντα
2765 4471 2822 4523 δὲ
2878 4467 3563 4541 κατα[ναιθεματίξεσθαι·
3618 4466 3756 4519 ὥστε

865 4563 1110 4634 adeoque
1153 4565 1198 4620 si
1250 4582 1412 4622 verax
1460 4576 1544 4624 est
1597 4569 1969 4638 Mohamedes,
2005 4572 2059 4628 ﬁt

2170 4565 2264 4619 καὶ
2295 4563 2580 4635 ἀληθεύων
2608 4563 2878 4634 Μωάμετ,
2912 4563 3094 4624 ἄθεος·
3128 4562 3222 4615 καὶ
3249 4559 3599 4630 ψευδόμενος,
3619 4560 3759 4612 ἀπο-

2169 4657 2453 4728 τρόπαιος.

2249 4762 2357 4833 με’.
2391 4760 2675 4833 Προελθὼν
2732 4761 2789 4814 δὲ
2847 4760 3042 4823 ὕθλους
3070 4759 3223 4823 τινάς
3257 4759 3354 4812 κατ.
3411 4755 3761 4829 βαττολογίας

2171 4857 2335 4910 πάλιν
2360 4855 2499 4927 ὑπὲρ
2532 4853 2628 4908 τοῦ
2663 4854 2737 4926 μὴ
2771 4853 3198 4922 διαπιστηθῆναι
3233 4848 3626 4921 διαλαμϐάνει·
3669 4848 3761 4902 καὶ

2173 4947 2341 5016 φόϐον
2365 4945 2782 4999 ἐπανατείνεται
2811 4946 2923 5008 τοῖς
2945 4942 3318 5013 ταλαιπώροις
3353 4943 3674 5014 βαρϐάροις,
3713 4941 3760 4993 εί

2171 5037 2488 5108 πειραθεῖεν
2515 5037 2894 5110 πληροφορίας
2926 5037 3111 5107 τυχεῖν
3132 5036 3208 5095 ὡς
3232 5035 3403 5088 ταῦτα
3443 5033 3594 5106 παρά
3621 5031 3761 5086 Θεοῦ

2169 5131 2428 5202 ἐλαλήθη.
2462 5131 2634 5194 Εἰδὼς
2681 5131 2792 5201 γάρ
2825 5130 2907 5183 ὅτι
2955 5129 3120 5182 αὑτοῦ
3159 5127 3430 5196 λέγοντος,
3481 5123 3671 5178 Ταῦτα
3700 5125 3762 5176 ἐκ

2170 5223 2305 5278 Θεοῦ
2334 5223 2625 5294 ἐδεξάμην,
2657 5221 2808 5276 ἔσται
2835 5238 2922 5284 τις
2949 5220 3166 5282 πάντως
3201 5219 3286 5272 δια
3297 5217 3635 5288 μφιϐάλλων,
3668 5215 3763 5270 καὶ

2171 5317 2310 5386 πρὸς
2342 5317 2556 5370 τελείαν
2600 5316 2868 5370 πίστωσιν
2896 5311 3276 5383 ἐξαιτούμενος
3311 5311 3405 5364 καὶ
3449 5309 3646 5378 λέγων,
3681 5308 3762 5361 ὅτι

2171 5407 2520 5481 1Εί]άληθῶς
2556 5406 2729 5462 ταῦτα
2778 5407 2843 5459 ἐκ
2887 5404 3020 5459 Θεοῦ
3067 5403 3252 5468 ἐδέξω,
3289 5401 3384 5455 καὶ
3415 5400 3569 5470 φίλος
3615 5399 3762 5452 σουὸ

2173 5504 2329 5570 Θεὸς,
2360 5502 2587 5556 δύναται
2613 5501 2832 5564 πάντως
2863 5497 2958 5553 καὶ
2991 5496 3150 5567 ἡμῶν
3195 5493 3504 5565 βλεπόντων
3529 5493 3758 5562 αἰτήσα-

2175 5595 2592 5660 σθαι,τοιοῦτον
2623 5594 2716 5647 καὶ
2772 5591 2990 5645 λαϐεῖν·
3032 5589 3199 5660 φησὶν
3239 5585 3374 5656 (76),
3430 5585 3506 5648 ὡς
3569 5586 3633 5638 ἐκ
3665 5579 3758 5636 τοῦ

2173 5687 2583 5760 ἐμπνεύςαντος
2614 5684 2763 5756 αὐτῷ
2789 5683 3064 5746 Πύθωνος·
3124 5699 3143 5734 ι
3175 5677 3464 5754 ᾼίτοῦνταί
3513 5692 3570 5731 σε
3601 5676 3650 5730 οἱ
3679 5677 3753 5728 οἱ·

2255 5871 2367 5943 (τις)
2395 5872 2519 5930 Sur.
2551 5871 2641 5941 ιν,
2664 5870 2786 5926 iss.
