4048 6462
406 486 517 553 7-“5

1658 478 1955 543 ΝῙΟΕΤᾹΞ
1991 479 2401 544 BYZANTINI

3577 482 3719 549 736

406 599 570 658 simul
595 608 650 656 et
678 596 881 670 scripta
910 602 1165 653 exurent.
1202 595 1389 652 Altera
1423 608 1590 651 causa
1624 593 1745 658 fuit,
1770 593 1917 665 quod
1944 594 1989 651 si

2110 612 2200 663 αου
2226 598 2321 650 καὶ
2344 592 2415 649 τὰ
2446 593 2810 669 γεγραμμένα
2842 595 2981 667 παρ’
3011 596 3168 669 ἐμοῦ.
3209 596 3440 668 Ἑτέραν
3483 597 3567 665 εε,
3605 601 3712 655 ὃτι

405 682 844 748 annuenteredi
875 689 1356 754 resurrectionem,
1408 703 1514 742 non
1561 688 1697 743 satis
1737 688 1842 742 erit
1874 703 1993 744 ser-

404 782 555 839 moni
587 797 716 839 meo
752 794 814 839 ut
842 782 1082 854 legatum
1108 782 1288 852 ipsum
1331 780 1583 851 appellet.
1620 778 1754 834 Nam
1788 781 1832 836 sl
1866 796 1992 837 vere

402 876 730 944 resurrexit,
777 892 1122 947 quaecunque
1156 876 1320 931 etiam
1356 873 1493 931 dixit
1533 874 1845 930 credentur.
1871 871 1990 930 Jam

402 968 450 1025 si
480 969 717 1024 dixerit:
751 968 925 1025 Filius
950 969 1044 1024 Dei
1074 984 1220 1031 sum,
1244 968 1591 1039 Agarismnm
1645 976 1817 1023 totum
1850 966 1992 1035 peri-

407 1059 532 1126 mit,
565 1062 696 1129 quia
727 1060 781 1115 in
825 1060 988 1115 unius
1035 1074 1283 1129 persona:
1331 1058 1519 1113 fraude
1551 1069 1661 1115 tota
1698 1059 1877 1114 tabula
1911 1060 1995 1114 ni-

404 1152 560 1208 titur.
609 1152 902 1208 Annuebat
954 1153 1142 1223 itaque
1203 1152 1381 1223 ipsum
1444 1157 1706 1223 tanquam
1759 1153 1992 1209 alterum

404 1242 581 1300 Etiam
617 1245 798 1314 potius
837 1254 1204 1315 assumptum,
1255 1237 1422 1313 quam
1450 1262 1480 1301 e
1519 1246 1752 1302 mortuis
1782 1246 1995 1303 excita-

400 1325 548 1392 tum.
578 1337 728 1395 Talis
756 1348 841 1395 est
867 1337 1070 1394 diaboli
1111 1338 1319 1393 malitia
1349 1339 1363 1394 l

473 1428 564 1485 ιθ.
598 1427 663 1484 Et
708 1429 871 1500 paulo
915 1438 1057 1500 post,
1088 1429 1272 1485 denuo
1317 1429 1408 1485 hic
1449 1430 1651 1487 stultus
1694 1431 1799 1486 sibi
1852 1430 1998 1488 inla-

407 1520 574 1575 miam
628 1521 954 1586 concilians,
983 1537 1088 1578 nec
1129 1523 1259 1593 quid
1298 1521 1539 1592 patiatur
1584 1525 1851 1584 sentiens.
1878 1526 1995 1580 ait:

412 1633 432 1667 ι
476 1613 939 1681 Christus'Jesus,
975 1616 1161 1671 Maria:
1208 1616 1373 1682 ﬁlius,
1416 1617 1628 1690 legatus
1672 1616 1762 1673 Dei
1810 1627 1914 1685 est,
1946 1626 2002 1673 cl.

405 1707 651 1776 ejusdem
714 1706 954 1763 Verbum
1018 1709 1165 1779 quod
1237 1708 1290 1763 in
1352 1708 1579 1766 Mariam
1631 1710 2002 1774 immisitwet

404 1799 643 1871 Spiritus
672 1816 739 1856 ex
787 1815 875 1857 eo.
920 1819 940 1854 ι
971 1800 1017 1857 Ο
1065 1818 1257 1859 amens
1306 1811 1361 1860 et
1393 1802 1616 1859 insane!
1660 1804 1705 1860 si
1760 1803 1996 1860 Verbum

378 1893 497 1950 ’Dci
528 1907 612 1951 est
653 1893 931 1954 Christus.
959 1904 1019 1949 ut
1062 1901 1119 1950 tu
1158 1894 1261 1959 ais,
1294 1896 1563 1952 veraciter
1601 1897 1784 1953 omnia
1832 1897 1996 1954 dicet.

2093 687 2157 742 Εί
2194 685 2377 758 δοθείη
2423 686 2766 759 πιστῖυθῆναι
2819 691 2920 760 τὴν
2951 692 3271 757 ἀνάστασιν,
3328 691 3430 763 οὐχ
3467 691 3709 771 ἵσταταί

2097 795 2199 848 μου
2229 779 2258 832 6
2291 778 2451 848 λόγος
2485 777 2645 852 μέχρι
2682 778 2779 833 τοῦ
2821 779 3122 835 ἀπόστολον
3161 781 3324 835 αὐτὸν
3347 783 3664 837 ἀποκαλεῖν
3685 798 3703 813 ·

2094 872 2142 922 εί
2164 870 2275 941 γάρ
2307 868 2523 941 ἀληθῶς
2542 869 2764 942 ἀνέστη,
2795 872 2890 924 καὶ
2916 871 3017 925 ὅσα
3050 871 3197 943 λέγει
3230 875 3704 947 πιστευθήσεται*

2093 961 2270 1031 λέγων
2285 962 2341 1017 δέ
2359 964 2440 1018 ὅτι
2456 963 2582 1027 Υἱός
2604 965 2718 1017 ἐστι
2733 962 2896 1032 Θεοῦ,
2917 964 3012 1019 τὸν
3041 966 3379 1038 Ἀγαρισμδν
3395 969 3708 1024 παντάπα-

2098 1073 2183 1109 σιν
2208 1057 2442 1127 ἀναιρεῖ,
2469 1057 2893 1128 μονοπρόσωπὸν
2914 1075 3035 1113 τινα
3059 1058 3267 1127 πλάνην
3287 1061 3705 1131 μυθευόμενον

2095 1148 2356 1220 ἠνέσχετο
2386 1147 2478 1203 οῦν
2524 1150 2668 1203 κατά
2723 1149 2816 1203 τὸν
2849 1148 3038 1206 Ἠλίαν
3092 1150 3255 1204 αὐτὸν
3306 1151 3709 1223 ἀναληφθέντα

2097 1239 2286 1308 φάναι,
2320 1240 2352 1311 ἦ
2377 1241 2442 1295 ἐκ
2461 1241 2670 1313 νεκρῶν
2690 1241 3027 1311 ἀναστῆναι·
3056 1242 3282 1314 τοιαύτη
3310 1245 3344 1315 ή
3369 1242 3467 1297 τοῦ
3500 1243 3707 1299 διαϐό-

2097 1333 2193 1387 λου
2229 1333 2557 1405 κακουργία.

2172 1427 2282 1496 μθ’.
2324 1428 2433 1482 Καὶ
2467 1429 2586 1498 μετ’
2615 1427 2774 1496 ὀλίγα
2804 1428 2969 1483 πάλιν
3005 1428 3198 1484 ἐαυτὸν
3221 1430 3249 1483 6
3278 1428 3515 1500 μάταιος
3561 1447 3709 1486 κατ-

2098 1514 2394 1586 αισχύνων,
2450 1517 2545 1570 καὶ
2597 1517 2733 1588 μηδὲ
2787 1518 3109 1590 αἰσθόμενος
3136 1520 3273 1592 ὅπερ
3320 1520 3553 1592 ἔπασχε,
3583 1540 3710 1593 φη-

2102 1608 2187 1662 σίν
2206 1609 2351 1680 (80)’
2394 1628 2414 1663 ι
2457 1609 2516 1664 ’0
2545 1610 2782 1681 Χριστὸς
2825 1612 3033 1684 Ἰησοῦς
3063 1613 3179 1677 υἱὸς
3208 1614 3430 1687 Μαρίας
3450 1615 3708 1670 ἀπόστο-

2100 1699 2192 1765 λος
2215 1701 2350 1755 Θεοῦ
2382 1703 2498 1757 ἐστι
2526 1704 2622 1756 καὶ
2648 1703 2820 1772 Λόγος
2851 1703 3043 1769 αὐτοῦ,
3086 1704 3146 1760 δν
3173 1705 3401 1776 ἔρριψεν
3430 1707 3569 1777 πρὸς
3593 1706 3708 1779 τὴν

2100 1794 2341 1867 Μαρίαν,
2362 1796 2455 1849 καὶ
2486 1795 2713 1864 Πνεῦμα
2750 1795 2810 1862 ἐξ
2835 1795 3026 1854 αὐτοῦ.
3062 1816 3080 1849 ι
3124 1798 3346 1870 Ἀνόητε
3385 1801 3483 1854 καὶ
3507 1800 3705 1870 παρά.-

2103 1904 2238 1957 φρον
2266 1906 2281 1921 ·
2316 1890 2365 1942 εί
2395 1890 2566 1957 Λόγος
2589 1889 2727 1943 Θεόῦ
2754 1892 2783 1944 ό
2812 1890 3072 1962 Χριστὸς,
3096 1890 3173 1956 ὡς
3205 1893 3270 1945 σὺ
3303 1891 3430 1964 φὴς,
3461 1892 3709 1963 ἀληθεύ.

403 1987 570 2057 Atqui
619 1986 753 2042 dit-it
793 1998 853 2043 se
899 1987 1096 2042 Filium
1132 1987 1260 2053 Dei;
1299 1989 1501 2043 etenim
1541 1987 1891 2060 Evangelinm
1944 1998 2001 2045 tu

2110 1998 2189 2035 σει
2219 1980 2397 2036 πάντα
2428 1982 2631 2051 λέγων’
2666 1983 2815 2051 λέγει
2868 1983 2926 2037 δὲ
2951 1984 3035 2039 ὃτι
3087 1984 3217 2047 Υἱός
3254 1986 3372 2039 ἐστι
3400 1984 3495 2039 τοῦ
3522 1985 3703 2039 Θεοῦ·

406 2073 529 2149 ipse
574 2078 760 2134 dixisti
818 2078 999 2150 ipsum
1057 2095 1086 2134 a
1141 2078 1255 2134 Deo
1308 2079 1574 2136 didicisse
1626 2081 2001 2137 :credendnm

406 2172 595 2242 itaque
626 2170 850 2228 Christo
881 2180 987 2228 est.
1014 2171 1188 2228 Porro
1220 2172 1324 2228 lide
1348 2173 1397 2228 ei
1427 2174 1665 2229 adhibita
1687 2214 1702 2239 ,
1739 2173 2004 2245 irreligio-

406 2266 545 2321 sitas
573 2275 690 2327 tua.
728 2276 781 2322 te
821 2266 939 2337 ipso
972 2273 1133 2331 teste,
1169 2275 1411 2321 corruet.
1453 2264 1567 2322 Hoc
1595 2281 1727 2320 vero
1753 2265 2004 2322 mirabile

405 2363 517 2420 est,
548 2355 695 2426 quod
744 2370 870 2411 cum
919 2355 1013 2411 Dei
1048 2353 1287 2410 Verbum
1339 2355 1573 2426 appellet
1612 2353 1915 2422 Christum,
1949 2364 2003 2410 et

410 2446 682 2518 Spiritum
721 2463 785 2503 ex
831 2463 900 2503 eo
930 2462 1051 2503 esse
1080 2448 1247 2512 dicat,
1283 2448 1428 2503 haud
1492 2449 1662 2504 valuit
1704 2450 2007 2521 intelligere

403 2552 467 2592 ea
496 2554 619 2609 qum
656 2554 723 2595 ex
757 2538 852 2595 Dei
892 2538 1203 2596 Substantia
1234 2540 1680 2610 prolicisennlur,
1709 2550 1761 2595 et
1796 2542 1843 2596 ei
1876 2556 2005 2612 pro-

404 2627 520 2699 pria
569 2629 946 2697 coexsistunt,
989 2643 1114 2686 esse
1151 2630 1678 2698 eonsuhstantialia;
1722 2640 1888 2702 atque
1932 2633 2002 2688 ita

410 2734 585 2774 unum
629 2717 800 2775 Deum
862 2720 916 2774 in
971 2719 1150 2776 tribus
1198 2723 1448 2789 personis
1502 2721 1863 2782 adorandum.
1896 2723 2004 2778 Sed

405 2811 582 2866 nihilo
608 2811 790 2868 secius
823 2812 946 2867 rudi
992 2813 1303 2878 ignorantia
1334 2816 1652 2881 excutiens,
1687 2815 1876 2886 paucis
1904 2816 2005 2871 ad-

405 2904 538 2960 ditis
566 2904 748 2963 adhuc
777 2906 962 2978 nugis,
995 2904 1241 2961 fabulam
1277 2906 1505 2963 claudit.

926 3127 1373 3189 CONFUTATIO
1413 3129 1505 3189 lV.

477 3240 569 3299 ὅθ.
599 3243 870 3312 Quartum
905 3245 1296 3317 .‘llohamedicze
1329 3249 1674 3320 mythologia!
1701 3249 2000 3320 capitulum

2102 2071 2165 2125 τὸ
2192 2072 2301 2144 γὰρ
2344 2072 2677 2141 Εὑαγγέλιον
2707 2075 2773 2151 aia
2819 2074 2980 2139 αὐτὸς
3025 2075 3257 2146 εἴρηκας
3281 2078 3346 2130 ἐκ
3374 2075 3511 2130 Θεοῦ
3533 2076 3711 2130 αὑτὸν

2107 2162 2337 2233 μαθεῖν·
2392 2165 2749 2236 πιστευθῆναι
2796 2165 2961 2221 αὑτὸν
3025 2166 3140 2221 δεί’
3197 2168 3582 2234 πιστευθέντος
3639 2169 3710 2224 δὲ

2105 2254 2293 2322 αὐτοῦ,
2318 2257 2351 2328 ἡ
2376 2256 2442 2329 σὴ
2471 2256 2760 2312 δυσσέϐεια
2791 2260 2853 2312 ὲκ
2870 2258 2967 2330 τῆς
2998 2259 3097 2330 σῆς
3125 2262 3433 2333 μαρτυρίας
3454 2264 3711 2333 ἀνατρα-

2106 2349 2181 2421 πή
2191 2365 2340 2403 σεται
2364 2366 2380 2383 ο
2402 2349 2562 2404 τοῦτο
2576 2350 2632 2404 δὲ
2652 2349 2803 2404 ἔστιν
2820 2350 3102 2422 θαυμάσαι
3126 2355 3210 2408 ὅτι
3241 2356 3335 2408 καλ⁸
3356 2354 3505 2424 Θεοῦ.
3524 2355 3714 2424 Λόγον

2104 2440 2197 2494 τὸν
2226 2441 2463 2512 Χριστὸν
2487 2441 2693 2509 καλῶν,
2734 2442 2832 2496 καὶ
2858 2443 2919 2497 τὸ
2949 2442 3176 2515 Πνεῦμα
3204 2444 3264 2511 ἐξ
3291 2446 3459 2500 αὑτοῦ
3493 2446 3704 2516 λέγων,

2106 2534 2166 2588 οῦ
2201 2533 2484 2606 δεδύνηται
2541 2535 2609 2590 τά
2655 2537 2735 2591 ἐκ
2776 2539 2878 2606 τῆς
2933 2536 3122 2601 οὐσίας
3162 2539 3545 2610 προερχόμενα
3602 2538 3707 2592 τοῦ

2106 2627 2263 2692 Θεοῦ,
2296 2628 2391 2681 καὶ
2425 2627 2770 2682 ἰδιοσύστατα
2800 2628 2931 2694 δντα
2963 2629 3231 2700 όμοούσια
3269 2631 3436 2685 αὐτοῦ
3474 2631 3699 2700 νοῆσαι,

2106 2720 2201 2779 καὶ
2231 2720 2404 2784 οὕτως
2431 2719 2528 2774 ἕνα
2551 2720 2686 2774 Θεὸν
2712 2721 2776 2774 ἐν
2810 2721 2991 2792 τρισὶν
3028 2721 3360 2777 ὑποστάσεσι
3383 2723 3707 2794 προσκυνῆ-

2110 2828 2235 2865 σαι·
2267 2812 2382 2866 ἀλλ’
2415 2811 2570 2867 οὐδὲν
2608 2812 2810 2884 μᾶλλον
2842 2812 3187 2877 τυφλοποιῶν
3215 2815 3580 2880 ἀπαιδευσίας
3608 2814 3708 2869 καὶ

2107 2904 2166 2957 ἐν
2201 2902 2487 2976 βραχείαις
2519 2905 2737 2978 ἑτέραις
2758 2905 3071 2978 φλυαρίαις,
3102 2907 3412 2962 καταπαύει
3432 2909 3524 2962 τὸν
3561 2908 3710 2981 φλη-

2106 3015 2299 3068 ναιρον.

2645 3129 3084 3191 ΕΛΕΓΚἹΊΚΟΣ
3116 3138 3191 3192 Δν.

2175 3245 2238 3301 ν’.
2284 3247 2343 3300 '0
2374 3246 2634 3316 τέταρτος
2655 3246 2757 3317 τῆς
2806 3247 3137 3317 μυθολογίας
3162 3247 3241 3320 τῷ
3272 3249 3530 3321 Μωάμετ
3561 3248 3703 3321 (8i),

408 3332 735 3390 inscribitur
772 3336 978 3391 Mensa.
1014 3336 1250 3393 Blaterat
1291 3349 1472 3394 autem
1503 3340 1572 3396 de
1602 3341 1852 3395 carnium
1903 3356 1999 3397 esn

2110 3339 2636 3411 ἐπιγέγραπταιεμὲν
2661 3340 2822 3410 λόγος
2841 3343 2946 3405 Είς
2980 3340 3096 3408 τὴν
3113 3340 3427 3410 τράπεζὶιν.
3452 3342 3708 3425 παραλα-

409 3425 561 3482 t‘erro
617 3442 884 3483 caesarum
907 3470 923 3494 ,
962 3444 1134 3498 porco
1166 3441 1434 3500 excepto;
1476 3440 1538 3485 ut
1573 3432 1703 3487 hinc
1739 3434 2005 3488 barbaros

408 3518 652 3575 mundos
691 3535 815 3575 esse
862 3520 1123 3576 declaret.
1158 3521 1467 3590 Perjurium
1508 3532 1559 3577 et
1613 3523 2004 3578 seortationein

407 3609 655 3675 damnat,
702 3619 762 3666 ut
807 3612 986 3667 bonus
1029 3613 1286 3669 videatur
1323 3613 1625 3686 legislator.
1675 3615 1890 3671 Oblitus
1925 3616 2012 3672 est

409 3710 595 3756 autem
649 3713 777 3759 ante
802 3704 1317 3776 dictorum,nempe
1354 3722 1370 3761 :
1412 3724 1432 3758 ι
1478 3706 1891 3778 Congredimini
1940 3723 2007 3763 es

407 3795 721 3852 animorum
753 3808 1060 3853 vestrorum
1095 3800 1424 3855 sententia.»
1457 3798 1689 3856 Eosdem
1731 3801 2010 3871 puritlcari

409 3890 526 3944 vult
551 3890 619 3944 ad
651 3891 956 3947 orationem
986 3903 1199 3958 euntes,
1233 3893 1278 3948 si
1311 3893 1468 3963 copia
1501 3895 1592 3952 sit.
1628 3908 1805 3964 aqua;
1835 3895 1918 3950 sin
1946 3909 2012 3950 ea

409 3983 576 4049 desit,
609 3984 990 4054 pulvere;qui
1032 3984 1277 4055 quidem,
1314 3993 1374 4039 ιιι
1416 3999 1611 4041 omnes
1663 3985 1868 4051 sciunt,
1901 4001 2010 4040 non

409 4075 704 4146 purgandi,
735 4076 830 4132 sed
864 4076 1184 4132 sordidandi
1212 4078 1319 4132 vim
1348 4077 1539 4133 habet.
1573 4077 1791 4133 Rursus
1825 4084 2010 4132 autem

412 4168 593 4225 timori
625 4184 728 4224 suo
758 4170 1034 4236 consulit;
1077 4170 1208 4241 quia
1252 4171 1397 4226 enim
1446 4170 1697 4231 audierat
1730 4169 2010 4226 Christmn

408 4259 635 4328 dixisse,
652 4262 813 4316 linem
839 4261 1228 4332 prophetarum
1258 4277 1380 4317 esse
1407 4259 1673 4317 Joannem
1696 4262 1716 4293 ⁷
1739 4262 2015 4331 ;itemque

408 4353 731 4422 Apostolum
755 4354 1203 4424 pronuntiantem
1236 4371 1250 4407 :
1284 4352 1574 4409 Plenitudo
1597 4354 1733 4424 legis
1759 4354 2012 4409 Christus

410 4445 481 4499 ad
527 4446 982 4516 justiﬁeationem
1040 4451 1190 4502 omni
1244 4446 1587 4514 credenti“,
1640 4458 1892 4511 metuens
1946 4463 2014 4503 ne

2109 3431 2192 3486 λεί
2220 3432 2276 3485 δὲ
2325 3431 2453 3504 περὶ
2487 3431 2745 3503 βρώσεως
2770 3433 2950 3505 κρεῶν
2982 3434 3091 3488 τῶν
3117 3433 3204 3488 διὰ
3235 3435 3532 3505 μαχαίρας,
3561 3435 3707 3505 πλὴν

2108 3525 2387 3597 χοιρείουο
2417 3524 2494 3591 ὠς
2542 3525 2706 3596 δῆθεν
2752 3528 2817 3580 ἐκ
2868 3526 3061 3582 τούτου
3118 3526 3395 3598 καθαροὺς
3423 3511 3707 3599 ἀποφῆναι

2110 3617 2238 3681 τοὺς
2264 3617 2576 3689 βαρϐάρους
2628 3616 3099 3688 ἐπαγγελλόμενος
3123 3635 3137 3649 ⁸
3194 3618 3291 3698 καλ⁸
3321 3618 3614 3690 ἐπιορκίαν
3646 3619 3705 3673 δὲ

2112 3711 2208 3766 καὶ
2239 3710 2497 3781 πορνείαν
2529 3711 2884 3776 καταδικάζει
2907 3711 3044 3784 (82),
3075 3712 3136 3765 τὸ
3158 3711 3305 3778 δόξαι
3327 3712 3533 3780 ἀγαθὸς
3561 3709 3705 3766 εἶναι

2110 3800 2447 3871 νομοθέτης-⁸
2500 3800 2793 3855 ἐπελάθετο
2812 3801 2890 3867 δὲ,
2941 3802 3018 3866 ὡς
3070 3802 3339 3875 πρότερον
3363 3803 3573 3872 ἔλεγεν,
3621 3804 3705 3858 ὅτι

2119 3910 2137 3944 ι
2166 3892 2458 3946 Συνέλθετε
2507 3896 2626 3957 ταῖς
2657 3893 2857 3964 ψυχαῖς
2899 3893 3095 3963 ὑμῶν’
3151 3914 3171 3949 ι
3227 3898 3325 3949 καὶ
3378 3894 3702 3967 καθαρίζειν

2116 3984 2315 4048 αὐτοὺς
2353 3985 2435 4048 είς
2458 3982 2623 4056 εὐχὴν
2654 3984 2831 4049 ἰόντας
2866 3985 3152 4056 βούλεται,
3203 3989 3251 4041 εί
3286 3987 3386 4058 μὲν
3415 3989 3701 4061 πάρεστιν,

2114 4076 2297 4130 ὕδατι·
2322 4078 2371 4131 εἰ
2389 4077 2446 4131 δέ
2472 4077 2534 4130 ού
2565 4078 2830 4148 πάρεστιν
2851 4119 2865 4143 ,
2908 4076 3124 4149 χώματι
3143 4093 3159 4109 ⁸
3188 4078 3327 4150 ὅπερ
3360 4081 3496 4133 πᾶσι
3545 4079 3705 4151 δῆλόν

2114 4170 2265 4223 ἐστιν
2285 4170 2345 4222 οὐ
2376 4169 2894 4243 καθαρτικὴν,ἀλ).ά
2923 4170 3158 4238 πιναρὰν
3179 4169 3302 4241 ἔχον
3332 4171 3515 4242 φύσιν.
3530 4166 3705 4226 Πάλιν

2098 4263 2173 4317 δὲ
2230 4263 2328 4333 τῆς
2381 4264 2510 4334 περὶ
2565 4262 2734 4335 φόϐου
2795 4261 2961 4317 αὑτοῦ
3013 4263 3325 4329 ὑποθέσεως
3380 4264 3702 4337 δράττεται·

2115 4355 2303 4426 ἐπειδὴ
2330 4354 2439 4427 γὰρ
2468 4355 2669 4426 ῆκουσε
2697 4355 2793 4409 τοῦ
2822 4355 3061 4427 Χριστοῦ
3087 4357 3359 4426 λέγοντος,
3390 4359 3543 4422 τέλος
3574 4375 3705 4430 προς-

2119 4446 2306 4519 ιρητῶν
2336 4442 2475 4500 εἶναι
2507 4446 2599 4501 τὸν
2646 4446 2934 4518 Ἰωάννην·
2993 4447 3090 4503 καὶ
3135 4448 3230 4501 τοῦ
3274 4449 3597 4504 Ἀποστόλου
3627 4450 3705 4504 εἰ-

410 4536 558 4593 forte
585 4538 756 4610 aliqui
803 4538 854 4593 ei
893 4538 1142 4594 dicerent
1176 4556 1191 4594 :
1223 4539 1343 4596 Non
1383 4551 1468 4597 est
1496 4541 1655 4597 nobis
1706 4543 1850 4600 alius
1893 4558 2005 4614 pro-

2120 4541 2335 4604 πόντος,
2376 4559 2397 4592 t
2434 4540 2714 4611 Πλήρωμα
2734 4540 2903 4610 νόμου
2952 4540 3189 4611 Χριστὸς
3237 4541 3318 4606 είς
3359 4541 3706 4613 δικαιοσύνην

412 4631 575 4700 pheta
605 4630 914 4701 premissus
936 4641 1058 4701 post
1081 4632 1385 4701 Christum;
1408 4650 1511 4690 cur
1534 4651 1666 4708 ergo
1698 4645 1755 4690 tu
1776 4637 2012 4707 legatum

2119 4631 2284 4683 παντὶ
2307 4629 2386 4701 τῷ
2427 4629 2763 4695 πιστεύοντι,
2793 4647 2811 4681 ι
2852 4629 3114 4701 φοϐηθεὶς
3145 4630 3221 4702 μή
3257 4648 3419 4685 τινων
3446 4632 3584 4703 πρὸς
3614 4632 3709 4687 αύ-

414 4731 470 4777 te
500 4721 593 4777 Dei
626 4739 691 4779 ac
743 4724 1068 4794 prophetam
1129 4727 1423 4783 nomin‘as?
1453 4736 1727 4795 metuens,
1761 4727 2005 4799 inquam,

2115 4723 2208 4776 τὸν
2229 4721 2516 4793 λεγόντων,
2566 4722 2682 4776 Οὐκ
2721 4722 2920 4793 ἔχομεν
2950 4723 3285 4793 ἐπαγγελίαν
3337 4725 3528 4795 ἐτέρου
3568 4743 3705 4797 προ-

414 4828 485 4867 ne
524 4816 761 4869 mendax
792 4814 1090 4882 videretur,
1128 4816 1333 4872 fatetur
1376 4832 1437 4874 se
1471 4834 1688 4889 quoque
1717 4820 1859 4875 seire
1897 4836 2012 4874 rem

2114 4819 2288 4887 φήτου
2329 4815 2470 4885 μετά
2498 4813 2769 4886 Χριστόν·
2808 4814 2971 4869 πόθεν
3003 4812 3096 4871 οὖν
3126 4816 3191 4870 σὺ
3243 4816 3438 4871 ἐαυτὸν
3472 4818 3706 4873 ἀπόστο-

414 4907 488 4962 ita
520 4921 583 4964 se
617 4908 819 4964 habere
848 4926 863 4963 :
898 4916 1121 4965 causam
1152 4908 1293 4966 vero
1310 4911 1465 4981 ponit
1489 4911 1759 4968 adventus
1800 4912 1908 4979 sui,
1937 4911 2005 4968 Νι

2112 4906 2203 4960 λον
2248 4904 2387 4960 Θεοῦ
2440 4906 2537 4960 καὶ
2576 4906 2864 4979 προφήτην
2932 4907 3265 4977 όνομάζεις;
3316 4907 3457 4974 δόξει
3506 4908 3707 4981 ψευδὴς

416 5015 534 5068 vos,
586 5000 834 5072 inquam,
882 5002 1146 5062 diceretis
1202 5006 1480 5059 neminem
1515 5004 1902 5077 evangelistam
1947 5007 2017 5061 ad

415 5109 515 5150 vos
558 5094 1084 5165 venissezprobans
1135 5096 1284 5163 hinc,
1337 5095 1617 5153 Christum
1664 5107 1886 5169 propter
1920 5114 2017 5155 ve-

414 5196 586 5244 stram
611 5189 903 5243 utilitatem
930 5190 1214 5246 mentitum
1243 5208 1257 5245 :
1290 5189 1519 5267 contigit
1547 5202 1731 5246 autem
1758 5191 1832 5246 illi
1865 5207 2030 5264 prora

416 5297 515 5338 sus
540 5297 667 5338 esse
693 5282 969 5348 mendaci,
1004 5282 1134 5352 quia
1160 5283 1306 5353 quod
1339 5282 1587 5339 futurum
1609 5293 1729 5339 erat
1751 5286 2014 5341 nescivit:

414 5375 772 5446 quamobrem
801 5389 887 5429 me
906 5375 1249 5439 adveniente,
1276 5375 1367 5429 ille
1406 5377 1640 5432 mendax
1675 5377 1886 5433 evasit:
1918 5376 2011 5449 qui

416 5477 601 5523 autem
658 5467 943 5534 mentitur,
998 5482 1068 5521 ne
1122 5465 1268 5522 Dens
1329 5466 1552 5538 quidem
1605 5478 1710 5526 est.
1753 5453 1881 5525 Hinc
1931 5476 2016 5526 est

418 5561 652 5634 benigna
682 5560 969 5618 inhumani
1001 5559 1245 5619 hominis
1271 5560 1505 5632 species,
1528 5571 1582 5619 et
1614 5562 1808 5620 fabulae
1839 5564 1908 5620 ab
1945 5576 2013 5620 eo

514 5734 534 5767 '
557 5733 751 5791 Matth.
792 5752 870 5804 ιι,
910 5735 993 5792 l3.
1068 5735 1093 5769 ⁸
1125 5734 1287 5791 Rom.
1321 5750 1374 5802 ι,
1409 5736 1466 5791 4.

497 5885 611 5958 (so)
638 5850 781 5944 'Sur.
801 5887 902 5955 tv,
934 5888 1056 5943 I69.

497 5958 612 6027 (8|)
652 5961 780 6014 Sur.
819 5958 882 6023 V,
919 5958 974 6013 Ξ.

2116 4994 2280 5065 εἶναι,
2305 5000 2565 5068 ὁμολογεῖ
2588 4997 2686 5053 καὶ
2725 4998 2889 5063 αὐτὸς
2916 4998 3062 5053 οὕτω
3095 4998 3267 5054 ταῦτα
3301 5000 3446 5071 ἔχειν
3482 5000 3704 5055 εἰδέναι·

2113 5089 2297 5146 αἰτίαν
2317 5089 2375 5143 δὲ
2412 5088 2627 5161 τίθησιν
2660 5086 2763 5156 τῆς
2789 5086 3055 5151 ἐλεύσεως
3080 5085 3268 5155 αὑτοῦ,
3293 5088 3400 5141 Τοῦ
3432 5086 3507 5157 μὴ
3530 5087 3708 5154 λέγειν

2118 5184 2286 5255 ὑμᾶς,
2338 5182 2524 5252 φησὶν,
2575 5181 2691 5236 οὐκ
2731 5175 2898 5252 ἦλθεν
2927 5181 3060 5252 ἡμῖν
3116 5180 3146 5233 6
3172 5177 3664 5250 εὐαγγελιζόμενος
3688 5194 3704 5209 .

2116 5276 2543 5341 κατασκευάζων
2580 5273 2854 5341 ἐντεῦθεν,
2898 5274 2979 5328 ὅτι
3011 5271 3111 5327 Διά
3140 5271 3202 5326 τὸ
3251 5272 3406 5345 ὑμῶν
3429 5273 3707 5345 συμφέρον

2112 5373 2142 5427 ό
2172 5371 2409 5443 Χριστὸς
2466 5368 2771 5441 ἐψεύσατοο
2830 5366 3141 5439 ψεύσασθαι
3191 5365 3248 5419 δὲ
3296 5365 3461 5420 αὐτὸν
3508 5365 3706 5438 συνέϐη

2113 5463 2334 5527 πάντως
2365 5462 2434 5515 τὰ
2461 5460 2729 5533 μέλλοντα
2760 5458 2836 5532 μὴ
2856 5458 3035 5513 εἰδότα
3057 5472 3071 5487 ·
3103 5455 3244 5511 ὥστε
3273 5455 3409 5527 ἐμοῦ
3433 5454 3702 5521 ἐλθόντος,

2120 5558 2328 5622 ἐκεῖνος
2350 5555 2643 5628 ἐψεύσατοο
2672 5551 3016 5627 ψευσάμενος
3044 5550 3124 5619 δὲ,
3168 5549 3291 5605 οὐδὲ
3326 5547 3458 5615 Θεδς
3487 5548 3555 5606 ἀν
3576 5549 3664 5622 εἴη
3684 5562 3700 5579 ο

2194 5883 2307 5959 (82)
2333 5885 2459 5943 Sur.
2498 5883 2561 5957 V,
2602 5885 2658 5954 ϐ,
2695 5884 2750 5942 7.
