4048 6442
401 363 514 428 737

1575 367 2015 431 REFUTATIO
2068 369 2551 432 MOHAMEDIS.

3577 382 3688 447 713

397 474 648 530 τοιοῦτον
680 474 741 530 τὸ
791 475 1175 548 φιλάνθρωπον
1207 477 1302 534 τοῦ
1354 479 1728 553 ἀπανθρώπου
1761 484 1949 554 σχῆμα
1974 524 1988 550 ,

2099 483 2363 552 conﬁctae,
2397 499 2585 541 scena.
2617 484 2724 542 Sed
2758 487 2883 544 inde
2917 492 3263 549 convincitur
3295 495 3442 565 quod
3476 497 3688 553 nullum

401 566 504 620 καὶ
554 567 589 639 ἡ
647 565 822 638 σκηνὴ
850 567 946 621 τοῦ
979 567 1248 637 μυθαρίου
1278 570 1475 624 αὑτοῦ·
1531 571 1814 643 ἐλέγχεται
1845 574 1904 627 δὲ
1935 576 2000 628 ἐκ

397 657 498 713 τοῦ
535 659 704 731 μηδέν
737 676 788 713 τι
830 660 1172 732 προφητικὸν
1209 651 1434 733 σημεῖον
1466 665 1596 737 παρ’
1626 665 1792 718 αὑτοῦ
1844 667 2000 739 εὐρί-

405 753 658 808 σκεσθαι.

477 845 576 902 να’.
621 847 703 902 Τὰ
737 848 969 904 εἰωθότα
1021 849 1079 904 δὲ
1126 847 1276 919 αύτῷ
1322 850 1678 921 ψευδηγορῶν
1727 851 1870 906 κατὰ
1900 855 1998 924 τῆς

399 940 558 1005 Θείας
590 941 817 1012 Γραφῆς
863 942 999 1012 (85),
1036 941 1369 1014 μνημονεύει
1405 941 1501 996 τοῦ
1536 941 1770 997 Θανάτου
1805 945 1993 1010 Ἅϐελ,

399 1034 500 1088 καὶ
551 1034 763 1105 κόρακα
801 1035 952 1103 λέγει
991 1035 1155 1087 αὑτοῦ
1211 1033 1370 1106 σῶμα
1424 1033 1592 1106 ϐάψαι
1639 1037 1872 1106 ὁρωντος
1900 1036 1995 1090 τοῦ

399 1126 567 1191 Κάῖν,
607 1123 702 1178 καὶ
734 1125 799 1177 ὲκ
824 1123 1016 1178 τούτου
1074 1126 1154 1188 εἰς
1184 1124 1478 1191 κατάνυξιν
1508 1125 1828 1198 ἐληλυθέναι
1847 1143 1860 1155 ·
1886 1125 1996 1180 τῶν

401 1216 498 1270 ἐπὶ
530 1217 734 1287 σκηνῆς
785 1216 963 1272 ταῦτα
1013 1217 1110 1272 καὶ
1166 1218 1475 1289 μεθυόντων
1521 1219 1554 1290 ἢ
1623 1219 1994 1290 μαινομένων.

413 1309 724 1381 Ὀμαλίζων
780 1309 838 1363 δὲ
879 1310 978 1375 τὰς
1036 1309 1145 1364 τῶν
1182 1311 1474 1382 βαρϐάρων
1513 1315 1740 1385 καρδίας
1765 1313 1903 1381 πρὸς
1935 1313 1996 1366 τὸ

401 1402 816 1471 παραδέξασθαι
889 1404 988 1468 τὰς
1040 1404 1205 1458 αὐτοῦ
1267 1403 1655 1476 βλασφημίας,
1722 1408 1996 1478 μέμνηται

401 1495 572 1549 πάλιν
592 1493 830 1566 Χριστοῦ
854 1497 948 1548 καὶ
976 1495 1071 1550 τοῦ
1111 1497 1468 1566 Εὑαγγελίου,
1511 1496 1606 1551 καὶ
1639 1498 1832 1553 ἑαυτὸν
1864 1501 1995 1554 ἀνα-

399 1587 624 1661 τρέπων
665 1588 726 1640 ού
785 1587 1017 1657 συνορᾷ’
1056 1592 1191 1660 φησί
1236 1591 1381 1661 γάρ’
1420 1611 1437 1642 ι
1468 1591 1900 1662 Ἀπεστείλαμεν
1935 1593 1993 1645 δὲ

399 1681 699 1734 ἀκόλουοον
749 1683 976 1744 τούτων,
1031 1683 1250 1735 πάντων
1277 1682 1476 1754 δηλαδὴ
1514 1684 1623 1738 τῶν
1672 1685 1988 1756 προφητῶν,

414 1770 628 1841 Ἰησοῦν
647 1772 738 1826 τόν
773 1772 887 1825 υἰὺν
918 1772 1018 1844 τῆς
1048 1774 1266 1844 Μαρίας
1305 1776 1385 1838 εἰς
1411 1776 1471 1829 τὸ
1502 1775 1903 1846 ἀληθοποιῆσαι
1927 1777 1994 1828 τὰ

2101 577 2485 648 pmpheticum
2518 579 2782 636 indicium
2810 584 2951 653 apud
2985 600 3109 639 cum
3141 587 3513 657 comperiatur

2175 848 2266 904 5i.
2301 849 2420 905 Jam
2459 866 2590 906 vero
2623 862 2883 909 consueta
2915 855 3020 911 sibi
3066 857 3350 916 mendacia
3385 873 3576 920 contra
3605 865 3692 921 di-

2101 934 2289 990 vinam
2315 935 2656 1008 Scripturam
2689 941 2987 1009 blaterans,
3014 944 3200 1003 Abelis
3231 957 3459 1012 mortem
3489 969 3693 1009 memo-

2101 1037 2206 1094 rat,
2262 1039 2316 1084 et
2350 1045 2380 1084 a
2411 1046 2581 1088 corvo
2626 1033 2761 1089 dicit
2813 1036 3072 1092 traditum
3120 1039 3415 1110 sepulturae
3459 1045 3692 1102 cadaver

2081 1121 2240 1188 ejus,
2292 1133 2574 1193 spectante
2618 1125 2814 1194 Caino,
2867 1129 2962 1200 qui
3013 1129 3223 1188 idcirco
3274 1141 3693 1206 compunctione

2099 1221 2274 1268 tactus
2301 1212 2483 1270 fuerit.
2508 1216 2633 1274 llaec
2658 1230 2784 1274 sunt
2807 1221 3114 1278 ludentium
3139 1223 3192 1279 in
3217 1241 3381 1283 scena
3422 1238 3477 1284 et
3503 1230 3688 1287 ebrio-

2097 1319 2216 1360 rum
2254 1316 2350 1361 aut
2378 1300 2676 1366 amentium
2708 1313 2951 1384 propria.
2995 1315 3134 1372 Tum
3179 1327 3238 1374 ut
3278 1322 3447 1377 corda
3495 1323 3692 1379 barba-

2097 1413 2287 1452 rorum
2321 1399 2629 1458 demulceat
2660 1407 2727 1460 ad
2756 1422 2884 1462 snas
2913 1409 3266 1480 excipiendas
3297 1412 3688 1485 blasphemias,

2095 1489 2297 1546 Christi
2347 1493 2548 1550 iterum
2591 1499 2843 1555 meminit
2866 1512 3030 1572 atque
3061 1505 3363 1574 Evangelii,
3397 1523 3498 1564 nec
3541 1511 3688 1580 quod

2095 1598 2156 1639 se
2191 1583 2369 1654 ipsum
2397 1596 2604 1642 evertat
2629 1589 2792 1646 videt.
2819 1593 2909 1647 Ait
2938 1594 3083 1649 enim
3117 1613 3131 1650 :
3172 1614 3191 1648 ι
3227 1596 3475 1655 Misimus
3499 1611 3686 1656 autem

2095 1686 2218 1746 post
2265 1679 2492 1750 vestigia
2524 1682 2758 1748 horum,
2798 1688 3044 1742 omnium
3085 1689 3338 1747 videlicet
3391 1694 3689 1764 propheta-

2098 1786 2243 1834 rum,
2281 1769 2465 1827 Jcsum
2495 1773 2680 1831 Mariae
2730 1777 2898 1831 ﬁlium
2924 1819 2938 1842 ,
2977 1789 3037 1834 ut
3067 1783 3346 1837 veritatem
3395 1795 3692 1842 tcs'arctur

398 1863 512 1932 πρὸ
541 1862 705 1916 αὑτοῦ
735 1862 805 1918 τὰ
829 1863 923 1916 τοῦ
948 1865 1138 1930 νόμου,
1170 1866 1583 1936 καταγαγόντες
1616 1867 1766 1937 αὐτῷ
1811 1869 1906 1921 καὶ
1935 1871 1996 1922 τδ

2101 1862 2250 1918 illius
2279 1880 2402 1934 quae
2425 1875 2554 1922 ante
2586 1867 2764 1940 ipsum
2808 1869 2915 1924 fuit
2948 1873 3114 1942 legis;
3157 1875 3318 1945 eique
3362 1879 3690 1936 tradidimus

398 1954 760 2024 Εύαγγέλιον,
796 1959 854 2012 ὲν
879 1953 924 2027 ᾦ
957 1958 1107 2012 ἐστιν
1130 1960 1412 2031 όδήγησις,
1451 1960 1590 2029 φῶς,
1643 1962 1738 2015 καὶ⁹
1785 1960 1994 2016 δικαιο-

401 2044 565 2116 σύνη,
596 2045 740 2099 κατὰ
781 2045 881 2117 τὴν
938 2046 1172 2119 δύναμιν
1204 2049 1299 2102 τοῦ
1357 2049 1467 2119 πρὸ
1497 2051 1662 2105 αὐτοῦ
1695 2051 1883 2122 νόμου,
1914 2055 1996 2117 είς

395 2137 659 2208 ὀδήγησιν
681 2139 776 2192 καὶ
805 2139 1140 2209 ἐπαγγελίαν
1166 2143 1278 2205 τοῖς
1303 2140 1679 2213 φοϐουμένοις,
1704 2144 1796 2196 καί
1825 2144 1904 2206 εἰς
1933 2143 1996 2196 τὸ

397 2233 590 2300 κρῖναι
625 2232 752 2296 τοὺς
774 2231 868 2285 τοῦ
901 2233 1271 2301 Εύαγγελίουο
1307 2235 1494 2289 ἕνεκεν
1523 2235 1651 2301 τῶν,
1682 2235 1995 2304 κατήγαγεν

395 2325 429 2376 ὁ
461 2322 592 2387 Θεὸς
622 2325 876 2395 ἐντούτῳ
899 2342 914 2357 ο
954 2327 1052 2379 καὶ
1075 2327 1226 2390 ὅστις
1261 2327 1327 2381 ἂν
1371 2327 1535 2398 κρίνῃ
1578 2328 1690 2398 (84)
1739 2329 1818 2392 εἰς
1848 2328 1995 2398 ἆπερ
2027 2388 2030 2391 _

396 2416 720 2487 κατήγαγεν
745 2417 774 2468 ὁ
800 2417 952 2483 Θεὸς,
989 2410 1139 2471 οὗτοί
1178 2419 1285 2472 εἰσι
1315 2420 1649 2491 παράνομοι.
1691 2439 1709 2472 ι
1743 2414 1892 2492 Ἀρά
1930 2436 1994 2487 γε

399 2507 776 2576 ὲπεγίνωσκεν
807 2507 952 2580 ἅπερ
979 2510 1280 2581 παρελάλει
1303 2511 1332 2564 ὁ
1366 2511 1596 2582 μάταιος
1623 2529 1639 2579 ;
1665 2513 1712 2565 εί
1731 2513 1838 2582 γὰρ
1862 2512 1996 2582 ἁληο

397 2598 693 2671 οοποιῆσαι
726 2601 794 2654 τὰ
856 2601 965 2672 πρὸ
1013 2601 1179 2654 αὐτοῦ
1234 2602 1306 2656 τὰ
1365 2601 1460 2655 τοῦ
1518 2603 1706 2673 νόμου,
1754 2599 1918 2674 ἦλθεν
1967 2603 1996 2656 ὁ

396 2690 658 2761 Χριστὸς,
691 2691 787 2745 καὶ
835 2693 897 2746 τὸ
945 2693 1281 2762 Εύαγγέλιον
1312 2693 1430 2761 φῶς
1475 2695 1569 2747 καί
1601 2695 1861 2766 ὀδήγησιν
1886 2697 1997 2758 τοῖς

397 2782 712 2854 ἀνθρώποις
740 2784 997 2851 δέδωκεν,
1021 2787 1097 2851 ὼς
1127 2787 1192 2840 σὺ
1235 2786 1544 2856 ὁμολογεῖς,
1578 2787 1674 2840 καὶ
1701 2788 1762 2840 τὸ
1815 2788 1996 2856 κρίσιν

398 2873 565 2937 αὐτὸς
592 2877 767 2944 ποιεῖν
801 2875 1008 2945 μέλλει,
1059 2877 1142 2930 σοὶ
1168 2879 1222 2929 τί
1256 2877 1633 2948 περιλείπεται
1661 2880 1996 2946 εἰσενεγκεῖν

2097 1951 2486 2025 Ενιιιιεοιίυηι,
2525 1959 2578 2014 in
2627 1975 2736 2030 quo
2764 1971 2849 2018 est
2887 1963 3136 2031 directio,
3186 1967 3302 2033 lux,
3353 1977 3410 2023 et
3453 1968 3689 2038 justitia,

2097 2046 2399 2102 secundum
2430 2049 2573 2106 vires
2599 2051 2734 2122 legis
2756 2064 2882 2109 ante
2910 2070 3036 2110 eum
3066 2057 3210 2125 latae,
3235 2060 3301 2114 ad
3333 2061 3689 2122 directionem

2096 2145 2151 2190 et
2183 2141 2674 2198 commonitionem
2708 2145 3112 2214 timoratorum,
3143 2157 3308 2220 atque
3343 2162 3401 2206 ut
3423 2153 3688 2222 judicium

2095 2242 2391 2287 exerceant
2421 2233 2699 2306 Evangelii
2738 2240 2990 2310 asseclaa.
3028 2241 3152 2296 Ideo
3189 2242 3241 2297 id
3287 2244 3510 2301 demisit
3562 2247 3692 2302 huic

2096 2321 2262 2377 Deus.
2294 2323 2360 2378 Et
2384 2325 2476 2395 qui
2511 2326 2664 2398 (non)
2705 2327 3102 2398 judicaverint,
3138 2333 3205 2385 de
3254 2332 3361 2388 illis
3391 2350 3514 2404 qua:
3546 2335 3691 2390 Deus

2099 2416 2344 2482 tradidit,
2382 2417 2434 2472 hi
2457 2428 2584 2473 sunt
2619 2422 3065 2488 prmvaricantcs.
3093 2439 3111 2472 ι
3145 2423 3247 2477 Ain
3274 2439 3425 2490 vero,
3459 2435 3691 2495 putasne

2099 2504 2395 2576 ipsummet
2455 2524 2790 2578 cognoscere
2842 2527 2966 2581 qua:
3015 2512 3146 2567 dicit
3197 2513 3285 2569 hic
3336 2515 3580 2570 stultus?
3630 2516 3690 2572 Si

2098 2599 2245 2653 enim
2284 2600 2355 2654 ob
2393 2602 2829 2657 continuandam
2872 2603 3157 2659 veritatem
3213 2605 3349 2676 legis
3390 2623 3514 2675 qua:
3561 2622 3690 2663 eum

2102 2692 2402 2761 praecessit,
2433 2691 2688 2748 Christus
2727 2693 2912 2762 venit,
2943 2704 2996 2750 et
3041 2697 3086 2751 si
3125 2694 3480 2766 Evangelium
3515 2699 3690 2754 lucem

2098 2782 2588 2855 directionemquc,
2618 2795 2677 2841 ut
2707 2794 2762 2841 tu
2792 2785 3003 2853 fateris,
3047 2791 3440 2859 suppeditavit,
3474 2799 3528 2844 et
3570 2791 3687 2859 ipse

2095 2871 2363 2942 judicium
2401 2872 2648 2930 facturus
2671 2883 2782 2941 est;
2819 2875 2948 2945 quid
2989 2876 3082 2930 tibi
3120 2885 3372 2946 superest
3400 2879 3692 2933 conferen-

393 2967 518 3031 τοῖς
573 2967 923 3039 ἁνθρὼποις;
964 2971 1150 3038 Οὐδὲν,
1186 2972 1303 3024 ἀλλ’
1333 2972 1364 3042 ἢ
1399 2975 1540 3026 κατὰ
1567 2972 1628 3026 τὸ
1682 2973 1771 3027 σὸν
1799 2973 1992 3042 στόμα,

2102 2959 2233 3014 dum
2279 2959 2637 3017 hominibus?
2667 2960 2815 3016 Nihil
2842 2964 3014 3030 aliud,
3052 2965 3159 3020 nisi
3189 2975 3246 3020 ut
3287 2980 3382 3020 ore
3412 2974 3507 3020 tuo
3531 2975 3691 3033 teste,

391 3057 790 3129 ψευδοποιῆσαι
819 3060 889 3114 τὰ
913 3061 1021 3132 πρὸ
1047 3061 1165 3129 σοῦ,
1199 3063 1292 3116 καὶ
1319 3063 1513 3126 σκότος
1544 3063 1639 3117 καὶ
1661 3081 1732 3116 πα
1742 3064 1995 3134 ροδηγίαν

391 3148 585 3204 δοῦναι
615 3155 730 3216 τοῖς
762 3152 1097 3225 ἀνθρώποις,
1127 3157 1222 3208 καὶ
1251 3156 1308 3209 ὲν
1332 3157 1400 3228 τῇ
1434 3156 1616 3228 κρίσει
1645 3158 1760 3220 τοῖς
1802 3172 1863 3210 σε
1892 3174 1994 3210 πα-

399 3242 819 3316 ραδεδεγμένοις
847 3247 1337 3321 καταδικασθῆναι.

472 3445 573 3516 νβ’.
604 3447 679 3502 Ού
700 3448 833 3505 πολὺ
855 3450 915 3505 τὺ
945 3451 1004 3505 έν
1029 3451 1202 3522 μέσῳ,
1231 3453 1328 3508 καὶ
1347 3451 1536 3525 ὥσπερ
1557 3453 1636 3518 εἰς
1665 3453 1765 3525 τὴν
1785 3451 1996 3507 οἰκείαν

400 3538 800 3612 ἓπανασφήλας
840 3545 1058 3615 μανίαν,
1102 3545 1228 3600 τάδε
1260 3545 1426 3617 φησίν
1463 3545 1577 3617 (85)
1600 3563 1615 3576 °
1651 3564 1670 3597 ι
1708 3547 1805 3599 Ἀε
1837 3546 1996 3616 ὑμεῖς

395 3633 450 3683 ot
474 3632 867 3698 πιστεύσαντες
915 3635 1077 3707 (πρὸς
1112 3636 1241 3700 τοὺς
1298 3635 1612 3708 βαρϐάρους
1646 3635 1887 3706 φωνῶν),
1919 3635 1995 3706 μὴ
2023 3701 2028 3706 .

397 3720 621 3788 γίνεσθε
645 3723 833 3797 ἁντιλή
844 3741 1039 3798 πτορες
1078 3727 1348 3782 Ἰουδαίων
1371 3727 1404 3798 ἢ
1435 3727 1782 3799 Χριστιανῶν
1804 3743 1819 3759 ο
1847 3729 1997 3791 ὅστις

399 3811 513 3882 γὰρ
539 3813 972 3886 ὑπερασπίξεται
1009 3818 1190 3874 αὐτῶν
1223 3817 1283 3884 ἐξ
1339 3818 1517 3888 ὑμῶν,
1571 3812 1728 3884 οὗτος
1759 3818 1996 3890 ὑπάρχει

399 3902 464 3968 ἐξ
497 3905 739 3961 αὐτῶν.»
800 3909 988 3963 Ταῦτα
1043 3909 1125 3981 τῷ
1180 3911 1500 3983 δδηγηθέντι
1560 3910 1674 3982 λαῷ
1709 3912 1862 3983 παρά
1899 3911 1995 3965 τοῦ

401 3998 740 4068 Εύαγγελίου
773 4001 1032 4072 Χριστοῦ,
1063 4003 1139 4068 ὡς
1172 3999 1378 4073 ἔλεγες,
1421 4005 1520 4075 τῆς
1547 4007 1628 4069 εἰς
1653 4003 1785 4059 Θεὸν
1809 4004 1998 4061 ἕνεκεν
2025 4016 2027 4018 ’

399 4093 689 4157 εὐσεϐείας
711 4094 976 4158 ἀποδίδως
1009 4097 1078 4150 τὰ
1106 4097 1264 4168 γέρα,
1290 4098 1516 4161 εἰκότως
1539 4114 1603 4167 γε
1624 4113 1638 4128 ⁸
1664 4097 1717 4152 τί
1758 4097 1869 4169 γὰρ
1903 4099 1997 4152 καὶ

399 4183 534 4239 ἄλλο
558 4187 586 4240 ὁ
607 4186 855 4251 διάσολος
890 4189 988 4243 καὶ
1015 4189 1063 4242 οἰ
1109 4187 1302 4242 τούτου
1339 4189 1673 4261 θεράποντες
1699 4191 1996 4262 παρέξουσι

311 4307 314 4311 -
398 4277 515 4338 τοῖς
538 4277 755 4348 ἐχθροῖς
787 4279 972 4334 αὐτῶν
991 4286 1016 4346 ;’
1034 4279 1174 4334 ἔστω
1195 4282 1543 4352 Χριστιανοῖς
1576 4283 1675 4352 μὲν
1701 4282 1800 4354 τὴν
1822 4300 1992 4337 παντ-
2025 4306 2070 4363 D

397 4371 599 4442 ουργὸν
625 4373 718 4427 καὶ
731 4374 1046 4446 ζωαρχικὴν
1072 4376 1232 4444 ἁγίαν
1255 4377 1460 4448 Τριάδα
1478 4376 2000 4447 όμολογοῦσι,ταῦτα

400 4463 698 4534 ὑπομένειν
726 4466 981 4520 κελεύει·
1025 4467 1303 4533 Ἰουδαίοις
1329 4468 1386 4522 δὲ
1418 4471 1531 4533 τοῖς
1577 4470 1994 4541 ἐπαγγελλομένι

399 4572 514 4620 νοις
536 4556 635 4629 τὴν
654 4557 750 4612 τοῦ
804 4558 1057 4632 Ἀϐραὰμ
1109 4560 1296 4613 πίστιν
1327 4560 1656 4627 ἀποσώζειν,
1716 4562 1804 4616 διὰ
1834 4561 1886 4615 τί
1930 4562 1995 4617 τὰ

399 4647 543 4702 αὐτὰ
567 4649 854 4720 προξενεῖ;
881 4653 982 4704 οὐκ
1010 4651 1116 4716 ἔξω
1137 4653 1234 4724 τῆς
1259 4652 1678 4723 κακοφροσύνης
1703 4652 1869 4706 αὑτοῦ
1893 4653 1992 4709 καὶ

395 4740 589 4795 τοῦτο·
628 4741 744 4814 ᾔδει
774 4743 884 4814 γὰρ
936 4743 1019 4798 ὅτι
1068 4745 1168 4815 τὴν
1216 4745 1455 4817 Χριστοῦ
1498 4746 1727 4816 θεότητα
1764 4747 1794 4800 ὁ
1827 4746 1992 4818 νόμος

400 4833 785 4888 ἀποδείκνυσι·
829 4834 917 4890 διὰ
964 4835 1120 4890 τοῦτο
1166 4836 1499 4908 ἀμφοτέροις
1542 4837 1852 4908 ἑχθραίνειν
1903 4854 1996 4891 κε-

398 4925 567 4993 λεύει,
603 4927 728 4982 καθ’
761 4927 886 4982 ὅλου
937 4928 1205 5000 θεομάχος
1270 4930 1535 5002 ὑπάρχων
1559 4947 1572 4963 ο
1627 4931 1710 4985 ὅτι
1740 4930 1798 4986 δὲ
1821 4929 1995 4985 ταῦτα

400 5021 737 5089 παραπαίων
756 5019 1020 5090 ἔγραφεν,
1049 5021 1083 5092 ἢ
1112 5023 1182 5078 τὰ
1214 5021 1499 5094 πρότερον,
1527 5023 1561 5094 ἥ
1593 5022 1794 5094 μᾶλλον
1816 5023 1995 5076 εἰπεῖν

398 5110 472 5164 τὰ
494 5113 692 5177 πάντα,
723 5111 974 5167 ἐντεῦθεν
997 5114 1175 5184 δῆλον.
1222 5115 1614 5176 Ἐπισυνάιττει
1646 5115 1755 5186 γὰρ
1781 5114 1994 5180 τούτοις

400 5202 569 5274 ἔτερα
595 5203 760 5271 ὃμοια
808 5205 906 5258 καὶ
963 5209 1278 5276 προσφωνεῖ
1315 5207 1602 5271 Ἰουδαίους
1630 5207 1688 5261 τε
1717 5208 1815 5262 καὶ⁸
1851 5210 1990 5280 Χριο

402 5299 658 5362 στιανοὺς
692 5297 867 5368 λέγων
888 5316 904 5331 σ
940 5317 959 5352 ι
1012 5300 1110 5354 "Ae
1156 5301 1350 5354 οἰκεῖοι
1399 5300 1651 5372 γραφῶν,
1685 5299 1839 5353 οὐδέν
1869 5301 1993 5353 ἐστε
2023 5352 2029 5358 ,

399 5385 507 5451 ἓως
531 5387 600 5441 ἂν
647 5387 1039 5460 ὲξακολονθῆτε
1071 5389 1149 5459 τῷ
1188 5389 1359 5459 νόμῳ,
1412 5389 1510 5442 καὶ
1539 5389 1618 5460 τῷ
1650 5389 1992 5460 Εὐαγγελίῳ,

400 5476 499 5534 καὶ
520 5481 633 5544 τοῖς
660 5481 1038 5552 κατενεχθεῖσι
1065 5482 1218 5554 παρὰ
1246 5481 1340 5536 τοῦ
1368 5481 1574 5553 Κυρίου
1604 5482 1761 5552 ὑμῶν
1781 5497 1796 5513 ⁶
1817 5499 1994 5552 προσ-

399 5571 612 5630 τίθεται
659 5573 772 5647 γὰρ
812 5576 878 5630 ὲκ
924 5575 1034 5630 τῶν
1084 5573 1520 5648 κατενεχθέντων
1546 5574 1678 5646 ἡμῖν
1713 5573 1866 5646 παρὰ
1897 5571 1992 5628 τοῦ

473 5755 592 5828 (εδ)
623 5755 754 5812 Snr.
786 5756 851 5822 v,
888 5757 978 5821 57,
1011 5757 1102 5812 δι.

474 5830 531 5900 (ε
544 5827 593 5902 ι)
624 5828 790 5886 Arab.
818 5827 893 5900 μὴ
917 5828 1100 5900 κρίνῃ.

2097 3051 2234 3107 falsa
2275 3053 2617 3108 demonstres
2649 3070 2771 3124 quae
2803 3065 2930 3110 ante
2963 3064 3015 3110 te
3054 3057 3404 3124 exstiterunt,
3438 3064 3494 3112 et
3535 3067 3692 3112 tene-

2097 3145 2228 3202 bras
2280 3143 2641 3216 fallacemque
2671 3146 2929 3202 ducatum
2988 3146 3305 3202 hominibus
3339 3150 3604 3218 pricbeas,
3635 3157 3692 3203 et

2093 3238 2286 3310 judicii
2344 3249 2586 3308 tempore
2621 3253 2747 3295 cum
2804 3239 2872 3295 iis
2919 3237 3014 3309 qui
3069 3249 3123 3294 te
3172 3240 3518 3295 admiserunt
3556 3254 3691 3296 con-

2097 3333 2218 3388 dem
2228 3330 2400 3386 neris.

2169 3444 2310 3500 Tum
2361 3445 2553 3515 paucis
2598 3444 2920 3516 interjeCtis,
2949 3444 3004 3500 in
3043 3459 3204 3501 suam
3234 3442 3401 3500 veluti
3442 3442 3695 3501 relabens

2101 3538 2396 3604 insaniam,
2431 3538 2546 3592 haec
2575 3538 2654 3592 ait
2683 3555 2697 3592 :
2734 3557 2752 3591 ι
2779 3536 2823 3592 Ο
2854 3553 2952 3593 vos
2978 3537 3268 3593 credentes
3299 3536 3387 3608 (ad
3417 3536 3686 3592 barbaros

2099 3634 2322 3701 clamat)
2355 3647 2423 3686 ne
2462 3630 2583 3687 sitis
2613 3639 2964 3702 susceptores
2994 3629 3310 3686 Judaeorum
3343 3639 3398 3685 et
3426 3629 3696 3685 Christia-

2099 3738 2320 3778 norum.
2371 3721 2634 3793 Quisquis
2667 3732 2908 3776 vestrum
2943 3721 3023 3776 eis
3056 3719 3455 3791 patrocinatur,
3490 3719 3581 3776 hic
3611 3727 3698 3774 est

2097 3833 2162 3875 ex
2195 3817 2350 3888 ipsis.
2381 3833 2399 3868 ι
2437 3813 2549 3870 Hos
2606 3813 2809 3885 populo
2850 3814 2955 3868 sub
2999 3813 3314 3884 evangelica
3341 3805 3547 3867 Christi
3592 3814 3697 3865 du-

2098 3919 2223 3967 catu
2259 3898 2499 3980 degenti,
2528 3916 2587 3962 ut
2621 3906 2830 3970 aiebas,
2864 3904 3088 3976 pietatis
3129 3919 3297 3960 causa
3339 3920 3466 3976 erga
3497 3902 3692 3969 Deum,

2099 4001 2340 4057 honores
2366 3999 2584 4055 tribuis.
2613 3998 2895 4068 Condigne
2914 3997 3136 4068 quidem
3164 4014 3179 4064 ;
3213 3995 3344 4066 quid
3369 3997 3514 4051 enim
3541 3996 3692 4050 aliud

2099 4091 2355 4148 diabolus
2403 4099 2458 4146 et
2512 4089 2680 4160 hujus
2727 4089 2991 4146 satellites
3028 4088 3267 4145 inimicis
3304 4089 3418 4146 suis
3469 4089 3696 4144 exhibe.

2099 4183 2440 4242 bunt?Esto
2476 4185 2608 4240 velit
2659 4181 3028 4249 Christianos,
3067 4182 3162 4253 qui
3207 4183 3458 4238 omnium
3506 4198 3689 4237 rerum

2099 4277 2420 4334 creatricem
2494 4273 2882 4344 viviﬁcainque
2935 4270 3263 4329 Trinitatem
3322 4272 3690 4339 conﬁtentur,

2099 4371 2242 4426 hanc
2272 4370 2382 4441 pati
2421 4383 2454 4423 a
2493 4381 2552 4422 se
2585 4367 3006 4434 contumeliam;
3054 4364 3260 4422 Judaeis
3308 4381 3459 4428 vero,
3489 4364 3584 4436 qui
3632 4381 3694 4420 se

2098 4463 2260 4519 ﬁdem
2286 4460 2585 4518 Abrahami
2620 4469 2828 4516 sai-tam
2865 4467 3063 4516 tectam
3110 4469 3296 4515 tenere
3341 4459 3566 4524 dicunt,
3594 4473 3695 4514 cur

2097 4572 2286 4627 parem
2323 4549 2584 4626 injuriam
2631 4551 2803 4608 facit?
2837 4553 3007 4624 Atqui
3042 4568 3110 4608 ne
3135 4553 3238 4607 hoc
3277 4552 3497 4622 quidem
3533 4551 3694 4606 mali-

2097 4651 2186 4705 tiae
2211 4650 2334 4721 ejus
2360 4657 2686 4704 extraneum
2718 4655 2822 4703 est.
2855 4646 3018 4702 Nmit
3039 4647 3210 4712 enim,
3243 4645 3451 4702 Christi
3489 4645 3694 4701 divini-

2099 4748 2266 4794 tatem
2295 4753 2326 4793 a
2361 4738 2482 4808 lege
2526 4738 2894 4793 demonstrari
2923 4754 2938 4791 :
2973 4737 3178 4792 idcirco
3211 4737 3461 4808 utrisque
3504 4736 3693 4792 inimi-

2097 4845 2195 4888 cos
2233 4829 2390 4902 jubet
2435 4845 2559 4887 esse
2599 4845 2752 4896 suos,
2804 4829 2934 4900 quia
2987 4829 3103 4900 ipse
3152 4829 3457 4899 generatim
3517 4827 3687 4884 Deum

2098 4937 2395 4999 oppugnat.
2430 4925 2584 4994 Quod
2633 4936 2820 4982 autem
2868 4926 2983 4982 haec
3022 4940 3132 4981 non
3169 4925 3292 4982 sine
3318 4925 3516 4981 delirio
3550 4925 3694 4982 scri-

2100 5019 2215 5085 bat,
2265 5034 2367 5075 nee
2416 5034 2524 5074 non
2556 5018 2760 5090 priora,
2791 5019 2874 5074 vel
2914 5019 3098 5088 potius
3141 5017 3351 5083 omnia,
3389 5018 3518 5072 hinc
3560 5032 3694 5073 con-

2103 5113 2289 5168 stabit.
2322 5111 2576 5168 Subtexit
2602 5113 2746 5167 enim
2775 5112 2860 5168 his
2889 5111 2993 5167 alia
3024 5112 3248 5176 similia,
3276 5122 3331 5168 et
3364 5110 3586 5168 Judaeos
3611 5119 3694 5166 at-

2101 5221 2208 5276 que
2259 5205 2606 5262 Christianos
2649 5206 2722 5261 ita
2778 5206 3082 5278 alloquitur
3114 5222 3174 5260 ιι
3203 5203 3250 5260 0
3294 5205 3690 5276 scripturales,

2101 5297 2236 5352 nihil
2263 5311 2363 5353 vos
2395 5298 2551 5364 estis,
2583 5297 2828 5368 quandiu
2864 5297 3037 5369 legem
3086 5306 3141 5353 et
3185 5296 3542 5367 Evangeliuin
3603 5310 3694 5350 se-

2101 5390 2354 5454 ctamini,
2386 5400 2442 5446 et
2469 5391 2522 5446 id
2555 5392 2701 5462 quod
2738 5391 2995 5448 traditum
3028 5406 3058 5447 a
3091 5390 3202 5448 Deo
3233 5399 3418 5446 vestro
3434 5379 3548 5445 'est.
3579 5388 3694 5443 Ad-

2101 5479 2252 5536 ditur
2269 5481 2415 5538 enim
2447 5498 2516 5538 ex
2546 5484 2613 5539 iis
2643 5498 2765 5554 qua:
2796 5483 2993 5539 tradita
3029 5492 3159 5538 sunt
3186 5481 3345 5537 nobis
3373 5495 3402 5536 a
3437 5478 3693 5546 Domino,

2101 5587 2258 5630 error
2295 5583 2352 5631 et
2381 5575 2695 5634 inﬁdelitas.
2720 5594 2740 5630 ι
2774 5575 2918 5645 Quid
2948 5576 3064 5648 jam
3108 5573 3279 5657 nobis.
3300 5573 3592 5631 dicendum
3625 5572 3694 5629 de

2170 5754 2288 5827 (85)
2317 5756 2446 5814 Sur.
2475 5755 2546 5824 V,
2578 5756 2668 5814 59.
