4048 6434
333 378 474 442 7“.
1519 374 1958 434 REFUTATIO
2000 373 2478 436 MOHAMEDIS.
3035 462 3039 466 γ
3503 383 3614 450 ’142

332 511 459 547 πων
483 491 799 552 ὑπόστασιν,
822 487 904 541 ὅτι
934 489 996 540 ἐκ
1027 484 1202 558 πηλοῦ
1233 484 1353 540 κατ’
1374 484 1558 538 εἰκόνα
1583 485 1928 554 γεγένηνται,

2047 485 2162 539 Facti
2198 486 2399 542 fuerint
2436 506 2450 544 :
2484 499 2538 545 et
2564 491 2711 558 quod
2745 490 3004 546 omnibus
3043 492 3612 565 angelis‘imperatum

333 587 438 640 καὶ
459 585 540 638 ὅτι
567 583 967 654 προστέτακται
1007 582 1121 642 τοῖς
1170 579 1420 648 ἀγγέλοις
1451 578 1586 630 πᾶσι
1618 575 1928 646 προσκυνῆ-

333 693 431 730 σαι
463 673 539 743 τῷ
578 673 784 742 Ἀδάμ’
819 674 912 725 καὶ
963 671 1070 724 τῶν
1105 670 1306 724 λοιπῶν
1350 669 1870 740 προσκυνησάντων,
1900 670 1929 720 ὁ

335 767 542 838 Βελίαρ
569 767 728 837 μόνος
763 766 823 818 ού
856 763 1228 834 προςεκύνησε
1246 778 1259 792 ·
1294 762 1388 816 καὶ
1417 763 1496 814 ὅτι
1523 761 1819 830 ἐρωτηθεὶς
1843 760 1931 812 διὰ

333 862 393 914 τί
428 861 506 930 μὴ
540 858 964 928 προσεκύνησεν,
989 857 1166 909 αἰτίαν
1198 855 1489 908 ἀποδίδωσι
1521 855 1801 907 τὸέκεῖνον
1830 853 1930 922 μὲν

339 953 406 1003 ἐκ
433 948 604 1019 πηλοῦ
633 948 908 1018 γενέσθαι,
944 947 1135 1000 ἑαυτὸν
1162 947 1205 1000 δ’
1230 947 1294 998 ἐκ
1339 947 1534 1017 πυρός·
1571 948 1666 999 καὶ
1718 946 1802 998 ὅτι
1831 947 1931 998 ἐπ-

340 1042 584 1114 ετιμήθη
632 1042 785 1112 παρά
824 1040 957 1093 Θεοῦ
979 1081 992 1100 ,
1046 1040 1140 1092 καὶ
1170 1040 1249 1092 ὅτι
1279 1039 1528 1104 ἀντέλεξε
1575 1037 1651 1108 τῷ
1686 1036 1803 1107 Θεῴ
1836 1039 1934 1090 ἐπ-

336 1135 732 1204 απειλούμενος
765 1131 841 1204 τῷ
876 1131 1047 1202 Ἀδὰμ
1066 1131 1151 1184 διὰ
1179 1132 1280 1199 τὴν
1305 1132 1384 1192 είς
1424 1130 1585 1182 αὑτὸν
1619 1129 1932 1200 ἀγανάκτη-

343 1248 453 1296 σιν,
489 1227 584 1280 τοῦ
633 1228 708 1298 μὴ
741 1227 1047 1296 περιλιπεῖν
1103 1226 1267 1280 αὑτὸν
1301 1225 1438 1296 πλὴν
1484 1225 1679 1293 ὀλίγων
1728 1223 1835 1277 τῶν
1875 1223 1933 1288 ἐξ

341 1322 510 1398 αὐτοῦ
552 1319 911 1390 σωζομένων·
946 1318 1040 1372 καὶ
1085 1318 1184 1388 τὴν
1237 1317 1478 1388 ἱστορίαν
1519 1318 1618 1388 τὴν
1671 1316 1814 1370 κατὰ
1840 1316 1931 1368 τὸν

344 1416 699 1486 παράδεισον,
742 1413 837 1466 καὶ
870 1412 969 1482 τὴν
996 1411 1090 1464 τοῦ
1152 1412 1324 1481 Ἀδὰμ
1361 1410 1604 1482 ἐξορίανο
1640 1412 1688 1462 οί
1715 1408 1806 1462 οὖν
1836 1411 1934 1479 τῆς

340 1509 500 1570 θείας
532 1505 753 1576 Γραφῆς
778 1505 1034 1574 τρόφιμοι
1073 1502 1280 1556 συνίετε
1322 1503 1539 1566 πάντως
1566 1501 1665 1565 τὰς
1701 1517 1935 1573 προτρο-

343 1601 458 1662 uti;
487 1601 582 1652 καὶ
615 1599 853 1669 ματαίας
883 1596 1204 1668 προσθήκας
1234 1596 1328 1650 τοῦ
1362 1597 1728 1658 ἀπαταιῶνος.
1915 1589 1926 1600 ’

409 1699 502 1745 νε’.
554 1691 611 1743 'U
643 1689 696 1742 δὲ
738 1689 940 1752 σκοπὸς
969 1687 1136 1742 αὑτοῦ
1168 1690 1247 1752 εἰς
1269 1689 1428 1742 τοῦτο
1454 1688 1656 1759 ἀφορᾷ,
1685 1688 1770 1741 ὅτι.
1794 1684 1858 1756 δὴ
1885 1687 1934 1738 οί

342 1783 485 1835 Θεοῦ
521 1782 838 1844 ἀθετοῦντες
867 1781 1107 1851 ἐντολὴν,
1166 1779 1352 1851 φησὶν,
1387 1780 1750 1834 ἀπόλλυνταιο
1801 1781 1848 1831 οἱ
1879 1777 1935 1830 δὲ

347 1875 731 1944 φυλάττοντες,
769 1870 1030 1937 σώζονται
1053 1890 1068 1905 ’
1117 1873 1177 1926 τδ
1207 1873 1264 1925 δὲ
1298 1873 1449 1936 τέλος
1485 1871 1696 1925 ἑαυτῶν
1739 1887 1935 1938 συντη-

349 1970 437 2036 psi
458 1984 470 1995 ·
503 1963 904 2027 κατασκευάζει
935 1963 991 2016 δὲ
1017 1964 1149 2017 αὐτὸ
1181 1962 1290 2018 ἀπὸ
1340 1964 1513 2033 Ἀδὰμ
1540 1964 1636 2017 καὶ
1665 1963 1775 2016 τῶν
1798 1960 1935 2014 καθ-

346 2059 480 2127 εξῆς
504 2075 516 2087 η
549 2056 622 2119 ὡς
650 2057 714 2109 ἐκ
772 2053 966 2108 τούτου
996 2056 1104 2108 τῶν
1147 2055 1314 2109 αὑτοῦ
1343 2053 1518 2122 λόγων
1547 2053 1658 2123 (91)
1688 2052 1787 2122 τὴν
1833 2068 1941 2104 πα-

349 2150 585 2221 ραδοχὴν
618 2148 1079 2218 πιστευθήσεσθαι
1103 2148 1326 2211 ἐλπίσας
1348 2163 1363 2178 ⁶
1397 2148 1561 2210 εὐθὺς
1588 2143 1680 2200 οῦν
1711 2161 1940 2215 παρεισ-

343 2245 475 2311 άγει
502 2241 845 2310 ἀδιάγνωστά
881 2259 1004 2295 τινα
1057 2242 1350 2312 ληρήματα
1403 2239 1464 2304 ἐξ
1494 2238 1719 2307 ἀφανῶν
1764 2254 1939 2306 προσ-

347 2335 518 2385 ώπων
576 2334 670 2387 καὶ
724 2332 1023 2404 ἀνωνύμων
1091 2334 1172 2396 εἰς
1233 2335 1495 2403 κήρυγμα
1539 2331 1646 2402 πρὸ
1670 2329 1764 2382 τοῦ
1815 2328 1940 2381 Νῶε

348 2427 649 2480 ἐλθόντωνο
683 2427 776 2479 καὶ
802 2428 858 2478 ἐν
886 2421 966 2488 οἷς
1003 2425 1103 2496 μὲν
1153 2424 1556 2491 ἐπιστεύθησαν
1586 2421 1738 2474 θείαν
1785 2422 1940 2475 εὐλο-

349 2521 480 2590 γίαν
515 2518 918 2590 προεξενηκότα
937 2536 948 2547 ·
967 2521 1040 2571 ἐν
1089 2514 1169 2579 οἷς
1193 2517 1250 2570 δὲ
1267 2515 1649 2587 ἠπιστήθησαν
1695 2513 1942 2584 κατάραν

354 2610 642 2680 μεγίστην.
697 2611 854 2662 Μετά
905 2608 1052 2672 Νῶε,
1107 2608 1279 2662 Ζάλετ
1333 2607 1455 2661 τινὰ
1511 2606 1802 2680 προφήτην
1849 2605 1944 2658 καὶ⁵

349 2703 650 2769 ἀπόστολον
677 2704 977 2772 εἰσηγεῖται
1013 2701 1239 2770 ἀδελφὸν
1267 2697 1494 2771 Θαμὼθ,
1522 2700 1613 2753 τὸν
1645 2697 1769 2751 οὔτε
1787 2714 1946 2767 γεγο-

352 2795 485 2848 νότα
513 2791 636 2847 οὔτε
672 2791 802 2862 παρ’
844 2792 1005 2847 ἄλλου
1039 2791 1410 2861 ὀνομασθέντα
1442 2789 1661 2843 πώποτε
1685 2805 1700 2820 ⁸
1757 2787 1852 2841 ἐπὶ
1883 2787 1945 2839 τὺ

353 2883 488 2936 αὐτὸ
525 2882 681 2936 τοῦτο
706 2881 1150 2953 παραγενόμενος
1181 2879 1276 2936 καὶ
1319 2878 1562 2951 κηρύξας
1583 2897 1598 2911 ’
1629 2878 1724 2932 καὶ
1752 2878 1837 2947 ἐφ’
1863 2871 1945 2940 οἷς

355 2977 458 3047 μέν
488 2975 784 3047 ἐπιστεύθη
819 2977 912 3030 καὶ
945 2975 1106 3039 αὐτὸς
1135 2973 1226 3028 τὸν
1249 2973 1379 3026 Θεὸν
1407 2973 1611 3045 εὐμενῆ
1636 2973 1909 3044 παρέσχεν
1927 2985 1941 3001 ο

352 3073 440 3140 ἐφ’
492 3068 574 3135 οἷς
629 3070 686 3123 δὲ
730 3069 1031 3141 ἠπιστήθη,
1098 3067 1574 3140 διεφαυλίσθησαν,
1641 3067 1796 3138 φησι,
1856 3064 1946 3120 διὰ

2034 579 2236 646 fuerin,
2255 589 2315 635 ut
2337 580 2608 636 Adamum
2635 582 2931 638 adorarent
2959 600 2974 638 :
3003 599 3242 656 cumque
3260 588 3444 644 caeteri
3475 588 3616 645 ado-

2032 681 2268 736 rassent,
2289 673 2469 728 solum
2494 671 2675 729 Beliar
2701 674 2946 730 noluisse
2967 675 3297 746 obsequium
3319 679 3613 736 exhibere:

2032 775 2280 833 rogatum
2331 774 2516 820 autem
2570 781 2671 820 cur
2715 781 2826 821 non
2881 767 3157 834 adoraret,
3192 780 3416 826 causam
3465 771 3618 826 intu-

2032 856 2184 924 lisse,
2225 860 2374 928 quod
2425 859 2516 914 ille
2563 875 2628 913 ex
2681 861 2800 915 luto
2830 860 3149 928 exstitisset,
3185 861 3304 931 ipse
3335 873 3516 920 autem
3546 881 3616 920 ex

2034 947 2176 1016 igne.
2214 949 2354 1003 Tum
2398 948 2730 1020 increpitum
2761 949 2933 1007 fuisse
2959 966 2990 1006 ο
3023 952 3152 1016 Deo,
3180 953 3472 1024 ipsumque
3505 955 3618 1010 Deo

2034 1041 2455 1108 contradixisse,
2489 1052 2544 1098 et
2578 1043 2786 1098 Adamo
2835 1044 3002 1099 simul
3039 1046 3457 1114 comminutum,
3491 1063 3618 1104 sus-

2035 1141 2194 1204 cepto
2257 1134 2524 1191 adversus
2566 1151 2692 1190 eum
2728 1135 2878 1202 odio,
2909 1137 3128 1192 nonnisi
3159 1154 3362 1208 paucos
3393 1155 3460 1195 ex
3491 1141 3618 1212 ejus

2034 1231 2270 1299 posteris
2303 1229 2486 1285 salvos
2515 1229 2653 1286 fore.
2684 1229 2863 1303 Pergit
2898 1246 3125 1288 narrare
3159 1233 3400 1303 paradisi
3439 1235 3618 1290 histo-

2035 1321 2198 1383 riam,
2246 1330 2300 1375 et
2347 1321 2539 1377 Adami
2564 1321 2845 1376 exsilium.
2878 1320 3265 1380 Verumtamen
3296 1325 3618 1396 quicunque

2036 1415 2212 1468 sacris
2254 1412 2557 1483 Scripturis
2585 1415 2834 1468 iunutriti
2875 1413 3079 1481 fuistis,
3131 1416 3321 1471 devios
3357 1418 3623 1488 decepto-

2035 1503 2117 1557 ris
2175 1517 2447 1559 excursus
2501 1505 2808 1576 stultasque
2859 1505 3165 1562 auditiones
3193 1507 3363 1578 probe
3405 1523 3624 1579 cogno-

2036 1593 2210 1648 scitis.
2957 1643 2966 1659 γ

2107 1685 2198 1739 55.
2232 1683 2444 1756 Scopus
2479 1696 2664 1740 autem
2698 1686 2823 1758 ejus
2870 1691 2980 1745 huc
3035 1691 3311 1757 collineat,
3342 1700 3403 1748 ut
3442 1691 3619 1750 divini

2038 1777 2291 1846 praecepti
2343 1778 2637 1834 violatores
2678 1781 2856 1849 perire
2899 1782 3066 1846 dicat,
3100 1786 3407 1854 morigeros
3436 1795 3621 1840 autem

2037 1865 2258 1921 salvari.
2286 1867 2454 1935 Atqui
2499 1866 2717 1923 illorum
2743 1870 2940 1925 seriem
2973 1874 3282 1938 continuat.
3309 1891 3379 1932 ex
3409 1876 3623 1933 Adamo

2038 1967 2094 2014 et
2131 1959 2387 2029 deinceps
2419 1969 2754 2028 contexens;
2796 1962 3056 2019 nimirum
3089 1967 3218 2021 hinc
3245 1981 3478 2036 sperans
3510 1984 3628 2023 serv:

2040 2065 2263 2105 menum
2295 2066 2520 2106 suorum
2572 2052 2856 2108 traditioni
2899 2055 3060 2110 tidem
3091 2072 3465 2113 accessuram.
3488 2060 3625 2115 .Mox

2040 2140 2222 2209 itaque
2257 2141 2556 2196 introducit
2587 2142 2894 2213 incognitas
2930 2146 3118 2201 nescio
3142 2161 3282 2215 quas
3316 2163 3491 2219 nugas
3527 2127 3629 2203 obs

2041 2247 2328 2287 seurarum
2377 2241 2432 2287 et
2465 2234 2587 2289 sine
2636 2235 2953 2291 nominibus
2984 2253 3366 2306 personarum,
3400 2257 3524 2310 qua
3561 2243 3628 2296 ad

2042 2324 2446 2393 prmdicaudum
2496 2335 2624 2380 ante
2669 2325 2784 2382 Noe
2817 2330 3086 2395 venerint,
3118 2340 3173 2386 et
3217 2341 3486 2402 quatenus
3521 2336 3630 2390 illis

2043 2417 2314 2470 creditum
2365 2415 2494 2480 fuit,
2525 2417 2769 2473 divinam
2829 2420 3265 2478 benedictionem
3329 2424 3630 2481 conferen-

2046 2509 2224 2572 tium;
2255 2519 2531 2579 quatenus
2579 2519 2764 2566 autem
2812 2513 3193 2581 disereditum,
3245 2517 3628 2587 gravissimam

2045 2602 2513 2657 maledictionem.
2545 2602 2677 2658 Post
2711 2601 2822 2658 Noe
2855 2603 3099 2660 Zaletutn
3156 2608 3452 2677 quemdam
3505 2626 3633 2680 pro-

2043 2694 2265 2764 pbetam
2295 2696 2648 2767 legatumque
2686 2696 3007 2764 introducit,
3051 2699 3273 2756 fratrem
3313 2701 3632 2770 Thamothi,

2046 2784 2325 2842 hominem
2372 2789 2468 2858 qui
2531 2807 2817 2862 nunquam
2867 2793 3098 2859 exstitit,
3129 2802 3296 2863 atque
3335 2811 3366 2850 a
3416 2796 3635 2852 nemine

2046 2893 2287 2948 unquam
2319 2881 2638 2938 nominatus
2663 2883 2798 2950 fuit;
2836 2894 3077 2940 attamen
3119 2885 3187 2940 ad
3223 2885 3368 2942 idem
3391 2886 3632 2943 'oliicium

2046 2971 2234 3038 venit;
2272 2973 2636 3044 institutaque
2698 2977 3132 3046 prmdicatione,
3175 2979 3222 3033 is
3258 2995 3476 3050 quoque
3525 2981 3636 3036 illis

2047 3064 2140 3133 qui
2171 3064 2276 3119 sibi
2324 3066 2678 3122 crediderunt
2736 3067 2904 3123 Deum
2943 3072 3289 3140 prepitiavit;
3328 3072 3401 3126 illi
3449 3083 3632 3128 autem

357 3162 585 3234 σεισμοῦ
610 3166 667 3216 ἐν
712 3164 832 3227 ταῖς
856 3161 1048 3226 αὐλαῖς
1077 3160 1258 3214 αὐτῶν
1287 3159 1645 3232 ἐξαρώμενοι.
1706 3158 1862 3214 Μετά
1888 3159 1943 3213 δὲ

2055 3155 2146 3223 qui
2175 3154 2396 3209 fuerunt
2426 3157 2708 3241 increduli,
2743 3159 3042 3226 perierunt,
3076 3159 3273 3228 inquit,
3299 3169 3456 3214 terra:
3483 3173 3632 3215 motu

353 3255 544 3308 τοῦτνν
594 3254 782 3325 ἕτερον
832 3253 980 3322 λέγει
1029 3252 1321 3323 προφήτην
1373 3253 1466 3305 καὶ
1501 3251 1798 3304 ἀπόστολον
1851 3251 1947 3304 καὶ

355 3348 597 3416 κήρυκα,
647 3343 985 3413 Μαδιανίτην
1046 3342 1124 3412 τῷ
1158 3342 1300 3394 ἐθνει
1352 3341 1518 3394 αὑτοῦ
1553 3341 1944 3412 ἀποσταλῆναι,

353 3437 492 3493 Eata:
523 3438 693 3507 ὄνομα
723 3435 899 3505 αὐτῷ·
934 3434 1195 3499 ὡσαύτως
1229 3435 1323 3488 καὶ
1346 3434 1537 3487 τοῦτον
1561 3434 1946 3504 διαμαρτυρά-

359 3547 524 3600 μενον
554 3528 649 3582 καὶ
678 3528 984 3597 ποιήσαντα
1011 3527 1155 3580 κατά
1177 3528 1304 3589 τοὺς
1348 3526 1455 3596 πρὸ
1483 3524 1670 3587 αὑτοῦ,
1701 3523 1797 3587 οὒς
1822 3524 1948 3578 οῦτε

350 3621 624 3690 Μωῦτῆς,
653 3617 776 3672 οὔτε
807 3637 890 3683 τις
917 3618 1026 3671 τῶν
1055 3616 1358 3688 ἐλλογίμων
1380 3617 1590 3688 ἀνδρῶν
1623 3617 1912 3670 ἐπίσταται
1931 3633 1946 3648 ο

356 3715 451 3766 καὶ
481 3711 577 3764 ἐπὶ
619 3709 832 3774 τούτοις
883 3711 1159 3781 μέμνηται
1189 3708 1471 3773 Μωῦσέως
1508 3708 1642 3762 Θεὸν
1673 3709 1950 3780 κηρύξαν-

354 3820 448 3865 τος
467 3819 484 3836 ο
516 3802 610 3856 καὶ
636 3803 717 3854 ὅτι
742 3802 801 3853 ἐν
828 3795 910 3864 οἷς
942 3800 1062 3869 μὲν,
1083 3799 1248 3868 φησὶν
1273 3798 1405 3871 (99.),
1424 3797 1754 3868 ύπηκούετο,
1775 3798 1830 3849 αἱ
1853 3796 1948 3850 τοῦ

347 3892 495 3947 θεοῦ
527 3891 843 3963 ἀντιλήψεις
871 3891 1247 3962 προέφθαζον·
1276 3891 1335 3942 ἐν
1382 3882 1466 3954 οἷς
1501 3890 1556 3941 δὲ
1581 3888 1947 3960 παρηκούετο,

351 3988 392 4059 -ή
425 3986 554 4055 δίκη
584 3987 711 4050 τοὺς
759 3984 1097 4061 ὑπευθύνοις
1145 3983 1405 4054 ἀνήλισκε
1433 3997 1446 4012 ·
1483 3982 1578 4035 καὶ
1627 3985 1692 4051 τῇ
1722 3980 1950 4052 τοιαύτῃ

345 4080 553 4151 ἀγωγῇ
591 4077 928 4149 κεχρημένος
953 4077 1012 4145 ἐξ
1046 4075 1264 4146 ἑτοίμου
1301 4074 1430 4146 περὶ
1457 4071 1622 4126 αὐτοῦ
1659 4072 1841 4142 λέγει’

369 4285 372 4288 ·
430 4261 542 4326 νς¹.
573 4278 594 4313 ι
636 4261 735 4312 "As
767 4259 1044 4330 ἄνθρωποι
1075 4271 1088 4286 ⁸
1143 4252 1254 4325 ἐγὼ
1307 4251 1607 4317 ἀπόστολός
1644 4249 1761 4321 εἶμι
1815 4251 1951 4306 Θεοῦ

347 4355 499 4426 ’πρὸς
528 4355 674 4424 ὑμᾶς
709 4351 934 4426 πάντας,
971 4369 989 4402 ι
1029 4349 1224 4412 Καλῶς
1248 4364 1313 4416 γε
1339 4347 1500 4418 ἔργον
1527 4345 1625 4415 μὶν
1662 4345 1810 4408 θείας
1863 4345 1953 4398 δυ-

345 4425 577 4520 νάμεως
595 4425 992 4518 ἐπιφερῖμενος
1018 4443 1191 4505 οὐδὲν,
1214 4439 1337 4494 οὔτε
1364 4438 1578 4507 σοφίας,
1608 4434 1734 4491 οῦτε
1751 4437 1953 4508 ἀρετῆς

359 4542 666 4610 ἀξιολόγου,
714 4535 1244 4610 αύτοχειροτονήτως
1277 4532 1334 4586 δὲ
1365 4530 1460 4586 καὶ
1491 4532 1674 4601 πάσης
1732 4528 1950 4584 ἀποδεί-

359 4636 499 4701 ξεως
528 4633 648 4704 δίχα
681 4633 774 4686 καὶ
801 4629 1189 4702 προαγγελίας,
1219 4626 1280 4680 τὸ
1304 4624 1395 4680 τοῦ
1442 4624 1746 4679 ἀποστόλου
1779 4621 1947 4688 ἀξίω-

362 4745 442 4798 μα
469 4725 537 4780 δι’
567 4724 730 4780 αὑτοῦ
761 4723 1234 4792 ἀπενεγκάμενος
1264 4719 1361 4774 καὶ
1389 4717 1474 4782 τίς
1499 4717 1658 4772 τοῦτο
1685 4718 1857 4771 ποιεῖν
1886 4717 1946 4770 οὐ

351 4817 608 4883 νδύναται,
635 4813 744 4870 τῶν
775 4815 916 4869 πάνυ
953 4810 1374 4882 ἀφρονεστάτων
1399 4810 1492 4863 καὶ
1514 4809 1786 4878 ἀγνωσίαν
1811 4805 1948 4861 Θεοῦ

363 4909 634 4979 ἐχόντων;
669 4905 805 4960 διότι
858 4901 1098 4974 Μωῢσῆς
1149 4899 1473 4972 νομοθέτης,
1531 4903 1627 4954 καὶ
1669 4900 1759 4954 διὰ
1788 4899 1841 4954 τί
1874 4901 1953 4972 μή

364 5002 461 5055 καὶ
487 4998 686 5072 Φαραὼ
715 4997 1011 5070 νομοθέτης
1026 5011 1047 5062 -;
1082 4993 1199 5049 ἀλλ’
1236 4995 1264 5048 ὃ
1299 4997 1492 5058 ποιεῖν,
1522 4993 1570 5046 εί
1600 4993 1694 5046 καὶ
1739 4991 1949 5054 κακῶς,

355 5097 515 5166 -ὅμως
567 5094 700 5164 γοῦν
751 5093 905 5145 ποεῖν
934 5089 1206 5161 ἐνόμιζες,
1259 5087 1452 5142 τούτου
1491 5085 1568 5151 ὡς
1595 5085 1818 5139 εύκόλου
1850 5083 1948 5156 μέ-

369 5203 573 5257 μνησαι
593 5203 605 5216 ·
637 5184 665 5238 ὃ
692 5183 748 5237 δὲ
790 5179 1092 5254 προϐλέψαι
1135 5182 1232 5235 οὐκ
1271 5173 1440 5250 εἶχες,
1475 5177 1912 5248 παρεσιώπησας
1937 5192 1950 5207 ·

367 5281 481 5348 ἐγὼ
512 5279 569 5333 δέ
602 5295 661 5331 σε
689 5276 782 5330 καὶ
834 5275 995 5328 τοῦτο
1044 5273 1377 5344 ὑπομνήσω·
1410 5270 1652 5337 Μωῦσῆς
1685 5267 1822 5338 μετά
1856 5265 1950 5321 τοῦ

367 5372 666 5444 νομοθέτης
695 5363 854 5433 εἶναι,
906 5368 998 5420 καὶ
1033 5367 1317 5436 προφήτης
1351 5363 1467 5416 ἐστί
1491 5379 1504 5393 ·
1544 5361 1636 5415 καὶ
1676 5360 1775 5432 τῆς
1822 5377 1960 5430 προ-

370 5462 598 5533 φητείας
644 5459 918 5532 ὁσημέραι
964 5457 1060 5519 τὰς
1092 5456 1344 5519 ἐκϐάσεις
1378 5451 1695 5524 θεωροῦμεν
1720 5469 1734 5483 ο
1767 5449 1860 5504 σοῦ
1903 5451 1961 5505 δὲ

367 5555 422 5610 τί
440 5557 530 5609 καὶ
553 5555 937 5624 οαυμάσομεν;
969 5550 1067 5613 τὰς
1087 5547 1356 5610 ἀσωτείας
1380 5563 1394 5613 ;
1431 5546 1530 5610 τὰς
1556 5544 1805 5615 σφαγάςς
1835 5545 1964 5608 τοὺς

370 5645 770 5719 ἐμπρησμούςς
809 5646 906 5710 τάς
951 5641 1276 5715 λεηλασίας;
1331 5640 1428 5704 τὰς
1478 5633 1825 5708 δυσφημίαςς
1861 5635 1958 5691 καὶ

447 5827 557 5899 (οι)
593 5827 720 5889 Sur.
760 5827 872 5896 γη,
901 5829 988 5893 5t,
1022 5828 1110 5892 ea,
1135 5825 1226 5882 ss.
1276 5853 1282 5861 -

2051 3246 2106 3300 in
2146 3246 2479 3302 habitaculis
2543 3248 2660 3303 suis
2715 3248 3014 3305 maledicti.
3047 3247 3180 3305 Post
3234 3250 3411 3316 hunc,
3465 3251 3633 3305 alium

2049 3339 2184 3395 dicit
2236 3342 2582 3411 prophetam,
2633 3341 2985 3398 Madlanitem
3025 3343 3317 3412 legationis
3361 3353 3414 3398 et
3448 3344 3640 3414 pracdi-

2049 3433 2282 3488 cationis
2315 3449 2486 3489 causa
2537 3435 2606 3489 ad
2662 3443 2878 3505 gentem
2939 3449 3097 3490 suam
3150 3436 3420 3502 missum;
3475 3435 3638 3506 eique

2051 3540 2251 3580 nomen
2301 3523 2474 3580 fuisse
2508 3524 2692 3580 Saico.
2729 3524 2886 3581 Hunc
2919 3526 3037 3596 pari
3078 3527 3241 3582 modo
3269 3535 3636 3582 contestatam

2049 3629 2192 3678 esse,
2222 3624 2278 3670 et
2312 3615 2517 3670 similia
2548 3616 2827 3685 prioribus
2875 3618 3076 3684 egisse.
3111 3617 3262 3684 Quos
3305 3627 3489 3673 tamen
3533 3619 3638 3672 he-

2050 3707 2230 3762 mines
2263 3721 2445 3777 neque
2482 3706 2700 3778 Moyses
2757 3724 2936 3779 neque
2986 3710 3280 3778 quisquam
3341 3710 3638 3766 illustrium

2052 3805 2349 3852 auctorum
2389 3799 2660 3868 agnoscit.
2691 3797 3036 3853 Postremum
3067 3809 3338 3854 memorat
3371 3800 3636 3874 Hoysem,

2052 3892 2238 3959 aitque
2291 3899 2568 3958 quatenus
2590 3890 2868 3944 obeditum
2900 3889 2948 3943 ei
2982 3889 3106 3956 fuit,
3145 3891 3238 3946 Dei
3269 3892 3636 3960 patrocinium

2050 3977 2329 4045 adfuisse;
2375 3989 2644 4049 quatenus
2673 3993 2805 4033 Vero
2831 3979 3079 4033 restitqu
3111 3980 3186 4033 illi
3207 3989 3309 4043 est,
3339 3980 3638 4034 vindictam

2052 4083 2176 4124 reos
2211 4077 2580 4138 persecutum.
2631 4071 2810 4139 Atque
2836 4070 2939 4124 hac
2968 4070 3054 4124 via
3083 4070 3185 4125 sibi
3219 4079 3413 4135 strata,
3456 4072 3639 4126 statim

2052 4161 2121 4216 tle
2147 4177 2204 4216 se
2228 4163 2345 4231 ipso
2375 4161 2541 4216 dicit:

2123 4254 2215 4310 56.
2255 4271 2272 4304 ι
2319 4253 2362 4307 Ο
2409 4255 2682 4318 homines,
2715 4269 2816 4324 ego
2862 4253 3070 4324 legatus
3130 4253 3224 4309 Dei
3269 4269 3391 4310 sum
3426 4253 3493 4308 ad
3545 4268 3642 4308 vos

2053 4359 2297 4400 omnes.»
2321 4342 2586 4398 Praeclare
2611 4341 2925 4400 enimvero!
2955 4344 3049 4414 qui
3078 4345 3290 4400 nullutn
3319 4345 3516 4400 divinze
3539 4361 3640 4414 pv-

2057 4438 2241 4492 lentiae
2275 4452 2417 4508 opus
2442 4451 2553 4506 prae
2583 4453 2643 4492 se
2675 4438 2799 4505 fert,
2827 4437 2960 4490 nihil
2985 4437 3270 4508 sapientia-
3308 4451 3404 4492 aut
3429 4439 3646 4492 virtutis

1981 4524 2026 4578 D
2053 4528 2213 4584 laude
2241 4530 2438 4601 dignm,
2464 4529 2684 4599 propria
2719 4529 3064 4595 auctoritate,
3097 4543 3151 4584 et
3181 4531 3390 4600 absque
3420 4531 3649 4584 demeti.

2058 4620 2326 4676 stratioue
2375 4627 2470 4674 aut
2528 4617 2904 4687 praedictione,
2946 4618 3105 4687 legati
3152 4619 3257 4672 sibi
3314 4620 3636 4690 dignitatem

2057 4717 2256 4779 Sponte
2287 4709 2474 4763 sumit.
2515 4707 2651 4773 Quis
2681 4723 2808 4762 vero
2840 4708 3204 4764 stultissimus
3231 4709 3379 4775 licet,
3422 4716 3477 4764 et
3497 4709 3644 4764 omni

2059 4799 2156 4857 Dei
2195 4801 2507 4872 cognitione
2558 4815 2775 4866 carens,
2824 4799 2877 4854 id
2913 4800 3090 4870 ipsum
3123 4800 3342 4872 aggredi
3374 4796 3651 4869 nequeat?

2057 4892 2114 4948 Si
2141 4893 2401 4964 quoniam
2430 4891 2644 4963 Moyses
2682 4891 2965 4962 lcgislator
2994 4900 3100 4955 est,
3132 4890 3338 4946 idcirco
3368 4900 3423 4945 et
3454 4889 3647 4946 Maha-

2055 4988 2263 5048 medes,
2296 4985 2488 5056 quidni
2534 4985 2753 5040 Pharao
2801 5001 3021 5056 quoque
3058 4986 3111 5040 in
3147 4984 3519 5056 legislatorum
3549 5001 3651 5039 uu-

2055 5097 2208 5137 mero
2236 5080 2345 5134 sit?
2383 5081 2454 5134 At
2483 5079 2633 5133 enim
2662 5078 2809 5148 quod
2841 5077 3042 5143 facere,
3077 5078 3178 5133 etsi
3210 5079 3374 5144 male,
3416 5079 3649 5150 putabas

2059 5185 2243 5230 tamen
2278 5183 2330 5228 te
2365 5172 2566 5255 facere,
2613 5173 2666 5227 id
2701 5173 2894 5228 saltem
2947 5171 3220 5244 probabili
3264 5174 3480 5230 ratione
3519 5189 3647 5226 nar.

2060 5281 2181 5322 rare
2207 5265 2475 5320 debueras
2516 5264 2692 5334 :quia
2748 5274 2927 5319 tamen
2975 5266 3124 5336 quod
3183 5281 3294 5335 prae
3351 5275 3403 5322 te
3451 5264 3646 5330 ferres,

2061 5356 2452 5419 nonhabuisti,
2502 5372 2616 5411 rem
2679 5357 2898 5412 silentio
2951 5359 3355 5423 transmisisti;
3412 5360 3506 5413 sed
3542 5373 3646 5426 ego

2062 5453 2159 5507 tibi
2197 5455 2248 5506 iu
2283 5450 2602 5506 memoriam
2650 5451 2926 5506 reducam.
2964 5449 3178 5522 Moyses
3211 5465 3316 5505 non
3362 5450 3647 5521 legislator

2065 5544 2466 5608 tantummodo,
2501 5559 2688 5598 verum
2727 5544 2892 5598 etiam
2924 5543 3188 5613 propheta
3229 5550 3370 5608 erat,
3421 5542 3648 5614 ejusq-‘e

2068 5637 2476 5710 pt'Opbctiurunt
2508 5637 2754 5708 quotidie
2785 5636 2992 5693 exitum
3031 5634 3330 5692 cernimus.
3365 5633 3422 5691 lu
3468 5646 3519 5690 te
3554 5648 3646 5689 au-

2143 5819 2250 5891 (οἳ)
2283 5820 2405 5877 (ἔην,
2444 5818 2557 5889 \‘il,
2591 5775 2861 5886 Ii‘v-i,-/l39.
2902 5843 2906 5846 -
