4048 6462
385 407 502 475 ’143

1589 429 1592 434 -
1668 391 1969 456 ΝΙΟΕΤΕ
2004 388 2414 452 BYZANTINI

3578 388 3691 454 744

389 533 496 580 teut
545 515 678 588 quid
727 508 1102 569 admiremur?
1151 507 1432 572 libidines,
1465 506 1664 570 credes,
1714 501 1994 566 incendia,

2115 499 2201 570 τῆς
2225 498 2378 561 θείας
2415 491 2641 568 rma;
2669 497 2798 562 τοὺς
2827 496 3128 570 λιθασμούς
3154 515 3170 566 ;
3223 498 3385 554 λίθων
3429 498 3542 570 γάρ
3570 500 3690 572 χείς

389 606 845 678 deprazdationes.
897 599 1289 672 blasphemias,
1319 609 1375 653 et
1419 597 1622 653 divina:
1672 591 1974 662 Scriptura;

389 695 792 770 lapidationes?
843 694 1048 750 etenim
1100 692 1340 763 lapidum
1378 689 1554 744 instar
1587 694 1718 743 sunt
1759 683 1978 741 scelesti

391 785 1297 859 sermoneslui.L0galus,inquit,
1322 782 1418 837 Dei
1458 797 1600 838 sum.
1639 779 1846 835 Revera
1890 793 1984 848 ap-

391 895 544 956 paret
562 884 850 952 cujnsnam
875 881 968 935 Dei
995 890 1051 934 tu
1072 879 1284 949 legatus
1298 876 1396 941 sis,
1424 875 1516 928 Dei
1542 873 1636 942 qui
1664 873 1776 928 Deo
1797 871 1987 926 adver-

394 984 568 1034 satur.
599 973 901 1033 mendacis,
939 967 1358 1024 calumniatoris
1388 982 1402 1018 :
1433 965 1570 1018 nihil
1602 963 1748 1018 enim
1789 969 1988 1033 praeter

395 1066 512 1121 hac
543 1065 706 1121 docet
732 1063 1024 1135 legationis
1055 1069 1162 1114 tua:
1200 1072 1418 1122 sermo;
1463 1053 1682 1110 tametsi
1715 1051 1984 1108 auditorio

397 1158 502 1212 bus
522 1157 885 1212 reverentiam
917 1153 1164 1207 incutere
1187 1147 1384 1204 niteris
1416 1146 1528 1200 veri
1565 1145 1658 1199 Dei
1689 1147 1986 1199 mentione.

403 1250 796 1306 Verumtamen
831 1249 966 1304 satis
1009 1249 1136 1302 hinc
1164 1241 1507 1314 coargueris,
1541 1241 1685 1311 quod
1717 1240 1852 1295 nihil
1878 1238 1990 1294 Deo

399 1345 626 1414 dignum
658 1341 878 1408 effaris;
914 1347 968 1394 et
1015 1337 1160 1408 quod
1186 1337 1371 1407 ipsum
1426 1335 1597 1390 Deum
1633 1330 1992 1403 blasphemiis

402 1437 721 1500 labefactas,
759 1433 970 1503 tibique
1001 1446 1063 1486 ea
1109 1429 1344 1486 ascribis
1389 1443 1512 1499 quae
1562 1440 1746 1481 rerum
1796 1435 1992 1478 natura

403 1545 512 1585 non
544 1529 771 1598 patitur.
809 1524 945 1580 Nam
977 1522 1255 1594 quomodo
1289 1521 1527 1576 Satanas
1550 1519 1678 1584 erit,
1701 1517 1794 1586 qui
1834 1515 1994 1570 Sata-

403 1637 528 1674 nam
581 1627 635 1673 te
674 1632 894 1688 quoque
947 1616 1250 1670 allirmante
1307 1609 1618 1670 destruxit?
1660 1607 1853 1663 Nonne
1895 1605 1996 1661 ria:

404 1712 521 1773 Dei.
550 1719 817 1781 praecepta
875 1710 1049 1780 ipsius
1075 1703 1332 1779 legesque
1369 1703 1735 1777 appellantur,
1763 1713 1904 1771 quas
1937 1707 1992 1752 tu

405 1801 623 1857 Satanae
651 1803 768 1856 vias
797 1815 922 1856 esse
951 1799 1132 1854 dicis?

476 1893 568 1947 57.
602 1890 732 1946 Post
776 1890 914 1956 hac,
964 1898 1227 1958 tanquam
1276 1885 1447 1957 patris
1496 1881 1762 1939 mendacii
1790 1880 2000 1951 legatus
2033 1865 2074 1919 Β

406 1995 460 2040 ct
481 1985 767 2056 propheta,
787 1999 912 2039 cum
937 1983 1028 2036 illo
1046 1991 1212 2052 petrae
1235 1980 1422 2034 scissa:
1441 1977 1708 2032 miraculo
1733 1973 1999 2044 quasdam

407 2093 538 2133 snas
573 2077 768 2131 miscet
799 2076 1020 2146 spurias
1055 2074 1290 2138 lalmlas,
1320 2081 1381 2127 ut
1404 2073 1595 2142 Moyse
1623 2069 1870 2123 videatur
1906 2080 2002 2120 sa-

410 2169 667 2238 pientior,
690 2167 1092 2222 et.accnratior
1123 2162 1444 2228 historicus,
1471 2161 1706 2230 ideoque
1738 2158 1814 2212 ait
1841 2173 1854 2208 :
1885 2173 1903 2207 ι
1935 2154 2004 2208 Ει

409 2267 711 2328 eruperunt
756 2272 822 2312 ex
851 2257 940 2311 illa
971 2255 1260 2311 duodecim
1296 2253 1496 2309 fontes.
1540 2271 1558 2304 ι
1594 2253 1659 2307 Et
1688 2250 1853 2322 paulo
1879 2257 2004 2319 post

411 2349 563 2405 addit
590 2367 604 2403 :
645 2368 665 2401 ‹
706 2350 772 2404 Ει
805 2364 930 2403 cum
961 2347 1131 2402 Judmi
1163 2356 1526 2402 contumaces
1557 2344 1610 2397 in
1650 2359 1716 2397 eo
1751 2342 2000 2404 fuerunt,

411 2439 556 2509 quod
601 2440 709 2494 illis
758 2440 988 2494 vetitum
1036 2445 1172 2502 erat,
1224 2437 1463 2491 diximus
1507 2434 1662 2490 illis:
1697 2431 1885 2488 Estote
1915 2432 1990 2487 si-

412 2531 554 2595 nti-.e,
605 2538 660 2584 et
708 2531 835 2586 facti
869 2541 998 2585 sunt
1029 2530 1252 2601 quidam
1283 2528 1502 2582 illorum
1547 2526 1722 2582 simia:
1744 2525 2008 2595 capistra-

413 2633 501 2678 ιειι.
543 2642 563 2676 ι
595 2623 896 2689 llactenns,
922 2639 1240 2692 quanquam
1284 2619 1428 2675 haud
1464 2618 1850 2688 intempestiva
1888 2627 2008 2671 erat

414 2716 694 2770 sermonis
723 2716 1120 2786 peregrinitas;
1157 2714 1250 2769 sed
1276 2714 1464 2783 plures
1492 2711 1633 2764 idem
1659 2708 2002 2763 mandantes.

412 2809 638 2867 Rursus
682 2824 814 2864 vero
843 2808 912 2863 ad
944 2809 1068 2863 illas
1096 2809 1298 2878 quibus
1346 2813 1462 2860 tota
1511 2805 1631 2874 ejus
1661 2803 1842 2857 oratio
1871 2817 2009 2857 con-

416 2906 623 2961 texitur
655 2901 1028 2972 blaSphemias
1073 2899 1235 2963 redit,
1285 2911 1484 2966 nempe
1521 2896 1691 2950 Deum
1721 2908 1845 2948 esse
1875 2908 2010 2948 cau-

417 2983 536 3050 sam
603 2993 900 3056 malorum,
944 2991 1178 3063 aitque:
1219 3007 1239 3040 ι
1278 2987 1452 3054 Quem
1505 2986 1651 3040 Deus
1683 2983 1888 3056 dirigit,
1921 2983 2011 3039 ille

415 3087 661 3142 directus
720 3094 834 3151 est;
883 3099 1024 3154 quos
1068 3079 1253 3138 autem
1313 3094 1502 3136 errare
1557 3079 1711 3144 facit,
1760 3079 1841 3132 illi
1880 3084 2012 3132 sunt

2094 607 2222 662 ρους
2248 590 2300 643 oi
2337 588 2555 653 ἀσεϐεῖς
2585 607 2680 643 σου
2711 589 2864 660 λόγοι
2883 607 2898 621 ο
2927 591 3088 656 Θεοῦ,
3129 593 3316 663 φησιν,
3353 590 3515 666 [είμὶ]
3549 591 3689 648 ἀπό-

2089 683 2298 749 στολος·
2320 682 2487 752 φαίνῃ
2511 683 2620 752 γὰρ
2635 684 2806 747 ὅντως
2833 684 2987 738 ποίου
3010 685 3148 740 Θεοῦ
3177 686 3478 749 ἀπόστολος
3502 685 3686 756 ὑπάρ-

2089 795 2226 849 χεις,
2254 776 2348 831 τοῦ
2383 777 2678 846 Θεομάχου,
2707 776 2803 829 τοῦ
2852 777 3220 848 ψευδηγόρου,
3255 777 3352 832 τοῦ
3406 779 3685 847 οὐκοιςάν⁵

2087 887 2182 923 του
2207 886 2220 898 ·
2253 869 2406 924 οὐδὲν
2443 872 2554 941 γὰρ
2587 869 2778 922 τούτου
2832 869 2994 923 πλέον
3030 887 3125 923 σου
3157 871 3186 923 6
3221 871 3322 942 τῆς
3379 869 3692 938 ἀποστολῆς

2087 961 2328 1015 διδάσκει
2375 961 2563 1028 λόγος·
2627 961 2733 1014 κᾶν
2779 962 2829 1014 εί
2883 961 3156 1016 δυσωπεῖν
3215 963 3520 1034 ἐπιχειρεῖς
3561 966 3692 1026 τοὺς

2089 1053 2392 1118 ἀκούοντας
2432 1056 2494 1108 ὲκ
2525 1053 2626 1124 τῆς
2653 1054 2746 1107 τοῦ
2767 1053 2936 1117 ὅντως
2964 1054 3101 1107 Θεοῦ
3129 1055 3502 1126 προσηγορίας
3525 1071 3540 1087 ·
3570 1055 3692 1110 ἀλλ’

2092 1149 2290 1224 ἐλέγχῃ
2320 1151 2384 1204 ἐκ
2411 1150 2504 1203 τοῦ
2530 1149 2697 1221 μηδὲν
2725 1149 2835 1204 τῶν
2873 1152 2950 1220 τῷ
2980 1150 3100 1222 Θεῷ
3125 1152 3513 1222 προσηκόντων
3543 1168 3689 1220 γνω-

2096 1244 2362 1315 μοδοτεῖν,
2395 1245 2491 1298 καὶ
2523 1243 2618 1296 τοῦ
2657 1243 2821 1298 αὐτὸν
2852 1244 2943 1297 τὸν
2975 1244 3111 1297 Θεὸν
3145 1245 3525 1316 ἀνατρέποντα
3555 1244 3692 1298 δυσ-

2094 1342 2320 1409 φημεῖν,
2349 1340 2446 1394 καὶ
2476 1341 2813 1412 προσάπτειν
2845 1339 2994 1411 αύτῷ
3024 1339 3059 1394 ἃ
3090 1341 3210 1394 οῦδὲ
3241 1341 3377 1414 αύτή
3404 1342 3514 1394 τῶν
3547 1359 3692 1414 πρα-

2094 1430 2322 1500 γμάτων
2354 1431 2386 1502 ή
2441 1433 2602 1498 φύσις
2635 1433 2905 1502 ἐγχωρεῖ·
2943 1432 3061 1495 πῶς
3093 1432 3200 1502 γὰρ
3231 1433 3476 1497 Σατανᾶς
3507 1435 3686 1496 ἔσται.

2094 1524 2122 1576 6
2155 1522 2246 1576 τὸν
2272 1523 2514 1576 Σατανᾶν
2541 1525 2834 1596 καταργῶν
2864 1523 3004 1594 μετά
3039 1524 3168 1592 σούς
3198 1525 3230 1593 ἦ
3263 1526 3386 1596 ούχὶ
3408 1526 3519 1579 ὁδοὶ
3548 1526 3689 1580 Θεοῦ

2095 1617 2154 1670 αἱ
2175 1617 2384 1672 ἐντολαὶ
2404 1617 2571 1672 αὐτοῦ
2597 1618 2692 1671 καὶ
2709 1621 2764 1672 αἱ
2795 1617 3106 1688 νομοθεσίαι
3126 1619 3288 1674 αὑτοῦ
3309 1620 3691 1691 ὀνομάζονται,

2095 1709 2164 1776 ἃς
2187 1711 2251 1764 σὺ
2281 1710 2435 1775 ὁδοὺς
2460 1712 2567 1783 φὴς
2597 1707 2740 1766 εἶναι
2773 1711 2864 1766 τοῦ
2897 1712 3141 1779 Σατανᾶς

2178 1895 2278 1960 vI’.
2312 1893 2444 1950 Εἶτα
2495 1897 2588 1951 ἐπὶ
2616 1897 2829 1961 τούτοις
2860 1897 2938 1960 ὡς
2977 1896 3073 1951 τοῦ
3105 1897 3313 1969 πατρὸς
3338 1893 3431 1951 τοῦ
3463 1898 3696 1968 ψεύδους

2104 1989 2180 2044 ὢν
2209 1991 2510 2054 ἀπόστολος
2547 1989 2644 2044 καὶ
2673 1991 2987 2062 προφήτης,
3042 1991 3141 2060 τῆς
3173 1991 3316 2045 κατά
3345 1990 3442 2061 τὴν
3470 1990 3698 2062 ἀκρότοο

2109 2100 2208 2154 μον
2237 2081 2684 2155 θαυματουργίας
2717 2084 3048 2153 παρεισάγει
3076 2082 3144 2136 ea
3181 2081 3314 2136 v60a
3368 2082 3535 2136 αὐτοῦ
3588 2101 3699 2154 μυ-

2107 2176 2376 2246 θεύματα,
2409 2177 2485 2238 ὡς
2515 2176 2580 2230 ἂν
2606 2175 2734 2248 δόξῃ
2777 2175 2873 2229 καὶ
2906 2176 3188 2240 Μωῦσέως
3229 2175 3540 2247 σοφώτερος
3600 2178 3701 2230 καὶ

2106 2268 2499 2339 ἀκριϐέστερος
2550 2264 2688 2321 εἶναι
2754 2267 3047 2339 ἐξηγητὴς,
3110 2267 3204 2322 καί
3261 2283 3462 2340 φησιν’
3535 2287 3554 2320 ι
3590 2270 3703 2323 Ka't

2107 2361 2344 2434 ἔδρυσαν
2375 2362 2433 2428 ἐξ
2465 2361 2635 2431 αὐτῆς
2663 2361 2873 2416 δώδεκα
2903 2362 3097 2432 πηγαί.
3135 2380 3155 2416 ι
3209 2362 3322 2416 Καὶ
3354 2363 3475 2432 μετ’
3515 2361 3702 2431 ὀλίγον

2107 2453 2467 2524 προστίθησιν
2501 2453 2649 2525 (95)*
2704 2471 2722 2505 t
2770 2454 2888 2508 Ὅτ⁹
2918 2453 2984 2508 ἂν
3021 2455 3079 2508 δὲ
3134 2454 3430 2525 ιπέμειναν
3461 2455 3510 2508 οἱ
3567 2454 3704 2507 Ἰου-

2109 2544 2246 2597 δαῖοι
2277 2546 2357 2608 είς
2386 2543 2422 2598 ἃ.
2449 2543 2752 2598 ἐκωλύοντο
2779 2545 2836 2610 ἐξ
2860 2545 3062 2612 αύτῶν,
3094 2545 3324 2616 εἴπομεν
3349 2546 3533 2610 αὐτοῖς
3553 2561 3567 2575 °
3599 2545 3704 2598 Γέ-

2110 2635 2268 2690 νεσθε
2303 2637 2524 2707 πίθηκοι
2548 2653 2563 2668 ο
2599 2639 2694 2691 καὶ
2741 2638 2993 2706 ἐγένοντο
3019 2637 3151 2691 ένιοι
3184 2637 3410 2710 πίθηκοι
3442 2654 3704 2706 πεςςιμω-

2114 2728 2288 2798 μένοι.
2327 2745 2345 2781 ι
2411 2729 2560 2792 Τέως
2597 2729 2646 2781 εί
2700 2730 2794 2782 καὶ
2849 2729 2926 2800 μὴ
2958 2729 3188 2801 ἄκαιρον
3211 2724 3281 2800 ἦν
3312 2729 3375 2783 τὸ
3411 2729 3508 2782 τοῦ
3541 2729 3702 2796 λόγον

2111 2821 2282 2888 ξένον,
2313 2820 2448 2874 ἀλλὰ
2478 2819 2700 2884 πλείους
2728 2819 2862 2874 αὐτὸ
2895 2821 2946 2874 oi
2982 2821 3412 2892 προστάξαντες.
3447 2819 3617 2875 Πάλιν
3646 2819 3704 2872 δὲ

2109 2913 2210 2982 τῆς
2238 2914 2305 2967 δι’
2334 2913 2456 2966 ὅλου
2505 2911 2654 2983 αὐτῷ
2678 2912 2776 2966 τοῦ
2826 2911 2988 2982 λόγου
3038 2912 3384 2984 πλεκομένης
3425 2912 3704 2983 μέμνηται

2111 3006 2440 3078 δυσφημίας,
2475 3005 2571 3059 τοῦ
2600 3007 2692 3058 τὸν
2714 3006 2848 3060 Θεὸν
2871 3002 3013 3061 εἶναι
3039 3007 3147 3060 τῶν
3173 3006 3362 3061 κακῶν
3388 3007 3584 3072 αἴτιον,
3613 3003 3708 3060 καί

2112 3114 2306 3169 φησιν·
2351 3116 2370 3150 ι
2408 3097 2514 3151 Τὸν
2542 3097 2732 3166 ὁδηγεῖ
2758 3099 2786 3151 6
2814 3097 2967 3162 Θεὸς,
3003 3097 3210 3162 ἐκεῖνός
3237 3099 3386 3151 ἐστιν
3416 3097 3705 3168 ὡδηγημέ-

415 3178 656 3234 erronei.
695 3195 715 3230 ι
754 3177 818 3231 Ει
858 3176 1020 3246 paulo
1069 3185 1193 3246 pust
1252 3174 1396 3229 idem
1445 3172 1783 3229 conﬁrmans
1832 3169 2008 3225 dicit:

2116 3208 2232 3253 vo;°
2263 3192 2358 3245 καὶ
2381 3191 2507 3254 τοὺς
2534 3189 2945 3262 πλανᾷ,ὲκεῖνοί
2974 3193 3109 3245 είσιν
3131 3190 3705 3262 ἔλλειμματισμένοι.»

421 3289 441 3322 ι
482 3268 601 3324 Νοιι
669 3269 925 3339 possideo
965 3269 1161 3322 aninnc
1214 3281 1353 3320 meae
1387 3264 1503 3320 sive
1549 3263 1840 3318 utilitatem
1897 3261 2015 3316 sivo

416 3362 706 3427 damnum,
731 3359 840 3415 nisi
861 3358 1009 3429 quod
1038 3357 1276 3414 voluerit
1311 3355 1475 3411 Deus.
1516 3374 1535 3406 ι
1562 3353 1777 3410 Oblitus
1829 3363 2012 3408 autem

417 3453 566 3526 quod
589 3451 753 3522 paulo
781 3458 941 3506 antea
978 3449 1301 3521 prophetam
1333 3464 1392 3504 se
1420 3454 1855 3517 nuncupaverat,
1884 3446 1961 3500 ait
1997 3461 2011 3499 :

424 3564 445 3598 ι
481 3543 655 3610 Quod
697 3543 742 3597 si
788 3542 973 3597 omnia
1027 3541 1247 3608 scirem,
1302 3548 1451 3595 certe
1503 3537 1898 3608 multiplicarer
1947 3552 2014 3592 ex

419 3635 590 3700 bono,
623 3647 804 3703 neque
855 3647 944 3687 me
994 3631 1203 3685 malum
1249 3631 1566 3700 attingeret.
1613 3625 1732 3682 Non
1762 3643 1884 3682 sum
1912 3641 2014 3696 ego

423 3726 530 3782 nisi
568 3725 855 3780 intimator
895 3733 951 3780 et
992 3723 1398 3793 evangelizator
1440 3719 1642 3792 pupulo
1679 3720 1945 3776 credenti.
1991 3739 2010 3773 ι

423 3815 633 3872 Deinde
659 3815 801 3871 facta
836 3816 1118 3886 aliquanta
1150 3815 1567 3870 idololatrarutn
1593 3814 2012 3883 objurgatione;

424 3913 570 3967 hanc
593 3911 741 3964 enim
776 3923 996 3978 semper
1044 3907 1148 3962 sibi
1193 3923 1486 3978 personam
1529 3908 1738 3971 induit;
1784 3906 2017 3976 adjectis

425 4002 712 4058 nonnullis
741 3999 1145 4056 aversabilibus
1175 4009 1227 4055 et
1249 3998 1531 4066 absurdis,
1561 4013 1826 4070 nugacem
1857 3997 2017 4052 labu-

424 4095 533 4150 latn
563 4092 863 4163 abrumpit.

902 4288 1351 4347 CONFUTATIO
1417 4288 1537 4344 Ἧι.

499 4388 590 4445 58.
629 4385 878 4457 Septima
922 4383 1263 4440 Mohamcdis
1299 4382 1484 4437 fabula
1514 4381 1663 4438 caade
1689 4381 1932 4438 humana
1962 4388 2018 4435 et

427 4479 718 4537 occidione
759 4485 872 4532 tota
902 4474 1171 4530 redundat
1207 4491 1223 4528 :
1265 4473 1586 4528 inscribitur
1621 4472 1770 4527 enim
1815 4469 2016 4524 Manu-

427 4575 640 4629 biarum
681 4573 900 4626 divisio.
931 4569 995 4623 Et
1022 4569 1243 4639 quidem
1273 4568 1467 4623 incitat
1501 4575 1788 4636 armatque
1830 4566 2014 4620 omni-
2049 4547 2094 4603 Ῐ)

431 4666 595 4722 mode
642 4663 910 4720 barbaros
941 4669 1000 4716 ut
1032 4677 1090 4717 se
1123 4661 1565 4716 Christianorum
1597 4657 1864 4729 sanguine
1891 4671 2020 4712 cru-

428 4767 654 4824 entent;
690 4755 885 4826 injecta
928 4756 1230 4826 praesertim
1265 4769 1363 4825 spe
1389 4763 1611 4821 paratae,
1642 4760 1700 4807 ut
1725 4752 1822 4815 ait,
1853 4767 1882 4805 a
1911 4749 2022 4806 Dco

431 4851 707 4908 mercedis
759 4850 813 4904 in
863 4847 1121 4920 paradiso
1173 4848 1242 4903 iis
1287 4847 1383 4915 qui
1438 4844 1690 4902 cominus
1741 4859 1866 4899 cum
1914 4843 2020 4899 illis

432 4943 884 5015 congredientur.
904 4940 1167 5008 Quintam
1190 4948 1374 4994 autem
1401 4936 1786 4991 manubiarum
1810 4944 2019 5005 partem

434 5039 547 5092 Deo
578 5035 813 5092 dandam
847 5040 1037 5089 monet
1065 5039 1120 5088 et
1150 5034 1270 5103 ejus
1299 5031 1481 5099 legato
1508 5042 1648 5082 :non
1678 5025 1824 5081 enim
1855 5038 2022 5095 Opor-

438 5130 588 5183 tebat
638 5127 915 5182 luet-orum
973 5123 1115 5179 haud
1167 5136 1290 5178 esse
1335 5120 1655 5191 participem
1707 5116 1860 5172 illum
1924 5115 2020 5186 qui

437 5220 762 5293 perditionis
788 5234 958 5276 causa
1003 5217 1195 5273 iisdem
1220 5224 1336 5271 erat
1374 5233 1388 5268 :
1423 5225 1840 5284 congruumque
1885 5216 2025 5274 erat,

437 5313 652 5370 cruenti
704 5313 889 5384 populi
919 5320 974 5367 et
1004 5301 1340 5366 cruentioris
1390 5307 1576 5378 legati,
1623 5311 1854 5360 cruenta
1903 5315 2026 5357 esse

440 5409 707 5464 facinora.
764 5407 827 5460 Et
871 5404 1118 5458 ironicus
1171 5401 1287 5470 ipse
1335 5399 1511 5454 ironia
1553 5397 1676 5452 illos
1726 5395 1804 5449 uti
1849 5393 2022 5463 jubet.

442 5499 611 5555 Nobis
659 5495 1127 5566 interrogantibus
1172 5494 1227 5548 in
1275 5491 1377 5545 hac
1425 5507 1482 5544 re
1511 5498 1566 5542 et
1611 5486 1907 5551 similibus,
1959 5485 2027 5538 de

444 5594 642 5649 bellica
683 5589 1034 5661 expeditione
1078 5586 1251 5642 siluit.
1300 5583 1688 5640 Verumtamen
1735 5577 2023 5634 sciendum

446 5696 555 5753 est,
596 5683 744 5755 quod
793 5695 998 5754 gnatus
1048 5679 1254 5735 illatam
1295 5691 1418 5733 esse
1471 5673 1631 5731 nobis
1675 5678 1899 5745 propter
1944 5669 2027 5726 ind

533 5853 643 5927 (93)
679 5854 806 5910 Sur.
835 5851 952 5916 vn,
991 5851 1112 5914 nn,
1141 5851 1262 5910 l6‘7,
1297 5849 1414 5906 179.
1462 5849 1583 5903 l88.

2117 3281 2230 3336 Kal
2257 3282 2374 3351 μετ’
2405 3280 2562 3349 ὀλίγα
2591 3280 2652 3333 τὸ
2685 3281 2818 3334 αὐτὸ
2866 3280 3123 3351 βεϐαιῶν,
3169 3300 3187 3332 ι
3223 3283 3306 3335 ὄτι
3357 3282 3432 3336 θύ
3467 3280 3707 3350 κνριεύω

2115 3376 2215 3446 τῆς
2245 3375 2425 3446 ψυχῆς
2456 3391 2558 3445 μου
2609 3373 2882 3443 ὠφέλειαν
2911 3371 3036 3427 οὔτε
3071 3374 3279 3446 βλάϐην
3302 3415 3317 3438 ,
3367 3373 3486 3428 ἀλλ’
3514 3375 3651 3444 ὅπερ
3677 3373 3703 3424 6

2116 3465 2248 3530 Θεὸς
2279 3465 2444 3519 θέλει.
2491 3483 2508 3515 ι
2559 3463 2670 3518 Καὶ
2697 3461 3092 3530 ἐπιλαθόμενος
3134 3463 3215 3517 ὃτι
3251 3464 3543 3535 προφήτην
3584 3464 3702 3516 ἐαυ-

2115 3558 2208 3613 τδν
2240 3557 2347 3629 πρὸ
2377 3558 2578 3629 μικροῦ
2605 3557 2970 3628 ἐπεφήμιζεν,
3003 3556 3153 3626 λέγει
3175 3571 3190 3587 ο
3248 3574 3267 3606 ι
3298 3554 3410 3609 Καὶ
3440 3557 3488 3609 εἰ
3521 3553 3708 3624 ἐγίνω-

2119 3669 2248 3706 σκον
2275 3651 2344 3705 τὰ
2405 3649 2644 3715 ἅπαντα,
2710 3645 2856 3720 εἶχον
2899 3648 3198 3703 πλεονάσαι
3236 3648 3302 3700 ἐκ
3327 3646 3423 3700 τοῦ
3464 3645 3707 3715 ἀγαθοῦο

2118 3745 2216 3799 καὶ
2242 3743 2343 3796 ούκ
2370 3737 2516 3813 εἶχέν
2552 3759 2655 3814 μου
2689 3741 2933 3811 ἅψασθαι
2962 3740 3157 3796 δεινόν.
3191 3741 3306 3794 Οὐκ
3357 3738 3476 3810 εἰμὶ
3503 3736 3616 3807 ἐγὼ
3661 3738 3710 3790 εί

2121 3835 2198 3907 μὴ
2225 3835 2534 3904 ἀνατάλτης
2569 3834 2666 3887 καὶ
2709 3831 3106 3904 εύαγγελιστής
3135 3831 3269 3885 λαοῦ
3321 3829 3673 3891 πιστεύοντος
3693 3846 3708 3862 ο

2117 3929 2245 3996 δόξα
2289 3927 2347 3982 δὲ
2384 3927 2581 3998 μικρόν
2611 3943 2664 3978 τι
2698 3924 3049 3994 καταγνῶναι
3103 3923 3216 3977 τῶν
3264 3923 3715 3993 είδωλολατρούν·

2117 4037 2227 4074 των
2252 4035 2267 4050 °
2294 4018 2455 4073 τοῦτο
2488 4019 2598 4090 γὰρ
2627 4018 2714 4072 ἀεὶ
2747 4015 3040 4071 ὑποδύεται
3086 4015 3147 4069 τὸ
3176 4018 3547 4087 προσωπεῖον,
3576 4018 3714 4085 μετξ

2117 4113 2178 4166 τὸ
2209 4111 2382 4165 θεῖναι
2431 4111 2600 4166 αὐτόν
2655 4128 2710 4166 τι
2748 4110 2860 4164 τῶν
2915 4108 3268 4175 ἀπευκταίων
3301 4107 3400 4164 καὶ
3447 4106 3711 4173 ἀδέκτων,

2118 4203 2421 4276 ἀποτέμνει
2447 4203 2538 4258 τὸν
2567 4203 2875 4276 φλήναιρον.

2168 4290 2173 4297 ·
2641 4295 3088 4350 ΕΛΕΓΚΤΙΚΟΣ
3119 4297 3194 4350 z".
3531 4359 3543 4377 I

2192 4389 2293 4464 ντί.
2339 4391 2399 4446 '0
2427 4390 2655 4463 ἕϐδομος
2690 4388 2858 4461 μῦθος
2907 4389 2987 4460 τῷ
3035 4389 3286 4460 Μωάμετ
3327 4385 3714 4461 ἀνδροκτονίας

2121 4487 2216 4541 καὶ
2247 4485 2562 4558 μιαιφονίας
2593 4484 2952 4556 πεπλήρωται
2983 4482 3093 4554 (9i)
3119 4499 3132 4513 ο
3169 4483 3578 4555 ἐπιγέγραπται
3611 4484 3717 4552 γὰρ

2129 4580 2268 4650 Περὶ
2293 4577 2592 4651 μερισμοῦ
2647 4578 2925 4631 σκύλωνο
2966 4574 3271 4646 διανίστησι
3303 4575 3360 4628 δὲ
3390 4574 3484 4629 καὶ
3510 4573 3719 4639 ἐξοπλί-

2129 4673 2214 4738 ζει
2247 4673 2374 4735 τοὺς
2429 4669 2742 4740 βαρϐάρους
2796 4667 3037 4736 παντοίῳ
3092 4667 3280 4738 τρόπῳ
3309 4668 3424 4731 τοῖς
3451 4666 3561 4720 τῶν
3587 4667 3720 4735 Χρι-

2135 4763 2370 4820 στιανῶν
2421 4758 3170 4832 αἵμασινκαταχραίνεσθαυ
3224 4758 3521 4830 ἐξαιρέτως
3553 4759 3613 4813 δὲ
3652 4759 3718 4829 τῇ

2129 4856 2309 4910 ἑλπίδι
2345 4854 2443 4924 τῆς
2469 4853 2865 4922 ἀποκειμένης,
2900 4852 3058 4922 φησὶ,
3113 4851 3266 4923 παρὰ
3293 4849 3413 4922 Θεῷ
3448 4849 3722 4922 μισθαπο-

2127 4947 2312 5008 δοσίας
2337 4946 2394 4998 έν
2418 4941 2733 5014 παραδείσῳ
2759 4944 2870 5006 τοῖς
2897 4942 3066 5012 ὁμόσε
3090 4941 3333 5014 χωροῦσι
3361 4941 3482 4997 κατ’
3506 4941 3686 4995 αὐτῶν
3705 4957 3718 4972 ·

2129 5038 2390 5108 πέμπτην
2419 5033 2477 5088 δὲ
2504 5035 2699 5105 μοῖραν
2721 5031 2834 5088 τ’ὦν
2865 5032 3076 5087 σκύλων
3105 5034 3184 5105 τῷ
3211 5033 3333 5106 Θεῷ
3362 5051 3496 5105 φησι
3521 5029 3723 5088 διδόναι

2130 5131 2227 5186 καὶ
2281 5128 2361 5200 τῷ
2409 5128 2694 5198 ἀποστόλῳ
2731 5127 2898 5181 αὐτοῦ
2923 5139 2936 5154 ⁸
2977 5128 3065 5212 ob,
3086 5127 3194 5198 γὰρ
3225 5127 3336 5181 ἔδει
3371 5128 3447 5198 μὴ
3484 5125 3581 5180 καὶ
3613 5123 3725 5178 τῶν

2131 5221 2341 5292 κερδῶν
2371 5220 2556 5282 αὐτοῖς
2589 5218 2920 5289 κοινωνῆσαι
2948 5217 3038 5272 τὸν
3067 5218 3163 5272 καὶ
3191 5215 3294 5288 τῆς
3322 5215 3600 5280 ἀπωλείας
3629 5215 3728 5270 αὖ·

2131 5315 2243 5378 τοῖς
2270 5314 2444 5368 αἴτιον
2465 5329 2478 5343 ⁸
2509 5313 2615 5366 ἔδει
2645 5311 2700 5365 δὲ
2729 5312 2792 5365 ἐκ
2829 5311 3116 5382 μιαιφόνου
3143 5310 3274 5366 λαοῦ
3305 5311 3400 5366 καὶ
3427 5327 3728 5382 μιαιφονω-

2132 5409 2295 5477 τέρου
2328 5404 2627 5460 ἀποστόλου
2659 5404 2980 5475 μιαιφόνους
3021 5399 3164 5458 εἶναι
3211 5403 3312 5468 τάς
3355 5403 3586 5476 πράξεις
3607 5417 3622 5432 '
3650 5403 3719 5455 εί-

2139 5501 2507 5575 ρωνευὸμενος
2530 5499 2587 5554 δὲ
2612 5500 2708 5553 καὶ
2733 5497 3044 5579 είροίνεύειν
3071 5498 3269 5563 αὐτοὺς
3301 5497 3546 5552 κελεύει·
3569 5495 3727 5568 ήμῶν

2141 5593 2478 5665 αἰτουμένων
2500 5591 2597 5646 καὶ
2626 5592 2684 5645 έν
2721 5590 2933 5655 τούτοις
2959 5592 3054 5646 καὶ
3103 5593 3214 5653 τοῖς
3255 5589 3480 5660 ὁμοίοις,
3507 5589 3606 5661 τήν
3635 5590 3728 5640 ίκ-
3746 5619 3762 5634 ρ

2137 5685 2428 5761 στρατείαν
2447 5683 2776 5755 ἀπεσίγησε·
2797 5681 2953 5738 τοῦτο
2973 5683 3028 5738 δὲ
3055 5682 3137 5737 δεῖ
3154 5681 3374 5753 εἰδέναι,
3390 5682 3472 5738 δτι
3501 5679 3729 5748 συνιδὼν

2221 5844 2331 5916 (ιι-ι)
2361 5842 2482 5898 Sur.
2521 5838 2660 5905 vm,
2689 5841 2741 5909 ι,
2771 5843 2860 5898 ιι.
