4048 6410
437 351 549 417 745

1588 359 2023 423 REFUTATIO
2050 362 2522 428 MOHAMEDIS.

3585 372 3690 440 746

434 467 538 534 τὴν
565 461 654 516 διὰ
685 461 782 526 τὰς
816 462 1089 535 ἀμέτρους
1117 465 1271 536 ἡμῶν
1304 466 1679 538 πλημμελείας
1711 468 2021 538 ἐπενεχθεῖ-

2131 486 2353 527 numera
2395 484 2616 544 peccata
2655 485 2844 532 nostra
2879 479 2975 535 Dei
3008 479 3171 548 iram,
3204 479 3398 537 albens
3434 478 3525 535 hic
3568 480 3697 535 bar—

434 572 539 609 σαν
582 555 715 626 ἡμῖν
744 555 914 625 όργὴν
949 558 1013 609 ἐκ
1054 556 1214 625 Θεοῦ,
1243 560 1271 612 6
1321 558 1479 622 ἄθεος
1527 554 1684 624 οὗτος
1746 559 2023 634 βάρϐαρος

431 646 653 717 ἥρπασε
675 645 766 699 τὸν
787 646 979 718 καιρὸν
1004 648 1083 710 είς
1111 648 1211 719 τὴν
1242 650 1383 703 κατά
1403 649 1497 703 τοῦ
1516 650 1753 722 Χριστοῦ
1781 649 2024 721 βλασφη-

437 738 592 806 μίαν,
624 736 718 789 καὶ
750 735 819 789 δι’
848 736 1105 808 οὐδεμίαν
1135 740 1326 808 ἑτέραν
1360 739 1540 793 αἰτίαν
1567 744 1733 811 φησιν
1765 742 1913 811 ἡμᾶς
1942 743 2024 804 είς

433 831 625 900 χεῖρας
656 828 836 883 αὐτῶν
865 829 1251 899 παραδίδοσθαι
1281 873 1297 897 ,
1328 831 1360 902 ἢ
1407 830 1496 886 διὰ
1524 830 1585 885 τὸ
1628 830 1918 901 σύνθρονον
1945 832 2024 904 τῷ

435 921 613 992 Πατρὶ
645 921 737 974 τὸν
763 922 998 992 Χριστὸν
1032 921 1317 992 ὁμολογεῖν
1340 936 1354 952 ⁸
1402 923 1484 976 διὸ
1516 923 1756 995 συνεχῶς
1786 924 2023 994 ἀποφαί-

431 1029 586 1065 νεται
606 1028 621 1042 ·
662 1014 722 1066 ού
749 1014 860 1085 γὰρ
899 1014 1083 1084 ὁδηγεῖ
1108 1016 1136 1068 ὀ
1164 1014 1299 1079 Θεὸς
1348 1014 1479 1069 λαὸν
1508 1015 1619 1069 τῶν
1650 1017 1985 1087 παρανόμων
2003 1031 2018 1047 ⁶

435 1105 769 1177 πολλαχόθεν
803 1107 861 1161 δὲ
902 1108 1050 1162 ἐστιν
1098 1109 1265 1163 αὐτὸν
1317 1109 1614 1179 ἅπελέγξαι
1645 1112 1804 1164 τοῦτο
1837 1110 2024 1174 κακῶς

433 1200 892 1270 τεκμαιρόμενον,
929 1201 1176 1271 φυσικῶς
1213 1219 1273 1256 τε
1324 1203 1417 1257 κα)⁸
1448 1205 1486 1256 Γ
1492 1204 1774 1275 ραφικῶς·
1812 1205 2022 1276 Γραφι-

435 1288 551 1353 κῶς
580 1289 677 1359 μὲν
711 1292 821 1344 ἀπό
846 1309 905 1345 τε
933 1291 1028 1345 τοῦ
1066 1293 1327 1357 εὐσεϐοῦς
1373 1294 1569 1349 Ἰακὼϐ
1602 1298 1697 1349 καὶ
1729 1296 1822 1350 τοῦ
1857 1296 2022 1367 βεϐή-

434 1381 530 1433 λου
569 1380 760 1449 Ἡσαῦ,
808 1383 1003 1451 Ἰωσὴφ
1033 1383 1091 1437 δὲ
1114 1385 1209 1439 καὶ
1234 1386 1513 1458 Πετεφρῆ,
1537 1386 1701 1442 Δαϐίδ
1729 1398 1789 1440 τε
1811 1387 2023 1441 καὶτοῦ

435 1473 755 1545 ἀγνώμονος
795 1476 990 1542 Σαοὺλ,
1027 1476 1522 1549 Ναϐουχοδονοσίορ
1554 1480 1646 1539 καὶ
1689 1478 1799 1533 τῶν
1860 1480 2025 1549 αίχμ-
2060 1521 2065 1527 .

435 1561 662 1617 αλὼτων
687 1565 1004 1635 προφητῶν,
1036 1567 1132 1619 καὶ
1161 1567 1366 1639 ἐτέρων
1386 1567 1653 1623 πλείστων
1681 1569 1904 1641 ὁμοίων·
1924 1587 2024 1639 φυ-

438 1652 610 1718 σικῶς
632 1654 691 1708 δὲ
737 1656 846 1709 ἀπό
892 1673 951 1709 τε
986 1657 1275 1722 προϐάτων
1306 1660 1400 1714 καὶ
1446 1661 1656 1733 ἀγρίων
1695 1662 1902 1733 θηρίων
1931 1664 2025 1717 καὶ

436 1744 549 1798 τῶν
571 1746 795 1815 ὁμοίων,
821 1746 858 1801 ἃ
887 1749 986 1819 οὐχ
1019 1749 1094 1814 ὡς
1123 1750 1346 1823 χείρονα
1379 1754 1472 1807 καὶ
1517 1754 1617 1823 τῆς
1666 1755 1746 1817 είς
1768 1754 1903 1809 Θεὸν
1931 1755 2025 1808 εύ-

418 1813 725 1907 ιχαριστίας
751 1813 1249 1913 ἀνεπιτξδεια
1284 1845 1487 1899 ἅλωσιν
1515 1813 1783 1913 ἐξιαύτῶν
1813 1847 2022 1919 ὑπομέ-
2052 1813 2100 1873 Β

434 1944 558 1981 νει·
576 1929 701 2003 ,ἀλλ’
746 1930 822 1995 ὡς
872 1931 1061 2004 ἕτερόν
1097 1952 1219 1990 τινα
1271 1934 1466 2007 ἔχοντα
1520 1938 1679 2007 λόγον
1711 1938 2024 2011 ἀπόρρητον

432 2018 581 2074 οὕτω
606 2021 887 2080 τέτακται.

953 2203 1395 2260 ΕΛΕΓΚΤΙΚΟΣ
1428 2203 1512 2258 Η⁹.

507 2290 606 2347 νθ’.
649 2294 709 2347 '0
734 2293 917 2364 ὄγδοος
966 2296 1135 2365 μῦθος
1174 2296 1288 2369 (95)
1321 2298 1399 2369 τῷ
1443 2298 1687 2369 Μωάμετ
1723 2299 2028 2369 ἐπιγέγρα-

436 2403 574 2440 πται
605 2387 725 2457 μὲν,
755 2391 861 2455 Εἰς
876 2389 989 2456 τὴν
1000 2390 1326 2460 μετάνοιαν
1347 2406 1362 2421 ο
1393 2393 1648 2463 παραινεῖ
1675 2392 1731 2446 δὲ
1749 2395 1861 2456 τοῖς
1889 2393 2025 2464 βαρ-

435 2478 627 2549 ϐάροις
649 2479 955 2550 ὡρισμένον
987 2482 1108 2537 τινὰ
1142 2483 1337 2554 καιρὸν
1376 2482 1456 2555 τῷ
1486 2485 1614 2538 πότε
1646 2486 1824 2556 χρόνῳ
1859 2503 2026 2558 προσ-

440 2573 625 2641 μεῖναι
666 2573 791 2636 τοὺς
823 2574 1206 2645 Χριστιανοὺς,
1234 2577 1311 2640 ὡς
1360 2576 1427 2631 ἂν
1487 2576 1765 2647 βούλοιντο
1805 2578 1874 2632 τὰ
1903 2576 2027 2633 καθ’

437 2664 668 2730 ἑαυτοὺς
692 2665 974 2722 διαθέσθαι
1000 2684 1014 2699 ο
1050 2669 1099 2721 εί
1125 2666 1224 2739 μὶν
1246 2663 1341 2723 οὖν
1375 2668 1586 2723 ἑαυτῶν
1620 2672 1915 2741 ἐγκρατεῖς
1937 2671 2029 2739 γέ-

437 2773 637 2824 νοιντο,
663 2757 758 2813 καὶ
788 2758 1157 2814 ἀποδιαστῶσι
1180 2760 1279 2833 τῆς
1309 2760 1417 2814 τῶν
1440 2760 1730 2833 βαρϐάρων
1768 2780 2030 2835 περικρα-

432 2848 670 2919 τήσεως,
695 2851 931 2922 πόλεμον
960 2853 1279 2925 ἀναίρεσθαι
1311 2854 1450 2925 πρὸς
1501 2853 1730 2919 αὐτούς’
1761 2856 1811 2908 εί
1845 2855 1903 2909 δέ
1932 2873 2028 2926 με-

342 2934 350 2941 ’
433 2945 711 3010 ταγνοϊεν,
737 2944 892 3016 φησὶ,
948 2945 1041 2999 καὶ
1071 2945 1439 3018 θρησκεύουσι
1469 2946 1570 3017 τὴν
1617 2946 1788 3001 αὐτοῦ
1837 2948 2028 3002 δυσσέ-

433 3035 612 3103 ϐειαν,
639 3036 902 3107 ἀδελφοὺς
936 3038 1131 3101 αὐτοὺς
1172 3038 1734 3110 προσλαμϐάνεσθαι·
1768 3042 2029 3112 παραινεῖ

2127 565 2295 621 barus
2370 568 2718 625 occasionem
2796 571 2927 627 hinc
2985 573 3220 642 arripuit
3278 572 3699 644 blasphemandi

2123 654 2326 712 Christi
2362 676 2376 723 ;
2411 659 2724 731 nullamque
2750 661 2910 717 aliam
2942 664 3013 719 ob
3053 679 3276 720 causam
3319 680 3422 720 nos
3466 665 3702 721 traditos

2122 746 2256 802 dicit
2286 749 2501 805 illorum
2535 753 2811 821 manibus,
2843 754 2951 810 nisi
2990 755 3119 826 quia
3143 771 3521 812 consessorem
3550 756 3699 812 Patri

2123 841 2406 899 Christum
2453 845 2795 903 conﬁtemur.
2830 848 2956 904 Ideo
2986 858 3299 905 constanter
3327 850 3523 905 elfatur
3550 868 3564 904 :
3587 865 3698 904 non

2124 933 2271 989 enim
2320 934 2509 1005 dirigit
2556 935 2700 994 Deus
2733 940 2991 1009 populum
3043 949 3410 1012 peccatorem.
3460 942 3703 998 Multil‘a-

2125 1025 2262 1081 riam
2329 1042 2459 1083 vero
2522 1022 2819 1099 pessumus
2867 1032 3015 1089 hunc
3075 1048 3174 1089 ceu
3232 1043 3702 1105 argumentantem

2123 1127 2378 1181 perverse
2456 1131 2774 1189 coarguere,
2847 1130 2963 1176 tum
3047 1131 3255 1179 naturae
3314 1125 3525 1181 scilicet
3589 1135 3703 1181 tum

2128 1200 2427 1272 Scriptum
2461 1208 2808 1265 testimoniis.
2839 1210 2996 1281 Apud
3036 1210 3374 1283 Scripturam
3397 1214 3641 1285 quidem,
3675 1231 3707 1271 a

2125 1294 2217 1364 pio
2254 1294 2459 1351 Jacobo
2497 1306 2552 1353 et
2596 1298 2741 1357 Esau
2783 1316 3042 1372 nequam,
3074 1304 3144 1359 ab
3172 1303 3410 1376 Josepho
3454 1316 3511 1361 et
3557 1304 3708 1360 Puti-

2126 1387 2320 1457 phare,
2353 1403 2383 1443 a
2417 1388 2618 1446 Davide
2639 1402 2696 1446 et
2740 1393 2959 1463 ingrato
2988 1393 3173 1462 Saule,
3202 1411 3232 1451 a
3262 1395 3707 1453 Nabuchodono-

2127 1491 2257 1533 soro
2296 1488 2351 1533 et
2381 1480 2666 1551 prophetis
2700 1483 2956 1553 captivis,
3000 1494 3055 1540 et
3110 1486 3386 1542 similibus
3418 1486 3543 1544 aliis
3584 1487 3708 1558 plu-

2127 1567 2302 1625 rimis.
2340 1570 2418 1625 Ex
2459 1583 2657 1628 natura
2694 1583 2900 1643 autem,
2947 1576 3017 1632 ab
3044 1576 3238 1633 ovibus
3265 1586 3320 1632 et
3357 1578 3706 1635 silvestribus

2128 1658 2281 1727 feris,
2317 1672 2369 1718 et
2402 1663 2717 1734 hujusmodi
2748 1666 2909 1723 aliis:
2940 1683 3061 1739 quae
3093 1684 3229 1726 sane
3267 1668 3414 1724 haud
3444 1681 3705 1740 tanquam

2128 1751 2368 1823 pejores,
2398 1764 2453 1810 et
2485 1757 2668 1813 minus
2693 1767 2909 1828 gratum
2940 1774 3067 1831 erga
3098 1759 3269 1816 Deum
3309 1762 3558 1817 animum
3611 1777 3709 1832 ge-

2129 1853 2311 1900 rentes
2341 1845 2569 1902 exitium
2601 1848 2672 1903 ah
2711 1849 2835 1905 aliis
2868 1851 3250 1921 perpetiuntur
3276 1875 3288 1908 :
3317 1851 3414 1908 sed
3440 1852 3511 1908 ob
3539 1851 3702 1908 aliam

2127 1935 2479 1993 secretiorem
2512 1954 2735 1996 causam
2764 1940 2840 1996 ita
2868 1939 2975 1997 fuit
3003 1943 3389 1999 constitutum.

2608 2199 3050 2259 CONFUTATIO
3096 2201 3228 2259 VIII.

2196 2290 2286 2347 59.
2305 2289 2511 2349 Octava
2532 2307 2562 2348 a
2579 2291 2897 2349 Mohamede
2915 2292 3101 2350 fabula
3118 2293 3433 2351 inscribitur
3447 2293 3711 2351 Paeniten-

2127 2384 2225 2438 tia.
2244 2384 2514 2440 Admonet
2539 2395 2722 2441 autem
2741 2385 3026 2452 barbaros,
3048 2395 3109 2440 ut
3128 2384 3410 2441 deﬁnitum
3433 2385 3709 2455 quoddam

2128 2485 2342 2548 tempus
2374 2478 2667 2534 observent
2694 2492 2823 2548 erga
2846 2477 3219 2544 Christianos,
3254 2476 3301 2533 si
3335 2477 3391 2532 hi
3417 2477 3588 2533 velint
3623 2492 3711 2534 res

2128 2585 2260 2626 suas
2292 2579 2546 2626 tractare.
2580 2571 2737 2638 Quod
2773 2570 2821 2626 si
2842 2570 2925 2626 illi
2956 2580 3242 2642 compotes
3270 2570 3355 2627 sui
3376 2570 3706 2639 elﬁciantur,

2127 2670 2184 2719 et
2213 2678 2244 2718 a
2284 2663 2643 2719 barbarorum
2702 2663 2935 2733 imperio
2964 2662 3271 2729 discedant,
3321 2673 3449 2719 tunc
3504 2662 3707 2718 bellum

2129 2766 2319 2811 contra
2360 2770 2456 2811 eos
2503 2755 2940 2827 suscipiendum.
2989 2754 3083 2811 Sin
3134 2770 3287 2820 vero,
3339 2754 3539 2825 inquit,
3581 2754 3708 2810 illos

2128 2849 2464 2919 pomituerit,
2509 2857 2565 2905 et
2605 2849 2831 2919 impiam
2866 2849 2989 2920 ejus
3028 2858 3236 2905 sectam
3282 2848 3709 2918 amplectantur,

2129 2940 2184 2994 in
2239 2938 2473 2995 fratrum
2534 2941 2659 2996 loco
2711 2954 2809 2996 eos
2864 2939 3193 3010 suscipiant.
3245 2938 3521 2995 Admonet
3575 2952 3708 3008 ergo

2129 3030 2498 3096 Christianos,
2529 3030 2733 3087 “melius
2765 3044 2892 3087 esse
2925 3031 3191 3102 poenitere
3222 3045 3288 3086 ac
3314 3032 3514 3095 vivere,
3541 3044 3709 3100 quam

436 3122 532 3181 οὖν
562 3130 675 3191 τοῖς
718 3130 1072 3199 Χριστιανοῖς
1115 3129 1198 3183 ὅτι
1249 3129 1470 3184 κάλλιόν
1522 3132 1639 3185 ἐστι
1686 3136 2026 3205 μετανοῆσαι

2132 3122 2184 3176 in
2215 3121 2646 3179 Christianismo
2675 3132 2986 3193 perstantes
3018 3123 3185 3181 mori.
3212 3121 3336 3178 Mox
3362 3122 3710 3192 impudenter

436 3217 536 3272 καὶ
563 3218 685 3289 ζῇν,
716 3218 1251 3290 ἢΧριστιανίζοντας
1305 3221 1674 3294 ἀποθνήσκειν
1700 3241 1714 3254 ο
1770 3225 1927 3290 αὖθίς
1969 3244 2029 3281 τε

437 3311 673 3377 ἀναιδῶς
723 3315 1029 3368 κατατυπεῖ
1076 3314 1204 3378 τοὺς
1260 3314 1478 3380 ἀθλίους
1529 3315 1839 3387 βαρϐάρους
1886 3317 1943 3371 ἐν
1969 3336 2031 3372 τε

435 3401 691 3467 ἀπειλαῖς
739 3403 837 3457 καὶ
883 3404 1128 3474 ἐλέγχοις
1162 3404 1259 3459 καὶ
1294 3405 1555 3460 ὀνείδεσιν
1606 3408 1683 3470 ὡς
1712 3409 2025 3480 καταρᾳθυ-

438 3492 677 3565 μοῦντας
715 3495 809 3549 τοῦ
867 3494 1213 3568 σεϐάσματος
1262 3495 1427 3551 αὑτοῦ
1455 3511 1469 3526 °
1525 3502 1622 3552 καὶ
1680 3500 1773 3553 ἐπὶ
1818 3501 2033 3566 τούτοις

435 3585 585 3640 κατά
637 3585 698 3639 τὸ
737 3588 1003 3658 πρότερον
1040 3588 1334 3659 εἰρημένον
1395 3588 1765 3662 πανούργημα
1823 3591 1882 3644 ἐν
1949 3592 2032 3646 ἐνὶ

436 3680 648 3752 ἐλέγχῳ
709 3682 1051 3753 ἀμφοτέρους
1108 3684 1366 3754 πειρᾶται
1427 3685 1842 3755 ἐπιστομίζειν,
1898 3689 2032 3741 Ἰου-

435 3774 622 3839 δαίους
647 3791 708 3827 τε
742 3774 837 3828 καὶ
866 3776 1231 3846 Χριστιανοὺς
1258 3773 1400 3828 οὕτω
1430 3776 1760 3846 παραλαλῶν
1792 3795 1805 3808 ·

513 3864 576 3932 ξ’.
615 3885 635 3919 ι
671 3866 937 3935 Λέγουσιν
975 3866 1220 3920 Ἰουδαῖοι
1279 3864 1392 3937 (96)
1443 3866 1526 3919 ὅτι
1582 3867 1611 3920 6
1674 3867 1892 3938 Ἰσραήλ
1917 3867 2030 3939 (97)

438 3954 590 4010 ἐστιν
625 3955 905 4020 υίὸςθεοῦ
933 3972 949 3991 ο
1003 3957 1096 4011 καὶ
1139 3955 1391 4025 λέγουσιν
1444 3956 1495 4010 οἱ
1545 3957 1861 4028 Χριστιανοὶ
1889 3959 1972 4012 ὅτι
2003 3961 2033 4013 6

437 4046 678 4118 Χριστός
709 4048 857 4101 ἐστιν
893 4049 923 4102 6
952 4046 1079 4112 Υἱὸς
1105 4046 1197 4101 τοῦ
1227 4047 1364 4101 Θεοῦ
1387 4065 1404 4083 ο
1435 4046 1599 4103 τοῦτό
1628 4050 1775 4103 ἐστιν
1812 4051 1841 4103 6
1876 4050 2033 4120 λόγος

438 4135 624 4190 αὐτῶν
649 4136 738 4191 διὰ
773 4136 884 4190 τῶν
934 4137 1220 4208 στομάτων
1266 4138 1488 4193 αὐτῶνθ
1543 4139 1864 4208 ίσοφωνοῦσι
1920 4144 2033 4206 τοῖς

438 4226 623 4296 λόγοις
650 4227 761 4281 τῶν
787 4227 1187 4299 ἀρνησαμένων
1220 4228 1286 4282 ἐκ
1334 4229 1464 4298 πρίν
1488 4247 1502 4261 υ
1545 4230 1799 4300 φονεύσει
1832 4232 2032 4295 αὐτοὺς

439 4324 471 4377 6
499 4322 653 4388 Θεὸς,
682 4321 872 4377 ἕνεκεν
899 4322 1010 4377 τῶν
1036 4322 1326 4394 ἀρνοῦνται
1347 4338 1361 4353 ο
1397 4322 1729 4407 ἐπελάϐοντο
1743 4326 1870 4388 τοὺς
1897 4327 2030 4379 ἀπο-

444 4413 666 4477 στόλους
693 4413 875 4468 αύτῶν
908 4413 1000 4468 καὶ
1020 4416 1148 4478 τοὺς
1176 4414 1341 4485 ἱερεῖς
1373 4414 1595 4485 κυρίους
1636 4414 1815 4486 πάρεξ
1856 4414 1992 4468 Θεοῦ
2012 4431 2028 4448 ο

2132 3215 2312 3285 pulsat
2343 3213 2592 3270 infelices
2638 3214 2942 3279 barbaros,
2995 3213 3197 3280 minis,
3242 3211 3712 3282 increpationibus

2131 3318 2186 3363 et
2214 3307 2500 3372 conviciis,
2529 3315 2794 3377 tanquam
2824 3309 2878 3363 in
2909 3307 3059 3363 cultu
3080 3320 3182 3363 suo
3209 3307 3488 3362 socordes.
3513 3303 3714 3361 Postea

2131 3399 2347 3465 eodem,
2397 3413 2559 3470 quem
2610 3408 2771 3454 antea
2819 3399 3084 3466 diximus,
3132 3405 3254 3453 astu
3305 3397 3498 3452 ambos
3548 3397 3712 3451 unica

2136 3493 2563 3563 reprehensione
2581 3492 2831 3547 inhibere
2867 3500 3124 3559 conatur,
3147 3490 3216 3548 de
3240 3487 3447 3548 Iudaeis
3471 3487 3637 3545 simul
3657 3498 3715 3543 et

2131 3586 2462 3645 Christianis
2488 3586 2718 3645 {utiliter
2744 3587 2933 3644 dicens
2970 3603 2987 3642 :

2205 3857 2294 3913 60.
2337 3874 2356 3908 ι
2400 3854 2602 3911 Dicunt
2650 3852 2825 3910 Judaei
2859 3851 3140 3908 .Israelem
3186 3863 3311 3906 esse
3353 3848 3536 3933 lilium
3591 3846 3708 3905 Dei.

2131 3947 2434 4005 Christiani
2482 3947 2739 4004 similiter
2791 3944 2982 4000 dicunt
3017 3942 3298 4000 Christum
3337 3954 3461 3996 esse
3502 3939 3598 3995 Dei
3622 3939 3711 3995 Fi-

2134 4042 2291 4096 lium.
2325 4039 2427 4094 Hic
2470 4038 2580 4095 illis
2618 4051 2802 4094 sermo
2846 4036 2905 4091 in
2943 4048 3041 4090 ore
3066 4042 3342 4089 versatur.
3392 4031 3715 4087 Consonant

2134 4146 2258 4185 cum
2288 4129 2504 4184 illorum
2546 4127 2895 4184 sermonibus
2933 4126 3029 4197 qui
3065 4124 3310 4180 inﬁdeles
3353 4122 3423 4179 ab
3443 4131 3569 4178 ante
3592 4120 3715 4178 fue-

2135 4230 2284 4277 runt.
2336 4219 2633 4282 lnterliciet
2658 4217 2784 4274 illos
2813 4216 2960 4274 Deus
2991 4222 3219 4287 propter
3247 4229 3313 4269 ea
3344 4227 3468 4284 qua:
3489 4220 3710 4303 negant:

2138 4312 2514 4384 Susceperunt
2545 4308 2826 4381 apostolos
2868 4322 2999 4365 suos
3037 4315 3093 4361 et
3136 4304 3455 4361 sacerdotes
3488 4316 3621 4359 suos
3654 4302 3713 4357 in

2135 4404 2387 4459 dominos
2413 4402 2537 4458 loco
2565 4401 2682 4468 Dei,
2715 4413 2930 4456 necnon
2977 4396 3259 4453 Christum
3309 4394 3480 4450 ﬁlium
3503 4392 3709 4449 Mariae.

442 4504 539 4558 καὶ
562 4503 655 4558 τὸν
682 4503 920 4575 Χριστὸν
950 4503 1069 4557 υἱὸν
1091 4504 1191 4573 τῆς
1213 4484 1455 4567 Μαρίαςέ
1472 4502 1565 4556 καὶ
1585 4502 1684 4555 οὐκ
1707 4484 2029 4574 ἐκελεύσθη-

2139 4497 2304 4567 Atqui
2338 4510 2449 4551 non
2480 4494 2662 4550 fuerat
2697 4493 2807 4548 illis
2844 4490 3161 4547 mandatum
3211 4494 3273 4542 ut
3312 4487 3483 4542 alium
3513 4484 3713 4540 adora-

447 4614 547 4652 σαν
574 4596 849 4653 δουλεύειν
875 4598 924 4652 εῖ
950 4596 1025 4668 μὴ
1046 4594 1182 4650 Θεοῦ
1218 4594 1356 4658 ἑνός.
1384 4614 1402 4647 ι
1426 4595 1660 4660 Δύσνους
1680 4597 1708 4648 ὁ
1736 4594 2030 4667 βάρϐαρος,

446 4692 572 4745 ἐπεὶ
601 4690 823 4762 ἀμαθὴς
852 4692 947 4744 καὶ
998 4690 1357 4753 ἀπαίδευτος·
1407 4690 1456 4742 εί
1503 4690 1611 4759 γὰρ
1641 4689 1778 4752 ὅλως
1825 4689 2034 4759 προσῆν

446 4783 597 4853 αὐτῷ
624 4783 819 4854 λογικὴ
844 4782 1078 4848 σύνεσις,
1114 4783 1221 4838 ἔδει
1244 4784 1312 4837 τά
1346 4781 1483 4853 πρὸς
1507 4780 1743 4851 τοῦνομα
1785 4780 1880 4833 τοῦ
1912 4780 2031 4833 υἱοῦ

448 4877 829 4948 σημαινόμενα
860 4875 997 4946 πρὸς
1026 4875 1263 4947 θατέραν
1312 4874 1473 4940 δόξαν
1510 4874 1619 4929 τῶν
1687 4872 1859 4927 ἐθνῶν
1893 4890 2031 4943 προ-

448 4970 824 5041 αναφωνῆσαι,
843 4970 937 5023 καὶ
966 4971 1079 5033 τοῖς
1112 4985 1176 5037 γε
1193 4968 1329 5039 πρὸς
1357 4968 1518 5022 αὐτὸν
1549 4967 1625 5039 μὴ
1649 4967 1853 5038 σφόδρα
1873 4967 2032 5021 ἐναν-

446 5065 579 5127 τίως
612 5063 932 5135 φερομένοις
954 5060 1301 5133 ὀμαλὼτερον
1326 5061 1651 5131 ἐπιτιμῆσαι
1676 5078 1691 5092 ο
1723 5060 2035 5114 τούναντίον

447 5156 505 5209 δὲ
531 5157 641 5217 τοῖς
679 5153 750 5208 τά
777 5153 1011 5224 μάλιστα
1052 5152 1203 5228 αύτῷ
1233 5149 1657 5222 διαμαχομένοις
1679 5163 1695 5179 ·
1732 5148 1871 5202 οἵτε
1924 5146 2032 5218 γὰρ

462 5246 707 5301 Ἰουδαῖοι
760 5246 823 5300 οὐ
849 5246 1073 5316 γνήσιον
1121 5242 1235 5298 υἱὸν
1275 5242 1412 5297 Θεοῦ
1450 5241 1543 5295 τὸν
1582 5240 1800 5312 Ἰσραὴλ
1829 5239 2033 5310 ὀνομά-

453 5343 656 5407 ζουσιν,
690 5338 806 5393 ἀλλ’
833 5340 867 5408 ἢ
918 5338 1041 5391 ὅσον
1090 5332 1374 5398 ἀποδεῖξαι
1426 5334 1524 5404 τὴν
1574 5331 1704 5402 περὶ
1731 5330 1910 5387 αὐτῶν
1938 5329 2033 5383 τοῦ

451 5432 591 5487 Θεοῦ
630 5431 1034 5501 ὑπερκειμένην
1095 5428 1232 5500 πρὸς
1270 5425 1341 5479 τά
1372 5425 1536 5479 λοιπά
1584 5423 1711 5492 ἔθνη
1768 5420 1860 5497 διὰ
1911 5422 2038 5484 τοὺς

454 5523 702 5595 πατέρας
731 5521 966 5592 στοργήν
992 5534 1007 5550 ·
1043 5518 1161 5582 πῶς
1204 5516 1297 5572 οῦν
1328 5517 1357 5570 ό
1393 5508 1508 5580 υίὸς
1544 5512 1639 5568 τοῦ
1684 5513 1893 5583 πατρὸς
1941 5508 2035 5564 τοῦ

532 5735 649 5876 ἓξὲξ
679 5728 812 5860 ’
830 5733 1148 5865 ιὸξέιδθφ

794 5899 1065 5963 Pt'rnoL.
1102 5899 1219 5961 Gn.
1254 5896 1378 5959 CV.

2139 4598 2277 4655 rent,
2308 4597 2502 4660 praeter
2523 4585 2695 4642 Deum
2727 4600 2919 4640 unum.
2952 4601 2973 4636 ι
3005 4580 3156 4636 Malae
3181 4579 3383 4635 mentis
3418 4577 3712 4639 barbarus,

2141 4690 2502 4752 praeterquam
2538 4678 2685 4748 quod
2716 4676 2973 4731 indoctus
3017 4683 3072 4730 et
3101 4673 3433 4728 ineruditus.
3474 4669 3614 4724 Nam
3667 4669 3716 4722 si

2136 4773 2429 4828 rationalis
2468 4770 2520 4826 ei
2553 4770 2863 4825 intellectus
2894 4767 3120 4833 inesset,
3163 4763 3440 4820 debuisset
3474 4759 3718 4815 nominis

2141 4865 2241 4921 ﬁlii
2266 4865 2547 4920 notionem
2574 4862 2874 4918 secundum
2905 4859 3181 4916 diversam
3209 4856 3442 4912 duarum
3466 4851 3716 4923 gentium

2141 4957 2515 5029 acceptionem
2553 4954 2894 5024 proclamare
2922 4970 2937 5006 :
2968 4961 3023 5007 et
3046 4951 3168 5006 illos
3198 4946 3422 5019 quidem
3444 4944 3540 5016 qui
3568 4942 3718 4997 haud

2144 5060 2525 5119 magnoperea
2551 5044 2749 5116 placito
2781 5044 2904 5114 ejus
2943 5041 3254 5105 discedunt,
3303 5036 3494 5093 mitius
3534 5032 3717 5105 objur-

2142 5156 2274 5211 gare
2307 5156 2322 5207 ;
2352 5154 2512 5195 secus
2549 5149 2734 5192 autem
2773 5136 2898 5191 illos
2942 5133 3040 5204 qui
3077 5132 3318 5187 maxime
3363 5128 3472 5199 ipsi
3526 5128 3721 5181 adver-

2144 5240 2356 5289 santur.
2409 5228 2546 5284 Nam
2576 5226 2764 5283 'Judazi
2801 5238 3146 5296 nequaquam
3190 5222 3489 5293 genuinum
3523 5216 3617 5271 Dei
3652 5214 3721 5269 ll-

2141 5325 2277 5379 lium
2302 5320 2556 5378 lsraelem
2599 5319 2822 5385 dicunt;
2852 5316 2949 5374 sed
2980 5316 3260 5380 illatenus,
3312 5320 3376 5368 ut
3402 5308 3717 5372 ostendant,

2141 5416 2240 5472 Dei
2283 5426 2526 5470 amorem
2571 5426 2697 5482 erga
2738 5409 2863 5466 illos
2909 5416 3171 5480 praestare
3207 5404 3383 5461 amori
3430 5399 3569 5473 patri
3625 5396 3721 5468 qui
3789 5402 3805 5418 ‘

2141 5506 2283 5580 apud
2311 5514 2537 5562 caeteras
2562 5512 2755 5576 gentes
2790 5516 2914 5558 esse
2949 5500 3107 5557 solet.
3146 5494 3431 5564 Quomodo
3471 5492 3562 5548 hic
3589 5501 3721 5559 ergo

2223 5718 2338 5791 (97)
2366 5716 2443 5774 Ita
2477 5716 2697 5773 Graecus
2723 5710 2918 5770 codex.
2949 5708 3136 5766 Alcor.
3164 5702 3333 5760 Arab.
3368 5698 3558 5759 Ouir.

3276 5856 3357 5922 24
