4048 6420
446 387 563 496 ’747

1708 430 2001 496 ΝΙΟΕΤᾹΞ
2036 429 2447 494 ΒΥΖΑΝΤῙΝῙ

3625 431 3732 496 748

467 545 535 601 de
586 552 741 616 patre
792 544 1062 601 mendacii
1110 551 1296 611 natus,
1358 543 1436 599 ait
1477 541 1697 600 Judacos
1749 541 2035 596 dominum

2141 539 2372 608 ψεύδους
2424 541 2627 609 φάσκει
2654 538 2853 603 αὐτοὺς
2911 538 3101 613 κύριον
3137 543 3346 598 ἑαυτῶν
3370 544 3464 600 τὸν
3506 545 3731 619 Ἰσραὴλ

461 653 623 693 suum
679 636 939 693 lsraelem
1004 637 1109 694 sibi
1161 636 1487 708 sumpsisse,
1552 643 1751 706 praeter
1807 633 2042 691 Deum?

460 727 874 800 Interrogentur
922 726 1094 784 Judaai
1145 737 1328 783 utrum
1384 727 1439 782 id
1493 725 1792 797 aliquando
1856 725 2043 781 animo

461 819 809 890 agitaverint,
847 821 932 875 vel
962 822 1016 876 in
1058 821 1280 877 illorum
1310 819 1613 888 Scripturis
1653 826 1911 874 occurrat
1944 819 2041 873 do~

463 911 645 967 minus
704 911 955 983 ipsorum
1017 912 1206 968 lsrael.
1269 909 1564 966 Christiani
1614 916 1797 964 autem
1847 924 2039 964 verum

461 1017 679 1073 reapse,
725 1011 893 1072 prout
930 1003 1103 1067 decet,
1137 1004 1434 1074 genuinum
1464 1000 1664 1055 Filium
1699 1016 1823 1055 esse
1864 1001 2040 1056 conli-

459 1105 644 1151 tentur
670 1094 975 1162 Christum,
1012 1112 1080 1150 ex
1123 1096 1313 1151 eadem
1355 1094 1534 1151 Patris
1567 1093 1664 1149 Dei
1694 1094 1882 1149 divina
1912 1092 2038 1148 sub-

464 1188 672 1244 stantia
709 1206 725 1257 ;
762 1196 927 1259 prout
987 1197 1071 1244 est
1144 1188 1202 1242 in
1245 1202 1308 1243 ea
1352 1185 1633 1258 Scriptura
1706 1201 1872 1257 quam
1923 1184 2042 1255 ipse
2086 1184 2093 1189 ’

458 1278 730 1333 barbarus
768 1277 970 1333 fatetur
998 1293 1029 1332 a
1075 1278 1183 1333 Deo
1231 1277 1511 1343 traditam,
1551 1292 1748 1348 nempe
1776 1279 1829 1331 in
1862 1276 2041 1331 Evan-

456 1372 623 1441 gelio.
670 1370 808 1426 Nam
855 1372 925 1435 si,
978 1383 1038 1426 ut
1088 1370 1319 1436 fatetur,
1380 1370 1644 1426 divinitus
1702 1369 1889 1423 datum
1936 1367 2041 1421 fuit

454 1464 811 1535 Evangelium
839 1481 854 1529 ;
885 1465 937 1519 in
970 1478 1035 1520 eo
1079 1472 1261 1519 autem
1304 1465 1570 1535 scriptum
1612 1472 1717 1525 est,
1754 1471 1835 1516 ter
1866 1462 2036 1516 Deum

453 1554 687 1623 desuper
731 1570 830 1624 pro
873 1554 1095 1611 Christo
1142 1555 1458 1622 clamasse;
1506 1556 1589 1611 bis
1628 1553 1849 1624 quidem
1889 1552 2038 1607 :Hic

451 1651 527 1698 est
560 1642 738 1701 Filius
779 1661 925 1700 meus
965 1646 1191 1703 dilectus
1212 1649 1233 1681 ’
1264 1666 1278 1714 ;
1312 1647 1482 1702 semel
1510 1655 1693 1700 autem
1732 1663 1746 1700 :
1777 1644 1847 1698 Et
1873 1645 2038 1699 clari-

448 1733 629 1804 ﬁcavi,
656 1744 705 1789 et
725 1737 919 1791 iterum
954 1737 1262 1807 clariﬁcabo
1291 1738 1335 1769 ¹⁰
1352 1753 1373 1803 ;
1394 1737 1525 1807 quid
1552 1737 1848 1791 absurdum
1882 1750 2038 1805 pcre-

449 1824 741 1891 grinumve
785 1824 995 1880 faciunt
1028 1825 1353 1892 Christiani,
1389 1825 1560 1880 Deum
1604 1839 1670 1878 ac
1710 1821 1805 1877 Dei
1839 1819 2036 1875 Filium

2144 631 2501 687 ἐπιλαϐέσθαι
2526 630 2702 703 πάρεξ
2735 632 2903 700 Θεοῦ;
2931 634 3329 706 ὲρωτάσθωσαν
3376 637 3623 694 Ἰουδαῖοι
3649 643 3733 696 εί-

2143 739 2275 777 ποτε
2305 722 2469 778 τοῦτο
2495 723 2910 796 ὲντεθύμηνται,
2941 724 2975 797 ἢ
3006 726 3065 778 ὲν
3093 726 3337 797 Γραφαϊς
3360 730 3540 784 αὐτῶν
3576 733 3731 803 είρη-

2139 831 2235 869 ται
2272 814 2461 885 κύριος
2489 812 2671 869 αὐτῶν
2698 817 2727 869 6
2767 815 2985 887 Ἰσραήλ
3005 831 3017 845 ’
3053 818 3103 869 εί
3129 817 3185 870 δέ
3215 836 3280 888 γε
3305 820 3628 890 Χριστιανοὶ
3649 821 3731 893 τῷ

2141 906 2256 960 ὄντι
2285 908 2500 979 ἀληθῶς
2533 908 2653 962 καθ’
2684 907 2714 961 ὃ
2743 910 2953 981 πρέπον
2981 909 3101 981 Θεῷ
3151 913 3377 984 γνήσιον
3433 913 3579 979 Υίδν,
3635 916 3731 970 καὶ

2141 998 2242 1068 τῆς
2272 1000 2443 1071 αὐτῆς
2467 999 2562 1054 τοῦ
2592 1000 2726 1055 Θεοῦ
2761 1003 2858 1056 καὶ¹
2896 1002 3111 1074 [ἰατρὸς
3142 1004 3332 1069 οὐσίας
3364 1006 3457 1059 τὸν
3492 1008 3731 1077 Χριστὸν

2142 1090 2502 1161 ὁμολογοῦσιν
2530 1095 2596 1165 τῇ
2627 1092 2781 1165 θεῖκῇ
2817 1095 2997 1166 οὐσίᾳ,
3030 1097 3172 1151 κατά
3204 1095 3303 1168 τὴν
3334 1099 3430 1153 καὶ
3457 1101 3591 1173 παρ’
3628 1103 3730 1155 αὐ-

2140 1183 2235 1237 τοῦ
2262 1184 2355 1238 τοῦ
2391 1184 2667 1257 βαρϐάρου
2710 1187 3148 1260 ὁμολογουμένην
3202 1192 3269 1244 ἐκ
3301 1191 3438 1246 Θεοῦ
3478 1193 3733 1250 δεδόσθαι

2141 1278 2357 1347 γραφὴν
2386 1276 2480 1330 τοῦ
2518 1276 2873 1348 Εὑαγγελίου.
2899 1280 2963 1333 Ei
2993 1282 3122 1353 γὰρ,
3152 1282 3229 1345 ὡς
3255 1283 3525 1354 ὁμολογεῖ,
3547 1285 3735 1342 θεόθεν

2139 1366 2351 1422 δέδοται
2377 1369 2437 1423 τὸ
2471 1369 2827 1440 Εὐαγγέλιον,
2865 1373 2925 1425 ἐν
2967 1373 3119 1446 αὐτῷ
3158 1374 3215 1428 δὲ
3271 1376 3605 1448 γέγραπται,
3652 1380 3734 1435 ὅτι

2138 1460 2323 1530 τρίτον
2354 1460 2561 1515 ἄνωθεν
2588 1462 2617 1514 6
2645 1462 2779 1528 Θεὸς
2808 1463 2951 1535 ὑπὲρ
2988 1466 3226 1537 Χριστοῦ
3259 1469 3562 1542 ἐπεϐόησεν
3586 1489 3599 1501 ·
3651 1472 3731 1544 πῆ

2143 1552 2261 1620 μὲν,
2302 1547 2488 1619 Οὗτός
2528 1554 2699 1609 ἐστιν
2735 1557 2770 1609 ὁ
2797 1556 2928 1623 Υἱός
2955 1575 3076 1626 μου
3118 1561 3151 1612 ὀ
3170 1559 3519 1629 ἀγαπητός;
3543 1562 3623 1634 πῆ
3652 1564 3734 1629 δὲ,

2140 1643 2245 1696 Καὶ
2271 1643 2559 1713 ἐδόξασα,
2592 1646 2689 1700 καί
2733 1647 2923 1703 πάλιν
2955 1648 3245 1717 δοξάσω;
3298 1652 3353 1705 τί
3401 1652 3605 1707 ἄτοπον
3642 1657 3737 1710 καὶ

2141 1731 2290 1797 ξένον
2317 1736 2560 1787 ποιοῦσιν
2582 1736 2632 1789 οί
2661 1737 2997 1806 Χριστιανοὶ,
3033 1738 3165 1793 Θεὸν
3196 1741 3291 1795 καὶ
3318 1741 3453 1795 Θεοῦ
3490 1744 3622 1797 Υίὸν
3645 1746 3737 1801 τὸν

2138 1821 2374 1891 Χριστὸν
2408 1823 2835 1893 ὀμολογοῦντες;
2866 1825 2961 1880 τοῦ
2994 1827 3130 1880 Θεοῦ
3164 1829 3296 1882 αὐτὸ
3322 1830 3482 1883 τοῦτο
3518 1850 3736 1904 μαρτυ-

449 1913 732 1969 Christum
785 1915 1115 1973 conﬁtentes
1144 1916 1168 1970 ?
1197 1917 1310 1972 Deo
1354 1916 1461 1971 hoc
1502 1916 1644 1970 idem
1686 1922 1941 1978 testante,
1985 1920 2038 1966 et

2146 1914 2388 1984 ροῦντος,
2426 1917 2521 1968 καὶ
2554 1917 2713 1970 τοῦτο
2741 1917 2842 1986 μὲν
2889 1921 2953 1973 ὲκ
2996 1920 3095 1990 τῆς
3149 1923 3559 1993 ἐπαινουμένης
3598 1925 3737 1997 παρ’

449 2006 674 2076 quidem
700 2006 758 2060 in
785 2007 1006 2063 laudato
1028 2010 1098 2064 ab
1128 2008 1248 2079 ipso
1283 2007 1605 2063 Mohamede
1643 2006 1803 2060 libro.
1848 2004 2035 2070 Quan-

450 2112 616 2167 quam
647 2097 889 2153 arbitror
919 2114 1200 2170 nunquam
1236 2099 1433 2155 lectam
1458 2098 1775 2172 divinorum
1800 2094 2038 2166 Evange-

448 2189 649 2245 liorum
678 2204 711 2245 a
749 2189 987 2245 barbaro
1046 2190 1404 2261 scripturam,
1439 2188 1534 2245 sed
1569 2188 1788 2253 illorum
1824 2195 2035 2241 tantum

448 2283 675 2339 nomine
711 2282 919 2345 audito,
949 2282 1246 2348 laudasse;
1277 2283 1413 2353 quin
1460 2292 1641 2337 tamen
1691 2281 1860 2337 sciret
1897 2280 2036 2335 scri-

447 2383 604 2445 ptum
638 2374 714 2430 ibi
744 2373 896 2444 quod
934 2389 1064 2430 vere
1100 2374 1191 2430 Dei
1222 2373 1396 2430 Filius
1425 2374 1681 2431 Christus
1723 2376 1817 2431 sit.

519 2467 607 2522 6t.
645 2464 803 2534 Quod
833 2476 1014 2522 tamen
1041 2481 1107 2522 ex
1135 2466 1448 2538 antiquiore
1480 2466 1644 2521 etiam
1677 2470 2037 2539 mysticorum

446 2573 511 2613 ac
532 2558 928 2629 prophetarum
951 2557 1239 2629 Scriptura
1269 2557 1615 2629 exploratum
1641 2568 1745 2615 est.
1776 2559 1912 2616 Nam
1944 2577 2040 2632 pa-

448 2665 537 2706 res
596 2649 880 2705 stellarum
935 2665 1167 2713 numero
1193 2650 1443 2708 invenies
1486 2652 1565 2707 rei
1604 2651 1769 2720 hujus
1809 2655 2041 2709 demon-

449 2742 766 2808 strationes,
797 2742 910 2814 jam
950 2744 1078 2801 inde
1099 2759 1130 2800 a
1159 2744 1340 2815 primo
1366 2744 1611 2800 omnium
1644 2745 1783 2802 libro
1816 2746 2039 2818 Moysis,

448 2851 627 2906 usque
647 2836 715 2892 ad
740 2836 1018 2893 Danielem
1035 2837 1357 2907 prophetam
1375 2845 1429 2893 et
1449 2838 1708 2908 reliquos.
1728 2837 1884 2906 Quod
1913 2845 2041 2912 qui-

446 2927 569 2982 dem
591 2926 803 2999 Moyses
829 2940 1013 2985 nosset
1038 2928 1132 2983 Dei
1156 2928 1418 2984 unitatem
1444 2938 1678 2999 naturae,
1702 2942 1758 2987 et
1790 2940 2044 3003 proprie-

445 3026 621 3073 tatum
648 3018 701 3074 id
726 3028 810 3075 est
849 3034 1208 3090 personarum
1241 3018 1818 3091 diﬂ‘erentiam,palam
1839 3025 2043 3080 factum

444 3117 532 3166 est
553 3125 679 3166 cum
720 3111 986 3181 scripsit:
1022 3109 1314 3166 Faciamus
1358 3112 1624 3169 hominem
1652 3115 1722 3168 ad
1759 3117 2045 3187 imaginem

446 3219 512 3257 ac
532 3202 937 3258 similitudinem
968 3214 1206 3260 nostram
1233 3205 1297 3259 ¹¹.
1332 3202 1467 3260 Item
1497 3206 1668 3261 dixit:
1700 3205 1836 3263 Ecce
1870 3208 2044 3263 Adam

444 3297 600 3366 quasi
628 3311 764 3350 unus
786 3311 852 3350 ex
883 3296 1033 3351 nobis
1069 3296 1242 3366 factus
1263 3305 1340 3350 est
1365 3296 1432 3351 η.
1473 3298 1718 3369 Denique
1740 3314 1865 3355 eum
1897 3300 2037 3355 scri-

445 3386 596 3458 psit:
630 3388 797 3455 Audi,
846 3387 1040 3454 Israel,
1074 3387 1334 3443 Dominus
1389 3388 1531 3443 Deus
1587 3401 1734 3456 tuus,
1780 3391 2037 3447 Dominus

446 3498 585 3536 unus
616 3491 694 3537 est
724 3483 790 3539 ι’.
824 3481 888 3537 Vi
925 3483 1207 3538 causativa
1261 3484 1523 3539 nimirum
1564 3493 1621 3541 et
1648 3486 1954 3542 substantia
1985 3499 2040 3544 et

446 3574 861 3645 conspiratione
890 3574 1102 3629 unitam
1144 3589 1267 3631 esse
1301 3574 1649 3644 Trinitatem,
1684 3578 2037 3634 manifestum

445 3675 571 3722 est:
603 3681 769 3722 secus
807 3666 955 3722 enim
993 3666 1270 3722 contraria
1287 3667 1393 3723 sibi
1417 3668 1751 3739 scripsisset,
1786 3672 2038 3739 superius

446 3757 667 3827 quidem
715 3757 912 3828 positis
962 3756 1197 3813 diversis
1239 3758 1496 3828 personis
1554 3759 2035 3830 colloquentibus;

446 3850 644 3907 deinde
668 3865 842 3905 unam
899 3864 1195 3920 personam
1226 3850 1498 3908 inducens
1561 3851 1896 3922 loquentem,
1935 3869 2033 3909 au-

328 3973 336 3981 -
445 3942 685 3999 dientem
732 3952 897 4013 atque
949 3942 1264 3999 facientem.
1292 3942 1453 4010 Quod
1499 3942 1656 4001 nefas
1685 3953 1790 4001 est.
1816 3943 1953 4000 Tum
1974 3954 2038 4013 et

445 4033 693 4090 omnium
720 4042 970 4090 veterum
1004 4035 1396 4104 prophetarum
1428 4034 1897 4092 luculentissimus
1928 4035 2036 4092 Da-

445 4126 574 4193 niel,
599 4127 891 4197 perspicue
922 4133 1140 4197 tempus
1170 4140 1393 4198 quoque
1430 4125 1804 4184 manifestavit
1829 4126 2036 4186 Christi

444 4219 734 4287 adventus,
778 4217 1137 4290 ejusdemque
1178 4218 1498 4289 dignitatem
1549 4221 1898 4293 signiﬁcavit,
1945 4222 2033 4276 di-

445 4326 574 4367 cens
606 4327 621 4365 :
654 4310 1017 4381 Aspiciebam,
1055 4323 1104 4366 et
1127 4327 1245 4367 ecce
1270 4312 1326 4366 in
1355 4311 1582 4368 nubibus
1606 4313 1744 4379 coeli,
1780 4322 2034 4385 tanquam

443 4403 624 4459 Filius
658 4405 929 4471 hominis;
959 4406 1106 4475 eique
1133 4404 1293 4459 datus
1326 4412 1404 4459 est
1440 4405 1627 4472 honor,
1660 4415 1710 4465 et
1742 4406 2028 4471 veneratio,

446 4506 500 4552 et
526 4496 760 4567 reliqua.
786 4494 857 4550 Et
884 4494 1106 4566 quidem
1163 4494 1332 4551 etiam
1389 4493 1694 4566 Antiquum
1720 4493 1931 4549 dierum
1976 4494 2032 4548 in

445 4590 502 4644 in
531 4589 731 4643 throno
754 4587 1037 4644 sedentem
1067 4586 1132 4641 "'.

517 4679 608 4736 62.
648 4678 754 4736 Sed
782 4689 993 4736 veteres
1040 4679 1362 4736 omittamus
1406 4678 1742 4751 Scripturas.
1785 4677 1867 4734 Ex
1900 4677 2034 4747 ipsis

447 4771 654 4829 Christi
707 4771 1176 4842 pradictionibus,
1222 4772 1532 4843 harumque
1580 4770 1753 4838 exitu,
1796 4770 1842 4827 si
1885 4777 2035 4825 certe

447 4865 650 4921 stultus
678 4864 1030 4921 Mohamedes
1071 4879 1264 4935 sapere
1290 4864 1497 4934 aliquid
1531 4869 1762 4933 poterat,
1790 4862 2033 4917 divinam

447 4954 597 5011 illius
648 4954 971 5026 dignitatem
1028 4954 1410 5020 intellexisset,
1455 4967 1668 5009 necnon
1722 4951 1821 5008 abs
1866 4949 2036 5005 Joan-

444 5049 532 5104 nis
571 5049 912 5116 testimonio,
948 5063 1114 5120 quem
1145 5048 1264 5120 ipse
1297 5058 1352 5105 et
1387 5047 1707 5118 prophetam
1747 5045 2032 5116 etjustum

442 5141 724 5197 hominem
754 5143 972 5209 dicens,
1006 5142 1264 5199 admittit.
1292 5141 1426 5197 Item
1456 5156 1488 5197 a
1517 5139 1722 5196 Christi
1751 5138 2033 5194 miraculis

442 5251 540 5306 per
561 5237 810 5308 ejusdem
845 5236 1094 5306 symbola
1118 5236 1370 5306 patratis,
1400 5250 1430 5289 a
1454 5233 1737 5305 sepultura
1768 5239 1825 5288 et
1848 5245 2032 5287 resur-

432 5328 708 5384 rectione.
738 5327 843 5385 Sed
876 5328 1015 5384 nihil
1040 5329 1238 5383 horum
1266 5335 1451 5383 mente
1479 5340 1582 5383 sua
1613 5322 2030 5394 comprehendit

316 5418 329 5428 ‘
440 5416 532 5472 hic
556 5418 834 5476 latronum
865 5419 977 5475 dux
1006 5433 1020 5470 :
1054 5434 1230 5489 neque
1258 5418 1309 5474 ei
1348 5416 1498 5473 cordi
1524 5429 1765 5484 unquam
1799 5412 1903 5469 fuit
1934 5411 2028 5467 Dei

442 5512 695 5566 notitiam
724 5513 971 5583 assequi,
1023 5511 1120 5567 sed
1151 5508 1490 5581 decipiendis
1517 5517 1731 5563 tantum
1760 5504 2029 5561 auditori-

2139 2004 2288 2075 αὐτῷ
2339 2005 2523 2077 βίϐλου
2584 2008 2693 2062 τῶν
2759 2008 3145 2079 Εὑαγγελίωνο
3208 2013 3346 2080 ἀλλ’,
3393 2010 3592 2085 οἶμαι,
3635 2018 3739 2072 οὐκ

2138 2096 2350 2164 ἀνέγνω
2382 2098 2600 2152 πώποτε
2638 2100 2738 2169 τὴν
2767 2101 2876 2155 τῶν
2916 2102 3074 2157 θείων
3115 2104 3467 2174 Εὐαγγελίων
3506 2109 3731 2179 γραφὴν

2139 2189 2166 2239 6
2193 2186 2488 2259 βάρϐαρος,
2515 2190 2683 2262 μόνην
2704 2191 2763 2244 δὲ
2791 2193 2972 2247 αὐτῶν
2993 2194 3091 2266 τὴν
3120 2198 3495 2269 προσηγορίαν
3516 2199 3739 2254 ἀκούων

2140 2279 2449 2347 ἐξεθείαζε·
2502 2284 2597 2339 καὶ
2651 2285 2751 2339 οὐκ
2804 2286 2943 2357 ᾤετο
2972 2289 3029 2341 ὲν
3073 2289 3259 2355 αὐτοῖς
3305 2291 3623 2362 γεγράφθαι
3649 2294 3737 2348 ὅτι

2139 2373 2357 2443 ἀληθῶς
2392 2375 2519 2440 Υίδς
2551 2376 2688 2430 Θεοῦ
2722 2379 2873 2433 ἐστιν
2903 2362 2947 2433 ὅ
2969 2381 3229 2453 Χριστός.

2215 2464 2313 2530 ξα’.
2354 2468 2448 2521 Ἐκ
2481 2468 2538 2523 δὲ
2574 2468 2683 2525 τῶν
2736 2472 2981 2542 ἀπείρων
3009 2473 3111 2543 τῆς
3162 2477 3602 2547 προγενεστέρας
3625 2479 3736 2532 τῶν

2142 2555 2447 2611 θεοπτικῶν
2496 2559 2590 2612 καὶ
2625 2562 2982 2629 προφητικῶν
3032 2563 3288 2634 Γραφῆς·
3322 2566 3573 2636 ἀστέρων
3626 2567 3736 2639 γάρ

2142 2667 2227 2713 τις
2281 2650 2499 2722 ἀριθμῷ
2531 2652 2716 2723 σχεδὸν
2767 2654 3157 2726 ἁμιλλωμένας
3193 2657 3419 2729 εὑρήσει
3450 2658 3551 2724 τὰς
3602 2661 3739 2715 ἀπο-

2142 2741 2358 2809 δείξεις,
2396 2744 2490 2797 ἀπ’
2540 2746 2710 2816 αὐτῆς
2742 2740 2843 2819 τῆς
2888 2750 3294 2821 πρωτογράφου
3331 2750 3520 2822 βίϐλου
3569 2754 3739 2807 Maii)-

2145 2836 2283 2901 σέως
2311 2836 2416 2900 ἕως
2450 2837 2649 2910 Δανιὴλ
2674 2838 2769 2892 τοῦ
2801 2841 3084 2912 προφήτου
3124 2842 3218 2895 καὶ
3243 2842 3352 2897 τῶν
3377 2843 3736 2900 λοιπῶν.”οτι

2144 2928 2253 2999 γὰρ
2276 2928 2519 2998 Μωῦσῆς
2545 2929 2662 3002 ᾔδει
2715 2931 2806 2984 τοῦ
2839 2931 2997 2985 Θείου
3027 2933 3089 2986 τὸ
3115 2936 3215 3005 τῆς
3249 2934 3466 3003 φύσεως
3511 2938 3733 3007 μοναδι-

2145 3018 2263 3085 κὸν,
2298 3020 2395 3072 καὶ
2419 3020 2528 3074 τῶν
2566 3020 2872 3094 ίδιοτήτων,
2931 3025 3102 3096 ἦγουν
3129 3026 3240 3080 τῶν
3271 3027 3647 3094 ὑποστάσεων,
3676 3029 3739 3083 τὸ

2144 3110 2422 3182 διάφορον,
2457 3114 2690 3183 φανερόν
2715 3130 2728 3145 ’
2780 3115 2944 3185 ἡνίκα
2973 3116 3202 3188 ἔγραφε,
3254 3117 3611 3189 Ποιήσωμεν
3632 3120 3738 3174 ἅν-

2149 3204 2385 3270 θρωπον
2414 3205 2543 3258 κατ’
2578 3208 2786 3262 εἰκόνα
2812 3208 3112 3278 ἡμετέραν
3144 3209 3245 3263 καὶ
3273 3212 3580 3279 ὁμοίωσιν.
3625 3212 3735 3266 Καὶ

2072 3265 2115 3323 c
2148 3265 2237 3346 ὅτε
2265 3293 2526 3363 ἔφασκεν,
2567 3296 2714 3353 Ἰδοὺ
2748 3265 3009 3371 φόβον-εί
3030 3301 3213 3371 Ἀδὰμ
3240 3265 3319 3369 (ix;
3347 3297 3435 3368 εἷς
3456 3304 3527 3370 ἐξ
3541 3265 3731 3374 ήμῶν.

2161 3386 2319 3441 ’Λλλά
2360 3387 2456 3441 καὶ
2492 3389 2582 3442 ὅτε
2617 3388 2875 3460 ἔγραφεν,
2914 3392 3157 3459 Ἀνιουε,
3195 3391 3469 3462 Ἰσραὴλ,
3520 3396 3733 3465 Κύριος

2147 3478 2180 3531 o'
2219 3479 2364 3544 Θεός
2405 3493 2542 3545 σου,
2583 3478 2798 3547 Κύριος
2826 3476 2914 3546 εἷς
2938 3480 3070 3534 ἐστι
3093 3497 3107 3511 ·
3140 3479 3217 3551 τῷ
3242 3481 3401 3551 αἰτίῳ
3428 3481 3525 3536 καὶ
3547 3484 3612 3553 τῇ
3642 3483 3733 3535 οὒ-

2147 3569 2241 3639 σίᾳ
2270 3570 2365 3623 καὶ
2425 3573 2703 3641 συμπνοίᾳ
2748 3572 3071 3644 ὲνιζομένην
3103 3572 3372 3642 ἐγίνωσκε
3400 3572 3500 3643 τὴν
3526 3571 3731 3645 Τριάδι

2145 3661 2410 3733 φανερόν
2435 3662 2467 3733 ἢ
2493 3661 2601 3732 γὰρ
2627 3664 2845 3717 ἐναντία
2877 3664 3059 3735 ἑαυτῷ
3096 3663 3358 3735 ἔγραφεν,
3387 3665 3502 3719 ἄνω
3531 3663 3633 3734 μὲν
3657 3681 3734 3716 τι-

2146 3750 2260 3816 θεὶς
2291 3751 2525 3824 διάφορα
2556 3752 2824 3822 πρόσωπα
2854 3751 3257 3822 διαλεγόμενος,
3279 3751 3577 3820 μετέπειτα
3599 3749 3653 3803 δὲ
3675 3749 3733 3802 ἒν

2149 3843 2309 3913 μόνον
2360 3844 2660 3913 ἐκήρυττεν
2688 3838 2830 3897 εἶναι
2864 3844 3159 3916 πρόσωπον
3217 3842 3280 3896 τό
3336 3859 3397 3895 τε
3430 3842 3589 3911 λέγον
3638 3842 3734 3895 καὶ

2145 3932 2343 3987 ἀκοῦον
2372 3934 2468 3988 καὶ
2495 3934 2682 3990 ποιοῦν
2700 3951 2718 3967 ο
2748 3935 2886 4007 ὅπερ
2908 3936 3186 4006 ἀθέμιτον.
3221 3935 3331 3990 Καὶ
3372 3934 3403 3987 6
3432 3935 3653 3988 πάντων
3675 3933 3732 3986 δὲ

2143 4024 2254 4079 τῶν
2287 4025 2454 4080 πάλαι
2488 4027 2783 4098 προφητῶν
2821 4028 3300 4099 ὲμφαντικώτατος
3349 4026 3571 4099 Δανιὴλ,
3602 4043 3734 4096 τρι·

2144 4114 2250 4180 νῶς
2267 4117 2362 4169 καὶ⁵
2398 4116 2490 4171 τὸν
2519 4118 2707 4188 χρόνον
2736 4117 3006 4188 ἐδήλωσεν
3045 4117 3140 4189 τῆς
3169 4113 3411 4188 Χριστοῦ
3440 4114 3728 4175 ἐλεύσεως,

2144 4209 2240 4261 καὶ
2258 4207 2358 4279 τὴν
2395 4210 2561 4264 αὐτοῦ
2591 4208 2748 4275 ἀξίαν
2778 4210 3076 4281 ἐσήμανεν,
3113 4209 3279 4279 ἡνίκα
3309 4206 3480 4277 λέγει’
3526 4203 3730 4261 Ἐθεώ-

2135 4316 2310 4368 ρουν,
2341 4300 2438 4353 καὶ
2469 4299 2598 4354 ὶδοὺ
2631 4299 2732 4353 ἐπὶ
2754 4299 2876 4353 τῶν
2904 4298 3179 4369 νεφελῶν
3217 4298 3328 4353 τοῦ
3358 4295 3622 4367 οὐρανοῦ
3650 4296 3728 4362 ὡς

2142 4392 2273 4457 υίὸς
2292 4390 2609 4458 ἀνθρώπου
2635 4406 2648 4421 °
2705 4392 2805 4446 καὶ
2836 4390 2997 4457 αὺτῷ
3039 4389 3217 4459 ἐδόθη
3250 4392 3289 4461 ἠ
3330 4390 3491 4461 τιμὴ,
3543 4390 3640 4444 καὶ
3691 4391 3728 4458 ἠ

2141 4488 2581 4555 προσκύνησις,
2623 4488 2719 4542 καὶ
2776 4488 2843 4546 τὰ
2897 4487 3023 4558 ἑξῆς
3047 4504 3061 4518 ο
3122 4488 3298 4542 καίτοι
3339 4487 3433 4542 τοῦ
3472 4483 3729 4541 ’Παλαιοῦ

2141 4579 2250 4632 τῶν
2278 4580 2503 4651 ἡμερῶν
2528 4572 2897 4650 καθεζομένου
2924 4581 3018 4634 ἐπὶ
3050 4579 3146 4634 τοῦ
3173 4580 3386 4652 θρόνου.

2211 4669 2310 4742 ξβ¹.
2363 4671 2504 4725 Ἀλλ’
2530 4671 2775 4739 ἀφείσθω
2801 4672 2868 4727 τὰ
2895 4671 3004 4727 ἀπὸ
3042 4670 3150 4726 τῶν
3177 4671 3426 4743 ἀρχαίων
3452 4669 3689 4743 Γραφῶν
3712 4683 3727 4698 ·

2136 4763 2439 4819 ἀπἀὐτῶν
2464 4763 2572 4817 τῶν
2620 4762 2713 4816 τοῦ
2760 4761 3000 4836 Χριστοῦ
3056 4764 3442 4835 προρρήσεων,
3496 4762 3593 4815 καὶ
3619 4760 3732 4815 τῶν

2134 4856 2327 4911 τούτου
2354 4855 2654 4922 ὲκϐάσεων,
2682 4855 2736 4908 εί
2760 4872 2824 4925 γε
2861 4856 3102 4913 συνιέναι
3129 4859 3159 4910 6
3193 4857 3425 4928 μάταιος
3466 4856 3645 4927 ἴσχυε,
3669 4854 3731 4907 τὺ

2135 4953 2233 5023 τῆς
2263 4952 2517 5024 θεότητος
2545 4952 2713 5007 αὐτοῦ
2744 4952 2909 5016 σέϐας
2941 4954 3243 5008 κατέλαϐεν
3276 4953 3345 5007 ἂν
3369 4952 3465 5006 καὶ
3497 4951 3733 5031 ἁπὸητῆς

2135 5044 2230 5098 τοῦ
2276 5045 2526 5099 Ἰωάννου
2557 5046 2886 5118 μαρτυρίας,
2920 5042 2991 5102 ὃν
3015 5047 3302 5118 προφήτηκ)
3331 5044 3426 5099 κιῖιἱ
3450 5043 3621 5115 ἄνδρα
3648 5042 3731 5094 δί’
3770 5102 3789 5128 ,

2136 5152 2290 5189 καιον
2318 5135 2481 5201 αὐτὸς
2519 5138 2906 5207 καταγγέλλων
2939 5137 3295 5192 ἀποδέδεκται
3350 5136 3463 5206 (98)
3494 5151 3508 5163 ·
3566 5135 3599 5205 ἢ
3632 5134 3731 5187 καὶ

2134 5226 2243 5281 ἀπὸ
2264 5227 2375 5283 τῶν
2405 5226 2863 5303 θαυματουργιῶν
2915 5229 3024 5282 τῶν
3079 5228 3247 5283 αὐτοῦ
3280 5226 3593 5297 συμϐόλων,
3627 5222 3727 5277 τοῦ

2137 5318 2331 5391 τάφου,
2362 5321 2529 5392 φημὶ,
2564 5322 2659 5376 καὶ
2702 5322 2800 5391 τῆς
2830 5322 3184 5387 ἀναστάσεως
3209 5336 3224 5352 ο
3250 5319 3373 5375 ⁴ἀλλ’
3402 5318 3558 5373 οὐδὲν
3602 5316 3729 5370 τού-

2135 5429 2243 5466 των
2272 5413 2622 5484 συνεώρακεν
2682 5414 2712 5467 6
2759 5413 3106 5484 λοχαγωγός⁹
3157 5412 3281 5467 οὐδὲ
3313 5411 3423 5482 γὰρ
3465 5406 3534 5482 ἦν
3574 5407 3727 5478 αὐτῷ

2136 5502 2285 5567 θείας
2313 5504 2535 5574 φροντὶς
2592 5504 2940 5574 ἐπιγνώσεως
2992 5506 3243 5573 πώποτε,
3288 5504 3429 5576 πλὴν
3473 5504 3599 5557 ὅσον
3628 5499 3723 5555 τοῦ

516 5649 759 5723 [Matth
803 5667 888 5723 in,
925 5652 1028 5717 l7;
1079 5651 1214 5709 Luc.
1275 5667 1354 5720 Ix,
1406 5648 1497 5705 55.
1575 5649 1620 5682 “
1654 5647 1813 5705 Joan.
1875 5662 1972 5714 xu,
2012 5644 2103 5702 28.
2197 5646 2236 5677 “
2271 5642 2407 5699 Gen.
2458 5660 2496 5713 ι,
2544 5644 2635 5701 26.
2714 5649 2757 5682 “
2779 5646 2917 5704 Gen.
2966 5648 3196 5723 111,322.
3275 5648 3320 5682 ¹³
3351 5648 3508 5705 Deut.
3552 5662 3625 5713 vl,
3659 5645 3713 5700 4.

446 5719 490 5750 ¹¹ι
517 5718 654 5776 Dan.
685 5736 782 5787 vn,
822 5721 913 5776 l5.

520 5856 632 5927 (.98)
663 5855 791 5912 Sur.
817 5855 913 5922 ιιι,
941 5856 1031 5911 59.
