4048 6414
419 336 524 399 749

1581 334 2017 397 REFUTATIO
2049 335 2520 399 MOHAMEDIS.

3569 350 3673 412 7:30

414 447 652 519 θηρᾶσαι
703 445 945 517 διὰ-τῆς
987 447 1367 519 προσηγορίας
1423 448 1530 502 τῶν
1583 448 1815 520 Γραφῶν
1873 449 1997 511 τοὺς

2109 450 2204 506 bus
2233 452 2754 512 commemoratione
2790 455 3198 524 Seriptnrarum
3237 459 3511 517 studebat.
3533 461 3672 518 Nam

411 540 732 602 ἀκούοντας.
761 539 826 591 Τί
864 539 991 612 γὰρ,
1017 540 1147 610 φέρε
1172 543 1366 607 εἰπεῖν,
1386 539 1601 611 ἀληθῶς
1630 541 1804 608 λέγων
1844 556 1988 593 στοι·

413 635 527 702 χεῖν
550 631 640 685 τὸν
675 631 770 685 τοῦ
802 632 956 701 φίλου
991 633 1156 687 αὐτοῦ
1189 633 1349 702 λόγον
1389 634 1480 686 ἐπὶ
1508 631 1798 704 βεϐαιώσει
1828 632 1993 687 τινῶν

412 723 755 793 πραγμάτων
816 722 1204 794 διηρνημένην,
1271 724 1362 777 ἐπὶ
1419 723 1565 795 ἔργῳ
1620 723 1828 777 τίθεται
1894 724 1992 792 τὴν

410 814 616 868 ἐκείνου
645 814 862 880 πίστιν;
885 816 950 869 El
979 816 1036 868 δέ
1066 816 1158 869 καί
1186 817 1268 879 τίς
1292 833 1394 869 που
1417 816 1668 887 εὑρεθείη
1701 813 1991 879 τοοιοῦτος,

411 905 517 958 ὑπὸ
541 905 790 976 κατάραν
839 908 977 970 ἐστὶ,
1021 906 1161 960 κατὰ
1212 909 1312 976 τὴν
1352 907 1617 978 Γραφήν·
1665 904 1812 960 Οὐαὶ
1859 903 1994 974 γὰρ,

409 998 595 1068 φησὶν,
645 995 972 1064 ἁμαρτωλῷ
994 996 1094 1050 ἐπὶ
1140 997 1251 1051 δύο
1291 997 1530 1064 τρίϐους
1581 995 1996 1065 πορευομένῳί

407 1087 598 1158 ὥσπερ
626 1087 690 1158 δὴ
717 1089 810 1141 καὶ
835 1083 988 1152 οὗτος
1015 1089 1043 1140 6
1075 1087 1264 1160 ἄφρων
1293 1074 1351 1142 τε
1383 1090 1476 1141 καὶ
1500 1088 1868 1158 ἀπάνθρωπος
1893 1100 1907 1114 ·
1941 1088 1992 1140 οἰ

375 1252 378 1254 _
411 1181 512 1251 μέν
535 1197 696 1250 φασιν
725 1175 862 1233 εἶναι
889 1180 980 1232 τὸν
1022 1179 1237 1251 Ἰσραὴλ
1261 1181 1373 1233 υίὸν
1401 1180 1559 1242 Θεοῦ,
1592 1179 1640 1232 οἱ
1667 1179 1723 1232 δὲ
1752 1177 1841 1231 τὸν
1864 1178 1996 1250 Χρι-

412 1273 558 1326 στόν.
596 1272 663 1325 Τί
694 1268 787 1325 οῦν
808 1273 967 1326 τοῦτο
993 1273 1222 1342 ἐναργὲς
1253 1275 1474 1344 σημεῖον
1495 1273 1724 1348 ψεύδους
1761 1272 1848 1326 ἀεὶ
1874 1270 1996 1342 κρί-

407 1384 541 1429 νεις,
582 1366 644 1421 τὸ
671 1366 946 1436 διαφόρων
1000 1365 1311 1437 προσώπων
1369 1364 1820 1436 ἀμφιϐαλλόντων
1849 1363 1996 1434 ,περί

407 1475 553 1520 τινος
585 1459 659 1530 μὴ
690 1461 1002 1530 συμφωνεῖν
1031 1459 1410 1531 ἀμφοτέρους;
1462 1459 1556 1512 καὶ
1591 1459 1876 1530 ἀναίρεσιν
1894 1457 1998 1510 οίει

406 1551 505 1602 τοῦ
537 1552 863 1621 πράγματος
901 1550 1139 1618 παντελῆ
1167 1551 1412 1625 γίνεσθαι
1437 1551 1676 1622 ὁπηνίκα
1700 1550 1842 1612 τινὲς
1868 1550 1998 1620 περὶ

406 1642 573 1696 αὑτοῦ
629 1629 919 1714 διαφόρους
950 1644 1114 1716 ἔχωσι
1166 1643 1344 1709 δόξας,
1397 1643 1493 1697 καὶ
1530 1645 1596 1713 τῇ
1650 1641 1758 1695 τῶν
1794 1641 1998 1713 ἐτέρων

409 1737 594 1808 μερῶν
623 1718 925 1805 ἀποφάσει;
955 1738 988 1808 ἢ
1015 1738 1296 1807 οὐδέτερον
1327 1737 1558 1800 τούτων,
1591 1736 1622 1804 ἢ
1649 1735 1998 1789 παντάπασιν

2095 546 2392 612 quomodo,
2429 557 2548 608 oro,
2581 546 2691 599 veri
2739 547 2944 616 aliquid
2971 549 3196 618 diceret,
3226 553 3318 621 qui
3353 568 3412 609 se
3439 555 3676 622 sponde-

2095 643 2179 688 ret
2203 635 2364 690 amici
2392 637 2716 701 sententiam
2745 641 2899 709 sequi
2925 641 2995 696 ob
3013 642 3089 697 rei
3113 643 3346 715 alicujus
3374 647 3673 702 conﬁrma-

2093 725 2323 790 tionem,
2355 737 2409 780 et
2438 739 2618 782 tamen
2645 739 2899 799 negatam
2933 733 3079 789 circa
3112 734 3165 788 id
3207 738 3487 806 negotium
3525 739 3676 794 illius

2093 817 2254 872 ﬁdem
2284 819 2581 875 recitaret?
2605 821 2762 887 Quod
2812 823 2858 878 si
2889 825 3014 895 quis
3050 826 3364 896 hujusmodi
3403 833 3677 900 reperire-

2098 918 2207 975 tur,
2242 911 2297 964 in
2322 912 2759 978 maledictionem
2780 931 2809 968 a
2829 915 3109 988 Scriptura
3132 920 3360 976 edictam
3382 923 3674 980 incideret:

2106 999 2197 1054 Va:
2216 1003 2376 1068 enim,
2402 1003 2600 1074 inquit.
2621 1009 2888 1073 peccatori
2903 993 3208 1079 quidduplici
3225 1013 3308 1066 via
3329 1014 3576 1082 graditur
3593 1016 3637 1048 ¹⁸
3663 1035 3677 1070 :

2096 1092 2263 1146 veluti
2312 1109 2506 1164 reapse
2539 1097 2693 1164 l‘acit'
2723 1099 2810 1152 hic
2843 1102 3007 1155 etiam
3047 1117 3284 1159 vesanus
3329 1114 3384 1160 et
3422 1105 3680 1163 inhuma-

2098 1200 2222 1238 nus.
2237 1183 2407 1257 Judaei
2429 1187 2647 1256 quidem
2678 1189 2848 1258 ﬁlium
2873 1191 2966 1257 Dei
2985 1191 3241 1250 israclem
3259 1195 3449 1258 dicunt
3471 1212 3487 1263 ;
3526 1197 3684 1253 Chri-

2098 1277 2260 1332 stiani
2291 1287 2529 1348 autem,
2550 1279 2852 1338 Christum.
2906 1284 3020 1340 Cur
3058 1294 3115 1348 tu
3143 1302 3312 1356 porro,
3340 1289 3440 1344 hoc
3459 1289 3683 1345 evidens

2097 1383 2312 1441 semper
2335 1372 2552 1456 judicas
2595 1376 2874 1442 mendacii
2934 1378 3218 1446 indicium,
3273 1382 3403 1451 quia
3452 1382 3686 1438 diversa:

2098 1476 2346 1533 personae
2380 1465 2448 1519 de
2501 1480 2561 1520 re
2599 1467 2796 1536 aliqua
2833 1468 2992 1531 aliter
3024 1471 3342 1537 sentientes.
3395 1472 3685 1533 sententiis

2100 1569 2207 1608 non
2265 1555 2625 1624 conspirant?
2657 1559 3052 1630 existimasque
3081 1563 3282 1632 perimi.
3309 1565 3532 1620 omnino
3567 1580 3682 1621 rem

2101 1644 2362 1714 aliquam,
2394 1646 2441 1700 si
2473 1645 2615 1701 forte
2650 1649 3210 1717 nonnullidiversam
3236 1651 3304 1708 de
3339 1654 3432 1708 illa
3462 1665 3686 1710 senten-

2102 1735 2234 1790 tiam
2261 1744 2455 1803 gerant
2479 1736 2502 1789 ?
2529 1736 2598 1792 Et
2645 1737 2717 1791 ob
2742 1737 3072 1805 .alterutrius
3103 1742 3273 1808 partis
3320 1743 3681 1813 negationem,

404 1832 510 1884 οὐκ
560 1829 636 1882 ὢν
667 1829 1063 1900 ἀπελέγχεσθαι
1113 1831 1394 1900 νομίζεις;
1454 1827 1727 1902 ὑπέρευγέ
1769 1845 1862 1880 σου
1903 1828 2002 1896 τῆς

2109 1826 2191 1879 vel
2233 1827 2369 1880 nihil
2415 1827 2732 1897 hujusmodi
2795 1839 2960 1896 stare,
3022 1831 3104 1886 vel
3160 1833 3384 1888 omnino
3443 1851 3687 1905 unquam

406 1924 741 1995 φιλαλήθους
771 1926 1026 1992 γνώσεως
1045 1938 1058 1951 ·
1091 1923 1145 1976 τί
1184 1922 1278 1976 οῦν
1307 1925 1567 1992 ποιήσεις
1602 1921 1761 1992 ἡμῶν
1815 1919 1892 1990 μὴ
1915 1937 2002 1972 πι-

407 2014 712 2068 στευόντων
739 2013 817 2084 τῷ
839 2013 958 2085 Θεῷ
999 2031 1115 2078 σου,
1148 2013 1284 2067 ἀλλὰ
1314 2013 1391 2082 τῷ
1425 2012 1544 2082 Θεῷ
1577 2011 1758 2087 ήμῶν,
1785 2011 1879 2065 καὶ
1907 2009 2000 2062 σοῦ

405 2107 488 2178 τῷ
524 2108 865 2178 νομιζομένῳ
899 2107 1017 2176 Θεῷ
1066 2123 1157 2160 σου
1193 2105 1564 2168 πιστεύοντος,
1624 2104 1738 2158 ἀλλ’
1769 2103 1893 2174 οὐχὶ
1925 2102 2002 2173 τῷ

404 2198 531 2269 Θεῷ
561 2198 742 2268 ἡμῶν,
771 2197 893 2251 είπέ
921 2214 936 2263 ;
967 2196 1068 2250 Σοῦ
1111 2196 1217 2267 γάρ
1259 2198 1374 2249 ἐστι
1416 2195 1558 2250 κατὰ
1584 2195 1674 2247 τὸν
1715 2195 2002 2264 προφήτην

407 2291 662 2360 ἀφρόνως
717 2291 912 2352 εἰπεῖν,
946 2291 1066 2344 Οὐκ
1117 2288 1250 2341 ἐστι
1291 2288 1474 2352 Θεός’
1533 2288 1581 2338 εἰ
1632 2286 1820 2355 ἕτερος
1871 2285 2003 2355 παρ’

405 2382 686 2453 ἑκατέρων
713 2381 867 2447 Θεὸς,
914 2381 990 2434 ίδε
1044 2379 1148 2434 ποῦ
1199 2378 1348 2450 αὑτῷ
1398 2380 1425 2431 6
1463 2377 1726 2449 κραταιὸς
1782 2377 2002 2448 ἐλεγχος

406 2473 574 2527 αὐτοῦ
603 2473 996 2543 κατέστραπτεε
1022 2473 1228 2534 Ὄντως
1249 2471 1598 2539 ἐπιστρέψει
1630 2472 1662 2523 ὁ
1686 2471 1874 2535 πόνος
1897 2469 2004 2522 αὺ-

407 2567 518 2620 τοῦ
537 2569 624 2633 είς
655 2567 934 2636 κεφαλὴν
961 2565 1170 2628 αὑτοῦ,
1203 2562 1304 2617 καὶ
1327 2557 1427 2616 ἐπὶ
1455 2562 1734 2630 κορυφὴν
1759 2561 2002 2629 αὑτοῦὴ

398 2658 775 2728 ,ϐλασφημία
796 2656 986 2712 αὑτοῦ
1009 2655 1415 2722 καταϐήσεται
1433 2671 1445 2685 ·
1479 2653 1720 2722 εὐλόγως
1751 2652 1810 2706 δέ
1851 2653 1950 2706 καὶ
1976 2653 2004 2704 6

406 2755 510 2823 τῆς
532 2751 824 2820 παιδίσκης
848 2749 962 2812 υἱὸς
990 2749 1124 2819 (99),
1159 2747 1318 2817 φύσει
1341 2744 1627 2810 δοῦλος,ῖν’
1644 2744 1816 2806 οὕτως
1840 2745 1999 2808 εἴπω,

407 2846 717 2914 τυγχάνων,
741 2829 844 2913 ’τὴν
865 2841 959 2895 τοῦ
991 2840 1106 2894 υἱοῦ
1142 2837 1538 2909 προσηγορίαν,
1569 2837 1690 2890 οὐδέ
1720 2836 1868 2912 κατά
1895 2837 1997 2906 χά-

411 2955 501 3009 ριν
523 2937 662 2990 κατά
684 2936 776 2990 τὸν
811 2933 1029 3005 Ἰσραὴλ
1059 2915 1434 3002 φαντασθῆναι
1467 2931 1640 3002 ἰσχύει
1666 2948 1686 3005 '_
1709 2929 2003 3006 δουλοπρε-

409 3028 530 3092 πῶς
554 3027 942 3098 ἀνηνεγμένος,
963 3026 1058 3080 καὶ
1093 3024 1488 3098 δουλοπρεπῶς
1501 3024 1874 3096 μεμυημένος,
1909 3024 2004 3078 καὶ

409 3121 603 3174 τούτου
635 3121 798 3174 πλέον
827 3119 1001 3172 οὐδέν.

2104 1916 2384 1992 exstitisse
2423 1916 2676 1988 iudicas?
2697 1916 2873 1976 Macte
2894 1919 2998 1973 ista
3029 1921 3276 1976 veritatis
3303 1924 3478 1988 amica
3507 1933 3690 1978 mente

2106 2017 2198 2062 tua
2231 2010 2244 2063 ι
2282 2008 2424 2074 Quid
2450 2024 2579 2080 ergo
2619 2009 2812 2081 facies,
2863 2013 3025 2067 nobis
3059 2028 3165 2067 non
3206 2015 3551 2078 credentibus
3574 2015 3688 2078 Deo

2107 2109 2220 2165 tuo,
2249 2103 2344 2156 sed
2369 2103 2603 2158 nostro?
2645 2111 2696 2157 te
2721 2112 2903 2160 autem
2929 2113 3118 2174 putato
3148 2115 3250 2168 tuo,
3269 2105 3384 2166 Deo
3409 2109 3687 2172 credente,

2105 2209 2212 2246 nun
2245 2205 2428 2260 autem
2453 2196 2676 2264 nostro?
2707 2197 2822 2261 Dic,
2847 2195 3318 2267 sodes..Superest
3337 2199 3460 2264 tibi,
3485 2208 3692 2271 utpro—

2105 2287 2280 2357 pheta:
2312 2286 2676 2354 verbisdicas
2711 2287 2878 2354 :Non
2915 2299 2990 2344 est
3037 2289 3177 2352 Deus
3209 2291 3274 2356 “,
3311 2291 3687 2362 quoniamdi-

2107 2393 2302 2434 versus
2327 2386 2412 2433 est
2443 2379 2588 2448 apud
2641 2381 2833 2436 ambos
2890 2379 3058 2436 Deus.
3088 2380 3254 2438 Vid’es
3283 2397 3395 2453 quo
3421 2365 3434 2442 ξ
3451 2383 3688 2439 validum

2106 2470 2229 2539 ejus
2251 2479 2639 2540 argumentum
2680 2479 2938 2541 tanquam
2991 2470 3516 2536 fulmendeciderit.
3552 2473 3694 2535 Vere

2107 2571 2433 2616 convertetur
2456 2561 2606 2616 labor
2652 2559 2764 2631 ejus
2787 2563 2842 2615 in
2875 2572 3037 2632 caput
3069 2564 3326 2628 eiusdem,
3356 2574 3404 2620 et
3437 2565 3500 2627 in
3527 2566 3693 2622 verti.

2108 2669 2218 2707 cem
2241 2655 2406 2723 ipsius
2436 2652 2764 2725 blasphemia
2801 2655 3015 2724 propria
3035 2655 3310 2710 descendet
3333 2656 3694 2718 ".Przeclare

2071 2745 2332 2812 _famulae
2401 2745 2583 2814 ﬁlius,
2638 2747 2972 2812 naturaliter,
3004 2756 3063 2802 ut
3109 2748 3183 2802 ita
3225 2746 3404 2810 dicam
3457 2762 3690 2814 servus,

2111 2836 2228 2904 ﬁlii.
2253 2839 2673 2910 appellationem
2705 2897 2708 2906 η
2741 2853 2811 2904 ne
2848 2839 3154 2920 secundum
3199 2842 3438 2920 gratiam
3472 2841 3693 2910 quidem

2073 2984 2078 2990 _
2111 2929 2408 3000 imaginari
2434 2932 2761 3002 valet,_cu_m
2799 2932 2924 3001 ipse,
2953 2919 3224 2998 serviliter
3255 2932 3328 2988 sit
3361 2940 3544 3000 natus,
3574 2946 3692 2992 ser-

2077 3083 2085 3092 _
2113 3024 2299 3092 viliter
2328 3009 2808 3090 sacris'initiatus,
2838 3031 2892 3089 et
2921 3023 3058 3088 nihil
3087 3024 3345 3093 amplius.

484 3209 582 3280 ξγ¹.
627 3209 852 3280 Ἐφεξῆς
874 3209 930 3262 δὲ
953 3207 1014 3262 τὸ
1042 3209 1170 3279 περὶ
1193 3207 1285 3261 τὸν
1317 3207 1686 3276 Α’Λντίχριστον
1707 3206 1998 3284 εἰρημένον

2142 3251 2148 3276 ._
2181 3203 2270 3278 65.
2303 3202 2506 3268 Deinde
2561 3203 2892 3262 dictum_ah
2917 3202 3314 3272 .Apo_stolo,de
3363 3204 3698 3268 Antichristo

411 3306 638 3374 σημεῖον
662 3304 742 3374 τῷ
781 3302 1112 3372 Ἀποστόλῳ,
1146 3299 1392 3371 ἐναργῶς
1431 3302 1490 3352 ἐν
1523 3299 1706 3368 «τούτῳ
1727 3299 1872 3354 ἐστιν
1903 3301 1996 3352 εὑ-

411 3398 532 3468 ρεῖν
557 3396 664 3466 (1)·
705 3414 723 3446 ι
759 3393 1086 3478 Κᾶνίάηδῶς
1116 3391 1314 3462 ἔχωσιν
1347 3391 1397 3443 οἱ
1438 3390 1828 3460 ἀρνησάμενοι,
1855 3390 1999 3454 ,Θεός

408 3491 561 3542 ἐστιν
590 3490 618 3542 6
649 3486 872 3558 πέμψας
928 3487 1021 3538 τὸν
1075 3484 1373 3539 ἀπόσοτλον
1405 3483 1595 3548 αὑτοῦ,
1627 3484 1705 3546 είς
1739 3484 1998 3553 ὁδήγησιν

378 3632 382 3636 .
411 3582 511 3635 καὶ
538 3582 616 3644 είς
648 3580 830 3633 πίστιν
861 3577 1144 3649 ἀληθινὴν,
1178 3576 1270 3630 τοῦ
1311 3576 1596 3640 δεσπόζειν
1623 3575 1785 3629 αὐτὸν
1814 3575 2001 3648 ἐπάνω

409 3675 597 3745 πάσης
627 3674 886 3735 πίστεως.
929 3689 947 3721 ο
994 3670 1166 3724 Τοῦτο
1191 3669 1388 3723 ταυτὸν
1431 3670 1546 3722 ἐστι
1578 3667 1686 3738 τῷ,
1731 3669 2003 3722 Ἀγτικεί-

405 3784 596 3838 μενος
625 3765 720 3818 καὶ
778 3765 1246 3832 ὑπεραιρόμενος
1277 3762 1377 3838 ἐπὶ
1417 3762 1631 3837 ¹πάντα
1675 3763 2006 3831 λεγόμενον

413 3859 568 3912 Θεὸν
588 3859 625 3928 ἢ
653 3856 954 3926 σέϐασμα⁹
984 3854 1171 3918 ἁπλῶς
1201 3853 1296 3930 τοῦ
1325 3853 1607 3930 δεσπόζειν
1626 3854 1788 3928 αὑτὸν
1820 3853 2006 3907 ἐπάνω

414 3952 602 4022 πάσης
633 3951 891 4012 πίστεως·
925 3946 1230 4016 ἐφαυλίσθη
1250 3945 1359 4021 ἄρα
1391 3947 1520 4017 παρ’
1549 3945 1696 4015 αὐτῷ
1729 3945 1824 4021 καὶ
1852 3946 1886 4016 ή
1912 3942 2005 3997 τοῦ

427 4042 685 4112 Ἀϐραὰμ
737 4041 941 4107 πίστις,
998 4038 1122 4093 καθ’
1150 4039 1218 4109 ἣν
1249 4037 1413 4100 αὐτὸς
1440 4036 1717 4112 πιστεῦειν
1749 4034 1966 4106 ἐνόμιζε
1989 4050 2004 4064 ο

413 4139 516 4192 καὶ
543 4129 642 4208 οὐχ
669 4139 697 4190 6
741 4135 907 4206 νόμος
961 4134 1120 4204 μόνον
1153 4131 1276 4185 οὐδὲ
1312 4117 1374 4182 τδ
1425 4127 1753 4196 Εὑαγγέλιον
1776 4141 1789 4156 °
1825 4125 2012 4181 ἐπάνω

414 4232 532 4304 γὰρ
565 4233 745 4301 πάσης
778 4227 1225 4296 πίστεώςφησιψ
1248 4223 1308 4276 τὸ
1324 4221 1742 4289 δέ,ἁληθινὴν,
1772 4219 2010 4292 εἴρηται,

415 4328 498 4388 ὡς
521 4324 658 4396 πρὸς
686 4322 785 4387 τὰς
817 4321 1007 4383 λοιπάς
1027 4336 1041 4350 ’
1072 4318 1172 4371 οὐκ
1204 4314 1348 4370 ὀκνῶ
1387 4312 1480 4367 τοῦ
1523 4310 1712 4365 λοιποῦ
1748 4312 1880 4378 περὶ
1908 4307 2010 4361 αὐ-

415 4415 519 4471 τοῦ
549 4411 973 4484 ἐντεθυμῆσθαι,
1029 4410 1111 4463 ὅτι
1143 4411 1237 4460 καὶ
1264 4406 1420 4468 οὗτος
1459 4401 1823 4473 Ἀντίχριστός
1869 4402 2017 4454 ἐστιν

421 4506 644 4578 ἀληθῶς
668 4522 683 4538 ·
717 4506 836 4576 μετ’
889 4502 1067 4572 ὀλίγον
1099 4499 1142 4552 δ’
1174 4501 1296 4553 ὅποι
1329 4496 1610 4567 φέρεταιὸ
1645 4493 1867 4562 σύμπας
1916 4489 2018 4582 τῆς
2053 4527 2095 4582 D

419 4597 726 4670 θεομαχίας
755 4597 978 4660 σκοπὸς,
1028 4591 1252 4662 ἔκδηλος
1303 4590 1515 4658 γίνεται
1535 4602 1549 4617 ⁸
1604 4586 1632 4639 6
1665 4584 1777 4653 γάρ
1806 4599 1888 4635 τοι
1915 4579 2021 4644 ἕως

395 4689 525 4760 ,τοῦ
556 4689 651 4758 νῦν
703 4685 1172 4758 διισχυριζόμενος
1227 4683 1310 4737 ὅτι
1356 4680 1487 4742 Θεὸς
1519 4675 1645 4732 Υίδν
1671 4674 1930 4756 οὐκέχει,
1961 4674 2024 4750 οὐ

423 4781 652 4854 θαρρῶν
683 4779 864 4848 ἐαυτῷ
885 4777 1057 4831 ταῦτα
1089 4771 1509 4845 φιλονεικοῦντι,
1544 4767 1681 4842 ἀλλὰ
1719 4765 2027 4844 διαλογισά-

427 4892 595 4948 pavo;
624 4877 705 4927 ὅτι
735 4872 896 4943 τυχὸν
927 4869 1024 4923 καὶ
1052 4868 1188 4938 ἔχει,
1218 4867 1322 4919 οὐκ
1349 4863 1640 4919 ἀναδύεται
1669 4859 1849 4929 ἐαυτῷ
1866 4857 2027 4930 τοῦτο

426 4965 813 5039 προσάψαιτὸ
875 4965 1202 5036 πρόσωπον*
1263 4962 1311 5012 εί
1347 4959 1444 5012 καλ⁸
1474 4959 1539 5011 ἐκ
1589 4955 1818 5032 πλαγίου
1861 4953 2029 5009 ,τοῦτο

423 5060 736 5130 ἐπήγαγεν,
797 5057 891 5109 καὶ
945 5055 1330 5126 προσποιεῖται
1361 5051 1526 5102 οἱονεὶ
1588 5045 2031 5117 σχηματίζεσθαι

425 5150 664 5221 βλακίαν
695 5149 838 5211 πάνυ
891 5144 1146 5216 αἰσχρὰν,
1174 5142 1269 5197 καί
1295 5157 1465 5212 ,φησιν
1494 5140 1575 5211 (2)
1603 5155 1618 5169 ο
1657 5213 1659 5215 _
1686 5137 1843 5200 Τινὲς
1895 5153 2031 5206 συη-

429 5241 586 5295 νοῦσι
618 5239 763 5313 [οοά.
797 5235 1088 5308 σιαίνουσι]
1134 5236 1227 5289 τὸν
1271 5234 1578 5305 προφήτην,
1633 5229 1734 5306 ,καὶ
1777 5229 2033 5296 λέγουσιν

429 5335 517 5388 ὅτι
550 5333 712 5396 αὐτὸς
741 5333 870 5395 Υίὺς
904 5330 981 5404 (3)
1020 5324 1160 5382 Θεοῦ
1196 5330 1334 5382 ἐστι.
1378 5344 1404 5379 ι,
1437 5325 1548 5380 Καὶ
1582 5321 1682 5374 οὐκ
1717 5314 1871 5373 εἶπεν
1894 5319 1978 5371 ὄτι
2003 5321 2032 5371 6

511 5453 556 5486 ³⁵
592 5451 764 5508 Eccli.
795 5467 858 5516 ιι,
899 5450 985 5505 14.
1065 5447 1109 5479 ⁸⁸
1131 5446 1279 5502 Psal.
1315 5459 1430 5510 χιιι,
1465 5444 1516 5497 1.
1556 5439 1792 5496 .“Psal.
1837 5454 1934 5502 vn,
1968 5438 2056 5491 l7.

510 5566 864 5640 (99)kNempe
890 5564 1087 5640 A_g_aris
1113 5563 1278 5618 ﬁlius.

517 5636 761 5712 (οδω.
780 5636 884 5712 is.
910 5636 1004 5712 25.5-

519 5703 1111 5780 (2)βιιΐ·¹Χ›,6⁵νῖ²·
1294 5776 1304 5780 -
1785 5765 1834 5780 ..
1881 5739 1937 5780 .:

521 5715 579 5780 ta
629 5715 758 5764 Sur.
781 5715 873 5773 ut,
905 5715 996 5770 es,
1019 5715 1111 5758 72.
1603 5766 1611 5775 ⁸
1646 5767 1658 5778 ο
1921 5739 1937 5751 .

521 5715 600 5851 (5;
623 5778 698 5833 lta
716 5777 773 5833 in
802 5777 989 5834 codice
1010 5774 1203 5830 Graco
1228 5776 1334 5837 est,
1367 5767 1518 5836 Υἱός,
1549 5765 1746 5836 ιθιιιιιε.
1771 5765 1846 5828 At.
1867 5761 2035 5819 Arab.

2108 3295 2350 3370 signum,
2379 3293 2667 3366 perspicue
2709 3293 2764 3346 in
2821 3292 3147 3348 Mohamede
3185 3295 3515 3364 conspicere
3549 3295 3696 3352 licet.

2107 3386 2209 3460 Ait:
2247 3386 2393 3439 enim
2446 3402 2460 3437 :
2513 3402 2532 3436 ι
2578 3384 2810 3452 Etiamsi
2863 3384 3095 3439 moleste
3172 3385 3354 3440 ferant
3390 3395 3699 3457 negantes,

2109 3477 2255 3557 Deus
2277 3487 2360 3532 est
2391 3477 2486 3547 qui
2546 3477 2697 3532 misit
2743 3476 2978 3550 legatum
3012 3477 3694 3548 suum,lob.directionem

2113 3586 2410 3645 veramque
2439 3568 2629 3638 Iidem,
2645 3578 2824 3644 atque.
2842 3576 2906 3624 ut
2923 3570 3240 3640 dominetur
3257 3571 3480 3626 cuilibet
3497 3571 3642 3627 ﬁdei.
3675 3593 3696 3624 ι

2077 3664 2230 3733 __lloc
2284 3661 2514 3733 perinde
2568 3671 2654 3724 est
2687 3672 2855 3734 atque
2905 3661 3035 3716 illud
3077 3680 3090 3716 :
3132 3661 3237 3728 Qui
3293 3663 3606 3728 adversatur
3644 3673 3702 3727 et

2115 3754 2396 3816 extollitur
2429 3769 2594 3822 supra
2651 3769 2804 3807 omne
2825 3755 2968 3824 quod
2997 3751 3197 3822 dicitur
3219 3752 3393 3822 Deus,
3425 3763 3519 3806 aut
3565 3754 3704 3823 quod

2115 3849 2310 3918 colitur
2342 3847 2407 3913 ιθ,
2465 3847 2518 3901 id
2553 3855 2656 3912 est,
2709 3845 2857 3915 quod
2897 3858 3140 3913 prorsus,
3177 3842 3403 3898 cuilibet
3437 3843 3562 3898 ﬁdei
3606 3844 3708 3898 do-

2118 3943 2382 3998 minatur.
2444 3938 2588 4009 Ergo
2645 3937 2790 4007 apud
2841 3937 2994 4006 hunc
3043 3935 3348 4005 despicatui
3403 3943 3489 3990 est
3530 3935 3702 3996 etiam

2119 4035 2254 4090 ﬁdes
2285 4031 2609 4096 Abrahami,
2638 4030 2705 4098 ad
2732 4029 2892 4099 cujus
2922 4042 3184 4096 normam
3216 4041 3276 4082 se
3321 4041 3542 4097 quoque
3583 4041 3705 4082 cre-

2120 4124 2251 4180 dere
2283 4122 2670 4179 existimabat:
2708 4127 2874 4190 atque
2921 4118 3173 4186 exsumat
3233 4133 3344 4172 non
3377 4119 3552 4184 legem
3582 4126 3706 4172 tan-

2123 4219 2410 4274 tummodo
2464 4213 2975 4284 et.tEv.angelinm;
3023 4227 3082 4266 se
3105 4212 3253 4266 enim
3307 4210 3544 4274 cuilibet.
3582 4209 3708 4264 ﬁdei

2126 4309 2468 4380 superiorem
2495 4306 2665 4373 dicit;
2708 4319 2976 4374 suamque
3010 4317 3194 4358 veram
3223 4299 3456 4356 afﬁrmat
3480 4301 3707 4370 reliquis

2087 4456 2090 4460 .
2127 4408 2526 4470 comparatam.
2562 4396 2794 4467 Jamque
2815 4409 2916 4465 ego
2947 4409 3056 4478 non
3088 4393 3329 4462 ambigo,
3372 4392 3519 4447 hunc.
3549 4392 3713 4460 dein-‘

2128 4506 2258 4561 ceps
2315 4488 2718 4544 Antichristum
2744 4485 3022 4555 judicare,
3049 4483 3362 4552 cujusmodi
3388 4495 3580 4551 reapse
3600 4488 3706 4536 est.

2130 4583 2300 4650 Paulo
2333 4588 2515 4646 autem
2548 4585 2911 4648 postapparet
2926 4590 3034 4646 quo
3061 4583 3210 4630 totus
3235 4573 3356 4643 ejus
3386 4572 3710 4638 adversandi

2125 4673 2237 4728 Deo
2291 4685 2492 4744 scopus
2553 4669 2737 4724 tendat
2769 4685 2782 4722 :
2809 4681 2934 4728 nam
2981 4668 3096 4737 qui,
3137 4665 3416 4734 hactenus,
3457 4664 3566 4726 Deo
3601 4679 3711 4729 non

2123 4783 2246 4824 esse
2276 4765 2474 4820 Filium
2505 4763 2884 4834 contenderat,
2919 4759 3066 4815 haud
3121 4759 3227 4814 sibi
3275 4758 3555 4816 conﬁdens
3587 4756 3716 4810 talia

2126 4861 2309 4914 verbis
2371 4857 2672 4920 vindicare,
2727 4863 2988 4924 reputans
3050 4862 3236 4906 tamen
3298 4850 3535 4906 fortasse
3596 4848 3712 4918 jam

2127 4951 2354 5016 habere,
2387 4949 2529 5018 hanc
2555 4949 2665 5004 sibi
2697 4961 2991 5016 personam
3023 4959 3131 4999 non
3161 4943 3362 5008 induit,
3397 4956 3714 5012 quanquam

2131 5043 2350 5112 oblique
2377 5041 2429 5095 id
2454 5041 2566 5112 agit.
2603 5058 2616 5094 :
2649 5038 2874 5102 simulat
2903 5037 3090 5105 itaque
3117 5043 3172 5090 et
3197 5035 3458 5106 conﬁngit
3500 5043 3715 5103 turpem

2133 5135 2429 5201 atlmodum
2458 5132 2840 5195 stoliditatem,
2875 5129 3064 5198 aitque
3116 5146 3130 5182 :
3173 5147 3192 5182 ι
3225 5127 3482 5183 Nonnulli
3513 5125 3718 5181 laedunt

2142 5227 2486 5298 prophetam,
2515 5223 2817 5292 dicuntque
2844 5221 3024 5292 ipsum
3053 5219 3407 5278 esse-Filium
3438 5217 3554 5273 Dei.
3594 5235 3614 5269 ι
3653 5216 3720 5271 Et

2140 5333 2252 5372 non
2313 5316 2448 5371 dixit
2482 5315 2766 5374 exclusivo
2800 5328 2968 5370 sensu
3007 5322 3061 5369 et
3089 5313 3310 5368 unicum
3345 5311 3544 5366 Filium
3597 5308 3714 5375 Dei,

2136 5437 2181 5469 ³⁸
2212 5436 2254 5488 ll
2286 5435 2480 5490 Thess.
2509 5449 2572 5500 ιι,
2599 5437 2654 5490 4.

2128 5552 2300 5604 auris.
2369 5548 2615 5603 Dicerem
2675 5547 2963 5616 scriptura;
3024 5547 3226 5616 Graeca:
3253 5542 3546 5616 _mendum
3606 5523 3722 5604 ,ηις

2128 5637 2230 5691 pro
2251 5616 2366 5681 οῦς,
2412 5618 2581 5684 auris,
2616 5618 2722 5673 nisi
2763 5611 2889 5672 mox
2910 5614 3132 5672 Nicetes
3165 5615 3230 5670 de
3250 5611 3390 5668 Filio
3419 5625 3612 5684 reapse
3637 5616 3719 5670 lo-

2139 5698 2423 5760 queretur.
