4048 6420
449 383 549 451 ’151

1697 345 1997 434 ΝΙοΕΤᾹέ
2036 370 2447 433 BYZANTINI

3617 368 3724 432 752

448 498 515 549 de
543 493 637 548 illo
658 490 905 562 cogitans
932 496 1093 555 quem
1130 480 1416 538 contendit
1441 478 1725 537 destruere
1750 495 1765 545 ;
1794 493 1862 534 ne
1879 477 2029 531 omni

2142 482 2265 546 Υἱός
2292 482 2459 543 ἐστιν,
2504 476 2853 549 λογιζόμενος
2882 474 2941 530 δν
2989 476 3197 532 ἀνελετν
3244 477 3597 548 ἀγωνίζεται,
3634 479 3722 533 tu

449 602 553 643 suo
610 584 736 640 dolo
770 581 1032 645 nudatus,
1085 592 1195 632 una
1246 590 1370 631 cum
1416 574 1509 629 illo
1568 579 1867 630 corrueret.
1924 569 2034 625 Sed

448 678 662 740 dicunt,
695 676 795 740 ait,
830 673 1009 741 ipsum
1038 683 1163 725 esse
1216 667 1416 723 Filium
1451 664 1547 721 Dei
1599 680 1612 716 :
1649 664 1803 733 quasi
1839 662 1987 718 dicat
2019 680 2031 716 :

451 768 511 824 Si
537 782 625 823 me
654 766 819 822 vultis
839 763 1034 819 Filium
1047 760 1314 826 conﬁteri,
1338 774 1437 830 ego
1458 756 1718 828 praedicto
1738 754 2038 826 proximior

452 875 598 916 sum.
655 858 851 913 Postea
903 854 1165 911 nonnulla
1229 852 1483 907 indecore
1531 848 2037 917 blaterans,nuga-

451 966 691 1021 rumque
730 964 954 1006 suarum
998 945 1302 1018 nugacibus
1323 939 1884 999 demonstrationibus
1947 940 2039 992 lir-

453 1059 605 1099 mare
627 1044 902 1114 iactitans,
923 1040 1173 1097 nominat
1198 1035 1465 1108 quosdam
1484 1033 1725 1090 Thamut
1745 1043 1799 1088 et
1820 1030 2037 1086 Madian

452 1149 509 1193 et
535 1136 956 1200 Mateuchamat,
1003 1133 1070 1188 ad
1127 1146 1289 1201 quos,
1348 1129 1547 1199 inquit,
1607 1126 1767 1197 legati
1826 1125 2038 1180 revela-

455 1231 661 1285 tionem
702 1244 856 1284 suam
913 1224 1252 1281 deferebant.
1312 1221 1548 1277 Prorsus
1577 1229 1759 1275 autem
1795 1217 1850 1272 hi
1909 1226 2040 1272 sunt

456 1320 743 1391 iucOgniti,
773 1327 826 1374 et
848 1318 965 1375 sine
1000 1315 1111 1372 ulla
1141 1313 1485 1384 probatione,
1512 1318 1676 1382 prout
1696 1318 1753 1365 et
1789 1309 1906 1380 ipse
1933 1318 2036 1363 est.

454 1412 606 1487 llli_co
627 1420 808 1468 autem
834 1408 1102 1465 barbaros
1127 1414 1320 1463 contra
1345 1420 1448 1462 nos
1482 1404 1538 1459 in
1570 1404 1818 1475 praelium
1850 1401 2038 1467 mittit,

453 1512 510 1560 et
535 1518 656 1573 quas
686 1501 753 1557 ad
778 1501 828 1556 id
857 1500 1138 1556 concitare
1158 1497 1343 1554 valeat
1387 1496 1674 1562 allatrans,
1717 1508 1915 1549 vanam
1962 1492 2043 1547 fa-

453 1594 639 1650 bulam
660 1591 960 1649 concludit.

945 1678 1393 1738 CONFUTATIO
1434 1677 1527 1735 IX.

411 1837 413 1840 γ
521 1776 613 1831 64.
641 1774 798 1832 Nona
820 1789 851 1830 a
874 1773 1200 1831 Mohamede
1241 1771 1432 1828 fabula
1490 1769 1818 1827 inscribitur
1844 1766 2039 1835 Jonas,

452 1868 589 1924 nihil
617 1878 802 1924 tamen
849 1867 919 1923 de
954 1865 1094 1923 Jona
1127 1865 1182 1920 in
1211 1879 1276 1921 ea
1309 1863 1575 1920 occurrit.
1614 1861 1722 1919 Sed
1756 1863 1940 1919 statim
1973 1861 2042 1916 ab

450 1960 681 2017 exordio
713 1968 976 2031 tanquam
1002 1973 1253 2030 pugnans
1278 1965 1334 2014 et
1362 1956 1772 2028 reprehendens
1795 1966 1850 2012 et
1865 1953 2040 2010 ironia

452 2052 690 2123 quadam
720 2060 907 2118 utens,
947 2052 1081 2116 «An,
1114 2049 1311 2120 inquit,
1352 2064 1561 2104 novum
1581 2056 1666 2104 est
1699 2046 2039 2112 hominibus,

454 2142 601 2212 quod
635 2142 778 2198 Deus
807 2141 974 2197 alicui
1005 2140 1215 2197 homini
1239 2154 1308 2195 ex
1338 2138 1560 2195 illorum
1580 2152 1813 2194 numero
1833 2136 2043 2192 revela-

452 2235 596 2290 verit
633 2233 823 2290 testari
841 2232 1158 2293 hominibus
1183 2238 1238 2288 et
1260 2230 1645 2302 evangelizare
1666 2228 2064 2293 credentibus,‘

454 2327 603 2396 quod
632 2325 771 2396 ipsis
799 2332 885 2381 est
927 2324 1329 2380 incrementum
1361 2336 1550 2377 verum
1580 2336 1612 2377 a
1668 2319 1903 2379 Domino
1954 2318 2038 2389 ipe

454 2416 686 2472 surum?
731 2435 752 2472 ι
789 2416 919 2472 Haec
945 2414 1159 2472 scilicet
1180 2424 1446 2485 tanquam
1485 2428 1554 2469 ex
1579 2412 1676 2469 Dei
1704 2425 1942 2484 persona
1968 2410 2036 2466 de

454 2524 516 2567 se
572 2510 695 2581 ipso
731 2510 826 2566 ait.
873 2507 1081 2564 Deinde
1131 2508 1344 2564 inducit
1400 2506 1657 2561 homines
1695 2504 1896 2560 merito
1924 2517 2032 2559 non

454 2601 767 2667 credentes,
800 2600 1157 2671 dicentesque
1198 2616 1214 2655 :
1255 2598 1449 2670 Magus
1499 2597 1592 2654 hic
1619 2605 1725 2654 est.
1758 2594 1877 2653 Hoc
1921 2595 2039 2665 ipse

452 2695 524 2753 de
553 2709 634 2753 se.
668 2693 782 2752 Nos
804 2708 939 2751 vero
966 2694 1033 2750 ad
1063 2693 1303 2765 priorem
1328 2691 1603 2750 sermonis
1646 2698 1861 2762 partem
1900 2687 2039 2745 dici-

456 2801 603 2853 mus,
635 2785 781 2841 haud
812 2799 945 2842 sane
975 2799 1179 2841 novum
1210 2798 1352 2851 esse,
1382 2784 1530 2855 quod
1561 2797 1625 2839 ex
1669 2782 1781 2838 Deo
1830 2781 2040 2837 revele—

455 2890 549 2934 tur
570 2878 775 2950 aliquid
809 2886 866 2934 et
888 2877 1295 2950 evangelizetur
1353 2875 1730 2942 credentibus,
1752 2874 1886 2945 quia
1918 2872 2039 2930 sine

453 2971 623 3026 dubio
654 2971 1060 3027 incrementum
1096 2968 1205 3025 illis
1231 2968 1291 3023 ιιι
1326 2983 1356 3023 a
1379 2966 1514 3025 Deo.
1546 2966 1703 3035 Quod
1728 2976 1911 3022 tamen
1942 2980 2037 3021 ve-

452 3075 575 3115 rum
612 3059 1009 3116 incrementum
1034 3059 1181 3116 circa
1201 3052 1580 3114 Mohamedem
1614 3057 1820 3113 factum
1851 3057 1946 3123 sit,
1982 3055 2036 3111 id

452 3166 576 3246 cum
620 3160 818 3246 putum
870 3151 1224 3246 mendacium!
1273 3158 1563 3222 appareat;
1605 3149 1883 3246 hominem
1938 3148 2035 3220 qui
2067 3186 2111 3246 ο

452 3243 562 3299 hoc
608 3244 716 3300 sibi
770 3244 1074 3301 revelatum
1120 3244 1278 3313 dicit,
1302 3258 1405 3299 ceu
1436 3256 1567 3298 vere
1597 3241 1914 3307 scelestum,
1957 3251 2041 3298 at-

452 3350 562 3407 que
587 3345 649 3392 ut
690 3337 809 3408 ipse
855 3336 934 3392 ait
986 3351 1232 3409 magum,
1277 3335 1688 3392 abominamur.
1718 3334 2040 3389 Abrahamo

455 3429 532 3485 ita
577 3428 782 3485 factum
840 3430 1071 3494 scimus,
1128 3443 1308 3500 neque
1359 3428 1676 3484 miramur:
1718 3426 1845 3482 Vult
1899 3427 2040 3481 enim

454 3520 600 3576 Deus
626 3537 804 3576 omnes
837 3523 1076 3576 homines
1105 3521 1335 3586 calcare,
1370 3529 1421 3576 et
1449 3520 1519 3574 ad
1552 3520 1877 3591 agnitionem
1904 3519 2041 3573 veri-

456 3613 585 3667 tatis
611 3613 786 3667 venire
823 3613 886 3668 ι’.
921 3611 1137 3669 Etenim
1167 3627 1233 3668 ex
1283 3612 1628 3669 idololatrica
1657 3609 1882 3666 inscitia
1909 3622 2040 3679 pro-

452 3703 621 3760 cessit
645 3704 989 3760 Abrahamus
1011 3704 1063 3758 in
1081 3704 1482 3758 incrementum
1503 3716 1693 3757 verum
1726 3701 1925 3757 divinae
1943 3715 2043 3755 no-

453 3793 609 3862 titiaa,
632 3794 761 3866 quia
786 3795 903 3851 hac
925 3795 975 3850 ei
1008 3794 1249 3850 revelata
1279 3808 1310 3848 a
1334 3792 1447 3850 Deo
1473 3793 1614 3859 fuit;
1644 3804 1701 3848 et
1723 3806 1849 3847 mox
1870 3806 2038 3862 opera

452 3885 574 3957 ejus
604 3885 858 3956 religiosa
896 3883 1276 3941 manifestiora
1305 3893 1622 3951 evaserunt,
1655 3883 1908 3940 veritatis
1938 3897 2036 3939 co-

452 3977 756 4048 gnitionem
808 3976 1105 4033 ﬁrmantia.
1146 3976 1278 4033 Post
1322 3976 1480 4031 illum
1539 3976 1723 4031 denuo
1778 3975 2037 4032 novimus

452 4069 697 4141 Moyscm
722 4070 1096 4125 illuminalum
1137 4084 1168 4125 a
1223 4068 1360 4135 Deo,
1397 4070 1470 4125 ob
1499 4069 1814 4125 testandum
1858 4069 2039 4125 homi-

455 4161 639 4226 nibus,
661 4161 805 4232 quod
838 4161 973 4230 ipsis
1001 4160 1354 4217 credentibus
1383 4160 1893 4216 liatincrementum
1941 4174 2036 4216 ve-

454 4268 580 4308 rum
619 4267 649 4307 a
696 4251 935 4309 Domino
993 4252 1268 4323 ipsorum.
1293 4253 1477 4323 Atque
1508 4253 1583 4309 ita
1612 4268 1806 4325 reapse
1833 4255 2036 4310 evenit.

455 4342 705 4415 Namque
734 4344 804 4400 ab
836 4344 1140 4400 Abrahami
1165 4345 1343 4399 adhuc
1362 4345 1683 4415 imperlecta
1721 4343 1815 4400 Dei
1842 4346 2038 4401 notitia

403 4433 407 4437 ’
454 4445 512 4491 ct
538 4436 668 4492 vitae
704 4435 979 4503 instituto,
1016 4436 1087 4491 ad
1129 4433 1518 4506 perfectiorem
1568 4436 1810 4492 divinam
1861 4437 2039 4493 scien-

2138 573 2215 645 μὴ
2266 571 2470 644 γυμνὸς
2501 570 2780 634 παντελῶς
2812 569 2908 623 τοῦ
2975 568 3162 623 δούλου
3216 570 3588 640 καταληφθεὶς
3628 588 3719 623 συ-

2138 664 2394 734 σκελισθῇ
2417 706 2430 728 ,
2464 662 2578 716 ἀλλ’
2615 662 2695 715 ὃτι
2724 659 2888 723 αὐτὸς
2924 659 3052 722 Υἱός
3084 661 3232 712 ἐστιν
3254 676 3269 692 ο
3300 662 3376 724 ὡς
3405 660 3470 712 ἂν
3517 662 3568 714 εί
3603 660 3721 714 ἔλεο

2136 769 2253 821 γεν,
2285 752 2365 806 ὅτι
2396 751 2460 805 El
2490 751 2674 805 θέλετε
2700 750 2830 803 Υἱὸν
2854 747 2990 803 Θεοῦ
3020 748 3324 819 ὁμολογεῖν,
3356 750 3469 819 ἐγὼ
3500 749 3595 803 τοῦ
3624 750 3725 802 λα-

2137 844 2400 916 λουμένου
2444 842 2777 914 ἐγγύτερον·
2832 836 2951 894 εἶτα
2996 840 3397 913 βαττολογήσας
3439 842 3560 897 τινὰ
3592 844 3723 896 ἀσέ-

2142 956 2310 1010 μνως,
2355 937 2587 992 καὶτῶν
2632 935 2799 990 αὑτοῦ
2852 936 3132 1007 φλυαριῶν
3187 936 3275 990 διὰ
3309 937 3577 1009 φλυαρίας
3622 937 3724 1003 τὰς

2138 1030 2442 1096 ἀποδείξεις
2474 1029 2797 1084 πιστοῦσθαι
2832 1029 3222 1099 ἀόρυνόμενος,
3255 1028 3531 1101 μέμνηταί
3562 1047 3725 1083 τινων

2138 1126 2384 1195 Θαμοὺτ,
2433 1125 2527 1179 καὶ
2558 1122 2804 1192 Μαδιὰμ,
2859 1121 2955 1175 καὶ
3012 1121 3390 1193 Ματευχαμὰτ
3441 1120 3541 1193 (4),
3587 1120 3727 1191 πρὸς

2138 1216 2234 1280 οὓς
2264 1216 2480 1287 ἔφερον,
2515 1215 2703 1286 φησὶν,
2735 1215 2783 1266 οί
2813 1212 3103 1267 ἀπόστολοι
3128 1212 3309 1267 αὐτῶν
3348 1213 3448 1283 τὴν
3474 1212 3722 1283 φανέρω-

2143 1325 2246 1372 σιν,
2272 1307 2483 1377 ἀδήλων
2509 1306 2679 1361 ὄντων
2710 1305 2917 1359 τούτων
2951 1306 3046 1361 καὶ
3074 1304 3500 1373 ἀναποδείκτων,
3534 1303 3727 1374 ὥσπερ

2139 1398 2205 1469 δὴ
2234 1399 2328 1451 καὶ
2360 1397 2559 1461 αὐτός’
2619 1397 2714 1450 καὶ
2763 1395 2967 1459 εὐθέως
3011 1395 3366 1467 ὲκστρατεύει
3405 1395 3529 1450 καθ’
3563 1395 3729 1464 ἡμῶν

2138 1492 2266 1553 τοὺς
2297 1489 2628 1562 βαρϐάρους,
2657 1488 2842 1544 καὶ-τὰ
2873 1488 2954 1552 είς
2983 1487 3141 1541 τοῦτο
3187 1488 3384 1552 αὐτοὺς
3412 1485 3730 1560 ὲρεθίζοντα

2140 1581 2590 1652 καθυλακτήσας,
2621 1582 2928 1636 ἀποκόπτει
2956 1579 3047 1633 τὸν
3082 1578 3385 1651 φλήναφον.

2658 1673 3101 1728 ΕΛΕΓΚΤΙΚΟΣ
3151 1671 3207 1727 Θ¹
3217 1714 3231 1729 .

2218 1767 2309 1833 ξδ’.
2348 1767 2412 1823 Ὀ
2452 1767 2640 1831 ἔνατος
2684 1766 2762 1838 τῷ
2817 1764 3067 1838 Μωάμετ
3101 1765 3269 1837 μῦθος
3321 1764 3730 1837 ἐπιγέγραπται

2152 1864 2253 1935 μὲν
2270 1864 2372 1929 Εις
2416 1861 2525 1917 τὸν
2567 1860 2792 1927 Ἰωνᾶν,
2832 1860 2989 1915 οὐδὲν
3044 1859 3102 1913 δὲ
3128 1857 3224 1913 τοῦ
3269 1860 3423 1913 ἰωνᾶ
3468 1861 3528 1913 ὲν
3577 1860 3732 1930 αὐτῷ

2150 1956 2413 2025 φέρεται·
2446 1953 2563 2008 ἀλλ’
2596 1952 2799 2016 εὐθέως
2850 1952 2917 2006 ὲκ
2971 1950 3273 2023 προοιμίων
3302 1950 3379 2023 (5)
3405 1949 3593 2021 ὥσπερ
3627 1968 3732 2021 μα-

2149 2050 2382 2121 χόμενος
2410 2048 2506 2102 καὶ
2540 2045 2790 2116 ἐγκαλῶν
2823 2047 2856 2118 ἢ
2893 2047 3320 2119 εἰρωνευόμενος
3348 2046 3731 2116 ἐπεισέρχεται

2148 2142 2357 2211 λέγων’
2394 2159 2414 2194 ι
2443 2135 2590 2213 *Αρα
2612 2137 2680 2213 ἦν
2714 2142 2828 2204 τοῖς
2866 2137 3175 2212 ἀνθρώποις
3209 2139 3359 2206 ξένον
3408 2140 3491 2193 ὅτι
3519 2138 3735 2192 ἀπεκάοα

2147 2231 2315 2301 λυψεν
2343 2232 2371 2285 ό
2398 2230 2533 2293 Θεὸς
2564 2231 2702 2303 πρὸς
2755 2229 3045 2301 ἄνθρωπον
3078 2228 3138 2295 ἐξ
3163 2229 3342 2283 αὐτῶν
3372 2228 3466 2282 τοῦ
3493 2229 3733 2299 διαμαρ-

2149 2322 2421 2395 τύρασθαι
2472 2321 2584 2387 τοῖς
2641 2319 2955 2393 ἀνθρώποις
3007 2319 3098 2374 καὶ
3124 2319 3586 2390 εὐαγγελίσασθαι
3619 2323 3732 2383 τοῖς

2150 2414 2510 2469 πιστεύσασιν
2532 2414 2613 2468 ὅτι
2642 2414 2791 2467 ἔστιν
2820 2414 3005 2478 αὐτοῖς
3036 2412 3294 2485 προκοπὴ
3323 2412 3552 2485 ἀληθινὴ
3582 2414 3730 2481 παρὰ

2149 2506 2244 2562 τοῦ
2274 2508 2482 2579 Κυρίου
2504 2506 2717 2574 αὐτῶν;
2754 2525 2772 2558 ι
2811 2506 2984 2561 ταῦτα
3013 2507 3068 2560 δὲ
3094 2506 3170 2571 ὼς
3202 2507 3268 2561 ὲκ
3316 2505 3608 2578 προσώπου
3635 2507 3729 2576 δῆ-

2147 2597 2242 2652 θεν
2275 2597 2412 2652 Θεοῦ
2440 2598 2591 2667 λέγει
2623 2599 2753 2669 περὶ
2784 2597 2979 2653 αὐτοῦ’
3019 2592 3138 2651 εἷτα
3179 2598 3392 2668 εἰσάγει
3440 2600 3565 2662 τοὺς
3611 2599 3729 2664 καὶ,

2147 2689 2293 2744 κατὰ
2315 2689 2375 2743 τὸ
2398 2691 2568 2756 εἰκὸς,
2599 2688 3018 2754 διαπιστοῦντας
3035 2688 3130 2744 καὶ
3146 2690 3426 2758 λέγοντας,
3451 2690 3534 2744 ὅτι
3564 2685 3731 2754 Οὗτος

2147 2781 2437 2853 φαρμακός
2465 2782 2651 2836 ἐστιν*
2694 2780 2855 2834 τοῦτο
2900 2781 3065 2847 αὐτὸς
3096 2781 3237 2853 ὑπὲρ
3279 2781 3494 2837 ἑαυτοῦ.
3538 2782 3730 2851 Ἡμεῖς

2146 2874 2203 2928 δὲ
2226 2874 2365 2945 πρὸς
2412 2874 2504 2927 τὸν
2538 2872 2755 2944 πρῶτον
2811 2872 2970 2944 λόγον
3008 2874 3069 2927 ού
3118 2874 3260 2929 πάνυ
3287 2877 3465 2946 φαμὲν
3493 2874 3643 2942 ξένον
3670 2879 3730 2930 τὸ

2148 2960 2300 3038 παρὰ
2330 2965 2466 3021 Θεοῦ
2497 2966 2953 3038 ἀποκαλυφθῆναι
3008 2967 3103 3022 καὶ
3131 2967 3586 3038 εὐαγγελισοῆναι
3617 2972 3728 3033 τοῖς

2147 3058 2516 3127 πιστεύουσιν,
2547 3060 2630 3113 ὅτι
2661 3059 2809 3113 ἔστιν
2845 3060 3031 3126 αὐτοῖς
3057 3059 3311 3133 προκοπὴ
3345 3060 3570 3134 ἀληθινὴ
3600 3064 3729 3133 παρ’
3824 3090 3839 3106 ο

2145 3153 2315 3208 αὐτοῦ
2338 3171 2353 3186 ’
2378 3154 2483 3217 ἕως
2511 3153 2557 3208 δ’
2584 3153 2649 3210 ἂν
2671 3154 2915 3228 ἀληθεύῃ
2941 3157 3024 3221 τὸ,
3054 3155 3306 3227 προκοπὴ
3331 3155 3582 3229 ἀληθινὴ,
3603 3159 3731 3228 περὶ

2141 3244 2309 3302 αὐτοῦ
2347 3264 2364 3280 ο
2394 3246 2586 3301 τούτου
2638 3247 2696 3301 δὲ
2736 3247 2963 3318 ψεύδους
2988 3248 3313 3320 πεφηνότος,
3369 3249 3460 3304 τὸν
3506 3249 3730 3320 λέγοντα

2142 3337 2595 3408 ἀποκεκαλύφθαι
2621 3356 2673 3393 τι
2705 3338 2970 3404 τοιοῦτον,
3000 3338 3076 3404 ὡς
3104 3340 3306 3413 ἀνομον
3337 3340 3574 3413 ἀληθῶς,
3614 3346 3727 3408 καὶ,

2140 3427 2218 3492 ὡς
2246 3428 2411 3492 αὑτός
2442 3445 2598 3500 φησι,
2653 3429 2948 3500 φαρμακὸν
2996 3430 3494 3503 ἀποστρεφόμεθα·
3542 3432 3635 3486 τόν
3672 3451 3727 3487 τε

2141 3519 2252 3591 γὰρ
2294 3518 2549 3591 Ἀϐραὰμ
2576 3521 2818 3576 τοιοῦτον
2848 3521 3117 3593 ἔγνωμεν,
3152 3523 3246 3578 καὶ
3285 3525 3346 3577 οὐ
3377 3522 3725 3595 ξενιζόμεθα’

2145 3615 2319 3669 Θέλει
2343 3615 2456 3685 γὰρ
2481 3618 2514 3669 ὁ
2558 3616 2705 3685 Θεὸς
2733 3617 2968 3685 πάντας
3007 3618 3360 3687 ἀνθρώπους
3385 3619 3603 3687 σῶσαι,
3632 3621 3727 3677 καί

2146 3708 2234 3773 εὶς
2256 3705 2593 3775 ἐπίγνωσιν
2607 3706 2897 3777 ἀληθείας
2920 3708 3144 3765 ἐλθεῖν-ο
3173 3709 3238 3764 ὲκ
3259 3709 3368 3780 γὰρ
3387 3712 3486 3783 τῆς
3500 3712 3729 3766 εἰδώλων

2141 3796 2417 3865 ἀγνωσίας
2444 3798 2650 3871 προέϐη
2677 3799 2706 3852 6
2744 3799 2997 3872 ’Δόραὰμ
3027 3800 3108 3865 είς
3132 3802 3419 3874 προκοπὴν
3468 3804 3727 3877 ἀληθινὴν

2140 3886 2493 3957 θεογνωσίας,
2519 3888 2607 3943 διὰ
2635 3890 2695 3944 τὸ
2720 3891 3184 3964 ἀποκαλυφθῆναι
3214 3894 3364 3965 αὑτῷ
3402 3895 3562 3949 τοῦτο
3581 3898 3726 3968 παρὰ

2138 3978 2275 4034 Θεοῦ
2303 3995 2319 4013 ’
2353 3981 2447 4034 καὶ
2472 3982 2541 4036 τὰ
2571 3982 2709 4054 ἔργα
2744 3983 2895 4056 αὐτῷ
2930 3986 3033 4056 τῆς
3059 3985 3371 4053 θεοσεὸείας
3404 3989 3726 4061 ἐκδηλότερα

2138 4071 2333 4142 γέγονε
2364 4071 2686 4151 βεόαιοῦντα
2707 4076 2807 4148 τὴν
2834 4078 2934 4149 τῆς
2959 4077 3218 4150 ἀληθείας
3248 4079 3566 4150 ἐπίγνωσιν.
3595 4084 3725 4137 Μετ’

2138 4164 2347 4220 ἐκεῖνον
2376 4166 2539 4222 πάλιν
2573 4167 2821 4240 ἔγνωμεν
2834 4170 2968 4225 Μωῦ
2978 4171 3076 4225 σέα
3097 4172 3553 4245 ἀποκαλυφθέντα
3580 4178 3725 4249 παρὰ

2138 4257 2275 4312 Θεοῦ
2305 4258 2784 4333 διαμαρτύρασθαι
2818 4265 2932 4325 τοῖς
2965 4264 3301 4335 ἀνθρώποις,
3333 4267 3414 4321 δτι
3447 4267 3598 4321 ἔστιν
3631 4268 3725 4322 αὐ-

2137 4353 2252 4415 τοῖς
2286 4353 2541 4425 προκοπὴ
2592 4354 2823 4427 ἀληθινὴ
2850 4357 3173 4412 πιστεύουσι
3208 4359 3360 4431 παρὰ
3393 4359 3487 4414 τοῦ
3516 4360 3719 4432 Κυρίου

2138 4443 2320 4498 αὐτῶν
2341 4461 2357 4477 ο
2383 4447 2478 4500 καὶ
2512 4447 2732 4515 ἐγένετο
2788 4449 2948 4503 τοῦτο
2974 4466 2988 4481 °
3032 4450 3140 4505 ἀπὸ
3172 4453 3278 4526 γὰρ
3309 4452 3412 4524 τῆς
3463 4456 3593 4525 περὶ
3633 4454 3721 4508 τὸν

456 4524 590 4580 tiam
650 4539 943 4596 moresque
980 4525 1209 4581 deduxit
1265 4525 1412 4582 illius
1463 4535 1721 4615 posteros
1776 4528 1884 4583 lex.
1915 4527 2033 4583 Nisi

2150 4535 2406 4608 Ἀϐραὰμ
2460 4537 2542 4591 ἔτι
2590 4538 2817 4605 ἀτελοῦς
2862 4539 3030 4611 οὔσης
3078 4524 3407 4613 θεογνωσίας
3451 4524 3551 4600 καὶί
3573 4545 3719 4601 πολι-

454 4613 604 4670 enim
665 4613 1174 4684 hoc‘concedatur,
1238 4610 1647 4687 supervacanea
1708 4616 1932 4675 fuerunt
1975 4627 2032 4674 et

2142 4626 2309 4695 τείας,
2345 4627 2439 4682 ἐπὶ
2465 4627 2563 4701 τὴν
2601 4631 2804 4700 μᾶλλον
2846 4610 3058 4687 τελείαν
3083 4610 3416 4704 θεογνωσίαν
3442 4636 3537 4691 καί
3570 4637 3717 4691 πολι-

456 4705 771 4776 importuna
792 4705 981 4762 omnia
1019 4707 1157 4779 legis
1188 4708 1463 4777 instituta,
1499 4717 1555 4766 et
1601 4710 1925 4779 Sabbatum,
1975 4722 2032 4769 ct

2142 4718 2288 4774 τείαν
2315 4719 2518 4792 ἀνῆγεν
2547 4721 2675 4786 τοὺς
2703 4723 2868 4778 αὑτοῦ
2896 4725 3156 4795 ἐκγόνους
3192 4728 3221 4779 ό
3249 4726 3344 4782 τοῦ
3361 4728 3497 4784 Θεοῦ
3526 4732 3714 4802 νόμος·

457 4793 571 4893 Deo
619 4796 983 4867 acceptabiles
1035 4797 1251 4865 hostiae,
1307 4815 1431 4871 quas
1486 4801 1674 4856 omnia
1708 4801 2031 4859 Abrahamo

2142 4811 2187 4865 εί
2220 4810 2330 4883 γὰρ
2359 4811 2436 4883 μὴ
2462 4811 2622 4867 τοῦτο
2648 4813 2799 4888 δοθῇ,
2824 4793 3058 4888 περιττὰ
3081 4820 3176 4873 καὶ
3206 4819 3413 4893 ἄκαιρα
3448 4793 3626 4878 πάντα
3653 4793 3718 4878 τὰ

457 4885 611 4942 fuere
628 4887 906 4959 incognita
925 4905 941 4956 ;
963 4889 1110 4960 quod
1132 4890 1470 4961 impossibile
1487 4901 1592 4950 est.
1617 4891 1749 4950 Post
1766 4893 2026 4965 Moysem,

2142 4901 2232 4957 τοῦ
2266 4904 2456 4974 νόμου,
2483 4905 2546 4959 τό
2575 4885 2938 4965 τε-σάδόατον
2970 4911 3065 4965 καὶ
3100 4912 3159 4965 αί
3195 4885 3464 4968 θεόδεκτοι
3515 4914 3716 4980 θυσίαι,

456 4986 518 5033 ut
552 4993 772 5050 pergam
816 4980 896 5036 uti
944 4981 1293 5039 revelationis
1349 4984 1597 5051 nomine,
1632 4984 1810 5040 donec
1840 4986 2025 5042 exitus

2142 4995 2288 5051 iuva
2323 4996 2578 5070 Ἀϐραὰμ
2608 4999 2709 5054 οὐκ
2732 5000 2871 5073 ᾔδει,
2894 5002 3035 5075 ὅπερ
3064 5004 3349 5061 ἀδύνατον.
3377 5007 3534 5062 Μετά
3556 5008 3717 5063 Μωῦ-

454 5068 643 5123 omnia
673 5068 1007 5140 manifestet,
1063 5072 1326 5129 revelavit
1364 5074 1512 5131 Deus
1551 5073 1846 5145 perJesum
1872 5076 2032 5132 Chri-

2142 5084 2250 5152 séa,
2285 5086 2374 5141 ἵνα
2427 5068 2873 5161 καταχρήσωμαι
2908 5091 2987 5163 τῷ
3004 5068 3120 5163 τῆς
3168 5095 3573 5166 ἀποκαλύψεως
3601 5097 3715 5166 ὀνό-

454 5168 604 5217 stum
634 5161 981 5230 hominibus,
1030 5166 1175 5245 quod
1211 5164 1273 5220 ﬁt
1318 5166 1450 5237 ipsis
1493 5167 1890 5224 incrementum
1941 5183 2032 5226 ve-

2142 5195 2284 5248 ματι,
2311 5179 2419 5244 ἕως
2442 5180 2508 5235 ἂν
2538 5155 2843 5253 etiam;
2871 5184 2932 5241 τὸ
2957 5155 3339 5259 πᾶνδηλώσῃ,
3366 5155 3714 5260 ἀπεκάλυψέν

460 5267 607 5320 rum,
646 5252 998 5311 credentibus
1026 5254 1255 5323 scilicet,
1280 5271 1314 5312 a
1347 5255 1610 5325 Domino;
1668 5259 1948 5331 verbaque
1973 5261 2031 5317 in

2142 5269 2314 5334 ΒΘεδς
2336 5269 2425 5325 διὰ
2465 5252 2641 5343 Ἰησοῦ
2676 5274 2915 5347 Χριστοῦ
2942 5278 3057 5341 τοῖς
3089 5252 3420 5350 ἀνθρώποις,
3461 5281 3543 5334 ὅτι
3570 5252 3713 5334 ἔστιν

455 5361 571 5402 rem
611 5346 811 5403 collata
864 5346 1018 5404 fuere
1041 5363 1057 5400 :
1082 5360 1211 5402 nam
1242 5356 1299 5403 et
1331 5349 1425 5405 Dei
1455 5350 1696 5420 cognitio
1718 5352 1940 5418 clarior,
1972 5362 2028 5409 et

2142 5357 2321 5422 αὐτοῖς
2339 5360 2592 5433 προκοπὴ
2615 5346 2843 5434 ἀληθινὴ
2855 5364 2967 5428 τοῖς
2986 5346 3299 5421 πιστεύουσι
3325 5370 3473 5438 παρὰ
3486 5370 3710 5439 Κυρίουο

453 5438 577 5495 vitae
597 5452 721 5495 mos
751 5438 1062 5496 accuratior
1085 5438 1313 5497 exstitit.
1335 5439 1502 5512 quue
1530 5443 1616 5501 vel
1634 5444 1761 5502 inde
1790 5457 2026 5516 constat,

2142 5450 2233 5505 καὶ
2260 5449 2417 5523 ἔσχεν
2444 5454 2473 5505 ό
2493 5452 2651 5523 λόγος
2676 5454 2735 5509 τὸ
2760 5453 2921 5528 ἔργον
2947 5456 3122 5529 πέρας
3147 5475 3161 5491 ·
3195 5459 3230 5530 ἥ
3261 5474 3321 5514 τε
3348 5460 3455 5532 γὰρ
3483 5438 3709 5530 Osova-

526 5620 571 5653 ¹⁹
601 5623 624 5676 Ι
652 5621 795 5684 Tim.
823 5642 886 5695 ιι,
920 5626 980 5683 4.

528 5781 605 5853 (4)
634 5783 805 5845 Aliter
820 5786 910 5845 hic
922 5788 1070 5845 vides
1096 5790 1241 5861 apud
1258 5790 1610 5852 Maraccium.
2215 5803 2295 5875 (5)
2320 5801 2445 5860 Sur.
2476 5802 2547 5872 Χ,
2580 5805 2633 5859 '5.
