  <div class='ocr_page' id='page_1' title='image "/cluster/home/n/w/nwhite01/storage/ocr_20150623/105/coo.31924054870096/396.png"; bbox 0 0 4048 6408; ppageno 0'>
   <div class='ocr_carea' id='block_1_1' title="bbox 391 392 500 460">
    <p class='ocr_par' dir='ltr' id='par_1_1' title="bbox 391 392 500 460">
     <span class='ocr_line' id='line_1_1' title="bbox 391 392 500 460; baseline 0.009 -2"><span class='ocrx_word' id='word_1_1' title='bbox 391 392 500 460; x_wconf 87' lang='lat'><strong>753</strong></span> 
     </span>
    </p>
   </div>
   <div class='ocr_carea' id='block_1_2' title="bbox 1562 408 2506 475">
    <p class='ocr_par' dir='ltr' id='par_1_2' title="bbox 1562 408 2506 475">
     <span class='ocr_line' id='line_1_2' title="bbox 1562 408 2506 475; baseline 0.008 -8"><span class='ocrx_word' id='word_1_2' title='bbox 1562 408 1994 470; x_wconf 79' lang='lat' dir='ltr'><strong>REFUTATIO</strong></span> <span class='ocrx_word' id='word_1_3' title='bbox 2035 411 2506 475; x_wconf 77' lang='lat' dir='ltr'><strong>MOIIAMEDIS.</strong></span> 
     </span>
    </p>
   </div>
   <div class='ocr_carea' id='block_1_3' title="bbox 3547 425 3658 489">
    <p class='ocr_par' dir='ltr' id='par_1_3' title="bbox 3547 425 3658 489">
     <span class='ocr_line' id='line_1_3' title="bbox 3547 425 3658 489; baseline 0.027 -2"><span class='ocrx_word' id='word_1_4' title='bbox 3547 425 3658 489; x_wconf 65' lang='lat' dir='ltr'><strong>75-i-</strong></span> 
     </span>
    </p>
   </div>
   <div class='ocr_carea' id='block_1_4' title="bbox 386 507 1951 607">
    <p class='ocr_par' dir='ltr' id='par_1_4' title="bbox 386 507 1937 590">
     <span class='ocr_line' id='line_1_4' title="bbox 386 507 1937 590; baseline 0.008 -31"><span class='ocrx_word' id='word_1_5' title='bbox 386 507 480 561; x_wconf 87' lang='grc' dir='ltr'><strong>σία</strong></span> <span class='ocrx_word' id='word_1_6' title='bbox 531 509 865 578; x_wconf 83' lang='grc' dir='ltr'>τρανοτέρα,</span> <span class='ocrx_word' id='word_1_7' title='bbox 901 513 995 564; x_wconf 74' lang='grc' dir='ltr'>καὶ</span> <span class='ocrx_word' id='word_1_8' title='bbox 1047 513 1078 583; x_wconf 82' lang='grc' dir='ltr'><strong>ἡ</strong></span> <span class='ocrx_word' id='word_1_9' title='bbox 1133 513 1379 570; x_wconf 79' lang='grc' dir='ltr'><strong>πολιτεία</strong></span> <span class='ocrx_word' id='word_1_10' title='bbox 1434 515 1800 590; x_wconf 72' lang='grc' dir='ltr'>ἀκριϐεστέρα</span> <span class='ocrx_word' id='word_1_11' title='bbox 1835 520 1937 574; x_wconf 89' lang='grc' dir='ltr'><strong>καθ</strong></span> 
     </span>
    </p>
   </div>
   <div class='ocr_carea' id='block_1_5' title="bbox 2053 507 3649 607">
    <p class='ocr_par' dir='ltr' id='par_1_5' title="bbox 2069 523 3649 607">
     <span class='ocr_line' id='line_1_5' title="bbox 2069 523 3649 607; baseline 0.013 -32"><span class='ocrx_word' id='word_1_12' title='bbox 2069 523 2214 590; x_wconf 92' lang='lat' dir='ltr'><strong>quod</strong></span> <span class='ocrx_word' id='word_1_13' title='bbox 2277 525 2521 592; x_wconf 79' lang='lat' dir='ltr'><strong>antiquis</strong></span> <span class='ocrx_word' id='word_1_14' title='bbox 2553 523 2762 580; x_wconf 90' lang='lat' dir='ltr'><strong>dictum</strong></span> <span class='ocrx_word' id='word_1_15' title='bbox 2793 525 2915 592; x_wconf 81' lang='lat' dir='ltr'><strong>fuit,</strong></span> <span class='ocrx_word' id='word_1_16' title='bbox 2959 527 3043 584; x_wconf 86' lang='lat' dir='ltr'><strong>Ne</strong></span> <span class='ocrx_word' id='word_1_17' title='bbox 3090 533 3344 590; x_wconf 74' lang='lat' dir='ltr'><strong>occidam</strong></span> <span class='ocrx_word' id='word_1_18' title='bbox 3376 538 3456 607; x_wconf 80' lang='grc'><strong>²⁶;</strong></span> <span class='ocrx_word' id='word_1_19' title='bbox 3491 540 3649 596; x_wconf 85' lang='lat' dir='ltr'><strong>nobis</strong></span> 
     </span>
    </p>
   </div>
   <div class='ocr_carea' id='block_1_6' title="bbox 383 601 1964 681">
    <p class='ocr_par' dir='ltr' id='par_1_6' title="bbox 383 601 1964 681">
     <span class='ocr_line' id='line_1_6' title="bbox 383 601 1964 681; baseline 0.006 -27"><span class='ocrx_word' id='word_1_20' title='bbox 383 601 583 670; x_wconf 83' lang='grc' dir='ltr'>έστηκε</span> <span class='ocrx_word' id='word_1_21' title='bbox 605 617 622 634; x_wconf 78' lang='grc'><strong><em>⁸</em></strong></span> <span class='ocrx_word' id='word_1_22' title='bbox 656 603 750 655; x_wconf 79' lang='grc' dir='ltr'><strong>καὶ</strong></span> <span class='ocrx_word' id='word_1_23' title='bbox 779 603 936 670; x_wconf 73' lang='grc' dir='ltr'>δῆλον</span> <span class='ocrx_word' id='word_1_24' title='bbox 957 606 1016 657; x_wconf 78' lang='grc' dir='ltr'>ὲν</span> <span class='ocrx_word' id='word_1_25' title='bbox 1068 605 1144 676; x_wconf 80' lang='grc' dir='ltr'>τῷ</span> <span class='ocrx_word' id='word_1_26' title='bbox 1188 608 1418 671; x_wconf 83' lang='grc' dir='ltr'>ἐκείνοις</span> <span class='ocrx_word' id='word_1_27' title='bbox 1452 611 1549 678; x_wconf 79' lang='grc' dir='ltr'><strong>μὲν</strong></span> <span class='ocrx_word' id='word_1_28' title='bbox 1580 610 1855 678; x_wconf 83' lang='grc' dir='ltr'>λέγεσθαι,</span> <span class='ocrx_word' id='word_1_29' title='bbox 1890 613 1964 681; x_wconf 84' lang='grc' dir='ltr'>μὴ</span> 
     </span>
    </p>
   </div>
   <div class='ocr_carea' id='block_1_7' title="bbox 378 691 1507 767">
    <p class='ocr_par' dir='ltr' id='par_1_7' title="bbox 378 691 1507 767">
     <span class='ocr_line' id='line_1_7' title="bbox 378 691 1507 767; baseline 0.007 -23"><span class='ocrx_word' id='word_1_30' title='bbox 378 691 679 759; x_wconf 71' lang='grc' dir='ltr'>φονεῦσαι</span> <span class='ocrx_word' id='word_1_31' title='bbox 707 709 720 722; x_wconf 76' lang='grc' dir='ltr'><strong><em>ο</em></strong></span> <span class='ocrx_word' id='word_1_32' title='bbox 753 695 885 764; x_wconf 74' lang='grc' dir='ltr'>ἡμῖν</span> <span class='ocrx_word' id='word_1_33' title='bbox 913 695 990 760; x_wconf 88' lang='grc' dir='ltr'><strong>δὲ,</strong></span> <span class='ocrx_word' id='word_1_34' title='bbox 1016 695 1103 764; x_wconf 82' lang='grc' dir='ltr'>μὴ</span> <span class='ocrx_word' id='word_1_35' title='bbox 1135 697 1507 767; x_wconf 77' lang='grc' dir='ltr'>ὀργισθῆναι.</span> 
     </span>
    </p>
   </div>
   <div class='ocr_carea' id='block_1_8' title="bbox 455 781 1964 860">
    <p class='ocr_par' dir='ltr' id='par_1_8' title="bbox 455 781 1964 860">
     <span class='ocr_line' id='line_1_8' title="bbox 455 781 1964 860; baseline 0.008 -24"><span class='ocrx_word' id='word_1_36' title='bbox 455 781 544 847; x_wconf 80' lang='grc' dir='ltr'>ξε’.</span> <span class='ocrx_word' id='word_1_37' title='bbox 592 785 745 837; x_wconf 76' lang='grc' dir='ltr'>Ἐπεὶ</span> <span class='ocrx_word' id='word_1_38' title='bbox 777 786 869 839; x_wconf 78' lang='grc' dir='ltr'>οὖν</span> <span class='ocrx_word' id='word_1_39' title='bbox 926 790 1176 860; x_wconf 83' lang='grc' dir='ltr'>προκοπὴ</span> <span class='ocrx_word' id='word_1_40' title='bbox 1213 790 1438 860; x_wconf 85' lang='grc' dir='ltr'>ἀληθινὴ</span> <span class='ocrx_word' id='word_1_41' title='bbox 1490 792 1810 860; x_wconf 79' lang='grc' dir='ltr'><strong>καθορᾶται,</strong></span> <span class='ocrx_word' id='word_1_42' title='bbox 1869 795 1964 848; x_wconf 76' lang='grc' dir='ltr'>ἐπὶ</span> 
     </span>
    </p>
   </div>
   <div class='ocr_carea' id='block_1_9' title="bbox 381 879 1963 951">
    <p class='ocr_par' dir='ltr' id='par_1_9' title="bbox 381 879 1963 951">
     <span class='ocr_line' id='line_1_9' title="bbox 381 879 1963 951; baseline 0.007 -23"><span class='ocrx_word' id='word_1_43' title='bbox 381 879 482 946; x_wconf 82' lang='grc' dir='ltr'><strong>μὲν</strong></span> <span class='ocrx_word' id='word_1_44' title='bbox 526 879 775 949; x_wconf 77' lang='grc' dir='ltr'>Ἀϐραὰμ</span> <span class='ocrx_word' id='word_1_45' title='bbox 805 880 912 932; x_wconf 85' lang='grc' dir='ltr'><strong>ἀπὸ</strong></span> <span class='ocrx_word' id='word_1_46' title='bbox 955 880 1063 932; x_wconf 85' lang='grc' dir='ltr'>τῶν</span> <span class='ocrx_word' id='word_1_47' title='bbox 1107 880 1343 934; x_wconf 85' lang='grc' dir='ltr'><strong>εἰδώλων</strong></span> <span class='ocrx_word' id='word_1_48' title='bbox 1379 884 1652 951; x_wconf 79' lang='grc' dir='ltr'><strong>ἀγνωσίας</strong></span> <span class='ocrx_word' id='word_1_49' title='bbox 1698 884 1834 937; x_wconf 83' lang='grc' dir='ltr'>Θεοῦ</span> <span class='ocrx_word' id='word_1_50' title='bbox 1869 887 1963 939; x_wconf 77' lang='grc' dir='ltr'>ἐπὶ</span> 
     </span>
    </p>
   </div>
   <div class='ocr_carea' id='block_1_10' title="bbox 375 969 1962 1047">
    <p class='ocr_par' dir='ltr' id='par_1_10' title="bbox 375 969 1962 1047">
     <span class='ocr_line' id='line_1_10' title="bbox 375 969 1962 1047; baseline 0.006 -26"><span class='ocrx_word' id='word_1_51' title='bbox 375 969 530 1040; x_wconf 75' lang='grc' dir='ltr'>Θεῷ”</span> <span class='ocrx_word' id='word_1_52' title='bbox 569 971 663 1022; x_wconf 79' lang='grc' dir='ltr'>καὶ</span> <span class='ocrx_word' id='word_1_53' title='bbox 721 971 932 1040; x_wconf 81' lang='grc' dir='ltr'><strong>μάρτυς</strong></span> <span class='ocrx_word' id='word_1_54' title='bbox 963 973 991 1025; x_wconf 99' lang='lat'><strong>6</strong></span> <span class='ocrx_word' id='word_1_55' title='bbox 1030 972 1142 1042; x_wconf 86' lang='grc' dir='ltr'>βίος</span> <span class='ocrx_word' id='word_1_56' title='bbox 1191 973 1357 1027; x_wconf 83' lang='grc' dir='ltr'>αὐτοῦ</span> <span class='ocrx_word' id='word_1_57' title='bbox 1383 991 1397 1006; x_wconf 80' lang='grc' dir='ltr'><strong>ο</strong></span> <span class='ocrx_word' id='word_1_58' title='bbox 1433 975 1540 1028; x_wconf 86' lang='grc' dir='ltr'><strong>ἀπὸ</strong></span> <span class='ocrx_word' id='word_1_59' title='bbox 1589 976 1839 1047; x_wconf 79' lang='grc' dir='ltr'>Ἀϐραὰμ</span> <span class='ocrx_word' id='word_1_60' title='bbox 1869 980 1962 1032; x_wconf 78' lang='grc' dir='ltr'><strong>ἐπὶ</strong></span> 
     </span>
    </p>
   </div>
   <div class='ocr_carea' id='block_1_11' title="bbox 370 1062 1959 1140">
    <p class='ocr_par' dir='ltr' id='par_1_11' title="bbox 370 1062 1959 1140">
     <span class='ocr_line' id='line_1_11' title="bbox 370 1062 1959 1140; baseline 0.006 -25"><span class='ocrx_word' id='word_1_61' title='bbox 370 1062 468 1116; x_wconf 80' lang='grc' dir='ltr'><strong>τὸν</strong></span> <span class='ocrx_word' id='word_1_62' title='bbox 497 1065 661 1133; x_wconf 88' lang='grc' dir='ltr'>νόμον</span> <span class='ocrx_word' id='word_1_63' title='bbox 697 1065 950 1136; x_wconf 83' lang='grc' dir='ltr'>προκοπὴ</span> <span class='ocrx_word' id='word_1_64' title='bbox 985 1065 1209 1137; x_wconf 88' lang='grc' dir='ltr'>ἀληθινή</span> <span class='ocrx_word' id='word_1_65' title='bbox 1237 1083 1250 1098; x_wconf 76' lang='grc'><strong><em>⁸</em></strong></span> <span class='ocrx_word' id='word_1_66' title='bbox 1291 1068 1386 1120; x_wconf 76' lang='grc' dir='ltr'><strong>καὶ</strong></span> <span class='ocrx_word' id='word_1_67' title='bbox 1440 1073 1708 1140; x_wconf 85' lang='grc' dir='ltr'>μαρτυρεῖ</span> <span class='ocrx_word' id='word_1_68' title='bbox 1734 1073 1766 1140; x_wconf 81' lang='grc' dir='ltr'>ή</span> <span class='ocrx_word' id='word_1_69' title='bbox 1795 1072 1959 1125; x_wconf 80' lang='grc' dir='ltr'>εὐτα-</span> 
     </span>
    </p>
   </div>
   <div class='ocr_carea' id='block_1_12' title="bbox 372 1154 1960 1231">
    <p class='ocr_par' dir='ltr' id='par_1_12' title="bbox 372 1154 1960 1231">
     <span class='ocr_line' id='line_1_12' title="bbox 372 1154 1960 1231; baseline 0.008 -25"><span class='ocrx_word' id='word_1_70' title='bbox 372 1154 467 1219; x_wconf 81' lang='grc' dir='ltr'><strong>ξία</strong></span> <span class='ocrx_word' id='word_1_71' title='bbox 491 1158 588 1226; x_wconf 82' lang='grc' dir='ltr'>τῆς</span> <span class='ocrx_word' id='word_1_72' title='bbox 617 1158 940 1227; x_wconf 78' lang='grc' dir='ltr'>νομοθεσίας</span> <span class='ocrx_word' id='word_1_73' title='bbox 964 1175 976 1188; x_wconf 90' lang='grc'><strong>·</strong></span> <span class='ocrx_word' id='word_1_74' title='bbox 1007 1159 1114 1212; x_wconf 77' lang='grc' dir='ltr'><strong>ἀπὸ</strong></span> <span class='ocrx_word' id='word_1_75' title='bbox 1166 1159 1222 1213; x_wconf 88' lang='grc' dir='ltr'>δὲ</span> <span class='ocrx_word' id='word_1_76' title='bbox 1256 1159 1350 1213; x_wconf 88' lang='grc' dir='ltr'><strong>τοῦ</strong></span> <span class='ocrx_word' id='word_1_77' title='bbox 1384 1162 1550 1231; x_wconf 83' lang='grc' dir='ltr'>νόμου</span> <span class='ocrx_word' id='word_1_78' title='bbox 1585 1164 1679 1216; x_wconf 77' lang='grc' dir='ltr'>ἐπὶ</span> <span class='ocrx_word' id='word_1_79' title='bbox 1703 1164 1795 1217; x_wconf 86' lang='grc' dir='ltr'><strong>τὸν</strong></span> <span class='ocrx_word' id='word_1_80' title='bbox 1845 1164 1960 1218; x_wconf 86' lang='grc' dir='ltr'><strong>Κύ-</strong></span> 
     </span>
    </p>
   </div>
   <div class='ocr_carea' id='block_1_13' title="bbox 369 1247 1957 1326">
    <p class='ocr_par' dir='ltr' id='par_1_13' title="bbox 369 1247 1957 1326">
     <span class='ocr_line' id='line_1_13' title="bbox 369 1247 1957 1326; baseline 0.007 -27"><span class='ocrx_word' id='word_1_81' title='bbox 369 1265 493 1318; x_wconf 85' lang='grc' dir='ltr'>ριον</span> <span class='ocrx_word' id='word_1_82' title='bbox 521 1247 681 1317; x_wconf 79' lang='grc' dir='ltr'>ἡμῶν</span> <span class='ocrx_word' id='word_1_83' title='bbox 731 1249 939 1320; x_wconf 82' lang='grc' dir='ltr'>Ἰησοῦν</span> <span class='ocrx_word' id='word_1_84' title='bbox 993 1251 1230 1322; x_wconf 79' lang='grc' dir='ltr'>Χριστὸν</span> <span class='ocrx_word' id='word_1_85' title='bbox 1261 1254 1514 1324; x_wconf 81' lang='grc' dir='ltr'>προκοπὴ</span> <span class='ocrx_word' id='word_1_86' title='bbox 1546 1255 1778 1326; x_wconf 84' lang='grc' dir='ltr'>ἀληθινή</span> <span class='ocrx_word' id='word_1_87' title='bbox 1810 1272 1824 1284; x_wconf 84' lang='grc'>⁶</span> <span class='ocrx_word' id='word_1_88' title='bbox 1861 1258 1957 1311; x_wconf 70' lang='grc' dir='ltr'><strong>καὶ</strong></span> 
     </span>
    </p>
   </div>
   <div class='ocr_carea' id='block_1_14' title="bbox 369 1337 1952 1414">
    <p class='ocr_par' dir='ltr' id='par_1_14' title="bbox 369 1337 1952 1414">
     <span class='ocr_line' id='line_1_14' title="bbox 369 1337 1952 1414; baseline 0.008 -27"><span class='ocrx_word' id='word_1_89' title='bbox 369 1339 646 1404; x_wconf 83' lang='grc' dir='ltr'>μαρτυρεῖ</span> <span class='ocrx_word' id='word_1_90' title='bbox 681 1337 741 1390; x_wconf 81' lang='grc' dir='ltr'><strong>τὸ</strong></span> <span class='ocrx_word' id='word_1_91' title='bbox 794 1338 1022 1408; x_wconf 78' lang='grc' dir='ltr'>ἀκριϐὲς</span> <span class='ocrx_word' id='word_1_92' title='bbox 1070 1343 1168 1412; x_wconf 81' lang='grc' dir='ltr'>τῆς</span> <span class='ocrx_word' id='word_1_93' title='bbox 1215 1342 1576 1414; x_wconf 78' lang='grc' dir='ltr'>εὐαγγελικῆς</span> <span class='ocrx_word' id='word_1_94' title='bbox 1644 1346 1952 1410; x_wconf 75' lang='grc' dir='ltr'>πολιτείαςο</span> 
     </span>
    </p>
   </div>
   <div class='ocr_carea' id='block_1_15' title="bbox 363 1427 1955 1507">
    <p class='ocr_par' dir='ltr' id='par_1_15' title="bbox 363 1427 1955 1507">
     <span class='ocr_line' id='line_1_15' title="bbox 363 1427 1955 1507; baseline 0.008 -28"><span class='ocrx_word' id='word_1_95' title='bbox 363 1429 471 1480; x_wconf 76' lang='grc' dir='ltr'>οὐκ</span> <span class='ocrx_word' id='word_1_96' title='bbox 502 1427 612 1481; x_wconf 78' lang='grc' dir='ltr'>ἔστι</span> <span class='ocrx_word' id='word_1_97' title='bbox 665 1429 815 1495; x_wconf 74' lang='grc' dir='ltr'>ξένον</span> <span class='ocrx_word' id='word_1_98' title='bbox 860 1433 974 1492; x_wconf 85' lang='grc' dir='ltr'>τοῖς</span> <span class='ocrx_word' id='word_1_99' title='bbox 1030 1431 1356 1503; x_wconf 85' lang='grc' dir='ltr'>ἀνθρώποις,</span> <span class='ocrx_word' id='word_1_100' title='bbox 1387 1436 1471 1488; x_wconf 83' lang='grc' dir='ltr'>ὅτι</span> <span class='ocrx_word' id='word_1_101' title='bbox 1523 1436 1872 1507; x_wconf 76' lang='grc' dir='ltr'>ἀπεκάλυψεν</span> <span class='ocrx_word' id='word_1_102' title='bbox 1927 1441 1955 1493; x_wconf 90' lang='lat'><strong>6</strong></span> 
     </span>
    </p>
   </div>
   <div class='ocr_carea' id='block_1_16' title="bbox 362 1519 1953 1599">
    <p class='ocr_par' dir='ltr' id='par_1_16' title="bbox 362 1519 1953 1599">
     <span class='ocr_line' id='line_1_16' title="bbox 362 1519 1953 1599; baseline 0.008 -28"><span class='ocrx_word' id='word_1_103' title='bbox 362 1519 503 1584; x_wconf 74' lang='grc' dir='ltr'>Θεὸς</span> <span class='ocrx_word' id='word_1_104' title='bbox 529 1520 665 1591; x_wconf 75' lang='grc' dir='ltr'>πρὸς</span> <span class='ocrx_word' id='word_1_105' title='bbox 702 1521 988 1592; x_wconf 79' lang='grc' dir='ltr'>ἄνθρωπον</span> <span class='ocrx_word' id='word_1_106' title='bbox 1023 1523 1082 1590; x_wconf 80' lang='grc' dir='ltr'><strong>ἐξ</strong></span> <span class='ocrx_word' id='word_1_107' title='bbox 1138 1525 1318 1578; x_wconf 81' lang='grc' dir='ltr'>αὐτῶν</span> <span class='ocrx_word' id='word_1_108' title='bbox 1353 1527 1448 1580; x_wconf 87' lang='grc' dir='ltr'><strong>τοῦ</strong></span> <span class='ocrx_word' id='word_1_109' title='bbox 1475 1527 1953 1599; x_wconf 78' lang='grc' dir='ltr'>διαμαρτύρασθαι</span> 
     </span>
    </p>
   </div>
   <div class='ocr_carea' id='block_1_17' title="bbox 360 1609 1953 1689">
    <p class='ocr_par' dir='ltr' id='par_1_17' title="bbox 360 1609 1953 1689">
     <span class='ocr_line' id='line_1_17' title="bbox 360 1609 1953 1689; baseline 0.007 -27"><span class='ocrx_word' id='word_1_110' title='bbox 360 1611 465 1663; x_wconf 74' lang='grc' dir='ltr'>καὶ</span> <span class='ocrx_word' id='word_1_111' title='bbox 509 1609 962 1678; x_wconf 83' lang='grc' dir='ltr'>εὐαγγελίσασθαι</span> <span class='ocrx_word' id='word_1_112' title='bbox 1017 1617 1129 1678; x_wconf 87' lang='grc' dir='ltr'>τοῖς</span> <span class='ocrx_word' id='word_1_113' title='bbox 1159 1616 1505 1669; x_wconf 82' lang='grc' dir='ltr'>πιστεύουσιν</span> <span class='ocrx_word' id='word_1_114' title='bbox 1556 1620 1640 1671; x_wconf 82' lang='grc' dir='ltr'><strong>ὅτι</strong></span> <span class='ocrx_word' id='word_1_115' title='bbox 1669 1619 1783 1672; x_wconf 77' lang='grc' dir='ltr'>ἔστι</span> <span class='ocrx_word' id='word_1_116' title='bbox 1821 1637 1953 1689; x_wconf 76' lang='grc' dir='ltr'>προσ</span> 
     </span>
    </p>
   </div>
   <div class='ocr_carea' id='block_1_18' title="bbox 359 1702 1952 1782">
    <p class='ocr_par' dir='ltr' id='par_1_18' title="bbox 359 1702 1952 1782">
     <span class='ocr_line' id='line_1_18' title="bbox 359 1702 1952 1782; baseline 0.008 -28"><span class='ocrx_word' id='word_1_117' title='bbox 359 1702 513 1774; x_wconf 83' lang='grc' dir='ltr'>κοπὴ</span> <span class='ocrx_word' id='word_1_118' title='bbox 542 1704 789 1776; x_wconf 85' lang='grc' dir='ltr'>ἀληθινή.</span> <span class='ocrx_word' id='word_1_119' title='bbox 827 1705 1069 1777; x_wconf 84' lang='grc' dir='ltr'>Εἴδωμεν</span> <span class='ocrx_word' id='word_1_120' title='bbox 1102 1705 1286 1761; x_wconf 82' lang='grc' dir='ltr'>λοιπὸν</span> <span class='ocrx_word' id='word_1_121' title='bbox 1308 1710 1355 1761; x_wconf 85' lang='grc' dir='ltr'><strong>εί</strong></span> <span class='ocrx_word' id='word_1_122' title='bbox 1374 1711 1466 1762; x_wconf 70' lang='grc' dir='ltr'><strong>καὶ</strong></span> <span class='ocrx_word' id='word_1_123' title='bbox 1488 1711 1579 1764; x_wconf 78' lang='grc' dir='ltr'><strong>ἐπὶ</strong></span> <span class='ocrx_word' id='word_1_124' title='bbox 1601 1711 1694 1764; x_wconf 85' lang='grc' dir='ltr'><strong>τοῦ</strong></span> <span class='ocrx_word' id='word_1_125' title='bbox 1706 1713 1952 1782; x_wconf 85' lang='grc' dir='ltr'>Μωάμετ</span> 
     </span>
    </p>
   </div>
   <div class='ocr_carea' id='block_1_19' title="bbox 356 1795 1950 1876">
    <p class='ocr_par' dir='ltr' id='par_1_19' title="bbox 356 1795 1950 1876">
     <span class='ocr_line' id='line_1_19' title="bbox 356 1795 1950 1876; baseline 0.008 -30"><span class='ocrx_word' id='word_1_126' title='bbox 356 1795 526 1850; x_wconf 84' lang='grc' dir='ltr'>τοῦτο</span> <span class='ocrx_word' id='word_1_127' title='bbox 555 1798 775 1865; x_wconf 78' lang='grc' dir='ltr'>γεγονὸς</span> <span class='ocrx_word' id='word_1_128' title='bbox 807 1797 1034 1868; x_wconf 81' lang='grc' dir='ltr'>εὓρηται</span> <span class='ocrx_word' id='word_1_129' title='bbox 1055 1817 1066 1829; x_wconf 95' lang='grc'><strong>·</strong></span> <span class='ocrx_word' id='word_1_130' title='bbox 1094 1799 1244 1853; x_wconf 84' lang='grc' dir='ltr'>δοκεῖ</span> <span class='ocrx_word' id='word_1_131' title='bbox 1271 1800 1380 1872; x_wconf 77' lang='grc' dir='ltr'>γὰρ</span> <span class='ocrx_word' id='word_1_132' title='bbox 1416 1802 1705 1873; x_wconf 84' lang='grc' dir='ltr'>σεμνύνειν</span> <span class='ocrx_word' id='word_1_133' title='bbox 1732 1806 1826 1858; x_wconf 77' lang='grc' dir='ltr'><strong>καὶ</strong></span> <span class='ocrx_word' id='word_1_134' title='bbox 1851 1806 1950 1876; x_wconf 84' lang='grc' dir='ltr'>τὴν</span> 
     </span>
    </p>
   </div>
   <div class='ocr_carea' id='block_1_20' title="bbox 2070 615 2818 682">
    <p class='ocr_par' dir='ltr' id='par_1_20' title="bbox 2070 615 2818 682">
     <span class='ocr_line' id='line_1_20' title="bbox 2070 615 2818 682; baseline 0.007 -12"><span class='ocrx_word' id='word_1_135' title='bbox 2070 624 2274 682; x_wconf 90' lang='lat' dir='ltr'><strong>autem,</strong></span> <span class='ocrx_word' id='word_1_136' title='bbox 2309 615 2385 670; x_wconf 81' lang='lat' dir='ltr'><strong>Ne</strong></span> <span class='ocrx_word' id='word_1_137' title='bbox 2411 618 2720 672; x_wconf 76' lang='lat' dir='ltr'><strong>irascamini</strong></span> <span class='ocrx_word' id='word_1_138' title='bbox 2751 620 2818 675; x_wconf 85' lang='grc'><strong>²¹.</strong></span> 
     </span>
    </p>
   </div>
   <div class='ocr_carea' id='block_1_21' title="bbox 2137 792 3649 873">
    <p class='ocr_par' dir='ltr' id='par_1_21' title="bbox 2137 792 3649 873">
     <span class='ocr_line' id='line_1_21' title="bbox 2137 792 3649 873; baseline 0.011 -27"><span class='ocrx_word' id='word_1_139' title='bbox 2137 792 2227 848; x_wconf 79' lang='grc'><strong>65.</strong></span> <span class='ocrx_word' id='word_1_140' title='bbox 2271 793 2473 849; x_wconf 87' lang='lat' dir='ltr'><strong>Verum</strong></span> <span class='ocrx_word' id='word_1_141' title='bbox 2513 811 2643 866; x_wconf 88' lang='lat' dir='ltr'><strong>ergo</strong></span> <span class='ocrx_word' id='word_1_142' title='bbox 2678 796 3077 853; x_wconf 89' lang='lat' dir='ltr'><strong>incrementum</strong></span> <span class='ocrx_word' id='word_1_143' title='bbox 3127 803 3507 873; x_wconf 88' lang='lat' dir='ltr'><strong>conspicitur;</strong></span> <span class='ocrx_word' id='word_1_144' title='bbox 3545 809 3649 863; x_wconf 87' lang='lat' dir='ltr'><strong>sub</strong></span> 
     </span>
    </p>
   </div>
   <div class='ocr_carea' id='block_1_22' title="bbox 2067 881 3651 964">
    <p class='ocr_par' dir='ltr' id='par_1_22' title="bbox 2067 881 3651 964">
     <span class='ocr_line' id='line_1_22' title="bbox 2067 881 3651 964; baseline 0.013 -30"><span class='ocrx_word' id='word_1_145' title='bbox 2067 881 2384 939; x_wconf 81' lang='lat' dir='ltr'><strong>Abrahamo</strong></span> <span class='ocrx_word' id='word_1_146' title='bbox 2413 886 2630 956; x_wconf 88' lang='lat' dir='ltr'><strong>quidem</strong></span> <span class='ocrx_word' id='word_1_147' title='bbox 2676 888 2744 942; x_wconf 90' lang='lat' dir='ltr'><strong>ad</strong></span> <span class='ocrx_word' id='word_1_148' title='bbox 2798 888 3145 946; x_wconf 88' lang='lat' dir='ltr'><strong>idololatrica</strong></span> <span class='ocrx_word' id='word_1_149' title='bbox 3174 895 3393 948; x_wconf 84' lang='lat' dir='ltr'><strong>inscitia</strong></span> <span class='ocrx_word' id='word_1_150' title='bbox 3433 897 3546 964; x_wconf 87' lang='lat' dir='ltr'><strong>Dei,</strong></span> <span class='ocrx_word' id='word_1_151' title='bbox 3582 900 3651 953; x_wconf 85' lang='lat' dir='ltr'><strong>ad</strong></span> 
     </span>
    </p>
   </div>
   <div class='ocr_carea' id='block_1_23' title="bbox 2066 969 3652 1049">
    <p class='ocr_par' dir='ltr' id='par_1_23' title="bbox 2066 969 3652 1049">
     <span class='ocr_line' id='line_1_23' title="bbox 2066 969 3652 1049; baseline 0.011 -26"><span class='ocrx_word' id='word_1_152' title='bbox 2066 969 2236 1024; x_wconf 89' lang='lat' dir='ltr'><strong>Deum</strong></span> <span class='ocrx_word' id='word_1_153' title='bbox 2270 973 2447 1042; x_wconf 90' lang='lat' dir='ltr'><strong>ipsum</strong></span> <span class='ocrx_word' id='word_1_154' title='bbox 2475 992 2488 1041; x_wconf 95' lang='lat'><strong>;</strong></span> <span class='ocrx_word' id='word_1_155' title='bbox 2521 976 2682 1045; x_wconf 89' lang='lat' dir='ltr'><strong>cujus</strong></span> <span class='ocrx_word' id='word_1_156' title='bbox 2708 977 2782 1030; x_wconf 87' lang='lat' dir='ltr'><strong>rei</strong></span> <span class='ocrx_word' id='word_1_157' title='bbox 2807 978 2961 1032; x_wconf 88' lang='lat' dir='ltr'><strong>testis</strong></span> <span class='ocrx_word' id='word_1_158' title='bbox 2995 979 3104 1033; x_wconf 90' lang='lat' dir='ltr'><strong>vita</strong></span> <span class='ocrx_word' id='word_1_159' title='bbox 3133 980 3328 1049; x_wconf 84' lang='lat' dir='ltr'><strong>ipsius.</strong></span> <span class='ocrx_word' id='word_1_160' title='bbox 3363 983 3443 1038; x_wconf 85' lang='lat' dir='ltr'><strong>Ab</strong></span> <span class='ocrx_word' id='word_1_161' title='bbox 3477 986 3652 1041; x_wconf 84' lang='lat' dir='ltr'><strong>Abra-</strong></span> 
     </span>
    </p>
   </div>
   <div class='ocr_carea' id='block_1_24' title="bbox 2065 1054 3649 1145">
    <p class='ocr_par' dir='ltr' id='par_1_24' title="bbox 2065 1054 3649 1145">
     <span class='ocr_line' id='line_1_24' title="bbox 2065 1054 3649 1145; baseline 0.01 -30"><span class='ocrx_word' id='word_1_162' title='bbox 2065 1062 2230 1118; x_wconf 90' lang='lat' dir='ltr'><strong>hamo</strong></span> <span class='ocrx_word' id='word_1_163' title='bbox 2267 1064 2335 1118; x_wconf 89' lang='lat' dir='ltr'><strong>ad</strong></span> <span class='ocrx_word' id='word_1_164' title='bbox 2382 1054 2556 1136; x_wconf 69' lang='lat' dir='ltr'><strong>legenti</strong></span> <span class='ocrx_word' id='word_1_165' title='bbox 2617 1068 3017 1124; x_wconf 86' lang='lat' dir='ltr'><strong>incrementum</strong></span> <span class='ocrx_word' id='word_1_166' title='bbox 3074 1087 3286 1140; x_wconf 83' lang='lat' dir='ltr'><strong>verum,</strong></span> <span class='ocrx_word' id='word_1_167' title='bbox 3327 1091 3493 1145; x_wconf 83' lang='lat' dir='ltr'><strong>quam</strong></span> <span class='ocrx_word' id='word_1_168' title='bbox 3534 1093 3649 1132; x_wconf 88' lang='lat' dir='ltr'><strong>rem</strong></span> 
     </span>
    </p>
   </div>
   <div class='ocr_carea' id='block_1_25' title="bbox 2063 1158 3649 1238">
    <p class='ocr_par' dir='ltr' id='par_1_25' title="bbox 2063 1158 3649 1238">
     <span class='ocr_line' id='line_1_25' title="bbox 2063 1158 3649 1238; baseline 0.01 -31"><span class='ocrx_word' id='word_1_169' title='bbox 2063 1161 2296 1208; x_wconf 79' lang='lat' dir='ltr'><strong>testatur</strong></span> <span class='ocrx_word' id='word_1_170' title='bbox 2320 1158 2680 1228; x_wconf 87' lang='lat' dir='ltr'><strong>legislationis</strong></span> <span class='ocrx_word' id='word_1_171' title='bbox 2703 1171 2852 1216; x_wconf 88' lang='lat' dir='ltr'><strong>recta</strong></span> <span class='ocrx_word' id='word_1_172' title='bbox 2884 1161 3180 1218; x_wconf 76' lang='lat' dir='ltr'><strong>ordinatio.</strong></span> <span class='ocrx_word' id='word_1_173' title='bbox 3199 1165 3245 1217; x_wconf 79' lang='grc' dir='ltr'>Α</span> <span class='ocrx_word' id='word_1_174' title='bbox 3272 1165 3389 1237; x_wconf 88' lang='lat' dir='ltr'><strong>lege</strong></span> <span class='ocrx_word' id='word_1_175' title='bbox 3410 1167 3649 1238; x_wconf 86' lang='lat' dir='ltr'><strong>denique</strong></span> 
     </span>
    </p>
   </div>
   <div class='ocr_carea' id='block_1_26' title="bbox 2061 1245 3649 1313">
    <p class='ocr_par' dir='ltr' id='par_1_26' title="bbox 2061 1245 3649 1313">
     <span class='ocr_line' id='line_1_26' title="bbox 2061 1245 3649 1313; baseline 0.009 -15"><span class='ocrx_word' id='word_1_176' title='bbox 2061 1245 2128 1299; x_wconf 89' lang='lat' dir='ltr'><strong>ad</strong></span> <span class='ocrx_word' id='word_1_177' title='bbox 2157 1245 2448 1303; x_wconf 87' lang='lat' dir='ltr'><strong>Dominum</strong></span> <span class='ocrx_word' id='word_1_178' title='bbox 2511 1260 2758 1305; x_wconf 90' lang='lat' dir='ltr'><strong>nostrum</strong></span> <span class='ocrx_word' id='word_1_179' title='bbox 2792 1249 2981 1307; x_wconf 76' lang='lat' dir='ltr'><strong>Iesum</strong></span> <span class='ocrx_word' id='word_1_180' title='bbox 3015 1253 3294 1309; x_wconf 86' lang='lat' dir='ltr'><strong>Christum</strong></span> <span class='ocrx_word' id='word_1_181' title='bbox 3339 1257 3649 1313; x_wconf 88' lang='lat' dir='ltr'><strong>incremen-</strong></span> 
     </span>
    </p>
   </div>
   <div class='ocr_carea' id='block_1_27' title="bbox 2063 1344 3650 1422">
    <p class='ocr_par' dir='ltr' id='par_1_27' title="bbox 2063 1344 3650 1422">
     <span class='ocr_line' id='line_1_27' title="bbox 2063 1344 3650 1422; baseline 0.011 -34"><span class='ocrx_word' id='word_1_182' title='bbox 2063 1345 2176 1391; x_wconf 86' lang='lat' dir='ltr'><strong>tum</strong></span> <span class='ocrx_word' id='word_1_183' title='bbox 2209 1353 2418 1408; x_wconf 87' lang='lat' dir='ltr'><strong>verum,</strong></span> <span class='ocrx_word' id='word_1_184' title='bbox 2446 1352 2608 1412; x_wconf 84' lang='lat' dir='ltr'><strong>prout</strong></span> <span class='ocrx_word' id='word_1_185' title='bbox 2637 1344 3056 1401; x_wconf 84' lang='lat' dir='ltr'><strong>demonstratur</strong></span> <span class='ocrx_word' id='word_1_186' title='bbox 3085 1363 3114 1402; x_wconf 86' lang='lat' dir='ltr'><strong>a</strong></span> <span class='ocrx_word' id='word_1_187' title='bbox 3140 1347 3382 1418; x_wconf 74' lang='lat' dir='ltr'><strong>perfecto</strong></span> <span class='ocrx_word' id='word_1_188' title='bbox 3415 1366 3650 1422; x_wconf 80' lang='lat' dir='ltr'><strong>evange-</strong></span> 
     </span>
    </p>
   </div>
   <div class='ocr_carea' id='block_1_28' title="bbox 2061 1428 3646 1510">
    <p class='ocr_par' dir='ltr' id='par_1_28' title="bbox 2061 1428 3646 1510">
     <span class='ocr_line' id='line_1_28' title="bbox 2061 1428 3646 1510; baseline 0.009 -28"><span class='ocrx_word' id='word_1_189' title='bbox 2061 1428 2178 1484; x_wconf 73' lang='lat' dir='ltr'><strong>licae</strong></span> <span class='ocrx_word' id='word_1_190' title='bbox 2240 1431 2366 1487; x_wconf 77' lang='lat' dir='ltr'><strong>vitae</strong></span> <span class='ocrx_word' id='word_1_191' title='bbox 2418 1448 2636 1504; x_wconf 87' lang='lat' dir='ltr'><strong>genere.</strong></span> <span class='ocrx_word' id='word_1_192' title='bbox 2688 1435 2806 1492; x_wconf 86' lang='lat' dir='ltr'><strong>Non</strong></span> <span class='ocrx_word' id='word_1_193' title='bbox 2860 1447 3101 1510; x_wconf 77' lang='lat' dir='ltr'><strong>estergo</strong></span> <span class='ocrx_word' id='word_1_194' title='bbox 3132 1456 3334 1496; x_wconf 88' lang='lat' dir='ltr'><strong>novum</strong></span> <span class='ocrx_word' id='word_1_195' title='bbox 3367 1442 3508 1496; x_wconf 90' lang='lat' dir='ltr'><strong>inter</strong></span> <span class='ocrx_word' id='word_1_196' title='bbox 3548 1443 3646 1497; x_wconf 86' lang='lat' dir='ltr'><strong>ho-</strong></span> 
     </span>
    </p>
   </div>
   <div class='ocr_carea' id='block_1_29' title="bbox 2057 1522 3643 1600">
    <p class='ocr_par' dir='ltr' id='par_1_29' title="bbox 2057 1522 3643 1600">
     <span class='ocr_line' id='line_1_29' title="bbox 2057 1522 3643 1600; baseline 0.008 -26"><span class='ocrx_word' id='word_1_197' title='bbox 2057 1522 2256 1587; x_wconf 90' lang='lat' dir='ltr'><strong>mines,</strong></span> <span class='ocrx_word' id='word_1_198' title='bbox 2290 1523 2435 1593; x_wconf 91' lang='lat' dir='ltr'><strong>quod</strong></span> <span class='ocrx_word' id='word_1_199' title='bbox 2465 1523 2609 1582; x_wconf 87' lang='lat' dir='ltr'><strong>Deus</strong></span> <span class='ocrx_word' id='word_1_200' title='bbox 2647 1527 2848 1583; x_wconf 91' lang='lat' dir='ltr'><strong>revelet</strong></span> <span class='ocrx_word' id='word_1_201' title='bbox 2875 1529 3036 1584; x_wconf 91' lang='lat' dir='ltr'><strong>alicui</strong></span> <span class='ocrx_word' id='word_1_202' title='bbox 3069 1545 3136 1584; x_wconf 82' lang='lat' dir='ltr'><strong>ex</strong></span> <span class='ocrx_word' id='word_1_203' title='bbox 3170 1546 3362 1585; x_wconf 91' lang='lat' dir='ltr'><strong>eorum</strong></span> <span class='ocrx_word' id='word_1_204' title='bbox 3390 1548 3643 1600; x_wconf 90' lang='lat' dir='ltr'><strong>numero,</strong></span> 
     </span>
    </p>
   </div>
   <div class='ocr_carea' id='block_1_30' title="bbox 2057 1621 3646 1691">
    <p class='ocr_par' dir='ltr' id='par_1_30' title="bbox 2057 1621 3646 1691">
     <span class='ocr_line' id='line_1_30' title="bbox 2057 1621 3646 1691; baseline 0.008 -23"><span class='ocrx_word' id='word_1_205' title='bbox 2057 1623 2120 1669; x_wconf 93' lang='lat' dir='ltr'><strong>ut</strong></span> <span class='ocrx_word' id='word_1_206' title='bbox 2158 1626 2393 1671; x_wconf 87' lang='lat' dir='ltr'><strong>testetur</strong></span> <span class='ocrx_word' id='word_1_207' title='bbox 2452 1628 2618 1688; x_wconf 89' lang='lat' dir='ltr'><strong>atque</strong></span> <span class='ocrx_word' id='word_1_208' title='bbox 2664 1621 3003 1691; x_wconf 86' lang='lat' dir='ltr'><strong>evangelizet</strong></span> <span class='ocrx_word' id='word_1_209' title='bbox 3053 1624 3404 1680; x_wconf 86' lang='lat' dir='ltr'><strong>credentibus</strong></span> <span class='ocrx_word' id='word_1_210' title='bbox 3453 1640 3646 1680; x_wconf 89' lang='lat' dir='ltr'><strong>verum</strong></span> 
     </span>
    </p>
   </div>
   <div class='ocr_carea' id='block_1_31' title="bbox 2057 1706 3650 1781">
    <p class='ocr_par' dir='ltr' id='par_1_31' title="bbox 2057 1706 3650 1781">
     <span class='ocr_line' id='line_1_31' title="bbox 2057 1706 3650 1781; baseline 0.005 -21"><span class='ocrx_word' id='word_1_211' title='bbox 2057 1706 2173 1760; x_wconf 89' lang='lat' dir='ltr'><strong>ﬁeri</strong></span> <span class='ocrx_word' id='word_1_212' title='bbox 2197 1707 2614 1764; x_wconf 88' lang='lat' dir='ltr'><strong>incrementum.</strong></span> <span class='ocrx_word' id='word_1_213' title='bbox 2649 1710 2909 1781; x_wconf 88' lang='lat' dir='ltr'><strong>Superest</strong></span> <span class='ocrx_word' id='word_1_214' title='bbox 2935 1720 2996 1768; x_wconf 94' lang='lat' dir='ltr'><strong>ut</strong></span> <span class='ocrx_word' id='word_1_215' title='bbox 3013 1713 3298 1771; x_wconf 87' lang='lat' dir='ltr'><strong>videamus</strong></span> <span class='ocrx_word' id='word_1_216' title='bbox 3328 1727 3508 1771; x_wconf 90' lang='lat' dir='ltr'><strong>utrum</strong></span> <span class='ocrx_word' id='word_1_217' title='bbox 3539 1717 3650 1776; x_wconf 30' lang='lat' dir='ltr'><strong>sub.</strong></span> 
     </span>
    </p>
   </div>
   <div class='ocr_carea' id='block_1_32' title="bbox 2058 1795 3646 1875">
    <p class='ocr_par' dir='ltr' id='par_1_32' title="bbox 2058 1795 3646 1875">
     <span class='ocr_line' id='line_1_32' title="bbox 2058 1795 3646 1875; baseline 0.009 -26"><span class='ocrx_word' id='word_1_218' title='bbox 2058 1795 2380 1854; x_wconf 82' lang='lat' dir='ltr'><strong>Mohamede</strong></span> <span class='ocrx_word' id='word_1_219' title='bbox 2436 1799 2490 1855; x_wconf 89' lang='lat' dir='ltr'><strong>id</strong></span> <span class='ocrx_word' id='word_1_220' title='bbox 2543 1801 2840 1872; x_wconf 83' lang='lat' dir='ltr'><strong>contigisse</strong></span> <span class='ocrx_word' id='word_1_221' title='bbox 2892 1806 3284 1875; x_wconf 89' lang='lat' dir='ltr'><strong>comperiatur.</strong></span> <span class='ocrx_word' id='word_1_222' title='bbox 3351 1806 3564 1863; x_wconf 82' lang='lat' dir='ltr'><strong>Etenim</strong></span> <span class='ocrx_word' id='word_1_223' title='bbox 3600 1810 3646 1864; x_wconf 94' lang='lat' dir='ltr'><strong>is</strong></span> 
     </span>
    </p>
   </div>
   <div class='ocr_carea' id='block_1_33' title="bbox 372 1863 1951 1971">
    <p class='ocr_par' dir='ltr' id='par_1_33' title="bbox 372 1863 1945 1965">
     <span class='ocr_line' id='line_1_33' title="bbox 372 1863 1945 1965; baseline 0.008 -27"><span class='ocrx_word' id='word_1_224' title='bbox 372 1863 983 1959; x_wconf 35' lang='lat' dir='ltr'><strong>&#39;AGpaiuniarw,‘x‘ai</strong></span> <span class='ocrx_word' id='word_1_225' title='bbox 1013 1890 1103 1944; x_wconf 71' lang='grc' dir='ltr'>τὸν</span> <span class='ocrx_word' id='word_1_226' title='bbox 1131 1863 1315 1961; x_wconf 78' lang='grc' dir='ltr'>νόμον,</span> <span class='ocrx_word' id='word_1_227' title='bbox 1349 1863 1453 1947; x_wconf 47' lang='grc' dir='ltr'>’καὶ</span> <span class='ocrx_word' id='word_1_228' title='bbox 1483 1863 1556 1947; x_wconf 46' lang='grc' dir='ltr'><strong>’τὸ</strong></span> <span class='ocrx_word' id='word_1_229' title='bbox 1587 1863 1945 1965; x_wconf 63' lang='grc' dir='ltr'>Εύαγγὲλιούο</span> 
     </span>
    </p>
   </div>
   <div class='ocr_carea' id='block_1_34' title="bbox 2053 1863 3647 1971">
    <p class='ocr_par' dir='ltr' id='par_1_34' title="bbox 2056 1863 3647 1971">
     <span class='ocr_line' id='line_1_34' title="bbox 2056 1863 3647 1971; baseline 0.01 -29"><span class='ocrx_word' id='word_1_230' title='bbox 2056 1892 2305 1946; x_wconf 89' lang='lat' dir='ltr'><strong>venerari</strong></span> <span class='ocrx_word' id='word_1_231' title='bbox 2353 1891 2572 1948; x_wconf 85' lang='lat' dir='ltr'><strong>videtur</strong></span> <span class='ocrx_word' id='word_1_232' title='bbox 2627 1863 2928 1950; x_wconf 58' lang='lat' dir='ltr'><strong>Abrahami</strong></span> <span class='ocrx_word' id='word_1_233' title='bbox 2989 1863 3170 1965; x_wconf 71' lang='lat' dir='ltr'><strong>Iidem,</strong></span> <span class='ocrx_word' id='word_1_234' title='bbox 3221 1909 3276 1954; x_wconf 90' lang='lat' dir='ltr'><strong>et</strong></span> <span class='ocrx_word' id='word_1_235' title='bbox 3333 1900 3531 1971; x_wconf 80' lang='lat' dir='ltr'><strong>legem,</strong></span> <span class='ocrx_word' id='word_1_236' title='bbox 3587 1911 3647 1958; x_wconf 85' lang='lat' dir='ltr'><strong>et</strong></span> 
     </span>
    </p>
   </div>
   <div class='ocr_carea' id='block_1_35' title="bbox 354 1978 1952 2058">
    <p class='ocr_par' dir='ltr' id='par_1_35' title="bbox 354 1978 1952 2058">
     <span class='ocr_line' id='line_1_35' title="bbox 354 1978 1952 2058; baseline 0.007 -28"><span class='ocrx_word' id='word_1_237' title='bbox 354 1981 461 2031; x_wconf 77' lang='grc' dir='ltr'><strong>καὶ</strong></span> <span class='ocrx_word' id='word_1_238' title='bbox 486 1978 576 2031; x_wconf 80' lang='grc' dir='ltr'><strong>τὸν</strong></span> <span class='ocrx_word' id='word_1_239' title='bbox 606 1981 702 2050; x_wconf 88' lang='grc' dir='ltr'><strong>μὲν</strong></span> <span class='ocrx_word' id='word_1_240' title='bbox 745 1981 995 2052; x_wconf 74' lang='grc' dir='ltr'>Ἀϐραὰμ</span> <span class='ocrx_word' id='word_1_241' title='bbox 1021 1982 1115 2036; x_wconf 56' lang='grc' dir='ltr'><strong>καὶ¹</strong></span> <span class='ocrx_word' id='word_1_242' title='bbox 1145 1984 1236 2038; x_wconf 79' lang='grc' dir='ltr'><strong>τὸν</strong></span> <span class='ocrx_word' id='word_1_243' title='bbox 1265 1985 1449 2055; x_wconf 85' lang='grc' dir='ltr'>νόμον,</span> <span class='ocrx_word' id='word_1_244' title='bbox 1481 1986 1643 2050; x_wconf 81' lang='grc' dir='ltr'>αὐτὸς</span> <span class='ocrx_word' id='word_1_245' title='bbox 1676 1989 1776 2041; x_wconf 83' lang='grc' dir='ltr'><strong>οὐκ</strong></span> <span class='ocrx_word' id='word_1_246' title='bbox 1806 1987 1952 2058; x_wconf 78' lang='grc' dir='ltr'>ὀφεί-</span> 
     </span>
    </p>
   </div>
   <div class='ocr_carea' id='block_1_36' title="bbox 351 2069 1948 2150">
    <p class='ocr_par' dir='ltr' id='par_1_36' title="bbox 351 2069 1948 2150">
     <span class='ocr_line' id='line_1_36' title="bbox 351 2069 1948 2150; baseline 0.009 -29"><span class='ocrx_word' id='word_1_247' title='bbox 351 2069 446 2122; x_wconf 83' lang='grc' dir='ltr'><strong>λει</strong></span> <span class='ocrx_word' id='word_1_248' title='bbox 479 2071 848 2142; x_wconf 80' lang='grc' dir='ltr'>παραυξῆσαι,</span> <span class='ocrx_word' id='word_1_249' title='bbox 887 2074 948 2126; x_wconf 84' lang='grc' dir='ltr'><strong>τὸ</strong></span> <span class='ocrx_word' id='word_1_250' title='bbox 998 2074 1182 2144; x_wconf 84' lang='grc' dir='ltr'>μέντοι</span> <span class='ocrx_word' id='word_1_251' title='bbox 1215 2076 1547 2146; x_wconf 76' lang='grc' dir='ltr'>Εὑαγγέλιον</span> <span class='ocrx_word' id='word_1_252' title='bbox 1592 2078 1651 2144; x_wconf 79' lang='grc' dir='ltr'>ἐξ</span> <span class='ocrx_word' id='word_1_253' title='bbox 1682 2080 1948 2150; x_wconf 82' lang='grc' dir='ltr'>ἀνάγκης.</span> 
     </span>
    </p>
   </div>
   <div class='ocr_carea' id='block_1_37' title="bbox 364 2161 1948 2241">
    <p class='ocr_par' dir='ltr' id='par_1_37' title="bbox 364 2161 1948 2241">
     <span class='ocr_line' id='line_1_37' title="bbox 364 2161 1948 2241; baseline 0.006 -27"><span class='ocrx_word' id='word_1_254' title='bbox 364 2162 833 2234; x_wconf 71' lang='grc' dir='ltr'>Ἐπισκεψώμεθα</span> <span class='ocrx_word' id='word_1_255' title='bbox 864 2161 956 2218; x_wconf 77' lang='grc' dir='ltr'><strong>οὖν</strong></span> <span class='ocrx_word' id='word_1_256' title='bbox 998 2166 1121 2220; x_wconf 83' lang='grc' dir='ltr'>τίνα</span> <span class='ocrx_word' id='word_1_257' title='bbox 1145 2168 1252 2221; x_wconf 84' lang='grc' dir='ltr'><strong>τῶν</strong></span> <span class='ocrx_word' id='word_1_258' title='bbox 1308 2169 1538 2224; x_wconf 77' lang='grc' dir='ltr'>ἐντολῶν</span> <span class='ocrx_word' id='word_1_259' title='bbox 1567 2170 1661 2223; x_wconf 90' lang='grc' dir='ltr'><strong>τοῦ</strong></span> <span class='ocrx_word' id='word_1_260' title='bbox 1708 2171 1948 2241; x_wconf 78' lang='grc' dir='ltr'>Χριστοῦ</span> 
     </span>
    </p>
   </div>
   <div class='ocr_carea' id='block_1_38' title="bbox 349 2253 1951 2336">
    <p class='ocr_par' dir='ltr' id='par_1_38' title="bbox 349 2253 1951 2336">
     <span class='ocr_line' id='line_1_38' title="bbox 349 2253 1951 2336; baseline 0.008 -30"><span class='ocrx_word' id='word_1_261' title='bbox 349 2255 671 2325; x_wconf 80' lang='grc' dir='ltr'>ἐπηύξησεν</span> <span class='ocrx_word' id='word_1_262' title='bbox 692 2274 705 2288; x_wconf 78' lang='grc' dir='ltr'><strong>ο</strong></span> <span class='ocrx_word' id='word_1_263' title='bbox 744 2253 854 2326; x_wconf 80' lang='grc' dir='ltr'>ἆρά</span> <span class='ocrx_word' id='word_1_264' title='bbox 885 2275 948 2326; x_wconf 90' lang='grc' dir='ltr'><strong>γε</strong></span> <span class='ocrx_word' id='word_1_265' title='bbox 982 2259 1052 2313; x_wconf 81' lang='grc' dir='ltr'>τὰ</span> <span class='ocrx_word' id='word_1_266' title='bbox 1077 2261 1206 2330; x_wconf 75' lang='grc' dir='ltr'>περὶ</span> <span class='ocrx_word' id='word_1_267' title='bbox 1251 2261 1350 2332; x_wconf 83' lang='grc' dir='ltr'>τῆς</span> <span class='ocrx_word' id='word_1_268' title='bbox 1378 2263 1803 2336; x_wconf 88' lang='grc' dir='ltr'>ἀκτημοσύνης;</span> <span class='ocrx_word' id='word_1_269' title='bbox 1841 2260 1951 2336; x_wconf 83' lang='grc' dir='ltr'>ἆρά</span> 
     </span>
    </p>
   </div>
   <div class='ocr_carea' id='block_1_39' title="bbox 348 2349 1945 2428">
    <p class='ocr_par' dir='ltr' id='par_1_39' title="bbox 348 2349 1945 2428">
     <span class='ocr_line' id='line_1_39' title="bbox 348 2349 1945 2428; baseline 0.006 -28"><span class='ocrx_word' id='word_1_270' title='bbox 348 2365 426 2415; x_wconf 80' lang='grc' dir='ltr'><strong>γε</strong></span> <span class='ocrx_word' id='word_1_271' title='bbox 458 2349 525 2402; x_wconf 78' lang='grc' dir='ltr'>τὰ</span> <span class='ocrx_word' id='word_1_272' title='bbox 559 2351 688 2420; x_wconf 71' lang='grc' dir='ltr'>περὶ</span> <span class='ocrx_word' id='word_1_273' title='bbox 717 2351 1108 2424; x_wconf 81' lang='grc' dir='ltr'>σωφροσύνης;</span> <span class='ocrx_word' id='word_1_274' title='bbox 1138 2350 1248 2424; x_wconf 85' lang='grc' dir='ltr'>ἆρά</span> <span class='ocrx_word' id='word_1_275' title='bbox 1271 2370 1335 2423; x_wconf 92' lang='grc' dir='ltr'><strong>γε</strong></span> <span class='ocrx_word' id='word_1_276' title='bbox 1362 2354 1430 2408; x_wconf 87' lang='grc' dir='ltr'>τὰ</span> <span class='ocrx_word' id='word_1_277' title='bbox 1453 2355 1581 2427; x_wconf 70' lang='grc' dir='ltr'>περὶ</span> <span class='ocrx_word' id='word_1_278' title='bbox 1615 2357 1945 2428; x_wconf 85' lang='grc' dir='ltr'>ἀοργησίας;</span> 
     </span>
    </p>
   </div>
   <div class='ocr_carea' id='block_1_40' title="bbox 347 2440 1951 2520">
    <p class='ocr_par' dir='ltr' id='par_1_40' title="bbox 347 2440 1951 2520">
     <span class='ocr_line' id='line_1_40' title="bbox 347 2440 1951 2520; baseline 0.007 -28"><span class='ocrx_word' id='word_1_279' title='bbox 347 2440 478 2493; x_wconf 79' lang='grc' dir='ltr'>ἀλλ’</span> <span class='ocrx_word' id='word_1_280' title='bbox 499 2443 648 2497; x_wconf 75' lang='grc' dir='ltr'>οὐδὲν</span> <span class='ocrx_word' id='word_1_281' title='bbox 677 2443 880 2500; x_wconf 86' lang='grc' dir='ltr'>τούτων</span> <span class='ocrx_word' id='word_1_282' title='bbox 911 2447 1043 2517; x_wconf 88' lang='grc' dir='ltr'>παρ’</span> <span class='ocrx_word' id='word_1_283' title='bbox 1073 2446 1236 2501; x_wconf 78' lang='grc' dir='ltr'>αὐτοῦ</span> <span class='ocrx_word' id='word_1_284' title='bbox 1261 2447 1562 2519; x_wconf 82' lang='grc' dir='ltr'>καθορᾶται</span> <span class='ocrx_word' id='word_1_285' title='bbox 1585 2461 1600 2477; x_wconf 79' lang='grc'><strong><em>⁸</em></strong></span> <span class='ocrx_word' id='word_1_286' title='bbox 1628 2450 1827 2520; x_wconf 82' lang='grc' dir='ltr'>μᾶλλον</span> <span class='ocrx_word' id='word_1_287' title='bbox 1850 2451 1951 2520; x_wconf 83' lang='grc' dir='ltr'><strong>μὲν</strong></span> 
     </span>
    </p>
   </div>
   <div class='ocr_carea' id='block_1_41' title="bbox 347 2531 1951 2613">
    <p class='ocr_par' dir='ltr' id='par_1_41' title="bbox 347 2531 1951 2613">
     <span class='ocr_line' id='line_1_41' title="bbox 347 2531 1951 2613; baseline 0.006 -26"><span class='ocrx_word' id='word_1_288' title='bbox 347 2531 454 2588; x_wconf 76' lang='grc' dir='ltr'><strong>οὖν</strong></span> <span class='ocrx_word' id='word_1_289' title='bbox 510 2536 601 2590; x_wconf 80' lang='grc' dir='ltr'><strong>καὶ</strong></span> <span class='ocrx_word' id='word_1_290' title='bbox 654 2536 954 2592; x_wconf 87' lang='grc' dir='ltr'>ἀπεναντία</span> <span class='ocrx_word' id='word_1_291' title='bbox 1003 2539 1214 2603; x_wconf 77' lang='grc' dir='ltr'>τούτοις</span> <span class='ocrx_word' id='word_1_292' title='bbox 1271 2543 1436 2593; x_wconf 78' lang='grc' dir='ltr'>πᾶσιν</span> <span class='ocrx_word' id='word_1_293' title='bbox 1493 2541 1700 2613; x_wconf 76' lang='grc' dir='ltr'>ἔγραψέ</span> <span class='ocrx_word' id='word_1_294' title='bbox 1750 2560 1808 2596; x_wconf 89' lang='grc' dir='ltr'><strong>τε</strong></span> <span class='ocrx_word' id='word_1_295' title='bbox 1854 2544 1951 2596; x_wconf 80' lang='grc' dir='ltr'>καὶ</span> 
     </span>
    </p>
   </div>
   <div class='ocr_carea' id='block_1_42' title="bbox 349 2627 1948 2706">
    <p class='ocr_par' dir='ltr' id='par_1_42' title="bbox 349 2627 1948 2706">
     <span class='ocr_line' id='line_1_42' title="bbox 349 2627 1948 2706; baseline 0.006 -27"><span class='ocrx_word' id='word_1_296' title='bbox 349 2627 554 2698; x_wconf 77' lang='grc' dir='ltr'>ἔδρασε</span> <span class='ocrx_word' id='word_1_297' title='bbox 573 2644 589 2660; x_wconf 74' lang='grc' dir='ltr'><strong>ο</strong></span> <span class='ocrx_word' id='word_1_298' title='bbox 617 2627 861 2682; x_wconf 86' lang='grc' dir='ltr'>λείπεται</span> <span class='ocrx_word' id='word_1_299' title='bbox 891 2630 998 2700; x_wconf 81' lang='grc' dir='ltr'>ἄρα</span> <span class='ocrx_word' id='word_1_300' title='bbox 1029 2633 1230 2684; x_wconf 77' lang='grc' dir='ltr'>ἐννοεῖν</span> <span class='ocrx_word' id='word_1_301' title='bbox 1259 2631 1318 2696; x_wconf 79' lang='grc' dir='ltr'>ἐξ</span> <span class='ocrx_word' id='word_1_302' title='bbox 1346 2632 1591 2706; x_wconf 78' lang='grc' dir='ltr'>ἀνάγκης</span> <span class='ocrx_word' id='word_1_303' title='bbox 1615 2633 1690 2705; x_wconf 84' lang='grc' dir='ltr'><strong>μὴ</strong></span> <span class='ocrx_word' id='word_1_304' title='bbox 1719 2636 1784 2688; x_wconf 79' lang='grc' dir='ltr'>ὲκ</span> <span class='ocrx_word' id='word_1_305' title='bbox 1813 2634 1948 2688; x_wconf 83' lang='grc' dir='ltr'>Θεοῦ</span> 
     </span>
    </p>
   </div>
   <div class='ocr_carea' id='block_1_43' title="bbox 350 2720 1950 2797">
    <p class='ocr_par' dir='ltr' id='par_1_43' title="bbox 350 2720 1950 2797">
     <span class='ocr_line' id='line_1_43' title="bbox 350 2720 1950 2797; baseline 0.006 -26"><span class='ocrx_word' id='word_1_306' title='bbox 350 2720 524 2772; x_wconf 74' lang='grc' dir='ltr'>αὐτὸν</span> <span class='ocrx_word' id='word_1_307' title='bbox 567 2721 1060 2793; x_wconf 78' lang='grc' dir='ltr'>ἀποκαλυφθῆναι’</span> <span class='ocrx_word' id='word_1_308' title='bbox 1119 2725 1152 2792; x_wconf 82' lang='grc' dir='ltr'>ἦ</span> <span class='ocrx_word' id='word_1_309' title='bbox 1186 2723 1262 2787; x_wconf 83' lang='grc' dir='ltr'>ὡς</span> <span class='ocrx_word' id='word_1_310' title='bbox 1314 2725 1389 2796; x_wconf 86' lang='grc' dir='ltr'>μὴ</span> <span class='ocrx_word' id='word_1_311' title='bbox 1434 2725 1950 2797; x_wconf 82' lang='grc' dir='ltr'>διαμαρτυράμενον</span> 
     </span>
    </p>
   </div>
   <div class='ocr_carea' id='block_1_44' title="bbox 348 2811 1952 2886">
    <p class='ocr_par' dir='ltr' id='par_1_44' title="bbox 348 2811 1952 2886">
     <span class='ocr_line' id='line_1_44' title="bbox 348 2811 1952 2886; baseline 0.007 -24"><span class='ocrx_word' id='word_1_312' title='bbox 348 2812 476 2874; x_wconf 83' lang='grc' dir='ltr'>τοῖς</span> <span class='ocrx_word' id='word_1_313' title='bbox 527 2811 871 2883; x_wconf 83' lang='grc' dir='ltr'>ἀνθρώποις,</span> <span class='ocrx_word' id='word_1_314' title='bbox 931 2814 1067 2885; x_wconf 83' lang='grc' dir='ltr'>μηδὲ</span> <span class='ocrx_word' id='word_1_315' title='bbox 1127 2815 1632 2886; x_wconf 84' lang='grc' dir='ltr'>εύαγγελισάμενον</span> <span class='ocrx_word' id='word_1_316' title='bbox 1688 2822 1798 2880; x_wconf 87' lang='grc' dir='ltr'>τοῖς</span> <span class='ocrx_word' id='word_1_317' title='bbox 1859 2837 1952 2872; x_wconf 89' lang='grc' dir='ltr'>πι-</span> 
     </span>
    </p>
   </div>
   <div class='ocr_carea' id='block_1_45' title="bbox 353 2904 1954 2981">
    <p class='ocr_par' dir='ltr' id='par_1_45' title="bbox 353 2904 1954 2981">
     <span class='ocr_line' id='line_1_45' title="bbox 353 2904 1954 2981; baseline 0.005 -25"><span class='ocrx_word' id='word_1_318' title='bbox 353 2904 612 2958; x_wconf 84' lang='grc' dir='ltr'>στεύουσι</span> <span class='ocrx_word' id='word_1_319' title='bbox 639 2910 922 2976; x_wconf 86' lang='grc' dir='ltr'>προκοπὴν</span> <span class='ocrx_word' id='word_1_320' title='bbox 952 2906 1236 2978; x_wconf 79' lang='grc' dir='ltr'>ἀληθινὴν,</span> <span class='ocrx_word' id='word_1_321' title='bbox 1265 2908 1379 2962; x_wconf 83' lang='grc' dir='ltr'>ἀλλ’</span> <span class='ocrx_word' id='word_1_322' title='bbox 1411 2909 1779 2981; x_wconf 82' lang='grc' dir='ltr'>ἀναστροφὴν,</span> <span class='ocrx_word' id='word_1_323' title='bbox 1822 2913 1954 2981; x_wconf 83' lang='grc' dir='ltr'><strong>μᾶλ-</strong></span> 
     </span>
    </p>
   </div>
   <div class='ocr_carea' id='block_1_46' title="bbox 348 2997 1950 3072">
    <p class='ocr_par' dir='ltr' id='par_1_46' title="bbox 348 2997 1950 3072">
     <span class='ocr_line' id='line_1_46' title="bbox 348 2997 1950 3072; baseline 0.005 -23"><span class='ocrx_word' id='word_1_324' title='bbox 348 2997 450 3050; x_wconf 84' lang='grc' dir='ltr'><strong>λον</strong></span> <span class='ocrx_word' id='word_1_325' title='bbox 473 2997 532 3051; x_wconf 82' lang='grc' dir='ltr'>δὲ</span> <span class='ocrx_word' id='word_1_326' title='bbox 569 2999 956 3071; x_wconf 81' lang='grc' dir='ltr'>καταστροφὴν</span> <span class='ocrx_word' id='word_1_327' title='bbox 987 3000 1082 3053; x_wconf 79' lang='grc' dir='ltr'><strong>καὶ</strong></span> <span class='ocrx_word' id='word_1_328' title='bbox 1132 2999 1443 3054; x_wconf 71' lang='grc' dir='ltr'>ἀπώλειανυ</span> <span class='ocrx_word' id='word_1_329' title='bbox 1499 3002 1608 3056; x_wconf 81' lang='grc' dir='ltr'>ἰδοὺ</span> <span class='ocrx_word' id='word_1_330' title='bbox 1656 3004 1720 3072; x_wconf 83' lang='grc' dir='ltr'>δὴ</span> <span class='ocrx_word' id='word_1_331' title='bbox 1752 3004 1843 3056; x_wconf 79' lang='grc' dir='ltr'><strong>τὸν</strong></span> <span class='ocrx_word' id='word_1_332' title='bbox 1870 3005 1950 3057; x_wconf 75' lang='lat' dir='ltr'><strong>ol-</strong></span> 
     </span>
    </p>
   </div>
   <div class='ocr_carea' id='block_1_47' title="bbox 350 3090 1948 3163">
    <p class='ocr_par' dir='ltr' id='par_1_47' title="bbox 350 3090 1948 3163">
     <span class='ocr_line' id='line_1_47' title="bbox 350 3090 1948 3163; baseline 0.006 -21"><span class='ocrx_word' id='word_1_333' title='bbox 350 3091 507 3143; x_wconf 82' lang='grc' dir='ltr'>κεῖον</span> <span class='ocrx_word' id='word_1_334' title='bbox 541 3090 708 3144; x_wconf 79' lang='grc' dir='ltr'>αὐτοῦ</span> <span class='ocrx_word' id='word_1_335' title='bbox 759 3091 937 3161; x_wconf 86' lang='grc' dir='ltr'>λόγον,</span> <span class='ocrx_word' id='word_1_336' title='bbox 991 3091 1252 3163; x_wconf 84' lang='grc' dir='ltr'>γνώμονα</span> <span class='ocrx_word' id='word_1_337' title='bbox 1293 3095 1389 3148; x_wconf 76' lang='grc' dir='ltr'>καὶ</span> <span class='ocrx_word' id='word_1_338' title='bbox 1435 3095 1637 3148; x_wconf 81' lang='grc' dir='ltr'>κανόνα</span> <span class='ocrx_word' id='word_1_339' title='bbox 1667 3095 1948 3161; x_wconf 79' lang='grc' dir='ltr'>λαϐόντες,</span> 
     </span>
    </p>
   </div>
   <div class='ocr_carea' id='block_1_48' title="bbox 349 3182 2022 3266">
    <p class='ocr_par' dir='ltr' id='par_1_48' title="bbox 349 3182 2022 3266">
     <span class='ocr_line' id='line_1_48' title="bbox 349 3182 2022 3266; baseline 0.004 -31"><span class='ocrx_word' id='word_1_340' title='bbox 349 3182 426 3235; x_wconf 87' lang='grc' dir='ltr'>δι’</span> <span class='ocrx_word' id='word_1_341' title='bbox 485 3182 650 3236; x_wconf 81' lang='grc' dir='ltr'>αὐτοῦ</span> <span class='ocrx_word' id='word_1_342' title='bbox 702 3183 864 3237; x_wconf 79' lang='grc' dir='ltr'>αὐτὸν</span> <span class='ocrx_word' id='word_1_343' title='bbox 919 3184 1311 3255; x_wconf 80' lang='grc' dir='ltr'>ἀπηλέγξαμεν</span> <span class='ocrx_word' id='word_1_344' title='bbox 1364 3185 1440 3256; x_wconf 85' lang='grc' dir='ltr'>μὴ</span> <span class='ocrx_word' id='word_1_345' title='bbox 1496 3186 2022 3266; x_wconf 70' lang='grc' dir='ltr'>ἀποκαλυφϐἐνταο</span> 
     </span>
    </p>
   </div>
   <div class='ocr_carea' id='block_1_49' title="bbox 350 3273 1946 3350">
    <p class='ocr_par' dir='ltr' id='par_1_49' title="bbox 350 3273 1946 3350">
     <span class='ocr_line' id='line_1_49' title="bbox 350 3273 1946 3350; baseline 0.004 -25"><span class='ocrx_word' id='word_1_346' title='bbox 350 3275 512 3343; x_wconf 83' lang='grc' dir='ltr'><strong>παρά</strong></span> <span class='ocrx_word' id='word_1_347' title='bbox 545 3273 682 3328; x_wconf 88' lang='grc' dir='ltr'>Θεοῦ</span> <span class='ocrx_word' id='word_1_348' title='bbox 705 3291 718 3306; x_wconf 78' lang='grc' dir='ltr'><strong><em>ο</em></strong></span> <span class='ocrx_word' id='word_1_349' title='bbox 747 3275 866 3328; x_wconf 83' lang='grc' dir='ltr'>ἀλλ’</span> <span class='ocrx_word' id='word_1_350' title='bbox 891 3276 968 3340; x_wconf 87' lang='grc' dir='ltr'>ὼς</span> <span class='ocrx_word' id='word_1_351' title='bbox 993 3277 1154 3340; x_wconf 83' lang='grc' dir='ltr'>αὐτὸς</span> <span class='ocrx_word' id='word_1_352' title='bbox 1177 3277 1278 3346; x_wconf 81' lang='grc' dir='ltr'><strong>μὲν</strong></span> <span class='ocrx_word' id='word_1_353' title='bbox 1303 3277 1432 3349; x_wconf 79' lang='grc' dir='ltr'>ἔφη,</span> <span class='ocrx_word' id='word_1_354' title='bbox 1463 3281 1758 3350; x_wconf 72' lang='grc' dir='ltr'>φαρμακδς</span> <span class='ocrx_word' id='word_1_355' title='bbox 1786 3281 1946 3348; x_wconf 82' lang='grc' dir='ltr'>ἔστω,</span> 
     </span>
    </p>
   </div>
   <div class='ocr_carea' id='block_1_50' title="bbox 350 3363 1950 3437">
    <p class='ocr_par' dir='ltr' id='par_1_50' title="bbox 350 3363 1950 3437">
     <span class='ocr_line' id='line_1_50' title="bbox 350 3363 1950 3437; baseline 0.006 -22"><span class='ocrx_word' id='word_1_356' title='bbox 350 3365 406 3416; x_wconf 84' lang='grc' dir='ltr'>εἰ</span> <span class='ocrx_word' id='word_1_357' title='bbox 442 3363 688 3434; x_wconf 79' lang='grc' dir='ltr'>βούλοιτο</span> <span class='ocrx_word' id='word_1_358' title='bbox 714 3381 728 3395; x_wconf 86' lang='grc'><strong>·</strong></span> <span class='ocrx_word' id='word_1_359' title='bbox 763 3365 904 3437; x_wconf 82' lang='grc' dir='ltr'>πλήν</span> <span class='ocrx_word' id='word_1_360' title='bbox 935 3383 998 3434; x_wconf 89' lang='grc' dir='ltr'><strong>γε</strong></span> <span class='ocrx_word' id='word_1_361' title='bbox 1051 3367 1236 3422; x_wconf 91' lang='grc' dir='ltr'>θεόθεν</span> <span class='ocrx_word' id='word_1_362' title='bbox 1263 3367 1416 3422; x_wconf 83' lang='grc' dir='ltr'>οὐδὲν</span> <span class='ocrx_word' id='word_1_363' title='bbox 1440 3369 1604 3422; x_wconf 75' lang='grc' dir='ltr'>ἔλαϐε</span> <span class='ocrx_word' id='word_1_364' title='bbox 1630 3386 1644 3398; x_wconf 73' lang='grc' dir='ltr'><strong>ο</strong></span> <span class='ocrx_word' id='word_1_365' title='bbox 1671 3371 1864 3425; x_wconf 88' lang='grc' dir='ltr'>τούτου</span> <span class='ocrx_word' id='word_1_366' title='bbox 1892 3373 1950 3425; x_wconf 82' lang='grc' dir='ltr'>δὲ</span> 
     </span>
    </p>
   </div>
   <div class='ocr_carea' id='block_1_51' title="bbox 348 3455 1951 3532">
    <p class='ocr_par' dir='ltr' id='par_1_51' title="bbox 348 3455 1951 3532">
     <span class='ocr_line' id='line_1_51' title="bbox 348 3455 1951 3532; baseline 0.006 -23"><span class='ocrx_word' id='word_1_367' title='bbox 348 3455 630 3521; x_wconf 82' lang='grc' dir='ltr'>ἐκπεσὼν,</span> <span class='ocrx_word' id='word_1_368' title='bbox 657 3456 778 3510; x_wconf 81' lang='grc' dir='ltr'>ὅποι</span> <span class='ocrx_word' id='word_1_369' title='bbox 806 3456 870 3528; x_wconf 86' lang='grc' dir='ltr'>δὴ</span> <span class='ocrx_word' id='word_1_370' title='bbox 926 3457 1021 3511; x_wconf 65' lang='grc' dir='ltr'><strong>κα)⁸</strong></span> <span class='ocrx_word' id='word_1_371' title='bbox 1075 3457 1383 3525; x_wconf 80' lang='grc' dir='ltr'>τετάξεται,</span> <span class='ocrx_word' id='word_1_372' title='bbox 1432 3459 1536 3512; x_wconf 84' lang='grc' dir='ltr'><strong>οὐκ</strong></span> <span class='ocrx_word' id='word_1_373' title='bbox 1563 3459 1762 3532; x_wconf 82' lang='grc' dir='ltr'>ἄδηλον</span> <span class='ocrx_word' id='word_1_374' title='bbox 1786 3479 1799 3492; x_wconf 73' lang='grc'><strong><em>⁸</em></strong></span> <span class='ocrx_word' id='word_1_375' title='bbox 1856 3464 1951 3518; x_wconf 83' lang='grc' dir='ltr'><strong>καὶ</strong></span> 
     </span>
    </p>
   </div>
   <div class='ocr_carea' id='block_1_52' title="bbox 348 3546 1950 3623">
    <p class='ocr_par' dir='ltr' id='par_1_52' title="bbox 348 3546 1950 3623">
     <span class='ocr_line' id='line_1_52' title="bbox 348 3546 1950 3623; baseline 0.006 -24"><span class='ocrx_word' id='word_1_376' title='bbox 348 3546 648 3616; x_wconf 81' lang='grc' dir='ltr'>ἀληθεύσει</span> <span class='ocrx_word' id='word_1_377' title='bbox 688 3549 717 3600; x_wconf 89' lang='lat'><strong>6</strong></span> <span class='ocrx_word' id='word_1_378' title='bbox 745 3547 1008 3620; x_wconf 73' lang='grc' dir='ltr'>εἰρηκὼς,</span> <span class='ocrx_word' id='word_1_379' title='bbox 1053 3549 1394 3606; x_wconf 79' lang='grc' dir='ltr'>Πεσοῦνται</span> <span class='ocrx_word' id='word_1_380' title='bbox 1419 3551 1489 3605; x_wconf 84' lang='grc' dir='ltr'><strong>ἐν</strong></span> <span class='ocrx_word' id='word_1_381' title='bbox 1514 3552 1950 3623; x_wconf 74' lang='grc' dir='ltr'>ἀμφιϐλήστρφ</span> 
     </span>
    </p>
   </div>
   <div class='ocr_carea' id='block_1_53' title="bbox 349 3637 1951 3716">
    <p class='ocr_par' dir='ltr' id='par_1_53' title="bbox 349 3637 1951 3716">
     <span class='ocr_line' id='line_1_53' title="bbox 349 3637 1951 3716; baseline 0.004 -25"><span class='ocrx_word' id='word_1_382' title='bbox 349 3637 559 3692; x_wconf 81' lang='grc' dir='ltr'>αὐτῶν</span> <span class='ocrx_word' id='word_1_383' title='bbox 602 3640 657 3693; x_wconf 82' lang='grc' dir='ltr'><strong>οί</strong></span> <span class='ocrx_word' id='word_1_384' title='bbox 685 3640 1054 3708; x_wconf 69' lang='grc' dir='ltr'>ἁμαρτωλοίο</span> <span class='ocrx_word' id='word_1_385' title='bbox 1104 3640 1316 3696; x_wconf 89' lang='grc' dir='ltr'>τούτων</span> <span class='ocrx_word' id='word_1_386' title='bbox 1370 3642 1536 3698; x_wconf 85' lang='grc' dir='ltr'>αὐτοῦ</span> <span class='ocrx_word' id='word_1_387' title='bbox 1564 3643 1674 3699; x_wconf 82' lang='grc' dir='ltr'>τῶν</span> <span class='ocrx_word' id='word_1_388' title='bbox 1708 3645 1951 3716; x_wconf 76' lang='grc' dir='ltr'>ἀφαυρο-</span> 
     </span>
    </p>
   </div>
   <div class='ocr_carea' id='block_1_54' title="bbox 347 3729 1945 3804">
    <p class='ocr_par' dir='ltr' id='par_1_54' title="bbox 347 3729 1945 3804">
     <span class='ocr_line' id='line_1_54' title="bbox 347 3729 1945 3804; baseline 0.003 -21"><span class='ocrx_word' id='word_1_389' title='bbox 347 3731 535 3784; x_wconf 76' lang='grc' dir='ltr'>τάτων</span> <span class='ocrx_word' id='word_1_390' title='bbox 567 3729 785 3798; x_wconf 79' lang='grc' dir='ltr'>λογίων,</span> <span class='ocrx_word' id='word_1_391' title='bbox 821 3730 900 3784; x_wconf 73' lang='grc' dir='ltr'>ἔτι</span> <span class='ocrx_word' id='word_1_392' title='bbox 933 3729 1239 3804; x_wconf 81' lang='grc' dir='ltr'>σαθρότερα</span> <span class='ocrx_word' id='word_1_393' title='bbox 1274 3732 1525 3802; x_wconf 81' lang='grc' dir='ltr'>ρησείδια</span> <span class='ocrx_word' id='word_1_394' title='bbox 1557 3732 1945 3804; x_wconf 85' lang='grc' dir='ltr'>ὑποτιθέμενα,</span> 
     </span>
    </p>
   </div>
   <div class='ocr_carea' id='block_1_55' title="bbox 348 3821 1948 3896">
    <p class='ocr_par' dir='ltr' id='par_1_55' title="bbox 348 3821 1948 3896">
     <span class='ocr_line' id='line_1_55' title="bbox 348 3821 1948 3896; baseline 0.002 -20"><span class='ocrx_word' id='word_1_395' title='bbox 348 3822 443 3876; x_wconf 73' lang='grc' dir='ltr'>διὰ</span> <span class='ocrx_word' id='word_1_396' title='bbox 472 3821 573 3893; x_wconf 80' lang='grc' dir='ltr'>τὴν</span> <span class='ocrx_word' id='word_1_397' title='bbox 602 3822 840 3892; x_wconf 81' lang='grc' dir='ltr'>παντελῆ</span> <span class='ocrx_word' id='word_1_398' title='bbox 895 3821 1171 3892; x_wconf 86' lang='grc' dir='ltr'>χαύνωσιν</span> <span class='ocrx_word' id='word_1_399' title='bbox 1223 3825 1319 3876; x_wconf 77' lang='grc' dir='ltr'>καὶ</span> <span class='ocrx_word' id='word_1_400' title='bbox 1363 3823 1674 3896; x_wconf 87' lang='grc' dir='ltr'>ἀδράνειαν,</span> <span class='ocrx_word' id='word_1_401' title='bbox 1726 3823 1948 3894; x_wconf 73' lang='grc' dir='ltr'>εὔλογον</span> 
     </span>
    </p>
   </div>
   <div class='ocr_carea' id='block_1_56' title="bbox 349 3902 1949 3988">
    <p class='ocr_par' dir='ltr' id='par_1_56' title="bbox 349 3902 1949 3988">
     <span class='ocr_line' id='line_1_56' title="bbox 349 3902 1949 3988; baseline 0.002 -21"><span class='ocrx_word' id='word_1_402' title='bbox 349 3902 607 3987; x_wconf 81' lang='grc' dir='ltr'>παρὶδεῖν</span> <span class='ocrx_word' id='word_1_403' title='bbox 635 3916 935 3986; x_wconf 80' lang='grc' dir='ltr'>ἐκρίναμεν</span> <span class='ocrx_word' id='word_1_404' title='bbox 961 3931 974 3944; x_wconf 88' lang='grc'><strong>·</strong></span> <span class='ocrx_word' id='word_1_405' title='bbox 1003 3916 1221 3984; x_wconf 88' lang='grc' dir='ltr'>φύσεως</span> <span class='ocrx_word' id='word_1_406' title='bbox 1261 3916 1360 3986; x_wconf 82' lang='grc' dir='ltr'>μὲν</span> <span class='ocrx_word' id='word_1_407' title='bbox 1393 3917 1501 3987; x_wconf 78' lang='grc' dir='ltr'><strong>γὰρ</strong></span> <span class='ocrx_word' id='word_1_408' title='bbox 1539 3916 1614 3988; x_wconf 83' lang='grc' dir='ltr'><strong>τῷ</strong></span> <span class='ocrx_word' id='word_1_409' title='bbox 1652 3917 1766 3970; x_wconf 83' lang='grc' dir='ltr'>δντι</span> <span class='ocrx_word' id='word_1_410' title='bbox 1788 3933 1949 3988; x_wconf 80' lang='grc' dir='ltr'>πονη-</span> 
     </span>
    </p>
   </div>
   <div class='ocr_carea' id='block_1_57' title="bbox 353 4008 1946 4080">
    <p class='ocr_par' dir='ltr' id='par_1_57' title="bbox 353 4008 1946 4080">
     <span class='ocr_line' id='line_1_57' title="bbox 353 4008 1946 4080; baseline 0.001 -19"><span class='ocrx_word' id='word_1_411' title='bbox 353 4010 458 4079; x_wconf 77' lang='grc' dir='ltr'>ρᾶς</span> <span class='ocrx_word' id='word_1_412' title='bbox 487 4008 583 4061; x_wconf 78' lang='grc' dir='ltr'><strong>καὶ</strong></span> <span class='ocrx_word' id='word_1_413' title='bbox 624 4008 951 4074; x_wconf 81' lang='grc' dir='ltr'>πολυλάλου,</span> <span class='ocrx_word' id='word_1_414' title='bbox 987 4009 1190 4080; x_wconf 80' lang='grc' dir='ltr'>μᾶλλον</span> <span class='ocrx_word' id='word_1_415' title='bbox 1234 4009 1292 4062; x_wconf 82' lang='grc' dir='ltr'>δὲ</span> <span class='ocrx_word' id='word_1_416' title='bbox 1327 4009 1570 4080; x_wconf 84' lang='grc' dir='ltr'>φλυάρου</span> <span class='ocrx_word' id='word_1_417' title='bbox 1630 4010 1727 4063; x_wconf 79' lang='grc' dir='ltr'><strong>καὶ</strong></span> <span class='ocrx_word' id='word_1_418' title='bbox 1777 4027 1946 4079; x_wconf 83' lang='grc' dir='ltr'>γραο-</span> 
     </span>
    </p>
   </div>
   <div class='ocr_carea' id='block_1_58' title="bbox 349 4097 1946 4171">
    <p class='ocr_par' dir='ltr' id='par_1_58' title="bbox 349 4097 1946 4171">
     <span class='ocr_line' id='line_1_58' title="bbox 349 4097 1946 4171; baseline 0.004 -22"><span class='ocrx_word' id='word_1_419' title='bbox 349 4097 604 4168; x_wconf 85' lang='grc' dir='ltr'>πρεποῦς</span> <span class='ocrx_word' id='word_1_420' title='bbox 659 4098 958 4170; x_wconf 79' lang='grc' dir='ltr'>ἐτύγχανεν</span> <span class='ocrx_word' id='word_1_421' title='bbox 983 4115 996 4129; x_wconf 80' lang='lat'>&#39;</span> <span class='ocrx_word' id='word_1_422' title='bbox 1045 4099 1126 4152; x_wconf 74' lang='grc' dir='ltr'>ἐτι</span> <span class='ocrx_word' id='word_1_423' title='bbox 1164 4099 1223 4153; x_wconf 85' lang='grc' dir='ltr'>δὲ</span> <span class='ocrx_word' id='word_1_424' title='bbox 1255 4101 1349 4154; x_wconf 73' lang='grc' dir='ltr'><strong>καὶ</strong></span> <span class='ocrx_word' id='word_1_425' title='bbox 1377 4099 1562 4170; x_wconf 86' lang='grc' dir='ltr'>δειλῆς</span> <span class='ocrx_word' id='word_1_426' title='bbox 1603 4101 1698 4154; x_wconf 78' lang='grc' dir='ltr'><strong>καὶ</strong></span> <span class='ocrx_word' id='word_1_427' title='bbox 1726 4101 1946 4171; x_wconf 86' lang='grc' dir='ltr'>ὀργίλου</span> 
     </span>
    </p>
   </div>
   <div class='ocr_carea' id='block_1_59' title="bbox 348 4189 1946 4264">
    <p class='ocr_par' dir='ltr' id='par_1_59' title="bbox 348 4189 1946 4264">
     <span class='ocr_line' id='line_1_59' title="bbox 348 4189 1946 4264; baseline 0.003 -20"><span class='ocrx_word' id='word_1_428' title='bbox 348 4193 452 4245; x_wconf 77' lang='grc' dir='ltr'><strong>καὶ</strong></span> <span class='ocrx_word' id='word_1_429' title='bbox 481 4189 718 4245; x_wconf 84' lang='grc' dir='ltr'>ὑπούλου</span> <span class='ocrx_word' id='word_1_430' title='bbox 747 4193 842 4246; x_wconf 59' lang='grc' dir='ltr'><strong>καὶ⁵</strong></span> <span class='ocrx_word' id='word_1_431' title='bbox 897 4192 1348 4264; x_wconf 85' lang='grc' dir='ltr'>μεγαλορήμονος</span> <span class='ocrx_word' id='word_1_432' title='bbox 1373 4209 1387 4225; x_wconf 87' lang='grc'><strong>·</strong></span> <span class='ocrx_word' id='word_1_433' title='bbox 1435 4192 1532 4247; x_wconf 67' lang='grc' dir='ltr'><strong>καὶ⁵</strong></span> <span class='ocrx_word' id='word_1_434' title='bbox 1563 4193 1664 4247; x_wconf 84' lang='grc' dir='ltr'><strong>οὐκ</strong></span> <span class='ocrx_word' id='word_1_435' title='bbox 1712 4190 1808 4248; x_wconf 79' lang='grc' dir='ltr'>οἷδ’</span> <span class='ocrx_word' id='word_1_436' title='bbox 1836 4195 1864 4248; x_wconf 84' lang='grc' dir='ltr'><strong>ὃ</strong></span> <span class='ocrx_word' id='word_1_437' title='bbox 1893 4212 1946 4248; x_wconf 90' lang='grc' dir='ltr'><strong>τι</strong></span> 
     </span>
    </p>
   </div>
   <div class='ocr_carea' id='block_1_60' title="bbox 349 4283 1938 4358">
    <p class='ocr_par' dir='ltr' id='par_1_60' title="bbox 349 4283 1938 4358">
     <span class='ocr_line' id='line_1_60' title="bbox 349 4283 1938 4358; baseline 0.002 -22"><span class='ocrx_word' id='word_1_438' title='bbox 349 4283 530 4337; x_wconf 79' lang='grc' dir='ltr'>κακὸν</span> <span class='ocrx_word' id='word_1_439' title='bbox 580 4283 798 4338; x_wconf 80' lang='grc' dir='ltr'>ἐνέλιπε</span> <span class='ocrx_word' id='word_1_440' title='bbox 847 4284 928 4354; x_wconf 88' lang='grc' dir='ltr'>τῷ</span> <span class='ocrx_word' id='word_1_441' title='bbox 978 4284 1212 4358; x_wconf 76' lang='grc' dir='ltr'>διαϐόλῳ</span> <span class='ocrx_word' id='word_1_442' title='bbox 1251 4285 1390 4355; x_wconf 82' lang='grc' dir='ltr'>ὅπερ</span> <span class='ocrx_word' id='word_1_443' title='bbox 1425 4284 1574 4356; x_wconf 86' lang='grc' dir='ltr'>αύτῷ</span> <span class='ocrx_word' id='word_1_444' title='bbox 1603 4285 1664 4338; x_wconf 83' lang='grc' dir='ltr'><strong>οὐ</strong></span> <span class='ocrx_word' id='word_1_445' title='bbox 1697 4287 1938 4357; x_wconf 74' lang='grc' dir='ltr'>προσῆνο</span> 
     </span>
    </p>
   </div>
   <div class='ocr_carea' id='block_1_61' title="bbox 348 4373 1946 4445">
    <p class='ocr_par' dir='ltr' id='par_1_61' title="bbox 348 4373 1946 4445">
     <span class='ocr_line' id='line_1_61' title="bbox 348 4373 1946 4445; baseline 0.003 -20"><span class='ocrx_word' id='word_1_446' title='bbox 348 4373 522 4444; x_wconf 78' lang='grc' dir='ltr'>ὀρθῆς</span> <span class='ocrx_word' id='word_1_447' title='bbox 549 4373 607 4428; x_wconf 85' lang='grc' dir='ltr'>δὲ</span> <span class='ocrx_word' id='word_1_448' title='bbox 634 4375 868 4445; x_wconf 87' lang='grc' dir='ltr'>κρίσεως</span> <span class='ocrx_word' id='word_1_449' title='bbox 906 4375 1003 4429; x_wconf 77' lang='grc' dir='ltr'>καὶ</span> <span class='ocrx_word' id='word_1_450' title='bbox 1035 4374 1273 4439; x_wconf 86' lang='grc' dir='ltr'>διανοίας</span> <span class='ocrx_word' id='word_1_451' title='bbox 1302 4375 1563 4445; x_wconf 88' lang='grc' dir='ltr'>εὑστόχου</span> <span class='ocrx_word' id='word_1_452' title='bbox 1597 4376 1946 4430; x_wconf 78' lang='grc' dir='ltr'>παντάπασιν</span> 
     </span>
    </p>
   </div>
   <div class='ocr_carea' id='block_1_62' title="bbox 349 4465 1944 4538">
    <p class='ocr_par' dir='ltr' id='par_1_62' title="bbox 349 4465 1944 4538">
     <span class='ocr_line' id='line_1_62' title="bbox 349 4465 1944 4538; baseline -0.001 -17"><span class='ocrx_word' id='word_1_453' title='bbox 349 4469 584 4538; x_wconf 81' lang='grc' dir='ltr'>ἄμοιρος</span> <span class='ocrx_word' id='word_1_454' title='bbox 607 4465 773 4521; x_wconf 83' lang='grc' dir='ltr'>αὐτοῦ</span> <span class='ocrx_word' id='word_1_455' title='bbox 803 4469 834 4520; x_wconf 89' lang='lat'><strong>6</strong></span> <span class='ocrx_word' id='word_1_456' title='bbox 861 4468 970 4530; x_wconf 79' lang='grc' dir='ltr'>πᾶς</span> <span class='ocrx_word' id='word_1_457' title='bbox 991 4466 1148 4535; x_wconf 83' lang='grc' dir='ltr'>λόγος</span> <span class='ocrx_word' id='word_1_458' title='bbox 1171 4466 1433 4536; x_wconf 83' lang='grc' dir='ltr'>τυγχάνει</span> <span class='ocrx_word' id='word_1_459' title='bbox 1457 4483 1473 4498; x_wconf 74' lang='grc' dir='ltr'><strong>ο</strong></span> <span class='ocrx_word' id='word_1_460' title='bbox 1500 4467 1580 4520; x_wconf 75' lang='grc' dir='ltr'><strong>διὸ</strong></span> <span class='ocrx_word' id='word_1_461' title='bbox 1612 4468 1776 4521; x_wconf 82' lang='grc' dir='ltr'>αὐτὸν</span> <span class='ocrx_word' id='word_1_462' title='bbox 1802 4485 1944 4537; x_wconf 87' lang='grc' dir='ltr'>παρ-</span> 
     </span>
    </p>
   </div>
   <div class='ocr_carea' id='block_1_63' title="bbox 2053 1979 3643 2062">
    <p class='ocr_par' dir='ltr' id='par_1_63' title="bbox 2053 1979 3643 2062">
     <span class='ocr_line' id='line_1_63' title="bbox 2053 1979 3643 2062; baseline 0.007 -28"><span class='ocrx_word' id='word_1_463' title='bbox 2053 1979 2427 2054; x_wconf 87' lang='lat' dir='ltr'><strong>Evangelium.</strong></span> <span class='ocrx_word' id='word_1_464' title='bbox 2457 1982 2525 2038; x_wconf 82' lang='lat' dir='ltr'><strong>Et</strong></span> <span class='ocrx_word' id='word_1_465' title='bbox 2566 1984 2944 2041; x_wconf 87' lang='lat' dir='ltr'><strong>Abrahamum</strong></span> <span class='ocrx_word' id='word_1_466' title='bbox 2976 1987 3200 2057; x_wconf 88' lang='lat' dir='ltr'><strong>quidem</strong></span> <span class='ocrx_word' id='word_1_467' title='bbox 3247 1997 3416 2059; x_wconf 90' lang='lat' dir='ltr'><strong>atque</strong></span> <span class='ocrx_word' id='word_1_468' title='bbox 3470 1991 3643 2062; x_wconf 80' lang='lat' dir='ltr'><strong>legem</strong></span> 
     </span>
    </p>
   </div>
   <div class='ocr_carea' id='block_1_64' title="bbox 2053 2072 3640 2150">
    <p class='ocr_par' dir='ltr' id='par_1_64' title="bbox 2053 2072 3640 2150">
     <span class='ocr_line' id='line_1_64' title="bbox 2053 2072 3640 2150; baseline 0.006 -24"><span class='ocrx_word' id='word_1_469' title='bbox 2053 2072 2102 2128; x_wconf 91' lang='lat' dir='ltr'><strong>is</strong></span> <span class='ocrx_word' id='word_1_470' title='bbox 2138 2088 2246 2128; x_wconf 93' lang='lat' dir='ltr'><strong>non</strong></span> <span class='ocrx_word' id='word_1_471' title='bbox 2269 2073 2432 2129; x_wconf 85' lang='lat' dir='ltr'><strong>debet</strong></span> <span class='ocrx_word' id='word_1_472' title='bbox 2461 2090 2660 2145; x_wconf 90' lang='lat' dir='ltr'><strong>augere</strong></span> <span class='ocrx_word' id='word_1_473' title='bbox 2688 2093 2702 2142; x_wconf 92' lang='lat'><strong>;</strong></span> <span class='ocrx_word' id='word_1_474' title='bbox 2737 2078 3060 2133; x_wconf 84' lang='lat' dir='ltr'><strong>necessarie</strong></span> <span class='ocrx_word' id='word_1_475' title='bbox 3084 2095 3213 2133; x_wconf 89' lang='lat' dir='ltr'><strong>vero</strong></span> <span class='ocrx_word' id='word_1_476' title='bbox 3265 2080 3640 2150; x_wconf 84' lang='lat' dir='ltr'><strong>Evangelium.</strong></span> 
     </span>
    </p>
   </div>
   <div class='ocr_carea' id='block_1_65' title="bbox 2054 2161 3644 2237">
    <p class='ocr_par' dir='ltr' id='par_1_65' title="bbox 2054 2161 3644 2237">
     <span class='ocr_line' id='line_1_65' title="bbox 2054 2161 3644 2237; baseline 0.007 -20"><span class='ocrx_word' id='word_1_477' title='bbox 2054 2161 2376 2233; x_wconf 90' lang='lat' dir='ltr'><strong>Spectemus</strong></span> <span class='ocrx_word' id='word_1_478' title='bbox 2433 2165 2640 2236; x_wconf 87' lang='lat' dir='ltr'><strong>itaque,</strong></span> <span class='ocrx_word' id='word_1_479' title='bbox 2695 2167 2974 2237; x_wconf 89' lang='lat' dir='ltr'><strong>quodnam</strong></span> <span class='ocrx_word' id='word_1_480' title='bbox 3009 2169 3078 2224; x_wconf 90' lang='lat' dir='ltr'><strong>de</strong></span> <span class='ocrx_word' id='word_1_481' title='bbox 3126 2169 3329 2225; x_wconf 86' lang='lat' dir='ltr'><strong>Christi</strong></span> <span class='ocrx_word' id='word_1_482' title='bbox 3370 2172 3644 2228; x_wconf 87' lang='lat' dir='ltr'><strong>mandatis</strong></span> 
     </span>
    </p>
   </div>
   <div class='ocr_carea' id='block_1_66' title="bbox 2051 2256 3646 2331">
    <p class='ocr_par' dir='ltr' id='par_1_66' title="bbox 2051 2256 3646 2331">
     <span class='ocr_line' id='line_1_66' title="bbox 2051 2256 3646 2331; baseline 0.007 -22"><span class='ocrx_word' id='word_1_483' title='bbox 2051 2256 2296 2321; x_wconf 79' lang='lat' dir='ltr'><strong>auxerit;</strong></span> <span class='ocrx_word' id='word_1_484' title='bbox 2333 2272 2462 2310; x_wconf 91' lang='lat' dir='ltr'><strong>num</strong></span> <span class='ocrx_word' id='word_1_485' title='bbox 2524 2258 2656 2313; x_wconf 87' lang='lat' dir='ltr'><strong>illud</strong></span> <span class='ocrx_word' id='word_1_486' title='bbox 2691 2259 2758 2314; x_wconf 90' lang='lat' dir='ltr'><strong>de</strong></span> <span class='ocrx_word' id='word_1_487' title='bbox 2803 2276 2912 2314; x_wconf 88' lang='lat' dir='ltr'><strong>non</strong></span> <span class='ocrx_word' id='word_1_488' title='bbox 2959 2261 3330 2331; x_wconf 82' lang='lat' dir='ltr'><strong>possidendo?</strong></span> <span class='ocrx_word' id='word_1_489' title='bbox 3388 2279 3518 2318; x_wconf 88' lang='lat' dir='ltr'><strong>num</strong></span> <span class='ocrx_word' id='word_1_490' title='bbox 3577 2265 3646 2320; x_wconf 91' lang='lat' dir='ltr'><strong>de</strong></span> 
     </span>
    </p>
   </div>
   <div class='ocr_carea' id='block_1_67' title="bbox 2051 2349 3643 2421">
    <p class='ocr_par' dir='ltr' id='par_1_67' title="bbox 2051 2349 3643 2421">
     <span class='ocr_line' id='line_1_67' title="bbox 2051 2349 3643 2421; baseline 0.004 -19"><span class='ocrx_word' id='word_1_491' title='bbox 2051 2349 2367 2418; x_wconf 89' lang='lat' dir='ltr'><strong>pudicitia?</strong></span> <span class='ocrx_word' id='word_1_492' title='bbox 2406 2365 2538 2404; x_wconf 88' lang='lat' dir='ltr'><strong>num</strong></span> <span class='ocrx_word' id='word_1_493' title='bbox 2571 2350 2640 2406; x_wconf 89' lang='lat' dir='ltr'><strong>de</strong></span> <span class='ocrx_word' id='word_1_494' title='bbox 2671 2353 3145 2408; x_wconf 88' lang='lat' dir='ltr'><strong>mansuetudine?</strong></span> <span class='ocrx_word' id='word_1_495' title='bbox 3170 2353 3336 2421; x_wconf 86' lang='lat' dir='ltr'><strong>Atqui</strong></span> <span class='ocrx_word' id='word_1_496' title='bbox 3368 2354 3505 2409; x_wconf 89' lang='lat' dir='ltr'><strong>nihil</strong></span> <span class='ocrx_word' id='word_1_497' title='bbox 3537 2355 3643 2410; x_wconf 86' lang='lat' dir='ltr'><strong>ho-</strong></span> 
     </span>
    </p>
   </div>
   <div class='ocr_carea' id='block_1_68' title="bbox 2051 2442 3643 2516">
    <p class='ocr_par' dir='ltr' id='par_1_68' title="bbox 2051 2442 3643 2516">
     <span class='ocr_line' id='line_1_68' title="bbox 2051 2442 3643 2516; baseline 0.005 -22"><span class='ocrx_word' id='word_1_498' title='bbox 2051 2457 2174 2495; x_wconf 90' lang='lat' dir='ltr'><strong>rum</strong></span> <span class='ocrx_word' id='word_1_499' title='bbox 2231 2443 2374 2511; x_wconf 89' lang='lat' dir='ltr'><strong>apud</strong></span> <span class='ocrx_word' id='word_1_500' title='bbox 2416 2442 2793 2498; x_wconf 82' lang='lat' dir='ltr'><strong>Mohamedem</strong></span> <span class='ocrx_word' id='word_1_501' title='bbox 2844 2445 3223 2516; x_wconf 89' lang='lat' dir='ltr'><strong>conspicitur;</strong></span> <span class='ocrx_word' id='word_1_502' title='bbox 3279 2447 3391 2501; x_wconf 90' lang='lat' dir='ltr'><strong>imo</strong></span> <span class='ocrx_word' id='word_1_503' title='bbox 3459 2447 3643 2502; x_wconf 81' lang='lat' dir='ltr'><strong>omnia</strong></span> 
     </span>
    </p>
   </div>
   <div class='ocr_carea' id='block_1_69' title="bbox 2055 2536 3642 2610">
    <p class='ocr_par' dir='ltr' id='par_1_69' title="bbox 2055 2536 3642 2610">
     <span class='ocr_line' id='line_1_69' title="bbox 2055 2536 3642 2610; baseline 0.003 -20"><span class='ocrx_word' id='word_1_504' title='bbox 2055 2536 2142 2590; x_wconf 91' lang='lat' dir='ltr'><strong>his</strong></span> <span class='ocrx_word' id='word_1_505' title='bbox 2173 2536 2450 2591; x_wconf 85' lang='lat' dir='ltr'><strong>contraria</strong></span> <span class='ocrx_word' id='word_1_506' title='bbox 2509 2537 2731 2606; x_wconf 88' lang='lat' dir='ltr'><strong>scripsit</strong></span> <span class='ocrx_word' id='word_1_507' title='bbox 2761 2537 3004 2608; x_wconf 89' lang='lat' dir='ltr'><strong>egitque.</strong></span> <span class='ocrx_word' id='word_1_508' title='bbox 3040 2537 3334 2610; x_wconf 82' lang='lat' dir='ltr'><strong>Reliquum</strong></span> <span class='ocrx_word' id='word_1_509' title='bbox 3381 2554 3511 2608; x_wconf 86' lang='lat' dir='ltr'><strong>ergo</strong></span> <span class='ocrx_word' id='word_1_510' title='bbox 3534 2550 3642 2606; x_wconf 90' lang='lat' dir='ltr'><strong>est,</strong></span> 
     </span>
    </p>
   </div>
   <div class='ocr_carea' id='block_1_70' title="bbox 2005 2629 3639 2700">
    <p class='ocr_par' dir='ltr' id='par_1_70' title="bbox 2005 2629 3639 2700">
     <span class='ocr_line' id='line_1_70' title="bbox 2005 2629 3639 2700; baseline 0.002 -20"><span class='ocrx_word' id='word_1_511' title='bbox 2005 2656 2010 2661; x_wconf 98' lang='lat'><strong><em>-</em></strong></span> <span class='ocrx_word' id='word_1_512' title='bbox 2054 2635 2114 2681; x_wconf 90' lang='lat' dir='ltr'><strong>ut</strong></span> <span class='ocrx_word' id='word_1_513' title='bbox 2144 2629 2452 2683; x_wconf 86' lang='lat' dir='ltr'><strong>necessario</strong></span> <span class='ocrx_word' id='word_1_514' title='bbox 2489 2637 2746 2698; x_wconf 87' lang='lat' dir='ltr'><strong>putemus</strong></span> <span class='ocrx_word' id='word_1_515' title='bbox 2777 2629 2915 2683; x_wconf 85' lang='lat' dir='ltr'><strong>nihil</strong></span> <span class='ocrx_word' id='word_1_516' title='bbox 2961 2645 2991 2683; x_wconf 90' lang='lat' dir='ltr'><strong>a</strong></span> <span class='ocrx_word' id='word_1_517' title='bbox 3025 2629 3137 2685; x_wconf 88' lang='lat' dir='ltr'><strong>Deo</strong></span> <span class='ocrx_word' id='word_1_518' title='bbox 3170 2630 3280 2700; x_wconf 77' lang='lat' dir='ltr'><strong>ipsi.</strong></span> <span class='ocrx_word' id='word_1_519' title='bbox 3301 2631 3639 2699; x_wconf 87' lang='lat' dir='ltr'><strong>revelatum;</strong></span> 
     </span>
    </p>
   </div>
   <div class='ocr_carea' id='block_1_71' title="bbox 2055 2717 3642 2792">
    <p class='ocr_par' dir='ltr' id='par_1_71' title="bbox 2055 2717 3642 2792">
     <span class='ocr_line' id='line_1_71' title="bbox 2055 2717 3642 2792; baseline 0.003 -21"><span class='ocrx_word' id='word_1_520' title='bbox 2055 2717 2150 2772; x_wconf 90' lang='lat' dir='ltr'><strong>sed</strong></span> <span class='ocrx_word' id='word_1_521' title='bbox 2191 2733 2366 2788; x_wconf 91' lang='lat' dir='ltr'><strong>neque</strong></span> <span class='ocrx_word' id='word_1_522' title='bbox 2422 2717 2743 2775; x_wconf 89' lang='lat' dir='ltr'><strong>hominibus</strong></span> <span class='ocrx_word' id='word_1_523' title='bbox 2781 2721 3086 2789; x_wconf 84' lang='lat' dir='ltr'><strong>quidquam</strong></span> <span class='ocrx_word' id='word_1_524' title='bbox 3122 2729 3404 2787; x_wconf 86' lang='lat' dir='ltr'><strong>testatum,</strong></span> <span class='ocrx_word' id='word_1_525' title='bbox 3463 2737 3642 2792; x_wconf 89' lang='lat' dir='ltr'><strong>neque</strong></span> 
     </span>
    </p>
   </div>
   <div class='ocr_carea' id='block_1_72' title="bbox 2054 2809 3642 2882">
    <p class='ocr_par' dir='ltr' id='par_1_72' title="bbox 2054 2809 3642 2882">
     <span class='ocr_line' id='line_1_72' title="bbox 2054 2809 3642 2882; baseline 0.003 -21"><span class='ocrx_word' id='word_1_526' title='bbox 2054 2823 2244 2864; x_wconf 89' lang='lat' dir='ltr'><strong>verum</strong></span> <span class='ocrx_word' id='word_1_527' title='bbox 2285 2809 2688 2865; x_wconf 89' lang='lat' dir='ltr'><strong>incrementum</strong></span> <span class='ocrx_word' id='word_1_528' title='bbox 2711 2811 3063 2867; x_wconf 83' lang='lat' dir='ltr'><strong>credentibus</strong></span> <span class='ocrx_word' id='word_1_529' title='bbox 3092 2813 3515 2882; x_wconf 86' lang='lat' dir='ltr'><strong>evangelizasse,</strong></span> <span class='ocrx_word' id='word_1_530' title='bbox 3547 2813 3642 2868; x_wconf 85' lang='lat' dir='ltr'><strong>sed</strong></span> 
     </span>
    </p>
   </div>
   <div class='ocr_carea' id='block_1_73' title="bbox 2053 2900 3638 2973">
    <p class='ocr_par' dir='ltr' id='par_1_73' title="bbox 2053 2900 3638 2973">
     <span class='ocr_line' id='line_1_73' title="bbox 2053 2900 3638 2973; baseline 0.001 -19"><span class='ocrx_word' id='word_1_531' title='bbox 2053 2900 2468 2956; x_wconf 86' lang='lat' dir='ltr'><strong>decremeutum</strong></span> <span class='ocrx_word' id='word_1_532' title='bbox 2506 2903 2693 2971; x_wconf 90' lang='lat' dir='ltr'><strong>potius</strong></span> <span class='ocrx_word' id='word_1_533' title='bbox 2727 2911 2783 2957; x_wconf 91' lang='lat' dir='ltr'><strong>et</strong></span> <span class='ocrx_word' id='word_1_534' title='bbox 2833 2903 3252 2958; x_wconf 85' lang='lat' dir='ltr'><strong>subversionem</strong></span> <span class='ocrx_word' id='word_1_535' title='bbox 3303 2912 3467 2973; x_wconf 79' lang='lat' dir='ltr'><strong>atque</strong></span> <span class='ocrx_word' id='word_1_536' title='bbox 3518 2903 3638 2958; x_wconf 83' lang='lat' dir='ltr'><strong>exi-</strong></span> 
     </span>
    </p>
   </div>
   <div class='ocr_carea' id='block_1_74' title="bbox 2054 2992 3642 3067">
    <p class='ocr_par' dir='ltr' id='par_1_74' title="bbox 2054 2992 3642 3067">
     <span class='ocr_line' id='line_1_74' title="bbox 2054 2992 3642 3067; baseline 0.004 -22"><span class='ocrx_word' id='word_1_537' title='bbox 2054 2992 2216 3049; x_wconf 85' lang='lat' dir='ltr'><strong>tium.</strong></span> <span class='ocrx_word' id='word_1_538' title='bbox 2249 2993 2388 3048; x_wconf 72' lang='lat' dir='ltr'><strong>Et-ce</strong></span> <span class='ocrx_word' id='word_1_539' title='bbox 2445 2994 2590 3048; x_wconf 91' lang='lat' dir='ltr'><strong>enim</strong></span> <span class='ocrx_word' id='word_1_540' title='bbox 2627 2995 2849 3066; x_wconf 89' lang='lat' dir='ltr'><strong>propria</strong></span> <span class='ocrx_word' id='word_1_541' title='bbox 2891 2996 3039 3052; x_wconf 90' lang='lat' dir='ltr'><strong>illius</strong></span> <span class='ocrx_word' id='word_1_542' title='bbox 3071 2997 3237 3051; x_wconf 89' lang='lat' dir='ltr'><strong>verba</strong></span> <span class='ocrx_word' id='word_1_543' title='bbox 3269 3011 3368 3051; x_wconf 92' lang='lat' dir='ltr'><strong>ceu</strong></span> <span class='ocrx_word' id='word_1_544' title='bbox 3413 3013 3642 3067; x_wconf 81' lang='lat' dir='ltr'><strong>gnomo-</strong></span> 
     </span>
    </p>
   </div>
   <div class='ocr_carea' id='block_1_75' title="bbox 2057 3085 3639 3158">
    <p class='ocr_par' dir='ltr' id='par_1_75' title="bbox 2057 3085 3639 3158">
     <span class='ocr_line' id='line_1_75' title="bbox 2057 3085 3639 3158; baseline 0.005 -22"><span class='ocrx_word' id='word_1_545' title='bbox 2057 3098 2181 3137; x_wconf 91' lang='lat' dir='ltr'><strong>nem</strong></span> <span class='ocrx_word' id='word_1_546' title='bbox 2239 3085 2593 3155; x_wconf 79' lang='lat' dir='ltr'><strong>regulamque</strong></span> <span class='ocrx_word' id='word_1_547' title='bbox 2641 3087 2841 3150; x_wconf 91' lang='lat' dir='ltr'><strong>secuti,</strong></span> <span class='ocrx_word' id='word_1_548' title='bbox 2899 3087 3076 3158; x_wconf 92' lang='lat' dir='ltr'><strong>ipsum</strong></span> <span class='ocrx_word' id='word_1_549' title='bbox 3137 3102 3232 3156; x_wconf 92' lang='lat' dir='ltr'><strong>per</strong></span> <span class='ocrx_word' id='word_1_550' title='bbox 3287 3089 3639 3158; x_wconf 86' lang='lat' dir='ltr'><strong>semetipsum</strong></span> 
     </span>
    </p>
   </div>
   <div class='ocr_carea' id='block_1_76' title="bbox 2055 3177 3636 3251">
    <p class='ocr_par' dir='ltr' id='par_1_76' title="bbox 2055 3177 3636 3251">
     <span class='ocr_line' id='line_1_76' title="bbox 2055 3177 3636 3251; baseline 0.004 -20"><span class='ocrx_word' id='word_1_551' title='bbox 2055 3177 2415 3242; x_wconf 86' lang='lat' dir='ltr'><strong>convicimus,</strong></span> <span class='ocrx_word' id='word_1_552' title='bbox 2447 3179 2652 3234; x_wconf 91' lang='lat' dir='ltr'><strong>nullam</strong></span> <span class='ocrx_word' id='word_1_553' title='bbox 2681 3195 2710 3234; x_wconf 92' lang='lat' dir='ltr'><strong>a</strong></span> <span class='ocrx_word' id='word_1_554' title='bbox 2741 3180 2852 3235; x_wconf 89' lang='lat' dir='ltr'><strong>Deo</strong></span> <span class='ocrx_word' id='word_1_555' title='bbox 2910 3179 3302 3236; x_wconf 86' lang='lat' dir='ltr'><strong>revelationem</strong></span> <span class='ocrx_word' id='word_1_556' title='bbox 3338 3182 3636 3251; x_wconf 87' lang='lat' dir='ltr'><strong>accepisse.</strong></span> 
     </span>
    </p>
   </div>
   <div class='ocr_carea' id='block_1_77' title="bbox 2057 3269 3639 3344">
    <p class='ocr_par' dir='ltr' id='par_1_77' title="bbox 2057 3269 3639 3344">
     <span class='ocr_line' id='line_1_77' title="bbox 2057 3269 3639 3344; baseline 0.004 -22"><span class='ocrx_word' id='word_1_557' title='bbox 2057 3269 2186 3335; x_wconf 84' lang='lat' dir='ltr'><strong>Sed,</strong></span> <span class='ocrx_word' id='word_1_558' title='bbox 2219 3279 2278 3325; x_wconf 91' lang='lat' dir='ltr'><strong>ut</strong></span> <span class='ocrx_word' id='word_1_559' title='bbox 2313 3270 2543 3340; x_wconf 90' lang='lat' dir='ltr'><strong>ipsemet</strong></span> <span class='ocrx_word' id='word_1_560' title='bbox 2577 3272 2738 3339; x_wconf 84' lang='lat' dir='ltr'><strong>dixit,</strong></span> <span class='ocrx_word' id='word_1_561' title='bbox 2771 3282 2891 3327; x_wconf 86' lang='lat' dir='ltr'><strong>esto</strong></span> <span class='ocrx_word' id='word_1_562' title='bbox 2923 3274 3130 3344; x_wconf 91' lang='lat' dir='ltr'><strong>utique,</strong></span> <span class='ocrx_word' id='word_1_563' title='bbox 3171 3273 3216 3328; x_wconf 92' lang='lat' dir='ltr'><strong>si</strong></span> <span class='ocrx_word' id='word_1_564' title='bbox 3250 3274 3390 3338; x_wconf 87' lang='lat' dir='ltr'><strong>vult,</strong></span> <span class='ocrx_word' id='word_1_565' title='bbox 3422 3290 3639 3343; x_wconf 88' lang='lat' dir='ltr'><strong>magus,</strong></span> 
     </span>
    </p>
   </div>
   <div class='ocr_carea' id='block_1_78' title="bbox 2055 3364 3637 3436">
    <p class='ocr_par' dir='ltr' id='par_1_78' title="bbox 2055 3364 3637 3436">
     <span class='ocr_line' id='line_1_78' title="bbox 2055 3364 3637 3436; baseline 0.001 -17"><span class='ocrx_word' id='word_1_566' title='bbox 2055 3364 2149 3419; x_wconf 84' lang='lat' dir='ltr'><strong>sed</strong></span> <span class='ocrx_word' id='word_1_567' title='bbox 2213 3375 2361 3420; x_wconf 90' lang='lat' dir='ltr'><strong>certe</strong></span> <span class='ocrx_word' id='word_1_568' title='bbox 2413 3365 2666 3420; x_wconf 88' lang='lat' dir='ltr'><strong>divinum</strong></span> <span class='ocrx_word' id='word_1_569' title='bbox 2725 3365 2861 3420; x_wconf 89' lang='lat' dir='ltr'><strong>nihil</strong></span> <span class='ocrx_word' id='word_1_570' title='bbox 2901 3367 3132 3436; x_wconf 89' lang='lat' dir='ltr'><strong>accepit.</strong></span> <span class='ocrx_word' id='word_1_571' title='bbox 3196 3366 3280 3420; x_wconf 84' lang='lat' dir='ltr'><strong>Ab</strong></span> <span class='ocrx_word' id='word_1_572' title='bbox 3314 3366 3419 3420; x_wconf 90' lang='lat' dir='ltr'><strong>hoc</strong></span> <span class='ocrx_word' id='word_1_573' title='bbox 3462 3366 3637 3436; x_wconf 85' lang='lat' dir='ltr'><strong>gradu</strong></span> 
     </span>
    </p>
   </div>
   <div class='ocr_carea' id='block_1_79' title="bbox 2053 3457 3645 3528">
    <p class='ocr_par' dir='ltr' id='par_1_79' title="bbox 2053 3457 3645 3528">
     <span class='ocr_line' id='line_1_79' title="bbox 2053 3457 3645 3528; baseline 0 -16"><span class='ocrx_word' id='word_1_574' title='bbox 2053 3457 2327 3524; x_wconf 75' lang='lat' dir='ltr'><strong>deiectus,</strong></span> <span class='ocrx_word' id='word_1_575' title='bbox 2356 3458 2582 3513; x_wconf 89' lang='lat' dir='ltr'><strong>ubinam</strong></span> <span class='ocrx_word' id='word_1_576' title='bbox 2614 3459 2688 3514; x_wconf 92' lang='lat' dir='ltr'><strong>sit</strong></span> <span class='ocrx_word' id='word_1_577' title='bbox 2718 3458 3094 3528; x_wconf 90' lang='lat' dir='ltr'><strong>reponendus,</strong></span> <span class='ocrx_word' id='word_1_578' title='bbox 3127 3466 3276 3528; x_wconf 90' lang='lat' dir='ltr'><strong>patet</strong></span> <span class='ocrx_word' id='word_1_579' title='bbox 3303 3474 3318 3510; x_wconf 89' lang='lat'><strong>:</strong></span> <span class='ocrx_word' id='word_1_580' title='bbox 3363 3472 3645 3528; x_wconf 82' lang='lat' dir='ltr'><strong>veraxque</strong></span> 
     </span>
    </p>
   </div>
   <div class='ocr_carea' id='block_1_80' title="bbox 2051 3547 3645 3620">
    <p class='ocr_par' dir='ltr' id='par_1_80' title="bbox 2051 3547 3645 3620">
     <span class='ocr_line' id='line_1_80' title="bbox 2051 3547 3645 3620; baseline 0 -15"><span class='ocrx_word' id='word_1_581' title='bbox 2051 3548 2158 3605; x_wconf 88' lang='lat' dir='ltr'><strong>erit</strong></span> <span class='ocrx_word' id='word_1_582' title='bbox 2217 3550 2306 3605; x_wconf 89' lang='lat' dir='ltr'><strong>ille</strong></span> <span class='ocrx_word' id='word_1_583' title='bbox 2363 3551 2458 3620; x_wconf 90' lang='lat' dir='ltr'><strong>qui</strong></span> <span class='ocrx_word' id='word_1_584' title='bbox 2514 3549 2697 3606; x_wconf 80' lang='lat' dir='ltr'><strong>dixit:</strong></span> <span class='ocrx_word' id='word_1_585' title='bbox 2737 3547 2982 3605; x_wconf 71' lang='lat' dir='ltr'><strong>Insident</strong></span> <span class='ocrx_word' id='word_1_586' title='bbox 3032 3552 3089 3604; x_wconf 83' lang='lat' dir='ltr'><strong>in</strong></span> <span class='ocrx_word' id='word_1_587' title='bbox 3128 3551 3450 3604; x_wconf 82' lang='lat' dir='ltr'><strong>retiaculum</strong></span> <span class='ocrx_word' id='word_1_588' title='bbox 3490 3565 3645 3605; x_wconf 78' lang='lat' dir='ltr'><strong>suum</strong></span> 
     </span>
    </p>
   </div>
   <div class='ocr_carea' id='block_1_81' title="bbox 2050 3638 3644 3710">
    <p class='ocr_par' dir='ltr' id='par_1_81' title="bbox 2050 3638 3644 3710">
     <span class='ocr_line' id='line_1_81' title="bbox 2050 3638 3644 3710; baseline 0.002 -18"><span class='ocrx_word' id='word_1_589' title='bbox 2050 3648 2352 3709; x_wconf 79' lang='lat' dir='ltr'><strong>peccatores</strong></span> <span class='ocrx_word' id='word_1_590' title='bbox 2385 3641 2454 3694; x_wconf 80' lang='lat'><strong>&quot;.</strong></span> <span class='ocrx_word' id='word_1_591' title='bbox 2514 3638 2614 3695; x_wconf 85' lang='lat' dir='ltr'><strong>His</strong></span> <span class='ocrx_word' id='word_1_592' title='bbox 2672 3639 3070 3696; x_wconf 88' lang='lat' dir='ltr'><strong>inﬁrmissimis</strong></span> <span class='ocrx_word' id='word_1_593' title='bbox 3125 3639 3247 3710; x_wconf 88' lang='lat' dir='ltr'><strong>ejus</strong></span> <span class='ocrx_word' id='word_1_594' title='bbox 3295 3641 3644 3696; x_wconf 90' lang='lat' dir='ltr'><strong>sermonibus</strong></span> 
     </span>
    </p>
   </div>
   <div class='ocr_carea' id='block_1_82' title="bbox 2050 3731 3644 3802">
    <p class='ocr_par' dir='ltr' id='par_1_82' title="bbox 2050 3731 3644 3802">
     <span class='ocr_line' id='line_1_82' title="bbox 2050 3731 3644 3802; baseline -0.001 -16"><span class='ocrx_word' id='word_1_595' title='bbox 2050 3732 2409 3787; x_wconf 89' lang='lat' dir='ltr'><strong>marcidiores</strong></span> <span class='ocrx_word' id='word_1_596' title='bbox 2464 3731 2646 3786; x_wconf 89' lang='lat' dir='ltr'><strong>adhuc</strong></span> <span class='ocrx_word' id='word_1_597' title='bbox 2700 3732 3068 3788; x_wconf 88' lang='lat' dir='ltr'><strong>dictiunculas</strong></span> <span class='ocrx_word' id='word_1_598' title='bbox 3135 3733 3205 3786; x_wconf 89' lang='lat' dir='ltr'><strong>ab</strong></span> <span class='ocrx_word' id='word_1_599' title='bbox 3281 3748 3347 3788; x_wconf 91' lang='lat' dir='ltr'><strong>eo</strong></span> <span class='ocrx_word' id='word_1_600' title='bbox 3408 3732 3644 3802; x_wconf 90' lang='lat' dir='ltr'><strong>subjun-</strong></span> 
     </span>
    </p>
   </div>
   <div class='ocr_carea' id='block_1_83' title="bbox 2051 3823 3640 3894">
    <p class='ocr_par' dir='ltr' id='par_1_83' title="bbox 2051 3823 3640 3894">
     <span class='ocr_line' id='line_1_83' title="bbox 2051 3823 3640 3894; baseline 0 -16"><span class='ocrx_word' id='word_1_601' title='bbox 2051 3835 2187 3888; x_wconf 86' lang='lat' dir='ltr'><strong>ctas,</strong></span> <span class='ocrx_word' id='word_1_602' title='bbox 2222 3833 2444 3894; x_wconf 87' lang='lat' dir='ltr'><strong>propter</strong></span> <span class='ocrx_word' id='word_1_603' title='bbox 2489 3823 2806 3879; x_wconf 82' lang='lat' dir='ltr'><strong>lutilitatem</strong></span> <span class='ocrx_word' id='word_1_604' title='bbox 2857 3823 3099 3894; x_wconf 89' lang='lat' dir='ltr'><strong>ipsarum</strong></span> <span class='ocrx_word' id='word_1_605' title='bbox 3157 3832 3213 3878; x_wconf 91' lang='lat' dir='ltr'><strong>et</strong></span> <span class='ocrx_word' id='word_1_606' title='bbox 3261 3825 3640 3888; x_wconf 87' lang='lat' dir='ltr'><strong>inutilitatem,</strong></span> 
     </span>
    </p>
   </div>
   <div class='ocr_carea' id='block_1_84' title="bbox 2049 3914 3641 3986">
    <p class='ocr_par' dir='ltr' id='par_1_84' title="bbox 2049 3914 3641 3986">
     <span class='ocr_line' id='line_1_84' title="bbox 2049 3914 3641 3986; baseline -0.001 -16"><span class='ocrx_word' id='word_1_607' title='bbox 2049 3917 2249 3971; x_wconf 86' lang='lat' dir='ltr'><strong>merito</strong></span> <span class='ocrx_word' id='word_1_608' title='bbox 2329 3931 2361 3970; x_wconf 91' lang='lat' dir='ltr'><strong>a</strong></span> <span class='ocrx_word' id='word_1_609' title='bbox 2429 3931 2518 3972; x_wconf 89' lang='lat' dir='ltr'><strong>me</strong></span> <span class='ocrx_word' id='word_1_610' title='bbox 2584 3916 2915 3972; x_wconf 91' lang='lat' dir='ltr'><strong>omittendas</strong></span> <span class='ocrx_word' id='word_1_611' title='bbox 2979 3914 3245 3986; x_wconf 74' lang='lat' dir='ltr'><strong>iudicavi.</strong></span> <span class='ocrx_word' id='word_1_612' title='bbox 3311 3914 3436 3969; x_wconf 90' lang='lat' dir='ltr'><strong>Fuit</strong></span> <span class='ocrx_word' id='word_1_613' title='bbox 3495 3916 3641 3969; x_wconf 87' lang='lat' dir='ltr'><strong>enim</strong></span> 
     </span>
    </p>
   </div>
   <div class='ocr_carea' id='block_1_85' title="bbox 2049 4007 3640 4079">
    <p class='ocr_par' dir='ltr' id='par_1_85' title="bbox 2049 4007 3640 4079">
     <span class='ocr_line' id='line_1_85' title="bbox 2049 4007 3640 4079; baseline -0.001 -17"><span class='ocrx_word' id='word_1_614' title='bbox 2049 4008 2396 4066; x_wconf 80' lang='lat' dir='ltr'><strong>Mohamedes</strong></span> <span class='ocrx_word' id='word_1_615' title='bbox 2444 4009 2627 4064; x_wconf 91' lang='lat' dir='ltr'><strong>indole</strong></span> <span class='ocrx_word' id='word_1_616' title='bbox 2675 4024 2865 4079; x_wconf 90' lang='lat' dir='ltr'><strong>prava,</strong></span> <span class='ocrx_word' id='word_1_617' title='bbox 2914 4008 3169 4078; x_wconf 90' lang='lat' dir='ltr'><strong>loquace,</strong></span> <span class='ocrx_word' id='word_1_618' title='bbox 3222 4007 3306 4062; x_wconf 85' lang='lat' dir='ltr'><strong>vel</strong></span> <span class='ocrx_word' id='word_1_619' title='bbox 3339 4007 3519 4076; x_wconf 85' lang='lat' dir='ltr'><strong>potius</strong></span> <span class='ocrx_word' id='word_1_620' title='bbox 3548 4022 3640 4060; x_wconf 84' lang='lat' dir='ltr'><strong>ve-</strong></span> 
     </span>
    </p>
   </div>
   <div class='ocr_carea' id='block_1_86' title="bbox 2050 4097 3641 4175">
    <p class='ocr_par' dir='ltr' id='par_1_86' title="bbox 2050 4097 3641 4175">
     <span class='ocr_line' id='line_1_86' title="bbox 2050 4097 3641 4175; baseline 0 -21"><span class='ocrx_word' id='word_1_621' title='bbox 2050 4100 2288 4156; x_wconf 91' lang='lat' dir='ltr'><strong>tularum</strong></span> <span class='ocrx_word' id='word_1_622' title='bbox 2352 4115 2506 4156; x_wconf 87' lang='lat' dir='ltr'><strong>more</strong></span> <span class='ocrx_word' id='word_1_623' title='bbox 2555 4115 2789 4175; x_wconf 89' lang='lat' dir='ltr'><strong>nugace;</strong></span> <span class='ocrx_word' id='word_1_624' title='bbox 2839 4098 3194 4155; x_wconf 82' lang='lat' dir='ltr'><strong>formidolosa</strong></span> <span class='ocrx_word' id='word_1_625' title='bbox 3244 4101 3489 4169; x_wconf 89' lang='lat' dir='ltr'><strong>insuper,</strong></span> <span class='ocrx_word' id='word_1_626' title='bbox 3531 4097 3641 4154; x_wconf 90' lang='lat' dir='ltr'><strong>ira-</strong></span> 
     </span>
    </p>
   </div>
   <div class='ocr_carea' id='block_1_87' title="bbox 2047 4189 3637 4261">
    <p class='ocr_par' dir='ltr' id='par_1_87' title="bbox 2047 4189 3637 4261">
     <span class='ocr_line' id='line_1_87' title="bbox 2047 4189 3637 4261; baseline -0.001 -16"><span class='ocrx_word' id='word_1_627' title='bbox 2047 4192 2250 4256; x_wconf 88' lang='lat' dir='ltr'><strong>cunda,</strong></span> <span class='ocrx_word' id='word_1_628' title='bbox 2335 4190 2618 4261; x_wconf 91' lang='lat' dir='ltr'><strong>suspicace</strong></span> <span class='ocrx_word' id='word_1_629' title='bbox 2692 4197 2747 4246; x_wconf 90' lang='lat' dir='ltr'><strong>et</strong></span> <span class='ocrx_word' id='word_1_630' title='bbox 2853 4199 3144 4259; x_wconf 84' lang='lat' dir='ltr'><strong>arrogante</strong></span> <span class='ocrx_word' id='word_1_631' title='bbox 3195 4206 3208 4242; x_wconf 88' lang='lat'><strong>:</strong></span> <span class='ocrx_word' id='word_1_632' title='bbox 3261 4197 3426 4258; x_wconf 89' lang='lat' dir='ltr'><strong>atque</strong></span> <span class='ocrx_word' id='word_1_633' title='bbox 3489 4189 3637 4243; x_wconf 86' lang='lat' dir='ltr'><strong>haud</strong></span> 
     </span>
    </p>
   </div>
   <div class='ocr_carea' id='block_1_88' title="bbox 2049 4279 3638 4354">
    <p class='ocr_par' dir='ltr' id='par_1_88' title="bbox 2049 4279 3638 4354">
     <span class='ocr_line' id='line_1_88' title="bbox 2049 4279 3638 4354; baseline -0.001 -17"><span class='ocrx_word' id='word_1_634' title='bbox 2049 4285 2166 4340; x_wconf 90' lang='lat' dir='ltr'><strong>scio</strong></span> <span class='ocrx_word' id='word_1_635' title='bbox 2194 4298 2262 4337; x_wconf 90' lang='lat' dir='ltr'><strong>an</strong></span> <span class='ocrx_word' id='word_1_636' title='bbox 2321 4283 2453 4354; x_wconf 90' lang='lat' dir='ltr'><strong>quid</strong></span> <span class='ocrx_word' id='word_1_637' title='bbox 2497 4282 2651 4352; x_wconf 89' lang='lat' dir='ltr'><strong>pravi</strong></span> <span class='ocrx_word' id='word_1_638' title='bbox 2689 4281 2912 4338; x_wconf 88' lang='lat' dir='ltr'><strong>diabolo</strong></span> <span class='ocrx_word' id='word_1_639' title='bbox 2942 4281 3100 4346; x_wconf 87' lang='lat' dir='ltr'><strong>resit,</strong></span> <span class='ocrx_word' id='word_1_640' title='bbox 3146 4297 3254 4350; x_wconf 90' lang='lat' dir='ltr'><strong>quo</strong></span> <span class='ocrx_word' id='word_1_641' title='bbox 3289 4279 3638 4335; x_wconf 84' lang='lat' dir='ltr'><strong>Mohamcdes</strong></span> 
     </span>
    </p>
   </div>
   <div class='ocr_carea' id='block_1_89' title="bbox 2047 4370 3639 4442">
    <p class='ocr_par' dir='ltr' id='par_1_89' title="bbox 2047 4370 3639 4442">
     <span class='ocr_line' id='line_1_89' title="bbox 2047 4370 3639 4442; baseline -0.002 -13"><span class='ocrx_word' id='word_1_642' title='bbox 2047 4374 2305 4429; x_wconf 91' lang='lat' dir='ltr'><strong>caruerit.</strong></span> <span class='ocrx_word' id='word_1_643' title='bbox 2368 4375 2540 4430; x_wconf 84' lang='lat' dir='ltr'><strong>Recto</strong></span> <span class='ocrx_word' id='word_1_644' title='bbox 2601 4381 2782 4428; x_wconf 88' lang='lat' dir='ltr'><strong>autem</strong></span> <span class='ocrx_word' id='word_1_645' title='bbox 2827 4372 3037 4442; x_wconf 89' lang='lat' dir='ltr'><strong>judicio</strong></span> <span class='ocrx_word' id='word_1_646' title='bbox 3101 4387 3166 4426; x_wconf 89' lang='lat' dir='ltr'><strong>ac</strong></span> <span class='ocrx_word' id='word_1_647' title='bbox 3225 4370 3412 4427; x_wconf 86' lang='lat' dir='ltr'><strong>solerti</strong></span> <span class='ocrx_word' id='word_1_648' title='bbox 3459 4383 3639 4426; x_wconf 87' lang='lat' dir='ltr'><strong>mente</strong></span> 
     </span>
    </p>
   </div>
   <div class='ocr_carea' id='block_1_90' title="bbox 2051 4461 3638 4536">
    <p class='ocr_par' dir='ltr' id='par_1_90' title="bbox 2051 4461 3638 4536">
     <span class='ocr_line' id='line_1_90' title="bbox 2051 4461 3638 4536; baseline -0.001 -18"><span class='ocrx_word' id='word_1_649' title='bbox 2051 4466 2231 4521; x_wconf 91' lang='lat' dir='ltr'><strong>omnis</strong></span> <span class='ocrx_word' id='word_1_650' title='bbox 2259 4465 2378 4536; x_wconf 85' lang='lat' dir='ltr'><strong>ejus</strong></span> <span class='ocrx_word' id='word_1_651' title='bbox 2417 4479 2601 4520; x_wconf 90' lang='lat' dir='ltr'><strong>sermo</strong></span> <span class='ocrx_word' id='word_1_652' title='bbox 2632 4479 2859 4534; x_wconf 89' lang='lat' dir='ltr'><strong>prorsus</strong></span> <span class='ocrx_word' id='word_1_653' title='bbox 2887 4471 2971 4518; x_wconf 90' lang='lat' dir='ltr'><strong>est</strong></span> <span class='ocrx_word' id='word_1_654' title='bbox 3015 4478 3230 4533; x_wconf 83' lang='lat' dir='ltr'><strong>expers.</strong></span> <span class='ocrx_word' id='word_1_655' title='bbox 3267 4461 3638 4528; x_wconf 86' lang='lat' dir='ltr'><strong>Quamobrem</strong></span> 
     </span>
    </p>
   </div>
   <div class='ocr_carea' id='block_1_91' title="bbox 352 4547 1951 4632">
    <p class='ocr_par' dir='ltr' id='par_1_91' title="bbox 352 4557 1950 4632">
     <span class='ocr_line' id='line_1_91' title="bbox 352 4557 1950 4632; baseline 0.001 -21"><span class='ocrx_word' id='word_1_656' title='bbox 352 4561 564 4630; x_wconf 74' lang='grc' dir='ltr'>ήσομεν</span> <span class='ocrx_word' id='word_1_657' title='bbox 617 4561 675 4614; x_wconf 84' lang='grc' dir='ltr'>ὲν</span> <span class='ocrx_word' id='word_1_658' title='bbox 701 4558 912 4624; x_wconf 84' lang='grc' dir='ltr'>τούτοις</span> <span class='ocrx_word' id='word_1_659' title='bbox 943 4557 1339 4630; x_wconf 81' lang='grc' dir='ltr'>ἀδολεσχοῦντα</span> <span class='ocrx_word' id='word_1_660' title='bbox 1364 4557 1670 4614; x_wconf 87' lang='grc' dir='ltr'>καταλῦσαι</span> <span class='ocrx_word' id='word_1_661' title='bbox 1696 4559 1787 4613; x_wconf 84' lang='grc' dir='ltr'><strong>τὸν</strong></span> <span class='ocrx_word' id='word_1_662' title='bbox 1813 4559 1950 4632; x_wconf 76' lang='grc' dir='ltr'>φλη-</span> 
     </span>
    </p>
   </div>
   <div class='ocr_carea' id='block_1_92' title="bbox 2053 4547 3640 4632">
    <p class='ocr_par' dir='ltr' id='par_1_92' title="bbox 2056 4552 3640 4626">
     <span class='ocr_line' id='line_1_92' title="bbox 2056 4552 3640 4626; baseline -0.001 -16"><span class='ocrx_word' id='word_1_663' title='bbox 2056 4556 2234 4626; x_wconf 91' lang='lat' dir='ltr'><strong>ipsum</strong></span> <span class='ocrx_word' id='word_1_664' title='bbox 2275 4557 2523 4612; x_wconf 88' lang='lat' dir='ltr'><strong>sinemus</strong></span> <span class='ocrx_word' id='word_1_665' title='bbox 2555 4570 2677 4610; x_wconf 92' lang='lat' dir='ltr'><strong>cum</strong></span> <span class='ocrx_word' id='word_1_666' title='bbox 2709 4554 2795 4610; x_wconf 91' lang='lat' dir='ltr'><strong>his</strong></span> <span class='ocrx_word' id='word_1_667' title='bbox 2821 4552 3386 4626; x_wconf 65' lang='lat' dir='ltr'><strong>jocularibusiabula:</strong></span> <span class='ocrx_word' id='word_1_668' title='bbox 3407 4568 3520 4609; x_wconf 74' lang='lat' dir='ltr'><strong>sua:</strong></span> <span class='ocrx_word' id='word_1_669' title='bbox 3545 4568 3640 4608; x_wconf 78' lang='lat' dir='ltr'><strong>co-</strong></span> 
     </span>
    </p>
   </div>
   <div class='ocr_carea' id='block_1_93' title="bbox 352 4669 550 4721">
    <p class='ocr_par' dir='ltr' id='par_1_93' title="bbox 352 4669 550 4721">
     <span class='ocr_line' id='line_1_93' title="bbox 352 4669 550 4721; baseline 0.02 -15"><span class='ocrx_word' id='word_1_670' title='bbox 352 4669 550 4721; x_wconf 72' lang='grc' dir='ltr'>ναφον.</span> 
     </span>
    </p>
   </div>
   <div class='ocr_carea' id='block_1_94' title="bbox 893 4741 1429 4798">
    <p class='ocr_par' dir='ltr' id='par_1_94' title="bbox 893 4741 1429 4798">
     <span class='ocr_line' id='line_1_94' title="bbox 893 4741 1429 4798; baseline 0.002 -1"><span class='ocrx_word' id='word_1_671' title='bbox 893 4743 1334 4798; x_wconf 84' lang='grc' dir='ltr'><strong>ΕΛΕΓΚΤΙΚΟΣ</strong></span> <span class='ocrx_word' id='word_1_672' title='bbox 1371 4741 1429 4798; x_wconf 87' lang='lat' dir='ltr'><strong>l&#39;.</strong></span> 
     </span>
    </p>
   </div>
   <div class='ocr_carea' id='block_1_95' title="bbox 431 4833 1947 4906">
    <p class='ocr_par' dir='ltr' id='par_1_95' title="bbox 431 4833 1947 4906">
     <span class='ocr_line' id='line_1_95' title="bbox 431 4833 1947 4906; baseline -0.001 -14"><span class='ocrx_word' id='word_1_673' title='bbox 431 4835 540 4902; x_wconf 83' lang='grc' dir='ltr'>ξς·’.</span> <span class='ocrx_word' id='word_1_674' title='bbox 578 4835 637 4888; x_wconf 81' lang='lat'><strong>&#39;0</strong></span> <span class='ocrx_word' id='word_1_675' title='bbox 660 4834 889 4898; x_wconf 83' lang='grc' dir='ltr'>δέκατος</span> <span class='ocrx_word' id='word_1_676' title='bbox 919 4834 1089 4905; x_wconf 85' lang='grc' dir='ltr'>μῦθος</span> <span class='ocrx_word' id='word_1_677' title='bbox 1114 4833 1193 4904; x_wconf 79' lang='grc' dir='ltr'>τῷ</span> <span class='ocrx_word' id='word_1_678' title='bbox 1221 4833 1492 4906; x_wconf 82' lang='grc' dir='ltr'>Μωάμετ,</span> <span class='ocrx_word' id='word_1_679' title='bbox 1529 4836 1726 4904; x_wconf 83' lang='grc' dir='ltr'>Λόγος</span> <span class='ocrx_word' id='word_1_680' title='bbox 1763 4835 1947 4904; x_wconf 80' lang='grc' dir='ltr'>Χοῦδ,</span> 
     </span>
    </p>
   </div>
   <div class='ocr_carea' id='block_1_96' title="bbox 355 4924 1944 5002">
    <p class='ocr_par' dir='ltr' id='par_1_96' title="bbox 355 4924 1944 5002">
     <span class='ocr_line' id='line_1_96' title="bbox 355 4924 1944 5002; baseline 0.001 -22"><span class='ocrx_word' id='word_1_681' title='bbox 355 4926 769 4997; x_wconf 78' lang='grc' dir='ltr'>ἐπιγέγραπται</span> <span class='ocrx_word' id='word_1_682' title='bbox 795 4924 893 4995; x_wconf 83' lang='grc'><strong>(6),</strong></span> <span class='ocrx_word' id='word_1_683' title='bbox 931 4926 1028 4978; x_wconf 79' lang='grc' dir='ltr'>καὶ</span> <span class='ocrx_word' id='word_1_684' title='bbox 1055 4925 1116 4978; x_wconf 75' lang='grc' dir='ltr'><strong>τὸ</strong></span> <span class='ocrx_word' id='word_1_685' title='bbox 1143 4924 1431 4997; x_wconf 83' lang='grc' dir='ltr'>προοίμιον</span> <span class='ocrx_word' id='word_1_686' title='bbox 1461 4928 1788 4997; x_wconf 82' lang='grc' dir='ltr'>καυχήσεως</span> <span class='ocrx_word' id='word_1_687' title='bbox 1828 4945 1944 5002; x_wconf 11' lang='grc' dir='ltr'>Υπε-</span> 
     </span>
    </p>
   </div>
   <div class='ocr_carea' id='block_1_97' title="bbox 356 5015 1946 5089">
    <p class='ocr_par' dir='ltr' id='par_1_97' title="bbox 356 5015 1946 5089">
     <span class='ocr_line' id='line_1_97' title="bbox 356 5015 1946 5089; baseline -0.001 -18"><span class='ocrx_word' id='word_1_688' title='bbox 356 5018 644 5089; x_wconf 81' lang='grc' dir='ltr'>πλήρωται</span> <span class='ocrx_word' id='word_1_689' title='bbox 677 5017 918 5088; x_wconf 71' lang='grc' dir='ltr'>κομψῆς,</span> <span class='ocrx_word' id='word_1_690' title='bbox 972 5015 1075 5082; x_wconf 84' lang='grc' dir='ltr'>ὅτι,</span> <span class='ocrx_word' id='word_1_691' title='bbox 1119 5015 1308 5088; x_wconf 75' lang='grc' dir='ltr'>φησὶν,</span> <span class='ocrx_word' id='word_1_692' title='bbox 1377 5015 1482 5069; x_wconf 82' lang='grc' dir='ltr'>ὑπὸ</span> <span class='ocrx_word' id='word_1_693' title='bbox 1541 5017 1706 5088; x_wconf 84' lang='grc' dir='ltr'>σοφοῦ</span> <span class='ocrx_word' id='word_1_694' title='bbox 1751 5017 1946 5089; x_wconf 83' lang='grc' dir='ltr'>ἀνδρὸς</span> 
     </span>
    </p>
   </div>
   <div class='ocr_carea' id='block_1_98' title="bbox 354 5105 1944 5178">
    <p class='ocr_par' dir='ltr' id='par_1_98' title="bbox 354 5105 1944 5178">
     <span class='ocr_line' id='line_1_98' title="bbox 354 5105 1944 5178; baseline -0.002 -16"><span class='ocrx_word' id='word_1_695' title='bbox 354 5107 623 5178; x_wconf 81' lang='grc' dir='ltr'>ὲσοφίσθη</span> <span class='ocrx_word' id='word_1_696' title='bbox 646 5107 741 5160; x_wconf 78' lang='grc' dir='ltr'>καὶ</span> <span class='ocrx_word' id='word_1_697' title='bbox 763 5105 984 5178; x_wconf 78' lang='grc' dir='ltr'>ἐστίχθη</span> <span class='ocrx_word' id='word_1_698' title='bbox 1011 5105 1107 5160; x_wconf 68' lang='grc' dir='ltr'><strong>καὶ</strong></span> <span class='ocrx_word' id='word_1_699' title='bbox 1133 5105 1380 5177; x_wconf 85' lang='grc' dir='ltr'>διεκρίθη</span> <span class='ocrx_word' id='word_1_700' title='bbox 1415 5122 1429 5136; x_wconf 82' lang='lat'><strong><em>°</em></strong></span> <span class='ocrx_word' id='word_1_701' title='bbox 1458 5107 1596 5170; x_wconf 84' lang='grc' dir='ltr'>τέως</span> <span class='ocrx_word' id='word_1_702' title='bbox 1633 5107 1818 5178; x_wconf 81' lang='grc' dir='ltr'>μέντοι</span> <span class='ocrx_word' id='word_1_703' title='bbox 1844 5109 1944 5178; x_wconf 77' lang='grc' dir='ltr'><strong>τῆς</strong></span> 
     </span>
    </p>
   </div>
   <div class='ocr_carea' id='block_1_99' title="bbox 355 5195 1945 5270">
    <p class='ocr_par' dir='ltr' id='par_1_99' title="bbox 355 5195 1945 5270">
     <span class='ocr_line' id='line_1_99' title="bbox 355 5195 1945 5270; baseline -0.001 -18"><span class='ocrx_word' id='word_1_704' title='bbox 355 5218 437 5252; x_wconf 89' lang='grc' dir='ltr'><strong>πα</strong></span> <span class='ocrx_word' id='word_1_705' title='bbox 447 5199 513 5270; x_wconf 77' lang='grc' dir='ltr'><strong>ρὰ</strong></span> <span class='ocrx_word' id='word_1_706' title='bbox 525 5197 621 5252; x_wconf 87' lang='grc' dir='ltr'><strong>ἀνθ</strong></span> <span class='ocrx_word' id='word_1_707' title='bbox 629 5195 828 5270; x_wconf 81' lang='grc' dir='ltr'>ρώπων</span> <span class='ocrx_word' id='word_1_708' title='bbox 844 5195 1094 5265; x_wconf 80' lang='grc' dir='ltr'>γνώσεως</span> <span class='ocrx_word' id='word_1_709' title='bbox 1112 5195 1301 5267; x_wconf 79' lang='grc' dir='ltr'>ἐπιδεῆ</span> <span class='ocrx_word' id='word_1_710' title='bbox 1317 5196 1570 5266; x_wconf 85' lang='grc' dir='ltr'>ὁμολογεῖ</span> <span class='ocrx_word' id='word_1_711' title='bbox 1584 5197 1684 5268; x_wconf 83' lang='grc' dir='ltr'>τὴν</span> <span class='ocrx_word' id='word_1_712' title='bbox 1697 5197 1791 5250; x_wconf 88' lang='grc' dir='ltr'><strong>τοῦ</strong></span> <span class='ocrx_word' id='word_1_713' title='bbox 1808 5197 1945 5252; x_wconf 88' lang='grc' dir='ltr'>Θεοῦ</span> 
     </span>
    </p>
   </div>
   <div class='ocr_carea' id='block_1_100' title="bbox 353 5287 1948 5361">
    <p class='ocr_par' dir='ltr' id='par_1_100' title="bbox 353 5287 1948 5361">
     <span class='ocr_line' id='line_1_100' title="bbox 353 5287 1948 5361; baseline 0 -18"><span class='ocrx_word' id='word_1_714' title='bbox 353 5291 528 5346; x_wconf 81' lang='grc' dir='ltr'>αὐτοῦ</span> <span class='ocrx_word' id='word_1_715' title='bbox 559 5290 790 5361; x_wconf 82' lang='grc' dir='ltr'>Γραφήν</span> <span class='ocrx_word' id='word_1_716' title='bbox 823 5305 836 5318; x_wconf 90' lang='grc'><strong>·</strong></span> <span class='ocrx_word' id='word_1_717' title='bbox 867 5289 1098 5359; x_wconf 83' lang='grc' dir='ltr'>ἄρχεται</span> <span class='ocrx_word' id='word_1_718' title='bbox 1129 5287 1185 5342; x_wconf 82' lang='grc' dir='ltr'>δὲ</span> <span class='ocrx_word' id='word_1_719' title='bbox 1222 5287 1385 5341; x_wconf 88' lang='grc' dir='ltr'>πάλιν</span> <span class='ocrx_word' id='word_1_720' title='bbox 1402 5287 1803 5360; x_wconf 85' lang='grc' dir='ltr'>καταπλήττειν</span> <span class='ocrx_word' id='word_1_721' title='bbox 1823 5291 1948 5353; x_wconf 84' lang='grc' dir='ltr'>τοὺς</span> 
     </span>
    </p>
   </div>
   <div class='ocr_carea' id='block_1_101' title="bbox 354 5376 1950 5454">
    <p class='ocr_par' dir='ltr' id='par_1_101' title="bbox 354 5376 1950 5454">
     <span class='ocr_line' id='line_1_101' title="bbox 354 5376 1950 5454; baseline 0 -21"><span class='ocrx_word' id='word_1_722' title='bbox 354 5379 708 5454; x_wconf 79' lang='grc' dir='ltr'>βαρϐάρους,</span> <span class='ocrx_word' id='word_1_723' title='bbox 741 5379 824 5431; x_wconf 84' lang='grc' dir='ltr'>ὅτι</span> <span class='ocrx_word' id='word_1_724' title='bbox 857 5377 922 5447; x_wconf 75' lang='grc' dir='ltr'>δὴ</span> <span class='ocrx_word' id='word_1_725' title='bbox 943 5376 1080 5431; x_wconf 89' lang='grc' dir='ltr'>Θεοῦ</span> <span class='ocrx_word' id='word_1_726' title='bbox 1111 5379 1252 5431; x_wconf 75' lang='grc' dir='ltr'>εἰσιν</span> <span class='ocrx_word' id='word_1_727' title='bbox 1282 5377 1600 5448; x_wconf 79' lang='grc' dir='ltr'>νομοθεσίαι</span> <span class='ocrx_word' id='word_1_728' title='bbox 1628 5379 1696 5432; x_wconf 78' lang='grc' dir='ltr'><strong>τὰ</strong></span> <span class='ocrx_word' id='word_1_729' title='bbox 1724 5379 1950 5433; x_wconf 87' lang='grc' dir='ltr'>τοιαῦτα</span> 
     </span>
    </p>
   </div>
   <div class='ocr_carea' id='block_1_102' title="bbox 351 5469 1948 5543">
    <p class='ocr_par' dir='ltr' id='par_1_102' title="bbox 351 5469 1948 5543">
     <span class='ocr_line' id='line_1_102' title="bbox 351 5469 1948 5543; baseline 0.001 -18"><span class='ocrx_word' id='word_1_730' title='bbox 351 5472 590 5541; x_wconf 85' lang='grc' dir='ltr'>παίγνια</span> <span class='ocrx_word' id='word_1_731' title='bbox 608 5487 622 5501; x_wconf 68' lang='grc' dir='ltr'><strong><em>υ</em></strong></span> <span class='ocrx_word' id='word_1_732' title='bbox 656 5470 753 5525; x_wconf 72' lang='grc' dir='ltr'><strong>καὶ</strong></span> <span class='ocrx_word' id='word_1_733' title='bbox 778 5469 1077 5540; x_wconf 76' lang='grc' dir='ltr'>καταφοϐεἰ</span> <span class='ocrx_word' id='word_1_734' title='bbox 1096 5470 1314 5538; x_wconf 81' lang='grc' dir='ltr'>αὐτοὺς,</span> <span class='ocrx_word' id='word_1_735' title='bbox 1334 5471 1382 5523; x_wconf 85' lang='grc' dir='ltr'><strong>εί</strong></span> <span class='ocrx_word' id='word_1_736' title='bbox 1410 5469 1487 5543; x_wconf 83' lang='grc' dir='ltr'>μὴ</span> <span class='ocrx_word' id='word_1_737' title='bbox 1516 5469 1805 5538; x_wconf 86' lang='grc' dir='ltr'>πείθοιντο,</span> <span class='ocrx_word' id='word_1_738' title='bbox 1839 5471 1948 5526; x_wconf 88' lang='grc' dir='ltr'><strong>ἀπό</strong></span> 
     </span>
    </p>
   </div>
   <div class='ocr_carea' id='block_1_103' title="bbox 433 5645 1496 5716">
    <p class='ocr_par' dir='ltr' id='par_1_103' title="bbox 433 5645 1496 5716">
     <span class='ocr_line' id='line_1_103' title="bbox 433 5645 1496 5716; baseline -0.001 -12"><span class='ocrx_word' id='word_1_739' title='bbox 433 5650 483 5684; x_wconf 76' lang='grc' dir='ltr'><strong>³ο</strong></span> <span class='ocrx_word' id='word_1_740' title='bbox 511 5647 688 5706; x_wconf 80' lang='lat' dir='ltr'><strong>Exod.</strong></span> <span class='ocrx_word' id='word_1_741' title='bbox 720 5665 814 5716; x_wconf 81' lang='lat' dir='ltr'><strong>xx,</strong></span> <span class='ocrx_word' id='word_1_742' title='bbox 847 5646 932 5704; x_wconf 81' lang='lat' dir='ltr'><strong>l3.</strong></span> <span class='ocrx_word' id='word_1_743' title='bbox 1008 5647 1052 5679; x_wconf 79' lang='lat'>“</span> <span class='ocrx_word' id='word_1_744' title='bbox 1094 5646 1287 5704; x_wconf 79' lang='lat' dir='ltr'><strong>Matth.</strong></span> <span class='ocrx_word' id='word_1_745' title='bbox 1318 5661 1373 5715; x_wconf 92' lang='lat' dir='ltr'><strong>v,</strong></span> <span class='ocrx_word' id='word_1_746' title='bbox 1401 5645 1496 5703; x_wconf 74' lang='lat'><strong>2‘2.</strong></span> 
     </span>
    </p>
   </div>
   <div class='ocr_carea' id='block_1_104' title="bbox 439 5823 1451 5898">
    <p class='ocr_par' dir='ltr' id='par_1_104' title="bbox 439 5823 1451 5898">
     <span class='ocr_line' id='line_1_104' title="bbox 439 5823 1451 5898; baseline 0 -16"><span class='ocrx_word' id='word_1_747' title='bbox 439 5829 522 5898; x_wconf 80' lang='grc'><strong>(6)</strong></span> <span class='ocrx_word' id='word_1_748' title='bbox 544 5827 672 5886; x_wconf 90' lang='lat' dir='ltr'><strong>Sur.</strong></span> <span class='ocrx_word' id='word_1_749' title='bbox 698 5825 793 5896; x_wconf 74' lang='lat' dir='ltr'><strong>XI,</strong></span> <span class='ocrx_word' id='word_1_750' title='bbox 825 5827 883 5896; x_wconf 73' lang='grc' dir='ltr'><strong>ε,</strong></span> <span class='ocrx_word' id='word_1_751' title='bbox 916 5827 969 5896; x_wconf 72' lang='lat' dir='ltr'><strong>t,</strong></span> <span class='ocrx_word' id='word_1_752' title='bbox 1000 5827 1090 5898; x_wconf 72' lang='lat' dir='ltr'><strong>ac,</strong></span> <span class='ocrx_word' id='word_1_753' title='bbox 1109 5826 1200 5896; x_wconf 74' lang='lat' dir='ltr'><strong>to,</strong></span> <span class='ocrx_word' id='word_1_754' title='bbox 1240 5825 1332 5892; x_wconf 67' lang='grc' dir='ltr'><strong>ιε,</strong></span> <span class='ocrx_word' id='word_1_755' title='bbox 1361 5823 1451 5882; x_wconf 71' lang='grc'><strong>49.</strong></span> 
     </span>
    </p>
   </div>
   <div class='ocr_carea' id='block_1_105' title="bbox 2052 4647 2640 4718">
    <p class='ocr_par' dir='ltr' id='par_1_105' title="bbox 2052 4647 2640 4718">
     <span class='ocr_line' id='line_1_105' title="bbox 2052 4647 2640 4718; baseline 0 -16"><span class='ocrx_word' id='word_1_756' title='bbox 2052 4647 2301 4703; x_wconf 87' lang='lat' dir='ltr'><strong>ronidem</strong></span> <span class='ocrx_word' id='word_1_757' title='bbox 2334 4647 2640 4718; x_wconf 90' lang='lat' dir='ltr'><strong>imponere.</strong></span> 
     </span>
    </p>
   </div>
   <div class='ocr_carea' id='block_1_106' title="bbox 2565 4733 3123 4793">
    <p class='ocr_par' dir='ltr' id='par_1_106' title="bbox 2565 4733 3123 4793">
     <span class='ocr_line' id='line_1_106' title="bbox 2565 4733 3123 4793; baseline -0.011 1"><span class='ocrx_word' id='word_1_758' title='bbox 2565 4733 3013 4793; x_wconf 80' lang='lat' dir='ltr'><strong>CONFUTATlO</strong></span> <span class='ocrx_word' id='word_1_759' title='bbox 3053 4733 3123 4788; x_wconf 84' lang='lat' dir='ltr'><strong>X.</strong></span> 
     </span>
    </p>
   </div>
   <div class='ocr_carea' id='block_1_107' title="bbox 2121 4827 3637 4888">
    <p class='ocr_par' dir='ltr' id='par_1_107' title="bbox 2121 4827 3637 4888">
     <span class='ocr_line' id='line_1_107' title="bbox 2121 4827 3637 4888; baseline -0.005 -3"><span class='ocrx_word' id='word_1_760' title='bbox 2121 4829 2212 4885; x_wconf 85' lang='lat'><strong>66.</strong></span> <span class='ocrx_word' id='word_1_761' title='bbox 2244 4830 2465 4886; x_wconf 86' lang='lat' dir='ltr'><strong>Decima</strong></span> <span class='ocrx_word' id='word_1_762' title='bbox 2494 4845 2524 4888; x_wconf 85' lang='lat' dir='ltr'><strong>a</strong></span> <span class='ocrx_word' id='word_1_763' title='bbox 2551 4828 2874 4885; x_wconf 83' lang='lat' dir='ltr'><strong>Mohamede</strong></span> <span class='ocrx_word' id='word_1_764' title='bbox 2895 4827 3081 4882; x_wconf 82' lang='lat' dir='ltr'><strong>fabula</strong></span> <span class='ocrx_word' id='word_1_765' title='bbox 3110 4828 3425 4883; x_wconf 83' lang='lat' dir='ltr'><strong>inscribitur</strong></span> <span class='ocrx_word' id='word_1_766' title='bbox 3451 4827 3637 4882; x_wconf 88' lang='lat' dir='ltr'><strong>Sermo</strong></span> 
     </span>
    </p>
   </div>
   <div class='ocr_carea' id='block_1_108' title="bbox 2050 4920 3638 4996">
    <p class='ocr_par' dir='ltr' id='par_1_108' title="bbox 2050 4920 3638 4996">
     <span class='ocr_line' id='line_1_108' title="bbox 2050 4920 3638 4996; baseline -0.002 -19"><span class='ocrx_word' id='word_1_767' title='bbox 2050 4924 2239 4980; x_wconf 69' lang='lat' dir='ltr'><strong>Claudi.</strong></span> <span class='ocrx_word' id='word_1_768' title='bbox 2273 4925 2610 4982; x_wconf 66' lang='lat' dir='ltr'><strong>Prooemium</strong></span> <span class='ocrx_word' id='word_1_769' title='bbox 2633 4923 2848 4996; x_wconf 84' lang='lat' dir='ltr'><strong>egregia</strong></span> <span class='ocrx_word' id='word_1_770' title='bbox 2872 4921 3200 4993; x_wconf 81' lang='lat' dir='ltr'><strong>gloriatione</strong></span> <span class='ocrx_word' id='word_1_771' title='bbox 3219 4921 3483 4986; x_wconf 81' lang='lat' dir='ltr'><strong>abundat,</strong></span> <span class='ocrx_word' id='word_1_772' title='bbox 3509 4920 3638 4989; x_wconf 87' lang='lat' dir='ltr'><strong>quia</strong></span> 
     </span>
    </p>
   </div>
   <div class='ocr_carea' id='block_1_109' title="bbox 2050 5012 3642 5084">
    <p class='ocr_par' dir='ltr' id='par_1_109' title="bbox 2050 5012 3642 5084">
     <span class='ocr_line' id='line_1_109' title="bbox 2050 5012 3642 5084; baseline -0.005 -13"><span class='ocrx_word' id='word_1_773' title='bbox 2050 5017 2182 5071; x_wconf 91' lang='lat' dir='ltr'><strong>dicit</strong></span> <span class='ocrx_word' id='word_1_774' title='bbox 2220 5017 2366 5072; x_wconf 84' lang='lat' dir='ltr'><strong>hunc</strong></span> <span class='ocrx_word' id='word_1_775' title='bbox 2399 5032 2708 5074; x_wconf 89' lang='lat' dir='ltr'><strong>sermonem</strong></span> <span class='ocrx_word' id='word_1_776' title='bbox 2743 5031 2776 5071; x_wconf 92' lang='lat' dir='ltr'><strong>a</strong></span> <span class='ocrx_word' id='word_1_777' title='bbox 2807 5015 3053 5084; x_wconf 89' lang='lat' dir='ltr'><strong>sapiente</strong></span> <span class='ocrx_word' id='word_1_778' title='bbox 3082 5013 3200 5067; x_wconf 90' lang='lat' dir='ltr'><strong>viro</strong></span> <span class='ocrx_word' id='word_1_779' title='bbox 3233 5014 3510 5082; x_wconf 88' lang='lat' dir='ltr'><strong>sapienter</strong></span> <span class='ocrx_word' id='word_1_780' title='bbox 3527 5012 3642 5066; x_wconf 86' lang='lat' dir='ltr'><strong>cla-</strong></span> 
     </span>
    </p>
   </div>
   <div class='ocr_carea' id='block_1_110' title="bbox 2052 5103 3640 5179">
    <p class='ocr_par' dir='ltr' id='par_1_110' title="bbox 2052 5103 3640 5179">
     <span class='ocr_line' id='line_1_110' title="bbox 2052 5103 3640 5179; baseline -0.006 -15"><span class='ocrx_word' id='word_1_781' title='bbox 2052 5109 2334 5174; x_wconf 88' lang='lat' dir='ltr'><strong>boratum,</strong></span> <span class='ocrx_word' id='word_1_782' title='bbox 2369 5108 2810 5179; x_wconf 84' lang='lat' dir='ltr'><strong>dispositumque</strong></span> <span class='ocrx_word' id='word_1_783' title='bbox 2836 5105 3082 5177; x_wconf 89' lang='lat' dir='ltr'><strong>periodis</strong></span> <span class='ocrx_word' id='word_1_784' title='bbox 3108 5115 3163 5161; x_wconf 89' lang='lat' dir='ltr'><strong>et</strong></span> <span class='ocrx_word' id='word_1_785' title='bbox 3182 5106 3524 5162; x_wconf 87' lang='lat' dir='ltr'><strong>distinctum.</strong></span> <span class='ocrx_word' id='word_1_786' title='bbox 3560 5103 3640 5156; x_wconf 89' lang='lat' dir='ltr'><strong>ln-</strong></span> 
     </span>
    </p>
   </div>
   <div class='ocr_carea' id='block_1_111' title="bbox 2054 5194 3636 5272">
    <p class='ocr_par' dir='ltr' id='par_1_111' title="bbox 2054 5194 3636 5272">
     <span class='ocr_line' id='line_1_111' title="bbox 2054 5194 3636 5272; baseline -0.006 -16"><span class='ocrx_word' id='word_1_787' title='bbox 2054 5203 2214 5257; x_wconf 89' lang='lat' dir='ltr'><strong>terim</strong></span> <span class='ocrx_word' id='word_1_788' title='bbox 2269 5217 2402 5258; x_wconf 89' lang='lat' dir='ltr'><strong>sane</strong></span> <span class='ocrx_word' id='word_1_789' title='bbox 2430 5201 2670 5255; x_wconf 92' lang='lat' dir='ltr'><strong>humana</strong></span> <span class='ocrx_word' id='word_1_790' title='bbox 2698 5199 2896 5270; x_wconf 89' lang='lat' dir='ltr'><strong>peritia</strong></span> <span class='ocrx_word' id='word_1_791' title='bbox 2927 5207 3177 5272; x_wconf 87' lang='lat' dir='ltr'><strong>egentem</strong></span> <span class='ocrx_word' id='word_1_792' title='bbox 3220 5197 3512 5253; x_wconf 89' lang='lat' dir='ltr'><strong>conﬁtetur</strong></span> <span class='ocrx_word' id='word_1_793' title='bbox 3543 5194 3636 5249; x_wconf 91' lang='lat' dir='ltr'><strong>Dei</strong></span> 
     </span>
    </p>
   </div>
   <div class='ocr_carea' id='block_1_112' title="bbox 2057 5286 3639 5362">
    <p class='ocr_par' dir='ltr' id='par_1_112' title="bbox 2057 5286 3639 5362">
     <span class='ocr_line' id='line_1_112' title="bbox 2057 5286 3639 5362; baseline -0.006 -16"><span class='ocrx_word' id='word_1_794' title='bbox 2057 5292 2232 5362; x_wconf 90' lang='lat' dir='ltr'><strong>ipsius</strong></span> <span class='ocrx_word' id='word_1_795' title='bbox 2287 5290 2650 5362; x_wconf 91' lang='lat' dir='ltr'><strong>Scripturam.</strong></span> <span class='ocrx_word' id='word_1_796' title='bbox 2701 5289 2915 5344; x_wconf 78' lang='lat' dir='ltr'><strong>Rursus</strong></span> <span class='ocrx_word' id='word_1_797' title='bbox 2956 5300 3138 5344; x_wconf 88' lang='lat' dir='ltr'><strong>autem</strong></span> <span class='ocrx_word' id='word_1_798' title='bbox 3177 5287 3368 5357; x_wconf 88' lang='lat' dir='ltr'><strong>incipit</strong></span> <span class='ocrx_word' id='word_1_799' title='bbox 3395 5286 3639 5340; x_wconf 89' lang='lat' dir='ltr'><strong>timorem</strong></span> 
     </span>
    </p>
   </div>
   <div class='ocr_carea' id='block_1_113' title="bbox 2055 5376 3636 5452">
    <p class='ocr_par' dir='ltr' id='par_1_113' title="bbox 2055 5376 3636 5452">
     <span class='ocr_line' id='line_1_113' title="bbox 2055 5376 3636 5452; baseline -0.006 -16"><span class='ocrx_word' id='word_1_800' title='bbox 2055 5381 2307 5436; x_wconf 88' lang='lat' dir='ltr'><strong>barbaris</strong></span> <span class='ocrx_word' id='word_1_801' title='bbox 2361 5381 2630 5446; x_wconf 86' lang='lat' dir='ltr'><strong>incutere,</strong></span> <span class='ocrx_word' id='word_1_802' title='bbox 2671 5381 2818 5452; x_wconf 89' lang='lat' dir='ltr'><strong>quod</strong></span> <span class='ocrx_word' id='word_1_803' title='bbox 2876 5379 2974 5436; x_wconf 91' lang='lat' dir='ltr'><strong>Dei</strong></span> <span class='ocrx_word' id='word_1_804' title='bbox 3018 5381 3164 5450; x_wconf 89' lang='lat' dir='ltr'><strong>leges</strong></span> <span class='ocrx_word' id='word_1_805' title='bbox 3221 5378 3349 5443; x_wconf 89' lang='lat' dir='ltr'><strong>sint,</strong></span> <span class='ocrx_word' id='word_1_806' title='bbox 3391 5376 3505 5430; x_wconf 81' lang='lat' dir='ltr'><strong>haec</strong></span> <span class='ocrx_word' id='word_1_807' title='bbox 3539 5388 3636 5426; x_wconf 87' lang='lat' dir='ltr'><strong>sua</strong></span> 
     </span>
    </p>
   </div>
   <div class='ocr_carea' id='block_1_114' title="bbox 2067 5465 3638 5543">
    <p class='ocr_par' dir='ltr' id='par_1_114' title="bbox 2067 5465 3638 5543">
     <span class='ocr_line' id='line_1_114' title="bbox 2067 5465 3638 5543; baseline -0.004 -17"><span class='ocrx_word' id='word_1_808' title='bbox 2067 5472 2280 5529; x_wconf 89' lang='lat' dir='ltr'><strong>ludicra</strong></span> <span class='ocrx_word' id='word_1_809' title='bbox 2313 5491 2332 5530; x_wconf 90' lang='lat'><strong><em>:</em></strong></span> <span class='ocrx_word' id='word_1_810' title='bbox 2370 5473 2692 5543; x_wconf 85' lang='lat' dir='ltr'><strong>territatque</strong></span> <span class='ocrx_word' id='word_1_811' title='bbox 2723 5475 2870 5542; x_wconf 89' lang='lat' dir='ltr'><strong>illos,</strong></span> <span class='ocrx_word' id='word_1_812' title='bbox 2924 5472 3031 5530; x_wconf 87' lang='lat' dir='ltr'><strong>nisi</strong></span> <span class='ocrx_word' id='word_1_813' title='bbox 3061 5468 3425 5536; x_wconf 86' lang='lat' dir='ltr'><strong>crediderint,</strong></span> <span class='ocrx_word' id='word_1_814' title='bbox 3454 5465 3638 5522; x_wconf 77' lang='lat' dir='ltr'><strong>futura</strong></span> 
     </span>
    </p>
   </div>
   <div class='ocr_carea' id='block_1_115' title="bbox 1677 5647 2169 5718">
    <p class='ocr_par' dir='ltr' id='par_1_115' title="bbox 1677 5647 2169 5718">
     <span class='ocr_line' id='line_1_115' title="bbox 1677 5647 2169 5718; baseline -0.006 -11"><span class='ocrx_word' id='word_1_815' title='bbox 1677 5649 1721 5682; x_wconf 82' lang='grc'>²²</span> <span class='ocrx_word' id='word_1_816' title='bbox 1743 5648 1890 5707; x_wconf 84' lang='lat' dir='ltr'><strong>Psal.</strong></span> <span class='ocrx_word' id='word_1_817' title='bbox 1921 5663 2044 5718; x_wconf 71' lang='lat' dir='ltr'><strong>ext,</strong></span> <span class='ocrx_word' id='word_1_818' title='bbox 2080 5647 2169 5704; x_wconf 85' lang='grc'><strong>10.</strong></span> 
     </span>
    </p>
   </div>
  </div>
