4048 6402
454 452 563 521 ’155

1699 415 1994 491 NICETAE
2025 413 2432 485 BYZANTJNI
3602 421 3674 481 τε,

451 554 758 636 punitione,
777 555 908 610 etiis
928 547 1048 624 qum“
1062 559 1264 622 prseter
1281 533 1740 618 crspectationem
1767 525 2022 598 accidunt

2148 555 2184 590 τε
2212 538 2309 606 τῆς
2343 533 2642 607 μελλούσης
2677 533 2968 601 κολάσεως,
3008 534 3117 588 ἀπό
3141 553 3199 588 τε
3227 535 3336 588 τῶν
3386 535 3714 606 συμϐαινόν-

455 629 708 710 humanae
739 648 864 704 vita:
892 645 1185 700 molestiis.
1211 640 1344 694 Nam
1376 637 1422 694 si
1451 635 1606 706 quid,
1641 631 1837 702 inquit,
1865 629 2025 683 vobis

452 748 668 804 eveniet
719 751 861 797 terra
893 739 1124 804 marive,
1148 736 1198 790 id
1234 735 1421 802 utique
1445 736 1665 800 prepter
1699 734 1935 779 vestram
1969 723 2024 776 in

453 839 545 895 his
589 835 1024 892 incredulitatem
1085 825 1388 899 patiemini.
1436 812 1777 887 Adducitque
1834 824 2024 868 testem

456 911 782 1001 prophetam
812 926 1160 994 legatumque
1190 917 1322 981 Noe,
1352 913 1438 969 cui
1488 908 1612 966 eum
1640 923 1834 964 omnes
1867 906 2025 959 fidem

455 995 824 1090 denegarem,
844 1028 1037 1070 omnes
1087 1008 1363 1080 perierunt
1396 1022 1409 1057 :
1440 1012 1492 1057 et
1520 1001 1662 1072 quod
1690 1015 1833 1054 unus
1885 995 2029 1050 filio-

458 1127 581 1167 rum
618 1111 754 1181 ejus
786 1104 1126 1168 incredulus,
1158 1099 1316 1169 aquis
1344 1093 1639 1152 suﬁocatus
1679 1090 1861 1153 fuerit,
1899 1100 2031 1142 sene

460 1176 742 1272 spectante
805 1216 819 1252 :
878 1205 932 1252 et
991 1193 1136 1264 quod
1196 1205 1262 1244 ex
1324 1196 1652 1255 unaquaque
1713 1176 2028 1234 animalium

464 1295 646 1364 specie
702 1291 844 1346 haud
879 1297 1085 1358 septem
1141 1299 1206 1339 ac
1234 1283 1344 1338 duo
1373 1279 1551 1349 paria,
1577 1275 1672 1330 sed
1704 1285 1874 1328 unum
1905 1279 2031 1323 tan-

460 1375 745 1442 tummodo
795 1397 896 1454 par
941 1392 1125 1435 secum
1160 1373 1432 1431 detulerit.
1463 1366 1734 1436 Additque
1772 1373 2032 1430 tanquam

463 1479 648 1548 aliquo
693 1476 741 1531 ei
777 1453 1053 1544 aspirante
1083 1489 1095 1525 :
1129 1465 1256 1524 llaec
1285 1481 1352 1522 ex
1419 1453 1663 1519 historiis
1693 1459 2032 1511 remotorum

462 1571 557 1625 tibi
592 1578 717 1625 nota
753 1567 1010 1629 facimus,
1041 1580 1165 1632 quae
1213 1571 1270 1616 tu
1307 1557 1620 1629 ignorabas,
1686 1548 2034 1622 pepulusque

462 1675 588 1718 tuus
617 1648 738 1716 ante
768 1661 874 1716 hoc
903 1667 1142 1728 tempus.
1200 1653 1340 1709 Ecce
1377 1639 1559 1704 autem
1595 1648 1713 1718 ipse
1736 1642 2033 1698 Mosaicam

463 1737 806 1826 scripturam
862 1767 920 1808 se
953 1751 1062 1804 non
1099 1747 1298 1818 legisse
1323 1742 1647 1804 confitetur;
1683 1735 2035 1808 quandoqui-

459 1849 582 1902 dem
618 1843 763 1901 illam
797 1845 937 1900 haud
966 1851 1114 1897 recte
1144 1829 1361 1905 recitat,
1385 1836 1477 1891 sed
1511 1843 1766 1904 perverse
1790 1829 2035 1893 omnino,

461 1949 516 2020 et
575 1939 681 1997 sibi
748 1936 1237 1994 contradicentem.
1299 1930 1440 1985 l-linc
1499 1933 1741 1988 constat,
1778 1935 1903 1978 eum
1943 1919 2035 1991 qui

463 2012 614 2089 illam
644 2031 931 2087 historiam
966 2027 1209 2092 dictavit,
1232 2022 1374 2078 haud
1403 2013 1550 2076 nunc
1566 2033 1687 2073 eum
1719 2012 2040 2069 llloliamede

462 2121 640 2196 loqui.
697 2122 803 2178 Sed
863 2121 980 2189 ejus
1028 2119 1209 2189 potius
1258 2107 1556 2185 Scriptura:
1611 2108 1829 2165 falsatio
1861 2105 1942 2160 vel
1972 2104 2041 2158 ab

465 2213 687 2296 homine
738 2213 1036 2268 Manichan
1085 2218 1222 2273 erat,
1257 2208 1339 2262 vel
1385 2221 1416 2261 a
1467 2206 1748 2268 daemone;
1779 2201 1862 2254 vel
1927 2199 2044 2268 ipse

464 2290 815 2361 M’ohamedes
848 2301 1028 2357 dedita
1067 2315 1232 2369 opera
1286 2295 1600 2351 malitiosus
1630 2299 1733 2353 est,
1769 2290 1958 2344 volens
1984 2300 2043 2341 se

464 2395 632 2466 supra
691 2394 930 2467 Moysem
960 2392 1208 2448 evehere.
1236 2387 1504 2442 Praeterea
1520 2382 1806 2438 Zalctlium
1833 2377 2044 2433 inducit

464 2487 811 2558 prophetam,
871 2482 1042 2554 ignoti
1105 2479 1290 2551 populi
1319 2477 1678 2547 magistrum;
1728 2481 1782 2528 et
1815 2470 1960 2540 quod
1999 2469 2043 2522 is

465 2577 545 2634 illi
586 2576 947 2640 mandaverit,
977 2572 1278 2643 quominus
1305 2569 1516 2624 camelo
1547 2566 1762 2620 cuidam
1828 2561 2045 2617 feminae

466 2677 732 2727 nocerent
759 2669 813 2722 in
853 2666 995 2737 agris
1023 2663 1266 2735 pascenti
1305 2670 1391 2716 :et
1421 2661 1563 2730 quod
1597 2657 1674 2712 illi
1708 2653 2043 2725 immorigeri

471 2764 621 2818 illam
690 2760 1014 2821 occiderint,
1078 2757 1310 2824 ideoque
1373 2751 1555 2807 traditi
1629 2751 1739 2805 sint
1821 2755 2046 2816 propter

471 2855 747 2911 camelum
775 2854 868 2908 iraa
897 2851 988 2906 Dei
1017 2850 1073 2904 in
1107 2845 1540 2903 habitationibus
1567 2843 1682 2898 suis
1741 2839 2043 2900 maledicti,

469 2947 566 3019 qui
613 2956 668 3002 et
698 2959 970 3014 nusquam
1022 2939 1396 3012 apparuerint.
1455 2933 1722 2990 Terribile
1754 2947 1781 2986 a
1809 2928 2048 2984 barbaro

468 3037 775 3107 exemplum
806 3034 1009 3102 ubique
1038 3030 1398 3101 proponitur;
1431 3027 1524 3081 sed
1543 3033 1720 3080 tamen
1750 3023 1828 3077 rei
1847 3021 2048 3077 veritas

468 3127 621 3205 nulla
649 3121 895 3205 apparet.
933 3121 1197 3176 Memorat
1221 3119 1392 3172 etiam
1414 3114 1711 3170 Abrahami
1743 3113 1796 3166 in
1821 3110 2049 3165 meridie

468 3199 765 3280 visionem,
842 3201 1082 3281 itemque
1131 3201 1374 3271 Lotum;
1435 3198 1811 3260 verumtamen
1861 3200 2046 3256 omnia

471 3309 776 3384 corrumpit
802 3295 963 3375 atque
988 3301 1291 3359 confundit.
1317 3300 1494 3355 Simul
1518 3309 1570 3353 et
1612 3297 1915 3350 immissam
1943 3293 2046 3347 So-

471 3387 654 3459 domis
685 3388 822 3456 iram
850 3398 1022 3467 ponit,
1049 3406 1104 3451 et
1131 3393 1389 3465 incogniti
1414 3386 1698 3460 cujusdam
1724 3385 1908 3455 SOaipi
1934 3385 2052 3438 Ma-

471 3487 693 3546 dianitm
725 3474 1057 3542 mentionem
1097 3482 1244 3546 facit,
1294 3484 1341 3536 si
1372 3480 1462 3534 hic
1497 3487 1739 3547 unquam
1775 3475 1917 3528 inter
1953 3473 2052 3526 ho-

472 3581 652 3636 mines
681 3569 800 3633 fuit.
817 3566 926 3633 Res
947 3569 1165 3646 quoque
1188 3571 1493 3627 Pharaonis
1518 3569 1756 3637 attingit,
1778 3566 2054 3633 nectilque

473 3676 544 3730 iis
558 3663 782 3729 stultam
801 3673 956 3728 suam
979 3666 1446 3740 praedicationem,
1469 3675 1640 3732 seque
1661 3660 1768 3714 illis
1789 3657 2052 3727 aequalem

473 3766 633 3834 facit;
667 3768 733 3822 Et
765 3765 937 3824 meos,
956 3763 1152 3833 inquit,
1177 3771 1456 3816 sermones
1473 3751 1762 3811 admittite.
1784 3753 1959 3821 Atque
1980 3751 2054 3805 ita

475 3858 833 3930 nugatorium
882 3849 990 3910 hoc
1041 3849 1341 3922 capitulum'
1390 3848 1616 3904 claudit.
1657 3846 1882 3916 Oportet
1926 3859 2056 3900 vero

481 3962 755 4006 Summam
782 3945 1000 4001 barbari
1050 3940 1484 3998 animadvertere
1536 3934 2056 3992 inconsiderantiam

475 4043 572 4114 qui
603 4051 712 4096 tam
739 4028 908 4094 libere
955 4049 1217 4106 personas
1261 4031 1501 4087 illustres
1521 4029 1808 4092 memerat,
1847 4036 2058 4082 contra-

476 4135 621 4190 rium
641 4140 818 4188 tamen
837 4129 943 4185 illis
957 4126 1402 4183 vitaeinstitutum
1425 4131 1685 4179 sectatur.
1701 4121 1841 4191 Ergo
1853 4119 2058 4174 alteru-

478 4219 624 4282 trum
661 4209 884 4294 peccat;
917 4219 999 4275 vel
1029 4219 1176 4274 enim
1207 4232 1267 4274 se
1291 4215 1767 4287 praevaricatorem
1800 4211 1923 4266 esse
1948 4225 2057 4264 non

480 4315 759 4386 intelligit,
793 4313 877 4368 vel
913 4311 963 4367 id
995 4324 1190 4366 omnes
1243 4309 1414 4362 latere
1460 4303 1742 4360 existimat
1776 4320 1790 4356 :
1823 4315 2057 4372 quorum

481 4408 710 4462 alterum
736 4418 967 4461 summie
996 4399 1288 4457 dementiae
1314 4397 1420 4464 est,
1447 4395 1684 4452 alterum
1712 4394 1955 4450 vesaniae
2009 4400 2062 4447 et

483 4495 857 4567 impudentiae.

2125 648 2234 683 των
2264 629 2413 700 παρὰ
2439 626 2767 697 προσδοκίαν
2803 627 3046 697 ἀνιαρῶν
3096 628 3209 690 τοῖς
3262 626 3573 698 ἀνθρώποις
3603 643 3617 656 ·
3663 627 3722 680 ετ

2126 739 2178 774 τι
2202 721 2246 774 δ’
2277 721 2342 774 ἀν
2371 720 2502 790 γὰρ,
2535 719 2690 789 φησὶ,
2736 717 3010 790 συμϐαίνῃ
3045 719 3196 788 ὑμῖν,
3233 719 3287 772 εί
3311 737 3370 773 τε
3395 713 3453 773 ἐν
3478 722 3550 789 γῇ
3597 719 3713 772 εἴτε

2129 813 2187 864 ἐν
2225 811 2490 882 Θαλάσσῃ,
2519 809 2608 864 διά
2633 810 2732 880 τὴν
2763 809 2892 879 περὶ
2923 809 3097 864 ταῦτα
3127 811 3385 864 ἀπιστίαν
3414 809 3671 863 πείσεσθε
3696 823 3713 838 ·

2130 906 2225 958 καὶ
2255 905 2492 975 παράγει
2520 905 2600 966 είς
2627 904 2936 973 μαρτυρίαν
2961 903 3250 974 προφήτην
3273 903 3368 956 καὶ
3412 902 3716 956 ἀπόστολον

2131 997 2394 1066 γεγονότα
2421 997 2514 1050 τὸν
2550 995 2674 1049 Νῶε
2697 1013 2710 1025 ·
2747 995 2844 1049 καὶ
2895 995 2976 1049 ὅτι
3029 995 3250 1050 πάντων
3295 996 3716 1067 ἀρνησαμένων,

2132 1092 2182 1143 οί
2211 1090 2410 1153 πάντες
2432 1087 2712 1142 ἀπώλοντο
2743 1106 2757 1119 ·
2783 1089 2879 1142 καὶ
2909 1090 2991 1142 ὅτι
3019 1083 3098 1153 εἷς
3131 1089 3243 1142 τῶν
3272 1088 3436 1143 αὑτοῦ
3466 1088 3602 1140 υίῶν
3641 1088 3719 1158 μὴ

2135 1181 2433 1245 πιστεύσας
2458 1183 2734 1252 ἀπεπνίγη
2757 1182 2990 1252 ὁρῶντος
3012 1179 3106 1235 τοῦ
3134 1182 3393 1253 γέροντος
3423 1197 3436 1210 ·
3474 1181 3569 1234 καὶ
3634 1181 3720 1233 ὅτι

2135 1275 2194 1340 ἐξ
2241 1273 2474 1327 ἑκάστου
2513 1273 2688 1336 εἴδους
2745 1273 2920 1339 ζώων,
2969 1273 3066 1344 ούχ
3095 1273 3234 1328 ἐπτά
3263 1274 3357 1326 καὶ
3398 1272 3493 1326 δύο
3523 1271 3722 1341 ζυγάς,

2136 1364 2253 1418 ἀλλ’
2286 1362 2390 1416 ἀνά
2423 1363 2550 1434 μίαν
2593 1363 2761 1432 μόνην
2807 1362 2977 1433 ζυγὴν
2999 1363 3117 1434 μετ’
3139 1363 3308 1417 αὐτοῦ
3346 1361 3508 1414 ἔλαϐε
3541 1378 3556 1393 ·
3625 1359 3727 1413 καὶ

2138 1454 2496 1526 προστίθησιν
2525 1454 2604 1518 ὡς
2626 1457 2690 1508 ἐκ
2719 1454 2813 1509 τοῦ
2847 1453 2987 1526 πρὸς
3035 1455 3200 1508 αὐτὸν
3245 1452 3406 1525 δῆθεν
3459 1451 3729 1522 ἐμπνέον-

2137 1565 2250 1610 τος,
2279 1548 2360 1601 ὅτι
2401 1547 2498 1600 Ἐκ
2524 1547 2632 1600 τῶν
2664 1546 3375 1617 ἐξηγήσεωντῶνάπόντων
3408 1542 3730 1614 δηλοποιοῦ-

2143 1657 2244 1710 μεν
2273 1639 2446 1694 ταῦτα
2471 1640 2607 1710 πρὸς
2639 1636 2729 1693 σε’·
2758 1641 2857 1694 οὐκ
2886 1635 2956 1710 ἦς
2987 1637 3275 1706 γινώσκων
3306 1638 3447 1692 αύτά
3483 1636 3546 1690 σύ
3580 1653 3596 1667 ·
3627 1636 3729 1689 οὗ·

2139 1751 2200 1786 τε
2221 1735 2248 1788 ὁ
2272 1733 2400 1797 λαός
2431 1750 2524 1786 σου
2548 1731 2653 1804 πρὸ
2681 1731 2872 1786 τούτου
2895 1749 2907 1763 ·
2946 1733 3054 1786 ἰδοὺ
3077 1731 3134 1785 δὲ
3164 1732 3329 1794 αὐτὸς
3376 1730 3510 1802 περὶ
3555 1729 3730 1783 αὐτοῦ

2142 1825 2396 1896 ὁμολογεῖ
2451 1826 2534 1879 ὅτι
2581 1825 2679 1895 τὴν
2713 1819 3014 1894 Μωσαῖκὴν
3072 1824 3297 1895 Γραφὴν
3335 1824 3437 1876 οὐκ
3489 1822 3730 1889 ἀνέγνω,

2073 1915 2115 1970 Β
2140 1917 2328 1986 ἐπειδὴ
2356 1915 2528 1983 αὐτὴν
2554 1915 2616 1968 οὐ
2646 1913 2912 1985 προφέρει
2940 1913 3137 1984 ὀρθῶς,
3174 1912 3312 1965 ἀλλά
3371 1911 3515 1965 πάνυ
3550 1909 3735 1961 ἐνδια-

2145 2009 2393 2077 στρόφως
2423 2007 2516 2060 καὶ
2543 2005 2937 2076 ἀκαταλλήλως
2984 2004 3119 2074 πρὸς
3147 2005 3350 2074 ἐαυτήν
3383 2021 3398 2034 ·
3463 1999 3738 2071 πρόδηλον

2142 2101 2225 2153 ὅτι
2265 2100 2325 2152 ού
2356 2097 2450 2152 τοῦ
2473 2098 2948 2170 ὑπαγορεύσαντος
2984 2098 3154 2162 αὑτήν
3182 2097 3331 2149 ἐστιν
3370 2095 3402 2164 ἡ
3444 2093 3580 2166 πρὸς
3637 2091 3739 2144 αὐ-

2144 2190 2236 2243 τὸν
2263 2190 2470 2260 ὁμιλία,
2498 2190 2593 2244 καὶ
2619 2192 2651 2261 ὴ
2679 2189 2780 2260 τῆς
2812 2189 3040 2261 Γραφῆς
3069 2188 3337 2253 νόθευσις,
3380 2185 3496 2240 ἀλλ’
3551 2184 3584 2256 ἢ
3621 2201 3735 2236 πα-

2147 2283 2216 2352 ρά
2235 2281 2426 2352 ἀνδρὸς
2450 2281 2780 2351 Μανιχαίου,
2821 2279 2854 2351 ἢ
2881 2279 3034 2350 παρὰ
3055 2279 3328 2349 δαίμονος,
3381 2278 3414 2348 ἢ
3447 2277 3589 2346 τάχα
3635 2276 3738 2329 καὶ

2143 2374 2427 2444 ἐθελοντὴς
2455 2375 2774 2445 κακουργεῖ,
2827 2371 2968 2442 ὑπὲρ
3011 2370 3253 2426 Μωῦσέα
3297 2370 3492 2423 ἐαυτὸν
3526 2369 3739 2438 ἐπᾶραι

2145 2465 2337 2519 θέλων.
2360 2465 2472 2517 Καὶ
2500 2463 2636 2536 πρὸς
2668 2464 2880 2526 τούτοις
2911 2463 3000 2516 τὸν
3026 2462 3197 2517 Ζάλεθ
3239 2463 3546 2531 εἰσηγεῖται
3595 2477 3739 2529 προ-

2147 2557 2327 2628 φήτην
2355 2557 2431 2626 (7)
2458 2555 2555 2610 καὶ
2581 2554 2902 2608 διδάσκαλον
2939 2553 3071 2607 λαοῦ
3123 2553 3405 2622 ἀγνώστου
3438 2569 3452 2583 ·
3501 2552 3599 2606 καὶ
3653 2551 3742 2604 ὅτι

2146 2648 2477 2703 διεστείλατο
2508 2648 2689 2709 αὐτοῖς
2713 2645 2806 2699 τοῦ
2835 2646 2909 2716 μὴ
2953 2645 3155 2716 βλάψαι
3185 2644 3432 2713 κάμηλόν
3470 2660 3596 2697 τινα
3645 2659 3738 2694 νε-

2153 2738 2396 2809 μομένην
2449 2739 2508 2789 ἐν
2551 2735 2782 2805 ἀγροῖς·
2841 2725 2935 2787 καὶ
2987 2733 3071 2788 ὅτι
3109 2737 3307 2788 ἐκεῖνοι
3360 2731 3738 2802 παραϐάντες,

2149 2831 2444 2900 ἐφόνευσαν
2473 2827 2662 2898 αὐτὴν,
2681 2828 2776 2880 καὶ
2801 2824 3239 2895 κατελείφθησαν
3299 2823 3385 2877 διὰ
3418 2823 3518 2892 τὴν
3549 2822 3744 2892 κάμη-

2149 2924 2239 2977 λον
2265 2923 2322 2976 ἐν
2347 2922 2485 2994 ὀργῇ
2516 2919 2652 2974 Θεοῦ
2684 2915 2766 2982 είς
2812 2918 2911 2980 τὰς
2937 2915 3109 2981 αύλάς
3167 2915 3347 2970 αὐτῶν
3392 2913 3743 2985 ἐξαρώμενοι

2146 3017 2223 3082 ὡς
2278 3017 2352 3087 μὴ
2418 3011 2680 3084 φανέντες
2710 3029 2725 3044 ·
2786 3010 3018 3081 φοϐερὸν
3069 3006 3250 3063 τὸτοῦ
3290 3008 3569 3080 βαρϐάρου
3603 3007 3745 3060 ὑπόι

2149 3112 2352 3179 δειγμα
2383 3109 2441 3161 ἐν
2467 3108 2623 3168 πᾶσι,
2686 3103 2828 3175 πλὴν
2875 3103 2936 3156 τὸ
2995 3101 3194 3171 ἀληθὲς
3236 3099 3538 3172 πεφηνέναι
3572 3115 3588 3130 ·
3646 3097 3748 3167 μὲ-

2154 3218 2355 3272 μνηται
2389 3200 2445 3254 δὲ
2463 3198 2558 3253 καὶ
2585 3196 2684 3268 τῆς
2707 3197 2836 3266 περὶ
2858 3194 2952 3248 τὸν
2992 3192 3246 3266 Ἀϐραὰμ
3296 3191 3440 3246 κατά
3495 3190 3606 3261 τὴν
3643 3190 3748 3258 τῆς

2161 3291 2507 3365 μεσημϐρίας
2531 3287 2819 3350 ὀπτασίαν,
2848 3286 2942 3341 καὶ
2971 3285 3066 3340 τοῦ
3095 3284 3219 3340 Λώτ
3243 3300 3257 3314 ·
3291 3283 3387 3337 καὶ
3411 3280 3746 3353 παρασολοι-

2159 3384 2304 3449 κίζει
2365 3383 2545 3436 πάντα
2595 3381 2691 3434 καὶ
2740 3381 2975 3448 συγχεῖ·
3035 3378 3188 3446 ὅμως
3235 3373 3336 3446 τὴν
3379 3377 3473 3428 ἐπὶ
3530 3373 3740 3440 Σόδομα

2160 3476 2578 3547 κατενεχθεῖσαν
2608 3471 2788 3544 ὀργὴν
2812 3470 3030 3536 ἐξέθετο
3073 3487 3087 3501 ·
3122 3469 3286 3522 πάλιν
3319 3467 3376 3520 δέ
3417 3465 3511 3519 τοῦ
3539 3464 3744 3533 ἀδήλου

2162 3567 2367 3635 Σωαὴπ
2413 3565 2688 3636 μέμνηται
2731 3561 2823 3614 τοῦ
2870 3553 3224 3620 Μαδιανίτου,
3269 3555 3324 3608 εί
3378 3571 3464 3617 τις
3500 3553 3610 3623 ἄρα
3643 3552 3745 3604 καὶ

2162 3657 2428 3728 ἐγεγόνει,
2463 3657 2558 3711 καὶ
2581 3654 2690 3708 τῶν
2730 3649 3043 3722 ἐπὶ·Φαραώ
3067 3668 3081 3681 ·
3114 3648 3206 3702 καὶ
3233 3647 3613 3703 ἐπισυνάπτει.
3652 3643 3748 3696 καὶ¹

2161 3753 2263 3823 τὴν
2296 3748 2462 3805 αὑτοῦ
2508 3740 2995 3821 ματαιοκηρυξίαν,
3041 3745 3121 3797 ὅτι
3161 3742 3312 3804 Ἐνός
3351 3757 3497 3802 τινος
3526 3737 3738 3790 τούτων

2166 3843 2302 3907 ἴσον,
2339 3843 2432 3895 καὶ
2469 3841 2596 3901 τοὺς
2631 3829 2800 3908 ἐμοὺς
2827 3833 3202 3907 παραδέξασθε
3243 3832 3436 3899 λόγους
3471 3848 3486 3862 ο
3545 3828 3663 3908 καὶ-
3687 3827 3750 3878 ἐν

2161 3904 2376 3997 τούτοις
2404 3932 2495 3986 τὸν
2520 3904 2800 4002 φληναφον
2831 3904 3130 3997 ἐπετέμετο
3159 3940 3174 3956 ·
3213 3924 3438 3977 σκοπεῖν
3467 3921 3523 3974 δέ
3561 3904 3663 3972 δεῖ
3685 3917 3750 3971 τὺ

2164 4028 2256 4084 τοῦ
2292 4026 2568 4097 βαρϐάρου
2598 4021 2880 4091 ἀλόγιστον
2913 4022 2969 4073 ἐν
2991 4021 3104 4081 τοῖς
3121 4016 3385 4078 τοιούτοις
3412 4013 3578 4068 αὐτοῦ
3613 4013 3750 4065 ύπο-

2164 4121 2478 4189 δείγμασιν,
2534 4117 2618 4169 ὅτι
2662 4115 2771 4167 τῶν
2804 4111 2901 4182 μὲν
2930 4107 3154 4174 ἐνδόξων
3218 4105 3527 4178 προσώπων
3577 4103 3752 4166 ἀδεῶς

2167 4211 2593 4283 ἐμνημόνευσεν,
2623 4207 2722 4278 τὴν
2756 4205 3006 4261 ἐναντίαν
3034 4204 3090 4256 δέ
3119 4202 3304 4265 αὐτοῖς
3357 4199 3748 4270 πορευόμενος,

2167 4307 2313 4360 δυοῖν
2341 4303 2570 4372 θάτερον
2606 4300 2878 4368 ἔπασχεν·
2915 4297 2948 4366 ἢ
2999 4295 3106 4366 γὰρ
3141 4293 3202 4346 οὐ
3238 4292 3409 4345 συνίει
3456 4289 3619 4344 τοῦτο
3647 4305 3748 4340 πε-

2170 4396 2403 4462 πονθὼς,
2438 4397 2472 4464 ἣ
2500 4393 2683 4446 λαθεῖν
2715 4391 2932 4452 πάντως
2955 4388 3205 4457 ἐνόμισεν
3239 4401 3252 4416 ·
3295 4383 3410 4437 ἔστι
3443 4382 3501 4435 δέ
3557 4381 3618 4434 τὸ
3651 4379 3752 4449 μὲν

2169 4486 2384 4558 πρῶτον
2431 4483 2619 4545 ἀνοίας
2667 4480 2875 4543 ἀπλῶς,
2936 4478 2998 4531 τὸ
3045 4475 3102 4530 δέ
3157 4475 3408 4542 δεύτερον
3450 4470 3751 4544 παρανοίας

2096 4608 2140 4664 D
2173 4579 2268 4634 καὶ
2300 4573 2706 4647 ἀναισχυντίας.

2655 4663 3096 4719 ΕΛΕΓΚΤΙΚΟΣ
3149 4659 3254 4716 lA'.

2235 4760 2332 4828 ξζν.
2378 4759 2435 4812 '0
2485 4755 2768 4818 ἑνδέκατος
2814 4753 2982 4824 μῦθος
3033 4751 3111 4822 τῷ
3159 4749 3407 4819 Μωάμετ
3454 4735 3755 4816 ἐπιγέγρα-

489 4859 722 4943 λοεσρίις
748 4866 937 4913 narrat
967 4865 1146 4912 autem
1186 4869 1274 4909 res
1298 4851 1478 4923 pudici
1510 4849 1736 4919 Josephi
1775 4849 1937 4903 modo
1959 4841 2032 4900 im

2165 4871 2296 4909 πται
2329 4852 2428 4922 μέν
2454 4852 2556 4934 Είς
2574 4848 2682 4902 τὸν
2719 4845 2952 4914 Ἰωσὴφ,
2988 4845 3257 4913 διηγεῖται
3299 4843 3356 4896 δέ
3386 4841 3454 4894 τά
3485 4840 3614 4909 περὶ
3657 4837 3753 4890 τοῦ

489 4939 750 5024 perfecte,
793 4953 960 5006 modo
990 4947 1347 5017 interpolatas
1390 4955 1445 4999 et
1498 4944 1775 5004 extensas,
1815 4937 2042 5010 quzedan

2167 4943 2441 5011 σώφρονος
2475 4930 2696 5007 Ἰωσὴφ,
2731 4935 2806 5005 πῆ
2838 4936 2934 5005 μὲν
2967 4932 3187 5002 ἐλλιπῆ,
3243 4931 3321 5001 πῆ
3370 4932 3427 4984 δέ
3471 4928 3758 4999 παρεμϐε-

487 5020 653 5102 etiam
686 5041 916 5099 ridicula
949 5050 1004 5096 et
1058 5039 1258 5110 turpia,
1303 5049 1322 5089 ι
1357 5047 1411 5092 et
1466 5035 1611 5105 'quod
1646 5033 1847 5088 Rachel
1878 5031 1943 5086 ad
1972 5045 2042 5100 per

2171 5033 2418 5105 ϐλημένα
2444 5027 2885 5096 καὶέκτεταμένα
2905 5023 3270 5094 καὶγελοιώδη
3300 5023 3394 5075 καὶ
3421 5022 3625 5092 αἰσχρά
3653 5020 3754 5087 (8)·

489 5140 586 5194 des
615 5137 736 5208 ejus
785 5132 1144 5206 procubuerit
1215 5147 1342 5188 cum
1393 5128 1591 5185 lsraele
1621 5135 1775 5198 patre
1821 5125 1970 5179 illius
2011 5124 2042 5176 it

2181 5145 2200 5180 ι
2244 5126 2354 5180 Καὶ
2383 5124 2485 5186 ὅτι,
2517 5121 2704 5190 φησὶν,
2737 5121 2771 5190 ἡ
2812 5116 3014 5188 Ῥαχὴλ
3036 5116 3232 5169 ἔπεσεν
3269 5115 3349 5178 είς
3399 5112 3528 5176 τοὺς
3585 5111 3755 5173 πόδας

489 5201 976 5301 ΕενὼυΑἈιηῶ
1006 5222 1218 5288 MoySes
1249 5221 1381 5278 dicit
1401 5221 1573 5290 ipSam
1593 5225 1984 5288 praamortuam
2014 5214 2042 5267 ii

2177 5215 2341 5272 αὑτοῦ
2364 5216 2462 5268 σὺν
2503 5211 2720 5282 Ἰσραὴλ
2747 5209 2825 5280 τῷ
2871 5207 3038 5278 πατρὶ
3090 5205 3256 5260 αὑτοῦ
3305 5206 3363 5258 ἐν
3404 5201 3689 5272 Αἰγύπτῳ.
3726 5217 3747 5250 ι

490 5293 649 5393 partu
670 5293 993 5388 Benjamini.
1021 5313 1171 5369 Adeo
1203 5327 1418 5383 semper
1462 5311 1640 5366 studet
1684 5308 1928 5362 fallacem
1976 5307 2041 5360 de

2177 5309 2436 5374 Καίτοιγε
2485 5307 2513 5356 ὁ
2548 5303 2786 5374 Μωῦσῆς
2840 5299 3268 5372 προτελευτῆσαι
3321 5296 3488 5368 αὐτὴν
3517 5293 3667 5361 λέγει
3697 5293 3758 5344 ἐν

496 5417 804 5468 monstrare
826 5407 1008 5464 virum
1047 5407 1257 5462 visione
1285 5405 1380 5460 Dei
1413 5403 1674 5458 donatum
1713 5401 1726 5452 ί
1760 5398 2030 5465 Additqne

2176 5397 2255 5469 τῷ
2281 5397 2427 5465 τόκῳ
2451 5393 2710 5463 Βενιαμίν
2734 5407 2749 5424 ·
2789 5390 2963 5453 οὓτως
2993 5389 3080 5444 ἀεὶ
3128 5386 3456 5457 ψευδόμενον
3513 5381 3754 5452 φιλονει-

503 5523 523 5556 c
555 5507 730 5574 Atque
782 5503 900 5559 haec
953 5513 1020 5556 ex
1065 5498 1310 5555 historiis
1352 5493 1701 5563 antiquorum
1767 5491 1861 5544 tibi
1923 5505 2042 5544 reve

2179 5492 2267 5544 κεῖ
2291 5487 2564 5542 δεικνύναι
2603 5486 2696 5538 τὸν
2752 5477 2986 5549 θεόπτην
3021 5497 3036 5512 ·
3081 5479 3176 5532 καὶ
3226 5475 3602 5546 προστίθησιν,
3668 5473 3751 5525 ὅτι

499 5561 678 5649 lamus
705 5591 954 5647 Arabicis
983 5588 1202 5644 litteris.
1241 5605 1260 5639 ι
1318 5561 1640 5655 Αιηυῑέιιίιή
1670 5579 1822 5643 dicit,
1857 5594 1917 5636 se
1955 5581 2036 5635 sin

2175 5599 2192 5632 ι
2235 5579 2407 5633 Τοῦτο
2433 5579 2497 5629 ἐκ
2539 5574 2647 5628 τῶν
2688 5575 2998 5644 διηγήσεων
3032 5571 3139 5624 τῶν
3169 5570 3418 5624 ἀπόντων
3472 5561 3751 5622 ἀποκαλύ-

501 5687 707 5755 scripto
737 5685 837 5739 has
869 5681 1100 5752 ineptias
1145 5694 1274 5736 suas
1300 5653 1592 5747 recepisse.
1624 5675 1717 5733 Est
1745 5681 1925 5732 autem
1954 5689 2042 5730 ver

2170 5689 2378 5742 πτομεν
2394 5668 2564 5722 ταῦτα
2602 5667 2739 5738 πρὸς
2769 5664 2944 5718 σέρδιά
2990 5653 3296 5736 Ἀραϐικῶν
3328 5657 3691 5730 γραμμάτων·
3721 5670 3744 5704 ι

981 4666 1425 4748 conrnune
1470 4665 1563 4721 χι.

557 4769 648 4823 67.
693 4765 992 4822 Undecima
1045 4777 1075 4818 a
1124 4760 1440 4817 Moliamede
1493 4751 1676 4813 fabula
1750 4753 2068 4810 inscribitur

579 5859 804 5930 ipsi”.
840 5861 929 5930 XI,
957 5863 1045 5926 et,
1085 5862 1174 5929 69,
1205 5862 1292 5928 70,
1334 5860 1400 5914 76
1431 5876 1546 5930 seq.
1582 5860 1671 5924 85,
1696 5858 1784 5912 98.

2252 5853 2326 5924 (8)
2354 5851 2477 5907 δατ.
2518 5849 2637 5916 xu,
2675 5850 2796 5905 too.
