4048 6402
406 352 524 417 757
1576 344 2012 412 REFUTATJO

2145 341 2510 403 'HAMEDIS.
3569 332 3681 396 ’758

407 463 665 533 καίτοιγε
694 461 928 534 ἀλλαχοῦ
984 479 1148 532 φησιν
1177 462 1259 516 ὅτι
1293 461 1556 534 ἀγράφως
1597 460 1695 526 τάς
1723 458 2007 532 τερθρείας
2036 508 2037 512 η

2148 468 2303 507 orum
2331 451 2450 519 ejus
2469 463 2667 519 scopus
2699 448 2809 514 hic,
2830 444 2973 517 quod
3002 444 3058 500 Si
3078 444 3378 518 Joscphum
3408 445 3677 519 Egyptus

404 558 623 620 ταύτας
644 556 926 609 δέδεκται·
956 557 984 609 6
1016 555 1073 609 δὲ
1107 554 1306 618 σκοπὸς
1333 554 1482 625 αὑτῷ
1510 552 1602 608 τοῦ
1641 554 1799 618 λόγου
1825 551 2000 604 τοιοῦ-

2145 546 2366 610 dmisit,
2420 544 2591 598 multo
2648 556 2733 596 me
2796 540 2970 610 magis
3012 540 3216 595 debetis
3269 554 3364 595 vos
3420 542 3682 611 recipere.

405 667 508 712 τος
536 666 551 680 ·
597 649 678 701 ὅτι
737 648 799 700 Ei
850 645 942 700 τὸν
1008 648 1266 717 Ἰωσὴφή
1331 648 1602 715 Αἴγυπτος
1647 644 1999 715 παρεδέξατο,

2145 642 2277 693 ‘anta
2310 647 2393 693 est
2421 636 2632 692 insania
2667 636 2785 705 ejus
2818 635 2831 688 !
2869 636 3047 702 Atque
3081 631 3154 687 ita
3188 633 3409 687 stultam
3436 632 3678 688 fabulam

411 740 602 811 πολλῷ
636 740 835 809 μᾶλλον
868 739 968 810 ἐμὲ
994 739 1246 805 δέξασθαι
1302 739 1459 807 ὑμεῖς
1513 736 1826 805 ὲποφείλετε
1847 750 1860 763 ο
1913 752 2001 786 το-

2145 746 2261 784 nam
2293 728 2591 784 concludit.

414 834 609 886 σοῢτον
636 831 784 902 αὐτῷ
815 832 876 885 τὸ
904 832 1092 903 περιὸν
1125 834 1224 902 τῆς
1256 830 1513 893 ἀπονοίας
1543 845 1559 860 ·
1589 829 1685 883 καὶ
1716 829 1772 881 ὲν
1797 827 2004 895 τούτοις

411 925 511 979 τὸν
543 925 820 997 φλήναφον
849 925 1236 993 ἀπεστόμισεν.

918 1032 1359 1089 ΕΛΕΓΚἸῚΚΟΣ
1404 1032 1502 1087 1Β’.

494 1123 600 1196 ξη’.
643 1127 718 1180 Τὸ
751 1125 1071 1186 ,δωδέκατον
1129 1124 1395 1195 μυθάριον
1433 1123 1514 1194 τῷ
1545 1122 1793 1193 Μωάμετ
1821 1122 2007 1189 ἐπιγέ-

417 1235 668 1288 γραπται
699 1216 796 1287 μὲν
820 1219 924 1283 Εἰς
942 1214 1067 1288 τὴν
1087 1213 1360 1282 ,βροντήν
1385 1229 1398 1242 ·
1425 1213 1833 1284 ὑπομιμνήσκει
1867 1211 2009 1283 (9)δὲ

416 1284 552 1372 τοὺς
580 1284 878 1371 ἀκοὺοντας
915 1284 996 1361 ὂθτι
1023 1305 1116 1360 τὸν
1142 1305 1371 1376 οὐρανὸν
1398 1308 1489 1359 καὶ
1518 1305 1615 1376 τὴν
1661 1305 1764 1374 γῆν
1823 1306 1851 1357 6
1879 1303 2011 1365 Θεὸς

420 1397 707 1465 ἐποίησεν,
737 1396 828 1450 καὶ
846 1395 1007 1457 αὐτὸς
1035 1394 1240 1467 βρέχει,
1269 1395 1363 1450 καὶ
1392 1394 1630 1466 χάλαζαν
1665 1393 1966 1463 καταφέρει
1991 1407 2004 1421 ·

419 1488 626 1542 ὡσανεὶ
647 1488 856 1542 οὐδέπω
889 1487 1076 1543 ἄλλοτε
1120 1487 1310 1543 τούτου
1347 1487 1732 1559 φημισθέντος,
1764 1468 1845 1539 ότι
1895 1502 1955 1538 τε
1984 1487 2012 1538 6

422 1579 559 1644 Θεὸς
586 1578 757 1634 ταῦτα
788 1578 1061 1651 ἐποίησεν,
1099 1580 1191 1634 καὶ
1226 1552 1472 1650 ἐνεργεέν
1517 1552 1801 1631 ἐκέλευσεν
1832 1594 1845 1608 ·
1914 1577 2012 1630 καὶ

2145 1571 2364 1626 ussisse.
2403 1567 2469 1622 Et
2520 1580 2647 1619 mox
2712 1576 2813 1617 ceu
2855 1558 3105 1615 confessa
3141 1555 3389 1627 queedam
3435 1552 3709 1624 principia-

425 1669 621 1724 λοιπὸν
679 1670 866 1740 ὥσπερ
916 1648 1088 1742 ἀρχάς
1134 1688 1289 1733 τινας
1324 1648 1763 1741 όμολογουμένας
1810 1669 2014 1731 ταύτας

2145 1677 2232 1717 ικϐ
2255 1673 2587 1731 proponens,
2614 1665 2875 1722 tanquam
2920 1648 3229 1705 necessario
3278 1652 3699 1701 consecuturam

426 1762 712 1831 προσθεὶς,
744 1738 1178 1831 ὡςήάναγκαίως
1217 1738 1446 1839 ἕπεσθαι
1497 1738 1851 1832 ὀφειλομένην
1915 1760 2014 1830 τὴν

2145 1752 2549 1826 lecyomantiam
2575 1762 2728 1804 suam
2762 1743 3022 1807 adnectit,
3064 1749 3119 1795 et
3147 1738 3520 1808 hujuscemodi
3546 1752 3702 1806 quee-

2609 1839 2645 1849 -
2786 1846 2794 1849 -
2918 1847 2925 1849 λ
3006 1834 3057 1849 ..
3120 1848 3127 1849 ,
3189 1845 3268 1849 μ,
3312 1844 3421 1849 η--
3474 1827 3679 1849 μη.--

429 1852 631 1906 ἑαυτοῦ
658 1854 1081 1923 νεκυομαντείαν
1104 1854 1426 1921 ἐπισυνάγει
1453 1893 1468 1919 ,
1522 1853 1617 1907 καὶ
1646 1852 1867 1906 τοιαῦτά
1896 1869 2018 1905 τινα

2145 1849 2244 1903 lam
2278 1854 2513 1915 nugatur
2541 1858 2555 1894 :
2609 1839 2754 1895 Deus
2782 1846 2972 1901 tonat;
3006 1834 3134 1888 hinc
3188 1845 3275 1885 me
3303 1844 3427 1884 esse
3474 1827 3709 1897 prophe-

433 1944 751 2014 παραληρεῖ
778 1960 792 1975 ο
823 1917 903 1998 ’Ὃ
933 1944 1067 2009 Θεὸς
1097 1944 1297 2017 βροντᾷ
1332 1917 1460 2001 ’-ὲκ-
1490 1944 1681 1999 τούτου
1714 1944 1887 2013 γνῶτε
1938 1944 2019 1998 ὅτι

2147 1954 2233 1994 am
2258 1936 2407 1992 illius
2441 1929 2813 2004 congnoscite.
2847 1926 2991 1980 Deus
3026 1923 3262 1992 fulgurat
3291 1937 3307 1986 ;
3346 1935 3433 1973 me
3463 1917 3704 1988 prOphe—

431 2008 725 2104 προφήτης
758 2034 926 2088 αὑτοῦ
956 2036 1071 2106 ειμι
1097 2008 1207 2104 ἐγώ
1227 2051 1240 2063 ·
1271 2008 1311 2087 ’ὁ
1338 2034 1469 2097 Θεὸς
1491 2008 1815 2105 ἀστράπτει,
1846 2033 2021 2101 γνῶτε

2148 2047 2236 2087 am
2271 2030 2391 2100 ejus
2430 2041 2552 2082 esse
2608 2019 2941 2093 cognoscite.
2984 2018 3128 2071 Deus
3168 2014 3221 2068 in
3249 2021 3393 2067 terra
3420 2008 3711 2066 collocavit

434 2121 521 2175 ὅτι
547 2124 835 2196 προφήτης
860 2125 1026 2180 αὑτοῦ
1047 2128 1163 2196 εἰμι
1182 2125 1292 2195 ἐγώ
1312 2143 1324 2156 ·
1349 2127 1376 2179 6
1401 2125 1534 2188 Θεὸς
1556 2125 1754 2195 ἔθηκεν
1774 2125 1833 2177 έν
1862 2127 1925 2195 τῇ
1950 2127 2021 2196 γῇ

2145 2138 2288 2180 ιιιιηο
2320 2134 2489 2191 genus
2523 2113 2839 2170 animalium
2876 2119 3040 2178 atjue
3069 2106 3377 2185 plantarum
3407 2123 3425 2168 ;
3468 2115 3555 2155 me
3581 2114 3705 2169 pro-

2160 1065 2165 1071 .
2567 1009 2794 1067 CONFU
2806 1006 3014 1064 TATIO
3046 1007 3166 1063 XII.

2182 1108 2272 1163 68.
2323 1106 2653 1162 Duodecimn
2684 1120 2715 1158 a
2762 1102 3084 1157 Mohamede
3129 1099 3313 1155 fabula
3374 1097 3694 1153 inscribitur

2112 1201 2356 1255 Tom'tru.
2388 1197 2571 1252 Monet
2597 1204 2781 1251 autem
2824 1193 3121 1259 auditores,
3163 1189 3327 1244 Deum
3361 1189 3558 1244 caelum
3590 1198 3692 1242 ter-

2111 1305 2340 1361 ramque
2388 1288 2582 1342 fecisse
2614 1327 2629 1351 ,
2657 1283 2806 1340 etab
2832 1282 3021 1337 eodem
3069 1280 3297 1335 imbrem
3349 1278 3700 1348 grandinem-

2111 1399 2218 1456 que
2252 1380 2498 1437 demitti:
2533 1377 2692 1448 quasi
2722 1389 2992 1445 nusquam
3024 1372 3079 1428 id
3112 1381 3256 1427 esset
3286 1368 3691 1440 famigeratum;

2113 1479 2229 1533 haec
2274 1473 2528 1529 videlicet
2579 1470 2749 1525 Deum
2813 1467 3027 1533 fecisse,
3079 1464 3434 1533 vicissimque
3486 1461 3703 1531 operari

435 2213 551 2267 πᾶν
580 2213 717 2278 ζῶον
746 2218 839 2270 καὶ
868 2217 1033 2286 φυτόν
1064 2236 1077 2250 ·
1105 2219 1278 2285 γνῶτε
1301 2218 1383 2271 ὅτι
1407 2217 1694 2289 προφήτης
1720 2216 1883 2271 αὑτοῦ
1908 2217 2023 2286 εἰμι

434 2306 553 2376 ἐγώ
579 2323 594 2339 ο
622 2306 698 2362 ἴδε
728 2309 893 2363 πόθεν
924 2302 1034 2362 εἷλε
1064 2310 1191 2372 τοὺς
1218 2308 1434 2372 ἀθλίους
1464 2309 1790 2381 βαρϐάρους.
1824 2308 2025 2363 Λοιπὸν

434 2396 495 2449 δὲ
528 2399 620 2453 καὶ
645 2401 806 2470 ἡμεῖς
846 2399 923 2464 ὡς
956 2401 1019 2453 ὲκ
1052 2400 1247 2452 τούτου
1284 2398 1568 2470 μαθόντες,
1630 2398 1726 2453 καὶ
1755 2398 1824 2452 τά
1883 2399 2026 2453 κατὰ

441 2484 607 2557 μέρος
625 2490 1036 2557 κατανοοῦντες,
1069 2489 1193 2543 καθ’
1241 2489 1269 2543 ὃ
1301 2490 1461 2554 αὑτὸς
1505 2490 1749 2543 διδάσκει
1809 2487 2027 2557 εὐφυῶς

442 2579 576 2649 περὶ
600 2580 768 2632 αὐτοῦ
800 2581 981 2649 λέγειν
1025 2581 1301 2652 δυνάμεθα
1323 2599 1337 2613 ο
1391 2582 1548 2646 Ὀνος
1576 2582 1809 2651 ὁγκᾶται
1839 2597 1853 2610 ·
1890 2580 2030 2650 γνῶ-

439 2682 528 2731 τε,
552 2668 600 2720 οἱ
624 2667 911 2739 βάρϐαροι,
936 2671 1018 2723 ὅτι
1043 2671 1291 2741 Μωάμετ
1318 2669 1454 2724 Θεοῦ
1487 2671 1651 2725 αὑτοῦ
1702 2671 1991 2742 προφήτης
2011 2688 2027 2701 ⁸

442 2758 568 2830 βόες
603 2759 905 2830 μυκῶνται,
928 2762 1104 2830 γνῶτε
1122 2764 1171 2816 οἱ
1200 2763 1489 2834 βάρϐαροι,
1518 2763 1599 2816 ὃτι
1630 2762 1877 2833 Μωάμετ
1896 2762 2030 2816 Θεοῦ

440 2851 612 2904 αὑτοῦ
624 2852 1217 2917 ἀπόστολος·ὠσαύτως
1250 2854 1305 2907 δὲ
1332 2855 1426 2907 καὶ
1455 2855 1582 2925 περὶ
1598 2853 1776 2907 κυνῶν
1806 2854 2030 2924 ὑλακῆς,

444 2942 547 2995 καὶ
575 2942 902 3015 βομϐὑθρων
960 2945 1126 3015 ἠχῆς,
1164 2946 1258 2999 καὶ
1312 2945 1420 2998 τῶν
1474 2946 1677 3017 ὁμοίων
1705 2964 1718 2978 ⁸
1774 2947 1880 3001 τίνι
1923 2946 2033 3002 τῶν

439 3034 723 3089 δυσσεϐῶν
752 3037 915 3090 αὑτὸν
933 3038 1230 3092 ἀπεικάσαι
1277 3039 1342 3090 δι’
1382 3037 1684 3109 ὑπερϐολὴν
1714 3038 2032 3109 θεομαχίας,

2126 2215 2348 2287 phetam
2416 2211 2563 2265 illius
2619 2222 2741 2263 esse
2769 2200 3108 2274 cognoscite.
3167 2194 3386 2263 Yiden',
3437 2190 3714 2264 quomodo

2129 2305 2376 2363 infelices
2404 2300 2668 2356 barbaros
2705 2292 2990 2364 decipiat?
3041 2289 3305 2358 Superest
3352 2293 3411 2339 ut
3453 2298 3551 2339 nos
3574 2295 3715 2352 quo-

2129 2394 2420 2453 dammodo
2448 2392 2517 2446 ab
2545 2404 2612 2445 eo
2633 2388 2926 2449 discentes,
2944 2390 2997 2436 et
3037 2378 3245 2449 singula
3276 2374 3713 2437 considerantes,

2130 2498 2294 2560 prout
2340 2487 2458 2558 ipse
2495 2499 2593 2539 nos
2654 2479 2869 2554 egregie
2918 2477 3098 2542 docet,
3155 2472 3345 2537 dicere
3387 2468 3714 2523 valeamus:

2132 2558 2336 2637 iisinus
2375 2577 2562 2643 rudit;
2593 2572 2925 2646 cognoscite,
2955 2584 2989 2624 o
3042 2562 3282 2628 barbari,
3334 2558 3714 2616 Mohamedem

2132 2687 2254 2729 esse
2290 2669 2384 2725 Dei
2415 2669 2589 2739 ipsius
2635 2663 2982 2735 prophetam.
3014 2658 3208 2713 Vaccae
3262 2653 3557 2724 mugiunt;
3626 2662 3721 2702 co-

2135 2764 2400 2837 gnoscite,
2435 2776 2468 2815 o
2528 2758 2771 2823 barbari,
2823 2752 3193 2809 Mohamedcm
3249 2762 3370 2803 esse
3403 2744 3494 2798 Dei
3543 2741 3721 2812 ipsius

2135 2857 2393 2927 legatum.
2423 2850 2689 2906 Similiter
2721 2850 2787 2902 de
2815 2859 3017 2903 canum
3054 2843 3273 2903 latratu,
3307 2837 3375 2907 de
3428 2846 3719 2902 vesparum

2137 2920 2388 3021 strepitu,
2420 2952 2477 2997 et
2499 2941 2624 2998 aliis
2655 2936 2992 3007 huiusmodi.
3021 2933 3249 2990 Cuinam
3277 2928 3443 2998 impio
3476 2926 3623 2979 hunc
3648 2920 3718 2977 ob

2138 3037 2469 3107 irreligionis
2517 3046 2804 3087 excessum
2856 3039 3196 3100 comparem,
3255 3035 3366 3075 non
3422 3014 3721 3084 comperio.

440 3127 550 3179 οὑκ
578 3126 687 3198 ἔχω
718 3143 733 3157 '
763 3127 858 3182 καὶ
898 3128 1017 3182 οὐδὲ
1052 3127 1472 3198 συναισθόμενος
1503 3130 1530 3182 ὁ
1574 3129 1903 3200 παραπαίων
1934 3130 2035 3200 τῆς

2145 3132 2324 3203 Neque
2371 3139 2555 3183 tamen
2610 3124 2817 3181 delirus
2843 3121 2934 3175 hic
2984 3116 3230 3173 sentiens
3303 3110 3526 3179 impiam
3570 3118 3724 3162 suam

441 3217 612 3271 ἀθέου
651 3217 941 3289 φλυαρίας,
994 3218 1132 3273 ἀλλὰ
1180 3222 1272 3273 καὶ
1314 3219 1456 3288 μέγα
1486 3220 1573 3272 ἐπ’
1627 3218 1764 3291 αὑτῇ
1798 3220 2033 3291 φρονῶν,

441 3306 535 3360 ὅτι
577 3307 738 3378 δῆθεν
771 3309 961 3362 ἀκούει
993 3309 1322 3381 βροντῶντος
1343 3308 1476 3364 Θεοῦ
1505 3311 1601 3364 καὶ
1635 3311 2037 3381 ἀπράπτοντος

441 3399 576 3469 ὁρᾷ,
607 3399 703 3452 καὶ
728 3400 906 3464 ἄλλοις
921 3399 1254 3473 ταῦταιλέγει
1279 3417 1292 3431 ·
1315 3401 1562 3454 ὲκϐοάτω
1591 3400 1748 3454 τοῦτο
1779 3403 1921 3471 μέγα
1947 3404 2040 3455 καὶ

442 3491 692 3558 ἐξαίσιον
722 3490 883 3563 ἔργον
906 3492 982 3557 ὡς
1014 3493 1079 3546 ἐκ
1115 3493 1383 3563 στόματος
1410 3491 1505 3547 τοῦ
1556 3491 1914 3563 πηρώσαντος
1940 3494 2040 3547 αὑ·-

443 3583 549 3638 τοῦ
579 3584 676 3648 τὰς
705 3584 901 3654 νοητὰς
939 3584 1221 3655 αἰσθήσεις
1258 3584 1432 3648 οὕτως
1461 3601 1474 3614 ο

529 3672 624 3739 ξθ’.
659 3695 678 3728 ι
734 3675 1163 3746 Ἀπεστείλαμέν
1192 3693 1251 3728 σε
1285 3676 1394 3746 (10)
1425 3675 1560 3747 πρὸς
1594 3675 1748 3741 ἔθνος
1800 3667 1863 3729 οὗ
1900 3693 2049 3749 παρτ

443 3766 623 3835 ἦλθον
646 3770 775 3837 παρ’
801 3765 968 3822 αὑτοῦ
998 3766 1126 3838 ἔθνη
1178 3767 1273 3821 τοῦ
1320 3769 1671 3838 ἐντυγχάνειν
1716 3767 1900 3822 ἐπάνω
1944 3767 2043 3822 αὑ-

446 3859 570 3913 τῶν
607 3859 675 3913 τά
705 3858 1129 3931 δηλοποιηθέντα
1162 3858 1299 3929 πρὸς
1334 3859 1413 3913 σέ.
1452 3877 1471 3910 ι
1522 3860 1585 3912 Ὦ
1633 3858 1742 3913 ἀπὸ
1770 3859 1868 3928 τῆς
1900 3859 2043 3912 ἀνω-

447 3949 610 4004 τάτω
652 3951 846 4021 σοφίας
875 3949 953 4020 τῷ
981 3950 1264 4021 Μωάμετι
1314 3950 1484 4014 ὅντως
1526 3949 1623 4004 νῦν
1679 3948 1936 4022 εὔκαιρον
1985 3952 2048 4005 τὸ

448 4041 739 4111 Γραφικὸν
761 4043 938 4096 έκεῖνο
966 4041 1132 4111 φάναι
1166 4041 1328 4113 ῥητόν
1353 4058 1368 4073 ο
1419 4041 1482 4095 '0
1500 4041 1700 4111 μωρὸς
1724 4042 1887 4111 μωρὰ
1936 4044 2047 4096 λα-

450 4135 670 4203 λήσει,
701 4136 801 4191 καὶ
830 4137 868 4204 ἠ
893 4136 1109 4205 καρδία
1146 4135 1335 4191 αὑτοῦ
1351 4134 1576 4206 μάταια
1604 4135 1820 4205 νοήσει
1852 4153 1867 4166 -
1917 4137 2051 4206 περὶ

451 4231 526 4285 δὲ
557 4229 655 4300 τῆς
683 4229 929 4300 βροντῆς,
958 4228 1024 4282 δι’
1058 4228 1125 4300 ἢν
1159 4228 1309 4299 καὶή
1338 4226 1615 4298 ἐπιγραφὴ
1643 4231 1839 4292 κεῖται,
1878 4227 2047 4297 φησί’

454 4322 579 4379 Καὶ
614 4320 846 4387 δοξάζει
884 4322 922 4392 ὴ
949 4320 1146 4391 βρονὴ
1194 4320 1264 4373 ἐν
1302 4318 1377 4389 τῇ
1420 4320 1778 4388 εὐχαριστίᾳ
1820 4318 2010 4373 αὐτοῦ
2036 4335 2049 4350 ·

452 4415 714 4472 τουτέστι
741 4412 928 4479 εὔνους
979 4414 1074 4467 καὶ
1099 4412 1293 4482 λογικὴ
1327 4411 1476 4483 φωνή
1512 4414 1660 4466 ἐστιν
1718 4413 1752 4482 ἡ
1813 4410 2009 4483 βροντή
2037 4426 2052 4441 ο

2138 3224 2529 3297 nugacitatem,
2560 3219 2672 3272 imo
2702 3226 3027 3284 magnopere
3054 3209 3113 3286 in
3129 3222 3190 3262 ea
3219 3203 3532 3273 sejaetans,
3567 3195 3715 3266 quod

2139 3289 2310 3373 Deum
2342 3320 2623 3375 tonantem
2683 3306 2858 3371 audit,
2911 3312 2965 3358 et
2992 3300 3360 3371 iulgurantem
3420 3291 3588 3355 videt,
3619 3289 3725 3342 hoc

2141 3410 2320 3480 ipsum
2351 3415 2406 3462 et
2430 3406 2554 3461 aliis
2616 3411 2827 3459 narrat.
2887 3398 3096 3455 Clamet
3123 3409 3255 3449 vero
3288 3392 3392 3447 hoc
3443 3385 3651 3459 grande
3675 3392 3730 3439 et

2142 3500 2470 3555 immensum
2510 3510 2672 3566 opus,
2695 3503 2957 3562 tanquam
2980 3505 3047 3545 ex
3073 3486 3195 3555 eius
3228 3498 3344 3549 ore,
3373 3479 3467 3551 qui
3532 3475 3730 3533 mentis

2144 3591 2265 3661 ejus
2295 3602 2517 3644 sensum
2549 3583 2784 3650 obludit,
2814 3581 3035 3643 clamet,
3063 3579 3307 3645 inquam,
3336 3573 3417 3628 sic
3449 3588 3463 3625 :

2214 3680 2308 3736 69.
2347 3697 2367 3731 ι
2404 3677 2655 3733 Misimus
2682 3687 2734 3730 te
2778 3673 2845 3728 ad
2909 3678 3143 3742 gentem,
3195 3664 3284 3720 cui
3334 3662 3733 3734 praecesserunt

2147 3781 2355 3846 gentes,
2375 3780 2433 3826 ut
2462 3769 2720 3825 recitares
2734 3778 2899 3834 super
2922 3775 3018 3816 eas
3032 3760 3151 3830 qua!
3168 3752 3531 3821 revelavimus
3550 3747 3669 3803 tibi.
3709 3764 3727 3796 δ

2149 3840 2195 3922 Θ
2257 3863 2535 3920 ccelestem
2605 3854 2942 3913 Mohamedis
3000 3846 3323 3920 sapientiam
3353 3840 3530 3897 lVere
3585 3850 3734 3893 nunc

2151 3953 2471 4026 tempestive
2527 3948 2846 4006 reeitabitur
2900 3938 3226 4011 scripturale
3291 3935 3498 3991 dictum
3552 3928 3723 3983 illud:

2154 4020 2361 4106 Stultus
2384 4043 2550 4100 stulta
2590 4043 2850 4112 loquetur,
2884 4046 2934 4091 et
2972 4049 3064 4088 cor
3111 4032 3224 4102 ejus
3274 4043 3409 4081 vana
3455 4020 3731 4094 cogitabit.

2153 4142 2230 4196 De
2247 4139 2452 4195 tonitru
2470 4143 2799 4203 autem,quo
2833 4127 3100 4183 vocabulo
3132 4122 3296 4179 etiam
3323 4114 3734 4185 inscriptionem

2155 4230 2313 4299 fecit:
2334 4247 2353 4281 ι
2368 4227 2585 4283 Tonitru
2600 4202 2918 4293 gloriﬁcabit
2930 4220 3089 4272 insua
3103 4212 3396 4285 gratiarum
3413 4206 3617 4260 actione
3633 4202 3698 4256 ".
3713 4219 3733 4253 ι

2155 4294 2213 4378 id
2239 4328 2344 4386 est,
2381 4316 2641 4374 benevola
2667 4322 2720 4368 et
2752 4308 3035 4367 rationalis
3061 4321 3164 4362 vox
3198 4312 3279 4358 est
3307 4298 3533 4355 tonitru.
3567 4294 3738 4349 Porro

2162 4414 2265 4467 hoc
2302 4416 2614 4466 accuratam
2673 4403 2998 4472 scripturam
3044 4411 3154 4451 non
3200 4393 3403 4461 decet;
3441 4401 3576 4445 sane
3622 4398 3739 4438 mc-

450 4509 701 4565 τοῦτοδὲ
730 4508 831 4579 τῆς
870 4474 1503 4580 ἐγκριωμένηςγραφης
1558 4508 1659 4558 οὐκ
1702 4474 1899 4559 ἐστι-ν’*
1960 4474 2037 4558 κα

2164 4503 2273 4559 rito
2299 4518 2314 4556 :
2343 4500 2485 4556 idem
2514 4498 2661 4553 enim
2691 4503 2745 4550 et
2776 4493 2842 4548 de
2869 4491 3038 4546 maris
3067 4497 3348 4561 murmure
3387 4489 3440 4536 et
3478 4478 3548 4533 de
3593 4474 3736 4531 venti

453 4604 696 4667 six/meq
732 4620 744 4632 ·
772 4599 840 4675 ἦν
873 4601 983 4673 γὰρ
1042 4601 1108 4655 ἂν
1134 4601 1228 4655 καὶ
1269 4599 1398 4671 περὶ
1432 4597 1687 4669 φλοίσϐου
1756 4597 2052 4668 θαλάσσης,

458 4696 570 4751 καὶ
604 4694 782 4765 ῥοίζου
810 4694 1037 4762 ἀνέμου,
1067 4692 1161 4748 καὶ
1195 4690 1397 4761 ἑτέρων
1444 4689 1704 4742 πλειόνων
1738 4688 1896 4742 τοῦτο
1938 4689 2054 4743 δια-

460 4784 714 4839 νοεῖσθαι
750 4800 763 4813 ·
794 4781 910 4836 ἀλλ’
936 4780 1151 4835 ἔσονταί
1180 4796 1324 4843 τινες
1355 4775 1725 4848 ἀπηχέστατοι
1756 4775 1939 4844 ψόφοι,
1975 4770 2057 4837 οἷς

457 4885 575 4955 οὐχ
608 4881 839 4954 ἁρμόσει
868 4881 928 4933 τὸ
955 4878 1243 4948 εἰρημένον
1275 4894 1289 4907 ο
1321 4876 1420 4946 τῆς
1465 4874 1521 4927 δὲ
1553 4873 1835 4945 δυσφήμου
1891 4869 2059 4927 αὑτοῦ

459 4972 635 5043 δόξης
654 4972 752 5043 τῆς
780 4970 871 5024 τὸν
888 4969 1019 5023 Θεὸν
1050 4967 1220 5021 αἴτιον
1239 4965 1348 5019 τῶν
1374 4963 1561 5037 κακῶν
1589 4962 1851 5032 τιθείσης,
1869 4960 2061 5031 ὥσπερ

464 5066 543 5136 δὴ
568 5063 793 5118 καὶτῶν
820 5060 1023 5126 καλῶν,
1042 5057 1418 5126 ἀναιδέστερον
1449 5052 1829 5124 ἐπιμνησθεὶς,
1869 5051 2055 5121 φησίν⁸

476 5177 506 5210 σ
531 5132 681 5208 ’Ἐάν
716 5154 825 5225 γάρ
854 5152 1042 5225 ἢθελεν
1068 5148 1211 5224 [catt
1237 5144 1427 5221 ἦλθεν]
1458 5145 1567 5217 (ιι)
1601 5147 1630 5199 6
1675 5143 1830 5208 Θεὸς,
1863 5132 2063 5215 ὁδηγῇ-

2162 4591 2345 4655 sibilo,
2376 4598 2430 4645 et
2463 4588 2530 4643 de
2555 4585 2675 4642 aliis
2725 4579 2977 4653 plurimis
3022 4575 3260 4647 cogitare
3309 4572 3517 4627 liceret.
3568 4565 3741 4620 Erunt

2165 4683 2528 4761 nihilominus
2594 4678 2819 4751 quidam
2880 4670 3184 4743 turpissimi
3225 4664 3485 4743 crepitus,
3542 4658 3741 4731 quibus

2167 4752 2424 4851 praedicta
2454 4790 2561 4831 non
2590 4769 2937 4829 convenient.
2970 4763 3235 4821 Infamem
3256 4772 3386 4814 vero
3411 4752 3739 4812 sententiam

2169 4885 2347 4945 suam,
2389 4883 2498 4945 quo
2534 4867 2703 4921 Deum
2729 4862 2999 4918 malorum
3029 4870 3183 4931 teque
3215 4867 3281 4907 ac
3318 4852 3590 4905 bonorum
3617 4857 3745 4899 cau-

2167 4936 2283 5025 eam
2314 4933 2547 5026 dixerat,
2574 4971 2723 5013 nunc
2757 4949 3130 5024 impudentius
3148 4944 3412 4999 refricans
3439 4939 3515 4993 ait
3550 4955 3563 4991 :
3607 4955 3625 4987 ι
3649 4933 3745 4987 Et-

2166 5055 2313 5125 enim
2348 5052 2396 5108 si
2427 5051 2570 5107 Deus
2603 5047 2858 5111 voluerit,
2906 5042 3097 5112 utique
3151 5036 3438 5092 universos
3496 5025 3747 5120 homines

2167 5122 2386 5216 diriget.
2415 5141 2482 5196 Et
2539 5152 2701 5210 quem
2747 5108 2890 5191 Deus
2943 5108 3128 5188 errare
3181 5123 3333 5189 facit,
3383 5132 3496 5173 non
3552 5122 3637 5216 est
3690 5108 3744 5214 ei

483 5202 504 5210 ‘
575 5202 674 5208 -ν’
728 5202 818 5225 ι’-ι-
861 5202 1032 5225 τιν-ηε·
1068 5202 1139 5224 ιη
1198 5202 1208 5204 -
1248 5202 1274 5221 ⁷ο
1406 5202 1427 5218 ,ι
1464 5202 1477 5217 ι
1550 5202 1558 5216 ι
1795 5202 1828 5208 ν-
1944 5202 1984 5215 ..
2021 5202 2033 5214 υ

472 5268 574 5305 σαι
600 5243 743 5318 εἶχεν
777 5244 973 5309 αὑτοὺς
1014 5239 1335 5314 ἀνθρώπους
1369 5240 1577 5304 πάντας
1611 5253 1626 5267 ⁸
1660 5237 1755 5291 καὶ
1784 5236 1843 5290 ὃν
1885 5236 2037 5291 πλανς

2174 5202 2422 5294 όὶινέοιὶο.
2445 5252 2463 5284 ι
2497 5231 2702 5285 Revera
2729 5225 2816 5283 hic
2840 5221 3122 5286 habitavit,
3142 5227 3200 5274 ut
3222 5217 3299 5271 ait
3325 5212 3583 5267 Salomon
3599 5205 3665 5270 “,
3690 5202 3745 5257 in

466 5347 506 5402 ὁ
540 5300 697 5410 Θεὸς,
729 5342 828 5396 οὐκ
866 5339 1016 5394 ἐστιν
1069 5300 1234 5390 αὑτοῦ
1283 5300 1573 5415 ὸδήγησιςξ
1596 5351 1614 5385 ι
1665 5330 1873 5396 Ὄντως
1910 5322 2036 5384 οὗτο

2174 5329 2314 5386 locis
2344 5341 2485 5398 quos
2516 5323 2661 5379 Deus
2690 5335 2801 5377 non
2834 5315 3075 5389 inspicit.
3107 5312 3319 5370 Rursus
3339 5317 3468 5361 vero
3493 5300 3564 5357 ob
3590 5308 3750 5354 suum

560 5529 609 5561 ²³
641 5525 748 5583 lsa.
783 5540 959 5590 xxx",
993 5521 1048 5579 6.
1124 5520 1171 5553 ἰ
1192 5518 1354 5575 Prov.
1385 5532 1501 5586 xu,
1530 5515 1621 5570 23.

561 5715 651 5787 (θλ
668 5713 812 5787 βυτ·
850 5710 993 5787 XJU:
1028 5710 1083 5787 5;

565 5778 683 5858 (ιο)
709 5784 835 5838 Sur.
878 5781 1013 5847 xm,
1046 5778 1138 5834 δε.

2257 5682 2371 5756 (ll)
2391 5683 2518 5740 Sor.
2542 5681 2686 5749 XIII,
2716 5682 2805 5737 36.
