4048 6400
425 397 532 460 759

1696 394 1991 458 ΝΙΟΕΤίΕ
2027 392 2435 454 BYZANTINI

3586 382 3696 445 760

428 506 596 564 animi
631 505 904 570 timorem,
933 518 1000 558 ne
1031 503 1173 561 forte
1201 506 1250 561 ei
1279 504 1621 562 discredatur
1641 545 1656 568 ,
1693 504 1828 559 satis
1894 502 2006 572 agit

2123 499 2363 569 ηὐλίσθη,
2390 499 2533 552 κατὰ
2558 498 2648 552 τὸν
2676 497 3088 569 Σολομῶντα,ἐν
3111 497 3293 556 τόποις
3314 495 3406 558 οὓς
3436 495 3538 548 οὐκ
3572 495 3698 546 ἐπι-

425 611 479 652 et
518 598 639 652 ait:
691 615 711 648 ‹
753 596 950 650 Dicunt
983 603 1245 665 negantes
1278 636 1292 659 ,
1335 593 1453 648 Non
1491 610 1550 650 es
1599 593 1830 664 legatus.
1872 590 2002 644 Dic:

427 689 626 745 suﬂicit
659 689 794 744 mihi
829 689 983 744 testis
1019 689 1321 744 Dcusinter
1337 705 1424 744 me
1450 702 1512 743 ac
1529 703 1658 754 vos;
1707 698 1759 740 et
1789 687 1834 740 is
1865 683 2008 754 apud

427 794 590 848 quem
623 788 707 834 est
751 779 979 835 scicntia
1016 779 1335 850 Scripturze.
1367 799 1385 832 ι
1430 778 1596 833 Deum
1644 777 1895 848 producit
1925 785 2007 830 te-

428 879 566 924 stem
600 869 890 939 legationis
920 885 1061 936 suae;
1098 871 1303 924 nullum
1333 868 1620 937 caeteroqui
1649 868 1757 920 Deo
1783 867 2008 935 dignum

431 954 640 1024 profert
669 958 954 1021 indicium,
989 975 1097 1012 non
1137 959 1482 1020 miraculum,
1509 971 1613 1012 non
1645 956 2010 1026 prophetiam,

431 1063 540 1103 non
596 1050 763 1104 vitam
796 1051 1087 1106 virtutibus
1116 1053 1428 1116 exercitam,
1457 1067 1558 1108 nec
1591 1053 1754 1106 aliam
1817 1052 2011 1106 saltem

429 1139 716 1195 scientiam
753 1159 767 1209 ;
810 1143 900 1197 sed
953 1143 1158 1211 absque
1191 1144 1297 1197 ulla
1331 1141 1816 1211 demonstratione,
1848 1143 2011 1209 Deus,

433 1233 636 1303 inquit,
668 1237 826 1290 testis
859 1245 964 1292 est.
1020 1235 1225 1292 Deinde
1279 1253 1585 1308 agnoscens
1635 1253 1791 1292 suam
1824 1245 2016 1293 contra

431 1321 604 1377 Deum
632 1325 982 1391 calumniam,
1027 1341 1300 1396 suumque
1338 1327 1688 1382 mendacium
1721 1370 1736 1394 ,
1770 1328 2018 1398 quando-

433 1417 652 1485 quidem
687 1418 1016 1474 conﬁrmarc
1045 1418 1253 1474 dictum
1289 1419 1602 1475 nullatenus
1631 1430 1866 1490 poterat,
1891 1435 2019 1474 con-

431 1507 571 1578 fugit
600 1509 665 1562 ad
698 1509 818 1564 illos
848 1511 938 1580 qui
971 1510 1270 1581 Scriptura:
1302 1512 1592 1568 scientiam
1634 1511 1874 1576 habent;
1908 1525 2020 1582 quo

432 1600 579 1655 dicto
607 1601 784 1656 illudit
806 1601 1064 1660 barbaris
1091 1612 1222 1658 tunc
1255 1604 1563 1659 litterarum
1596 1603 1823 1674 ignaris,
1860 1604 1932 1658 ita
1961 1612 2022 1659 ut

437 1689 685 1747 fraudem
712 1707 865 1748 suam
904 1695 1084 1751 celare
1118 1695 1312 1751 valeat.
1368 1694 1434 1750 Et
1479 1696 1795 1766 quicunque
1836 1697 2020 1762 habet,

432 1782 630 1855 inquit,
671 1787 972 1856 Scriptura)
1008 1787 1315 1842 scientiam.
1370 1787 1547 1854 Quam
1577 1787 1718 1843 dicis
1775 1787 2019 1857 scriptu-

423 1891 550 1929 ram
571 1876 608 1929 -?
637 1875 767 1931 Sine
788 1878 957 1932 dubio
981 1879 1267 1934 existimas
1297 1893 1482 1934 veram
1519 1891 1643 1934 esse
1684 1879 1829 1933 illam
1865 1878 2018 1933 Scri-

431 1978 651 2038 pturam
709 1987 831 2040 qua:
861 1971 928 2027 de
978 1980 1031 2026 te
1081 1980 1332 2028 testatur.
1395 1970 1536 2042 Ergo
1583 1970 1803 2026 cﬂ'atum
1861 1971 2014 2034 illud,

433 2063 778 2116 Abominatio
823 2064 1172 2120 desolationis
1205 2066 1274 2129 ",
1314 2066 1381 2120 de
1429 2075 1480 2120 te
1504 2065 1708 2120 dictum
1734 2065 1854 2119 fuit.
1877 2063 2020 2118 Nihil

435 2152 585 2206 aliud
614 2154 853 2209 cordatis
883 2165 1133 2224 superest
1168 2156 1235 2210 de
1263 2164 1316 2211 te
1349 2157 1608 2226 cegitare.
1641 2155 1796 2221 Quod
1828 2156 1872 2210 si
1903 2154 2021 2208 Mo-

436 2245 699 2302 hamedcs
741 2262 848 2302 non
880 2256 966 2303 est
995 2262 1064 2302 eo
1099 2255 1414 2312 contentus,
1470 2257 1524 2303 et
1566 2248 1858 2303 sublimius
1919 2244 2022 2300 ali-

419 2329 569 2406 quid
615 2339 891 2408 postulat;
921 2355 1021 2396 vos
1057 2341 1274 2411 quidem
1307 2340 1503 2394 divinae
1556 2339 1854 2408 Scriptura:
1903 2347 2022 2394 stn-

435 2430 601 2496 diosi,
628 2431 798 2500 probe
827 2431 984 2488 scitis
1000 2447 1265 2502 quasnam
1292 2432 1365 2486 ibi
1393 2431 1460 2487 de
1494 2430 1816 2486 Muhamede
1844 2431 2023 2500 legato

437 2524 818 2592 praedictiones
854 2525 996 2580 Deus
1031 2524 1335 2594 scripserit,
1366 2533 1420 2579 et
1449 2525 1515 2580 de
1537 2524 1709 2593 ipsius
1739 2532 2025 2592 exspeCIa-

435 2617 605 2672 tione.
646 2615 760 2670 Imo
789 2624 844 2671 et
879 2615 933 2671 in
992 2616 1154 2672 istius
1193 2616 1335 2670 libro
1385 2615 1668 2670 invenietis
1691 2628 1904 2684 sumpta
1955 2630 2024 2669 ex

437 2707 612 2762 sacris
645 2704 948 2776 Scripturis
977 2707 1310 2772 testimonia,
1338 2715 1702 2774 congruenter
1739 2705 1861 2774 ejus
1891 2706 2025 2774 dog-

439 2798 679 2854 matibus
702 2799 956 2868 applicita
986 2839 1001 2865 ,
1033 2813 1098 2852 ex
1134 2799 1272 2870 lege,
1316 2797 1622 2868 prophetis,
1651 2805 1814 2865 atque
1840 2796 2024 2850 Evan-

438 2890 601 2961 gelio,
629 2905 766 2961 quos
812 2890 984 2947 libros
1045 2891 1162 2962 ipse
1205 2891 1420 2944 divinos
1467 2888 1718 2958 judicare
1768 2888 2022 2942 videtur:

436 2997 670 3052 quorum
696 2997 794 3037 ceu
822 2982 925 3038 sibi
945 2992 1198 3039 notorum
1233 2992 1496 3055 praetextu
1529 2981 1798 3037 barbaros
1826 2979 2023 3046 latens,

437 3073 637 3132 fabulae
661 3074 824 3130 linem
851 3074 1002 3133 facit.

939 3341 1380 3400 CONFUTATIO
1410 3343 1550 3398 XIII.

513 3435 602 3490 70.
644 3433 827 3490 Tertia
859 3434 1070 3491 decima
1099 3451 1128 3489 a
1153 3435 1475 3491 Mobamede
1501 3434 1683 3490 fabula
1714 3433 2031 3490 inscribitur

441 3528 754 3594 Abraham,-
797 3527 931 3582 nihil
964 3534 1148 3582 tamen
1180 3527 1322 3599 frugi
1352 3529 1418 3584 de
1439 3529 1543 3583 hoc
1567 3527 1790 3582 homine
1814 3534 2027 3594 narrat;

441 3622 538 3678 sed
573 3629 735 3692 prout
768 3621 934 3676 etiam
967 3621 1020 3675 in
1049 3621 1333 3692 superiore
1361 3619 1543 3676 fabula
1565 3660 1580 3685 ,
1615 3621 1852 3676 breviter
1879 3620 1946 3676 de
1971 3634 2029 3675 re

442 3725 628 3772 creata
659 3715 902 3782 locutus,
951 3731 1118 3786 quam
1167 3729 1198 3770 a
1252 3714 1440 3770 divino
1491 3713 1697 3785 Spiritu
1731 3713 1840 3784 regi
1872 3713 2024 3779 dicit,

443 3807 630 3864 subdit
691 3806 982 3862 ministerii
1056 3806 1142 3862 sui
1213 3805 1527 3877 negotium,
1595 3817 2028 3877 consuetamque

440 3899 838 3967 blasphemiam
867 3897 1062 3963 effutit,
1101 3897 1247 3968 quod
1285 3897 1429 3953 Deus
1477 3912 1639 3967 quem
1685 3896 1801 3952 vult
1837 3911 2026 3952 errare

439 3989 595 4056 facit,
651 3990 1004 4060 vicissimque
1058 4005 1220 4060 quem
1275 3989 1393 4045 vult
1442 3989 1647 4060 dirigit.
1702 3988 2027 4060 Rursusque

440 4081 690 4138 meminit
720 4080 989 4136 Thamudi
1018 4089 1074 4137 et
1115 4079 1277 4146 Aadi,
1321 4081 1478 4151 juxta
1533 4081 1776 4151 priscum
1823 4080 2024 4136 delira-

441 4182 688 4230 mentum
746 4189 906 4229 suum
949 4191 964 4228 :
1009 4182 1064 4230 et
1117 4173 1262 4244 quod
1315 4182 1602 4244 propterea
1653 4173 1757 4230 sibi
1807 4189 2027 4244 quoque

441 4269 590 4325 credi
622 4269 818 4326 debeat
849 4279 908 4325 ut
947 4267 1042 4324 Dei
1074 4269 1270 4340 legato.
1320 4269 1497 4340 Hujus
1527 4277 1709 4325 autem
1740 4269 2028 4340 legationis

442 4378 558 4418 sua:
583 4362 690 4418 hoc
717 4362 847 4418 dicit
876 4361 1158 4429 indicium,
1201 4361 1347 4432 quod
1403 4360 1570 4416 futttri
1624 4370 1754 4417 sunt
1787 4363 1839 4416 in
1869 4378 2026 4430 para-

441 4451 562 4506 diso
589 4450 894 4515 credentes,
955 4464 1080 4504 cum
1143 4447 1409 4504 uxoribus
1451 4448 1568 4503 suis
1607 4457 1661 4502 et
1700 4449 1826 4503 ﬁliis
1861 4449 2025 4504 simul

2113 591 2642 660 αοπεῖὸ⁹1⁴ψιστος
2676 607 2690 621 ·
2733 590 2894 644 πάλιν
2944 590 3000 642 δὲ
3056 588 3158 658 τῆς
3205 585 3486 659 περιδεοῦς
3548 583 3699 653 αὐτῷ

2111 685 2422 748 ὑποθέσεως
2472 683 2564 738 τοῦ
2596 683 2672 754 μὴ
2697 682 3064 754 ἀπιπηθῆναι
3092 679 3397 749 ἀντέχεται,
3444 676 3538 731 καί
3591 693 3702 746 φη⁴

2112 797 2164 832 σι
2190 779 2300 849 (12)
2328 796 2341 809 ·
2380 797 2400 831 t
2433 779 2699 846 Λέγουσιν
2731 777 2781 829 οἱ
2808 775 3196 846 ἀρνησάμενοι,
3232 775 3348 826 Οὐκ
3381 767 3432 824 εἷ
3459 770 3699 826 ἀπόστο-

2111 871 2240 934 λος·
2276 871 2420 924 εἰπέ·
2471 869 2738 942 Ἀρκεσθῇ
2767 886 2856 939 μοι
2885 869 2917 920 ὁ
2947 868 3076 930 Θεὸς
3109 867 3318 938 μάρτυς
3343 863 3544 935 μεταξύ
3588 859 3699 934 [τε]

2113 963 2250 1032 ἐμοῦ
2281 979 2340 1015 τε
2377 963 2472 1015 καὶ
2502 961 2658 1031 ὑμῶν
2683 975 2700 992 ο
2728 962 2820 1014 καὶ
2849 961 2995 1038 ὅστις
3020 958 3167 1011 ἐστὶν
3225 957 3354 1029 παρ’
3409 953 3572 1008 αὑτοῦ
3624 955 3704 1007 εῖ-

2115 1057 2271 1125 δησις
2293 1055 2391 1122 τῆς
2419 1054 2665 1124 Γραφῆς.
2709 1072 2726 1104 ι
2757 1051 2890 1104 Θεὸν
2921 1049 3282 1121 προϐάλλεται
3318 1047 3572 1118 μάρτυρα
3605 1045 3703 1114 τῆς

2117 1147 2282 1203 αὑτοῦ
2311 1147 2614 1216 ἀποστολῆς
2646 1163 2661 1178 ο
2687 1144 2824 1198 Θεοῦ
2861 1144 2916 1196 δὲ
2958 1143 3111 1196 οὐδέν
3161 1159 3214 1194 τι
3245 1141 3394 1207 ἀξιον
3448 1139 3708 1208 επιφέρε-

2117 1258 2206 1293 ται
2242 1238 2528 1308 σύμϐολον,
2555 1237 2614 1290 ού
2640 1235 3109 1305 θαυματουργίαν,
3143 1233 3203 1285 ού
3233 1229 3590 1305 προφητείαν,
3643 1229 3706 1280 οὐ

2122 1331 2236 1402 βίον
2266 1329 2659 1402 ἐξησκημένον,
2687 1328 2808 1381 οὐδὲ
2841 1327 3028 1390 ἁπλῶς
3052 1325 3254 1394 γνῶσιν
3287 1341 3301 1354 ·
3331 1323 3446 1378 ἀλλ’
3501 1322 3709 1375 ἀναπο-

2120 1425 2369 1490 δείκτως,
2404 1423 2536 1486 Θεὸς
2577 1423 2812 1493 μάρτυς,
2846 1421 3011 1492 φησίν
3049 1436 3062 1450 ο
3100 1416 3220 1473 εἶτα
3250 1417 3574 1486 αἰσθόμενος
3605 1413 3712 1482 τῆς

2131 1516 2273 1570 κατὰ
2299 1515 2436 1569 Θεοῦ
2463 1515 2850 1584 συκοφαντίας,
2879 1515 2973 1566 καὶ
2999 1512 3094 1565 τοῦ
3130 1509 3324 1564 ἐαυτοῦ
3353 1508 3579 1578 ψεύδους
3627 1505 3711 1575 (οὗ

2124 1609 2234 1680 γὰρ
2259 1605 2548 1679 εἷχετοῦτο
2583 1607 2750 1660 πόθεν
2812 1603 3191 1675 πιστώσεται),
3240 1600 3578 1670 καταφεύγει
3632 1599 3713 1659 είς

2124 1702 2250 1764 τοὺς
2285 1700 2496 1762 εἰδότας
2527 1699 2628 1768 τὴν
2654 1697 2902 1767 Γραφὴν,
2931 1697 2988 1749 ἐν
3023 1694 3100 1765 τῷ
3149 1693 3289 1756 τέως
3323 1697 3449 1756 τοὺς
3499 1691 3715 1762 βαρϐά-

2131 1809 2257 1862 ρους
2287 1789 2600 1859 ἀγνὼστους
2629 1789 2790 1851 ὄντας
2811 1789 3093 1854 διαπαῖξαι
3115 1787 3208 1840 καὶ⁵
3242 1785 3425 1840 λαθεῖν
3463 1783 3711 1854 ἰσχύσαςο

2122 1882 2236 1936 Καὶ
2265 1882 2413 1946 ὅστις
2442 1881 2562 1934 ἐστὶ
2588 1880 2715 1951 παρ’
2732 1878 2919 1942 αὐτοῦ,
2954 1879 3140 1948 φησὶν,
3175 1877 3383 1947 εἴδησις
3431 1875 3530 1944 τῆς
3561 1875 3715 1944 Γραο

2121 1975 2230 2045 φῆς
2265 1991 2279 2006 ⁹
2311 1973 2471 2038 ποίας
2495 1973 2764 2045 Γραφῆς-;
2796 1973 2930 2034 ὅλως
2954 1973 3064 2042 γὰρ
3094 1970 3159 2041 δὴ
3216 1970 3318 2023 οἴει
3374 1967 3560 2038 ἀληθῆ
3617 1965 3718 2035 τὴν

2121 2067 2348 2140 Γραφὴν
2374 2061 2514 2120 εἶναι
2539 2065 2783 2135 καὶπερὶ
2815 2064 2910 2117 σοῦ
2966 2062 3354 2134 μαρτυροῦσαν
3390 2077 3405 2090 ο
3460 2060 3605 2121 εἰκὸς
3650 2059 3718 2112 τὰ

2123 2157 2254 2229 περὶ
2274 2158 2381 2211 τοῦ
2405 2157 2833 2226 βδελύγματος
2856 2156 2966 2225 τῆς
2992 2155 3344 2224 ἐρημώσεως
3371 2153 3497 2223 περὶ
3520 2151 3614 2205 σοῦ
3642 2151 3721 2204 εῖ-

2127 2268 2290 2321 ρηται
2321 2266 2334 2281 ·
2369 2249 2504 2303 ἀλλά
2537 2249 2644 2320 γὰρ
2683 2250 2838 2302 οὐδὲν
2880 2248 3262 2320 περιλείπεται
3315 2247 3426 2307 τοῖς
3475 2243 3718 2297 συνιοῦσι

2122 2343 2453 2396 διανοεῖσθαι
2481 2343 2610 2411 περὶ
2640 2340 2734 2395 σοῦ
2767 2359 2782 2374 ·
2813 2344 2861 2394 εί
2893 2341 2948 2394 δὲ
2983 2340 3058 2411 μὴ
3087 2339 3247 2393 τοῦτο
3293 2338 3454 2400 αὐτὸς
3505 2336 3719 2406 ἀνέχοι-

2122 2451 2212 2500 το,
2270 2435 2386 2488 ἀλλ’
2445 2435 2632 2504 ἕτερόν
2680 2453 2733 2488 τι
2779 2434 2988 2504 ὑψηλὸν
3031 2433 3277 2495 ἀπαιτεῖ,
3331 2431 3446 2482 ὅσοι
3469 2428 3566 2495 τὴν
3601 2427 3722 2480 θεὸρ

2126 2517 2392 2578 πνευστον
2430 2525 2694 2595 μελετᾶτε
2727 2524 2977 2596 Γραφὴν,
3035 2523 3191 2576 αὐτοὶ
3235 2517 3528 2572 ἐπίστασθε
3586 2516 3721 2577 ὅσας

2127 2617 2501 2689 προαγγελίας
2531 2618 2660 2688 περὶ
2708 2616 2956 2686 Μωάμετ
2989 2612 3288 2668 ἀποστόλου
3312 2613 3340 2664 ὁ
3369 2611 3500 2673 Θεὸς
3550 2608 3720 2679 ἐγρα-

2125 2710 2215 2780 ψε,
2253 2712 2349 2763 καὶ
2379 2712 2476 2780 τῆς
2506 2709 2695 2763 τούτου
2721 2708 3055 2780 προσδοκίας
3085 2725 3100 2738 ο
3125 2706 3388 2776 εὑρήσετε
3437 2701 3610 2755 δὲκαὶ
3663 2702 3720 2753 ἐν

2125 2807 2192 2874 τῇ
2224 2802 2414 2856 τούτου
2452 2804 2748 2873 συγγραφῇ
2779 2800 2877 2864 τὰς
2907 2802 2970 2853 ἐκ
2999 2801 3100 2868 τῆς
3150 2796 3300 2857 Θείας
3330 2792 3553 2864 Γραφῆς
3583 2806 3723 2859 μειρ-

2125 2895 2319 2968 τυρίας
2353 2895 2626 2965 εὐστόχως
2659 2895 2716 2947 ἐν
2743 2895 2857 2955 τοῖς
2884 2891 3048 2946 αὐτοῦ
3082 2890 3345 2958 δόγμασιν
3387 2882 3723 2952 ἐξαγομένας

2127 2988 2239 3042 ἀπό
2265 3004 2323 3039 τε
2354 2985 2521 3056 νόμου
2559 2985 2654 3038 καὶ
2687 2983 2984 3056 προφητῶν
3015 2982 3108 3036 καὶ
3151 2979 3244 3032 τοῦ
3281 2976 3640 3045 Εὖαγγελίου,
3687 2971 3727 3026 ἃ.

2127 3079 2436 3144 ἐκθειάζειν
2461 3079 2626 3144 δοκεῖ,
2669 3079 2766 3132 καὶ
2789 3070 2864 3131 ὧν
2893 3077 2998 3130 ὑπὸ
3023 3074 3120 3145 τὴν
3150 3073 3424 3144 πρόφασιν
3482 3071 3580 3138 τῆς
3644 3068 3724 3119 εί-

2051 3189 2094 3246 C
2128 3175 2335 3245 δήσεως
2373 3173 2499 3236 τοὺς
2535 3171 2848 3243 βαρϐάρους
2884 3167 3088 3236 λαθὼν,
3120 3164 3508 3238 τὸνξφλήναφον
3554 3160 3724 3216 ἔπαυ-

2137 3283 2228 3320 σεν

2633 3354 3073 3410 ΕΛΕΓΚἸἸΚΟΣ
3126 3349 3226 3407 II".

2203 3452 2263 3506 o'.
2298 3452 2371 3505 Τὸ
2401 3449 2851 3523 τρισκαιδέκατον
2891 3445 3002 3518 (I3)
3058 3445 3321 3515 μυθάριον
3362 3440 3440 3510 τῷ
3472 3439 3718 3508 Μωάμετ

2131 3549 2234 3612 Εἰς
2273 3545 2370 3616 μὲν
2410 3544 2518 3597 τὸν
2555 3539 2803 3609 Ἀϐραὰμ
2832 3539 3258 3609 ἐπιγέγραπται,
3299 3534 3450 3588 οὐδὲν
3488 3531 3545 3585 δὲ
3579 3531 3726 3595 ἄξιον

2130 3637 2288 3704 λόγου
2323 3635 2454 3705 περὶ
2483 3633 2575 3686 τοῦ
2607 3631 2803 3701 ἀνδρὸς
2844 3629 3143 3700 ἐξηγεῖται,
3169 3626 3303 3682 ἀλλά
3331 3623 3473 3679 κατά
3493 3623 3585 3676 τὸν
3615 3620 3720 3690 πρὸ

2127 3727 2319 3780 τούτου
2354 3725 2522 3795 μῦθον
2543 3723 2700 3792 ὀλίγα
2725 3722 2853 3793 περὶ
2879 3723 2978 3791 τῆς
3003 3720 3236 3781 κτίσεως
3291 3715 3597 3781 καταλέξας
3642 3713 3728 3768 ὅτι

2131 3817 2261 3890 θείῳ
2291 3816 2573 3886 Πνεύματι
2605 3815 2910 3878 διοικεῖται,
2949 3813 3148 3881 ἐπάγει
3198 3811 3264 3865 τὰ
3294 3807 3725 3878 οἰκονομούμενα

2130 3891 2260 3988 «ap;
2296 3913 2462 3969 αὐτοῦ
2497 3928 2511 3942 °
2548 3911 2642 3966 καί
2673 3927 2808 3979 φησι
2840 3909 2942 3977 τὴν
2974 3905 3181 3975 συνήθη
3224 3899 3726 3988 βλασφημίανηδτι

2125 4007 2156 4060 ὁ
2185 3987 2317 4068 Θεὸς
2337 4003 2395 4056 ὃν
2424 4001 2569 4055 θέλει
2600 4001 2799 4071 πλανᾷ,
2824 3998 2915 4051 καὶ
2941 3995 3000 4050 ὃν
3025 3995 3168 4049 θέλει
3190 3993 3382 4062 ὁδηγεῖ
3403 4008 3416 4021 ·
3452 3991 3547 4043 καὶ
3570 3987 3725 4051 αὗθις

2135 4095 2410 4167 μέμνηται
2427 4091 2646 4162 Θαμοὺδ
2668 4090 2762 4144 καὶ
2797 4087 2945 4154 Ἀἀδ,
2967 4087 3109 4140 κατά
3129 4086 3222 4138 τὸν
3240 4083 3408 4138 πάλαι
3449 4081 3612 4150 λῆρον
3629 4080 3725 4131 αύ-

2131 4185 2227 4240 τοῦ
2246 4202 2259 4216 ’
2285 4185 2380 4239 καὶ⁹
2398 4187 2480 4239 ὅτι
2501 4183 2600 4237 Διὰ
2620 4179 2777 4236 τοῦτο
2808 4179 2964 4248 κάγὼ
3003 4177 3204 4246 ὀφείλω
3265 4174 3608 4242 πιστωθῆναι
3652 4171 3727 4234 ὡς

2128 4277 2262 4333 Θεοῦ
2281 4276 2576 4338 ἀπόστολος
2594 4292 2608 4305 ·
2629 4275 2727 4345 τῆς
2761 4273 2818 4326 δὲ
2840 4271 3034 4325 τούτου
3081 4267 3393 4336 ἀποστολῆς
3438 4265 3726 4336 γνώρισμα

2127 4371 2286 4425 τοῦτό
2306 4385 2489 4442 φησιν’
2514 4370 2596 4423 ὅτι
2615 4368 2890 4429 Ἔσονται,
2909 4365 3094 4436 φησὶν,
3116 4365 3163 4417 οἱ
3178 4361 3360 4416 πιστοὶ
3385 4364 3443 4415 ἐν
3458 4359 3530 4431 τῷ
3546 4377 3726 4429 παρα-

2129 4463 2295 4534 δείσῳ
2334 4464 2457 4526 ταῖς
2477 4462 2686 4516 ἐαυτῶν
2709 4459 2926 4530 γυναιξί
2944 4476 3004 4512 τε
3033 4457 3129 4510 καὶ
3160 4459 3373 4518 τέκνοις
3405 4469 3727 4521 συνευφραι·

441 4543 801 4611 deliciantes;
833 4542 1080 4598 infideles
1110 4551 1318 4606 autem,
1349 4541 1402 4594 in
1447 4541 1680 4610 judicio.
1720 4560 1740 4594 ι
1770 4541 2020 4598 lntcrulaa

2125 4557 2340 4627 νόμενοι
2366 4555 2480 4627 (Η)
2502 4571 2515 4585 ⁸
2566 4557 2614 4610 οῖ
2640 4554 2697 4608 δὲ
2717 4555 2960 4620 ἄπιστοι,
2979 4552 3169 4621 φησὶν,
3190 4552 3247 4603 ἐν
3271 4551 3336 4620 τῇ
3367 4547 3578 4619 κρίσει·
3615 4564 3632 4596 ι
3661 4544 3727 4598 τὰ

439 4650 635 4691 eorum
666 4649 731 4690 ex
769 4635 887 4704 pice
919 4633 1163 4695 cedrina,
1223 4639 1278 4686 et
1300 4631 1578 4702 cooperiet
1613 4632 1796 4687 vultus
1830 4647 2020 4687 eorum

440 4727 636 4799 ignis.»
669 4727 847 4797 Atque
878 4726 952 4779 ita
982 4722 1322 4779 tremendum
1341 4723 1482 4778 diem
1503 4722 1761 4789 irridens,
1789 4723 2026 4778 fabulari

440 4818 663 4875 desinit.
693 4815 1249 4872 Animadvertendum
1295 4823 1379 4871 est
1425 4831 1631 4871 morem
1669 4830 1795 4871 esse
1820 4815 2026 4885 impro-

441 4911 636 4967 borum
661 4910 947 4965 hominum
970 4907 1118 4964 haud
1141 4908 1286 4964 nuda
1315 4909 1554 4980 objicere
1586 4909 1755 4977 retia;
1782 4909 2024 4980 alioquin

443 5005 549 5077 ipsi
581 5006 765 5076 potius
795 5005 991 5076 praedae
1025 5003 1225 5062 forent.
1276 5004 1394 5061 Non
1423 5014 1507 5062 est
1551 5021 1683 5077 ergo
1714 5005 2023 5061 mirandum

444 5099 490 5154 si
527 5113 633 5169 qua
666 5097 940 5153 interdum
969 5099 1112 5170 apud
1146 5114 1269 5155 eum
1297 5108 1427 5157 sunt
1453 5100 1764 5155 laudabilia.
1790 5098 2024 5156 Verum-

446 5200 627 5246 tamen
653 5189 741 5244 illa
769 5199 984 5260 oportet
1011 5191 1296 5262 explorare
1327 5207 1449 5262 qua:
1471 5191 1682 5248 noviter
1709 5192 1825 5263 ipse
1849 5191 2024 5263 ponit,

444 5290 778 5352 quantopere
811 5280 1032 5338 fraudes
1070 5283 1189 5352 ejus
1226 5283 1448 5355 dolique
1479 5285 1837 5344 adversentur
1881 5285 2028 5342 divi-

443 5374 551 5442 nis,
583 5389 613 5429 a
638 5374 840 5445 quibus
869 5375 916 5432 is
941 5374 1206 5446 decerpit,
1239 5375 1473 5448 legibus.

515 5641 562 5675 "
591 5640 729 5697 Dan.
759 5657 836 5708 IX,
863 5640 956 5696 27.

519 5779 630 5846 (te)
661 5780 788 5836 Sur.
816 5781 957 5842 xnt.
990 5784 1083 5838 ts.

667 5851 791 5906 Sttr.
829 5851 966 5918 XIV,
1004 5853 1087 5907 10.

2128 4649 2380 4719 καμήσια
2398 4646 2578 4701 αὐτῶν
2603 4646 2712 4701 ἀπὸ
2739 4646 2984 4717 κεδρίας,
3019 4644 3114 4699 καὶ
3152 4643 3415 4697 καλύπτει
3463 4639 3531 4694 τὰ
3562 4638 3727 4709 πρόσ-

2127 4756 2254 4792 ωπα
2283 4736 2466 4791 αὐτῶν
2505 4736 2566 4789 τὸ
2600 4735 2712 4807 πῦρ
2744 4754 2758 4768 ο
2807 4753 2824 4786 ι
2863 4737 2958 4790 καὶ
3003 4734 3180 4796 οὕτως
3223 4729 3582 4794 καταπαίζων
3628 4730 3725 4798 τῆς

2128 4830 2368 4900 φοϐερᾶς
2390 4829 2627 4900 ἡμέρας,
2663 4827 2758 4882 τοῦ
2786 4827 3070 4898 φληνάφου
3107 4825 3344 4896 ἀπέστη.
3403 4821 3725 4891 Ἐπιστῆσαι

2126 4920 2186 4975 δὲ
2213 4921 2295 4973 δεῖ
2318 4920 2416 4972 ὅτι
2435 4921 2529 4972 ἐπὶ
2547 4920 2654 4973 τῶν
2673 4918 3129 4988 κακουργούντων
3162 4917 3292 4969 ῖδιον
3321 4917 3381 4968 τὸ
3410 4915 3483 4984 μὴ
3509 4912 3722 4982 γυμνὰς

2133 5011 2450 5084 προτιθέναι
2480 5011 2578 5075 τὰς
2608 5012 2782 5083 ἄρκυς
2811 5027 2825 5042 ·
2849 5011 2882 5082 ἢ
2911 5010 3019 5082 γὰρ
3045 5009 3111 5062 ἂν
3138 5008 3292 5063 αὐτοὶ
3326 5006 3528 5077 μᾶλλον
3555 5004 3723 5058 ἑάλω-

2137 5121 2236 5159 σαν
2269 5121 2282 5134 ·
2318 5105 2378 5158 οὐ
2403 5104 2510 5178 χρὴ
2538 5105 2861 5171 ξενίζεσθαι,
2899 5106 2948 5158 εἰ
2989 5105 3084 5157 καὶ
3126 5103 3258 5171 παρ’
3317 5099 3466 5170 αὐτῷ
3512 5116 3566 5150 τι
3616 5097 3743 5150 τῶν.

2133 5197 2544 5268 ἐπαινουμένων
2569 5197 2874 5270 θεωρηθείη
2904 5213 2919 5228 ·
2949 5195 3086 5250 ἀλλά
3118 5196 3188 5249 τὰ
3231 5193 3362 5266 παρ’
3406 5190 3574 5247 αὑτοῦ
3610 5207 3721 5243 και-

2131 5289 2394 5360 νιζόμενα
2431 5288 2717 5360 βασανίσαι
2757 5289 2837 5342 δεῖ
2865 5305 2878 5319 ·
2904 5290 3044 5358 εἴγε
3075 5287 3150 5358 μὴ
3197 5285 3407 5355 σφόδρα
3461 5281 3720 5352 διαμαχεο

2131 5398 2222 5436 ται
2253 5383 2366 5446 τοῖς
2393 5382 2454 5448 ἐξ
2491 5375 2566 5436 ὧν
2614 5381 2931 5454 ἐλήφθησαν
2961 5379 3130 5436 αὐτοῦ
3157 5379 3225 5433 τὰ
3275 5376 3502 5431 δελέατα
3532 5374 3626 5428 καὶ
3662 5372 3717 5426 αἱ

2132 5474 2340 5530 ἀπάται
2370 5473 2698 5546 θεογράφοις
2734 5474 2942 5545 νόμοις.

2209 5783 2321 5856 (Η)
2351 5784 2475 5841 Sur.
2510 5783 2646 5852 XIV,
2685 5784 2773 5842 49.
