4048 6420
514 432 625 496 763

1784 428 2078 491 NICET.’E
2106 424 2511 489 BYZANTINI

3666 417 3773 480 764

513 541 651 595 Filii
698 537 941 594 Isi-aclis.
983 536 1232 595 Declarat
1271 540 1476 603 autem,
1506 533 1780 605 quihanc
1826 533 2085 597 scripsit:

2207 530 2599 600 ἐπιγέγραπται
2636 527 2733 592 Εἰς
2762 524 2904 591 τοὺς
2956 522 3129 590 υἱοὺς
3165 522 3415 592 Ἰσραήλ
3441 522 3555 595 (Ξὶ)
3578 541 3592 555 ’
3635 524 3771 577 ἀποι

512 628 628 684 Nos
665 627 917 683 dedimus
945 626 1115 698 Moysi
1146 624 1506 695 Scripturam.
1539 623 1792 683 Nositetn
1818 623 2093 694 judicavi-

518 737 643 777 mus
669 720 735 776 de
760 720 884 777 ﬁliis
907 718 1124 777 lsraelis
1146 720 1200 775 in
1227 718 1529 789 Scriptura.
1557 717 1671 772 fore
1696 718 1891 774 iterum
1917 717 2089 773 vasti—

511 823 674 869 tatem
717 812 774 868 in
815 821 956 869 terra
983 853 998 880 ,
1029 827 1396 884 magnumque
1424 820 2090 869 excessum'eventurum.

509 905 580 959 At
626 904 773 960 enim
821 905 1133 974 cognoscite
1169 918 1235 958 ex
1298 902 1686 972 sequentibus,
1747 916 1947 956 verene
2001 901 2096 956 hic

512 997 855 1067 Scripturam
898 995 1066 1067 Moysi
1114 993 1411 1053 tradiderit.
1452 991 1587 1048 Nam
1633 992 1916 1063 paululum
1965 1007 2094 1062 pro-

512 1104 735 1155 gressus
764 1088 839 1145 ita
855 1086 1147 1159 nugaciter
1162 1084 1339 1155 inquit
1363 1102 1377 1138 :
1410 1102 1429 1136 ι
1449 1083 1517 1141 Et
1536 1098 1636 1141 nos
1663 1083 1959 1153 unicuique
1978 1083 2095 1139 bo-

516 1180 652 1235 mini
678 1180 745 1237 de
763 1179 904 1236 collo
923 1177 1311 1248 suspendimus
1334 1186 1535 1233 sortem
1564 1175 1757 1247 ipsius.
1775 1176 2098 1247 Continget.

513 1288 623 1342 que
651 1280 714 1328 ut
738 1272 793 1327 in
822 1273 911 1327 die
935 1269 1357 1327 resurrectionis
1378 1268 1493 1325 base
1520 1268 1593 1323 illi
1621 1269 1797 1325 obvia.
1824 1269 2099 1340 scriptura

513 1365 609 1420 ﬁat
639 1381 653 1418 :
691 1363 832 1433 Lege
856 1362 1182 1433 scripturam
1209 1369 1379 1416 tuam.
1409 1379 1429 1413 ι
1469 1359 1787 1417 [iocantem
1818 1375 1957 1430 pene
1980 1375 2099 1415 om—

515 1453 679 1508 nibus
692 1453 1028 1521 exploratum
1050 1458 1154 1517 est,
1172 1451 1315 1520 quod
1343 1451 1508 1506 sortis
1523 1451 1800 1506 decretum
1816 1465 1880 1506 ae
1902 1449 2095 1515 fatum,

514 1559 622 1598 non
659 1542 836 1598 solum
877 1541 1019 1597 haud
1049 1541 1225 1596 suasit
1270 1540 1506 1609 Moyses,
1545 1541 1640 1597 sed
1677 1554 1747 1597 ne
1781 1540 1833 1596 id
1873 1539 2095 1611 quidem

515 1647 823 1689 memorare
848 1632 1044 1688 voluit.
1091 1631 1149 1687 Si
1180 1634 1346 1703 igitur
1372 1633 1437 1688 ad
1474 1632 1566 1687 Dei
1599 1633 1824 1697 gloriam
1866 1632 2101 1702 pertinet

514 1725 683 1779 fatum
708 1724 1013 1791 admittere,
1040 1724 1118 1779 nil
1147 1724 1346 1779 mirum
1374 1724 1517 1794 quod
1536 1733 1720 1795 postea
1754 1724 1952 1779 tradita
1976 1723 2099 1779 Mo-

514 1816 730 1872 hamedi
772 1817 903 1881 sint,
938 1831 1060 1886 quae
1109 1816 1240 1871 olim
1286 1816 1395 1873 sub
1438 1815 1655 1871 silentio
1703 1814 1947 1872 fuerunt.
1998 1813 2094 1869 Sin

513 1921 644 1961 vero
667 1905 837 1961 Deum
881 1905 1009 1960 mali
1036 1920 1191 1975 aeque
1221 1919 1293 1959 ac-
1315 1905 1442 1959 boni
1471 1920 1696 1960 causam
1726 1905 1839 1961 vult
1870 1906 2098 1962 demon-

517 2007 712 2062 strare,
766 2005 899 2054 tunc
924 1996 1129 2053 frustra
1161 1996 1327 2053 fuisse
1358 1997 1505 2068 leges
1528 1998 1707 2060 datas.
1735 2007 1791 2053 et
1815 2011 2100 2067 poenarum

394 2107 405 2117 -
516 2087 698 2143 minas
747 2088 1009 2153 intentas,
1041 2090 1311 2160 coarguit.
1359 2087 1475 2143 Hoc
1503 2101 1687 2144 autem
1716 2098 1800 2145 est
1843 2089 2102 2159 impossi-

517 2177 649 2233 bile.
674 2179 819 2249 Ergo
842 2182 1157 2235 necessario
1184 2180 1443 2235 mentitur
1463 2179 1714 2250 scriptor,
1739 2195 1934 2250 nempe
1957 2179 2104 2250 quod

519 2268 638 2324 haec
669 2269 851 2340 inepta
884 2270 1065 2326 fabula
1096 2280 1371 2326 auctorem
1402 2271 1600 2326 habeat
1629 2272 1781 2327 illum
1806 2273 1898 2342 qui
1929 2271 2102 2344 Moysi

517 2358 691 2426 legem
727 2361 895 2416 dedit.
925 2361 1189 2418 Eumdem
1231 2362 1434 2417 habent
1473 2377 1698 2433 scopum
1723 2364 1866 2434 apud
1900 2363 2102 2433 ipsum,

516 2465 642 2520 qua:
668 2460 994 2521 sequuntur.
1013 2452 1316 2509 Dicitenim
1348 2471 1364 2507 :
1408 2470 1429 2505 ι
1446 2454 1583 2509 Cum
1609 2453 1829 2524 aliquod
1842 2464 2103 2524 pessum-

517 2541 655 2595 dare
681 2540 940 2611 oppidum
972 2542 1248 2607 volumus,
1273 2542 1533 2610 iubemus
1570 2544 1778 2599 incolas
1806 2544 1924 2612 ejus
1953 2544 2107 2598 luxu-

516 2629 667 2687 riose
698 2645 899 2701 agere;
944 2642 1107 2703 atque
1147 2634 1221 2689 ita
1246 2634 1393 2702 justa
1444 2634 1548 2690 fuit
1576 2634 1645 2689 de
1674 2634 1743 2690 iis
1789 2635 2056 2690 sententia
2089 2652 2104 2691 :

518 2721 860 2779 Extermiuio
887 2725 1012 2781 illos
1038 2726 1560 2782 exterminavimus:
1595 2739 1650 2782 et
1676 2726 1924 2797 profecto
1945 2742 2109 2797 gene-

520 2812 763 2868 rationes
806 2823 933 2882 post
961 2813 1075 2870 Noe
1122 2815 1324 2870 multas
1348 2816 1704 2886 perdidimus.
1741 2835 1761 2869 ι
1787 2816 1949 2886 Atqui
1992 2817 2110 2873 haec

2192 619 2443 690 φαίνεται
2479 619 2537 673 δὲ
2570 621 2598 672 ὁ
2619 616 2779 674 τοῦτο
2807 615 3150 687 συγγράψας,
3190 615 3272 669 ὅτι
3312 614 3505 685 Ἡμεῖς
3535 613 3779 695 δεδώκα-

2196 729 2296 783 μεν
2324 711 2404 780 τῷ
2443 712 2666 765 Μωῦσεϊ
2692 709 2791 778 τὴν
2826 706 3071 777 Γραφὴν,
3111 706 3206 760 καί
3238 706 3321 759 ὅτι
3365 707 3527 775 ἡμεῖς
3558 705 3784 776 ἐκρίνα-

2194 818 2294 873 μεν
2318 801 2397 864 είς
2422 801 2545 863 τοὺς
2575 798 2722 860 υἱοὺς
2765 795 2982 867 Ἰσραὴλ
3011 796 3070 848 ἐν
3100 797 3168 867 τῇ
3185 795 3378 865 Γραφῇ
3406 793 3466 847 τὸ
3494 793 3788 862 ἀφανίζειν

2192 893 2252 947 ἐν
2274 895 2342 964 τῇ
2381 894 2451 964 γῇ
2479 890 2750 961 δεύτερον,
2783 888 2878 943 καὶ
2905 887 3204 959 ἐξαρθῆναι
3233 885 3477 957 ἔπαρσιν⁸
3499 886 3753 956 μεγάλην
3773 903 3787 918 ·

2196 986 2451 1039 σκοπεῖτε
2477 983 2536 1038 δέ
2582 984 2646 1036 ἐκ
2674 980 2782 1036 τῶν
2811 980 2960 1051 ἐξῆς,
2993 981 3043 1033 εί
3096 976 3316 1048 ἀληθῶς
3361 968 3519 1040 οὗτός
3553 977 3703 1028 ἐστιν
3762 976 3792 1027 ὁ

2193 1074 2273 1145 τῷ
2300 1075 2528 1129 Μωῦσεϊ
2556 1073 2651 1143 τὴν
2684 1072 2908 1143 Γραφὴν
2938 1070 3190 1133 δεδωκώς
3210 1086 3224 1099 ·
3257 1067 3455 1140 μικρὸν
3490 1067 3601 1137 γάρ
3643 1082 3788 1133 προ-

2196 1166 2299 1230 ϐὰς
2323 1163 2583 1237 φλυαρῶν
2604 1164 2753 1234 φησι
2776 1178 2791 1192 ο
2834 1180 2854 1214 t
2895 1162 3007 1216 Kal
3030 1161 3192 1232 ἡμεῖς
3224 1160 3458 1213 ἑκάστου
3490 1156 3791 1227 ἀνθρώπου

2195 1240 2573 1324 ἐκολλήσαμεν
2608 1251 2757 1322 αὑτῷ
2784 1250 2884 1323 τὴν
2915 1252 3111 1322 μοῖραν
3142 1248 3309 1303 αὐτοῦ
3343 1248 3422 1313 εἰς
3451 1246 3543 1300 τὸν
3572 1247 3795 1318 τράχη-

2195 1344 2287 1406 λον
2308 1343 2473 1397 αὐτοῦ
2497 1358 2511 1373 ·
2536 1342 2632 1396 καὶ¹
2659 1340 2903 1395 ἐκϐαίνει
2937 1338 3087 1410 αὐτῷ
3116 1339 3174 1391 ἐν
3199 1341 3266 1411 τῇ
3306 1338 3493 1411 ἡμέρᾳ.
3522 1337 3623 1407 τῆς
3651 1338 3795 1391 ἀνα-

2198 1437 2440 1496 στάσεως
2468 1434 2657 1505 γραφὴ
2707 1432 3003 1486 ὑπαντῶσα
3030 1430 3178 1502 αὐτῷ
3215 1430 3388 1502 αὕτη·
3449 1429 3797 1498 Ἀνάγνωσον

2194 1528 2294 1597 τὴν
2320 1528 2539 1597 γραφήν
2568 1543 2688 1579 σου.
2735 1544 2755 1578 ι
2787 1523 2958 1577 Τοῦτο
2987 1524 3044 1577 δέ
3074 1525 3260 1594 σχεδὸν
3285 1521 3450 1576 πᾶσίν
3476 1522 3593 1574 ἐστι
3624 1535 3797 1590 φανε-

2202 1620 2321 1690 ρὸν,
2353 1620 2435 1673 ὅτι
2468 1616 2873 1690 μοιρογραφίαν
2901 1616 2995 1669 καὶ
3016 1613 3381 1687 εἱμαρμένην,
3407 1614 3467 1666 οὐ
3506 1612 3670 1679 μόνον
3696 1612 3799 1663 οὐκ

2197 1712 2486 1778 ἐνουθέτει,
2513 1711 2626 1765 ἀλλ’
2649 1710 2774 1764 οὔτε
2812 1706 3186 1780 μνημονεῦσαι
3209 1707 3474 1777 ἠνέσχετο
3505 1702 3760 1768 Μωῦσῆς
3782 1716 3796 1729 ³

2196 1803 2390 1859 οὐκοῦν
2420 1806 2467 1859 εί
2522 1803 2619 1875 μὲν
2646 1802 2789 1879 πρὸς
2830 1800 2968 1854 Θεοῦ
3004 1799 3163 1863 δόξαν
3203 1796 3470 1851 συντείνει
3501 1793 3562 1847 τὸ
3594 1790 3802 1846 ἀποδέ-

2131 1869 2173 1933 B
2204 1896 2398 1962 ξασθαι
2434 1869 2798 1967 εἱμαρμένην,
2854 1893 3009 1962 οὐδὲν
3038 1891 3187 1957 ξένον
3220 1891 3269 1943 εἱ
3295 1887 3525 1959 ὕστερον
3558 1886 3631 1940 τὰ
3672 1887 3800 1938 τότε

2206 1987 2551 2058 σιωπηθέντα
2574 1986 2721 2058 αὐτῷ
2752 1985 2959 2055 δέδοται
2981 2000 2996 2016 ³
3025 1985 3075 2037 εί
3099 1984 3156 2037 δέ
3190 1980 3377 2036 κακῶν
3403 1978 3568 2034 αὑτὸν
3596 1977 3798 2039 αῐτιον,

2204 2078 2395 2150 ὥσπερ
2418 2078 2482 2150 δὴ
2508 2079 2602 2132 καὶ
2630 2078 2739 2133 τῶν
2770 2076 2950 2131 καλῶν
2981 2074 3296 2144 ἀποφαίνει,
3332 2073 3428 2127 καὶ
3477 2074 3543 2125 ἐκ
3592 2069 3799 2123 τούτου

2204 2171 2299 2223 ἐπὶ
2332 2170 2546 2241 ματαίῳ
2561 2168 2661 2232 τὰς
2685 2168 3009 2240 νομοθεσίας
3040 2165 3223 2221 αὐτῶν
3247 2162 3549 2227 τεθεῖσθαι,
3582 2163 3678 2216 καί
3700 2162 3802 2224 τάς

2206 2262 2457 2325 κολάσεις
2483 2261 2778 2331 ἀπειλῆσαι
2806 2259 3019 2329 ἐλέγχει
3041 2275 3055 2290 ο
3083 2256 3240 2311 τοῦτο
3263 2256 3320 2310 δὲ
3346 2254 3610 2310 ἀδύνατον
3632 2271 3646 2284 ο
3671 2252 3803 2322 ψεύ-

2203 2352 2389 2408 δεσθαι
2427 2352 2646 2417 πάντως
2677 2353 2889 2421 ἀνάγκη
2928 2349 3019 2403 τὸν
3052 2347 3362 2418 γράψαντα,
3398 2347 3482 2400 ὅτι
3513 2344 3576 2398 τὸ
3603 2344 3798 2413 ληρῶ-

2205 2445 2293 2508 δες
2318 2443 2476 2498 τοῦτο
2509 2442 2775 2515 μυθάριον
2803 2441 2897 2495 τοῦ
2944 2439 3237 2503 δεδωκότος
3264 2440 3473 2508 Μωῢσῇ
3504 2437 3599 2490 τὸν
3628 2436 3797 2507 νόμον

2206 2539 2325 2592 ἐστί
2350 2554 2364 2569 ο
2397 2537 2490 2591 τοῦ
2519 2536 2684 2603 αὑτοῦ
2711 2535 2766 2588 δέ
2797 2533 3000 2589 σκοποῦ
3023 2532 3172 2603 αὺτῷ
3204 2531 3301 2585 καὶ
3328 2531 3395 2585 τά
3419 2530 3546 2600 ἑξῆς
3575 2529 3802 2599 ἐχεται’

2209 2632 2343 2703 φησὶ
2370 2631 2499 2703 γάρ·
2544 2631 2693 2683 ‹”Οτ’
2721 2628 2786 2682 ἂν
2820 2627 3085 2697 ἠθέλομεν
3118 2624 3385 2679 ἀπολέσαι
3418 2623 3646 2693 χωρίον,
3673 2623 3803 2674 ὲκε-

2207 2722 2439 2793 λεύομεν
2490 2724 2619 2785 τοὺς
2666 2720 2908 2783 ἐστῶτας
2935 2719 2993 2772 ἐν
3044 2716 3215 2788 αὐτῷ,
3252 2716 3348 2770 καὶ
3388 2714 3713 2786 ἠσώτευσαν
3747 2715 3805 2766 ἐν

2208 2812 2360 2885 αὑτῷ
2384 2831 2399 2847 ο
2432 2815 2528 2869 καὶ
2558 2810 2850 2882 ἐδικαιώθη
2877 2809 3064 2864 ἐπάνω
3116 2806 3282 2862 αὑτοῦ
3312 2806 3470 2876 λόγος
3493 2821 3508 2837 °
3550 2806 3648 2860 xui.
3677 2804 3804 2859 ἐδα-

519 2902 692 2957 verba
746 2902 991 2959 Dcnmne
1046 2905 1330 2961 hominum
1378 2916 1652 2962 amantem
1688 2921 1755 2962 an
1802 2908 2104 2964 daemonem

2214 2906 2468 2975 μάσαμεν
2495 2904 2692 2967 αὐτοὺς
2724 2903 2959 2973 δάμασιν
2982 2917 2997 2933 ’
3034 2898 3131 2953 καὶ
3157 2898 3390 2959 πολλοὺς
3433 2896 3807 2964 ἀπωλέσαμεν

518 3008 734 3048 osorem
757 2994 984 3050 decent?
1020 2994 1238 3051 Deusne
1265 2996 1531 3052 luxuriari
1550 2997 1706 3068 jubet
1728 3013 1794 3052 an
1818 2999 2104 3056 diabolus?

2217 2999 2282 3050 ἐκ
2315 2995 2425 3048 τῶν
2475 2994 2680 3064 γενεῶν
2717 2992 2854 3065 μετά
2881 2991 2972 3045 τὸν
2998 2990 3150 3045 Νῶε.
3183 3008 3202 3042 ι
3256 2988 3442 3042 Ταῦτα
3473 2987 3543 3041 τὰ
3578 2988 3810 3058 ῥήματα

517 3084 655 3152 Quis
686 3085 1080 3142 evidentiorem
1121 3089 1361 3159 postulet
1398 3089 1918 3145 demonstrationem
1948 3131 1963 3155 ,
1998 3107 2104 3161 quo

2209 3089 2316 3141 τίνι
2370 3087 2569 3158 μᾶλλον
2597 3087 2897 3157 ἁρμόττει;
2932 3083 3010 3155 τῷ
3050 3081 3419 3153 φιλανθρώπῳ
3467 3078 3590 3149 Θεῷ
3613 3118 3628 3143 ,
3660 3077 3696 3149 ἢ
3726 3076 3803 3146 τῷ

518 3178 622 3235 sibi
653 3180 980 3249 persuadeat
1011 3188 1183 3237 totum
1215 3181 1558 3238 Mohamedis
1596 3184 1796 3239 librum
1829 3200 1860 3239 a
1895 3183 2100 3240 Satana

2216 3180 2587 3253 μισανθρώπῳ
2637 3180 2888 3250 δαίμονι;
2952 3177 3084 3242 Θεὸς
3150 3173 3364 3230 κελεύει
3398 3171 3722 3237 ἀσωτεύειν,
3774 3172 3807 3241 ἢ

517 3285 645 3327 esse
665 3270 910 3327 editum?
924 3271 1080 3338 Quod
1106 3272 1152 3328 si
1185 3274 1351 3343 aliqui
1373 3274 1586 3330 dicant:
1620 3274 1911 3340 Quomodo
1941 3277 2104 3332 valuit

2210 3272 2456 3336 διάϐολος
2479 3288 2494 3337 ;
2522 3271 2605 3324 ἐτι
2649 3269 2856 3341 ταύτης
2882 3267 3224 3338 σαφεστέραν
3253 3262 3532 3329 ἀπόδειξιν
3576 3264 3664 3326 τίς
3690 3263 3805 3315 ἐπις

521 3358 759 3417 Satanas
788 3363 1167 3430 generationes
1192 3364 1393 3419 multas
1422 3373 1548 3434 post
1574 3364 1689 3421 Noe
1713 3366 2112 3435 pessumdare?

520 3453 937 3521 respondemus,
965 3453 1112 3524 quod
1140 3454 1351 3510 viribus
1379 3470 1442 3509 ac
1469 3465 1748 3525 potentatu
1781 3458 1939 3526 quasi
1965 3457 2109 3513 divi-

522 3559 617 3610 no,
661 3559 1006 3615 nequaquam
1036 3561 1052 3611 ;
1105 3544 1300 3599 fraude
1336 3557 1521 3600 autem
1574 3554 1629 3602 et
1659 3547 1968 3601 teutatione
1999 3562 2110 3615 quo

523 3635 635 3692 illa
672 3636 843 3693 Deum
886 3637 950 3692 ad
991 3637 1330 3693 iracundiam
1365 3638 1611 3702 ciereut,
1655 3639 1845 3710 utique
1886 3639 2054 3694 valuit
2088 3656 2104 3706 ;

520 3725 742 3797 quodet
765 3741 910 3785 nunc
937 3741 1195 3796 peragere
1225 3736 1405 3797 potest
1431 3745 1445 3781 :
1480 3729 1785 3796 meritoque
1815 3729 1911 3796 ita,
1931 3745 2107 3799 quan-

521 3832 689 3885 quam
717 3834 847 3874 casu
889 3817 1134 3884 fortuito,
1161 3819 1429 3875 veraciter
1456 3820 1589 3876 dicit
1613 3821 1891 3878 diabolum
1921 3822 2104 3876 homi-

520 3923 625 3963 nes
654 3908 1038 3979 pessumdare.
2027 3914 2033 3925 “

2210 3365 2366 3437 ζητεῖ
2392 3364 2484 3419 τοῦ
2517 3362 3046 3435 πεπληροφορῆσθαι
3068 3361 3150 3414 ὅτι
3182 3359 3243 3413 τὸ
3271 3357 3392 3413 ὅλον
3420 3355 3516 3411 τοῦ
3550 3355 3807 3425 Μωάμετ

2211 3456 2415 3526 βιϐλίον
2451 3457 2480 3508 ὁ
2513 3455 2759 3517 Σατανᾶς
2792 3453 3100 3520 ἐξέδωκεν;
3150 3452 3200 3504 εί
3243 3451 3301 3504 δέ
3332 3466 3476 3512 τινες
3512 3447 3576 3513 ἐξ
3623 3448 3807 3500 αὐτῶν

2208 3548 2418 3601 εἴποιεν
2440 3563 2455 3579 ·
2495 3546 2605 3600 Καὶ
2634 3546 2755 3609 πῶς
2785 3545 2972 3615 ἴσχυσε
3004 3544 3249 3607 Σατανᾶς
3276 3541 3507 3604 πολλοὺς
3538 3539 3808 3594 ἀπολέσαι

2212 3642 2277 3694 ἐκ
2304 3640 2412 3693 τῶν
2445 3639 2647 3708 γενεῶν
2696 3638 2835 3709 μετά
2863 3638 2954 3692 τὸν
3006 3639 3152 3705 Νῶε,
3210 3637 3442 3709 ἐροῦμεν
3473 3636 3551 3700 ὡς
3596 3636 3657 3700 ἐξ
3682 3636 3810 3688 ἐπιο

2213 3728 2478 3801 κρατείας
2511 3728 2606 3783 καὶ
2633 3727 2953 3791 δεσποτείας
2999 3727 3187 3797 θεῖκῆς
3232 3726 3342 3779 οὐδ’
3386 3726 3524 3789 ὅλως
3551 3741 3567 3755 °
3625 3726 3707 3789 ὡς
3753 3724 3812 3791 ἐξ

2213 3822 2430 3893 ἀπάτης
2449 3823 2504 3875 δὲ
2530 3821 2624 3876 καὶ
2654 3821 2748 3875 τοῦ
2778 3819 3024 3892 ἐρεθίσαι
3052 3819 3253 3882 αὐτοὺς
3283 3819 3362 3882 είς
3390 3818 3450 3872 τὸ
3475 3818 3812 3889 παροργίσαι

2211 3915 2302 3967 τὸν
2331 3914 2484 3979 Θεὸν,
2518 3917 2704 3985 ἴσχυσε
2724 3930 2738 3945 ·
2774 3912 2894 3967 καθ’
2921 3913 2957 3968 ἀ
2981 3915 3075 3967 καὶ
3124 3912 3221 3966 νῦν
3253 3909 3413 3964 τοῦτο
3439 3914 3617 3964 ποιεῖν
3644 3910 3813 3964 δύνα-

518 3978 768 4054 ’θαμειαὶ⁵
798 4001 1025 4066 εἰκότως
1079 4003 1140 4057 ἐν
1180 4004 1356 4077 τούτῳ
1408 3978 1473 4060 ἐκ
1539 4004 1636 4060 τοῦ
1685 4005 1996 4077 αὐτομάτου
2066 4004 2360 4077 ἀληθεύσει
2415 3978 2613 4074 λέγων,
2675 4006 2757 4060 ὄτι
2814 4004 2980 4070 αὐτὸς
3040 4003 3303 4060 ἀπόλλυσι
3365 4004 3493 4067 τοὺς
3584 4002 3807 4075 ἀνθρώ-

522 4111 687 4149 πους.

597 4112 629 4147 υ
670 4134 687 4149 ο

597 4111 685 4244 7:.
710 4188 916 4256 Quodsi
957 4191 1199 4247 nondum
1223 4191 1311 4247 his
1330 4191 1755 4247 refutationibns
1779 4192 2116 4262 persuaden-

424 4350 427 4353 _
522 4287 632 4346 tur,
662 4280 1012 4350 sequentibus
1025 4283 1214 4338 saltem
1236 4285 1475 4339 credent.
1503 4283 1716 4338 Etenim
1744 4284 2112 4339 narrationem

482 4369 593 4425 ..ιο
645 4369 759 4426 Noe
787 4374 1135 4440 continuans,
1177 4390 1415 4445 pergens
1447 4390 1612 4445 porro
1653 4376 1931 4431 connectit
1980 4376 2114 4431 illud

521 4456 686 4510 etiam
703 4472 735 4512 a
753 4457 936 4530 Moyse
947 4460 1151 4515 dictum
1174 4462 1241 4516 de
1253 4462 1380 4517 filiis
1403 4461 1493 4517 Dei
1507 4473 1563 4517 et
1575 4464 1789 4519 ﬁliabus
1807 4464 2114 4533 hominum,

2292 4186 2384 4242 οδ’.
2412 4187 2475 4240 El
2505 4185 2561 4239 δὲ
2589 4185 2663 4256 μὴ
2689 4183 2962 4238 πείθοιντο
2982 4184 3046 4237 ἐκ
3074 4182 3185 4237 τῶν
3217 4182 3459 4253 ἐλέγχων
3487 4182 3716 4248 τούτων,
3750 4183 3814 4235 ἐκ

2215 4280 2325 4334 τῶν
2374 4277 2573 4347 ἐφεξῆς
2603 4275 2956 4330 πιστεύσουσι
2981 4292 2995 4307 ⁸
3031 4275 3173 4329 κατὰ
3220 4276 3508 4345 συνέχειαν
3545 4274 3658 4342 γὰρ
3714 4274 3814 4343 τῆς

2215 4377 2346 4449 περὶ
2374 4374 2499 4429 Νῶε
2533 4373 2850 4445 ἐξηγήσεως
2879 4369 3084 4440 προῖὼν
3118 4370 3476 4423 ἐπισυνάπτει
3527 4368 3626 4423 καὶ
3653 4367 3815 4421 τοῦτο

2217 4467 2347 4537 περὶ
2371 4465 2482 4519 τῶν
2507 4463 2817 4536 εἰρημένων
2856 4463 3084 4517 Μωῦσεῖ
3109 4461 3244 4515 υίῶν
3272 4460 3409 4515 Θεοῦ
3440 4461 3537 4513 καὶ
3568 4459 3809 4527 θυγατέ-

524 4555 691 4618 atque
727 4549 843 4605 ait:
876 4550 973 4605 «Et
996 4551 1159 4622 elegit
1187 4553 1343 4608 vobis
1368 4552 1514 4608 Deus
1556 4561 1743 4610 noster
1772 4554 1933 4620 ﬁlios,
1963 4570 2104 4611 sum-

2220 4574 2330 4628 ρων
2352 4557 2461 4610 τῶν
2489 4554 2816 4627 ἀνθρώπων,
2860 4551 3004 4606 οὕτω
3036 4552 3214 4622 λέγων
3245 4569 3258 4582 ·
3302 4571 3322 4605 r
3351 4553 3462 4605 Καὶ
3514 4550 3817 4615 ἐπελέξατο

525 4640 744 4710 psitque
773 4655 838 4695 ex
868 4642 1075 4713 angelis
1114 4642 1373 4700 feminas.
1399 4642 1511 4698 Vos
1532 4651 1716 4701 autem
1745 4646 1925 4702 dicitis
1949 4661 2113 4713 gran-

520 4729 624 4785 des
649 4745 987 4788 sermones.»
1023 4733 1212 4789 Videte
1250 4735 1584 4806 impietatem
1612 4776 1627 4802 ,
1670 4737 1849 4792 videte
1897 4738 2111 4793 barbari

526 4821 769 4878 hominis
796 4823 1070 4880 insaniam
1097 4828 1111 4881 ι
1141 4825 1278 4892 Quia
1304 4827 1448 4881 enim
1479 4828 1684 4883 dictum
1710 4828 1860 4884 fuita
1886 4828 2071 4901 Moyse
2096 4847 2111 4885 ι

537 4910 781 4969 Videam
827 4914 931 4984 ﬁlii
983 4914 1083 4970 Dei
1116 4917 1260 4986 ﬁlias
1295 4916 1568 4973 hominum
1596 4918 1735 4989 quod
1767 4920 2004 4989 pulchrae
2031 4936 2115 4975 es,

524 5011 661 5068 scut,
707 5017 1018 5074 acceperunt
1058 5008 1163 5065 sibi
1189 5024 1377 5066 uxores
1410 5010 1459 5041 ³⁸
1484 5028 1499 5075 ;
1527 5019 1582 5066 et
1603 5012 1747 5082 quod
1778 5027 1843 5067 ex
1886 5012 1952 5068 iis
1978 5027 2117 5081 quos

528 5094 636 5150 illa:
681 5108 1025 5167 pepererunt,
1068 5109 1226 5159 erant
1266 5102 1512 5173 gigantes
1547 5118 1563 5169 ;
1619 5103 1793 5160 nescit
1840 5103 2110 5171 videlicet,

526 5201 691 5255 quem
721 5187 890 5243 Deum
925 5187 1138 5260 Moyses
1177 5194 1429 5262 appellet,
1462 5210 1657 5264 nempe
1686 5195 1950 5251 Enosum.
1985 5195 2116 5262 Qui-

530 5289 659 5329 nam
684 5290 814 5330 vero
845 5278 956 5333 sint
980 5279 1146 5349 hujus
1172 5282 1263 5337 ﬁlii
1290 5284 1572 5355 ignorans,
1596 5297 1714 5355 post
1741 5294 1950 5341 tantum
1979 5303 2117 5357 prte-

534 5366 841 5422 cedeutium
877 5385 1194 5428 sermonum
1221 5375 1488 5442 laborem,
1523 5378 1575 5431 in
1596 5379 1848 5448 praesenti
1896 5378 2116 5433 demum

535 5457 776 5529 capitulo
807 5458 1063 5517 universa
1093 5461 1214 5533 ejus
1242 5479 1368 5535 spes
1399 5467 1685 5524 manifeste
1711 5469 1939 5525 corruit.
1974 5468 2110 5525 Nam

602 5635 650 5669 “
683 5636 819 5694 Gen.
851 5656 929 5708 v1,
948 5641 1005 5698 2.

617 5776 727 5841 (2|)
770 5778 1095 5851 Quanquam
1148 5784 1309 5853 vulgo
1360 5785 1677 5841 inscribitur
1726 5786 1956 5842 Arabice
2005 5786 2117 5841 lter

544 5857 899 5917 nocturnum;
930 5860 1164 5908 attamen
1197 5856 1468 5923 nonnulli,
1504 5872 1646 5927 quos
1680 5855 1900 5916 Cra-cus
1928 5859 2114 5928 sequi-

2218 4648 2349 4718 ὑμῖν
2377 4649 2405 4701 6
2440 4645 2645 4716 Κύριος
2697 4644 2857 4716 ἡμῶν
2885 4643 3073 4706 τέκνα,
3112 4644 3205 4696 καὶ
3254 4642 3556 4697 ἐπελάϐετο
3594 4643 3659 4696 ἐκ
3704 4641 3815 4694 τῶν

2214 4738 2463 4807 ἀγγέλων
2490 4737 2711 4808 θηλείας
2733 4754 2748 4767 ’
2776 4737 2935 4807 ὑμεῖς
2954 4736 3012 4789 δὲ
3042 4735 3231 4804 λέγετε
3249 4735 3443 4804 λόγους
3475 4736 3806 4805 μεγάλους.»

2224 4832 2422 4903 Ὁρᾶτε
2450 4828 2551 4902 τὴν
2583 4828 2861 4892 ἀσέϐειαν,
2913 4829 3079 4899 ὁρᾶτε
3122 4829 3222 4900 τὴν
3251 4828 3438 4882 ἄνοιαν
3467 4828 3564 4881 τοῦ
3599 4828 3814 4898 βαρϐά-

2218 4925 2349 4998 ρουὲ
2383 4922 2570 4995 ἐπειδὴ
2599 4922 2708 4993 γὰρ
2738 4922 2955 4991 εἴρηται
2996 4920 3074 4992 τῷ
3120 4920 3376 4983 Μωῦσεῖ,
3424 4919 3509 4971 ὅτι
3556 4917 3815 4982 Ἰδόντες

2217 5019 2272 5071 ol
2299 5016 2417 5070 υἱοὶ
2468 5014 2576 5069 τοῦ
2609 5013 2758 5069 Θεοῦ
2802 5013 2906 5080 τὰς
2945 5014 3275 5082 θυγατέρας
3325 5011 3445 5065 τῶν
3483 5010 3818 5078 ἀνθρώπων

2221 5104 2312 5158 ὄτι
2340 5103 2525 5159 καλαί
2566 5104 2746 5167 εἰσιν,
2788 5102 3012 5156 ἔλαϐον
3050 5100 3287 5166 ἑαυτοῖς
3333 5100 3631 5170 γυναῖκας
3654 5114 3672 5132 ⁸
3722 5100 3815 5150 καὶ

2220 5198 2305 5253 ὅτι
2333 5198 2398 5250 ἐκ
2425 5196 2535 5249 τῶν
2562 5195 2896 5265 τικτομένων
2949 5196 3134 5258 αὐτοῖς
3162 5190 3305 5266 ἦσαν
3337 5196 3385 5247 oi
3416 5193 3699 5261 γίγαντες,
3739 5189 3814 5256 μὴ

2221 5286 2379 5352 εἰδὼς
2411 5288 2533 5342 τίνα
2572 5287 2731 5340 καλεῖ
2757 5286 2888 5339 Θεὸν
2918 5287 3160 5356 Μωῦσῆς
3192 5286 3275 5338 ὅτι
3320 5284 3411 5337 τὸν
3452 5281 3620 5345 Ἐνώς
3641 5297 3655 5310 ·
3711 5277 3805 5332 καὶ

2222 5379 2366 5442 τίνες
2412 5377 2579 5432 αὐτοῦ
2616 5380 2755 5431 εἰσιν
2798 5378 2902 5430 υἱοὶ
2963 5378 3359 5448 ἀμηχανήσας,
3417 5376 3501 5428 ὃτι
3552 5373 3618 5443 δὴ
3672 5374 3811 5442 μετά

2223 5468 2479 5524 τοσοῦτον
2518 5467 2681 5521 πόνον
2705 5465 2814 5520 τῶν
2848 5466 3229 5541 προλαϐόντων
3246 5466 3441 5534 λόγων,
3471 5466 3528 5517 ἐν
3564 5460 3644 5527 τῷ
3673 5475 3803 5523 παρ-

2225 5796 2335 5859 tur,
2364 5786 2755 5859 inscripserunt
2776 5787 2938 5843 etiam
2968 5788 3069 5859 ﬁlii
3101 5788 3185 5844 vel
3217 5788 3448 5858 ﬁliorum
3481 5785 3716 5854 Israelis,
3739 5791 3803 5840 ut

2221 5856 2523 5914 Maraccius
2546 5858 2787 5913 adnotat.
