4048 6402
317 394 441 461 ’ῑὸ5
991 378 1001 408 ⁸

1493 396 1931 459 REFUTATIO
1966 397 2444 460 MOHAMEDIS.

3475 408 3585 474 766

319 511 445 562 ὀντι
503 507 785 579 κεφαλαίῳ
810 507 1092 563 διαπίπτει
1138 508 1304 566 αὐτοῦ
1337 470 1696 578 πᾶσα’ἐλπίς-·
1728 526 1896 584 φανε-

2022 511 2185 583 loyse
2218 512 2357 570 ﬁlios
2400 512 2493 568 Dei
2538 513 2854 572 nominante
2876 558 2892 585 ,
2927 515 3232 575 Mobamedi
3261 522 3414 577 cordi
3444 535 3591 589 erat,

329 600 445 670 ρῶς
466 599 560 654 τοῦ
591 600 869 664 Μωῦσέως
927 602 1078 666 υἱοὺς
1102 602 1237 658 Θεοῦ
1256 602 1614 674 ὀνομάζοντος
1626 622 1652 655 ,ο
1680 607 1830 677 αὐτῷ
1849 606 1906 660 δὲ

321 687 398 762 ἦν
426 694 458 762 ὴ
483 691 687 763 σπουδὴ
719 693 921 763 μηδένα
949 693 1098 766 αὑτῷ
1123 697 1520 768 παραχωρῆσαι
1547 712 1563 731 θ
1600 696 1907 770 καλῶσι-τερ

324 786 686 848 ἐνθουσιάσας
712 787 1031 857 ἀνταμείϐει
1060 789 1187 853 τοὺς
1216 790 1575 862 χαρακτῆρας
1601 792 1710 845 τῶν
1739 811 1911 864 προσ.

325 876 497 931 ὡπων
527 875 621 928 καὶ
641 876 710 929 τὰ
733 876 848 947 εἴδη
867 891 882 906 ο
920 879 1015 931 καὶ
1046 880 1159 932 τῶν
1217 879 1534 953 θυγατέρων
1564 882 1674 936 τῶν
1700 883 1910 955 ἀνθρὼ-

326 984 453 1019 πων
484 967 814 1022 ἀναπλάττει
836 967 1059 1040 θηλείας
1083 970 1351 1040 ἀγγέλους
1382 973 1525 1026 κατὰ
1545 974 1639 1027 τὸν
1670 975 1911 1047 Ἕλληνα

329 1058 515 1129 μῦθον
526 1075 540 1090 ’

478 1151 575 1209 Ιρις
599 1149 641 1198 δ’
662 1148 722 1197 αὖ
756 1148 923 1212 Ἑλένῃ
947 1149 1227 1214 λευκωλένῳ
1255 1150 1454 1213 ἄγγελος
1481 1152 1646 1213 ἦλθεν·
1673 1154 1777 1218 (22)
1814 1219 1843 1237 κ

332 1297 459 1350 ἀντὶ
481 1295 538 1350 δὲ
570 1295 678 1349 τῶν
700 1295 832 1349 υίῶν
856 1294 951 1349 τοῦ
977 1293 1114 1350 Θεοῦ
1140 1296 1558 1369 παραλαμϐάνει
1597 1301 1726 1364 τοὺς
1760 1302 1909 1367 υἱοὺς

324 1383 774 1454 τῶνάνθρώπων
797 1399 814 1416 ⁸
870 1385 965 1437 καὶ
991 1383 1135 1438 οὕτω
1187 1386 1257 1440 τὰ
1294 1385 1416 1441 ἕδνα
1449 1388 1549 1457 τῆς
1579 1388 1745 1443 αὐτοῦ
1788 1390 1912 1444 ἀλο-

327 1475 462 1629 ἔίας
483 1476 576 1529 καὶ
601 1474 910 1544 δυσφημίας
954 1477 1069 1533 τοῖς
1114 1474 1320 1542 ἀθλίοις
1348 1476 1644 1552 βαρϐάροις
1695 1480 1908 1550 προικί-

370 1582 440 1619 ει.

370 1582 440 1619 ει.

404 1655 496 1711 σε’.
539 1654 612 1711 Τὸ
650 1657 708 1710 δὲ
757 1656 974 1710 πάντων
1023 1655 1401 1728 ἐλεεινότερον,
1454 1660 1537 1715 ὅτι
1592 1661 1744 1733 παρά
1773 1662 1910 1717 Θεοῦ

324 1752 492 1806 τοῦτο
526 1751 775 1821 γενέσθαι
808 1752 1192 1821 καταγγέλλει.
1222 1772 1241 1805 ι
1280 1750 1602 1819 Ἐπελέξατο
1637 1755 1745 1825 γὰρ
1780 1756 1915 1826 ὑμῖν

2011 604 2220 659 nullum
2243 606 2472 660 omnino
2499 607 2668 662 lilium
2693 608 2801 663 Deo
2824 610 3123 666 concedere
3156 630 3171 667 :
3208 613 3436 683 ideoque
3469 626 3590 670 tan-

2009 712 2173 767 quam
2208 699 2665 766 (nstro-percitus,
2698 717 3051 771 pcrsonarum
3085 702 3288 761 formas
3310 716 3365 761 et
3394 724 3589 778 genera

2010 789 2263 845 immutat
2283 808 2298 858 ;
2316 799 2372 844 et
2396 806 2491 861 pro
2517 792 3052 857 ﬁliabusbominum,
3075 795 3337 867 confingit
3360 797 3589 855 feminas

2009 885 2253 954 angelos,
2277 883 2433 954 juxta
2458 882 2702 941 Graecam
2724 886 2965 943 fabulam
2995 905 3011 942 :

2069 1171 2164 1222 Iris
2201 1176 2320 1221 Vero
2369 1172 2430 1225 ad
2468 1170 2712 1225 Helenam
2748 1174 2970 1227 candidis
3007 1176 3139 1240 ulnis
3170 1177 3425 1240 praeditam
3456 1179 3596 1229 venit.

3108 1238 3323 1304 [nuncia
3349 1238 3588 1303 (angela),

2010 1311 2166 1369 Filiis
2208 1323 2392 1369 autem
2421 1313 2517 1370 Dei
2561 1316 2705 1373 ﬁlios
2745 1317 3029 1373 hominum
3065 1321 3369 1376 substituit.
3414 1323 3595 1391 Atque

2010 1403 2085 1458 ita
2115 1405 2273 1473 quasi
2297 1406 2817 1474 Sponsalestultitia:
2845 1412 3181 1478 suﬁmunus
3220 1413 3439 1472 miseris
3466 1414 3595 1469 har-

2010 1494 2162 1552 baris
2199 1497 2441 1554 exhibet.

2080 1672 2173 1728 75.
2209 1671 2364 1738 Quod
2402 1687 2533 1728 vero
2569 1688 2680 1742 pra:
2723 1674 2934 1730 caeteris
2974 1674 3368 1745 deplorandum
3414 1688 3518 1744 est,
3562 1695 3591 1734 a

2009 1762 2122 1818 Deo
2151 1764 2256 1818 boc
2293 1763 2494 1818 factum
2533 1763 2769 1819 affirmat
2797 1782 2811 1819 :
2854 1784 2873 1817 ι
2898 1764 3071 1836 Elegit
3094 1769 3236 1821 enim
3266 1770 3421 1825 vobis
3451 1770 3596 1826 Deus

325 1846 363 1898 ὁ
381 1844 583 1915 Κύριος
610 1844 767 1916 ὴμῶν
795 1843 961 1898 τέκνα
979 1859 994 1875 ο
1026 1845 1120 1898 καὶ
1140 1844 1434 1899 ἐπελάϐετο
1457 1847 1521 1899 ἐκ
1536 1845 1643 1899 τῶν
1665 1847 1914 1915 ἀγγέλων

2022 1866 2201 1913 noster
2234 1856 2398 1920 filios,
2445 1858 2783 1928 sumpsitque
2819 1874 2888 1915 ex
2946 1860 3153 1930 angelis
3198 1860 3448 1916 heminas.
3486 1860 3597 1917 \los

324 1937 591 2008 θηλείαςζ
623 1937 782 2006 ὑμεῖς
809 1936 865 1990 δὲ
908 1936 1097 2005 λέγετε
1124 1937 1321 2006 λόγους
1374 1937 1664 2007 μεγάλους.
1695 1957 1714 1990 ι
1771 1941 1913 2004 Τοὺς

325 2028 584 2100 περὶτοῦ
611 2028 747 2083 Θεοῦ
779 2047 966 2101 φησιν,
999 2030 1082 2083 ὅτι
1104 2029 1169 2098 δὴ
1207 2029 1474 2102 φημίζετε
1506 2029 1584 2101 τῷ
1614 2031 1733 2103 Θεῷ
1762 2033 1913 2094 υἱοὺς

323 2119 496 2188 ἔχειν,
530 2120 624 2173 καὶ
642 2119 863 2182 τούτους
885 2119 1242 2191 πεποιηκέναι
1263 2120 1547 2190 γαμϐροὺς
1573 2121 1876 2193 ἀνθρώπων
1893 2139 1908 2152 ο

324 2208 535 2274 μᾶλλον
561 2208 661 2278 μὲν
683 2203 775 2262 οὖν
791 2208 1057 2276 ἀγγέλους
1083 2207 1302 2278 θηλείας
1327 2209 1546 2280 νύμφας
1573 2210 1773 2265 δέδωκε
1795 2214 1912 2277 τοῖς

324 2302 469 2363 υἱοῖς
496 2300 606 2353 τῶν
628 2300 723 2353 ἀνθ
733 2299 952 2372 ρώπων’
977 2300 1162 2365 ὡς’ἐπὶ
1182 2300 1462 2371 διορθώσει
1478 2300 1587 2355 τῶν
1602 2305 1913 2359 Μωσαῖκῶν

320 2390 556 2444 τοιαῦτα
612 2391 871 2458 φάσκωνο
914 2390 1105 2444 τούτου
1143 2391 1304 2462 χάριν
1349 2393 1406 2445 ἐν
1455 2392 1533 2464 τῷ
1581 2395 1687 2465 πρὸ
1719 2395 1910 2450 τούτου

326 2481 492 2553 μύθῳ
529 2481 817 2554 ἐξόμνυται
842 2484 924 2537 ὅτι
947 2485 1002 2538 αἱ
1031 2483 1241 2554 θήλειαι
1267 2483 1491 2553 ἄγγελοι
1512 2486 1610 2539 οὐκ
1647 2487 1755 2541 είσὶ
1776 2488 1911 2542 Θεοῦ

325 2575 663 2646 θυγατέρες·
707 2576 847 2645 πλὴν
875 2578 956 2632 ὅτι
987 2577 1199 2647 θήλειαί
1227 2581 1332 2633 είσι
1382 2578 1660 2649 κραταιῶς
1714 2580 1914 2649 ἀγωνί-

325 2664 485 2730 ζεται
509 2668 620 2737 (2⁵5)
646 2685 660 2700 ·
684 2667 799 2721 ἀλλ’
827 2669 973 2737 οἴμοι
995 2669 1073 2738 τῷ
1108 2669 1550 2741 ἀμαρτωλοτέρῳ
1577 2669 1758 2741 πάσης
1781 2687 1916 2741 σαρ-

326 2759 466 2823 κόςι
502 2760 583 2814 ὅτι
615 2759 997 2829 ἀναγκάζομαι
1024 2760 1192 2815 θέλων
1224 2762 1444 2830 ἐλέγξαι
1477 2762 1568 2815 τὸν
1601 2761 1796 2835 ἐχθρὸν
1817 2761 1914 2815 τοῦ

326 2851 502 2917 Θεοῦ,
531 2842 705 2906 ταῦτα
738 2852 834 2906 καὶ
863 2852 931 2906 τά
968 2852 1197 2907 τοιαῦτα
1244 2852 1458 2907 λαλεῖν
1486 2853 1539 2906 τί
1587 2852 1680 2907 οὖν
1725 2853 1915 2907 λοιπὸν

326 2944 475 3015 ’πρὸς
496 2942 669 2997 ταῦτα
723 2942 943 3013 ἐροῦσιν
969 2943 1363 3013 οίάρνησίθεοι
1417 2945 1754 3013 Σαρακηνοί;
1805 2941 1916 3016 ἄρα

329 3035 771 3107 φιλονεικήσουσι
799 3035 937 3105 μετὰ
961 3034 1155 3102 ταῦτα,
1170 3035 1402 3106 θεόπτην
1427 3036 1670 3106 Μωάμετ
1693 3036 1914 3104 καλεῖν;

325 3128 367 3201 ἢ
400 3127 606 3199 μᾶλλον
650 3127 901 3180 ἐπαοιδὸν
951 3126 1048 3181 καὶ
1078 3126 1253 3199 γόητα
1281 3128 1376 3181 καὶ
1431 3126 1722 3181 ἀπατεῶνα
1757 3127 1918 3180 αὑτὸν

328 3227 617 3295 πεφηνότα
639 3223 999 3289 διαπτύουσι;
1036 3220 1437 3292 βαττολογήσας
1484 3219 1539 3272 δὲ
1570 3220 1665 3271 καὶ
1710 3219 1914 3289 δυσφη-
1942 3205 1989 3265 C

331 3318 518 3386 μήσας
543 3314 757 3377 τούτοις
781 3314 941 3384 ὅμοια
970 3313 1216 3378 πλείονα,
1239 3311 1431 3382 ὥσπερ
1458 3312 1565 3382 ἤδη
1591 3312 1783 3379 σαφεῖς
1822 3309 1919 3363 καὶ

328 3409 763 3478 ἀναντιῤῥήτους
786 3407 851 3459 ἐκ
899 3406 1105 3460 τούτων
1145 3404 1244 3469 τὰς
1276 3404 1582 3471 ἀποδείξειε
1608 3402 1917 3472 ποιησάμε-

323 3516 426 3562 νος
450 3498 646 3566 ἐπάγει
667 3514 681 3529 ·
718 3517 737 3549 ι
772 3498 879 3550 Καὶ
901 3497 1048 3550 εἰπέ·
1097 3496 1421 3566 Εὐχαριστῶ
1467 3494 1545 3564 τῷ
1570 3493 1692 3565 Θεῷ
1733 3492 1811 3563 τῷ
1844 3492 1918 3563 μὴ

325 3574 654 3644 animm
675 3589 813 3644 υἱόν.
838 3608 857 3640 ι
892 3587 1006 3642 Καὶ
1030 3589 1088 3642 ἐν
1106 3588 1318 3652 τούτοις
1349 3585 1427 3658 τῷ
1453 3585 1716 3657 φληνάφῳ
1741 3585 1918 3654 πέρας

325 3681 573 3749 τίθησιν.
1042 3760 1048 3765 ‘

842 3763 1287 3823 ΕΔΕΓΚΤῙΚΟΣ
1332 3763 1429 3821 IZ'.

403 3862 519 3927 ος·’.
547 3862 620 3916 Τὸ
652 3861 1114 3917 ἑπτακαιδέκατον
1149 3858 1408 3931 μυθάριον
1434 3858 1545 3929 (24)
1579 3857 1657 3930 τῷ
1673 3858 1921 3928 Μωάμετ

325 3955 750 4027 ἐπιγέγραπται
808 3952 930 4023 μὲν,
967 3953 1069 4018 Εὶς
1121 3949 1267 4017 τοὺς
1304 3950 1578 4018 ἑταίρους
1626 3949 1732 4004 τοῦ
1766 3954 1923 4017 σπηι

326 4048 540 4111 λαὶου,
569 4047 870 4118 ἀφηγεῖταιυ
911 4044 969 4099 δὲ
1019 4041 1118 4114 τὴν
1174 4039 1284 4095 τῶν
1313 4040 1486 4109 ἁγίων
1524 4039 1668 4094 ἐπτά
1711 4040 1921 4105 παίδων

325 4141 449 4197 τῶν
482 4141 542 4195 ἐν
576 4138 787 4208 Ἐφέσῳ
814 4136 957 4190 κατὰ
978 4136 1040 4188 τὸ
1070 4132 1331 4205 σπήλαιον
1356 4131 1554 4204 φυγὴν,
1579 4132 1675 4185 καὶ
1695 4130 1786 4185 τὸν
1822 4130 1920 4184 θά-

331 4247 525 4297 νατον,
556 4229 652 4284 καὶ
678 4229 779 4300 τὴν
805 4227 1102 4282 ἀνάστασιν
1120 4242 1136 4256 ο
1169 4222 1377 4278 τούτων
1405 4223 1462 4277 δὲ
1510 4224 1923 4293 ἐμνημόνευσεν

329 4327 365 4379 ὁ
402 4322 617 4394 ἰδιώτης
639 4323 737 4376 καὶ
774 4319 1048 4393 βάρϐαρος
1093 4315 1238 4371 κατά
1259 4316 1494 4388 τρόπους
1528 4315 1645 4381 δύο,
1678 4315 1780 4368 ἕνα
1822 4313 1922 4386 μὲν

330 4415 438 4471 τοῦ
458 4415 605 4481 δόξαι
632 4413 860 4486 γραφῶν
887 4411 1097 4467 πολλῶν
1127 4410 1392 4481 ἔμπειρος
1446 4404 1608 4475 εἶναι,
1641 4410 1828 4481 ἕτερον
1866 4408 1925 4463 δὲ

2012 1958 2194 2004 autem
2242 1949 2423 2005 dicitis
2470 1951 2703 2018 grandes
2754 1964 3088 2012 sermones,»
3120 1965 3315 2020 nempe
3368 1951 3436 2006 de
3463 1950 3593 2016 Deo,

2011 2043 2451 2113 quandoquidem
2491 2044 2655 2097 Deum
2691 2042 2833 2098 ﬁlios
2873 2043 3073 2098 habere
3097 2042 3382 2109 dictitatis,
3433 2052 3597 2114 atque

2012 2133 2118 2189 hos
2157 2133 2443 2189 hominum
2493 2132 2689 2190 fecisse
2715 2148 2947 2204 generos
2978 2152 2994 2201 ;
3026 2149 3152 2190 eum
3191 2146 3385 2190 contra
3413 2134 3600 2205 potius

2011 2227 2233 2299 angelos
2251 2226 2489 2283 feminas
2506 2227 2633 2283 ﬁliis
2655 2227 2937 2283 hominum
2963 2243 3165 2284 uxores
3195 2228 3446 2283 dederit:
3476 2242 3600 2297 quae

2012 2318 2219 2374 scilicet
2264 2318 2328 2374 ad
2373 2316 2626 2374 Mosaicae
2672 2318 2915 2374 historia:
2960 2318 3395 2374 emendationem
3442 2317 3597 2374 dicit.

2012 2410 2302 2482 Propterea
2325 2410 2380 2465 in
2410 2410 2748 2480 praecedente
2775 2410 3208 2480 fabulajuravit,
3237 2408 3471 2464 feminas
3495 2422 3600 2462 an-

2012 2503 2163 2573 gelos
2191 2517 2300 2559 non
2339 2518 2464 2559 esse
2503 2502 2599 2556 Dei
2633 2503 2775 2559 ﬁlias
2806 2520 2822 2559 :
2876 2511 2931 2558 et
2975 2502 3332 2558 nihilominus
3376 2501 3602 2571 angelos

2013 2608 2137 2650 esse
2160 2592 2390 2651 feminas
2413 2592 2694 2649 mordicus
2722 2594 3019 2649 contendit.
3060 2594 3164 2648 Sed
3194 2594 3299 2649 heu
3327 2593 3458 2647 mibi
3490 2608 3602 2662 prae

2013 2688 2270 2743 universa
2294 2702 2458 2742 carne
2487 2688 2784 2757 peccatori,
2810 2687 2913 2757 qui
2933 2701 3121 2757 cogor,
3151 2684 3599 2756 quandoquidem

2017 2781 2111 2836 Dei
2142 2780 2354 2835 hostem
2378 2779 2505 2834 volo
2529 2779 2838 2841 confutare,
2876 2785 2956 2832 tot
2985 2778 3225 2847 taliaque
3255 2776 3403 2845 loqui
3434 2777 3447 2830 l
3484 2774 3603 2830 Cte-

2020 2869 2230 2940 teroqui
2260 2869 2392 2939 quid
2419 2868 2489 2924 ad
2515 2868 2629 2923 haec
2658 2868 2844 2923 dicent
2869 2867 2961 2922 Dei
2986 2876 3272 2938 negatores
3296 2865 3561 2921 Saraceni.
3578 2868 3603 2919 ἲ

2016 2962 2157 3017 Num
2179 2961 2440 3032 posthaec
2459 2960 2643 3016 volent
2662 2961 2842 3016 adhuc
2868 2958 3599 3030 pertinaciterMobamedcm

2019 3054 2293 3124 appellare
2336 3053 2430 3109 Dei
2459 3051 2806 3115 familiarem,
2839 3061 2895 3108 et
2932 3067 3039 3106 non
3081 3052 3267 3121 potius
3295 3050 3603 3121 praestigia-

2022 3158 2193 3203 torem
2233 3156 2290 3201 et
2318 3160 2535 3215 magum
2558 3144 2583 3200 ἲ
2606 3160 2705 3200 nec
2725 3159 2857 3199 eum
2879 3144 3057 3210 potius
3089 3152 3149 3196 ut
3172 3141 3459 3196 manifeste
3490 3142 3605 3210 pla-

2019 3255 2151 3296 num
2185 3238 2495 3296 convictum
2530 3237 2837 3307 despuent?
2860 3236 3143 3290 Blaterans
3171 3242 3355 3288 autem
3375 3273 3389 3295 ,
3422 3241 3478 3286 et
3516 3231 3605 3287 his

2020 3328 2177 3401 plura
2202 3329 2400 3385 similia
2427 3328 2832 3399 blasphemus,
2848 3327 3006 3396 quasi
3041 3325 3358 3380 manifestas
3385 3332 3441 3377 ct
3464 3323 3603 3376 irre-

2020 3421 2273 3478 futabiles
2296 3421 2514 3477 fecisset
2546 3419 3057 3482 demonstrationes,
3085 3418 3236 3472 addit
3266 3433 3281 3470 :
3315 3433 3334 3467 ι
3368 3414 3436 3468 Et
3480 3413 3605 3469 dic:

2019 3510 2169 3567 Laus
2197 3510 2311 3567 Deo
2335 3511 2428 3582 qui
2456 3510 2624 3566 lilium
2647 3525 2753 3565 non
2786 3509 3053 3581 suscepit!
3080 3527 3100 3560 ι
3126 3510 3301 3577 Atque
3319 3507 3404 3562 his
3423 3505 3605 3569 dictis,

2019 3599 2220 3657 fabula:
2250 3616 2367 3658 suae
2385 3600 2548 3656 ﬁnem
2581 3600 2832 3671 imponit.

2044 3846 2055 3857 _
2483 3776 2934 3836 CONFUTATIO
2968 3776 3136 3832 xvn.

2095 3874 2185 3930 76.
2217 3873 2437 3930 Decima
2461 3872 2690 3943 septima
2706 3886 2733 3924 a
2760 3870 3076 3926 llobamede
3092 3869 3275 3924 fabula
3291 3867 3610 3923 inscribitur

2023 3964 2249 4022 Sodalu
2277 3964 2538 4034 spelunca
2565 3977 2586 4017 :
2615 3971 2804 4017 narrat
2834 3969 3016 4017 autem
3049 3969 3371 4016 sanctorum
3397 3968 3606 4029 septem

2023 4056 2454 4112 adolescentium
2483 4052 2683 4124 Ephesi
2704 4052 2771 4108 ad
2799 4053 3116 4122 speluncam
3145 4052 3350 4122 fugam,
3369 4058 3427 4106 et
3457 4066 3610 4105 mor-

2024 4156 2132 4203 tem
2183 4157 2237 4202 et
2289 4146 2766 4202 resurrectionem.
2808 4144 2920 4200 Hos
2962 4158 3095 4199 vero
3132 4153 3402 4198 memorat
3438 4143 3609 4198 idiota

2023 4240 2293 4296 barbarus
2323 4238 2529 4310 duplici
2554 4252 2620 4293 ex
2651 4252 2817 4292 causa
2843 4255 2859 4303 ;
2892 4251 3000 4291 una
3025 4236 3245 4307 quidem
3276 4243 3338 4290 ut
3361 4235 3611 4290 videatur

2023 4333 2320 4388 multarum
2354 4331 2748 4401 scripturarum
2793 4343 2999 4399 gnarus
3026 4346 3042 4397 ;
3073 4329 3242 4383 altera
3270 4335 3330 4381 ut
3357 4327 3443 4383 sui
3476 4326 3612 4396 dog-

2024 4424 2190 4479 matis
2212 4422 2494 4494 proprium
2534 4419 2702 4475 faciat
2727 4420 2872 4490 quod
2905 4420 3014 4474 illis
3050 4418 3232 4473 evenit
3263 4416 3605 4472 miraculum.

330 4506 438 4562 τοῦ
468 4507 786 4577 σφετερίσαι
817 4508 896 4570 είς
922 4504 984 4558 τὸ
1013 4502 1209 4557 ἐαυτοῦ
1237 4502 1416 4573 δόγμα
1463 4503 1529 4556 τὸ
1575 4503 1698 4557 κατ’
1722 4503 1920 4567 αὐτοὺς

2028 4514 2167 4582 Quia
2195 4528 2324 4569 vero
2359 4511 2525 4583 probe
2552 4511 2759 4567 sciebat
2779 4509 2950 4565 fuisse
2977 4509 3099 4564 illos
3127 4508 3490 4570 Christianos,
3524 4516 3614 4560 at-

333 4566 561 4670 θαῦμά·
596 4566 783 4670 ἐπειδὴ
822 4566 890 4653 δὲ⁷
924 4598 1115 4668 σαφῶς
1157 4596 1274 4669 ᾔδει
1309 4566 1683 4667 ξριστιανοὺς
1722 4566 1920 4659 αὐτοὺς

2031 4620 2140 4680 que
2179 4607 2484 4662 incolumes
2533 4613 2655 4674 post
2707 4611 2936 4659 mortem
2996 4610 3263 4666 servatos,
3315 4600 3612 4655 multorum

292 4726 299 4729 -
331 4693 504 4754 ὄντας
527 4692 622 4747 καὶ
656 4690 998 4761 σωζομένους
1034 4688 1328 4759 ἀκεραίους
1357 4686 1495 4757 μετά
1520 4686 1768 4754 θάνατον,
1790 4687 1929 4742 ἐτῶν

334 4784 606 4840 πλειόνων
659 4785 1100 4855 προσεποιήσατο
1158 4780 1381 4851 ἄγνοιαν
1430 4781 1724 4851 ἐπαινετὴν
1750 4796 1765 4812 ·
1829 4779 1928 4835 καὶ

336 4877 823 4949 σχηματισάμενος
865 4876 1148 4931 ἀκίνδυνον
1201 4874 1471 4944 ὑπόληψιν
1505 4874 1634 4945 περὶ
1684 4873 1821 4928 Θεοῦ
1845 4875 1927 4929 ὅτι

332 4970 505 5034 αὐτὸς
525 4966 667 5027 οἶδεν
692 4969 793 5024 ὅσα
826 4971 993 5032 ποιεῖ,
1024 4966 1260 5031 καὶπῶς
1284 4967 1424 5021 αὐτὰ
1446 4969 1610 5034 ποιεῖ,
1636 4967 1929 5037 ἐκφεύγειν

332 5064 516 5120 οἴεται
542 5062 642 5135 τὴν
672 5064 783 5117 τῶν
830 5061 1042 5116 πολλῶν
1073 5060 1417 5132 πραγμάτων
1445 5059 1692 5130 ἔρευναν,
1718 5061 1785 5131 ἢν
1809 5059 1931 5113 οὐδὲ

335 5159 516 5215 θέλων
543 5158 809 5227 ἐγίνωσκε
831 5171 846 5187 ’
885 5155 1030 5226 πλὴν
1088 5153 1274 5222 μέντοι
1304 5150 1414 5207 οὐδ’
1445 5152 1645 5215 αὐτοὺς
1680 5148 1930 5222 παρῆλθε

331 5252 467 5323 δίχα
487 5251 686 5322 ψόγον
718 5251 852 5320 φησὶ
873 5247 1010 5320 γάρ’
1047 5265 1066 5299 ι
1104 5247 1365 5317 Νομίζεις
1397 5245 1593 5309 αὐτοὺς
1621 5244 1930 5316 ὲγρηγορό·

331 5360 465 5407 τας,
494 5343 591 5397 καὶ
614 5341 769 5396 αὐτοὶ
797 5340 1100 5412 κοιμῶνται
1127 5354 1143 5372 ο
1173 5336 1538 5411 ἀναστρέφεις
1583 5339 1782 5402 αὐτοὺς
1836 5336 1932 5390 ἐπὶ

330 5437 520 5506 δεξιὸν
549 5438 645 5492 καὶ
672 5435 767 5491 ἐπὶ
811 5434 872 5490 τὸ
901 5433 1213 5507 ἀριστερὸν,
1257 5433 1355 5488 καὶ
1385 5432 1445 5487 τὸ
1472 5432 1658 5489 σκυλ“ιν
1696 5431 1808 5505 (25)
1837 5431 1933 5486 αὐ-

417 5576 533 5649 (22)
560 5572 723 5649 Hom.
764 5574 929 5649 Iliad.
962 5568 1055 5639 Ill,
1089 5574 1213 5629 121.

410 5641 526 5721 (ἳῖἠ
562 5647 845 5721 Relandns
871 5648 925 5702 in
958 5660 1123 5721 opere
1155 5657 1300 5721 saepe
1318 5641 1499 5721 _citat_o
1537 5652 1678 5721 part.
1716 5657 1931 5721 n,_cap.

341 5712 440 5784 μζ
487 5712 649 5791 negat
678 5732 710 5772 a
742 5712 1153 5774 Mobantedanis
1175 5713 1472 5771 existimari
1518 5717 1738 5786 angelos
1778 5712 1933 5771 femi-

332 5807 535 5933 mfét)
569 5858 696 5915 Sur.
720 5855 911 5926 xvm,
951 5855 1120 5925 8,17,
1151 5856 1243 5924 es,
1276 5856 1368 5923 τι,
1407 5854 1494 5923 51,
1531 5854 1621 5922 62,
1653 5855 1739 5910 87.

2032 4715 2301 4756 annorum
2327 4697 2607 4755 simulavit
2638 4696 3000 4767 ignorantiam
3024 4695 3373 4754 laudabilem.
3394 4706 3616 4763 praeque

2034 4808 2095 4851 se
2117 4791 2301 4849 ferens
2341 4803 2593 4847 securam
2624 4786 2692 4844 de
2726 4787 2838 4842 Deo
2868 4787 3204 4858 opinionem,
3241 4797 3437 4854 nempe
3473 4781 3620 4837 scire

2034 4901 2160 4943 eum
2198 4898 2321 4957 qua:
2354 4882 2505 4944 facit,
2543 4890 2598 4938 et
2632 4879 2910 4950 quomodo
2935 4893 2997 4934 ea
3037 4876 3195 4944 facit,
3231 4876 3508 4930 declinare
3533 4872 3621 4927 sic

2034 4981 2192 5047 putat
2221 4973 2517 5029 multarum
2553 4986 2736 5026 rerum
2776 4967 3217 5039 vestigationem,
3265 4981 3431 5037 quam
3464 4978 3535 5019 ne
3567 4963 3618 5018 si

2030 5067 2191 5123 vellet
2212 5065 2431 5135 quidem
2455 5068 2866 5133 assequeretur.
2886 5059 3133 5114 Attamen
3166 5074 3235 5114 ne
3264 5058 3366 5114 hos
3392 5056 3617 5126 quidem

2031 5158 2152 5214 sine
2167 5156 2565 5226 vituperatione
2584 5166 2705 5208 esse
2735 5152 2892 5207 sinit.
2923 5150 3013 5204 Ait
3029 5149 3174 5204 enim
3207 5167 3222 5204 :
3272 5166 3290 5200 ι
3320 5146 3618 5202 Existimas

2030 5248 2154 5304 illos
2174 5246 2481 5316 vigilantes,
2513 5252 2568 5298 at
2614 5241 2717 5312 ipsi
2750 5240 3035 5297 dormiunt
3064 5256 3080 5294 :
3128 5253 3317 5294 Versae
3358 5251 3454 5291 eos
3483 5234 3620 5289 dex-

2033 5349 2272 5397 trorsum
2297 5346 2352 5394 et
2374 5336 2750 5392 sinistrorsum
2788 5352 2801 5389 :
2833 5342 2888 5390 et
2919 5336 3073 5388 canis
3098 5346 3290 5388 eorum
3318 5327 3620 5385 extendens

2031 5431 2258 5489 brachia
2304 5443 2403 5486 sua
2438 5427 2494 5483 in
2538 5426 2780 5499 pulvere.
2829 5425 3097 5481 Dominus
3141 5424 3245 5480 scit
3285 5436 3375 5476 res
3402 5432 3617 5474 eorum.

2115 5567 2312 5641 (25)”ln
2338 5567 2611 5623 Alcorano
2637 5563 2804 5621 Arab.
2827 5565 3014 5641 cenis;
3042 5561 3227 5641 itaque
3245 5559 3326 5613 sic
3353 5557 3619 5641 interpret

2038 5625 2147 5695 tor‘.
2190 5625 2432 5694 Niceiam
2476 5645 2749 5702 nostrum,
2780 5634 2872 5705 qui
2903 5625 3233 5705 cui-legerit
3280 5625 3620 5705 gemant

2038 5718 2308 5779 quierant.
2330 5706 2585 5779 Fortasse
2602 5696 2882 5779 prop-rium
2901 5696 3278 5779 canis_iiomen
3295 5699 3395 5753 fuit
3411 5696 3623 5779 θαμίζεις

2038 5765 2120 5834 vel
2150 5780 2291 5833 idem
2324 5777 2476 5850 canis
2511 5765 2990 5850 ita'appcllabatur
3024 5772 3097 5831 ob
3129 5770 3350 5827 mistum
3399 5765 3622 5827 ex’albo

2038 5851 2314 5921 rubroque
2337 5849 2598 5906 colorem.
