4048 6406
320 344 430 410 769

1518 339 1954 402 REFUTATIO
1993 341 2466 406 MOHAMEDIS.

3493 347 3600 410 770

317 456 538 524 εἰσάγει
562 453 653 506 τὸν
681 451 814 506 Θεὸν
842 449 1007 506 αὐτοῦ
1043 450 1288 522 Μωάμετ
1343 449 1706 523 ἐξομνύμενον
1743 453 1905 523 ὅρκον

2014 467 2166 507 suum
2189 454 2534 510 Mohamedes
2549 454 2823 525 jurantem
2843 457 3230 528 jusjurandum
3254 457 3597 530 hujusmodi:

315 545 514 600 τοῦτον
533 561 549 578 ο
588 564 606 596 ι
625 545 720 598 Μὰ
746 545 811 597 τὰ
843 543 1017 614 φολκῆ
1048 543 1156 596 τῶν
1173 542 1408 612 φολκῶν,
1430 544 1523 596 καὶ
1546 544 1911 613 προσθήματα

317 638 732 710 προσθημάτων
752 637 885 707 (55),
914 637 1007 689 καὶ
1047 635 1488 705 ἐντυγχανόμενα
1530 636 1718 705 μνήμῃ
1743 651 1755 664 ’
1782 635 1912 698 Θεὸς

316 733 435 801 γὰρ
461 729 614 801 ὑμῶν
636 731 782 781 ἐστιν
811 724 890 788 εἷς
913 728 1116 798 Κύριος
1139 727 1248 781 τῶν
1279 727 1526 797 οὐρανῶν
1554 727 1762 796 καὶτῆς
1786 726 1911 796 γῆς,

322 826 417 878 καὶ
445 824 552 876 τῶν
605 823 746 892 μέσα
790 822 971 876 αὐτῶν
993 840 1004 852 ’
1040 823 1133 874 καὶ
1163 820 1370 890 Κύριος
1405 821 1511 873 τῶν
1541 820 1814 874 ἀνατολῶν
1837 838 1850 852 ο
1888 839 1906 872 ι

321 915 446 968 εἶτα
484 913 846 981 ἀποφαίνεται
869 913 944 975 ὡς
978 915 1040 964 ἐκ
1071 911 1364 981 προσώπου
1398 912 1609 964 πολλῶν
1651 911 1793 965 οὕτω
1822 913 1912 966 λέ-

319 1022 465 1072 γων·
501 1023 519 1055 ι
572 1005 763 1072 Ἡμεῖς
815 1003 1204 1073 ἐκοσμήσαμεν
1245 1001 1335 1054 τὸν
1369 1002 1596 1072 οὐρανὸν
1635 1003 1724 1054 τὸν
1759 1002 1914 1070 ἐγγί-

321 1098 488 1161 ζοντα
538 1095 955 1166 διακοσμήσεως
1008 1095 1402 1165 ἀστέρων·καὶ
1457 1096 1806 1166 ἐτηρήσαμεν
1853 1094 1910 1161 ἐξ

324 1193 559 1246 ἑκάστου
608 1192 822 1243 Σατανᾶ
865 1189 1198 1259 ἐκστασίμου
1221 1207 1232 1219 ·
1263 1190 1362 1242 οὐκ
1398 1189 1652 1242 ἀκούουσι
1681 1189 1817 1260 πρὸς
1842 1189 1912 1242 τὰ

319 1284 455 1354 ὅχλη
485 1282 550 1334 τὰ
583 1281 782 1351 ὑψηλὰ,
813 1283 909 1334 καὶ
940 1280 1314 1346 ἀκοντίζονται
1342 1281 1401 1344 ἐξ
1436 1281 1668 1335 ἑκάστου
1704 1281 1909 1352 μέρους

319 1372 644 1443 ὠθούμενοι.
673 1391 689 1422 ι
735 1371 838 1424 Τὸν
880 1372 937 1424 δὲ
978 1371 1308 1440 παράδεισον
1345 1371 1454 1439 (56)
1495 1371 1767 1442 τέσσαρας
1815 1390 1911 1425 πο-

318 1463 532 1532 ταμοὺς
557 1461 704 1528 λέγει
741 1460 883 1530 ἔχειν
913 1461 970 1526 ἐξ
1002 1460 1192 1524 ὕδατος
1226 1460 1497 1513 ἀθολώτου
1518 1462 1610 1514 καὶ
1640 1463 1911 1528 γάλακτος

320 1555 419 1607 καὶ
449 1553 852 1623 ἁλλασσομένου
879 1552 973 1604 τοῦ
997 1551 1186 1605 νόστου
1232 1552 1420 1615 αὑτοῦ,
1450 1552 1542 1606 καὶ
1557 1551 1701 1606 οἴνου
1734 1553 1907 1624 ἡδέος,

321 1645 421 1697 καὶ
461 1643 674 1714 μέλιτος
708 1642 921 1695 ὑλιστοῦ
945 1657 958 1670 ·
996 1643 1052 1695 ἐν
1077 1641 1288 1705 τούτοις
1329 1643 1542 1714 πρόεισι
1599 1645 1759 1718 μέχρι
1811 1644 1906 1698 τοῦ

319 1734 712 1804 πεντηκοστοῦ.
773 1735 861 1788 Ἐν
894 1734 950 1786 δέ
980 1733 1057 1804 τῷ
1111 1735 1465 1804 πεντηκοστῷ
1503 1735 1658 1805 μύθῳ
1681 1775 1695 1801 ,
1731 1735 1904 1800 οὕτως

2022 564 2042 598 ι
2080 545 2182 600 Per
2210 548 2424 602 strabos
2452 548 2758 604 straborum
2782 589 2796 613 ,
2833 558 2886 603 et
2914 566 3008 620 per
3045 551 3378 608 incrementa
3425 555 3602 608 incre-

2015 643 2349 704 mentorum,
2382 647 2436 694 et
2465 655 2586 709 quas
2619 642 2896 694 memoriae
2927 655 3248 700 occurrunt.
3279 645 3422 700 Deus
3453 645 3600 700 enim

2013 738 2191 808 vester
2217 745 2358 785 unus
2392 731 2653 786 Dominus
2681 733 2965 798 caelorum,
2997 743 3051 786 et
3077 743 3252 798 terrm,
3281 743 3334 790 et
3355 736 3597 790 omnium

2015 837 2196 882 rerum
2233 823 2318 876 his
2357 823 2766 892 interjectarum
2800 843 2814 891 ;
2845 835 2898 879 et
2930 826 3194 882 Dominus
3229 829 3546 884 orientium.
3576 849 3594 880 ι

2016 911 2224 966 Deinde
2267 916 2572 983 proclamat
2616 926 2872 987 tanquam
2909 936 2973 973 ex
3024 935 3257 988 persona
3303 923 3600 978 multorum

2014 999 2086 1054 ita
2129 1001 2313 1054 dicens
2349 1019 2362 1054 :
2411 1021 2429 1054 ι
2466 1005 2580 1058 Nos
2611 1006 2931 1062 ornavimus
2979 1011 3179 1064 coelum
3234 1013 3600 1082 prOpinquum

2013 1103 2332 1147 ornamento
2382 1096 2662 1150 stellarum
2712 1117 2727 1153 :
2773 1107 2827 1152 et
2879 1102 3279 1159 custodivimus
3337 1105 3602 1159 adversus

2014 1198 2458 1255 unumquemque
2512 1188 2771 1244 Satanam
2838 1194 3114 1251 rebellem.
3176 1195 3295 1250 Non
3371 1197 3603 1251 audiunt

2012 1276 2287 1329 exercitus
2320 1280 2589 1346 excelsos,
2625 1291 2678 1335 et
2720 1285 2934 1353 sagittis
2966 1297 3316 1356 appetuntur,
3349 1302 3414 1342 ex
3445 1297 3602 1344 utro-

2013 1384 2118 1438 que
2171 1370 2337 1424 latere
2380 1373 2603 1447 repulsi.
2659 1393 2677 1424 ι
2725 1373 3044 1432 Paradisum
3098 1391 3335 1448 quatuor
3374 1380 3602 1436 ﬂumina

2015 1461 2213 1516 habere
2242 1463 2390 1528 dicit,
2419 1481 2484 1519 ex
2510 1481 2649 1534 aqua
2682 1482 2840 1536 pura,
2873 1468 3008 1523 lacte
3030 1471 3187 1540 cujus
3215 1487 3322 1526 non
3354 1481 3600 1528 mutatur

2013 1569 2196 1622 sapor,
2240 1556 2365 1610 vino
2409 1557 2583 1621 suavi,
2613 1567 2666 1611 et
2699 1559 2857 1613 melle
2891 1561 3168 1616 defaecato.
3216 1562 3339 1618 llaec
3378 1565 3600 1633 scripti-

2013 1653 2135 1700 tans
2173 1647 2418 1715 pervenit
2455 1663 2629 1717 usque
2677 1650 2742 1703 ad
2788 1649 3025 1706 fabulam
3066 1654 3597 1726 quinquagesimam.

2013 1737 2071 1790 In
2125 1739 2576 1808 quinquagesima
2623 1749 2804 1794 autem
2869 1741 3054 1798 fabula
3108 1745 3181 1799 ita
3239 1745 3406 1800 Deum
3466 1745 3601 1800 facit

318 1829 533 1896 εἰσάγει
580 1829 673 1882 τὸν
701 1827 822 1882 θεὸν
866 1826 1032 1882 αὐτοῦ
1064 1827 1426 1898 ἐξομνύμενον
1457 1828 1566 1898 (57)
1594 1845 1609 1860 ο
1667 1847 1685 1880 ι
1719 1829 1812 1882 Μὰ
1845 1827 1911 1881 τὰ

2014 1829 2288 1897 juranletn
2324 1847 2338 1884 :
2392 1849 2410 1882 ‹
2449 1830 2554 1886 Per
2592 1833 2852 1904 [ingentia
2900 1835 3186 1904 lingendo,
3229 1845 3284 1892 et
3323 1847 3600 1908 gestantes

317 1920 621 1991 λιχμοῢντα
650 1920 843 1991 λιχμὺν
879 1920 1011 1990 (58),
1049 1921 1143 1973 καὶ
1178 1918 1549 1988 βαστάζουσαι
1573 1919 1799 1989 γόμους,
1819 1919 1914 1973 καὶ

313 2014 615 2083 τρέχουσαι
640 2011 874 2074 εὐθείας,
903 2012 997 2064 καὶ
1027 2010 1094 2064 τὰ
1119 2011 1410 2082 μερίζοντα
1430 2012 1758 2082 πράγματα,
1807 2013 1914 2064 ύπ-

315 2103 642 2174 ισχνύεσθαι
673 2104 782 2172 γὰρ
820 2103 881 2156 τὸ
911 2102 1140 2174 ἀληθέςο
1182 2102 1274 2155 καὶ
1304 2104 1436 2173 ὄτιή
1481 2103 1664 2173 κρίσις
1705 2102 1912 2173 φθάσαι

310 2197 455 2266 ἔχει.
496 2215 514 2246 ›
565 2197 653 2250 Ἐν
683 2196 740 2249 δὲ
787 2195 866 2266 τῷ
894 2195 1248 2265 πεντηκοστῷ
1295 2193 1498 2264 πρώτῳ
1537 2195 1690 2265 μύθῳ
1737 2195 1912 2259 οὕτως

307 2288 610 2359 ἐξόμνυται
633 2287 742 2358 (59)
765 2305 779 2319 ·
822 2306 840 2338 ι
867 2287 958 2340 Μὰ
974 2288 1034 2339 τὸ
1063 2286 1210 2356 ὅρος,
1232 2289 1326 2340 καὶ
1348 2285 1566 2356 γραφὴν
1599 2287 1907 2356 στιχιζομέ-

309 2397 420 2450 νην
445 2384 503 2433 ἐν
529 2380 830 2451 μεμϐράνῳ
862 2378 1012 2450 λιτῷ,
1057 2380 1152 2431 καὶ
1189 2379 1249 2431 τὸ
1276 2379 1490 2431 ὀσπίτιν
1526 2377 1588 2430 τὸ
1620 2377 1904 2447 ᾠκοδομη-

2012 1937 2202 1989 onera,
2232 1933 2286 1978 et
2323 1935 2605 1980 currentes
2655 1938 2824 1993 recta,
2864 1937 2916 1982 et
2950 1929 3332 1997 dispertientcs
3362 1933 3598 2000 negotia,

2005 2013 2194 2084 jurare
2234 2015 2442 2072 scilicet
2484 2033 2694 2084 verum,
2727 2021 2952 2090 etquod
2993 2019 3262 2090 judicium
3307 2031 3600 2078 venturum

2009 2105 2101 2160 sit.
2147 2124 2164 2158 ι
2222 2103 2282 2160 1η
2345 2108 2799 2178 quinquagesima
2851 2120 3034 2165 autem
3076 2111 3251 2181 prima
3299 2110 3481 2168 fabula
3521 2112 3602 2169 sic

2005 2196 2156 2266 jurat
2187 2216 2201 2253 :
2247 2217 2265 2250 ι
2300 2197 2403 2253 Per
2427 2211 2689 2268 montem,
2719 2209 2772 2256 et
2812 2203 3143 2271 scripturam
3178 2203 3232 2256 in
3261 2204 3601 2260 membranis

2011 2298 2290 2342 exaratam
2331 2291 2623 2346 subtilibus
2645 2330 2660 2356 ,
2689 2301 2742 2347 et
2773 2307 2867 2362 per
2900 2293 3199 2362 hospitium
3248 2295 3599 2364 aediﬁcatum,

2011 2389 2065 2433 et
2097 2397 2246 2436 mare
2275 2382 2484 2447 datum,
2521 2384 2653 2438 ultio
2683 2384 2894 2439 Domini
2919 2385 3118 2439 veniet.
3162 2404 3180 2437 ι

311 2469 504 2548 μένον,
535 2469 628 2522 καὶ
651 2468 711 2521 τὸ
745 2469 936 2536 στέγος
961 2466 1020 2520 τὸ
1053 2466 1411 2536 σηκούμενον,
1452 2465 1548 2517 καὶ
1572 2464 1671 2536 τὴν
1697 2465 1974 2519 θάλασσαν
2005 2466 2103 2538 τὴν
2138 2467 2432 2540 δεδομένην
2478 2471 2612 2542 (40),
2682 2472 2764 2526 ὅτι
2854 2475 2888 2544 ή
2971 2474 3196 2538 κόλασις
3251 2474 3344 2528 τοῦ
3387 2475 3598 2547 Κυρίου

303 2559 623 2614 ἐλεύσεται.
648 2579 667 2612 ι

386 2675 486 2731 σθ’.
524 2675 612 2727 Ἐν
639 2673 697 2726 δὲ
728 2672 806 2744 τῷ
840 2669 1192 2741 πεντηκοστῷ
1218 2670 1456 2742 δευτέρῳ
1495 2656 1648 2742 μύθῳ
1681 2670 1759 2741 τῷ
1791 2671 1912 2724 ἐπι-

306 2772 606 2842 γράφοντι,
627 2768 729 2832 Εἰς
747 2765 853 2819 τὸν
872 2764 1118 2832 ἀστέρα,
1137 2762 1307 2827 οὕτως
1325 2763 1612 2833 ἐξόμνυται
1637 2763 1771 2833 πρὸς
1787 2765 1912 2826 τοὺς

311 2862 573 2932 ’Λραὸας
605 2859 747 2927 ὑπὲρ
776 2856 869 2908 τοῦ
893 2856 1136 2924 Μωάμετ
1176 2853 1288 2926 (41)
1311 2871 1326 2885 ο
1378 2874 1394 2906 ι
1419 2854 1513 2908 Μά
1543 2854 1602 2906 τὸ
1623 2853 1821 2921 ἄστρον
1849 2853 1910 2906 τὸ

305 2955 582 3024 δυόμενον
600 2968 612 2981 ’
649 2950 750 3002 οὐκ
775 2948 1052 3017 ἐπλανήθη
1070 2949 1096 3000 ὁ
1122 2949 1336 3016 ἑταῖρος
1359 2945 1535 3016 ὑμῶν,
1559 2945 1682 2998 οὐδὲ
1707 2945 1913 3016 ἠνόμη-

309 3061 446 3098 σεν·
478 3046 579 3097 οὐκ
609 3039 913 3111 ἐφθέγξατο
967 3040 1032 3091 ἐκ
1063 3037 1370 3109 θελήματος
1393 3053 1405 3066 ·
1439 3037 1540 3088 οὐκ
1583 3036 1728 3088 ἔστιν
1763 3034 1913 3105 αὐτῷ

307 3140 366 3191 εἰ
418 3137 493 3207 μὴ
523 3131 869 3201 ἀποκάλυψις
923 3128 1401 3198 ἁποκαλυφθεῖσαο
1459 3126 1658 3191 ἔδειξεν
1705 3127 1853 3197 αύτῷ
1884 3129 1913 3179 ὁ

316 3228 543 3298 ἰσχυρδς
567 3227 648 3289 εἰς
675 3224 902 3292 δύναμιν
928 3221 1062 3292 (4⁸2),
1082 3222 1109 3273 ὀ
1138 3219 1478 3290 εὐθεώρητος
1495 3235 1508 3249 ο
1544 3220 1639 3271 καὶ
1665 3217 1908 3271 ἐκάθισε·

2083 2671 2174 2726 79.
2212 2670 2352 2724 Tum
2382 2671 2546 2725 etiam
2573 2671 2626 2725 in
2649 2673 3105 2743 quinquagesima
3130 2677 3370 2732 secunda
3391 2677 3597 2747 fabula,

2013 2782 2134 2835 quae
2191 2765 2508 2820 inscribitur
2568 2763 2759 2829 Stella,
2797 2768 2875 2822 sic
2920 2769 3071 2837 jurat
3123 2771 3190 2825 ad
3239 2772 3447 2828 Arabes
3500 2789 3601 2844 pro

2015 2856 2376 2911 Mrihamede:
2418 2875 2436 2907 ι
2475 2856 2580 2912 Per
2627 2859 2838 2912 stellam
2877 2861 3192 2924 occiduam,
3229 2877 3338 2917 non
3369 2872 3452 2918 est
3501 2865 3600 2919 de-

2017 2951 2207 3015 ceptus
2239 2948 2426 3002 socius
2460 2955 2661 3012 vester,
2700 2964 2878 3017 neque
2908 2966 2936 3004 a
2961 2952 3148 3020 regula
3183 2953 3458 3018 discessit,
3490 2971 3596 3009 non

2015 3049 2100 3094 est
2130 3039 2352 3093 locutus
2384 3040 2605 3107 propria
2636 3039 2940 3104 voluntate,
2972 3041 3108 3093 nihil
3143 3051 3227 3097 est
3271 3042 3323 3096 in
3370 3059 3436 3097 eo
3490 3045 3599 3098 nisi

2016 3131 2296 3186 revelatio.
2335 3129 2742 3184 Demonstravit
2775 3130 2822 3183 ei
2853 3131 2946 3199 qui
2978 3131 3193 3187 validus
3247 3133 3457 3188 viribus
3487 3144 3593 3198 est,

2017 3223 2108 3292 qui
2144 3222 2303 3276 facile
2343 3222 2598 3288 videtur;
2631 3231 2684 3276 et
2714 3222 2877 3276 sedit.
2915 3223 3034 3290 Ipse
3066 3223 3223 3277 estin
3245 3223 3594 3278 ﬁrmamento

312 3321 418 3376 καὶ
450 3318 610 3381 αὑτός
646 3317 792 3368 ἐστιν
815 3317 871 3366 ὲν
899 3312 977 3383 τῷ
1008 3309 1349 3381 στερεώματι
1378 3310 1456 3380 τῷ
1500 3309 1783 3379 ἁνωτέρῳ’
1821 3308 1911 3363 καὶ

2021 3312 2303 3380 superiore
2333 3329 2347 3365 :
2377 3320 2430 3365 et
2475 3310 2739 3374 accessit,
2785 3318 2840 3364 et
2877 3325 3179 3380 suspensus
3229 3317 3354 3365 est:
3387 3320 3444 3365 ct
3495 3311 3599 3367 fuit

309 3413 540 3483 ἧγγισε,
571 3410 662 3462 καὶ
687 3406 1026 3478 ἐκρεμάσθη,
1053 3404 1150 3458 καὶ
1171 3405 1387 3472 ἐγένετο
1415 3402 1613 3472 μέτρον
1631 3401 1726 3454 δύο
1742 3401 1911 3468 τόξων

313 3506 350 3577 ἢ
385 3503 714 3572 ἐγγύτερον·
750 3501 844 3554 καὶ
870 3496 1192 3566 ἁπεκάλυῲε
1222 3495 1357 3565 πρὸς
1386 3493 1478 3547 τὸν
1512 3493 1698 3547 δοῦλον
1745 3491 1910 3545 αὑτοῦ

313 3597 345 3648 ὃ
382 3592 767 3662 ἀπεκάλυψεν·
794 3590 894 3657 οὐκ
925 3588 1193 3658 ἐψεύσατο
1228 3586 1297 3639 τὰ
1320 3585 1470 3664 ἐντὸς
1511 3583 1572 3636 τὸ
1605 3581 1744 3636 εἶδεν
1766 3598 1781 3614 ⁸
1818 3583 1914 3636 καὶ

315 3687 434 3757 γὰρ
460 3682 600 3738 εἶδεν
637 3682 769 3736 αύτό
789 3696 804 3712 ⁸
831 3679 1134 3733 κατάϐασιν
1160 3677 1329 3746 ἄλλην
1377 3675 1543 3743 ἐγγὺς
1575 3672 1669 3726 τοῦ
1692 3673 1911 3742 δένδρου

315 3781 418 3836 τοῦ
468 3779 744 3851 σιδηρίτου
787 3775 1051 3829 ἐνέδωκεο
1089 3792 1107 3826 ι
1143 3772 1237 3825 καὶ
1271 3770 1387 3841 μετ’
1410 3769 1589 3837 ὀλίγον
1613 3767 1914 3837 ἀποφαίνε-

314 3890 414 3926 ται
471 3868 858 3938 καταγγέλλων
886 3865 1028 3918 οὕτω
1055 3865 1251 3931 λέγων’
1282 3881 1300 3912 ε
1327 3862 1438 3914 Καὶ
1464 3859 1581 3923 πῶς
1607 3860 1656 3911 οἱ
1693 3858 1913 3926 ἄγγελοί

316 3965 462 4017 εἰσιν
485 3964 564 4025 εἰς
594 3961 719 4022 τοὺς
748 3957 1036 4028 οὐρανοὺς,
1075 3955 1149 4024 μὴ
1190 3951 1478 4022 ὠφελοῦσα
1507 3952 1540 4020 ὴ
1564 3949 1914 4020 παράκλησις

313 4054 501 4108 αὐτῶν
525 4053 576 4106 τί
611 4068 741 4105 ποτε
768 4068 782 4116 ;
823 4068 841 4101 ι
881 4048 968 4102 Ἐν
985 4047 1041 4100 δὲ
1069 4046 1146 4117 τῷ
1177 4042 1528 4114 πεντηκοστῷ
1558 4042 1725 4113 τρίτῳ
1760 4040 1914 4112 μύθῳ

316 4143 609 4218 βουληθεὶς
638 4144 813 4195 εἰπεῖν
862 4140 993 4211 περ).
1027 4137 1134 4192 τῶν
1162 4137 1264 4208 τῆς
1295 4135 1525 4207 σελήνης
1574 4135 1786 4200 παθῶν,
1820 4136 1913 4188 καὶ

318 4239 406 4309 μὴ
429 4235 583 4297 εἰδὼς
612 4235 693 4288 ὅτι
720 4234 784 4286 ἐκ
813 4231 906 4285 τοῦ
937 4229 1386 4298 ἀποσκιάσματος
1417 4227 1514 4297 τῆς
1540 4227 1643 4297 γῆς
1671 4225 1913 4288 σκοτίζε-

314 4345 443 4390 ται,
477 4326 640 4396 φησίν
670 4316 805 4394 (45)’
840 4341 857 4372 ι
895 4322 1162 4389 Ἤγγικεν
1183 4321 1216 4390 ή
1241 4317 1362 4389 ὥρα
1378 4319 1472 4371 καὶ
1499 4315 1726 4386 ἐσχίσθη
1754 4317 1787 4386 ή
1823 4331 1914 4367 σε-

315 4416 464 4487 λήνη
500 4415 643 4485 (44)·
673 4413 769 4468 καὶ
794 4411 890 4464 ἐὰν
913 4409 1158 4481 θεωρῶσι
1189 4405 1911 4478 σημεῖον,ἀποστρέφονται,

314 4510 423 4564 καὶ
449 4508 669 4577 λέγουσι
692 4524 704 4538 ·
729 4504 1058 4575 Φαρμακεία
1081 4502 1199 4555 ἐστὶ
1230 4500 1604 4571 παρεχομένη,
1635 4499 1730 4552 καὶ
1751 4498 1914 4568 ἐψευ-

2016 3401 2356 3456 intervallum
2390 3401 2624 3456 duorum
2652 3415 2907 3464 arcuum,
2965 3408 3061 3453 aut
3104 3401 3465 3470 propinquius
3494 3419 3508 3456 :
3545 3412 3599 3455 et

2015 3492 2453 3548 revelavitservo
2487 3507 2590 3546 suo
2624 3490 2769 3560 quod
2807 3490 3106 3556 revelavit;
3146 3507 3251 3544 non
3293 3501 3376 3546 est
3400 3494 3600 3546 menti-

2013 3594 2104 3638 tus
2136 3583 2280 3653 quod
2312 3583 2455 3636 intra
2489 3582 2660 3636 vidit:
2691 3596 2930 3651 namque
2975 3580 3028 3634 id
3059 3581 3215 3636 vidit.
3261 3581 3597 3637 Descensum

2014 3675 2181 3730 alium
2212 3674 2369 3744 juxta
2397 3673 2637 3743 plantam
2691 3672 2940 3728 sideritin
2991 3672 3236 3727 tradidit.
3280 3691 3300 3724 ι
3335 3672 3402 3727 Et
3435 3675 3598 3742 paulo

2014 3773 2140 3835 post
2170 3763 2360 3818 deﬁnit
2386 3764 2588 3816 diserte
2614 3761 2802 3816 dicens
2831 3777 2845 3814 :
2881 3779 2900 3811 ‹
2938 3761 3221 3827 Quomodo
3255 3763 3434 3830 angeli
3467 3771 3597 3816 sunt

2014 3854 2072 3908 in
2097 3841 2256 3918 ctelo,
2284 3867 2407 3907 cum
2431 3852 2648 3906 illorum
2668 3850 2990 3904 intercessio
3017 3865 3299 3919 nunquam
3325 3851 3540 3919 prosit?
3571 3871 3597 3930 ι.

2014 3947 2076 4001 In
2108 3946 2564 4016 quinquagesima
2617 3945 2776 4000 tertia
2825 3942 3008 3997 fabula
3061 3943 3246 3997 dicere
3294 3941 3484 3996 volens
3527 3941 3596 3994 de

1993 4017 2160 4092 'lunac
2218 4036 2616 4107 passionibus,
2682 4036 3056 4105 ignoransque
3130 4031 3412 4088 obscurari
3472 4045 3594 4085 eam

2016 4140 2177 4185 terrae
2201 4129 2416 4193 umbra,
2443 4131 2518 4183 ait
2553 4146 2566 4182 :
2601 4145 2620 4179 ‹
2649 4125 3126 4197 Appropinquavit
3150 4125 3304 4188 hora,
3332 4133 3386 4178 et
3416 4124 3592 4178 scissa

2014 4233 2103 4280 est
2152 4223 2304 4278 luna.
2343 4220 2500 4286 Quod
2533 4220 2579 4274 si
2624 4219 2862 4275 viderint
2909 4218 3149 4288 signum,
3205 4223 3458 4270 avertunt
3511 4229 3590 4280 se,

2013 4315 2314 4383 dicuntque
2367 4329 2381 4367 :
2433 4309 2774 4378 Praestigium
2823 4319 2909 4364 est
2965 4307 3110 4377 quod
3161 4306 3472 4368 exhibetur,
3539 4314 3595 4358 et

2015 4405 2352 4463 mendaciter
2381 4402 2651 4458 fecerunt.
2693 4419 2711 4452 ι
2756 4399 2942 4468 Atque
2970 4400 3046 4453 ita
3095 4397 3436 4452 ludibundus
3466 4411 3594 4464 per-

2016 4499 2093 4571 git
2115 4511 2288 4567 usque
2307 4495 2374 4549 ad
2411 4493 2803 4564 sexagesimam
2837 4490 3101 4546 fabulam.
3135 4488 3197 4543 In
3250 4487 3594 4558 sexagesima

314 4576 639 4671 δοποίησαν.
668 4617 688 4651 ι
721 4599 830 4650 Καὶ
850 4596 1022 4658 οὕτως
1051 4593 1355 4663 ἀδολεσχῶν
1388 4593 1635 4662 πρόεισιν
1657 4591 1759 4655 ἕως
1785 4592 1911 4662 ἐξη-

2021 4600 2202 4646 autem
2219 4587 2403 4642 fabula
2419 4584 2669 4655 operiens
2685 4583 2843 4654 quasi
2863 4581 3102 4637 tenebris
3121 4579 3440 4649 ignorantiae
3453 4587 3505 4631 et
3521 4576 3595 4632 fa-

315 4690 520 4748 κοστοῦ
552 4690 749 4760 μύθου.
798 4688 887 4740 Ἐν
924 4687 982 4739 δὲ
1009 4685 1088 4754 τῷ
1118 4683 1397 4754 ἑξηκοστῷ
1450 4682 1605 4754 μύθῳ
1640 4684 1912 4751 συγκαλυ-

313 4785 565 4856 ψάμενος
590 4783 780 4852 ὥσπερ
820 4778 997 4848 σκότῳ
1023 4776 1102 4848 τῷ
1131 4777 1228 4846 τῆς
1263 4775 1448 4838 ἀνοίας
1475 4773 1511 4845 ἣ
1550 4772 1913 4844 ἀναισθησίας

399 4979 512 5049 (55)
552 4978 733 5032 Alium
759 5048 764 5049 ί
786 4976 1192 5049 plane_sen_sur_n
1223 4967 1434 5049 habent
1483 4966 1646 5048 verba
1681 4964 1914 5049 {\‘rabica

313 5036 594 5107 ordinavit
618 5065 638 5112 ;
680 5036 1017 5117 agit'avit._Et
1044 5044 1125 5117 sic
1141 5040 1313 5117 habet
1339 5037 1664 5117 Maraccius.
1691 5036 1914 5090 Graacus

312 5105 512 5177 autem
561 5105 768 5182 noster,
816 5115 948 5186 quid
987 5112 1220 5168 Arabice
1262 5107 1475 5177 legerit,
1520 5105 1766 5160 divinare
1803 5119 1914 5158 non

315 5205 534 5248 ausim.
971 5244 978 5250 ,

400 5258 519 5328 (56)
552 5255 683 5328 Sur.
705 5253 933 5328 _X_L_Vll,
971 5252 1059 5308 16.

400 5324 517 5397 (57)
550 5324 869 5398 δυινΙΑΙΛ.
1007 5389 1036 5398 ,_
1395 5387 1429 5398 ,Α
1509 5384 1557 5398 υ
1629 5390 1642 5398 _
1791 5383 1822 5398 __

396 5383 889 5468 (‘38)Arabice'est
926 5389 1178 5452 verbum.
1230 5387 1452 5460 sparsit.
1509 5384 1709 5441 Noster
1753 5383 1914 5439 aliter

306 5465 576 5540 legit_ve_l
603 5465 893 5540 intellexit.

394 5533 512 5608 (59)
540 5533 916 5608 surthrL-
1104 5601 1116 5608 .
1220 5597 1230 5608 .
1298 5596 1332 5608 .-
1391 5595 1433 5608 ι.
1510 5603 1519 5608 .
1651 5592 1685 5608 ..

398 5592 514 5675 ’40)
549 5592 1057 5667 Arabiceverbum,
1098 5596 1355 5668 implevit.
1391 5595 1588 5650 Noster
1616 5592 1797 5648 aliter.

420 5676 512 5744 41)
550 5675 674 5728 Stir.
705 5670 841 5738 Llll,
882 5672 933 5728 1.
1765 5731 1778 5742 .

392 5613 517 5820 {42)
572 5743 829 5816 lntelligit
869 5740 1187 5806 Gabrielem,
1226 5736 1370 5807 quod
1407 5748 1602 5792 nomen
1635 5734 1708 5790 ita
1735 5746 1797 5798 sq

420 5670 512 5744 41)
550 5670 841 5745 Suram",
1021 5741 1032 5745 _
1073 5740 1082 5745 _
1353 5736 1368 5745 _
1635 5734 1667 5745 ,Α
1765 5731 1778 5742 ,
1862 5730 1874 5741 ,

421 5736 517 5818 42)
572 5736 835 5816 lntelligit
869 5740 1187 5806 Gabrielem,
1226 5736 1370 5807 quod
1407 5748 1602 5792 nomen
1635 5736 1708 5790 ita
1735 5736 1910 5800 signi-

2025 4679 2241 4736 tuitati's
2276 4676 2509 4732 infelicis
2540 4674 2740 4729 anima:
2763 4687 2876 4728 suae
2903 4670 3117 4732 oculos,
3141 4670 3234 4723 dat
3266 4682 3325 4722 se
3349 4667 3594 4736 praecipi-

2019 4780 2130 4827 tem
2161 4769 2217 4825 in
2241 4765 2512 4824 mendacii
2537 4762 2773 4820 inauditi
2799 4761 3148 4824 barathrum,
3179 4767 3344 4827 atque
3383 4756 3459 4810 ita
3493 4757 3592 4810 de-

2017 4964 2164 5018 ﬁcat.

2113 5035 2202 5094 45)
2235 5031 2362 5087 Sur.
2395 5029 2532 5094 LIV,
2563 5029 2616 5082 4.

2113 5035 2202 5103 45)
2235 5034 2362 5087 Sur.
2395 5034 2532 5094 LIV,
2563 5034 2616 5082 1.

2089 5034 2201 5174 tu)
2231 5101 2411 5174 Locus
2431 5095 2686 5174 Alcorani
2717 5089 3294 5174 celeberrimusfquia
3309 5090 3586 5174 _refertur,

2019 5161 2264 5228 ut‘multi
2301 5174 2552 5232 credunt,
2587 5169 2654 5220 ad
2692 5163 2984 5218 ridiculum
3037 5161 3376 5232 Mohamedis
3422 5161 3591 5214 mira-

2021 5243 2208 5298 culum
2234 5242 2419 5295 lunam
2443 5231 2760 5293 scindentis.
2795 5233 2899 5286 Alii
2931 5241 3108 5286 tamen
3135 5231 3446 5300 intelligunt
3475 5247 3592 5285 ser-

2024 5326 2240 5367 monem
2299 5312 2421 5365 esse
2478 5307 2546 5361 de
2595 5305 2685 5360 die
2740 5301 2934 5372 judieii
2999 5301 3254 5372 extremi,
3307 5316 3418 5372 quo
3461 5300 3590 5353 luna

2022 5382 2320 5436 scindctur.
2363 5377 2478 5432 Hac
2504 5369 2756 5444 supcrre
2781 5373 2987 5426 multus
3015 5379 3099 5425 est
3138 5369 3439 5444 Maraccius
3472 5377 3588 5444 tum

2021 5452 2128 5506 hoc
2154 5451 2294 5510 loco,
2321 5457 2436 5502 tum
2473 5447 2527 5500 in
2552 5437 2846 5515 prodromo
2876 5449 3018 5507 part.
3051 5454 3112 5500 ll,
3147 5453 3267 5506 cap.
3303 5438 3358 5502 4,
3397 5452 3451 5515 p.
3498 5437 3586 5490 16.

2021 5521 2160 5575 Hinc
2183 5509 2329 5574 certe
2360 5509 2737 5570 Mohamedani
2775 5517 3374 5584 moremsumpserunt
3400 5509 3588 5584 lunam

2022 5591 2251 5646 scissam
2285 5603 2380 5643 seu
2412 5585 2751 5640 dimidiatam
2775 5580 2974 5651 ubique
2997 5578 3054 5633 in
3087 5578 3204 5633 suis
3233 5575 3585 5632 emblemati-

2022 5663 2124 5717 bus
2152 5655 2480 5716 ostentandi.
