4048 6404
282 379 398 443 773

1459 368 1895 431 REFUTATIO
1934 369 2414 437 MOHAMEDIS.

3448 380 3560 451 ττι

280 485 418 559 χουθ
451 484 587 556 (55),
612 483 673 537 τὸ
697 481 809 553 πῦρ
842 483 962 555 ἔχον
990 482 1090 553 τὴν
1115 478 1332 535 καῦσιν.
1357 498 1376 533 ι
1412 480 1487 533 Τὸ
1518 478 1876 551 ὀγδοηκοστὸν

1983 477 2164 535 fabula
2198 481 2268 537 ab
2299 482 2401 538 hoc
2428 481 2793 553 jurejurando
2819 484 3142 545 exorditur:
3181 509 3199 544 ι
3221 488 3565 554 Per‘dilucu-

280 582 539 650 πέμπτον
594 577 859 649 μυθάριον
909 576 1022 648 (56)
1056 574 1116 639 ἐξ
1162 575 1327 645 ὅρκου
1367 571 1595 644 ἄρχεται
1655 569 1868 633 οὕτως·

284 692 305 725 ι
341 671 435 725 Μὰ
472 671 565 723 τὸν
597 669 826 742 οὐρανὸν
854 665 1062 721 καὶτὸν
1086 665 1380 736 ἀλταρικόν
1401 681 1415 696 ⁸
1446 666 1540 717 καὶ
1573 662 1626 717 τί
1648 656 1787 724 οἶδες
1817 661 1871 714 τί

278 766 344 817 τὸ
376 761 673 832 ὰλταρικόν
703 758 851 831 (57);
899 760 928 812 6
958 757 1133 830 ἀστὴρ
1166 758 1195 810 6
1228 755 1531 827 τρυπητὴς,
1590 754 1672 807 ὅτι
1722 753 1874 805 πᾶσα

1980 573 2117 640 ium,
2142 586 2196 628 et
2226 574 2413 630 decem
2443 585 2651 643 noctes,
2684 585 2737 632 et
2761 593 2862 648 per
2883 578 3331 649 conjunctionem
3364 601 3431 642 ac
3463 602 3561 643 se-

1956 664 2345 732 ‘parationem,
2381 674 2435 721 et
2476 682 2574 737 per
2604 675 2817 722 noctem
2862 684 2986 724 cum
3039 672 3379 745 intenditur;
3431 695 3565 735 num

1980 764 2063 807 est
2089 756 2141 807 in
2170 755 2659 825 hisjusjurandum
2702 758 3020 817 hominibus
3051 760 3237 832 Oger?
3274 785 3294 817 ι

279 851 431 923 ψυχὴ
452 852 560 906 τῶν
606 851 777 906 ὅντων
811 850 997 904 ἐπάνω
1025 849 1194 920 αὐτῆς
1227 848 1419 917 φύλαξ.
1466 846 1596 900 ι’Τὸ
1621 844 1977 915 ὀγδοηκοστὸν
2006 845 2191 908 ὄγδοον
2233 849 2498 919 μυθάριον
2538 850 2650 922 (58)
2701 852 2761 918 ἐξ
2832 855 2998 926 ὅρκου
3064 857 3291 927 ἄρχεται
3371 860 3547 913 τοιού-

280 959 411 997 τοι)⁸
448 962 466 995 ι
520 944 615 997 Μὰ
656 943 714 996 τὸ
744 938 932 1012 αὖγος,
965 943 1057 997 καὶ
1078 943 1134 996 αί
1161 941 1356 1004 νύκτες
1385 940 1661 1006 δέκα,·καὶ
1698 937 1916 1010 ήζυγὴ,
1957 940 2052 992 καὶ
2080 941 2114 1011 ἡ
2144 940 2414 1014 ἀποζυγὴ,
2455 942 2551 997 καὶ
2593 945 2626 1015 ἡ
2672 944 2769 1013 νὺξ
2812 946 2890 1000 ὅτ’
2918 946 2986 1001 ἂν
3025 948 3395 1016 ἐφαπλοῦταιο
3451 948 3565 1023 ἄρα

277 1037 430 1090 ἐστιν
452 1040 509 1090 ἐν
542 1035 752 1100 τούτοις
777 1037 941 1106 ὅρκος
970 1038 1083 1098 τοῖς
1111 1034 1243 1104 ὅγερ
1278 1033 1391 1106 (59)
1416 1049 1431 1099 ;
1476 1051 1495 1084 ι

353 1128 467 1185 πα’.
505 1130 578 1183 Τὸ
603 1130 961 1201 ὀγδοηκοστὸν
985 1128 1173 1184 ἔνατον
1210 1127 1478 1199 μυθάριον
1538 1124 1652 1197 (60)
1682 1125 1742 1190 ἐξ
1771 1127 1879 1178 ἁπ-

280 1224 535 1294 ομόσεως
561 1225 822 1293 τοιαύτης
871 1222 1131 1293 ἄρχεται’
1170 1222 1315 1275 «Οὐκ
1353 1220 1539 1291 ὀμνύω
1564 1222 1643 1282 εἰς
1672 1218 1879 1286 ταύτην

280 1316 382 1385 τὴν
406 1314 616 1385 χώραν’
671 1315 766 1367 κα)⁵
815 1313 909 1368 σοῦ
964 1314 1117 1378 ὄντος
1158 1314 1217 1366 ἐν
1262 1311 1434 1383 ταύτῃ
1459 1314 1524 1383 τῇ
1554 1309 1742 1382 χῶραι
1786 1309 1882 1363 καὶ

282 1409 481 1477 γονεὺς
527 1408 621 1460 καὶ
661 1406 732 1460 τὰ
769 1407 1065 1477 ἐγέννησε·
1119 1407 1218 1460 καὶ
1263 1405 1374 1477 γὰρ
1426 1405 1746 1474 ἐπλάσαμεν
1790 1403 1882 1457 τὸν

279 1501 572 1574 ἄνθρωπον
592 1502 650 1555 ἐν
676 1499 822 1571 ίσχύῖ
859 1500 996 1571 (61).
1038 1519 1057 1552 ι
1105 1499 1179 1552 Τὸ
1206 1499 1558 1569 ἐνενηκοστὸν
1608 1496 1876 1566 μυθάριον

278 1597 348 1648 ἐκ
382 1593 637 1648 τοιούτων
656 1594 885 1665 ἄρχεται
914 1594 1093 1662 ὅρκων
1124 1591 1237 1662 (62)
1262 1608 1276 1623 ο
1323 1609 1341 1642 t
1372 1589 1467 1644 Μὰ
1490 1589 1581 1642 τὸν
1612 1589 1763 1660 ἥλιον
1788 1584 1885 1642 καὶ

276 1686 380 1749 τὰς
410 1686 638 1749 ἀκτῖνας
660 1685 849 1753 αὑτοῦ,
885 1686 980 1739 καὶ
1006 1684 1106 1754 τὴν
1143 1683 1376 1754 σελήνην
1402 1682 1480 1736 ὅτ’
1504 1680 1570 1735 ἂν
1608 1668 1878 1752 ἀκολουθῇ

276 1774 432 1846 αὐτῷ
456 1793 470 1808 ι
495 1778 591 1829 καὶ
627 1776 727 1847 τὴν
757 1776 973 1847 ἡμέραν
995 1775 1072 1828 ὅτ’
1106 1774 1172 1828 ἂν
1205 1773 1472 1844 ἐπιφαίνῃ
1501 1770 1652 1841 αύτῷ
1675 1788 1688 1801 ·
1722 1772 1818 1824 καὶ
1843 1774 1877 1841 ἡ

273 1869 375 1935 νὺξ
403 1869 481 1922 ὅτ’
514 1868 582 1921 ἂν
609 1867 892 1941 ἐπιψαύσῃ
928 1868 1068 1939 αὐτῇ
1090 1883 1104 1897 ·
1140 1866 1235 1920 καὶ
1260 1866 1355 1919 τὸν
1402 1866 1660 1937 οὐρανὸν,
1691 1864 1788 1917 καὶ
1821 1863 1894 1917 τὸ·

2055 1116 2144 1180 81.
2179 1121 2525 1194 Octogesima
2556 1141 2701 1183 nona
2731 1128 2914 1186 l‘abuia
2954 1131 3036 1187 sic
3078 1131 3377 1202 dejerando
3428 1112 3571 1188 inci-

1987 1216 2068 1285 pit
2097 1233 2110 1269 :
2149 1233 2167 1267 ι
2218 1214 2334 1270 Νοη
2357 1217 2487 1288 juro
2517 1234 2611 1288 per
2649 1220 2791 1275 hanc
2846 1223 3149 1293 regionem,
3180 1230 3243 1278 et’
3268 1234 3323 1278 tu
3358 1226 3570 1281 resides

1985 1303 2045 1362 in
2076 1309 2178 1363 hac
2203 1311 2459 1379 regione;
2502 1319 2556 1366 et
2599 1327 2696 1383 per
2724 1325 3098 1384 generantem,
3134 1325 3189 1371 et
3215 1332 3312 1385 per
3343 1332 3407 1373 ea
3442 1333 3569 1388 qua:

1990 1400 2201 1469 genuit.
2236 1400 2447 1457 Etenim
2481 1404 2760 1461 hominem
2809 1406 3172 1465 formavimus
3224 1410 3280 1465 in
3337 1409 3566 1465 fortitu-

1987 1490 2137 1544 dine.
2173 1510 2192 1543 ι
2231 1489 2597 1563 Nonagesima
2640 1493 2829 1551 fabula
2853 1498 2923 1553 ab
2951 1499 3036 1555 his
3060 1499 3391 1570 juramentis
3420 1501 3565 1557 inci-

1986 1583 2067 1653 pit
2106 1600 2121 1638 :
2157 1601 2175 1635 ι
2222 1584 2324 1639 Per
2375 1586 2545 1640 solem
2580 1589 2838 1645 etradios
2869 1590 3031 1660 ejus:
3061 1605 3158 1662 per
3193 1592 3379 1647 lunam
3435 1608 3566 1648 cum

1988 1677 2342 1747 subsequitur
2380 1676 2535 1732 illum
2571 1688 2668 1735 :et
2701 1696 2797 1751 per
2840 1682 2982 1737 diem
3035 1698 3158 1739 cum
3193 1685 3242 1740 ei
3282 1692 3513 1755 apparet
3546 1701 3562 1739 :

1985 1778 2041 1824 et
2070 1786 2167 1841 per
2198 1781 2412 1829 noctem
2438 1769 2564 1828 cum
2590 1775 2640 1830 ei
2668 1776 2940 1833 illucescit
2972 1796 2986 1832 :
3021 1786 3075 1834 et
3110 1793 3207 1849 per
3238 1781 3462 1846 caelum,
3508 1788 3566 1835 et

1986 1864 2078 1933 qui
2117 1864 2250 1920 illud
2286 1866 2496 1921 creavit
2529 1886 2544 1922 :
2583 1883 2679 1937 per
2702 1878 2924 1937 terram,
2966 1878 3021 1924 et
3056 1871 3151 1940 qui
3202 1885 3323 1927 eam
3364 1870 3567 1939 funda-

270 1959 498 2014 ἐκτισεν
528 1960 691 2015 αὐτόν
716 1977 730 1991 ο
759 1962 852 2046 καὶ
874 1960 974 2030 τὴν
1013 1960 1141 2030 γῆν,
1177 1959 1273 2013 καὶ
1298 1959 1358 2012 τὸ
1381 1958 1622 2030 ἦδρασεν
1653 1957 1830 2029 αὑτήν
1857 1970 1873 1986 ⁸

1987 1955 2069 2009 vit
2098 1972 2112 2010 :
2142 1966 2197 2011 et
2227 1970 2323 2026 per
2352 1957 2617 2024 animam,
2647 1968 2702 2014 et
2726 1960 2819 2029 qui
2849 1961 3171 2030 coaequavit.
3219 1979 3238 2013 ι
3282 1959 3438 2015 Nunc
3466 1976 3567 2031 per

272 2051 377 2106 κιὶ
396 2051 495 2123 τὴν
527 2050 730 2121 ψυχὴν,
754 2051 849 2104 καὶ
875 2051 936 2104 τὸ
966 2051 1155 2105 ἵσασεν
1182 2066 1194 2079 ·
1231 2070 1252 2102 ι
1281 2051 1423 2104 κατὰ
1451 2050 1634 2121 πάσης
1654 2049 1758 2119 γῆς
1780 2047 1877 2103 νῦν

270 2144 593 2214 ἐξόμνυται.
624 2143 697 2196 Τὸ
729 2142 1086 2213 ἐνενηκοστὸν
1110 2142 1330 2214 πρῶτον
1365 2143 1636 2213 μυθάριον
1668 2140 1782 2213 (65)
1811 2141 1877 2194 ἐκ

269 2235 524 2289 τοιούτου
551 2235 779 2306 ἄρχεται
801 2236 967 2307 ὅρκου
986 2250 1002 2265 ·
1042 2255 1060 2286 ε
1096 2236 1188 2289 Μὰ
1211 2233 1309 2305 τὴν
1339 2233 1509 2288 νύκτα
1539 2234 1615 2286 ὅτ’
1640 2231 1706 2286 ἂν
1738 2248 1878 2299 παρ-

272 2325 528 2379 ίσταται·
559 2326 655 2378 καὶ
700 2324 798 2396 τὴν
828 2323 1044 2396 ἡμέραν
1070 2324 1149 2376 ὅτ’
1181 2323 1248 2377 ἂν
1278 2322 1584 2393 ἐκκαθαίρῃ
1611 2337 1626 2353 ο
1652 2319 1748 2375 καὶ
1784 2319 1876 2373 τὸν

269 2419 585 2489 ποιήσαντα
642 2416 733 2470 τὸν
778 2415 989 2488 ἄρρενα
1022 2416 1116 2469 καὶ
1169 2413 1270 2484 τὴν
1315 2413 1560 2483 θήλειαν,
1592 2414 1674 2466 ὅτι
1703 2413 1731 2464 6
1761 2411 1876 2482 βίος

269 2509 436 2580 ὑμῶν
483 2511 597 2562 ἐστι
644 2506 957 2578 πολλαχῶς.
1002 2527 1017 2555 ι
1070 2506 1144 2559 Τὸ
1206 2505 1558 2577 ἐνενηκοστὸν
1620 2504 1877 2578 δεύτερον

268 2601 546 2671 μισθάριον
591 2598 704 2671 (64)
754 2596 930 2662 οὕτως
981 2598 1041 2665 ἐξ
1079 2599 1247 2668 ὅρκου
1297 2597 1561 2668 ἄρχεται·
1604 2615 1623 2648 ι
1658 2596 1753 2651 Μὰ
1777 2597 1875 2666 τὴν

268 2690 495 2759 πρωῖαν
520 2688 614 2741 καὶ
640 2687 738 2758 τὴν
759 2686 932 2741 νύκτα
966 2685 1043 2739 ὅτ’
1074 2686 1141 2740 ἂν
1168 2686 1350 2757 ἠρεμῇ
1374 2702 1387 2716 ·
1425 2686 1526 2738 οὐκ
1554 2684 1736 2738 εῐασέν
1759 2702 1818 2738 σε
1847 2687 1876 2739 6

269 2779 485 2852 Κύριος
515 2778 589 2832 ὣν
619 2778 742 2831 οὐδὲ
768 2778 1091 2849 ἐξεκάκησε.
1134 2796 1155 2830 ι
1197 2777 1272 2829 Τὸ
1310 2776 1664 2846 ἐνενηκοστὸν
1692 2777 1876 2848 τρίτον

270 2872 547 2945 μυίὶάριον
568 2869 678 2944 (65)
705 2870 764 2923 ἐν
786 2869 1001 2933 τούτοις
1028 2869 1263 2942 πληροῖ·
1296 2887 1315 2921 ι
1360 2866 1575 2922 "Of-av
1605 2868 1664 2922 δὲ
1691 2870 1877 2922 εύκαι-

267 2965 478 3037 ρήσῃς,
501 2962 761 3032 ἀγώνιζε,
786 2961 922 3032 πρὸς
944 2962 1035 3014 τὸν
1054 2960 1187 3014 Θεὸν
1211 2960 1454 3031 δεήθητι.
1486 2979 1504 3012 ι
1531 2959 1604 3014 T6
1623 2963 1877 3029 ἐνενηκο.

270 3053 408 3105 στὸν
448 3052 709 3122 τέταρτον
753 3049 1020 3121 μυθάριον
1047 3048 1160 3122 (66)
1204 3048 1379 3113 οὕτως
1425 3050 1687 3120 ἄρχεται·
1720 3068 1739 3102 ι
1776 3049 1871 3103 Μὰ

267 3144 383 3208 τὰς
412 3145 585 3206 συκᾶς
634 3144 729 3198 καὶ
772 3142 871 3207 τὰς
905 3143 1091 3208 ἐλαίας
1116 3158 1132 3174 °
1155 3145 1217 3198 τὸ
1260 3144 1392 3199 Σινὰ
1423 3144 1539 3198 καί
1564 3145 1667 3216 τὴν
1689 3143 1875 3215 χώραν

1983 2046 2299 2103 universam
2327 2056 2532 2104 terram
2562 2050 2735 2120 jnrat.
2760 2048 3128 2121 Nonagesima
3162 2053 3338 2123 prima
3376 2051 3564 2107 fabula

1984 2138 2056 2192 ab
2075 2137 2438 2208 jurejurando
2470 2142 2662 2212 incipit
2693 2160 2707 2197 :
2741 2163 2761 2196 ι
2793 2144 2897 2200 Per
2925 2154 3139 2200 noctem
3187 2160 3311 2201 cum
3355 2144 3511 2201 adest
3547 2163 3563 2202 :

1983 2244 2079 2300 per
2106 2229 2248 2284 diem
2284 2234 2504 2301 quando
2539 2233 2600 2287 Iit
2650 2234 2891 2290 clarior:
2924 2250 3021 2305 per
3064 2251 3190 2291 eum
3222 2237 3316 2306 qui
3348 2252 3567 2292 mascu-

1984 2320 2097 2374 lum
2127 2334 2192 2375 ac
2228 2319 2486 2376 feminam
2521 2323 2648 2378 fecit
2673 2342 2688 2392 ;
2723 2333 2872 2381 certe
2900 2327 3012 2382 vita
3041 2335 3222 2382 vestra
3252 2329 3560 2384 est'muiti-

1984 2410 2147 2466 faria.
2183 2431 2202 2464 ι
2232 2411 2603 2484 Nonagesima
2644 2416 2885 2471 secunda
2936 2416 3120 2473 fabula
3167 2419 3242 2473 ita
3282 2420 3502 2489 pariter
3531 2434 3565 2474 a

1979 2502 2338 2574 jurejurando
2370 2504 2606 2575 incipit:
2650 2502 2812 2563 (Per
2848 2510 3174 2564 matutinum
3228 2519 3468 2581 tempus,
3509 2520 3565 2566 et

1984 2608 2081 2662 per
2113 2603 2331 2650 noctem
2364 2610 2488 2650 cum
2528 2608 2612 2651 est
2668 2599 3016 2667 intempesta,
3050 2615 3157 2654 non
3188 2600 3477 2671 dereliquit
3498 2612 3565 2656 'te

1986 2683 2258 2741 Dominus
2290 2702 2471 2756 neque
2502 2698 2786 2743 aversatus
2808 2699 2913 2744 est.
2954 2709 2973 2742 ι
3007 2690 3374 2760 Nonagesima
3405 2692 3564 2747 tertia

1981 2775 2164 2832 fabula
2199 2779 2279 2833 sic
2301 2778 2645 2834 concluditur
2677 2798 2691 2834 :
2732 2799 2750 2831 ι
2779 2779 2915 2836 Cum
2939 2791 3119 2837 autem
3150 2782 3245 2837 tibi
3268 2783 3562 2847 vacaverit,

1983 2869 2051 2922 da
2078 2884 2300 2938 operam
2337 2877 2395 2923 ut
2435 2869 2602 2924 Deum
2652 2886 2867 2928 exores.
2906 2871 3326 2942 t‘Nonagesima
3359 2870 3563 2942 quarta

1992 2960 2173 3014 fabula
2199 2960 2281 3016 sic
2312 2961 2502 3031 incipit
2527 2979 2549 3015 ε·
2579 2981 2600 3014 ‹
2645 2962 2746 3016 Per
2779 2963 2914 3018 licus
2938 2975 2988 3018 et
3012 2964 3186 3030 oleas,
3225 2963 3482 3032 etSiuai,
3507 2974 3562 3019 et

1984 3054 2264 3123 regionem
2301 3066 2575 3108 securam.
2622 3053 2834 3109 Etenim
2877 3056 3153 3111 hominem
3201 3054 3564 3112 formavimus

1980 3142 2238 3211 praeclara
2266 3142 2560 3208 erectione,
2595 3152 2647 3198 et
2674 3159 2799 3199 mox
2833 3144 3203 3214 depressimus
3231 3161 3354 3202 eum
3381 3147 3447 3202 ad
3481 3146 3567 3200 in-

210 3236 215 3239 ’
270 3235 383 3308 τὴν
425 3234 628 3306 ἄφοϐον
649 3253 664 3268 ο
696 3235 793 3289 καὶ
820 3233 930 3306 γὰρ
969 3234 1297 3306 ὲπλάσαμεν
1331 3236 1426 3289 τὸν
1468 3234 1759 3306 ἄνθρωπον
1794 3238 1874 3298 είς

1981 3233 2129 3288 lima.
2166 3252 2185 3285 ι
2231 3232 2506 3300 Quantum
2544 3236 2758 3291 esthoc
2783 3235 3066 3291 Creatoris
3102 3237 3389 3292 hominum
3442 3237 3564 3308 jus-

269 3305 449 3382 καλὸν
474 3324 785 3397 ἀνάστημα,
814 3327 911 3379 καὶ
940 3305 1362 3397 ὕπεστρὲψαμεν
1390 3325 1554 3380 αὐτὸν
1579 3305 1736 3379 κάτω
1765 3325 1875 3380 τῶν

1981 3324 2273 3395 iurandum
2297 3326 2310 3379 i
2339 3325 2445 3380 Sed
2477 3335 2533 3381 et
2557 3326 2662 3382 hoc
2694 3327 2813 3397 ipso
2840 3327 3018 3397 majus
3042 3336 3129 3384 est
3154 3344 3252 3399 pro
3280 3343 3393 3400 quo
3413 3305 3564 3398 iurat

270 3418 635 3473 κατωτάτων.
680 3435 699 3468 ι
737 3416 825 3483 Ὠς
857 3417 1029 3488 μέγας
1057 3420 1085 3471 6
1113 3418 1210 3471 τοῦ
1243 3417 1591 3490 Δημιουργοῦ
1644 3417 1754 3471 τῶν
1778 3418 1876 3472 ἀν-

273 3510 522 3581 θρώπων
554 3509 751 3581 ὅρκοςι
793 3508 985 3563 τούτου
1008 3510 1066 3563 δὲ
1099 3509 1284 3581 μεῖζον
1316 3509 1378 3562 τὸ
1407 3509 1539 3581 περὶ
1585 3500 1647 3563 οὗ
1680 3508 1877 3579 ὄμνυσι

273 3602 620 3674 κατόρθωμα.
640 3619 654 3633 ·
691 3621 710 3654 ι
741 3602 852 3656 Καὶ
876 3600 1302 3673 ὑπεστρέψαμεν
1331 3600 1518 3667 αὐτὸν,
1544 3600 1702 3671 φησι,
1728 3600 1879 3655 κάτω

274 3695 399 3750 τῶν
429 3695 761 3750 κατωτάτων
781 3710 796 3726 ·
831 3714 850 3748 ›
876 3694 1102 3758 εἰκότως
1124 3693 1220 3747 τοῦ
1240 3693 1498 3764 Μωάμετ
1526 3687 1681 3756 οὗτος
1709 3692 1878 3761 ὤφει-

274 3789 382 3842 λεν
410 3782 549 3841 εἶναι
583 3787 723 3850 θεός.
756 3788 829 3839 Τὸ
851 3786 1205 3857 ἐνενηκοστὸν
1229 3784 1391 3840 ἕκτον
1420 3784 1682 3856 μυθάριον
1707 3784 1880 3848 οὕτως

276 3879 518 3947 ἄρχεται
550 3876 686 3949 (67)°
722 3895 742 3929 ι
793 3875 987 3947 Ἦμεῖς
1021 3875 1116 3928 καὶ
1143 3874 1458 3944 ἠνέγκαμεν
1482 3872 1645 3926 αὑτὸν
1668 3872 1750 3935 είς
1779 3871 1879 3940 τὴν

277 3972 465 4024 νύκτα
492 3969 590 4040 τὴν
620 3967 935 4041 ὡρισμένην
964 3982 978 3995 ·
1017 3969 1113 4020 καὶ
1136 3965 1189 4020 τί
1219 3960 1366 4029 οἶδας
1396 3965 1448 4018 τί
1474 3965 1622 4018 ἐστιν
1651 3965 1686 4036 ὴ
1715 3962 1811 4029 νὺξ
1844 3964 1877 4034 ἡ

276 4060 571 4133 ὡρισμένη
603 4059 713 4131 (68)
740 4077 755 4127 ;
794 4058 1031 4114 καλλίων
1057 4057 1176 4110 ἐστὶ
1207 4056 1399 4127 χιλίων
1433 4055 1620 4127 μηνῶν
1641 4066 1670 4087 Ἀ
1705 4071 1878 4108 κατα-

218 4168 223 4173 ‘
279 4154 552 4225 φέρουσιν
567 4152 616 4206 οἱ
640 4151 884 4221 ἄγγελοι,
904 4150 1002 4205 καὶ
1028 4148 1090 4203 τὸ
1118 4147 1338 4217 πνεῦμα
1361 4148 1418 4201 ἐν
1441 4148 1580 4218 αὐτῇ
1607 4147 1878 4218 ἐπιτροπῇ

280 4243 390 4300 τοῦ
428 4244 635 4315 Κυρίου
664 4242 847 4298 αὐτῶν
902 4240 965 4306 ἐξ
1010 4240 1245 4294 ἐκάστου
1290 4239 1651 4311 πράγματος*
1687 4239 1881 4309 εἰρήνη

283 4336 444 4393 ἐστὶν
465 4335 670 4406 ἐκείνη,
697 4335 803 4399 ἕως
822 4335 889 4388 ἂν
919 4333 1177 4406 ἀνατείλῃ
1202 4331 1263 4386 τὸ
1284 4328 1473 4401 αὖγος.
1522 4349 1542 4384 t
1578 4330 1653 4384 Τὸ
1698 4332 1884 4400 ἐνενη-

283 4427 489 4484 κοστὸν
516 4426 746 4499 ἓὸδομον
768 4426 1033 4497 μυθάριον
1046 4425 1157 4499 (69)
1172 4423 1597 4495 ἐπιγέγραπται,
1613 4424 1718 4488 ΕΙς
1739 4421 1883 4488 τοὺς

282 4522 763 4594 ἀρνησαμένους
795 4519 930 4590 (70)·
968 4520 1061 4573 καὶ
1086 4519 1238 4572 δοκεῖ
1262 4515 1615 4573 καταπείθειν
1634 4516 1762 4578 τοὺς
1791 4514 1881 4566 ἐν·-

282 4613 666 4683 τυγχάνοντας
689 4613 755 4683 τῇ
805 4610 1245 4681 ἁφιλοσογραφίᾳ
1292 4607 1460 4662 αὐτοῦ
1508 4607 1593 4661 ὅτι
1647 4609 1721 4660 ἐκ
1744 4603 1882 4658 Θεοῦ

287 4704 469 4764 ἐστιν,
503 4699 569 4752 ἐκ
609 4697 704 4751 τοῦ
764 4697 987 4766 ἐνέγκαι
1046 4696 1229 4768 βιϐλία
1258 4696 1597 4767 ἁγνιζόμενα
1640 4695 1794 4758 ὄντα,
1821 4695 1883 4747 ἐν

290 4791 486 4853 αὐτοῖς
506 4789 717 4860 γραφαὶ
744 4788 905 4861 ὀρθαί
923 4805 938 4820 ⁸
968 4788 1068 4860 τὴν
1092 4789 1149 4842 δὲ
1178 4789 1450 4861 ὀρθότητα
1469 4786 1651 4841 αὐτῶν
1674 4789 1884 4858 ἀκροα-

287 4880 396 4938 ταὶ
419 4882 776 4953 κρινέτωσαν.
800 4881 875 4935 Τὸ
904 4881 1256 4953 ἐνενηκοστὸν
1274 4880 1459 4950 ὖγδοον
1481 4879 1747 4952 μυθάριον
1768 4876 1884 4951 (7|)

377 5038 495 5110 (55)
534 5037 1220 5110 Arabi_cum__vocabulum
1253 5037 1524 5110 signiﬁcat
1558 5037 1787 5109 foveam.

392 5108 493 5176 ‘56)
525 5109 650 5165 Sur.
687 5106 973 5174 LXXXVI,
1002 5110 1054 5163 I.

378 5109 498 5251 (57)
523 5178 919 5251 Controversia
935 5186 1021 5234 est
1046 5198 1054 5231 ι

405 5178 498 5250 57)
523 5178 919 5250 Controversia
935 5186 1021 5234 est
1046 5178 1114 5233 de
1146 5178 1396 5235 vocabuli
1426 5177 1647 5233 Arabici
1697 5193 1886 5248 sensu,

528 5248 1216 5371 gempledflhinpihorus,
1246 5263 1314 5302 an
1343 5257 1502 5305 noctu
1524 5250 1756 5306 veniens.

571 5335 657 5371 ur.
970 5358 985 5371 .
1056 5359 1071 5371 .

382 5317 497 5383 (58)
528 5316 1071 5383 Sun—LXXXIXJ.

1940 3496 1943 3499 _
1978 3415 2214 3484 facinus,
2253 3437 2273 3469 ι
2299 3418 2364 3472 Ει
2401 3419 2775 3489 depressimus
2801 3435 2951 3485 eum,
2988 3419 3186 3491 inquit,
3220 3420 3289 3476 ad
3319 3422 3560 3476 inﬁma.»

1978 3505 2173 3564 Merito
2203 3523 2339 3566 sane
2373 3509 2711 3566 Mohamedis
2733 3510 2882 3567 hunc
2923 3512 3210 3581 oportebat
3230 3527 3353 3569 esse
3377 3512 3563 3568 deum.

1938 3597 1949 3603 ’
1976 3601 2344 3672 Nonagesima
2372 3610 2526 3657 sexta
2569 3601 2753 3657 fabula
2784 3603 2865 3658 sic
2905 3604 3098 3674 incipit
3126 3622 3140 3659 :
3176 3610 3207 3657 ι
3229 3603 3343 3660 Nos
3375 3604 3564 3659 attuli-

1979 3707 2103 3749 mus
2123 3708 2248 3747 eum
2274 3692 2328 3746 in
2362 3703 2525 3748 nocte
2551 3693 2838 3762 praefinita.
2877 3695 2944 3749 Et
2985 3696 3128 3751 unde
3154 3697 3296 3752 scies
3320 3698 3454 3767 quid
3485 3697 3561 3752 sit

1980 3796 2085 3839 nox
2109 3785 2374 3854 praeﬁnita
2395 3784 2421 3839 ’ἶ
2454 3784 2644 3841 Melior
2674 3797 2759 3842 est
2782 3788 2935 3843 mille
2957 3790 3272 3846 mensibus.
3314 3790 3565 3847 Descen-

1980 3875 2117 3929 dunt
2147 3876 2347 3943 angeli,
2397 3885 2452 3931 et
2490 3877 2718 3946 spiritus
2751 3878 2804 3933 in
2830 3879 2946 3949 ipsa
2983 3893 3118 3937 nutu
3149 3882 3365 3938 Domini
3407 3885 3561 3955 ipso-

1979 3976 2103 4021 rum
2132 3966 2199 4021 de
2232 3969 2380 4020 omni
2409 3982 2488 4021 re.
2525 3967 2636 4022 Pax
2665 3979 2751 4024 est
2782 3970 2876 4024 illa
2911 3971 3089 4043 (nox),
3139 3973 3328 4030 donec‘
3353 3976 3565 4031 oriatur

1982 4071 2209 4111 aurora.
2251 4075 2271 4108 ι
2330 4056 2696 4128 Nonagesima
2742 4061 2975 4130 septima
3027 4063 3212 4119 tabula
3249 4064 3568 4121 inscribitur

1985 4144 2297 4219 Negantes;
2333 4150 2659 4220 videturque
2696 4152 2928 4209 suadere
2951 4154 3256 4225 legentibus
3291 4155 3565 4214 inlicetam

1981 4239 2310 4308 scripturam
2370 4253 2551 4307 suam,
2572 4241 2717 4310 quod
2735 4257 2798 4297 ea
2820 4242 2944 4298 sita
2975 4242 3104 4310 Deo,
3130 4243 3389 4314 quoniam
3408 4245 3568 4303 aﬂ‘ert

1981 4328 2153 4384 libros
2181 4329 2496 4398 depuratos,
2519 4331 2723 4401 quibus
2738 4333 3091 4391 continentur
3113 4343 3276 4391 recte
3325 4336 3566 4406 scriptu~

1984 4434 2080 4475 rae.
2122 4418 2515 4475 Verumtamen
2554 4422 2623 4477 de
2662 4422 2856 4478 harum
2902 4424 3261 4481 rectitudine
3288 4426 3568 4483 auditores

1980 4507 2258 4579 judicent.
2320 4506 2691 4581 Nonagesima
2756 4519 2953 4569 octava
2999 4512 3185 4570 fabula
3245 4515 3568 4571 inscribitur

1991 4597 2172 4654 Terra:
2196 4606 2394 4667 motus,
2425 4599 2558 4670 quia
2595 4601 2985 4657 inciamabitur
3016 4604 3282 4661 adversus
3313 4614 3570 4677 peccato-

1990 4704 2108 4755 res,
2137 4688 2303 4744 sicuti
2323 4691 2488 4745 etiam
2511 4701 2701 4746 contra
2745 4689 3125 4750 Mohamedem
3173 4695 3270 4766 qui
3315 4695 3384 4751 de
3420 4695 3569 4750 blas-

1988 4781 2232 4854 phemiis
2258 4781 2374 4838 suis
2398 4782 2762 4852 judicabitur.
2792 4783 3158 4857 Nonagesima
3210 4800 3351 4841 nona
3382 4786 3570 4843 fabula

1992 4873 2321 4930 inscribitur
2346 4873 2652 4945 Carnutes,
2677 4877 2977 4950 incipitque
3001 4891 3033 4933 a
3052 4877 3415 4950 jurejurando
3444 4879 3526 4934 sic
3550 4895 3568 4933 :

2056 5030 2191 5102 ret)
2223 5031 2357 5102 sui;
2384 5032 2569 5101 xcnr,
2594 5036 2646 5090 I.

2095 5100 2185 5171 es;
2221 5100 2348 5171 sur.
2376 5100 2572 5171 serv,
2600 5105 2652 5161 7.
2806 5136 2873 5145 —-

2093 5169 2184 5234 66)
2216 5169 2343 5227 Sur.
2376 5169 2540 5234 XCV,
2556 5169 2620 5229 '1.

2092 5238 2182 5305 67)
2212 5240 2338 5295 Sur.
2372 5239 2581 5305 XCVII,
2614 5242 2667 5298 I.

2093 5308 2183 5378 68)
2223 5310 2342 5390 Νο-ξι
2369 5310 2751 5390 hatc_ceiebris
2790 5312 3190 5390 qlkadurapud
3216 5315 3567 5390 Mohameda-

387 5378 503 5459 (59)
534 5386 653 5445 Non
674 5396 760 5444 est
789 5378 989 5459 ausus:
1019 5386 1246 5445 Graecus
1275 5383 1497 5445 Nicetas
1549 5389 1886 5448 vocabulum
1993 5378 2123 5459 1109i
2153 5395 2262 5449 qua
2288 5378 2433 5459 P608
2463 5383 2755 5459 5169mm!!!
2786 5386 2856 5459 de
2886 5388 3050 5459 rebus
3080 5378 3247 5446 totius
3275 5386 3405 5441 anni
3433 5386 3565 5442 edit.

299 5456 606 5515 Arabicum
649 5456 1015 5527 interpretari.

384 5527 503 5669 i3?)
542 5527 899 5669 ἓέξέῖὲξξιέέ

412 5586 502 5664 6i)
542 5586 852 5670 V9c._arab.
878 5596 977 5670 sic
993 5611 1101 5652 non
1143 5596 1887 5670 absurdeinteiiigi-posse

299 5664 549 5727 videtur.
583 5667 689 5723 Sed
713 5676 897 5722 tamen
925 5664 1232 5726 Maraccius
1248 5666 1445 5725 maluit
1470 5669 1529 5726 in
1548 5664 1811 5727 ωτίηιᾶια.

385 5736 503 5809 (62)
532 5735 661 5809 ξιιτ-
690 5735 837 5809 ἒξ(ξῇ
854 5737 909 5792 1-

390 5804 513 5886 (63)
535 5805 664 5864 Sur.
698 5804 859 5876 XCII,
898 5807 952 5863 1.

1992 5448 2301 5530 Cattenroqui
2326 5451 2812 5530 vocabulumiliud
2843 5457 3184 5530 poiysemum
3212 5465 3320 5515 est.

2063 5516 2179 5659 (69)
2210 5516 2341 5575 Sur.
2372 5517 2609 5584 XCVIII.
2644 5526 2697 5579 1.

2094 5587 2184 5659 70)
2237 5588 2488 5646 Sumitur
2544 5592 2636 5650 hic
2684 5603 2697 5650 I

2094 5575 2184 5660 70)
2237 5588 2488 5646 Sumitur
2544 5575 2885 5654 bi'c-tituius-
2917 5611 2951 5653 a
2998 5596 3196 5669 primis
3255 5595 3412 5663 Sura;
3443 5575 3571 5650 νοτ-ξ

1934 5658 1939 5663 ’
1990 5657 2099 5715 bis.

2044 5718 2183 5799 '(m
2212 5726 2341 5787 ειιιι.
2369 5726 2560 5800 xcrx,
2597 5732 2648 5787 ι.
