4048 6428
455 333 560 395 ΤΠ

1582 320 2017 385 REFUTATIO
2068 288 2546 381 MOIIAMEDlS.

3614 320 3720 387 778

444 453 531 512 εἰς
576 444 674 517 τὴν
721 445 873 499 θείαν
912 442 1139 516 Γραφὴν
1178 443 1530 514 παρῴνησεν,
1561 435 1637 494 ὧν
1682 456 1739 493 τε
1774 437 1915 493 κατὰ
1942 436 2043 506 τῆς

2147 444 2262 489 tum
2310 437 2440 506 quia
2494 434 2764 490 adversus
2819 451 3035 492 sacram
3087 437 3427 512 Scripturam
3473 441 3718 511 insaniit,

443 539 608 609 δόξης
628 536 722 591 τοῦ
746 536 881 590 Θεοῦ
899 535 1187 606 ἠσέϐησεν,
1214 526 1290 589 ὧν
1320 551 1380 587 τε
1427 533 1568 587 κατὰ
1592 533 1704 585 τῶν
1733 532 1907 599 ἁγίων
1936 528 2035 583 αὖ·

440 632 545 686 Ιιιοῦ
599 630 849 699 ἀγγέλων
904 629 1279 699 ὲδυσφήμησε,
1333 627 1433 696 τῆς
1479 643 1540 679 τε
1593 625 1816 696 βαθείας
1867 619 2035 676 αὐτοῦ

446 722 750 793 ἀγνωσίας,
780 720 877 776 καὶ
915 720 1124 786 ἁπλῶς,
1175 720 1251 785 ὡς
1281 719 1438 790 ἔφην,
1470 717 1609 789 Ξδίχα
1656 715 1800 778 τινὸς
1846 713 2035 785 ἑτέρου

449 815 681 885 ἐλέγχου
709 811 983 885 άριδήλως
1024 810 1501 881 κτισματολάτρης
1552 808 1648 862 καὶ
1684 804 2037 874 δεισιδαίμων

448 905 718 976 ὑπάρχων
761 902 1279 973 καταλαμϐάνεται·
1316 900 1414 956 καὶ
1446 900 1622 971 μάτην
1659 895 2035 969 μεγαλαυχοῦ-

448 1015 539 1051 σιν
573 998 626 1050 οἱ
661 997 879 1065 ἀνόητοι
919 994 1247 1065 Σαρακηνοὶ,
1304 992 1399 1047 ἐπὶ
1446 990 1525 1063 τῷ
1553 991 1710 1061 γόητι
1762 988 1939 1059 τούτῳ
1961 987 2038 1051 ὡς

443 1088 715 1159 ἀληθινὴν
738 1087 941 1151 αὐτοὺς
970 1085 1307 1155 θεογνωσίαν
1334 1083 1636 1149 διδάξαντι·
1663 1080 2039 1153 προκάλυμμα

449 1181 564 1250 γὰρ
608 1179 769 1251 μόνον
820 1178 883 1231 τὸ
914 1178 1009 1230 τοῦ
1047 1176 1210 1247 μόνου
1240 1174 1375 1229 Θεοῦ
1433 1173 1789 1245 περιεϐάλετο
1828 1173 2033 1241 ὄνομα·

452 1273 598 1327 κατὰ
623 1270 681 1324 δὲ
722 1270 784 1324 τὸ
818 1267 1043 1338 λεληθὸς
1086 1266 1616 1339 κτισματολατρείαν
1651 1265 1748 1319 καὶ.
1792 1263 2038 1333 Ἐλληνι-

453 1364 592 1435 σμὸν
624 1363 808 1425 αὐτοῖς
847 1362 1207 1430 είσηγήσατο’
1239 1359 1334 1412 καὶ
1355 1358 1535 1428 δῆλον,
1568 1358 1643 1421 ὡς
1665 1356 1820 1428 ἔφην,
1840 1358 1904 1409 ὲκ
1929 1355 2038 1409 τῶν

449 1455 714 1510 τοιούτων
770 1454 935 1507 αὐτοῦ
972 1454 1190 1522 ὅρκων·
1248 1451 1367 1515 πῶς
1411 1451 1521 1522 γὰρ
1572 1445 1640 1521 ἦν
1672 1448 1897 1502 δυνατὸν
1945 1446 2038 1500 τὸν

451 1548 633 1619 ἀληθῆ
666 1546 802 1599 Θεὸν
831 1545 1072 1615 ὀμνύντα
1103 1542 1247 1597 κατὰ
1274 1543 1436 1606 κυνὸς
1464 1541 1751 1612 δρομικοῦ,
1784 1541 1878 1595 καὶ
1912 1540 2038 1593 σκό-

450 1656 581 1702 τους
624 1635 941 1708 νυκτερινοῦ
967 1675 981 1701 ,
1019 1636 1113 1689 καὶ
1153 1633 1265 1688 τῶν
1315 1633 1504 1687 τούτου
1535 1632 1833 1702 χειρόνων;
1897 1628 2039 1685 Ἀλλ’

453 1729 646 1798 ἐπειδὴ
704 1728 965 1800 φορτικὸς
994 1723 1064 1798 ἦν
1096 1724 1416 1788 αὐτοῖςκαὶ
1444 1724 1827 1795 ἁπαράδεκτος
1866 1721 1927 1788 ἐξ
1952 1722 2039 1775 εὐ-

2139 537 2253 582 tum
2310 527 2441 597 quia
2473 527 2746 583 adversus
2798 526 2892 582 Dei
2938 530 3278 599 majestatem
3311 533 3575 602 peccavit,
3602 544 3718 590 tum

2136 619 2267 689 quia
2326 619 2394 674 de
2441 619 2651 674 sanctis
2698 618 3123 689 blasphcmavit.
3185 623 3337 678 Adde
3390 624 3717 694 profundam

2137 709 2384 780 ejusdem
2441 709 2738 766 inscitiam.
2775 708 3016 766 Omnino
3043 713 3319 768 evidenter
3362 716 3567 785 absque
3610 715 3720 772 alio

2138 802 2334 871 quovis
2362 794 2687 873 argumento
2708 813 3087 859 creaturarum
3127 806 3390 861 adorator
3442 818 3497 863 et
3522 823 3718 877 super-

2137 892 2385 948 stitiosus
2455 893 2823 951 convincitur.
2888 894 3117 952 Temere
3170 897 3356 969 itaque
3416 900 3720 970 gloriantur

2138 984 2322 1039 stolidi
2374 984 2637 1041 Saraceni
2672 986 2740 1043 de
2790 987 2899 1043 hoc
2959 988 3280 1058 impostore,
3320 991 3481 1060 quasi
3531 1008 3717 1049 veram

2138 1077 2288 1147 ipsos
2340 1076 2432 1132 Dei
2485 1078 2738 1134 notitiam
2785 1079 3059 1135 docuerit.
3123 1080 3371 1152 Namque
3418 1093 3720 1154 pra-textus

2140 1172 2522 1227 tantummodo
2580 1187 2770 1236 causa,
2824 1173 2918 1229 Dei
2975 1175 3141 1230 unius
3174 1191 3284 1246 pra:
3315 1192 3375 1232 se
3412 1179 3583 1234 tendit
3619 1194 3720 1233 ηο-

2140 1279 2296 1331 men;
2319 1264 2548 1320 latenter
2580 1281 2709 1320 vero
2732 1266 3096 1322 idololatriam
3127 1278 3181 1323 et
3201 1270 3590 1326 ethnicismum
3613 1272 3721 1326 illis

2141 1356 2371 1410 invexit.
2429 1354 2598 1427 quue
2655 1366 2895 1424 constat,
2950 1368 3010 1413 ut
3082 1359 3215 1425 dixi,
3272 1376 3341 1417 ex
3404 1362 3718 1433 hujusmodi

2135 1447 2466 1517 iuramentis
2521 1449 2664 1520 ejus.
2715 1448 2850 1506 Nam
2890 1452 2982 1523 qui
3037 1452 3152 1507 ﬁeri
3189 1463 3407 1524 poterat
3451 1463 3511 1510 ut
3556 1471 3720 1512 verus

2140 1539 2286 1597 Deus
2340 1557 2438 1612 per
2465 1557 2657 1598 canem
2689 1543 2937 1599 velocem
3005 1543 3237 1614 juraret,
3266 1561 3364 1616 per
3418 1555 3723 1602 nocturnas

2139 1632 2416 1697 tenebras,
2452 1641 2505 1688 ct
2525 1649 2624 1703 per
2657 1635 2744 1690 his
2791 1635 3100 1692 deteriora?
3138 1637 3244 1691 Sed
3280 1638 3411 1707 quia
3452 1639 3719 1694 molestus

2143 1723 2342 1780 fuisset
2404 1725 2512 1780 illis
2567 1725 2916 1782 Mohamedes
2961 1737 3015 1783 et
3074 1729 3299 1783 minime
3340 1730 3640 1794 credibilis,
3673 1732 3720 1785 si

456 1821 608 1883 θείας
631 1818 1078 1890 προτρεπόμενος
1102 1816 1300 1880 αὐτοὺς
1334 1814 1619 1886 λατρεύειν
1648 1818 1714 1887 τῇ
1740 1816 1917 1868 κτίσει
1946 1816 2041 1868 καὶ

2147 1823 2291 1869 recta
2320 1830 2417 1871 eos
2455 1816 2521 1870 ad
2555 1827 2823 1873 creaturae
2849 1818 3273 1889 dannonumque
3300 1821 3506 1875 cultum
3541 1822 3722 1892 impu-

452 1914 569 1974 τοῖς
591 1910 864 1981 δαίμοσιν,
901 1910 1321 1981 προοιμιάζεται
1352 1908 1450 1978 μὲν
1489 1908 1607 1971 ἑνὸς
1651 1906 1787 1960 Θεοῦ
1817 1907 2038 1975 γνῶσιν,

450 2001 533 2065 ὡς
559 2001 625 2054 ἂν
645 2001 736 2055 διά
752 2000 944 2053 τούτου
976 2000 1204 2069 ἐκφύγοι
1224 1998 1324 2069 τὴν
1345 1999 1444 2068 τῆς
1466 1997 1758 2061 πολυθεῒας
1783 1996 2039 2067 ὑποψίαν·

456 2092 621 2148 πάλιν
644 2091 701 2145 δὲ
727 2092 939 2145 τούτων
961 2092 1059 2144 οὐκ
1084 2091 1310 2161 ἁναίδην
1340 2093 1436 2144 καὶ
1475 2090 1629 2152 θεοὺς
1657 2090 1800 2160 ἔχειν
1833 2089 1901 2141 τὰ
1927 2090 2043 2142 κτί-

458 2200 649 2254 σματα
696 2185 960 2253 ἐκφωνεί·
1016 2182 1153 2237 ἀλλὰ
1206 2182 1305 2253 τὴν
1354 2182 1729 2252 προσηγορίαν
1775 2179 1870 2232 τοῦ
1906 2179 2042 2234 Θεοῦ

457 2279 782 2350 ἁποσιωπᾷο
830 2279 894 2332 τὸ
930 2278 988 2332 δὲ
1023 2277 1267 2349 καθῆκον
1294 2280 1422 2348 περὶ
1443 2277 1580 2331 Θεοῦ
1612 2277 1799 2343 σέϐας,
1832 2277 1895 2330 τὸ
1919 2277 2041 2331 κατ’

456 2369 624 2424 αὑτὸν
655 2370 826 2440 ὅρκῳ,
856 2371 1021 2440 φημὶ,
1054 2371 1362 2447 προσάπτει
1395 2369 1547 2441 αὐτῷ
1570 2387 1584 2401 ·
1614 2369 1757 2424 ὥστε
1784 2370 1843 2435 ἐξ
1869 2371 2043 2438 ἀνάγ-

455 2474 565 2527 κης
595 2458 881 2528 συμϐαίνει
902 2462 1014 2522 τοῖς
1045 2458 1124 2528 τῷ
1156 2457 1264 2529 θεῷ
1300 2457 1393 2511 τοῦ
1429 2458 1674 2529 Μωάμετ
1696 2455 2042 2526 λατρεύουσι,

452 2549 551 2602 διὰ
608 2550 774 2617 μέσου
833 2549 1026 2602 τούτου
1062 2550 1128 2620 τῇ
1180 2549 1357 2602 κτίσει
1386 2548 1479 2602 καὶ
1523 2550 1633 2611 τοῖς
1680 2547 1897 2618 δαίμοσι
1950 2546 2044 2601 λα-

456 2640 706 2712 τβὸεινο
743 2639 834 2694 τὸν
858 2643 913 2696 δὲ
940 2639 1074 2695 Θεὸν
1104 2639 1199 2695 τοῦ
1247 2634 1499 2713 ’Ᾰϐραὰμ
1525 2640 1755 2713 ὀμνύναι
1801 2640 2045 2712 Μωῦσῆς

461 2736 565 2804 μὲν
609 2733 841 2800 εἰσάγει,
874 2735 934 2787 οὐ
967 2732 1089 2786 κατ’
1119 2732 1281 2787 ἄλλου
1336 2733 1392 2786 δέ
1440 2749 1585 2795 τινος
1614 2731 1845 2802 ὀμνύναι
1872 2732 2040 2800 λέγει,

454 2825 599 2879 ἀλλὰ
621 2825 746 2880 καθ’
777 2827 972 2878 ἑαυτοῦ
997 2841 1010 2854 ⁶
1050 2825 1189 2878 Κατ’
1220 2824 1482 2895 ἐμαυτοῦ
1518 2825 1646 2895 γὰρ,
1685 2823 1870 2893 φησὶν,
1898 2822 2048 2893 ὤμο-

457 2931 548 2970 σα
569 2932 582 2945 °
617 2917 757 2970 ὥστε
780 2919 807 2970 ό
841 2917 932 2970 τὸν
962 2916 1096 2970 Θεὸν
1117 2916 1212 2970 τοῦ
1244 2917 1493 2988 Ἀϐραὰμ
1518 2917 1713 2980 σέϐων,
1732 2918 1833 2986 οὐχ
1856 2913 2045 2986 ἔτερόν

457 3025 584 3061 τινα
610 3008 743 3061 Θεὸν
766 3008 855 3063 διὰ
892 3009 1060 3079 μέσου
1094 3008 1261 3063 αὐτοῦ
1287 3008 1458 3072 σέϐει,
1479 3009 1596 3063 ἀλλ’
1616 3009 1780 3062 αὐτὸν
1811 3011 2040 3063 ἐκεῖνον’

2145 1906 2333 1971 Iissct;
2369 1905 2529 1961 initio
2555 1907 2777 1977 quidem
2807 1910 2972 1965 unius
3003 1909 3096 1964 Dei
3139 1911 3394 1966 notitiam
3434 1914 3624 1976 tradit,
3662 1924 3723 1968 ut

2144 1999 2228 2056 sic
2255 1999 2602 2070 polythcisnti
2625 1999 2992 2071 suspicionem
3023 2002 3176 2056 vitet.
3216 2003 3350 2057 Item
3377 2005 3518 2059 haud
3542 2004 3719 2074 impu-

2144 2090 2335 2145 denter
2365 2098 2425 2145 ut
2448 2098 2732 2145 creaturas
2761 2091 2938 2147 instar
2965 2092 3058 2147 Dei
3089 2093 3349 2159 habeant,
3383 2094 3601 2160 clamat,
3627 2096 3722 2148 sed

2147 2183 2241 2237 Dei
2272 2197 2477 2237 nomen
2509 2185 2733 2250 reticet;
2766 2184 3127 2241 nihilominus
3159 2186 3577 2241 convenientem
3612 2186 3725 2239 Deo

2145 2275 2432 2331 honorem.
2492 2276 2585 2344 qui
2626 2290 2725 2345 per
2754 2276 3155 2346 'jusjnrandum
3220 2277 3402 2342 datur,
3438 2278 3607 2344 hunc,
3641 2279 3727 2330 in-

2145 2380 2333 2437 quam,
2368 2367 2638 2421 creaturis
2678 2376 2937 2437 tanquam
2972 2366 3082 2422 Deo
3120 2367 3234 2422 dat.
3278 2368 3352 2422 Ex
3384 2383 3493 2438 quo
3530 2382 3728 2422 neces-

2147 2457 2297 2514 sario
2326 2459 2703 2528 consequitur,
2731 2471 2792 2514 ut
2818 2461 2908 2530 qui
2944 2459 3284 2515 Mohamedis
3323 2460 3485 2515 deum
3513 2461 3724 2524 colunt,

2145 2542 2262 2604 hoc
2277 2540 2623 2615 internfedio,
2661 2559 2776 2605 tum
2807 2560 3088 2607 creaturas
3117 2562 3232 2607 tum
3257 2552 3423 2607 etiam
3448 2553 3726 2609 daemones

2147 2641 2351 2698 colant.
2374 2641 2671 2696 Abrahami
2699 2657 2831 2697 sane
2856 2642 3021 2698 Deum
3048 2644 3257 2699 inducit
3279 2643 3552 2714 jurantem
3574 2643 3726 2716 Moy-

2153 2750 2266 2801 ses,
2295 2734 2388 2791 sed
2417 2750 2515 2805 per
2546 2735 2708 2788 aliam
2744 2749 2857 2788 rem
2909 2735 3113 2789 nullam
3158 2736 3263 2791 nisi
3297 2751 3395 2806 per
3425 2752 3483 2791 se
3503 2737 3680 2806 ipsum
3708 2750 3724 2788 :

2148 2824 2256 2881 Per
2303 2825 2667 2896 memetipsum
2683 2824 2867 2894 juravi
2893 2826 2959 2892 ",
2996 2826 3194 2897 inquit.
3232 2826 3594 2892 Quamobrem
3630 2827 3725 2896 qui

2147 2917 2318 2972 Deum
2339 2917 2635 2972 Abrahami
2669 2917 2820 2984 colit,
2858 2917 3026 2972 alium
3057 2919 3226 2972 Deum
3256 2918 3582 2974 intermedio
3605 2919 3737 2990 ipso

2148 3026 2258 3064 non
2304 3011 2455 3076 colit,
2495 3010 2589 3065 sed
2649 3009 2801 3064 illum
2858 3009 3064 3079 ipsum.
3113 3007 3500 3065 Mohamedani
3539 3021 3723 3066 autem

457 3102 515 3153 οἱ
551 3102 607 3154 δὲ
634 3100 712 3171 τῷ
750 3100 846 3154 τοῦ
889 3101 1136 3171 Μωάμετ
1188 3101 1540 3171 λατρεύοντες
1579 3100 1718 3170 Θεῷ,
1751 3102 1819 3154 δι’
1869 3098 2034 3153 αὐτοῦ

2144 3097 2270 3156 d’um
2329 3101 2497 3156 Deum
2534 3102 2744 3167 colunt,
2794 3101 3122 3157 intermedio
3185 3102 3376 3157 eodem
3431 3112 3621 3158 noctes
3654 3112 3728 3158 oet.

458 3191 676 3244 ἐκείνου
707 3190 909 3255 νύκτας
933 3207 1017 3273 ,τε
1065 3193 1159 3244 καὶ
1192 3190 1359 3253 κύνας
1400 3190 1495 3244 καὶ
1528 3193 1698 3254 συκᾶς
1731 3192 1824 3243 καὶ
1856 3189 2045 3252 ἐλαίας

457 3284 559 3337 καὶ
585 3283 762 3336 πάντα
780 3283 851 3336 τὰ
871 3283 1246 3353 προειρημένα
1268 3281 1594 3354 μυθεύματα
1621 3280 2040 3353 προσκυνοῦσιν’

459 3374 548 3427 διὸ
599 3374 665 3444 δὴ
693 3374 794 3445 τὴν
848 3374 1059 3445 πλάνην
1093 3374 1553 3444 κατανοήσαντες,
1605 3374 1697 3427 καὶ
1755 3373 1849 3427 τὸν
1894 3372 2043 3425 δόλον

456 3466 763 3529 συνιέντες,
795 3467 1213 3535 ἀποστήτωσαν,
1248 3466 1297 3518 εί
1348 3464 1641 3536 βούλοιντο,
1675 3463 1777 3534 τῆς
1805 3463 1899 3517 τοῦ
1936 3482 2043 3536 μα-

456 3558 617 3611 ταίου
643 3557 836 3612 τούτου
863 3558 1233 3628 παροδηγίας·
1272 3557 1367 3611 κοιλ⁵
1420 3558 1557 3629 μόνῃ
1593 3559 1660 3628 τῇ
1695 3555 1815 3627 θεία
1852 3556 2042 3627 Γραφῇ

458 3648 871 3717 στοιχήσαντες,
925 3648 1058 3717 παρ’
1106 3646 1279 3718 αὐτῆς
1326 3646 1426 3718 τὴν
1477 3646 1692 3700 τελείαν
1746 3646 1842 3700 καὶ
1873 3647 2045 3717 μόνην

452 3737 640 3807 annos
665 3737 869 3807 θεογνω
880 3737 998 3791 σίαν
1021 3737 1457 3810 διδαχθήτωσανο
1486 3738 1625 3809 πρὸς
1643 3740 1709 3810 ἢν
1726 3738 1796 3793 τὰ
1815 3739 2046 3810 κίϐδηλα

455 3828 659 3882 τούτου
712 3828 953 3901 μυθάρια
1013 3829 1441 3901 συγκρινόμενα,
1492 3830 1594 3901 τὴν
1643 3830 1766 3884 ὅσον
1811 3832 2045 3902 κοπρίαν

456 3922 604 3991 πρὸς
655 3920 887 3992 δϐρυζον
936 3924 1142 3999 χρυσὸν
1174 3922 1675 3996 παραϐαλλομένην
1725 3923 2046 3982 ἀπόπτωσιν

459 4014 745 4085 πάσχοντα
774 4004 1162 4087 ἀπελέγχεται.

989 4110 1387 4164 ΑΠΔΝΤΗΣΙΣ
1414 4110 1515 4165 18’.

458 4198 623 4268 Πρὸς
649 4199 756 4254 τὸν
792 4202 1043 4271 Μωάμετ
1098 4199 1291 4269 ψιλῶς
1350 4202 1879 4271 ὲκλαμϐανόμενον
1929 4202 2046 4271 τὴν

533 4273 725 4342 Λόγος
755 4270 865 4341 (89)
895 4271 1107 4342 φωνὴν
1126 4271 1226 4324 ἐπὶ
1258 4271 1365 4326 τοῦ
1407 4271 1826 4325 ἐνυποστάτου
1849 4272 2044 4341 Λόγου

536 4341 636 4394 καὶ
669 4342 806 4395 Υἱοῠ
837 4342 942 4396 τοῦ
972 4341 1142 4397 Θεοῦ.

2144 3207 2307 3248 canes
2330 3202 2383 3248 et
2426 3196 2561 3247 licus
2589 3203 2641 3248 et
2667 3192 2833 3260 oleas,
2852 3201 2906 3248 et
2924 3195 3176 3263 praedicta
3206 3193 3387 3248 omnia
3419 3204 3726 3251 commenta

2145 3288 2398 3342 adorant.
2462 3285 2632 3358 Igitur
2684 3302 2874 3342 errore
2920 3288 3140 3342 demum
3195 3289 3435 3358 cognito,
3493 3289 3729 3360 doloque

2146 3379 2443 3441 intellecto,
2479 3378 2763 3442 recedant,
2793 3379 2840 3433 si
2873 3386 3023 3433 certe
3058 3379 3276 3443 volunt,
3306 3381 3374 3434 ab
3397 3380 3560 3450 hujus
3578 3382 3730 3437 stulti

2145 3484 2379 3525 erroneo
2421 3470 2620 3525 ducatu
2673 3470 2924 3541 :unique
2980 3471 3176 3526 divinae
3204 3470 3504 3542 Scripturze
3542 3474 3727 3529 adhue~

2146 3571 2347 3626 rentes,
2375 3561 2442 3616 ab
2464 3561 2652 3616 eadem
2677 3562 2978 3631 perfectum
2998 3563 3290 3633 solumque
3311 3578 3497 3619 verum
3520 3564 3728 3620 cultum

2145 3652 2395 3721 discant;
2458 3667 2586 3707 cum
2626 3667 2735 3722 qua
2798 3650 2983 3708 divina
3041 3652 3324 3723 Scriptura
3351 3668 3521 3709 cassa”:
3562 3653 3731 3724 hujus

2147 3743 2389 3798 hominis
2431 3744 2805 3800 fabulationes
2857 3753 3206 3815 comparatae,
3268 3760 3369 3800 ceu
3410 3745 3458 3800 si
3512 3754 3731 3803 stercus

2145 3846 2272 3890 eum
2303 3848 2438 3888 auro
2468 3833 2660 3890 obrizo
2691 3831 3031 3902 conferatur,
3074 3835 3232 3890 ruina
3271 3834 3473 3890 diaboli
3501 3849 3729 3905 compeo

2144 3927 2375 3984 rientur.

2586 4106 3092 4164 CONTRADICTIO
3128 4107 3274 4162 XIX.

2144 4199 2405 4254 Adversus
2422 4197 2805 4261 Mahamedem,
2819 4200 2908 4268 qui
2929 4198 3236 4254 vocabulum
3253 4197 3475 4253 Vanum!
3496 4198 3654 4267 simpl
3658 4202 3726 4255 iri

2217 4272 2430 4395 ιὶριὶοηε
2476 4270 2726 4340 intelligit
2752 4271 2809 4323 in
2832 4271 3228 4341 enhypostatico
3271 4269 3437 4325 Verbo
3485 4279 3536 4323 et
3575 4269 3725 4325 Filio

2267 4357 2336 4395 et.

2267 4357 2336 4395 ει.

537 4433 644 4486 τπδ’.
677 4426 779 4487 Ὧν
826 4434 883 4488 αἱ
929 4433 1111 4488 οὐσίαι
1156 4433 1321 4504 ῆτουν
1343 4433 1400 4486 αἱ
1429 4432 1622 4503 φύσεις
1647 4432 1917 4506 διάφοροι,
1946 4434 2043 4489 καὶ

2217 4431 2311 4487 84.
2357 4429 2605 4498 Quorum
2640 4430 2984 4494 substantiae,
3033 4431 3086 4486 id
3113 4440 3202 4487 est
3235 4441 3467 4498 natura},
3497 4433 3730 4491 diversae

461 4526 607 4581 αὐτὰ
643 4528 860 4590 πάντως
881 4526 1004 4580 κατ’
1037 4525 1228 4580 οὐσίαν
1256 4524 1493 4600 διάφορα
1514 4541 1529 4555 ο
1556 4523 1593 4579 ἃ
1624 4525 1682 4578 δὲ
1711 4523 1885 4589 οὕτως
1913 4526 2051 4598 πρὸς

460 4617 672 4688 ἄλληλα
699 4617 969 4687 διαφέρει,
1009 4617 1109 4672 καὶ
1155 4617 1255 4681 τὰς
1310 4615 1590 4679 ούσιώδεις
1635 4615 1904 4689 ἰδιότητας
1942 4617 2052 4672 τῶν

462 4707 682 4779 φύσεων
708 4708 1001 4778 διαφόρους
1032 4708 1128 4762 καὶ⁵
1178 4707 1469 4776 ἀνομοίους
1513 4705 1665 4778 ἔχει’
1715 4702 1790 4783 ὧν
1820 4704 1913 4764 οῦν
1942 4710 2052 4781 ἄρα

460 4798 523 4853 ai
551 4797 732 4852 οὐσίαι
754 4798 918 4869 ἠτουν
950 4797 1008 4851 αἱ
1044 4797 1240 4867 φύσεις
1265 4797 1535 4869 διάφοροι,
1572 4798 1669 4854 καὶ
1693 4801 1749 4852 al
1773 4798 2053 4864 οὐσιῶδεις

459 4888 646 4945 αὐτῶν
681 4889 948 4960 ἰδιότητες
974 4887 1084 4942 τῶν
1120 4889 1340 4958 φύσεων
1369 4889 1619 4961 διάφοροι
1669 4891 1765 4945 καὶ
1784 4891 2050 4962 ἀνόμοιοι.

461 4981 527 5035 Εἰ
557 4976 652 5036 οὖν
690 4981 825 5045 Θεὸς
872 4982 969 5036 καὶ
1016 4981 1249 5050 ἄγγελος
1307 4982 1402 5034 καὶ
1436 4981 1723 5053 ἄνθρωπος
1763 4984 2054 5055 διαφόρους

460 5072 578 5144 ἔχει
624 5072 727 5139 τὰς
757 5073 971 5139 οὐσίας,
1026 5073 1125 5129 καὶ
1179 5074 1338 5127 αὐτοὶ
1368 5073 1620 5146 διάφοροι
1677 5075 1745 5130 ἂν
1774 5072 1885 5131 εἷεν
1913 5078 2053 5149 πρὸς

461 5163 691 5229 ἑαυτούς
712 5180 728 5197 ο
763 5167 813 5220 εἰ
848 5164 906 5219 δὲ
935 5165 1257 5238 διαφέρουσι
1288 5165 1426 5236 πρὸς
1451 5166 1705 5235 ἑαυτοὺς,
1740 5167 1834 5221 καὶ
1861 5169 1918 5221 αἱ
1953 5170 2052 5222 οὒ-

464 5255 680 5321 σιώδεις
726 5256 907 5310 αὐτῶν
967 5256 1229 5328 ἰδιότητες
1273 5246 1383 5312 τῶν
1428 5257 1647 5329 φύσεων
1680 5258 1930 5331 διάφοροι
1956 5260 2052 5316 καὶ

460 5348 714 5419 ἀνόμοιοι
741 5348 927 5403 τέλεον
958 5348 1171 5403 ἔσονται
1201 5349 1339 5420 πρὸς
1364 5351 1564 5415 ἑαυτάς
1589 5367 1607 5385 ο
1635 5350 1834 5406 οὐκοῦν
1859 5353 2055 5424 ἕτερον

458 5441 598 5497 Θεοῦ
647 5440 744 5496 καὶ
795 5441 1047 5511 ἀγγέλων
1105 5442 1200 5496 καὶ
1225 5441 1532 5513 ἀνθρώπων
1579 5442 1640 5497 τὸ
1669 5443 1887 5515 λογικὸν
1916 5447 2056 5517 πρὸς

534 5555 581 5589 ³⁷
603 5554 745 5613 Gen.
780 5571 919 5622 χχιι,
947 5555 1039 5611 I6.

2150 4535 2297 4594 sunt,
2331 4540 2398 4581 ea
2438 4524 2560 4595 ipsa
2586 4525 2808 4581 omnino
2842 4525 3278 4581 substantialiter
3305 4527 3522 4582 diversa
3549 4537 3680 4583 sunt
3711 4545 3727 4583 :

2149 4634 2272 4690 qua:
2304 4628 2489 4674 autem
2550 4617 2785 4674 invicem
2816 4618 2897 4673 sic
2934 4616 3215 4686 differunt,
3241 4632 3305 4674 ea
3334 4618 3739 4675 substantiales

2148 4724 2372 4782 quoque
2401 4717 2721 4766 naturarum
2754 4709 3116 4780 proprietates
3141 4710 3387 4767 diversas
3403 4710 3730 4767 dissimiles-

2151 4819 2258 4875 que
2286 4802 2510 4858 habent.
2542 4801 2715 4874 Igitur
2751 4816 2990 4873 quorum
3019 4802 3361 4867 substantia,
3389 4804 3442 4859 id
3489 4811 3575 4859 est
3626 4819 3733 4860 na-

2152 4906 2311 4963 turae,
2340 4893 2624 4969 diﬂ‘erunt,
2685 4893 3008 4950 earumdem
3049 4894 3445 4952 substantiales
3509 4912 3745 4967 quoque.

2149 4974 2472 5044 naturarum
2503 4986 2863 5058 proprietates
2888 4985 3117 5041 diversae
3145 4994 3465 5058 suntatque
3486 4989 3730 5044 dissimi-

2148 5079 2250 5135 les.
2285 5077 2345 5135 Si
2377 5093 2512 5148 ergo
2571 5076 2718 5132 Deus
2736 5084 2791 5131 et
2818 5075 3051 5148 angelus
3082 5085 3138 5131 et
3158 5075 3324 5132 homo
3353 5078 3599 5135 diversas
3629 5079 3732 5133 ha-

2148 5173 2280 5230 bent
2307 5169 2667 5237 substantias,
2695 5168 2798 5239 ipsi
2819 5182 3043 5239 quoque
3061 5168 3266 5225 diversi
3298 5178 3462 5226 erunt
3485 5170 3626 5227 inter
3645 5186 3727 5227 se.

2157 5264 2315 5332 Quod
2349 5263 2395 5320 si
2424 5262 2481 5318 hi
2504 5260 2760 5319 differunt
2787 5260 2932 5317 inter
2959 5275 3038 5328 se,
3065 5261 3458 5318 substantiales
3508 5277 3733 5333 quoque

2153 5356 2299 5426 apud
2332 5368 2429 5411 eos
2483 5365 2804 5409 naturarum
2841 5352 3205 5423 proprietates
3227 5351 3457 5408 diversa:
3482 5351 3732 5407 dissimi-

2150 5447 2343 5518 tesque
2368 5458 2600 5516 prorsus
2647 5451 2816 5502 erunt
2861 5443 3005 5500 inter
3046 5457 3126 5500 se.
3157 5442 3350 5513 Itaque
3386 5442 3600 5501 diversa
3643 5451 3731 5501 est

534 5677 934 5753 (89_)_Christus
970 5676 1197 5734 Verbum
1227 5675 1324 5731 Dei
1360 5675 1440 5734 vel
1477 5690 1542 5733 ex
1571 5674 1702 5747 Deo,
1731 5675 2038 5752 appellatur
2074 5690 2106 5735 a
2139 5674 2463 5735 Mohamede
2486 5671 2642 5753 .Sur.
2669 5670 2761 5747 lll,
2793 5674 2885 5733 45.
2935 5671 3137 5736 Recole
3188 5683 3373 5734 autem
3424 5677 3570 5750 apud
3628 5690 3730 5735 nos

456 5751 572 5810 col.
608 5750 729 5810 729.

831 5846 1101 5909 Parnm.
1143 5844 1262 5907 Gn.
1279 5843 1430 5923 “CV.

3298 5840 3377 5901 25
