4048 6398
536 311 646 378 779

1776 311 2072 373 meum
2127 269 2554 374 BYZANTINIS

3685 327 3768 394 780

532 425 768 482 invicem
800 422 894 480 Dei
927 431 981 480 et
1011 422 1333 495 angelorum
1395 434 1450 480 et
1498 424 1786 481 hominum
1839 427 2102 482 rationali

2230 428 2458 498 ἄλληλα,
2499 427 2562 480 οὗ
2595 425 2757 499 μόνον
2784 425 2860 494 ὡς
2887 394 3118 499 τιοιητοῦ
3153 429 3291 501 πρὸς
3321 431 3561 505 ποίημα,
3581 434 3690 491 οὐδὲ
3715 441 3773 504 ὡς

531 517 786 582 facultas,
816 531 924 572 non
982 517 1160 570 solum
1194 525 1458 588 tanquam
1487 515 1767 572 Creatoris
1811 533 1938 588 erga
1973 533 2130 573 crea-

531 619 732 674 turam,
759 619 809 666 et
843 609 1224 664 immaterialis
1245 623 1374 680 erga
1398 609 1698 675 materiale,
1732 609 1828 665 sed
1853 621 2129 678 quatenus

530 703 586 758 in
618 717 727 758 uno
746 711 833 760 est
863 702 1093 757 verbum
1125 701 1503 758 tantummodo
1529 705 1842 768 internum;
1866 704 1918 756 in
1954 703 2129 757 altero

529 793 696 848 etiam
754 792 1201 857 enuntiativum;
1245 792 1299 845 in
1331 792 1492 846 tertio
1523 791 1764 861 denique
1793 790 1917 862 plus
1959 806 2128 862 quam

526 884 803 940 internum
822 891 878 942 ct
903 882 1321 938 enuntiativum.
1339 881 1406 935 Et
1430 896 1554 937 cum
1577 881 1795 937 illorum
1830 880 1973 935 haud
1987 881 2124 936 sub~

528 975 783 1032 stantiale
807 975 878 1031 sit
906 975 1156 1041 verbum,
1177 990 1286 1030 non
1315 973 1460 1028 enim
1477 981 1631 1028 extra
1654 973 1787 1028 illud
1829 973 1884 1027 in
1905 987 2017 1043 quo
2046 981 2130 1027 est

527 1067 791 1136 procedit,
814 1070 940 1133 quia
960 1065 1280 1120 naturaliter
1294 1072 1674 1134 comparatum
1695 1070 1781 1120 est
1815 1073 1873 1119 ut
1898 1063 2122 1118 verbum

526 1161 582 1218 in
609 1160 877 1216 creaturis
914 1175 943 1214 a
987 1159 1236 1230 subjecto
1263 1173 1364 1216 suo
1393 1175 1501 1214 non
1531 1159 1799 1225 discedat,
1829 1160 1922 1215 sed
1972 1161 2026 1214 in
2055 1175 2123 1215 eo

525 1252 832 1318 subsident;
863 1251 956 1308 Dei
979 1262 1158 1306 tamen
1177 1251 1536 1307 substantiale
1553 1260 1636 1307 est
1659 1252 1898 1308 Verbum
1917 1261 1972 1308 et
1997 1252 2133 1308 insi-

524 1355 662 1411 tum,
677 1359 986 1415 quanquam
1003 1343 1334 1398 indivisibilc
1347 1358 1412 1400 ac
1431 1344 1796 1414 inseparabile
1815 1343 1884 1398 ab
1901 1358 1968 1399 eo
1986 1344 2130 1400 unde

524 1436 790 1507 procedit,
817 1445 870 1491 ct
889 1435 976 1490 cui
1001 1435 1142 1491 inest
1161 1435 1325 1506 ;quia
1345 1443 1399 1490 et
1416 1436 1722 1492 increatum
1743 1445 1894 1492 estet
1917 1436 2131 1507 ingeni-

521 1541 662 1584 tum.
682 1527 820 1582 Male
838 1528 1000 1598 igitur
1025 1528 1282 1584 indoctus
1303 1527 1673 1592 Mohamcdcs,
1695 1544 1932 1600 quorum
1948 1529 2130 1584 diven-

518 1615 580 1677 15a
593 1621 893 1678 substantia
907 1630 1009 1686 est,
1029 1637 1192 1676 unam
1209 1622 1570 1694 eamdemque
1585 1624 1792 1692 putavit
1804 1631 1934 1678 natu
1943 1637 2126 1677 rarum

515 1728 640 1769 esse
681 1713 1070 1784 proprietatem
1099 1730 1114 1767 :
1146 1722 1202 1769 et
1226 1713 1512 1769 hominum
1544 1714 1714 1770 verbo
1742 1715 1888 1786 quod
1916 1715 2112 1770 dilabi.

2232 518 2400 571 ἀΰλου
2439 517 2534 572 καὶ
2561 517 2776 582 ὲνύλου,
2813 518 2931 572 ἀλλ’
2961 520 3038 583 ὡς
3093 524 3189 575 τοῦ
3244 523 3343 592 μὲν
3373 525 3466 578 τὸν
3514 527 3776 585 ἐνδιάθετον

2229 611 2448 679 ἔχοντος
2481 612 2643 680 μόνον
2669 611 2848 679 λόγον,
2878 612 2976 665 τοῦ
3005 612 3062 666 δὲ
3093 615 3295 669 καὶτὸν
3331 621 3674 689 προφορικόν·
3705 627 3776 678 τοῦ

2226 704 2308 768 δὲ,
2335 705 2475 776 ὑπὲρ
2498 705 2590 759 τὸν
2605 705 2912 760 ἐνδιάθετον
2933 709 3028 759 καὶ
3053 710 3393 779 προφορικόν
3412 729 3426 742 ·
3457 712 3551 765 καὶ
3575 715 3675 766 τῶν
3700 718 3778 786 μὲν

2229 798 2480 862 ἀνούσιος
2525 797 2601 852 ὣν
2648 797 2861 867 δλόγος
2883 814 2920 856 ·.
2955 798 3019 852 ob
3062 799 3175 872 γὰρ
3202 801 3362 866 ἐκτὸς
3391 803 3490 856 τοῦ
3519 806 3574 858 ἐν
3595 799 3637 874 ᾧ
3659 809 3777 861 ἐστιν

2231 889 2560 958 ὑφίστασθαι
2585 893 2614 946 ὁ
2641 891 2801 960 λόγος
2825 891 2938 954 τοῖς
2967 891 3232 961 κτίσμασι
3268 894 3538 964 πέφυκεν,
3572 897 3677 950 ἀλλ’
3719 900 3778 965 ὡς

2229 981 2290 1034 ἐν
2321 982 2668 1054 ὑποκειμένῳ
2687 999 2701 1013 ·
2757 983 2855 1038 τοῦ
2915 984 2973 1038 δὲ
3016 984 3260 1038 ἐνουσίου
3317 986 3476 1051 ὄντος
3523 987 3673 1057 λόγου
3703 994 3779 1046 καὶ

2229 1072 2622 1144 ἐνυπάρκτου,
2713 1077 2762 1128 εί
2848 1076 2946 1131 καὶ
3021 1077 3413 1150 ἁνεκφοίτητες
3508 1079 3602 1132 καὶ
3662 1082 3779 1153 ἀχώ-

2231 1181 2434 1235 ριστος.
2489 1166 2583 1220 τοῦ
2632 1167 2690 1233 ἐξ
2744 1159 2808 1220 οὗ
2843 1168 3116 1240 προῆλθεν
3150 1166 3270 1239 ἅμα
3316 1170 3416 1222 καὶ
3463 1171 3523 1222 ἐν
3576 1165 3620 1240 ᾧ
3659 1174 3778 1229 ἐστιν

2230 1257 2633 1328 ὑφισταμένου·
2715 1259 2840 1312 ἐπεὶ
2899 1261 2992 1313 καὶ
3032 1261 3288 1324 ἄκτιστος
3329 1262 3428 1315 καὶ
3486 1262 3777 1332 ἁγέννητος·

2229 1349 2416 1412 κακῶς
2439 1344 2532 1402 οὖν
2559 1348 2668 1421 ἄρα
2701 1351 2730 1402 ὁ
2757 1349 2978 1420 ἀμαθὴς
3032 1351 3300 1421 Μωάμετ,
3334 1351 3448 1405 ⁴τῶν
3477 1352 3596 1407 κατ’
3621 1354 3778 1409 οὐσίαν

2227 1441 2614 1513 διαφερόντων,
2650 1442 2782 1513 μίαν
2806 1441 2902 1496 καὶ
2933 1443 3032 1513 τὴν
3065 1441 3234 1514 αὐτὴν
3280 1442 3553 1498 ὑπέλαϐεν
3577 1445 3777 1518 ciet-aeq

2231 1533 2468 1603 ἰδιότητα
2529 1533 2639 1588 τῶν
2681 1533 2898 1602 φύσεων
2922 1549 2939 1566 ο
2992 1534 3088 1589 καὶ
3113 1533 3192 1605 τῷ
3223 1533 3506 1605 σκεδαστῷ
3536 1538 3623 1589 καὶ
3651 1537 3777 1609 διαρ-

2229 1625 2404 1696 ρἑντι
2429 1624 2540 1679 τῶν
2560 1623 2862 1697 ἀνθρώπων
2883 1623 3045 1695 λόγῳ,
3073 1627 3270 1680 ταυτὸν
3293 1621 3434 1680 εἶναι
3457 1627 3536 1698 τῷ
3560 1628 3648 1683 τοῦ
3666 1630 3775 1684 Θεοῦ

2228 1715 2388 1786 Λόγῳ
2414 1714 2491 1787 τῷ
2519 1716 2640 1770 καθ’
2657 1716 2820 1772 ἑαυτὸ
2841 1716 3216 1790 ύφισταμὲνῳ,
3237 1718 3332 1772 καὶ
3355 1719 3420 1772 τδ
3446 1713 3582 1774 εῖναι
3608 1719 3774 1792 ιχοντι,

516 1819 606 1864 tur
636 1823 702 1864 ac
721 1809 1041 1879 dissipatur,
1073 1809 1254 1864 simile
1279 1823 1404 1865 esse
1433 1807 1527 1864 Dei
1553 1785 1810 1874 Verbum,
1843 1810 1988 1880 quod
2017 1825 2102 1880 per

2216 1785 2663 1880 ἀνωμολογησεν.

515 1895 842 1958 se'subsistlt
865 1901 1137 1972 habetque
1164 1900 1566 1966 exsistcntiam,
1589 1900 1895 1956 aﬂirmavit.

513 1992 637 2049 XX.
670 1993 939 2048 Aduersus
986 1992 1225 2048 eumdem
1279 1995 1560 2056 dicentem,
1608 1989 1780 2046 Deum
1843 1993 2110 2048 mulorum

845 2080 991 2135 wque
1023 2080 1086 2118 ac
1110 2064 1366 2120 bonorum
1397 2080 1510 2118 esse
1541 2079 1782 2117 causam.

584 2155 674 2212 85.
705 2155 930 2210 illorum
961 2169 1085 2225 quae
1116 2154 1494 2212 involuntarie
1523 2164 1848 2224 operantur,
1879 2154 1986 2210 alia
2011 2169 2108 2225 per

515 2264 576 2305 se
593 2259 912 2318 operantur,
939 2248 1044 2304 alia
1074 2263 1170 2319 per
1204 2248 1489 2304 accidens.
1518 2246 1698 2304 Veluti
1722 2248 1870 2317 ignis
1900 2264 1996 2319 per
2043 2264 2105 2306 se

512 2341 732 2408 quidem
796 2338 1080 2406 calefacit;
1140 2354 1238 2410 per
1287 2339 1546 2395 accidens
1600 2351 1806 2407 autem,
1881 2349 2106 2412 propter

512 2433 848 2496 contrariam
872 2433 1374 2500 circumstantiam,
1408 2431 1686 2503 frigefacit
1713 2450 1728 2498 ;
1760 2434 1888 2490 item
1921 2449 2017 2504 per
2043 2450 2104 2492 se

511 2524 739 2595 quidem
781 2525 1082 2592 illuminat,
1115 2534 1341 2596 propter
1367 2523 1602 2596 alicujus
1637 2535 1820 2582 autem
1849 2526 2102 2597 corporis

511 2612 974 2679 obstructionem,
1007 2613 1266 2669 tenebras
1296 2613 1462 2684 parit.
1492 2614 1758 2670 Similiter
1789 2615 1843 2670 in
1883 2617 2102 2673 caeteris

512 2702 797 2767 omnibus,
849 2704 1190 2773 operationis
1219 2705 1528 2774 analogiam
1586 2706 1714 2776 quis
1771 2707 2098 2775 observans,

513 2809 629 2850 rem
659 2793 733 2848 ita
756 2809 814 2849 se
835 2793 1039 2851 habere
1069 2797 1391 2866 comperiet.
1417 2798 1490 2852 At
1529 2797 1618 2853 illa
1641 2813 1766 2869 qua:
1794 2798 2101 2859 voluntarie

510 2896 699 2956 agunt,
723 2885 1080 2944 frustratione
1102 2898 1352 2960 excepta,
1385 2900 1580 2948 cuncta
1608 2906 1706 2962 per
1734 2906 1793 2948 se
1821 2901 2010 2963 agunt.
2039 2891 2098 2949 Si

510 2979 676 3051 igitur
690 2979 836 3038 Deus
851 2995 1085 3051 operans
1106 2979 1512 3039 frustrationem
1534 2999 1642 3040 non
1657 2985 1883 3054 patitur,
1913 2985 2102 3057 utique

507 3086 605 3142 per
630 3086 690 3128 se
706 3081 986 3142 operatur.
1006 3070 1111 3128 Per
1131 3088 1192 3129 se
1205 3081 1388 3129 autem
1419 3089 1677 3146 operans,
1697 3075 1841 3131 bona
1858 3092 2014 3148 atque
2035 3093 2102 3135 ac

2217 1989 2300 2046 κ’.
2337 1990 2494 2062 Πρὸς
2515 1993 2623 2046 τὸν
2643 1991 2832 2046 αὑτὸν
2850 1991 3109 2062 λέγοντα
3126 1992 3235 2047 τὸν
3261 1993 3414 2047 Θεὸν
3440 1994 3631 2048 altior
3649 1989 3772 2052 εἶναι

2307 2061 2430 2116 τῶν
2467 2062 2670 2118 κακῶν
2700 2062 2912 2132 ὥσπερ
2934 2061 3017 2132 δὴ
3049 2066 3148 2118 καί
3179 2063 3297 2119 τῶν
3311 2064 3556 2134 ἀγαθῶν
3579 2065 3698 2137 (90).

2287 2160 2392 2210 πε’.
2429 2155 2552 2209 Τῶν
2604 2155 2885 2227 ἁθελήτως
2914 2155 3284 2228 ἐνεργούντων
3311 2155 3348 2210 ἃ
3382 2156 3485 2226 μὲν
3513 2157 3630 2210 καθ’
3667 2159 3771 2212 αὐτὸ

2213 2247 2450 2319 ἐνεργεῖ,
2482 2246 2518 2302 ἃ
2568 2247 2624 2300 δέ
2680 2249 2824 2302 κατὰ
2855 2247 3204 2318 συμϐεϐηκός
3226 2265 3242 2279 ·
3291 2242 3409 2303 οἷον
3439 2249 3502 2302 τὸ
3546 2247 3650 2320 πῦρ
3674 2249 3769 2305 καθ’

2211 2339 2344 2395 αὐτὸ
2402 2337 2502 2407 μὶν
2559 2338 2868 2410 θερμαίνει,
2921 2340 3064 2393 κατὰ
3097 2339 3450 2411 συμϐεϐηκὸς
3495 2339 3551 2396 δὲ
3586 2341 3667 2396 διὰ
3691 2341 3768 2412 τὴν

2210 2429 2658 2500 ἀντιπερίστασιν
2681 2429 2877 2501 ψύχει·
2901 2433 2997 2484 καὶ
3024 2429 3190 2486 πάλιν
3227 2431 3351 2486 καθ’
3389 2431 3527 2485 αὐτὸ
3553 2431 3646 2502 μὲν
3675 2448 3766 2502 φω-

2206 2522 2373 2588 τίζει,
2416 2523 2487 2576 δι’
2545 2524 2928 2595 ἀντιφράσεως
2976 2523 3034 2578 δέ
3101 2541 3248 2589 τινος
3305 2523 3564 2596 σώματος
3610 2526 3766 2588 σκότος

2209 2616 2390 2668 ποιεῖ·
2424 2614 2687 2679 ὡσαύτως
2717 2615 2774 2669 δὲ
2802 2617 2898 2670 καὶ
2913 2615 3007 2670 ἐπὶ
3029 2616 3138 2670 τῶν
3165 2616 3342 2670 ἄλλων
3362 2618 3644 2685 ἁπάντων,
3661 2617 3765 2672 ἁνε-

2209 2706 2385 2774 λὸγως
2417 2710 2484 2780 τῇ
2541 2707 2792 2779 ἐνεργείᾳ
2825 2725 2911 2773 τις
2962 2707 3299 2774 ἀκολουθῶν,
3347 2709 3580 2781 εὑρήσει
3625 2707 3764 2771 οὕτως

2208 2796 2333 2869 ἕχον
2359 2815 2372 2829 ·
2403 2797 2513 2852 τῶν
2541 2797 2596 2850 δὲ
2637 2797 2881 2867 θελητῶς
2903 2796 3272 2868 ἐνεργούντων
3292 2797 3446 2869 πλὴν
3479 2797 3760 2869 ἀποτυχίας,

2207 2889 2390 2944 πάντα
2418 2888 2543 2942 καθ’
2565 2887 2696 2943 αὐτὸ
2715 2890 2952 2959 ἐνεργεῖ.
2986 2889 3049 2941 Εἰ
3078 2884 3170 2943 οὖν
3208 2888 3341 2954 Θεὸς
3365 2887 3608 2960 ἐνεργῶν
3647 2889 3759 2942 ἁπο-

2206 2979 2402 3051 τυχίας
2453 2979 2700 3045 ᾶδεκτος,
2748 2979 2925 3033 πάντα
2953 2979 3062 3051 ἄρα
3092 2979 3216 3033 καθ’
3239 2979 3371 3034 αὐτὸ
3400 2981 3639 3050 ἐνεργεῖ·
3665 2976 3759 3031 καθ’

2207 3071 2341 3129 αὐτὸ
2364 3071 2420 3125 δὲ
2451 3071 2716 3141 ἐνεργῶν,
2740 3072 2810 3126 τὰ
2839 3069 3022 3141 ἀγαθὰ
3045 3073 3140 3125 καὶ
3165 3070 3235 3126 τὰ
3264 3071 3418 3126 κακὰ
3448 3071 3565 3125 κατ’
3590 3072 3759 3124 ἐκεῖνον

507 3159 652 3216 mala
674 3161 979 3216 secundum
1013 3160 1391 3220 Moltamedem
1413 3173 1694 3236 operatur.
1722 3159 1867 3237 Ergo
1884 3147 2102 3223 contra-

2208 3167 2457 3236 ἐνεργεῖ·
2505 3163 2767 3219 τάναντία
2824 3164 2933 3236 ἄρα
2961 3164 3104 3220 κατὰ
3129 3163 3221 3218 τὸν
3267 3165 3520 3236 Μωὰμετ
3549 3164 3757 3234 ἐνεργεῖ·

505 3252 590 3306 ria
611 3251 766 3322 juxta
789 3252 1036 3322 ejusdem
1058 3255 1388 3310 sententiam
1402 3265 1662 3324 operatur
1691 3272 1708 3312 :
1738 3255 1814 3312 ita
1834 3266 1894 3312 ut
1915 3273 1981 3314 ex
2005 3273 2101 3315 ea-

506 3343 632 3400 dem
654 3357 843 3409 causa,
868 3343 1012 3398 mala
1028 3358 1183 3413 aeque
1203 3359 1267 3399 ac
1287 3345 1432 3400 bona
1464 3346 1784 3415 procedant.
1822 3348 1989 3418 Atqui
2034 3362 2101 3406 ea

507 3450 632 3505 quae
659 3449 754 3506 per
781 3449 841 3491 se
868 3449 935 3490 ex
969 3449 1076 3489 una
1107 3450 1270 3490 causa
1293 3437 1616 3505 procedunt,
1644 3438 1922 3494 contraria
1961 3439 2102 3495 inter

507 3541 569 3582 se
601 3540 723 3582 esse
750 3541 858 3581 non
921 3534 1177 3596 possunt,
1205 3541 1272 3582 ne
1307 3541 1498 3595 causa,
1551 3543 1620 3584 ex
1652 3542 1764 3599 qua
1823 3531 2100 3588 contraria

506 3621 837 3690 procedunt,
908 3619 1052 3674 mala
1105 3619 1274 3675 simul
1326 3619 1582 3688 bonaque
1631 3635 1756 3678 esse
1805 3620 2098 3690 videatur;

505 3709 651 3784 quod
678 3709 1059 3780 blasphemum
1109 3718 1192 3766 est
1217 3719 1273 3766 et
1303 3709 1666 3780 inexpiabile;
1710 3726 1841 3782 ergo
1864 3726 1933 3766 ex
1983 3710 2097 3768 Deo

504 3801 652 3858 mala
710 3815 823 3860 non
873 3809 1044 3858 sunt:
1079 3801 1223 3858 mala
1255 3812 1438 3858 autem
1499 3811 1722 3874 peccata
1762 3804 1906 3871 dico,
1971 3817 2098 3875 quae.

503 3904 558 3950 ct
577 3907 873 3965 poenarum
922 3895 1202 3950 causativa
1232 3904 1381 3951 sunt.
1417 3892 1595 3951 Prave
1645 3895 1812 3966 igitur
1867 3911 2096 3954 causam

501 3987 709 4058 peccati
737 3985 908 4041 Deum
946 4000 1066 4042 esse
1093 3986 1232 4042 dixit
1256 3988 1458 4058 impius
1485 3985 1859 4044 Mohamedes.

506 4080 652 4136 XXI.
695 4080 962 4137 Adversus
990 4081 1235 4136 eumdem
1267 4096 1430 4150 prave
1459 4082 1741 4147 dicentem,
1774 4083 2012 4138 homines
2034 4085 2092 4139 in

761 4150 1014 4222 paradiso
1047 4153 1382 4222 conjugalem
1408 4153 1574 4206 vitam
1605 4162 1843 4208 acturos.

572 4241 664 4301 86.
689 4242 882 4298 Omnis
905 4243 1184 4306 sensualis
1216 4252 1417 4300 natura
1441 4244 1807 4302 materialiter
1830 4258 2090 4315 operans,

501 4351 730 4407 scapum
769 4337 933 4392 liabet
961 4336 1298 4406 operationis
1327 4351 1594 4392 sensuum
1628 4352 1879 4404 suorum,
1928 4339 2089 4408 juxta

499 4427 866 4484 materialium
896 4442 1079 4483 rerum
1105 4427 1486 4496 atl‘ectionem;
1514 4429 1677 4483 linem
1702 4442 1834 4483 vero
1857 4443 2090 4499 genera—

2208 3255 2352 3310 ὦστε
2402 3256 2467 3310 ἐκ
2497 3254 2600 3326 τῆς
2629 3253 2803 3324 αὐτῆς
2853 3253 3035 3319 αἰτίας
3076 3253 3146 3309 τὰ
3191 3253 3378 3323 ἀγαθὰ
3419 3255 3514 3309 καὶ
3549 3254 3615 3309 τὰ
3643 3251 3758 3308 κακά

2207 3345 2544 3420 προέρχεται
2568 3360 2582 3375 ·
2611 3343 2683 3398 τὰ
2709 3343 2766 3398 δέ
2799 3343 2925 3400 καθ’
2952 3345 3096 3400 αὐτὰ
3125 3345 3190 3398 ἐκ
3225 3345 3358 3415 μιᾶς
3388 3345 3568 3408 αἰτίας
3596 3358 3757 3414 προερ-

2207 3437 2436 3509 χόμενα,
2465 3438 2523 3492 ού
2557 3436 2810 3492 δύνανται
2855 3437 3080 3492 ἐναντία
3114 3436 3368 3508 ἀλλήλοις
3405 3431 3565 3504 εἶναι,
3593 3436 3671 3490 ἵνα
3698 3434 3754 3504 μὴ

2205 3533 2268 3585 τὸ
2295 3530 2491 3596 αἴτιον,
2527 3530 2586 3595 ἐξ
2601 3525 2663 3586 οὗ
2697 3529 2766 3584 τὰ
2793 3529 3009 3584 ἐναντία
3043 3529 3312 3601 πρόεισιν,
3354 3528 3478 3601 ἅμα
3503 3528 3658 3583 κακὸν
3682 3530 3756 3580 καὶ

2203 3621 2408 3692 ἀγαθὸν
2455 3621 2640 3693 δειχθῇ
2698 3616 2861 3677 εἶναι.
2899 3621 2962 3676 Εί
3000 3620 3058 3675 δὲ
3109 3620 3269 3675 τοῦτο
3325 3620 3638 3692 βλάσφημον
3681 3620 3753 3673 καὶ

2205 3715 2448 3784 ἀνίατον,
2484 3715 2585 3769 οὐκ
2610 3715 2717 3786 ἄρα
2740 3715 2805 3768 ἐκ
2827 3713 2922 3768 τοῦ
2945 3711 3079 3768 Θεοῦ
3103 3714 3172 3769 τὰ
3196 3714 3344 3770 κακά
3361 3732 3374 3746 ·
3405 3715 3551 3769 κακὰ
3569 3713 3620 3767 δέ
3638 3712 3754 3779 λέγω

2202 3807 2274 3864 τὰ
2300 3807 2697 3878 ἁμαρτήματα,
2729 3808 2875 3877 ειπερ
2899 3807 3007 3862 εἰσὶ
3032 3807 3124 3861 καὶ
3153 3806 3264 3862 τῶν
3284 3807 3568 3878 τιμωριῶν
3587 3803 3751 3876 mpel-

2201 3899 2310 3958 τία.
2359 3897 2560 3961 Κακῶς
2604 3893 2698 3953 οὖν
2747 3898 2858 3969 ἄρα
2887 3898 3060 3956 αἴτιον
3087 3899 3187 3969 τῆς
3227 3899 3506 3970 ἁμαρτίας
3537 3901 3622 3953 τὸν
3645 3895 3750 3949 Θεὸν

2200 3991 2230 4044 ὁ
2256 3989 2460 4062 ἀσεϐὴς
2483 3989 2590 4059 ἔφη
2613 3991 2882 4058 Μωάμετ.

2200 4082 2335 4138 KA'.
2368 4082 2543 4153 Hpog
2563 4082 2671 4136 τὸν
2707 4082 2896 4138 αὑτὸν
2923 4081 3121 4150 κακῶς
3140 4085 3401 4153 λέγοντα
3440 4083 3585 4138 κατὰ
3603 4079 3747 4141 συζυ-

2306 4153 2440 4224 γίας
2461 4151 2653 4206 πάλιν
2677 4153 2749 4207 ἐν
2776 4153 3120 4222 παραδείσῳ
3149 4151 3493 4211 διαιτᾶσθαι
3521 4154 3662 4224 (90‘).

2270 4242 2394 4310 τις-⁸.
2427 4244 2586 4298 Πᾶσα
2616 4245 2650 4315 ἡ
2693 4244 2992 4315 αἰσθητικὴ
3047 4245 3210 4315 φύσις
3232 4245 3438 4310 ὲνύλως
3467 4243 3743 4316 ἐνεργοῦσα,

2200 4337 2404 4391 σκοπὸν
2436 4336 2549 4408 ἔχει
2571 4336 2666 4390 τοῦ
2705 4338 2948 4409 ἐνεργεῖν
2977 4338 3090 4400 τοῖς
3111 4337 3496 4410 αἰσθητηρίοις
3524 4335 3651 4391 κατὰ
3664 4335 3742 4404 τὴν

2197 4429 2307 4484 τῶν
2329 4428 2532 4484 ὑλικῶν
2561 4429 2904 4498 πραγμάτων
2941 4429 3321 4499 προσπάθειαν
3342 4449 3356 4463 ·
3401 4430 3552 4493 τέλος
3578 4427 3645 4492 δὲ,
3665 4425 3741 4494 τὴν

501 4522 730 4576 tionem.
766 4518 870 4575 Sed
899 4518 1028 4588 quia
1051 4518 1202 4573 omni
1241 4519 1537 4575 mutationi
1555 4534 1622 4575 ac
1639 4521 1815 4578 motui
1845 4535 2089 4593 congrua

2207 4521 2454 4591 γέννησιν
2474 4537 2490 4554 ο
2513 4520 2631 4575 ἀλλ’
2655 4519 2846 4592 ἐπειδὴ
2878 4520 3027 4593 πάσῃ
3066 4519 3340 4591 μεταϐολῇ
3372 4520 3406 4592 ἢ
3449 4519 3543 4574 καὶ
3563 4518 3738 4589 κινήσει

499 4620 588 4670 est
631 4610 828 4682 quies;
861 4608 1096 4664 mutatio
1139 4608 1225 4664 vel
1269 4619 1474 4674 motus,
1505 4623 1706 4676 secus;
1762 4608 1837 4664 ita
1859 4625 2092 4679 genera-

500 4703 636 4761 tioni
677 4701 957 4758 contraria
1006 4709 1094 4758 est
1143 4702 1449 4772 corruptio.
1481 4700 1552 4756 Et
1598 4717 1630 4758 a
1657 4700 1840 4758 divina
1865 4703 2088 4772 quidem

499 4797 786 4869 Scriptura
830 4796 1174 4868 promittitur
1214 4797 1591 4863 resurrectio;
1632 4796 1726 4852 sed
1757 4811 1866 4852 non
1889 4812 2087 4867 quem-

496 4891 794 4947 admodum
838 4905 870 4944 a
918 4890 1273 4962 generatione
1327 4889 1531 4946 transit
1563 4889 1736 4946 homo
1765 4887 1834 4944 ad
1883 4904 2081 4946 corru-

495 4982 765 5053 ptionem,
797 4980 870 5040 ita
895 4979 1099 5052 pariter
1137 4994 1170 5035 a
1199 4980 1556 5052 corruptione
1589 4980 1657 5036 ad
1687 4979 1978 5051 pristinam
1993 4996 2083 5038 re-

494 5082 740 5129 vertetur
797 5073 1206 5144 generationem
1249 5091 1264 5128 :
1321 5075 1524 5132 etenim
1609 5086 1790 5143 neque
1857 5073 2084 5145 copulas

496 5178 677 5234 neque
723 5162 1052 5219 concubitus
1109 5178 1288 5234 neque
1330 5173 1524 5235 partes
1570 5164 1858 5235 corruptio
1906 5166 2080 5221 novit.

491 5257 712 5329 Alioqui
741 5257 787 5312 si
817 5256 933 5312 haec
950 5256 1069 5312 ﬂeri
1095 5257 1510 5326 concederetur,
1538 5272 1680 5328 opus
1703 5255 1846 5314 foret
1871 5261 2084 5314 discer-

491 5364 624 5405 nere
672 5349 1083 5419 corruptionem
1138 5348 1196 5403 in
1237 5350 1541 5408 maculant
1565 5359 1732 5420 atque
1780 5349 2078 5415 feminam;

493 5443 636 5515 quod
664 5449 749 5498 est
789 5439 1146 5511 impossibile.
1203 5439 1326 5496 Non
1346 5441 1534 5513 itaque
1565 5449 1625 5498 ut
1668 5443 1953 5513 generatio
1979 5443 2077 5498 lio-

565 5634 677 5706 (90)
707 5635 832 5691 Sur.
867 5636 930 5703 ll,
961 5636 1016 5692 7.
1039 5643 1093 5691 et
1122 5649 1266 5706 saepe
1293 5635 1444 5698 alibi.
1479 5636 1650 5693 Porro
1696 5636 1765 5696 ab
1795 5637 1898 5692 hac
1926 5651 2068 5706 quo-

493 5719 601 5773 que
624 5707 976 5761 accusatione
1003 5714 1238 5760 conatur
1267 5706 1600 5761 Alcoranum
1634 5707 1929 5762 defendere
1958 5707 2063 5759 ile-

492 5773 690 5830 landus
728 5789 817 5845 op.
858 5776 954 5835 cit.
986 5784 1130 5846 part.
1153 5774 1217 5832 ll.
1243 5789 1365 5846 cap.
1401 5777 1468 5846 4;
1492 5791 1603 5849 quo
1635 5785 1814 5835 tamen
1840 5778 1965 5848 jure
1985 5775 2072 5831 vel

2193 4613 2504 4684 πρόσφορος
2561 4612 2786 4684 ἠρεμία,
2847 4615 2879 4684 ἡ
2913 4611 3190 4682 μεταϐολὴ
3240 4613 3273 4684 ἢ
3315 4613 3527 4681 κίνησις
3555 4605 3739 4664 ἐναντία

2189 4705 2367 4759 ἐστίν·
2407 4704 2504 4772 καὶ
2556 4706 2626 4776 τῇ
2651 4703 2864 4773 γενέσει
2893 4704 3003 4775 ἄρα
3055 4703 3276 4759 ἐναντία
3329 4703 3537 4775 φθορά·
3583 4697 3737 4766 ἐπειδὴ

2187 4798 2282 4851 καὶ
2307 4796 2604 4860 ἀναδίωσις
2627 4796 2764 4868 πρὸς
2784 4798 2849 4867 τῇ
2878 4796 2999 4868 θείᾳ
3029 4797 3222 4867 Γραφῇ
3258 4788 3737 4866 ἐπαγγέλλεταιοού

2181 4888 2306 4944 καθ’
2331 4889 2359 4942 ὃ
2373 4887 2574 4953 vovere
2589 4888 2891 4958 γεννήσεως
2904 4889 2984 4950 εἰς
3004 4885 3212 4957 φθορὰν
3231 4887 3329 4941 ἀνθ
3335 4901 3514 4958 ρωπος
3529 4885 3732 4955 ἔρχεται,

2181 4978 2324 5033 οὕτω
2355 4978 2449 5032 καὶ
2479 4977 2589 5031 ἀπὸ
2607 4975 2819 5049 φθορᾶς
2857 4972 3015 5040 αὖθις
3055 4975 3201 5034 κατὰ
3233 4976 3334 5047 τὴν
3365 4977 3584 5046 πμιτην
3604 4979 3734 5027 επεν.

2181 5068 2302 5142 ἡξει
2324 5069 2580 5140 γέννησιν
2603 5083 2618 5099 ·
2636 5068 2764 5121 ἐπεὶ
2784 5068 2919 5139 μηδὲ
2947 5067 3125 5138 μίξεις
3147 5068 3243 5122 καὶ
3261 5068 3542 5132 συνουσίας
3559 5065 3642 5120 καὶ
3661 5062 3732 5116 τό·

2180 5180 2308 5226 κους
2331 5164 2370 5233 ἡ.
2388 5161 2564 5232 φθορά
2592 5157 2754 5216 οἶδεν·
2789 5161 2823 5233 ἢ
2852 5161 2962 5232 γὰρ
2981 5160 3046 5214 ἂν
3059 5160 3296 5216 δεδόσθω
3309 5161 3482 5217 ταῦτα
3496 5160 3644 5231 ἔχειν,
3659 5152 3730 5208 καί

2179 5252 2502 5324 διαιρείσθω
2531 5254 2565 5324 ἡ
2603 5252 2777 5326 φθορὰ
2803 5255 2886 5316 είς
2905 5253 3072 5322 ἄρσεν
3103 5253 3197 5308 καὶ
3227 5253 3362 5325 θῆλυ
3387 5271 3400 5287 ·
3430 5253 3542 5308 ἀλλ’
3566 5247 3730 5303 αδύνα-

2185 5364 2276 5401 τον
2298 5365 2311 5380 ·
2344 5348 2447 5401 οὐκ
2474 5347 2583 5416 ἄρα
2612 5346 2689 5409 ὡς
2721 5347 2754 5416 ἡ
2791 5346 3045 5415 γέννησις
3077 5346 3310 5416 προάγει
3348 5345 3439 5400 τὸν
3461 5344 3724 5412 ἄνθρωτωνν

2185 5439 2328 5494 οὔτω
2357 5441 2506 5510 καὶὴ
2541 5438 2720 5510 φθορὴ
2737 5437 2826 5492 διὰ
2859 5439 3169 5509 γεννήσεως
3209 5433 3620 5498 πολυπλασιάζει
3645 5430 3724 5481 αὐ·

2178 5651 2344 5707 quam
2374 5635 2533 5707 bene,
2567 5635 2658 5707 alii
2680 5634 2947 5702 judicent.

2182 5701 2210 5847 ζ
2249 5705 2547 5846 (ἶνυςῖ)¹ξὸ;ιιυ.
2581 5706 2650 5776 ll,
2679 5701 2770 5775 25,
2819 5715 2873 5763 et
2911 5720 3056 5776 saepe
3101 5705 3268 5775 alibi,
3318 5713 3379 5762 ut
3427 5701 3532 5761 dixi
3578 5705 3712 5766 supra

2206 5794 2270 5830 (Συ
2299 5816 2311 5829 ι
2481 5813 2496 5828 ο
