4048 6408
369 392 484 460 781

1479 381 1920 446 REFUTATIO
1977 379 2455 442 MOHAMEDIS.

3544 389 3654 453 782

369 516 502 568 τόν·
559 510 684 566 ἐπεὶ
739 505 938 563 ταυτδν
971 502 1126 558 ἔσται
1156 498 1413 571 γέννησις
1437 499 1532 552 καὶ
1569 496 1770 568 φθορὰ,
1823 498 1964 566 ὅπερ

2079 493 2270 548 minem
2303 491 2576 563 producit,
2601 492 2683 548 sic
2712 493 2876 550 etiam
2911 496 3196 568 corruptio
3225 512 3322 570 per
3343 506 3654 572 generatio-

371 605 684 676 ἀμήχανον.
720 601 782 654 El
805 589 903 654 οὖν
921 596 1064 653 κατά
1089 595 1344 665 γέννησιν
1369 591 1430 644 ού
1461 591 1792 661 προέρχεται
1817 591 1874 643 ἑν
1895 590 1966 659 τῇ

373 696 675 750 ἀναστάσει
697 695 725 747 ὁ
753 690 1064 762 ἄνθρωπος,
1095 686 1216 741 οὐδὲ
1251 685 1351 739 ὅσα
1369 683 1469 754 τῆς
1492 681 1803 753 γεννήσεώς
1823 682 1968 735 ἐστιν

372 787 662 856 ἐνεργήσει
685 799 702 817 ο
749 781 875 836 ἐπεὶ
929 779 1063 851 μηδὲ
1099 777 1305 849 φθοράν
1355 775 1519 830 πάλιν
1557 770 1802 836 ἐλπίζει·
1834 773 1884 824 εί
1913 770 1970 825 δὲ

369 880 478 933 ὅσα
504 878 604 948 τῆς
640 873 949 946 γεννήσεώς
978 873 1128 926 ἐστιν
1150 871 1254 924 οὐκ
1291 867 1522 940 ἐνεργεῖ,
1555 865 1699 928 τίνος
1723 863 1910 918 ἕνεκεν
1932 865 1966 935 ή

371 968 469 1024 τοῦ
505 969 737 1042 ἀρρενος
772 966 865 1021 καὶ
916 965 1017 1036 τῆς
1079 961 1302 1032 θηλείας
1363 958 1506 1014 κατά
1569 955 1970 1026 συνουσιασμόν

377 1061 564 1132 μίξις;
595 1059 783 1123 τέλους
831 1057 943 1128 γὰρ
994 1056 1069 1128 μὴ
1100 1053 1488 1126 προκειμένου,
1536 1050 1823 1121 ἀποίχεται
1874 1048 1971 1102 καὶ

375 1153 605 1217 σκοπός.
664 1151 726 1205 Εἰ
778 1150 838 1204 δὲ
891 1147 1122 1219 οὐδεμία
1148 1145 1308 1219 χρεία
1339 1145 1568 1217 ἀρρενος
1623 1143 1718 1198 καὶ
1745 1139 1969 1213 θηλείας

379 1242 584 1314 μίξεως
614 1242 754 1312 μετά
786 1238 888 1309 τὴν
915 1239 1237 1304 ἀνάστασιν,
1286 1235 1338 1288 τί
1369 1235 1512 1288 είποι
1544 1233 1639 1288 καὶ
1665 1232 1720 1287 τί
1753 1231 1970 1302 ποιήσει

372 1334 407 1386 ό
444 1330 774 1403 καμηλώδης
798 1328 1068 1401 Μωάμετ,
1094 1330 1174 1390 είς
1194 1327 1432 1399 ἄρρενας
1457 1326 1550 1379 καὶ
1578 1323 1801 1397 θηλείας
1827 1323 1970 1377 διαι-

379 1425 640 1495 ρεθέντας
671 1418 1166 1495 ¹ιὀἰιςθιίινθριῖιτιους
1203 1417 1348 1474 κατά
1384 1417 1646 1486 συζυγίας
1695 1417 1756 1470 ὲν
1788 1431 1966 1486 παρα-

373 1517 543 1588 δείσῳ
574 1514 884 1570 διαιτᾶσθαι
910 1511 1185 1579 κελεύων;
1223 1511 1271 1564 εί
1307 1511 1365 1565 δέ
1414 1527 1498 1574 τις
1540 1507 1838 1580 προσάλλει
1870 1507 1971 1579 τὴν

375 1612 447 1665 ἐκ
470 1610 575 1681 γῆς
596 1610 693 1664 τού
730 1609 904 1678 Ἀδάμ
930 1607 1152 1673 πλάσιν,
1185 1607 1280 1660 καὶ
1309 1606 1400 1660 τὸν
1426 1605 1563 1676 μετά
1586 1603 1758 1658 ταῦτα
1785 1603 1967 1668 τόκον,

380 1701 517 1755 ἵστω
546 1701 628 1754 ὅτι
664 1702 780 1753 ἐκεῖ
810 1701 909 1769 μὲν
929 1698 1025 1752 τοῦ
1061 1697 1136 1769 μὴ
1169 1697 1324 1760 ὄντος
1361 1698 1441 1760 είς
1473 1697 1534 1749 τὸ
1562 1689 1704 1748 εἶναι
1731 1689 1800 1766 ἦν
1830 1694 1969 1765 πρό-

375 1793 519 1858 οδος,
548 1793 644 1847 καὶ
677 1791 766 1845 διὰ
792 1791 854 1844 τὸ
882 1791 1190 1863 τηρηθῆναι
1229 1789 1290 1842 τδ
1319 1787 1657 1860 ἀνθρώπειον
1696 1787 1854 1856 γένος
1881 1785 1970 1840 διά

2072 601 2195 642 nem
2221 599 2347 640 eum
2373 585 2728 656 multiplicat.
2747 587 3006 659 Alioquin
3033 589 3176 645 idem
3200 605 3347 649 esset
3373 601 3655 666 generatio

2068 686 2124 733 et
2151 677 2470 746 corruptio;
2501 677 2648 748 quod
2705 687 2790 741 est
2838 679 3200 750 impossibile.
3245 683 3304 739 Si
3337 702 3466 758 ergo
3509 691 3655 748 haud

2069 769 2424 839 generatione
2482 771 2808 840 producitur
2842 773 2896 827 in
2933 779 3339 833 resurrectione
3387 783 3570 850 homo,
3610 787 3658 841 is

2071 876 2140 918 ne
2165 861 2258 918 illa
2286 863 2508 934 quidem
2543 877 2732 933 postea
2767 868 3086 936 operabitur
3112 884 3236 939 qua:
3265 883 3391 928 sunt
3437 878 3656 946 propria

2069 954 2480 1024 generationis;
2516 970 2642 1010 nam
2684 972 2864 1028 neque
2891 961 3310 1030 corruptionem
3343 964 3525 1020 denuo
3560 984 3658 1022 ex-

2069 1059 2301 1122 spectat.
2333 1048 2390 1103 Si
2421 1063 2550 1118 ergo
2581 1063 2704 1118 quae
2735 1057 2864 1104 sunt
2895 1051 3268 1121 generationis
3302 1055 3522 1123 prapria
3543 1058 3658 1126 jam

2071 1155 2180 1198 non
2209 1142 2340 1210 agit,
2374 1155 2475 1195 cur
2499 1140 2613 1210 jam
2647 1140 2878 1195 masculi
2914 1155 2978 1197 ac
3031 1141 3250 1198 femina:
3277 1161 3375 1215 per
3400 1148 3662 1203 concubi-

2067 1246 2186 1290 tum
2217 1233 2402 1289 mistio
2433 1231 2564 1288 ﬁat?
2585 1231 2720 1287 Nam
2755 1233 2860 1289 (ine
2902 1249 3008 1288 non
3037 1238 3338 1306 proposito,
3376 1231 3464 1293 rei
3483 1255 3663 1310 perse-

2069 1327 2219 1383 cutio
2272 1325 2495 1382 desiuit.
2539 1323 2695 1392 Quod
2728 1325 2775 1380 si
2803 1327 2986 1382 nullus
3013 1325 3125 1396 jam
3164 1339 3300 1385 usus
3322 1331 3426 1386 erit
3452 1331 3658 1388 concu-

2069 1419 2222 1475 bitus
2286 1417 2518 1473 masculi
2577 1431 2645 1473 ac
2702 1417 2922 1473 femina:
2968 1429 3090 1490 post
3146 1423 3659 1490 ressurrcctionem,

2069 1507 2202 1580 quid
2251 1506 2386 1563 dicit
2434 1517 2530 1562 aut
2577 1507 2708 1579 quid
2738 1507 2870 1564 facit
2911 1511 3243 1568 camelarius
3287 1512 3658 1580 Mohamedes,

2070 1602 2200 1656 dum
2249 1600 2304 1654 in
2339 1601 2616 1657 masculos
2669 1616 2733 1656 ac
2791 1601 3025 1658 feminas
3073 1605 3365 1662 distinctos
3409 1608 3661 1662 homines

2072 1690 2390 1747 conditione
2437 1689 2713 1760 coniugali
2771 1691 2954 1746 vivere
3012 1693 3066 1746 in
3127 1695 3384 1763 paradiso
3431 1698 3662 1751 statuit?

2071 1782 2228 1850 Quod
2255 1782 2302 1838 si
2342 1781 2470 1852 quis
2517 1781 2744 1852 objielat
2784 1783 2979 1836 Adami
3014 1799 3082 1838 es
3120 1784 3344 1854 pulvere
3375 1785 3660 1842 formatio-

375 1883 479 1955 τὴν
515 1883 815 1938 ἔκπτωσιν.
852 1878 984 1937 Ὦδέ
1009 1899 1073 1949 γε
1103 1882 1211 1953 μὴν
1236 1881 1396 1952 χρεία
1436 1879 1530 1933 τοῦ
1564 1878 1781 1951 πρώτου
1812 1879 1974 1932 οὐδα-

2081 1891 2225 1938 nem,
2260 1885 2313 1930 et
2345 1881 2534 1944 postea
2569 1875 2999 1945 generationem,
3025 1875 3111 1929 hic
3144 1877 3280 1930 sciat
3331 1888 3459 1933 tunc
3489 1879 3661 1934 fuisse

377 1975 620 2046 μῶς,ὄτι
651 1973 746 2028 καὶ
771 1973 911 2045 ὑπὲρ
941 1973 1002 2027 τὸ
1039 1972 1261 2046 πρῶτον
1281 1988 1296 2003 ⁸
1331 1971 1537 2042 φθορᾶς
1570 1971 1702 2042 γὰρ,
1739 1970 1833 2023 καὶ
1861 1969 1969 2028 τῶν

2071 1983 2104 2024 a
2145 1983 2255 2023 non
2283 1968 2583 2023 exsistente
2627 1969 2694 2024 ad
2729 1968 3105 2024 exsistcutiam
3147 1969 3463 2037 transitum,
3498 1983 3662 2042 atque

373 2069 480 2136 τῆς
509 2065 714 2135 φθορᾶς
741 2065 932 2118 αίτίων
955 2063 1146 2118 παθῶν
1175 2061 1468 2131 ἀπαλλαγή
1501 2064 1648 2115 ὲστιν
1679 2060 1971 2132 ὴὰνάστα-

2079 2071 2133 2116 ιιι
2184 2071 2606 2116 conservaretur
2645 2071 2768 2132 post
2821 2063 3035 2132 lapsum
3093 2078 3268 2133 genus
3335 2064 3660 2120 humanum.

379 2173 490 2221 σις,
524 2157 642 2225 ἤτοι
685 2155 1012 2223 άνάπλασις,
1056 2154 1174 2210 ἀλλ’
1222 2155 1342 2225 οὐχὶ
1367 2153 1623 2223 γέννησις
1674 2154 1769 2206 καὶ
1821 2153 1968 2224 πάθη

2079 2152 2228 2208 Nunc
2257 2161 2439 2210 autem
2467 2153 2620 2209 nulla
2656 2164 2742 2211 est
2789 2156 3090 2210 necessitas
3136 2156 3338 2224 prioris
3387 2157 3488 2221 rei,
3531 2159 3662 2227 quia

374 2248 710 2319 γεννήσεως,
742 2247 948 2318 φθορᾶς
969 2245 1359 2319 προηγούμενα
1384 2241 1467 2310 οἷς
1488 2244 1626 2316 αὐτὴ
1652 2245 1969 2314 ἀναγκαίως

2079 2258 2314 2313 praesens
2360 2251 2537 2298 status
2569 2245 2802 2314 priorem
2849 2254 3072 2316 superat
3110 2246 3355 2316 :quippe
3401 2247 3528 2317 quia
3577 2264 3645 2303 CI

373 2339 593 2410 ἕψεται.

2072 2337 2412 2406 ruptionem,
2460 2345 2516 2392 et
2548 2337 2919 2406 corruptionis
2959 2354 3183 2393 causam
3221 2342 3529 2410 passiones,
3572 2359 3663 2398 re-

375 2433 651 2490 surrectio
683 2433 948 2501 destruit;
984 2448 1107 2505 qua:
1123 2430 1342 2502 quidem
1375 2429 1702 2507 reformatio.
1726 2438 1831 2494 est,
1860 2445 1969 2486 non
2008 2438 2193 2485 tamen
2252 2431 2552 2499 generatio,
2595 2445 2774 2500 neque
2833 2431 3206 2502 generationis
3272 2435 3479 2504 passio,
3539 2452 3662 2507 qua

374 2527 724 2598 corruptioni
757 2537 1025 2599 praeeunt,
1053 2537 1108 2582 et
1135 2542 1274 2598 quas
1298 2527 1416 2596 ipsa
1457 2527 1743 2596 corruptio
1791 2526 2110 2582 necessario
2137 2527 2515 2597 subsequitur.

374 2622 511 2678 ΚΗ.
536 2625 695 2692 Πρὸς
723 2623 1044 2694 torquato;
1064 2622 1311 2694 ἀμαθῶς,
1329 2621 1450 2694 ἅμα
1478 2623 1576 2677 καὶ
1608 2620 1842 2690 ἀσεϐῶς
1869 2623 1972 2677 λέ-

452 2689 635 2765 γοντα
668 2689 915 2765 θηλείας
967 2689 1123 2765 εἶναι
1167 2689 1506 2765 ᾀγτξέλὸυς,
1573 2694 1691 2765 καί-
1715 2689 1974 2765 ταύταις

451 2761 778 2819 ὸύνελθεῒν
805 2761 948 2829 τοὺς
965 2763 1066 2816 ἐπὶ
1097 2761 1228 2819 Νῶέ
1255 2761 1612 2832 ἀνθρώπους
1647 2763 1782 2834 (9i).

452 2857 562 2920 κζ’.
586 2854 771 2909 Πάντα
798 2855 868 2910 τά
893 2856 954 2920 ἐξ
989 2855 1309 2928 ἑτεροειδῶν
1347 2856 1491 2910 κατὰ
1523 2857 1780 2927 γέννησιν
1805 2853 1972 2924 ἀλλή-

374 2948 496 3011 λοις
524 2947 843 3018 συνιόντα,ἢ
870 2946 1004 3002 ἄλλο
1027 2965 1082 3000 τι
1102 2947 1279 3018 πάντη
1310 2948 1461 3020 παρὰ
1477 2947 1546 3002 τά
1570 2946 1629 3013 ἐξ
1647 2941 1722 3001 ὧν
1744 2947 1970 3018 προεληο

373 3039 556 3105 λύθει,
589 3039 622 3112 ἢ
650 3039 726 3110 πῆ
769 3039 871 3112 μὲν
917 3039 1099 3094 αὐτῶν
1129 3041 1371 3111 μετέχει,
1418 3042 1495 3112 πῆ
1530 3039 1587 3094 δὲ
1613 3039 1708 3094 καὶ
1732 3039 1972 3110 διενηνο-

376 3133 516 3203 χότα
552 3131 766 3202 πρόεισι
791 3147 806 3163 ·
836 3131 933 3185 καὶ
961 3130 996 3203 ἢ
1025 3129 1260 3202 κρείττω
1279 3129 1428 3186 ἐστὶν
1459 3131 1572 3184 τῶν
1600 3131 1970 3202 προαγόντων,

375 3221 418 3292 ἢ
443 3221 631 3293 χείρω.
655 3221 718 3275 El
744 3221 840 3276 οὖν
866 3225 932 3276 ἐκ
955 3221 1198 3288 συνόδου,
1217 3223 1293 3285 ὡς
1323 3219 1677 3294 τερατεύεται
1700 3221 1972 3292 Μωάμετ,

376 3313 690 3387 ἀνθρώπων
721 3316 814 3371 καὶ
842 3315 1092 3385 ἀγγέλων
1123 3314 1434 3387 προήρχετό
1460 3329 1586 3370 τινα
1627 3315 1968 3385 γεννήματα,

2071 2622 2235 2697 XXII.
2269 2624 2529 2678 Aduersus
2565 2624 2804 2697 eumdem
2833 2624 3143 2697 insipienter
3182 2626 3344 2680 simul
3394 2635 3445 2680 et
3503 2627 3663 2697 impie

2141 2694 2400 2764 dicentem
2441 2695 2656 2764 angelos
2678 2711 2789 2748 esse
2817 2695 3066 2764 feminas,
3107 2705 3156 2749 et
3213 2713 3334 2750 cum
3355 2698 3436 2750 Itis
3467 2694 3664 2752 concu-

2141 2765 2312 2819 buisse
2336 2762 2453 2818 Noe
2480 2762 2801 2832 témporibus
2819 2762 3087 2819 homines.

2139 2855 2227 2911 87.
2285 2853 2638 2926 Quaecunque.
2683 2871 2748 2911 ex
2797 2855 3175 2926 heterogencis
3225 2873 3322 2928 per
3356 2861 3666 2931 generatio-

2069 2958 2192 3003 nem
2224 2948 2455 3003 invicem
2491 2949 2846 3014 conveniunt,
2885 2949 2971 3004 vel
3014 2950 3294 3006 diversum
3355 2952 3484 3022 quid
3532 2969 3663 3007 eva-

2075 3039 2214 3094 dunt
2262 3040 2330 3093 ab
2374 3038 2482 3094 illis
2534 3039 2679 3094 unde
2737 3040 3089 3110 procedunt,
3144 3043 3229 3096 vel
3284 3045 3477 3111 partim
3539 3044 3666 3099 inde

2074 3131 2422 3202 participant,
2447 3133 2646 3201 partim
2664 3131 2952 3188 dissimilia
2982 3132 3320 3204 procedunt;
3346 3146 3398 3190 et
3427 3137 3509 3192 vel
3535 3150 3667 3194 sunt

2077 3223 2304 3281 meliora
2339 3223 2642 3280 {acteribus
2675 3224 2792 3280 suis
2836 3225 2918 3279 vel
2964 3225 3261 3281 deteriora.
3299 3228 3357 3283 Si
3412 3245 3543 3301 ergo
3597 3248 3664 3286 ex

2076 3318 2292 3388 copula,
2322 3317 2853 3386 utmonstrosedicit
2878 3316 3246 3386 Mohamedes,
3291 3322 3573 3378 hominum
3611 3334 3668 3379 et

377 3405 419 3477 ἢ
439 3405 568 3461 ἀλλο
598 3423 652 3460 τι
684 3407 905 3472 πάντως
939 3406 1071 3478 παρ’
1103 3408 1343 3480 ἑκάτερα
1380 3407 1488 3460 ἔδει
1509 3402 1650 3461 εἶναι
1668 3421 1681 3437 ο
1710 3408 1805 3460 καὶ
1832 3406 1974 3460 ἔστω

2079 3408 2395 3478 angelorum
2427 3407 2692 3480 geniturae
2714 3407 2910 3477 aliquae
2934 3408 3158 3476 ﬁerent;
3185 3425 3270 3464 res
3311 3420 3437 3466 nata
3482 3413 3564 3468 vel
3585 3414 3672 3468 di-

375 3502 445 3554 τό
462 3500 781 3570 τικτόμενον
811 3500 871 3566 ἐξ
891 3501 1071 3555 αὐτῶν
1095 3498 1218 3554 οὔτε
1253 3500 1482 3570 ἅγγελος
1511 3498 1636 3554 οὔτε
1662 3501 1970 3572 ἄνθρωπος,

375 3591 665 3644 τουτέστιν
693 3589 816 3646 οὔτε
844 3591 1040 3661 θνητὸν
1063 3590 1188 3646 οὔτε
1221 3591 1511 3658 ἀθάνατον,
1546 3591 1671 3649 οὔτε
1702 3592 1974 3664 σαρκοφό-

381 3699 485 3752 ρον
505 3681 628 3736 οὔτε
651 3682 964 3753 ἀσώματον,
980 3683 1172 3755 ὥσπερ
1203 3684 1450 3754 ἡμίονος,
1471 3683 1594 3738 οὔτε
1617 3702 1974 3756 χρεμετιστι-

379 3774 485 3828 κόν
507 3775 674 3842 ἐστιν,
712 3773 838 3828 οὔτε
881 3775 1297 3846 όγκηθμητικόν
1319 3791 1332 3805 ·
1366 3776 1481 3830 ἀλλ’
1503 3777 1625 3830 οὐδὲ
1651 3779 1816 3846 μέσον
1848 3778 1976 3848 θνη-

378 3863 482 3919 τοῦ
507 3865 599 3918 καὶ
647 3865 946 3933 ἀθανάτου,
1005 3867 1128 3922 οὐδὲ
1161 3867 1351 3922 ὲνύλου
1389 3869 1486 3923 καὶ
1541 3869 1740 3923 ἁΰλου·
1793 3871 1844 3924 οἱ
1864 3871 1974 3942 γάρ

380 3955 640 4026 γίγαντες
678 3959 776 4013 καὶ
803 3959 1122 4026 ἐτελεύτων,
1151 3961 1247 4014 καὶ
1271 3959 1448 4015 ἑνυλοι
1478 3961 1726 4033 ὑπῆρχον
1764 3961 1975 4034 ἄνθρω-

385 4065 504 4105 ποι.
536 4052 652 4106 Οὐκ
670 4052 782 4124 ἄρα
802 4053 943 4109 κατὰ
964 4055 1222 4125 γέννησιν
1244 4054 1455 4125 ἀνδρῶν
1478 4055 1735 4124 ἀγγέλοις
1763 4056 1974 4110 συνιόν-

383 4161 521 4211 των,
550 4145 678 4200 ἄλλο
707 4162 760 4200 τι
793 4147 1040 4201 ἐτίκτετο
1077 4148 1111 4219 ἡ
1159 4149 1276 4204 ἐστι
1303 4149 1374 4203 τά
1401 4151 1731 4218 τικτόμενα,
1766 4150 1846 4220 πῆ
1876 4151 1979 4220 μὲν

387 4233 503 4290 τῶν
531 4234 826 4290 τικτόντων
859 4237 1179 4307 μετέχοντα,
1210 4240 1284 4310 πῆ
1306 4237 1362 4292 δὲ
1381 4237 1784 4302 διαλλάττοντα.
1820 4241 1977 4294 Διαλα

389 4323 632 4379 λαττέτω
650 4325 743 4383 οὖν
760 4327 902 4382 κατὰ
914 4327 974 4381 τὸ
996 4328 1189 4398 θνητὸν
1204 4328 1298 4390 τοῦ
1318 4329 1632 4400 ἀνθρώπω,
1649 4331 1682 4402 ἢ
1701 4333 1977 4402 μετεχέτω

390 4415 535 4472 κατά
565 4416 626 4470 τὸ
657 4416 874 4473 ἔνυλονο
925 4419 1291 4473 διαλλαττέτω
1337 4421 1501 4475 πάλιν
1554 4422 1790 4491 ἀγγέλου
1831 4425 1977 4478 κατά

389 4507 453 4560 τὸ
478 4505 768 4575 ἀθάνατον,
811 4509 907 4563 καὶ
937 4509 1217 4580 μετεχέτω
1257 4510 1398 4564 κατά
1425 4510 1488 4564 τὸ
1515 4509 1808 4582 ἀσώματον
1833 4527 1848 4541 ⁸
1881 4514 1977 4567 καὶ

391 4599 534 4654 ἔστω
558 4600 770 4672 θνητὸν,
795 4602 1063 4658 ἀθάνατον
1080 4619 1094 4634 ο
1129 4602 1223 4656 καὶ
1247 4602 1454 4669 ένυλον,
1475 4604 1796 4675 ἀσώματονο
1837 4606 1978 4661 ἀλλά

387 4692 653 4748 ἀδύνατον
685 4710 698 4726 ·
732 4695 911 4750 ἔνυλοι
959 4696 1072 4767 γὰρ
1112 4695 1290 4766 μόνως
1319 4697 1414 4750 καὶ
1461 4696 1650 4767 θνητοὶ
1697 4699 1976 4769 ἄνθρωποι

393 4787 572 4858 μόνως
592 4783 731 4860 ἦσαν
755 4789 809 4842 οί
837 4789 1096 4858 γίγαντες
1117 4805 1134 4821 ο
1175 4789 1277 4844 οὐκ
1322 4790 1433 4861 ἀρα
1475 4790 1690 4861 ἀνδρῶν
1721 4792 1977 4860 ἀγγέλοις
2012 4773 2056 4830 D

391 4879 707 4947 συνιόντων,
733 4879 811 4949 πῆ
836 4880 938 4952 μὲν
969 4879 1039 4934 τὰ
1068 4882 1365 4952 τικτόμενα
1390 4883 1595 4938 τούτων
1623 4887 1864 4955 μετεῖχε,
1899 4886 1975 4956 πῆ

389 4971 451 5031 δὲ
480 4971 825 5043 διήλλαττεν·
859 4971 996 5027 ἀλλὰ
1015 4972 1308 5039 δέδεικται,
1335 4973 1419 5027 ὅτι
1444 4973 1732 5045 οὐδέτερόν
1749 4991 1801 5028 τι
1826 4975 1978 5046 παρὰ

389 5065 591 5120 ταῦτα.
649 5066 766 5119 υύκ
816 5065 925 5135 ἀρα
957 5066 1038 5136 ιέκ
1065 5065 1297 5120 συνόδων
1341 5065 1554 5135 ἀνδρῶν
1587 5066 1682 5121 καὶ
1727 5067 1982 5136 ἀγγέλων

388 5157 619 5211 δυνατόν
663 5174 718 5213 τι
774 5156 1066 5228 τεχθῆναι·
1102 5157 1186 5210 ὄτι
1225 5156 1362 5229 μηδὲ
1408 5157 1559 5228 παρὰ
1590 5157 1662 5211 τὰ
1708 5160 1981 5230 εἰρημένα

389 5249 652 5322 τεχθῆναί
681 5269 738 5304 τι
764 5251 990 5306 δύναται
1038 5249 1100 5316 ἐξ
1120 5250 1438 5322 έτεροειδῶν
1462 5265 1476 5279 ⁶
1516 5251 1631 5306 ἀλλ’
1665 5253 1786 5306 οὐδὲ
1822 5253 1986 5321 φύσιν

392 5341 511 5412 ἔχει
543 5342 606 5395 τὸ
628 5343 883 5412 πρᾶγμα.
927 5343 988 5396 ΕΞ
1018 5343 1126 5410 γὰρ
1173 5342 1268 5394 καὶ
1299 5340 1450 5411 δοθῇ,
1500 5341 1639 5412 ὅπερ
1675 5342 1982 5413 ἀμήχανον,

394 5433 556 5506 ἀνδρὶ
586 5435 946 5504 συγγενέσθαι
984 5434 1237 5504 ἀγγέλῳ,
1277 5433 1336 5486 ὲν
1381 5433 1511 5505 ποίᾳ
1549 5435 1736 5505 μήτρᾳ
1775 5435 1988 5501 συνέξει

394 5526 497 5581 καὶ
536 5526 747 5590 ζωώσει
777 5527 837 5582 τὸ
866 5511 1162 5599 ἀσώματον
1219 5527 1282 5582 τὸ
1318 5528 1513 5598 σῶμα;
1565 5527 1694 5598 ποίᾳ
1725 5527 1782 5581 δὲ
1825 5529 1989 5600 ὁμοίᾳ

2077 3509 2232 3552 versa
2255 3512 2482 3567 prorsus
2500 3511 2530 3552 a
2553 3497 2800 3568 pariente
2823 3497 2994 3564 ﬁeret,
3020 3508 3189 3567 atque
3209 3500 3285 3555 ita
3318 3516 3419 3556 nec
3445 3505 3669 3574 angelus

2077 3597 2222 3646 esset
2240 3589 2516 3644 ncchomo
2534 3606 2550 3656 ;
2566 3589 2618 3643 id
2634 3598 2736 3656 est,
2764 3604 2942 3660 neque
2967 3591 3214 3646 mortalis
3232 3607 3408 3664 neque
3441 3595 3668 3651 immor-

2077 3681 2227 3746 talis,
2249 3695 2427 3752 neque
2450 3680 2687 3736 carnalis
2713 3694 2888 3750 neque
2913 3681 3304 3750 incorporalis;
3329 3685 3458 3740 muli
3475 3687 3665 3755 instar,

2077 3773 2170 3843 qui
2194 3789 2370 3843 neque
2392 3773 2672 3829 hinniendi
2695 3788 2875 3844 neque
2899 3774 3128 3830 rudendi
3151 3774 3462 3833 facultatem
3485 3779 3667 3838 habet.

2077 3865 2183 3921 Sed
2241 3877 2420 3936 neque
2449 3877 2539 3922 res
2578 3865 2755 3921 media
2793 3875 2939 3922 esset
2978 3867 3120 3922 inter
3172 3871 3460 3924 mortalem
3488 3879 3544 3926 et
3566 3872 3669 3928 im-

2077 3957 2384 4026 mortalem,
2402 3968 2456 4013 et
2477 3959 2618 4014 inter
2635 3958 2976 4013 materialem
2997 3968 3051 4015 et
3074 3958 3506 4018 immaterialem.
3527 3964 3665 4020 Nam

2078 4049 2327 4120 gigantes
2346 4057 2495 4106 certe
2512 4057 2568 4104 et
2587 4050 2792 4104 mortui
2825 4059 2976 4112 sunt,
3001 4060 3056 4106 et
3087 4053 3399 4110 materiales
3418 4054 3670 4112 homines

2077 4141 2320 4200 fuerunt.
2347 4139 2467 4195 Non
2516 4141 2701 4210 itaque
2720 4155 2786 4196 ex
2834 4140 2968 4198 viris
3018 4143 3335 4215 angelisque
3372 4150 3670 4215 generandi

2078 4249 2244 4291 causa
2302 4235 2662 4301 coeuntibus,
2703 4234 2945 4304 genitum
2989 4237 3286 4306 quidquam
3338 4238 3532 4296 fuisset
3583 4241 3672 4296 di-

2077 4338 2295 4379 versum
2327 4340 2360 4379 a
2382 4323 2749 4394 gignentibus,
2783 4324 2930 4393 quod
2982 4326 3182 4394 partim
3211 4327 3434 4383 eosdem
3489 4331 3664 4398 parti-

2077 4415 2305 4485 ciparet,
2333 4417 2529 4486 partim
2560 4416 2918 4486 discreparet.
2951 4417 3080 4473 Esto
3108 4417 3274 4487 igitur
3303 4420 3432 4474 illud
3464 4421 3669 4477 discre-

2078 4523 2216 4579 pans
2237 4509 2308 4565 ab
2335 4509 2556 4566 homine
2578 4549 2594 4574 ,
2629 4517 2902 4580 quateiius
2944 4511 3034 4566 hic
3068 4521 3155 4568 est
3216 4513 3466 4570 mortalis
3502 4530 3672 4580 ;eun-

2079 4609 2241 4669 gruat
2273 4610 2479 4664 autem,
2513 4613 2788 4672 quatenus
2845 4603 2988 4659 idem
3031 4615 3118 4660 est
3162 4607 3482 4662 materialis.
3538 4608 3671 4664 Esto

2079 4693 2198 4748 vice
2227 4705 2384 4750 versa
2420 4694 2740 4764 discrepans
2769 4697 2840 4751 ah
2872 4698 3086 4769 angelo,
3121 4709 3396 4769 quatenus
3455 4701 3545 4756 hic
3585 4711 3675 4757 est

2086 4785 2452 4853 immortalis;
2495 4797 2767 4858 congruat
2801 4799 2984 4844 autem
3011 4831 3026 4856 ,
3085 4801 3358 4860 quatenus
3393 4793 3533 4848 idem
3587 4805 3674 4850 est

2085 4877 2464 4947 incorporeus.
2527 4879 2706 4950 Atque
2760 4881 2834 4934 ita
2897 4883 3152 4948 mortale,
3196 4885 3268 4938 sit
3319 4883 3671 4950 immortale;

2086 4972 2390 5035 materiale,
2421 4973 2492 5026 sit
2520 4972 2895 5041 incorporeum
2926 4990 2942 5040 ;
2987 4975 3142 5044 quod
3170 4983 3257 5032 est
3306 4978 3665 5048 impossibile.

2087 5060 2224 5118 Nam
2255 5063 2502 5134 gigantes
2550 5065 2686 5119 nihil
2747 5066 2898 5121 aliud
2932 5065 3156 5123 fuerunt
3207 5084 3374 5139 quam
3411 5069 3672 5126 materia-

2088 5155 2168 5212 les
2200 5157 2568 5224 mortalesque
2595 5159 2870 5215 homines.
2900 5159 3017 5216 Non
3043 5176 3177 5232 ergo
3223 5176 3292 5217 ex
3325 5162 3568 5218 virorum
3619 5173 3675 5218 et

2088 5250 2408 5321 angelorum
2441 5251 2734 5306 concubitu
2763 5252 3062 5323 quidquam
3085 5255 3229 5326 gigni
3261 5264 3440 5326 potest
3469 5273 3484 5322 ;
3519 5255 3670 5325 quia,

2088 5351 2288 5414 prater
2332 5343 2502 5408 dicta,
2533 5343 2671 5399 nihil
2722 5359 2788 5400 ex
2839 5346 3221 5418 heterogeneis
3267 5348 3414 5417 gigni
3471 5359 3669 5416 potest.

2089 5434 2279 5506 Neque
2309 5435 2451 5491 hanc
2479 5444 2674 5492 natura
2718 5452 2834 5494 rem
2864 5439 3088 5507 patitur.
3123 5437 3256 5492 Nam
3287 5441 3331 5494 si
3362 5439 3502 5493 forte
3541 5453 3677 5494 con-

2093 5529 2338 5596 cedatur,
2387 5530 2441 5585 id
2492 5531 2638 5600 quod
2697 5531 2811 5586 ﬁeri
2852 5531 3065 5602 nequit,
3125 5532 3244 5586 viro
3299 5547 3425 5587 cum
3477 5531 3675 5604 angelo

479 5709 595 5838 φι)
621 5709 794 5781 Negat
821 5713 1123 5794 huncesse
1164 5709 1690 5800 Mohaniedanorum
1741 5726 1991 5766 errorem
2102 5709 2598 5796 Recole.col._765
2638 5727 2762 5768 cum
2801 5709 3068 5794 aduJam
3104 5725 3226 5782 quae
3252 5713 3580 5798 Euthymius
3620 5713 3674 5768 in

479 5802 485 5835 ε
514 5785 691 5836 οηιιυε
718 5798 806 5838 on.
835 5793 926 5838 cn.
955 5783 1050 5838 hb.
1087 5798 1146 5838 ιι.
1177 5785 1265 5838 lo.
1296 5783 1686 5838 contendituue
1717 5783 1895 5838 locum
1922 5797 1988 5835 cx
2099 5781 2362 5838 Peneum
2379 5785 2532 5838 dicit.
2563 5798 2630 5838 ea
2663 5799 2730 5838 ex
2761 5791 2954 5838 nostro
2978 5782 3170 5838 Hiceta
3201 5785 3403 5838 haunt.

397 5783 691 5838 Relamlus
718 5798 806 5850 op.
835 5784 926 5838 cit.
955 5783 1050 5838 lib.
1087 5798 1146 5849 ιι,
1177 5783 1265 5846 l5,
1296 5783 1686 5850 coutenditque
1717 5783 1895 5838 locum
1922 5797 1988 5835 ex

396 5853 548 5910 Sura
591 5851 1015 5924 XXXVII,150,
1048 5854 1389 5910 contrarium
1431 5853 1615 5924 potius
1655 5852 1982 5924 significare.

2099 5781 2362 5853 Panoptia
2379 5783 2532 5852 dicit,
2563 5798 2630 5840 ea
2663 5799 2730 5840 ex
2761 5791 2954 5840 nostro
2978 5781 3170 5842 Hiceta
3201 5781 3403 5842 haurit.
