4048 6404
521 372 621 437 783

1785 367 1835 425 N
1847 365 1861 425 I
1873 365 2079 426 CET/E

2185 363 2550 424 :YZANTINI
3663 378 3754 443 m

517 489 684 545 coire,
726 493 961 550 quanam
1006 479 1057 534 in
1119 479 1278 534 vulva
1321 480 1676 551 incorporeus
1731 481 2005 551 concipiet
2042 490 2083 536 el

2203 479 2300 532 καὶ
2327 477 2652 550 καταλλήλῳ
2692 478 2790 550 ὕλῃ
2822 478 3050 551 αὐξήσει
3079 481 3171 535 τὸν
3205 481 3404 550 δγκον;
3451 484 3561 551 πῶς
3587 488 3639 542 δὲ
3678 495 3756 547 καὶ

515 572 808 629 viviticabit
843 585 1046 638 corpus
1105 570 1375 640 aliquod?
1437 585 1676 641 quanam
1744 569 1909 625 simili
1963 584 2102 622 con-

511 681 756 737 gruaque
785 665 1014 717 materia
1033 663 1254 734 augebit
1283 663 1532 733 concepti
1566 663 1761 716 molem
1782 662 1805 714 ?
1825 641 2104 732 quomodo

511 761 564 815 in
599 767 757 811 utero
796 755 1151 811 circumferet
1180 755 1501 825 ?quomodo
1527 754 1750 808 lactabit
1776 754 1799 807 Ἰ
1827 754 2104 820 quomodo

511 849 801 902 nutritivos
832 847 1095 903 humores
1123 862 1315 918 sugere
1348 846 1511 901 solito
1549 845 1778 899 animali
1842 844 2104 914 suppedi-

509 941 641 993 tabit
667 940 961 1010 exsanguis
981 949 1035 994 et
1066 937 1440 993 immaterialis
1473 935 1709 991 natura?
1742 937 1885 1006 Ergo
1937 952 2104 1007 ange-

509 1033 593 1086 ‘us
627 1048 689 1087 ex
725 1033 838 1086 viro
877 1047 984 1086 non
1042 1030 1333 1100 concipiet.
1379 1029 1484 1084 Sed
1525 1044 1704 1099 neque
1755 1029 1870 1084 ﬁeri
1924 1037 2103 1098 potest

393 1140 400 1144 ·
507 1134 567 1178 ιιι
594 1124 674 1178 vir
705 1125 770 1178 ad
799 1123 973 1191 angeli
1016 1122 1370 1178 concubitum
1403 1121 1586 1176 veniat
1613 1139 1625 1175 :
1663 1120 1873 1191 quippe
1915 1121 2100 1174 homi-

506 1230 635 1269 num
703 1213 963 1282 tangihile
1015 1227 1218 1282 corpus
1271 1219 1392 1274 est,
1448 1209 1791 1280 intangibilis
1844 1209 2092 1280 angelus.

506 1305 660 1373 Quod
689 1314 869 1360 autem
907 1304 1010 1359 sub
1064 1312 1270 1359 tactqu
1328 1317 1438 1358 non
1475 1302 1643 1365 cadit,
1700 1302 1878 1357 eidem
1929 1302 2095 1357 homo

507 1414 612 1452 non
644 1397 1032 1458 communicat,
1061 1394 1182 1450 Jam
1220 1395 1267 1450 si
1299 1395 1528 1464 angelus
1563 1393 1632 1448 ad
1663 1408 1786 1449 eam
1839 1408 2090 1448 commu-

503 1491 718 1544 nionem
747 1488 886 1544 trahi
924 1488 1133 1556 nequit,
1166 1502 1234 1542 ne
1267 1487 1370 1542 viri
1410 1487 1634 1557 quidem
1670 1485 1881 1556 copulae
1921 1484 2093 1541 obno-

2205 570 2549 641 ὲγγαστρίως
2583 570 2836 641 περιάξει
2874 588 2889 637 ;
2957 571 3072 635 πῶς
3126 573 3182 626 δὲ
3226 574 3322 626 καὶ
3360 575 3670 650 γαλουχήσει
3710 585 3759 638 τδ

2204 663 2414 732 χυμοὺς
2447 661 2777 732 θρεπτικοϋς
2808 660 2999 724 εἰωθὸς
3019 662 3364 718 ἐπισπᾶσθαι
3396 664 3532 728 ζῶον
3574 669 3760 738 ﬁdem.

2208 770 2308 824 μσς
2353 755 2447 806 καὶ
2473 753 2636 816 ἀῦλος
2667 753 2859 822 φύσις;
2917 755 3019 806 οὐκ
3049 755 3158 826 ἄρα
3190 755 3524 825 συλλήψεται
3563 758 3761 827 ἀγγελος

2205 843 2266 908 ἐξ
2298 845 2526 915 ἀνδρός·
2565 845 2679 899 ἀλλ’
2725 846 2848 899 οὐδὲ
2905 846 3132 901 δυνατὸν
3181 847 3341 916 ἀνδρὶ
3395 847 3604 918 ἀγγέλῳ
3651 854 3762 924 πρὸς

2207 938 2497 991 συνουσίαν
2523 937 2698 992 ὲλθεῖν
2717 955 2730 971 ·
2777 939 2950 994 ἁπτὸν
2989 939 3088 1009 μὲν
3117 937 3229 1011 γὰρ
3257 939 3320 992 τὸ
3345 940 3455 993 τῶν
3489 941 3761 1012 ἀνθρώπων

2203 1028 2385 1098 σῶμα,
2415 1029 2627 1100 ἀναφὴς
2648 1030 2703 1083 δὲ
2728 1032 2757 1084 ὁ
2785 1030 3051 1100 ἄγγελος·
3103 1025 3148 1100 ᾧ
3202 1032 3263 1086 δὲ
3298 1034 3411 1104 ἀφῇ
3449 1034 3543 1104 οὐχ
3593 1037 3761 1091 iamui-

2199 1137 2348 1187 πτει,
2377 1123 2498 1177 οὐδὲ
2551 1123 2839 1195 μετέχεται
2876 1127 3008 1196 παρ’
3045 1125 3244 1179 αὐτοῦ’
3286 1128 3336 1179 εἱ
3370 1126 3428 1179 δὲ
3477 1129 3761 1200 μετέχεσθαι

2195 1307 2354 1378 ἀνδρὶ
2409 1309 2845 1380 συνεισέρχεται.
2903 1309 3108 1376 Κακῶς
3167 1311 3263 1365 οὖν
3302 1311 3415 1383 ἀρα
3463 1313 3554 1366 καὶ
3580 1315 3762 1380 ἀσεϐῶς

2196 1399 2444 1469 Μωάμετ
2475 1400 2694 1472 θηλείας
2721 1401 3076 1472 τερατεύεται
3108 1403 3408 1472 ἀγγέλους,
3439 1403 3532 1457 καὶ
3569 1407 3763 1470 ταύταις

2200 1489 2524 1561 ἀνθρώπους
2548 1493 2828 1548 συνελθεῖν
2865 1492 3203 1564 βλασφημεῖ.

503 1585 625 1640 xius
657 1586 782 1641 erit.
811 1583 948 1638 Male
991 1582 1160 1652 igitur
1210 1581 1484 1653 impieque
1509 1579 1864 1635 Mohamedes
1890 1581 2151 1653 conﬁngit
2186 1581 2422 1642 feminas
2448 1588 2691 1657 angelos,
2723 1595 2927 1644 etcum
2975 1586 3062 1643 his
3093 1585 3346 1657 copulari
3372 1585 3616 1645 homines
3640 1587 3761 1646 blas-

500 1683 739 1750 phemat.

508 1777 692 1832 XXIII.
730 1776 991 1831 Adversus
1021 1773 1259 1827 eumdem
1290 1771 1547 1826 dicentem
1575 1769 1708 1825 nihil
1743 1768 1914 1824 valere
1956 1785 2083 1823 san-

2187 1769 2316 1826 KI".
2347 1770 2503 1839 Πρὸς
2525 1772 2635 1825 τὸν
2660 1771 2850 1826 αὐτὸν
2868 1771 3131 1840 λέγοντα
3154 1769 3357 1839 μηδὲν
3391 1769 3622 1838 ἰσχύειν
3666 1768 3759 1840 τὴν

569 1858 796 1914 clarum,
829 1847 918 1917 qui
955 1848 1010 1900 in
1044 1845 1173 1899 cwto
1204 1851 1364 1908 sunt,
1398 1842 1704 1914 angelorum
1756 1841 2087 1894 intercessio-

571 1935 713 1972 Item.

569 2007 658 2062 88.
685 2005 799 2062 Nisi
818 1999 1167 2060 Mohamedes
1199 2002 1489 2060 confessus
1521 2000 1718 2058 fuisset
1759 2000 2085 2070 angelorum

497 2098 988 2160 intercessionem,
1025 2094 1382 2166 quaerendum
1436 2092 1578 2146 foret
1610 2105 1737 2145 num
1797 2089 1913 2159 ipse
1963 2104 2087 2144 eam

499 2189 612 2243 ﬁeri
653 2202 811 2257 posse
866 2185 1228 2240 existimaret.
1287 2183 1392 2237 Sed
1454 2181 1583 2252 quia
1623 2181 1764 2234 hanc
1811 2179 2085 2246 concedit,

495 2279 590 2335 sed
627 2279 870 2332 inutilem
903 2275 1134 2331 afﬁrmat
1180 2291 1196 2342 ;
1229 2273 1583 2345 quaerendum
1628 2278 1899 2342 superest,
1932 2285 2084 2341 quae-

496 2390 623 2429 nam
655 2374 820 2443 hujus
855 2369 1227 2427 frustrationis
1259 2381 1427 2424 causa
1457 2367 1550 2422 sit.
1576 2364 1712 2420 Nam
1747 2365 1791 2420 si
1821 2365 1936 2419 haec
1964 2363 2091 2434 qui-

495 2470 619 2521 dem
653 2465 780 2520 talis
813 2472 917 2534 est,
955 2461 1010 2518 id
1046 2462 1107 2518 ﬁt
1135 2461 1219 2516 vel
1251 2459 1381 2531 quia
1417 2457 1563 2514 Deus
1615 2454 1980 2526 implacabilis
2007 2462 2091 2510 est

493 2574 659 2629 prece
685 2557 930 2628 qualibet
963 2574 978 2623 ;
1023 2555 1110 2611 vel
1148 2555 1276 2625 quia
1314 2551 1494 2625 angeli
1549 2548 1849 2620 improprie
1895 2557 2090 2618 postu-

494 2651 632 2706 lant.
661 2648 820 2705 Nunc
849 2649 980 2720 quia
1028 2649 1184 2718 prius
1233 2645 1372 2701 illud
1432 2658 1500 2700 ne
1536 2641 1915 2697 Mohamedem
1963 2639 2088 2711 qui-

492 2746 617 2798 «lem
647 2743 937 2797 admittere
964 2749 1184 2797 constat
1227 2756 1295 2796 ex
1329 2739 1453 2811 ejus
1487 2738 1556 2794 ad
1611 2752 1803 2809 preces
1833 2737 2091 2792 adhorta~

494 2835 760 2900 tionibus,
793 2839 1044 2904 superest
1069 2840 1129 2887 ut
1184 2839 1463 2902 putemus,
1497 2829 1744 2900 angelos,
1799 2836 2091 2898 propterea

491 2925 636 2996 quod
675 2925 814 2979 male
834 2930 1043 2994 petunt,
1063 2938 1170 2978 non
1201 2921 1468 2978 exaudiri.
1490 2920 1659 2992 Atqui
1696 2920 1840 2975 male
1883 2931 2090 2990 petere,

492 3021 505 3074 i
533 3021 634 3074 lem
667 3026 752 3074 est
799 3033 862 3074 ac
891 3017 1031 3072 male
1059 3015 1234 3071 velle:
1259 3023 1389 3072 sunt
1433 3029 1565 3085 ergo
1591 3012 1769 3084 angeli
1804 3011 2086 3068 malevoli.

2259 1841 2588 1982 ᾕρεσῗξὲῗν
2648 1841 2770 1896 τῶν
2847 1842 2921 1897 ἐν
2953 1838 3277 1910 ρύρανοῐς
3357 1841 3542 1910 ἁγίων
3611 1838 3758 1909 ἀγγέ-

2305 1929 2389 1965 ων
2546 1953 2559 1966 .

2305 1929 2389 1965 ων
2418 1929 2559 1966 I32).

2260 2001 2375 2074 πη⁹.
2411 2005 2474 2058 Εἰ
2508 2004 2608 2074 μὲν
2634 2003 2797 2068 αὐτὸς
2827 2003 2926 2074 οὐχ
2956 2002 3229 2074 ὡμολόγει
3260 2001 3558 2072 πρεσϐείαν
3611 2000 3754 2070 ἀγγέ-

2189 2093 2318 2160 λων,
2345 2092 2592 2162 ἐζητεῖτο
2618 2094 2684 2148 ἂν
2726 2096 2775 2148 εί
2803 2096 2912 2166 ἄρα
2946 2096 3099 2148 ἐστὶν
3130 2093 3284 2164 αὐτῷ
3319 2092 3607 2158 δοξαστόν·
3630 2093 3753 2144 ἔπεια

2189 2185 2254 2255 δὴ
2279 2185 2336 2238 δὲ
2357 2183 2518 2238 τοῦτο
2544 2185 2727 2238 δίδωσι
2759 2185 2880 2252 μὲν,
2916 2185 3177 2256 ἀνόνητον
3210 2185 3270 2238 δὲ
3297 2185 3466 2255 αὐτὴν
3499 2183 3754 2251 ἀποφαίνε-

2189 2293 2300 2344 ται,
2344 2276 2613 2347 ζητείσθω
2643 2276 2832 2332 λοιπὸν
2865 2278 2950 2341 τίς
2979 2279 3014 2346 ἡ
3053 2279 3203 2332 αίτία
3230 2277 3332 2348 τῆς
3359 2275 3644 2347 ἀποτυχίας
3672 2275 3751 2328 αὑ-

2188 2369 2292 2439 τῆς
2311 2386 2326 2403 ·
2351 2372 2401 2424 εί
2424 2370 2533 2442 ἄρα
2565 2369 2660 2424 καὶ
2686 2369 2842 2425 ἔσται
2861 2387 2875 2402 ⁶
2908 2371 3026 2442 ἦτοι
3051 2371 3152 2442 μὲν
3173 2370 3289 2444 γάρ
3307 2369 3612 2442 ἀμείλικτος
3629 2369 3750 2421 ἐστιν

2188 2459 2218 2512 ὁ
2243 2456 2376 2521 Θεὸς
2403 2458 2494 2512 ἐπὶ
2517 2459 2666 2530 πάσῃ
2691 2459 2907 2530 αἰτήσει
2927 2498 2941 2525 ,
2974 2459 3007 2531 ἢ
3039 2460 3264 2529 ἄγγελοι
3297 2459 3576 2522 ἀνοικείως
3595 2457 3747 2511 αἰτοῦ-

2193 2559 2306 2601 σικπ
2328 2547 2487 2603 Ἐπεὶ
2506 2549 2562 2602 δὲ
2590 2550 2652 2603 τὸ
2680 2550 2900 2621 πρῶτον
2923 2551 3045 2604 οὐδὲ
3073 2550 3241 2614 αὐτὸς
3261 2549 3597 2621 ἀποδέχεται,
3619 2549 3746 2620 δῆλον

2192 2642 2258 2695 ἐκ
2288 2640 2383 2696 τοῦ
2418 2645 2707 2713 παραινεῖν
2747 2642 3036 2715 εὔχεσθαι·
3084 2642 3338 2698 λείπεται
3379 2643 3488 2714 ἀρα
3533 2645 3635 2706 τοῖς
3664 2643 3744 2710 ἀγ-

2192 2733 2371 2803 γέλοις
2394 2734 2604 2791 οῐεσθαι
2651 2735 2838 2802 κακῶς
2870 2737 3113 2792 αἰτοῦσιν
3141 2737 3220 2810 μὴ
3262 2737 3554 2792 ἀκούεσθαι
3576 2753 3589 2766 ’
3620 2737 3672 2788 τὸ
3698 2734 3741 2786 δὲ

2192 2829 2380 2893 κακῶς
2423 2829 2714 2895 αἰτεῖσθαι,
2771 2830 2966 2884 ταυτὸν
3023 2829 3102 2901 τῷ
3154 2831 3346 2893 κακῶς
3378 2829 3548 2884 θέλειν
3588 2826 3738 2881 ἐστίν·

2193 2918 2334 2975 ὥστε
2366 2921 2508 2974 κατά
2544 2921 2745 2976 ταυτὸν
2795 2921 3119 2986 κακοθελεῖς
3159 2923 3210 2976 οἱ
3246 2922 3472 2992 ἄγγελοι
3494 2937 3512 2955 ο
3544 2917 3742 2973 κακοθε-

2191 3010 2290 3082 λὴς
2309 3009 2366 3064 δέ
2397 3009 2513 3064 ἐστί
2540 3028 2624 3074 τις
2673 3009 2708 3081 ἢ
2736 3009 2796 3076 ἐξ
2823 3011 3044 3080 ἀγνοίας
3065 3051 3080 3076 ,
3112 3011 3146 3083 ἢ
3187 3013 3255 3066 ὲκ
3293 3010 3615 3084 μοχθηρίας⁶
3647 3007 3742 3070 πῶς

488 3109 786 3166 Malevolus
836 3117 1016 3165 autem
1049 3108 1249 3179 aliquis
1276 3115 1380 3172 est.
1411 3107 1498 3162 vel
1529 3121 1594 3162 ex
1628 3105 1865 3170 inscitia,
1907 3105 1991 3160 vel
2022 3119 2083 3160 ex

2193 3103 2250 3157 δέ
2279 3120 2364 3167 τις
2388 3101 2526 3166 ὅλως
2550 3101 2709 3174 οἰηθῇ
2733 3102 2842 3156 τῶν
2868 3103 3281 3174 εὐφρονούντων
3326 3105 3385 3156 ἐν
3419 3101 3602 3173 ἀγνοίᾳ
3629 3095 3740 3152 εἶναι

497 3204 868 3274 improbitate.
899 3200 1290 3257 Verumtamen
1314 3201 1440 3271 quis
1473 3199 1732 3256 cordatus
1780 3197 2081 3261 existimet,

491 3299 542 3352 in
591 3291 898 3365 ignorantia
949 3290 1080 3345 boni
1141 3289 1350 3345 versari
1397 3289 1524 3344 illos
1554 3287 1650 3358 qui
1711 3287 1816 3358 ipsi
1873 3286 2084 3340 innata:

488 3383 771 3454 sapientiae
799 3381 1019 3436 astant?
1045 3379 1326 3450 quomodo
1348 3378 1478 3434 item
1533 3377 1708 3433 malos
1737 3392 1833 3433 eos
1859 3375 2085 3448 judica-

488 3475 588 3539 Ιιὶι,
629 3473 722 3542 qui
751 3485 968 3528 summo
1018 3469 1388 3539 bonojugiter
1446 3466 1816 3523 saturantur?
1851 3464 2009 3532 Quod
2039 3463 2086 3519 si

489 3568 604 3622 lucc
628 3562 992 3634 impossibilia
1025 3571 1174 3626 sunt,
1211 3560 1474 3615 mentitur
1501 3559 1621 3616 sine
1665 3560 1832 3614 dubio
1887 3557 2083 3613 Moha—

489 3656 720 3724 mcdes;
763 3655 872 3709 imo
914 3669 1041 3710 vero
1073 3653 1441 3724 blasphemat,
1469 3653 1693 3710 inutiles
1721 3652 1913 3709 dicens
1959 3666 2086 3725 san-

487 3758 701 3802 (-torum
729 3745 1048 3814 angelorum
1081 3745 1530 3800 intercessiones.

2190 3187 2286 3243 τοῦ
2315 3188 2522 3260 ἀγαθοῦ
2557 3191 2684 3254 τοὺς
2728 3191 3085 3261 παρεστῶτας
3101 3194 3169 3264 τῇ
3207 3192 3530 3264 αὐτοσοφίᾳ;
3563 3190 3662 3251 πῶς
3695 3187 3740 3242 δὲ

2190 3277 2286 3331 καὶ
2308 3279 2616 3350 μοχθηροὺς
2641 3278 2770 3344 τοὺς
2797 3279 2858 3333 τὸ
2890 3281 3095 3351 ἀγαθὸν
3139 3281 3356 3346 ἀενάως
3414 3279 3735 3351 ὲμπιπλωμέ-

2187 3387 2352 3439 νους;
2387 3374 2448 3426 El
2477 3373 2535 3426 δὲ
2571 3372 2748 3428 ταῦτα
2775 3373 3035 3443 ἀδύνατα,
3085 3375 3350 3445 ψεύδεται
3381 3375 3486 3447 ἀρα
3513 3374 3736 3443 Μωάμετν

2193 3464 2395 3536 μᾶλλον
2455 3463 2513 3518 δὲ
2578 3463 2914 3538 βλασφημεῖ,
2974 3468 3276 3538 ἀνωφελεῖς
3321 3469 3422 3532 τὰς
3463 3467 3564 3521 τῶν
3601 3463 3738 3536 ἁγίων

2189 3555 2439 3626 ἀγγέλων
2466 3555 2768 3628 πρεσϐείας
2789 3558 3254 3631 ἀποφαινόμενος.

487 3838 682 3896 XXIV.
716 3840 981 3894 Adversus
1032 3837 1270 3892 eumdem
1313 3837 1593 3902 dicentem,
1642 3837 1811 3892 Deum
1852 3837 2083 3893 solidum

2186 3833 2314 3889 KA'.
2351 3831 2508 3901 Πρὸς
2533 3832 2640 3887 τὸν
2677 3833 2866 3888 αὑτὸν
2892 3833 3152 3902 λέγοντα
3176 3849 3189 3864 ο
3238 3833 3308 3888 '0
3339 3834 3480 3899 Θεὸς
3505 3830 3736 3902 ὀλὸσρυ·

633 3927 780 3976 esse;
807 3919 854 3963 et
880 3923 1040 3980 neque
1067 3909 1332 3974 genuisse,
1359 3924 1520 3978 neque
1541 3909 1777 3980 genitum
1805 3925 1937 3965 esse.

554 4067 645 4121 89.
665 4064 766 4130 Qui
788 4063 973 4118 omnia
991 4060 1250 4133 produxit
1289 4060 1370 4131 ex}
1393 4061 1585 4126 nihilo,
1611 4063 1776 4118 rebus
1793 4076 1823 4117 a
1842 4075 1900 4117 se
1922 4059 2082 4118 factis

483 4172 713 4228 prorsus
763 4165 819 4212 et
857 4155 1073 4211 inﬁnite
1102 4153 1265 4210 debet
1301 4169 1398 4224 per
1436 4153 1623 4210 omnia
1670 4169 1794 4209 esse
1844 4153 2039 4209 melior
2062 4193 2080 4222 ,

489 4246 824 4312 substantia,
848 4246 1077 4313 viribus,
1097 4243 1796 4314 voluntate,perpetuitate,
1820 4241 2077 4298 eﬁlcacia.

481 4339 637 4406 Quod
659 4339 704 4393 si
723 4340 797 4393 ita
815 4353 922 4393 non
943 4348 1046 4402 est,
1063 4353 1130 4392 ne
1142 4337 1406 4407 produxit
1423 4337 1644 4408 quidem
1663 4337 1786 4392 illas
1799 4350 1864 4391 ea
1883 4337 2075 4392 nihilo.

2250 3905 2370 4042 pg?)
2401 3903 2515 3973 (93}
2573 3904 2784 3959 ἐστιν’
2839 3901 2982 3958 οὐκί
3011 3903 3386 3973 ἐγέννησεν,
3444 3904 3550 3957 οὐκ
3599 3901 3734 3969 ἐγεν-

2254 3991 2292 4027 ν
2373 3991 2432 4042 η.

2254 3991 2432 4028 νπση.

2255 3991 2292 4027 ν
2337 3991 2370 4029 σ
2418 4015 2432 4028 .

2255 3991 2470 4121 π7θ’.η“0
2486 4065 2666 4120 πάντα
2700 4064 3043 4138 παραγαγὼν
3071 4063 3129 4130 ἐξ
3160 4065 3261 4120 οὐκ
3289 4066 3474 4131 ὄντων,
3508 4061 3732 4133 κρείττων

2182 4155 2478 4227 ἀπειράκις
2508 4156 2619 4210 τῶν
2657 4156 3012 4230 πραχθέντων
3059 4157 3124 4209 ἐκ
3173 4156 3378 4220 παντὸς
3406 4155 3470 4210 ἂν
3500 4156 3578 4223 εῐη
3616 4147 3730 4203 κατᾶ

2182 4246 2384 4312 πάντα,
2419 4246 2598 4320 οὐσίᾳ,
2625 4247 2876 4318 δυνάμει,
2906 4249 3147 4319 θελήσει,
3182 4251 3467 4322 ἀῖδιότητι,
3495 4248 3581 4302 καὶ
3601 4246 3728 4312 ἔνερ-

2180 4338 2338 4409 γείᾳ·
2367 4339 2416 4391 εί
2439 4338 2550 4408 γάρ
2588 4338 2687 4410 μὴ,
2723 4339 2845 4392 οὐδὲ
2878 4337 2938 4405 ἐξ
2965 4341 3066 4395 οὐκ
3096 4340 3268 4396 ὄντων
3318 4342 3455 4397 αὐτὰ
3483 4338 3724 4408 παρᾶγεν

481 4431 636 4498 Quod
677 4431 848 4485 sinon
882 4429 1160 4499 produxit,
1193 4429 1383 4484 eadem
1423 4443 1487 4484 ac
1522 4428 1614 4483 ille
1639 4429 2075 4498 sempiternitate

2185 4432 2230 4484 εί
2259 4431 2316 4484 δὲ
2345 4431 2421 4502 μὴ
2465 4431 2715 4503 παράγῃ.
2750 4432 2850 4503 τῆς
2875 4433 3050 4506 αὐτῆς
3075 4435 3171 4489 τοῦ
3211 4436 3384 4491 ἀϊδίου
3413 4435 3503 4489 καὶ
3526 4433 3725 4500 ἀνάρχου

479 4532 533 4578 et
565 4523 683 4578 sine
712 4521 984 4593 principio
1013 4521 1187 4593 gloria
1218 4529 1432 4578 cunctae
1473 4535 1560 4576 res
1611 4529 1742 4575 sunt
1785 4519 2024 4588 prteditae
2055 4537 2070 4574 :

479 4631 610 4685 ergo
633 4617 796 4671 etiam
837 4615 1046 4671 viribus
1097 4629 1257 4685 pares
1303 4623 1454 4682 sunt,
1501 4622 1558 4670 et
1614 4613 1768 4668 illum
1801 4615 1897 4684 qui
1950 4613 2074 4670 sine

479 4706 638 4761 initio
665 4714 749 4761 est
768 4713 1078 4775 exaequant.
1111 4703 1270 4771 Quod
1302 4704 1348 4760 si
1379 4719 1540 4774 pares
1581 4704 1784 4758 habent
1823 4703 1994 4772 vires,
2024 4704 2072 4759 is

477 4798 696 4868 quidem
743 4797 837 4866 qui
888 4795 1096 4866 absque
1137 4795 1294 4850 initio
1340 4801 1460 4860 est,
1494 4794 1636 4848 idem
1674 4802 1759 4848 est
1799 4793 1945 4863 quod
1979 4807 2070 4849 res

479 4899 690 4946 emtera:
747 4903 960 4944 omnes.
1020 4888 1184 4959 Atqui
1221 4889 1469 4943 videmus
1510 4886 1655 4941 haud
1706 4885 1886 4940 omnia
1940 4900 2070 4955 qua-

478 4995 635 5040 tenus
681 4982 902 5047 omnia,
953 4982 1048 5037 scd
1109 4989 1370 5051 tanquam
1419 4993 1590 5034 unum
1648 4979 1833 5033 omnia
1881 4994 2071 5035 move-

477 5077 562 5142 ri;
599 5076 702 5131 etsi
735 5074 986 5145 quaedam
1041 5075 1184 5130 inter
1232 5072 1441 5139 omnia,
1499 5071 1726 5126 meliora
1785 5071 2064 5136 videntur,

474 5168 724 5238 quaedam
757 5181 887 5222 vero
921 5165 1218 5221 deteriora.
1256 5164 1362 5221 Sed
1386 5164 1523 5220 nihil
1564 5178 1756 5219 eorum
1803 5163 2069 5219 immuta-

476 5260 583 5315 bile
605 5259 796 5314 estvel
823 5258 1102 5314 immobile
1136 5275 1150 5312 :
1187 5257 1324 5313 adeo
1358 5267 1418 5312 ut
1465 5257 1511 5313 si
1539 5256 1727 5311 omnia
1766 5256 2064 5323 alternant,

475 5364 576 5406 nec
608 5358 884 5420 quatenus
935 5348 1122 5402 omnia
1151 5355 1301 5414 sunt,
1327 5354 1643 5412 moventur,
1673 5347 1766 5403 sed
1803 5355 2068 5418 tanquam

473 5457 666 5508 unum,
694 5456 800 5498 uon
831 5447 962 5497 sunt
987 5440 1171 5496 omnia
1204 5438 1356 5511 paria
1384 5439 1434 5496 ei
1465 5440 1559 5508 qui
1591 5439 1709 5495 sine
1747 5438 1904 5495 initio
1933 5449 2051 5496 est:

543 5639 654 5710 (9:2)
679 5637 807 5710 Syr.
829 5636 975 5710 XXI,
1003 5637 1098 5697 28.
1209 5709 1212 5710 ν
1250 5709 1256 5710 γ
1399 5708 1410 5710 _
1465 5708 1478 5710 _
1625 5707 1637 5710 _
2021 5659 2026 5663 ‘

544 5707 821 5778 (95).Cod.
848 5707 1174 5778 ῥλόσφαιρος
1205 5709 1297 5766 hic
1323 5717 1378 5766 et
1399 5708 1562 5764 infra.
1611 5707 1866 5764 Attamen
1923 5723 2058 5766 con-

473 5787 580 5832 stat
607 5777 959 5837 scribeudutn
990 5777 1161 5836 fuisse
1191 5780 1512 5852 ὁλὸσφυρος.
1544 5778 1666 5835 iam
1696 5794 1825 5837 vero
1867 5788 1922 5836 et
1962 5795 2057 5837 su-

2176 4522 2452 4589 εὐκλείας,
2480 4523 2552 4578 τὰ
2581 4525 2759 4580 πάντα
2809 4527 3071 4598 τυγχάνει
3097 4545 3110 4559 ·
3147 4529 3344 4584 οὐκοῦν
3375 4529 3468 4582 καὶ
3495 4521 3723 4587 ίσοσθενῆ,

2173 4613 2270 4667 καὶ
2297 4616 2747 4669 συνεπεκτείνετο
2779 4615 2846 4672 ἂν
2894 4618 2975 4687 τῷ
3008 4619 3234 4692 ἀνάρχῳ
3254 4636 3269 4652 ·
3303 4622 3353 4674 εί
3378 4621 3434 4674 δὲ
3479 4610 3721 4671 ίσοσθενεῖν

2171 4703 2328 4758 ἔσται
2357 4707 2455 4762 καὶ
2491 4708 2520 4760 ὁ
2569 4707 2808 4780 ἄναρχος
2858 4709 3054 4775 ταυτὺς
3092 4715 3207 4776 τοῖς
3241 4714 3426 4767 πᾶσιν.
3466 4706 3613 4762 Ἀλλὰ
3638 4700 3725 4771 μὴν

2167 4795 2388 4869 ὁρῶμεν
2418 4799 2518 4871 οὐχ
2539 4799 2614 4864 ὡς
2639 4800 2820 4854 πάντα
2850 4801 2920 4855 τὰ
2939 4803 3140 4869 πάντα,
3175 4803 3291 4858 ἀλλ’
3307 4804 3382 4867 ὡς
3408 4802 3466 4854 ἓν
3491 4799 3555 4854 τὰ
3578 4796 3723 4849 πάντα

2169 4889 2416 4961 ἀγόμενα
2437 4907 2452 4923 ο
2487 4891 2670 4946 καίτοι
2709 4891 2746 4946 ἃ
2774 4893 2874 4964 μὲν
2898 4894 2958 4948 ὲν
2991 4897 3105 4959 τοῖς
3150 4897 3288 4950 πᾶσι
3337 4894 3562 4967 κρείττω
3605 4881 3728 4937 δοκεῖ

2169 4980 2337 5050 εἶναι,
2364 4983 2401 5039 ἀ
2432 4985 2490 5038 δὲ
2516 4987 2686 5057 χείρω
2705 5002 2720 5018 ο
2752 4987 2866 5041 ἀλλ’
2896 4988 3051 5042 οὐδὲν
3079 4988 3261 5043 αὐτῶν
3293 4985 3628 5043 ἀναλλοίωτον
3648 4973 3722 5027 καὶ

2169 5074 2609 5148 ἀμετακίνητονο
2645 5076 2786 5131 ὥστε
2825 5079 2876 5132 εί
2913 5079 2984 5133 τὰ
3026 5079 3210 5135 πάντα
3250 5078 3486 5152 ἀμείϐει,
3520 5072 3602 5126 καὶ
3643 5066 3720 5131 οὐκ

2169 5167 2246 5232 ὡς
2280 5168 2460 5222 πάντα
2481 5169 2697 5237 ἄγεται,
2727 5169 2842 5224 ἀλλ’
2865 5170 2943 5235 ὡς
2970 5170 3049 5239 ἓν,
3079 5173 3181 5226 οὐκ
3217 5171 3460 5239 ἰσοσθενῆ
3483 5167 3547 5219 τὰ
3571 5162 3718 5215 πάντα

2168 5257 2248 5329 τῷ
2277 5259 2698 5331 Mnes-16s
2737 5260 2814 5333 μὴ
2845 5261 3120 5333 ίσοσθενῆ.
3168 5263 3289 5317 οὐδὲ
3326 5257 3579 5315 συναῒδια⁹
3613 5246 3718 5302 εἰδὲ

2177 5350 2252 5423 μὴ
2286 5351 2556 5418 συναῒδια,
2587 5352 2717 5405 ὅντα
2745 5351 2824 5421 δὲ,
2871 5353 3026 5425 παρά
3077 5353 3172 5407 τοῦ
3223 5355 3458 5426 ἀνάρχου
3511 5338 3716 5414 δηλονότι

2167 5442 2418 5516 προήχθη
2439 5460 2455 5476 ·
2490 5445 2541 5498 εἰ
2570 5443 2628 5498 δὲ
2655 5443 2818 5510 αὐτὸς
2843 5445 3024 5501 πάντα
3053 5447 3315 5520 παράγει,
3365 5442 3607 5515 κρείττων
3629 5433 3715 5498 ἄρα

2171 5641 2360 5712 perius
2377 5642 2510 5718 (col.
2536 5643 2689 5715 776),
2713 5652 2768 5700 et
2792 5645 2896 5701 hoc
2921 5645 3084 5702 etiam
3107 5638 3568 5718 Ioco,palinodlian_l
3593 5624 3710 5718 c393:

2167 5693 2361 5790 ama;
2381 5693 2768 5790 animus
2793 5693 3084 5790 sapae;
3107 5693 3429 5790 sarisas
3447 5693 3577 5782 '(col.
3605 5693 3708 5765 ωε)

2167 5782 2235 5837 de
2265 5782 2486 5840 Arabici
2512 5782 2759 5843 vocabuli
2787 5782 3116 5861 signiﬁcatu.
