4048 6438
428 384 547 455 ’185

1543 393 1981 457 REFUTATIO
2018 395 2474 460 MOIIAMEDIS

3616 404 3727 470 786

431 498 732 571 ἀπειράκις
758 497 869 554 τῶν
894 498 1288 571 παραχθέντων
1316 500 1379 555 ἐκ
1410 502 1611 568 παντὸς
1656 505 1724 561 ἂν
1755 506 1840 575 είη
1876 507 2010 561 κατὰ

2123 509 2265 579 quod
2293 509 2341 564 si
2378 509 2606 579 imparia
2628 508 2860 577 viribus,
2900 525 2970 567 ne
3002 520 3271 568 coaeterna
3301 513 3521 585 quidem
3550 528 3674 572 sunt
3699 535 3721 580 Δε

432 591 636 657 πάντα,
661 588 842 662 οὐσίᾳ,
878 590 1130 662 δυνάμει,
1162 592 1445 665 ἀῖδιότητι,
1479 594 1718 667 θελήσει,
1752 598 1850 653 καὶ⁵
1876 600 2029 671 ἐνερ-

431 683 585 754 γείᾳ.
631 681 850 755 Ἐπειδὴ
875 681 934 737 δὲ
960 683 1092 754 τρία
1123 684 1238 751 εἴδη
1263 684 1396 756 γένη
1422 685 1523 757 τῆς
1543 688 1756 755 οὐσίας,
1775 689 1937 761 σῶμά
1964 707 2027 749 τε

430 774 529 828 καὶ
555 772 851 844 ἀσώματον
881 775 977 830 καὶ
1008 775 1069 829 τὸ
1093 778 1158 830 ἐκ
1179 776 1389 832 τούτων
1420 780 1612 849 μικτόν
1637 797 1655 814 ο
1690 783 2027 854 γνωριστικὰ

428 863 512 927 δέ,
538 863 793 935 σώματος
820 864 944 936 μὲν,
975 866 1038 921 τὸ
1060 867 1221 939 τριχῆ
1242 867 1544 935 διαστατὺν,
1577 869 1639 924 τὸ
1671 871 1899 937 πυκνὸν,
1931 875 2028 930 καὶ

428 955 493 1009 τὸ
518 957 721 1025 μανόν
759 957 1062 1029 ἀσωμάτου
1095 960 1177 1026 δέ,
1219 959 1284 1015 τὸ
1310 961 1387 1032 μὴ
1425 962 1707 1035 πανταχοῦ
1740 966 2024 1037 παρεῖναι,

427 1047 527 1100 καὶ
568 1048 644 1117 μὴ
690 1047 832 1119 ὑπὲρ
858 1048 919 1102 τὸ
948 1050 1079 1113 πᾶν,
1109 1051 1159 1104 εί
1187 1051 1282 1105 καὶ
1328 1050 1643 1124 ἀσώματον,
1674 1054 1814 1109 ἀλλὰ
1864 1073 2026 1127 περι-

427 1137 674 1206 γραπτὸν
696 1137 792 1190 καὶ
820 1137 954 1193 αὐτὸ
983 1137 1201 1203 πάντως
1218 1139 1298 1195 δν.
1341 1141 1464 1196 Ἐπὶ
1478 1141 1538 1196 δὲ
1564 1143 1664 1213 τῆς
1684 1143 2025 1217 δημιουργοῦ

425 1229 639 1296 οὐσίας,
670 1228 722 1283 τί
750 1229 1033 1301 δὼσομενς
1074 1232 1279 1302 μᾶλλον
1305 1233 1363 1288 δὲ
1393 1234 1531 1306 πρὸς
1559 1235 1740 1304 τοῦτο,
1772 1239 1825 1292 εἰ
1849 1239 2025 1295 ταῦτα

424 1319 586 1373 οὐσία
612 1319 865 1390 λέγονταί
884 1338 945 1375 τε
975 1323 1071 1377 καὶ
1093 1322 1224 1390 εἰσὶ,
1265 1324 1327 1379 τὸ
1357 1325 1535 1382 ταῦτα
1565 1330 1894 1399 πεποιηκὸς,
1947 1331 2026 1394 ὡς

423 1413 715 1476 δέδεικται.
750 1414 805 1468 τί
830 1414 1008 1483 ἔσται,
1060 1418 1157 1471 καὶ
1176 1417 1230 1472 τί
1256 1419 1391 1474 αὐτὸ
1440 1421 1821 1493 ὀνομάσομενς
1868 1424 2024 1479 οὐδὲν

426 1506 532 1575 μὲν
560 1506 667 1578 γὰρ
692 1505 886 1578 ἕξομεν
929 1510 1223 1579 ὁριστικῶς
1247 1529 1260 1540 ·
1307 1510 1368 1580 ἐξ
1421 1513 1771 1585 ὑπερθέσεως
1800 1514 1861 1568 δὲ
1894 1514 2024 1568 τού-

422 1612 534 1648 των
573 1598 1091 1669 προσαγορεύσομεν
1142 1600 1490 1672 ύπερούσιον.
1549 1606 1613 1658 Ei
1644 1598 1742 1659 οὖν
1790 1606 2024 1676 ύπερού-

425 1690 597 1751 σιοςό
635 1691 1006 1762 Δημιουργὸς,
1060 1694 1283 1765 μακρὰν
1330 1694 1503 1750 αὐτοῦ
1537 1697 1915 1769 ἀποϐήσεσται
1960 1698 2024 1753 τὸ

423 1782 597 1851 μανὸν
627 1785 722 1837 καὶ
753 1785 813 1838 τὸ
858 1787 1061 1840 πυκνὸν
1108 1786 1205 1841 καὶ
1250 1787 1312 1842 τὸ
1358 1790 1519 1861 τριχῆ
1560 1789 1849 1846 διαστατόν
1873 1808 1887 1823 ’
1922 1792 2031 1846 και

2135 602 2280 673 quod
2312 602 2358 658 si
2389 617 2499 657 non
2522 612 2794 659 comterna
2830 612 2979 671 sunt,
3006 614 3060 660 et
3091 614 3273 662 tamen
3309 607 3608 677 exsistunt,
3633 625 3729 663 se-

2137 695 2328 766 quitur
2362 702 2424 750 ut
2452 695 2522 750 ab
2548 710 2616 750 eo
2643 695 2739 767 qui
2770 696 2891 753 sine
2920 696 3078 752 initio
3099 706 3186 754 est
3211 699 3475 770 producta
3500 699 3720 756 fuerim.

2127 786 2286 854 Quod
2307 786 2355 843 si
2373 786 2462 843 hic
2479 787 2664 843 omnia
2682 787 2955 858 producit,
2970 790 3197 845 omnino
3223 790 3542 863 inﬁniteque
3559 793 3722 849 rebus

2125 892 2154 932 a
2179 891 2239 933 se
2264 876 2546 947 productis
2565 875 2759 932 melior
2775 876 2899 942 erit,
2919 878 3252 946 substantia,
3272 881 3499 946 viribus.
3526 898 3721 954 perpe-

2128 969 2344 1035 tuitate,
2364 970 2649 1026 voluntate
2698 976 2864 1039 atque
2887 968 3149 1027 efﬁcacia.
3170 972 3441 1039 Quoniam
3462 989 3590 1028 vero
3612 977 3714 1029 tria

2124 1068 2257 1117 sunt
2276 1068 2477 1116 creatae
2503 1060 2826 1119 substantia:
2857 1075 3078 1133 genera,
3099 1076 3449 1133 corporeum,
3468 1062 3721 1133 incorpo-

2124 1166 2278 1208 reum
2319 1160 2375 1207 et
2402 1166 2472 1207 ex
2521 1160 2760 1223 utroque
2793 1151 3058 1217 mistum;
3090 1162 3145 1208 et
3181 1154 3441 1224 quoniam
3475 1156 3723 1225 corporis

2124 1241 2343 1312 quidem
2372 1241 2803 1299 demonstrativa
2838 1251 2988 1310 sunt,
3008 1244 3201 1314 triplex
3228 1245 3494 1310 extensio,
3514 1255 3567 1300 et
3583 1245 3722 1300 den-

2124 1335 2287 1402 sitas,
2319 1351 2385 1391 ac
2414 1336 2617 1392 raritas
2644 1355 2673 1405 ;,
2695 1337 3006 1407 incorporei
3041 1347 3247 1402 autem,
3280 1349 3339 1394 ut
3394 1354 3573 1409 neque
3603 1340 3722 1394 ubi-

2124 1442 2232 1499 que
2260 1429 2352 1497 sit,
2382 1443 2562 1500 neque
2591 1444 2759 1499 super
2788 1433 2974 1487 omnia
3005 1442 3057 1486 et
3086 1447 3402 1502 quanquam
3433 1432 3507 1488 sit
3531 1433 3729 1488 incor»

2124 1534 2373 1590 pureum,
2400 1519 2764 1577 nihilominus
2799 1520 2941 1578 idem
2973 1523 3045 1578 sit
3075 1522 3585 1593 circumscriptum.
3648 1523 3731 1577 De-

2122 1611 2403 1668 Creatoris
2463 1622 2645 1668 autem
2684 1614 2999 1671 substantia
3028 1615 3160 1685 quid
3213 1622 3523 1670 statuemus
3553 1615 3577 1668 ?
3608 1614 3727 1670 ιηισ

2126 1719 2277 1767 vero,
2304 1704 2351 1759 si
2413 1704 2519 1759 illae
2574 1720 2661 1762 res
2708 1706 3016 1762 substantia
3044 1715 3264 1762 suntet
3316 1707 3594 1771 dicuntur,
3640 1706 3718 1760 uti

2125 1793 2562 1850 demonstratum
2596 1802 2701 1859 est,
2734 1796 2863 1865 quid
2889 1796 3017 1862 erit,
3051 1806 3145 1850 aut
3176 1796 3306 1865 quid
3360 1797 3720 1867 appellabitur

420 1874 671 1930 ἀπόλωλε
720 1877 968 1949 Μωάμετ
1007 1879 1068 1934 τὸ
1117 1880 1440 1952 ὀλόσφυρον,
1493 1883 1875 1955 πεφοϐημένος
1922 1884 2010 1956 τὴν

2126 1883 2242 1954 ipse
2272 1884 2500 1940 Creator
2528 1885 2552 1938 ?
2599 1885 2804 1941 nullam
2844 1885 2992 1943 enim
3051 1866 3409 1958 reperiemus
3438 1887 3708 1944 deﬁnitio-

420 1966 655 2023 κένωσιν
683 1967 769 2022 διὰ
789 1968 887 2041 τὴν
922 1971 1149 2042 πρόοδον
1177 1971 1273 2026 τοῦ
1323 1973 1454 2028 Υἱοῢ
1480 1974 1574 2029 καὶ
1602 1974 1801 2042 Λόγου.
1849 1973 2022 2029 Τοῦτο

414 2058 486 2130 δὴ
516 2062 613 2114 καὶ
640 2062 734 2114 ἐπὶ
786 2062 1068 2133 δυνάμεως
1100 2065 1198 2118 καὶ
1228 2065 1502 2137 κινήσεως
1544 2066 1643 2121 καὶ
1690 2067 2014 2137 ἐνεργείας·

412 2150 480 2203 τὸ
504 2151 643 2223 ὑπὲρ
678 2152 911 2223 κίνησιν,
943 2155 1086 2226 ὑπὲρ
1110 2154 1359 2226 δύναμιν,
1418 2157 1516 2210 καλ⁸
1543 2157 1686 2228 ὑπὲρ
1733 2157 2019 2229 ἐνέργειαν

415 2244 632 2315 ἀνάγκη
669 2243 915 2312 δοξάζειν
934 2264 947 2280 ο
975 2248 1023 2300 εί
1062 2248 1119 2301 δὲ
1142 2247 1318 2301 ταῦτα
1333 2246 1508 2312 οὕτως
1535 2247 1670 2319 ἔχει,
1699 2247 1775 2320 μὴ
1803 2248 2014 2322 φοϐηθῇ

410 2336 666 2408 Μωάμετ
692 2337 785 2391 τὸν
811 2341 1035 2411 συμφυῆ
1062 2340 1154 2394 καὶ
1179 2339 1448 2394 συναῖδιον
1467 2338 1563 2394 τοῦ
1583 2339 1797 2412 [Ιατρὺς
1815 2340 2010 2409 Λόγον,

411 2427 634 2483 ἀκούων
679 2430 1026 2501 Δημιουργὺν
1059 2431 1191 2486 ὅντα
1224 2431 1406 2504 πάσης
1445 2431 1702 2497 κτίσεως,
1757 2432 1850 2486 καὶ
1879 2433 2010 2487 ἀνα-

408 2522 722 2593 καινιστὴν,
764 2525 859 2578 καὶ
891 2525 1013 2579 Υίὸν
1045 2525 1121 2589 ὡς
1144 2526 1209 2578 ἐκ
1228 2527 1552 2596 γεννήτορος
1576 2524 1671 2577 τοῦ
1692 2523 1786 2578 νοῦ
1811 2523 2009 2594 προελ-

409 2612 611 2667 θόντα’
639 2616 1048 2687 ἀνεκφοιτήτως
1083 2617 1193 2688 γὰρ
1238 2615 1619 2689 προεληλύθει,
1648 2617 1745 2670 καὶ
1769 2615 1922 2686 μένει
1948 2617 2007 2669 ἐν

407 2705 595 2776 ἐαυτῷ
624 2707 736 2779 ι94)
782 2709 842 2762 οὐ
878 2709 1020 2763 κατὰ
1053 2710 1261 2781 σχέσιν,
1288 2710 1350 2764 ού
1380 2710 1525 2765 κατὰ
1566 2708 1889 2778 συνάφειαν,
1942 2708 2004 2762 οὐ

406 2796 559 2851 κατὰ
596 2800 821 2870 μνήμην
845 2839 861 2864 ,
898 2798 1013 2854 ἀλλ’
1069 2800 1211 2872 ὑπὲρ
1243 2800 1419 2855 ταῦτα
1443 2817 1458 2835 ο
1495 2800 1822 2874 ύπερούσιος
1867 2799 2001 2872 γὰρ,

404 2887 498 2943 ὅτι
531 2887 591 2954 ἐξ
612 2890 942 2961 ύπερουσίου
974 2892 1072 2946 καὶ
1094 2891 1462 2962 ὑπερουσίως.

2120 1973 2372 2029 nem.Ut
2431 1981 2616 2028 autem
2664 1987 2829 2043 supra
2883 1973 3010 2030 illas
3061 1974 3383 2038 extollatur,
3423 1974 3721 2044 appellabi-

2120 2081 2245 2121 mus
2284 2081 2410 2120 eum
2482 2064 3089 2134 supersubstantialem.
3128 2065 3186 2119 Si
3226 2080 3360 2136 ergo
3417 2065 3717 2133 supersub-

2118 2156 2392 2212 stantialis
2439 2165 2522 2210 est
2562 2154 2811 2218 Creator,
2857 2155 3051 2225 procul
3110 2169 3177 2210 eo
3224 2157 3331 2212 erit
3390 2157 3592 2212 raritas
3662 2166 3721 2211 et

2115 2249 2379 2314 densitas,
2420 2259 2475 2304 et
2510 2248 2703 2318 triplex
2733 2247 3027 2314 dimensio,
3067 2249 3317 2319 peritque
3373 2247 3717 2304 Mohamedis

2120 2342 2380 2407 solidum,
2424 2340 2804 2411 cnjusccmodi
2854 2356 2979 2396 eum
3040 2341 3335 2410 appellavit
3367 2340 3589 2406 timens,
3648 2357 3716 2397 ne

2120 2436 2274 2490 lieret
2309 2433 2557 2489 vacuitas
2588 2442 2811 2504 propter
2830 2432 2952 2488 Filii
2983 2442 3038 2490 et
3082 2432 3247 2488 Verbi
3270 2433 3709 2504 productionem.

2117 2524 2378 2580 Similiter
2402 2523 2690 2579 dicendum
2715 2531 2798 2579 est
2815 2522 2881 2577 de
2895 2522 3173 2579 attributis
3195 2523 3471 2593 potentiae,
3497 2532 3714 2591 motus;

2111 2626 2165 2671 et
2189 2614 2449 2670 efﬁcaciae
2493 2628 2690 2684 nempe
2717 2612 3025 2668 credendus
3050 2624 3135 2670 est
3160 2613 3412 2683 superior
3440 2616 3590 2668 omni
3619 2629 3715 2684 po-

2112 2705 2316 2769 tentiae,
2352 2702 2523 2758 motui
2552 2711 2606 2758 et
2640 2701 2913 2758 elﬁcaciae.
2951 2701 3087 2769 Quae
3128 2702 3176 2759 si
3202 2703 3273 2759 ita
3301 2718 3360 2759 se
3396 2703 3621 2770 habent,
3647 2719 3720 2758 ne

2110 2806 2440 2867 etpavescat
2459 2794 2808 2853 Mohamedes
2827 2795 2957 2851 dum
2979 2796 3467 2853 connaturalem'et
3490 2802 3716 2851 coaeter-

2107 2904 2238 2944 num
2268 2886 2416 2944 Patri
2448 2887 2682 2943 Verbum
2712 2888 2868 2943 audit
2905 2902 3029 2945 esse
3051 2888 3317 2944 factorem
3351 2887 3532 2943 omnis
3563 2901 3722 2942 crea-

405 2986 550 3035 turae
577 2996 642 3036 ac
669 2982 1117 3049 instauratorcm,
1143 2997 1200 3039 et
1220 2983 1419 3039 Filium
1446 2992 1632 3054 utpote
1652 3000 1718 3041 ex
1741 2983 2053 3056 generantis
2070 2991 2252 3039 mente
2283 2996 2657 3053 progressum.
2678 2981 2891 3038 Etenim
2908 2982 3028 3038 sine
3043 2980 3389 3053 separatione
3417 2980 3714 3050 processit,

405 3089 707 3148 manetque
737 3077 791 3131 in
819 3092 879 3134 se
909 3077 1031 3149 ipso
1063 3094 1172 3135 non
1201 3081 1503 3136 secundum
1538 3082 1887 3147 relationem,
1922 3094 2032 3134 non
2060 3078 2364 3135 secundum
2415 3078 2891 3149 conjunctionem,
2932 3092 3112 3149 neque
3155 3076 3460 3134 secundum
3501 3090 3715 3131 meme-

404 3175 575 3240 riam,
616 3171 714 3231 sed
781 3174 944 3229 modo
990 3173 1078 3231 his
1145 3174 1407 3232 omnibus
1450 3175 1819 3233 sublimiore:
1854 3184 1940 3233 est
1967 3174 2116 3232 enim
2149 3173 2730 3246 supersubstantialis,
2784 3173 2914 3246 quia
2946 3181 3032 3230 est
3084 3188 3152 3230 ex
3200 3172 3714 3245 supersubstantiah’

401 3279 465 3325 et
496 3268 1121 3337 supersubstantialiter.

484 3361 534 3425 ιθ
556 3399 570 3412 .
605 3358 698 3430 Μὴ
721 3355 816 3413 οὖν
842 3358 1069 3429 λεγέτω,
1091 3356 1154 3411 Ei
1187 3357 1290 3413 οὐκ
1320 3359 1607 3433 ἐγεννήθη,
1637 3361 1759 3417 οὐδὲ
1778 3362 2003 3434 ἐγέννη-

2187 3359 2277 3417 90.
2309 3356 2386 3414 Ne
2418 3357 2607 3428 itaque
2626 3355 2865 3414 ulterius
2900 3357 3048 3413 dicat
3079 3375 3093 3411 :
3129 3355 3187 3411 Si
3219 3370 3328 3411 non
3363 3363 3448 3413 est
3476 3355 3714 3427 genitus,

404 3467 509 3504 σεν
532 3467 546 3482 ⁸
580 3451 690 3504 ἰδοὺ
717 3450 828 3521 γὰρ
856 3449 1074 3521 ὁρῶμεν
1096 3450 1180 3504 ὅτι
1202 3448 1393 3521 ὥσπερ
1428 3452 1530 3506 οὐκ
1562 3453 1856 3525 ἐγεννήθη,
1880 3454 2004 3508 οὐδὲ

404 3541 854 3613 ἐδημιουργήθηο
881 3541 975 3596 δύο
998 3541 1109 3614 γὰρ
1135 3541 1311 3598 ταῦτα
1352 3544 1670 3613 ἀναγκαίως
1709 3547 1738 3599 ὀ
1768 3546 2004 3618 ἄναρχος

404 3631 548 3704 εχει.
571 3632 739 3688 Ἀλλὰ
766 3633 877 3706 μὴν
905 3634 1124 3706 ὁρῶμεν
1145 3635 1228 3689 ὅτι
1256 3635 1305 3689 εί
1330 3634 1426 3689 καὶ
1458 3635 1535 3707 μὴ
1565 3635 1999 3710 ὲδημιουργήθη,

401 3724 530 3780 ἀλλ’
558 3726 1017 3798 ἐδημιούργησεν.
1076 3727 1141 3781 Ei
1190 3726 1285 3783 οὖν
1330 3728 1392 3782 τδ
1435 3728 1494 3784 ἓν
1523 3729 1743 3783 δίδωσιν
1794 3730 2006 3794 ἐκεῖνος

402 3817 801 3888 ἐνηργηκέναι,
824 3819 921 3870 καὶ
948 3815 1107 3871 τοῦτο
1140 3817 1290 3889 αύτῷ
1319 3817 1470 3885 δόξα,
1508 3818 1603 3874 τοῦ
1632 3819 1839 3892 ἑτέρου,
1858 3820 2003 3884 τίνος

401 3908 601 3963 ἕνεκεν
627 3908 955 3981 ἐστέρηται;
988 3909 1170 3963 καίτοι
1194 3927 1260 3979 γε
1291 3910 1353 3962 οὐ
1387 3910 1628 3983 τοσαύτη
1685 3911 1836 3982 αὐτῷ
1867 3912 1900 3982 ἡ
1936 3912 2001 3965 ἐκ

403 4001 512 4073 τῆς
538 4001 769 4065 κτίσεως
798 4002 1194 4073 προσαγομένη
1224 4000 1377 4068 δόξα,
1407 4002 1507 4074 ὅση
1532 4003 1568 4074 ἡ
1608 4002 1699 4057 διὰ
1729 4002 1821 4056 τὸν
1842 4002 1999 4056 Υίόν·

406 4092 594 4166 πολλῷ
607 4092 716 4165 γὰρ
746 4095 930 4147 πλεῖον
957 4093 1080 4146 ὅσον
1108 4093 1203 4146 καὶ
1226 4094 1260 4164 ἡ
1288 4091 1479 4146 τούτου
1501 4092 1604 4163 τῆς
1648 4092 1879 4147 ἐκείνων
1907 4093 2005 4146 ού-

408 4187 536 4249 σίας
557 4186 900 4258 ὑπέρκειται.
926 4184 1088 4238 Ὥστε
1115 4184 1385 4254 κρείττων
1401 4185 1546 4239 κατὰ
1565 4184 1725 4239 τοῦτο
1742 4185 1841 4239 καὶ
1863 4185 2005 4256 μᾶλ-

405 4278 505 4333 λον
531 4273 600 4350 ἦν
655 4278 818 4333 αὐτὸν
842 4277 1045 4347 λέγειν,
1070 4277 1125 4330 εἴ
1153 4294 1220 4344 γε
1275 4277 1542 4348 συνῆκεν,
1582 4278 1667 4332 ὅτι
1711 4278 1870 4332 Ἐπεὶ
1901 4277 2004 4334 οὐκ

406 4373 699 4445 ἐγεννήθη,
751 4372 843 4430 διὰ
868 4370 1026 4426 τοῦτο
1059 4371 1261 4440 μᾶλλον
1301 4372 1598 4443 ἐγέννησεν
1623 4386 1639 4400 ⁶
1687 4370 1880 4442 ὥσπερ
1908 4371 2003 4424 καὶ

412 4464 491 4535 μὴ
520 4464 582 4534 δη
593 4462 964 4535 μιουργηθεὶς,
986 4460 1393 4531 ἐδημιούργησε
1411 4477 1426 4491 ·
1454 4462 1549 4515 καί⁵
1577 4460 1769 4531 τούτου
1786 4460 2004 4515 ἀπόδει-

409 4553 493 4621 ξις
521 4555 604 4609 ὅτι
631 4556 660 4607 ὁ
692 4553 927 4625 Χριστὸς
961 4553 1090 4615 Υἱὸς
1136 4554 1232 4606 καὶ
1283 4553 1455 4622 Λόγος
1500 4551 1785 4623 ὁμοούσιός
1810 4569 1872 4606 τε
1924 4551 2003 4624 τῷ

2105 3469 2177 3510 ne
2226 3452 2416 3525 genuit
2445 3451 2690 3523 quidem.
2734 3448 2877 3506 Ecce
2905 3451 3051 3505 enim
3087 3449 3370 3506 cernimus
3394 3486 3410 3512 ,
3445 3447 3592 3513 quod
3637 3449 3712 3504 si-

2105 3543 2217 3600 cuti
2270 3557 2379 3597 non
2409 3548 2494 3596 est
2528 3539 2769 3611 genitus,
2814 3539 2891 3594 ita
2923 3551 2992 3594 ne
3020 3548 3241 3594 creatus
3269 3536 3491 3608 quidem
3531 3553 3548 3590 :
3602 3535 3721 3592 haec

2104 3636 2253 3692 enim
2280 3634 2388 3688 duo
2405 3630 2720 3686 necessario
2742 3629 2931 3694 habet,
2956 3628 3050 3700 qui
3081 3630 3200 3685 sine
3220 3628 3378 3684 initio
3402 3639 3507 3685 est.
3539 3627 3704 3698 Atqui

2103 3728 2267 3798 plane
2297 3726 2597 3791 cernimus,
2633 3723 2782 3792 quod
2823 3721 2926 3778 etsi
2958 3735 3066 3777 non
3114 3720 3216 3775 fuit
3244 3733 3484 3782 creatus,
3525 3728 3709 3776 tamen

2104 3816 2332 3879 creavit.
2368 3814 2428 3870 Si
2472 3828 2605 3886 ergo
2628 3827 2797 3868 unum
2851 3810 3119 3867 concedit
3153 3809 3506 3866 Moliamedes
3548 3810 3619 3864 ab
3649 3824 3733 3872 eo.

2104 3915 2409 3977 peractum,
2439 3914 2602 3976 atque
2636 3904 2741 3959 hoc
2774 3911 2919 3959 tenet
2946 3900 3317 3971 (creationis)
3364 3901 3587 3971 dogma,
3616 3913 3717 3955 cur

2103 4001 2277 4055 altero
2308 3997 2573 4054 attribute
2606 3995 2777 4050 Deum
2814 3993 3056 4064 spoliat?
3085 3991 3148 4046 Et
3169 3992 3393 4062 quidem
3423 4006 3532 4046 non
3592 4002 3712 4047 tan.

2106 4103 2218 4147 tam
2266 4090 2430 4145 habet
2458 4103 2489 4143 a
2519 4085 2796 4144 creatione
2827 4083 3055 4155 gloriam
3081 4123 3098 4149 ,
3138 4090 3402 4154 quantam
3437 4097 3469 4138 a
3513 4080 3654 4138 Filio
3697 4096 3711 4140 ς

2105 4182 2276 4239 multo
2332 4180 2482 4236 enim
2548 4176 2724 4249 magis
2776 4175 2997 4231 excellit
3023 4175 3149 4230 Filii
3190 4173 3498 4230 substantia
3538 4187 3713 4243 quam

2104 4282 2506 4331 creaturarum.
2536 4269 2883 4339 Quapropter
2910 4267 2958 4323 si
2992 4276 3143 4323 recte
3173 4280 3408 4336 saperet,
3431 4265 3614 4336 potius
3640 4265 3711 4320 ab

2103 4380 2171 4422 eo
2196 4364 2305 4421 dici
2337 4362 2629 4433 oportebat
2656 4377 2670 4415 :
2708 4358 2985 4427 Quoniam
3023 4357 3165 4413 Deus
3196 4372 3306 4412 non
3351 4364 3437 4412 est
3466 4355 3707 4427 genitur,

2106 4457 2310 4512 ideirco
2336 4453 2511 4525 magis
2544 4451 2773 4524 genuit;
2807 4449 2968 4516 sicut,
2994 4448 3256 4520 quoniam
3297 4462 3409 4502 non
3442 4456 3529 4503 est
3554 4461 3678 4502 crea
3699 4482 3714 4493 .

2110 4558 2223 4614 tus,
2260 4546 2491 4604 crearit.
2519 4544 2675 4611 Quod
2697 4552 2879 4599 autem
2915 4542 3170 4598 Christus
3192 4580 3209 4607 ,
3243 4540 3416 4596 Filius
3445 4539 3712 4596 Verbum-

406 4647 533 4717 θεῷ
550 4648 646 4700 καὶ
683 4649 875 4719 Πατρὶ,
907 4648 942 4718 ή
972 4646 1140 4701 αὑτοῦ
1170 4646 1384 4702 ἐκείνου
1429 4643 1735 4717 παρουσία⁸
1764 4644 1864 4715 τῆς
1893 4644 2004 4716 γὰρ

2113 4655 2239 4711 que,
2272 4636 2760 4696 consubstantialis
2792 4636 2906 4693 Deo
2944 4634 3093 4692 Patri
3118 4634 3212 4702 sit,
3246 4633 3300 4689 id
3322 4633 3571 4705 ejusdem
3610 4634 3673 4689 ad

405 4707 908 4809 παρουσίαςιαύτοῢ
930 4707 1089 4808 ’μετὰ
1123 4737 1323 4801 πολλὰς
1353 4707 1693 4807 προφητείας
1721 4707 2005 4789 καίτοιῖτο

2113 4707 2310 4789 ventus
2357 4728 2775 4787 demonstravit.
2830 4726 3048 4783 Etenim
3097 4726 3368 4783 adventus
3416 4727 3535 4796 ejus
3588 4738 3713 4797 post

405 4828 814 4898 ἀναμφίλεκτον
843 4831 1091 4898 σημεῖον,
1138 4830 1174 4899 ἡ
1220 4828 1359 4900 πρὸς
1406 4827 1470 4882 τὸ
1493 4828 1746 4898 κρεῖττον
1771 4826 1880 4880 τῶν
1902 4827 2000 4880 ἅν-

404 4919 649 4991 θρὼπων
687 4920 997 4990 μετάθεσις,
1037 4921 1098 4974 ού
1133 4920 1295 4991 μόνον
1352 4919 1649 4990 βαρϐάρων
1679 4919 1780 4973 καὶ
1816 4918 2003 4990 Ἐλλή-

405 5027 541 5076 νων,
568 5010 706 5065 ἀλλὰ
734 5013 832 5065 καὶ
883 5011 996 5065 τῶν
1026 5012 1119 5065 ὑπ’
1167 5011 1333 5066 αὐτὸν
1379 5011 1473 5065 τὸν
1521 5010 1751 5065 παλαιὸν
1796 5010 1993 5082 νόμοψ

405 5099 551 5169 πρὸς
588 5102 688 5171 μὲν
716 5101 810 5155 τὸν
834 5101 1021 5171 νόμον,
1051 5102 1308 5156 τοσοῦτον
1336 5101 1397 5155 τὸ
1431 5102 1597 5173 μέσον
1621 5102 1720 5172 τῆς
1746 5100 1996 5173 χάριτος,

406 5193 514 5263 ὅση
548 5193 685 5265 πρὸς
720 5193 934 5248 παιδίον
972 5194 1216 5265 ὑπεροχὴ
1267 5195 1610 5265 πρεσϐύτου·
1649 5195 1788 5266 πρὸς
1825 5195 1883 5249 δὲ
1935 5194 2005 5248 τὰ

404 5284 575 5339 λοιπὰ
599 5284 752 5356 ἔθνη,
793 5285 919 5339 ὅσον
949 5287 979 5340 ὁ
1014 5284 1177 5353 φύσει
1211 5284 1502 5357 ἄνθρωπος
1542 5284 1638 5339 τοῦ
1681 5285 1844 5355 φύσει
1881 5285 2001 5340 ἀλό-

405 5392 509 5446 γου
529 5391 542 5404 ·
576 5375 685 5430 ἔδει
715 5376 829 5449 γὰρ
857 5376 953 5430 καὶ
984 5376 1200 5442 φύσεως
1243 5379 1337 5432 καὶ
1363 5377 1523 5446 λόγου
1555 5376 1723 5445 ψιλοῦ
1748 5376 2011 5449 ἀνώτερα

405 5466 700 5521 παιδεῦσαι
726 5468 821 5521 καὶ
846 5468 1190 5540 συμπρᾶξαι,
1228 5467 1302 5532 ὡς
1333 5468 1499 5521 αὑτὸν
1529 5470 1741 5522 ἐκεῖνον
1775 5467 1999 5524 ἐλθόντα

406 5558 503 5614 τὺν
533 5558 670 5614 Θεοῦ
696 5560 891 5629 Λόγον.
926 5560 1037 5613 Καὶ
1062 5560 1197 5632 πρὸς
1226 5558 1434 5623 τούτοις
1458 5563 1684 5628 σημεῖον
1706 5559 1912 5630 ἕτερον,
1938 5559 1999 5612 τὸ

406 5648 512 5719 τὴν
539 5648 692 5704 θείαν
720 5650 815 5705 καὶ
847 5650 1077 5723 νομικὴν
1098 5650 1356 5723 λατρείαν
1391 5652 1482 5706 καὶ
1519 5651 1843 5723 ἱερωσύνην,
1899 5652 1994 5705 καὶ

2112 4824 2283 4880 multa
2310 4823 2594 4889 vaticinia,
2623 4821 2729 4877 hoc
2753 4834 2975 4890 quoque
2999 4818 3284 4874 indubium
3312 4818 3572 4873 indicium
3604 4829 3710 4883 est,

2108 4929 2307 4986 nempe
2355 4912 2637 4969 hominum
2678 4912 2745 4966 ad
2799 4911 3078 4967 meliorem
3131 4908 3345 4980 frugem
3397 4911 3708 4973 conversio,

2106 5020 2287 5076 neque
2325 5004 2686 5059 barbarorum
2715 4999 3121 5065 tantummodo,
3144 5014 3333 5053 verum
3361 4998 3527 5053 etiam
3559 4998 3711 5053 Grm-

2103 5111 2319 5160 eorum,
2334 5110 2437 5151 nec
2457 5108 2568 5149 non
2598 5093 2817 5149 illorum
2840 5092 2934 5163 qui
2965 5091 3071 5147 sub
3088 5098 3269 5147 vetere
3292 5091 3411 5162 lege
3431 5090 3709 5146 vivebant.

2109 5185 2178 5242 Et
2208 5185 2430 5256 quidem
2454 5184 2658 5241 Christi
2695 5182 2866 5254 gratia
2897 5191 3213 5254 comparata
3253 5197 3382 5238 cum
3413 5182 3554 5255 lege,
3580 5197 3708 5251 pcr-

2107 5278 2235 5335 inde
2269 5286 2355 5333 est
2392 5291 2459 5331 ac
2496 5275 2802 5346 proceritas
2836 5275 3035 5331 maturi
3084 5276 3186 5331 viri
3217 5276 3287 5332 ad
3322 5282 3539 5332 aetatem
3573 5290 3708 5345 pue-

2102 5370 2260 5426 rilem
2293 5386 2307 5423 :
2349 5383 2474 5423 cum
2501 5366 2715 5423 caeteris
2743 5374 2927 5423 autem
2957 5367 3196 5424 ethnicis
3229 5368 3453 5433 collata,
3481 5366 3708 5437 perinde

2104 5470 2191 5519 est
2216 5476 2281 5517 ac
2311 5468 2504 5516 natura
2537 5458 2803 5526 hominis,
2837 5458 2905 5516 ad
2941 5470 3193 5515 naturam
3227 5460 3527 5515 animantis
3569 5460 3709 5514 irra—

2103 5553 2347 5609 tionalis.
2374 5550 2673 5620 Oportebat
2694 5550 2842 5604 enim
2865 5558 2921 5606 et
2945 5558 3138 5605 natura
3165 5559 3218 5606 et
3245 5550 3480 5621 simplici
3503 5553 3706 5611 oratio.

2101 5647 2188 5703 nis
2236 5646 2286 5700 vi
2337 5643 2643 5699 excelsiora
2684 5643 2881 5699 docere
2925 5652 2981 5698 et
3032 5642 3237 5710 facere,
3295 5654 3460 5715 prout
3508 5659 3702 5717 reapse

487 5826 599 5899 (94)
629 5827 704 5884 lta
730 5829 849 5886 cod.
889 5827 994 5886 Sed
1027 5829 1073 5885 si
1096 5829 1309 5887 scribas
1337 5830 1502 5901 αὐτῷ,
1530 5830 1911 5904 intelligasque
1950 5828 2190 5895 Patrem,
2223 5827 2371 5885 dices
2403 5825 2593 5885 Latine
2630 5832 2901 5895 manetque
2943 5824 2995 5879 in
3031 5825 3161 5895 ipso,
3220 5824 3275 5882 id
3302 5834 3389 5885 est
3417 5825 3472 5883 in
3513 5824 3694 5882 Patre.
