4048 6424
477 387 598 450 780

1666 390 2104 454 REFUTATIO
2136 395 2614 462 MOHAMEDIS.

3655 405 3765 471 790

478 499 793 574 διῃρημένη
822 499 923 571 τῆς
977 501 1118 557 κατά
1166 501 1266 574 τὴν
1306 504 1536 577 πρώτην
1573 504 1900 561 ἀκολουθίαν
1943 526 2072 562 συν-

2201 513 2345 570 ionis
2399 515 2622 571 initium
2683 526 2788 586 est,
2826 534 2855 574 a
2887 519 3191 590 superioris
3241 529 3536 579 contextus
3583 522 3766 579 conti-

480 594 706 664 εχείαςο
734 594 767 663 ή
798 590 854 646 se
883 593 1182 649 ἀκολουθία
1208 597 1309 664 τὴν
1337 596 1404 650 ὲκ
1434 599 1531 667 τῆς
1575 597 1843 669 διαθήκης
1881 599 2079 653 οἰκειό‹

481 703 631 756 τητα
663 685 948 739 ἀπέσωσεν
980 685 1068 750 ἂν,
1099 687 1148 739 εί
1183 686 1264 758 μὴ
1291 687 1520 753 διεκόπη
1549 689 1715 756 ἑτέρα
1736 691 1879 761 ἀρχή
1905 707 1919 722 ο
1947 691 2079 744 τίδὲ

482 778 597 846 φὴς
633 776 770 841 ὅλως
802 779 930 849 περὶ
965 779 1228 849 Ἰσμαήλς
1269 797 1286 831 ι
1327 780 1460 851 Περὶ
1503 780 1559 834 δὲ
1610 781 1854 851 Ἰσμαὴλ,
1889 785 2075 852 φησὶν,

488 872 606 925 ἰδοὺ
668 871 950 939 εὐλόγηκα
1003 870 1190 936 αὐτὸν,
1241 872 1332 926 καὶ
1387 873 1606 937 αὐξανῶ
1661 873 1823 928 αὑτὸν
1869 875 2078 947 σφόδρα

483 962 720 1032 σφόδρα.
746 981 766 1013 r
799 961 960 1015 Ἀλλά
988 960 1194 1034 ταύτην
1223 962 1320 1034 τὴν
1344 963 1614 1033 εὐλογίαν,
1631 966 1725 1018 καὶ
1757 965 1826 1020 τὰ
1857 968 2081 1021 πετεινά

479 1049 586 1103 τοῦ
632 1047 866 1119 οὐρανοῦ
901 1050 995 1103 καὶ
1025 1053 1156 1113 τοὺς
1193 1050 1386 1122 ἰχθύας
1413 1055 1513 1124 τῆς
1542 1053 1824 1125 θαλάσσης
1857 1055 2081 1130 εὐλόγη-

482 1157 623 1204 σαςο
656 1137 809 1195 οὔπω
831 1140 890 1195 δὲ
919 1140 1058 1214 αῦτη
1091 1141 1238 1208 ἰδίως
1272 1144 1579 1217 ἀνθρώπων
1602 1147 1730 1213 ἀξία
1762 1150 1796 1219 ή
1829 1149 2078 1220 εὐλογίαο

489 1253 511 1287 ι
551 1233 772 1289 Δώδεκα
813 1235 942 1306 ἔθνη
972 1237 1224 1308 γεννήσει
1249 1253 1264 1270 ο
1297 1257 1314 1290 ι
1343 1239 1439 1293 καὶ
1467 1241 1518 1294 τί
1555 1241 1744 1306 τοῦτο,
1779 1242 1856 1296 ὅτ’
1876 1243 1943 1297 ἂν
1979 1243 2082 1312 τῆς

483 1325 644 1390 θείας
684 1328 971 1397 εὐμενείας
1007 1330 1290 1402 ἀλλότριος
1343 1334 1635 1405 τυγχάνω
1676 1335 1817 1388 ὥστε
1855 1337 1964 1390 οὐδ’
2013 1337 2081 1391 ἂν

482 1416 590 1488 τὴν
615 1420 696 1482 εἰς
731 1418 938 1488 πλῆθος
961 1419 1191 1492 αὔξησιν
1234 1423 1413 1494 ἔσχεν,
1462 1426 1511 1478 εί
1559 1425 1634 1497 μὴ
1669 1426 1921 1498 Ἀϐραὰμ
1947 1429 2082 1499 ᾐτή-

486 1525 627 1562 σατο
647 1525 660 1540 ο
704 1529 724 1561 ι
747 1509 880 1564 Ἰδοὺ
906 1511 1041 1582 γὰρ,
1068 1513 1257 1585 φησὶν,
1293 1516 1577 1587 ἐπήκουσά
1609 1535 1701 1571 σου
1723 1534 1736 1548 ’
1773 1537 1790 1571 t
1823 1519 2000 1584 ἄλλως
2021 1537 2082 1575 τε

483 1600 588 1654 τοῦ
632 1602 764 1672 Χάμ
791 1602 924 1657 πολὺ
961 1605 1200 1661 ἐλάττων
1247 1607 1586 1678 καθέστηκεν
1629 1611 1883 1682 Ἱσμαήλ.
1913 1607 1980 1667 Τί
2023 1613 2084 1668 δὲ

485 1693 575 1756 εἰς
603 1693 778 1764 μάτην
809 1695 904 1748 καὶ
933 1694 994 1748 τὸ
1023 1695 1248 1766 πλῆθος,
1267 1697 1342 1751 ὅτ’
1365 1697 1432 1753 ἂν
1457 1700 1733 1772 ἄχρηστον
1764 1700 1832 1777 ﬁ;
1859 1703 2084 1768 εἰκότως

485 1785 605 1856 γάρ
638 1784 704 1840 ἂν
729 1786 906 1859 ἀκούῃ
935 1788 1084 1859 παρά
1108 1788 1203 1842 τοῦ
1247 1787 1477 1844 Ἡσαΐου
1501 1810 1515 1824 ·
1557 1812 1575 1844 ι
1601 1793 1964 1866 Ἐγεννήθητέ
1991 1812 2082 1865 μοι

2185 607 2451 663 nuatione
2516 609 2866 668 distinctum.
2922 610 3224 669 Contextus
3279 625 3482 680 autem,
3540 613 3767 672 foederis

2180 697 2462 754 vinculum
2495 700 2686 771 utique
2715 714 3117 772 conservasset,
3151 706 3255 760 nisi
3279 707 3512 762 alterum
3543 707 3760 762 initium

2181 791 2490 861 sejunctum
2541 793 2755 852 fuisset.
2814 797 2920 852 Sed
2967 798 3099 868 quid
3151 798 3374 854 demum
3423 800 3490 854 de
3538 799 3768 854 ismaele

2181 881 2301 936 ais?
2319 900 2337 934 ι
2359 881 2514 949 Quod
2535 887 2729 941 attinet
2753 887 2819 941 ad
2845 886 3152 953 lsmaelem,
3175 887 3373 958 inquit,
3405 891 3532 946 ecce
3561 900 3615 944 et
3638 889 3768 945 huic

2182 973 2458 1040 benedixi,
2486 977 2804 1050 augeboque
2832 980 2982 1035 illum
3012 997 3176 1052 quam
3204 984 3456 1038 maxime.
3484 1002 3502 1034 ο
3532 982 3770 1039 ϐαειετο-
3799 968 3803 973 ’

2181 1066 2314 1136 quin
2371 1067 2690 1140 huiusmodi
2735 1070 3119 1129 benedictione
3169 1074 3490 1130 volucribus
3547 1089 3767 1145 quoque

2183 1159 2309 1214 coeli
2359 1169 2416 1215 et
2459 1162 2632 1218 maris
2697 1162 2942 1234 piscibus
2991 1164 3322 1221 henedixisti
3370 1182 3385 1232 ;
3430 1181 3606 1236 neque
3653 1167 3769 1220 hmo

2183 1247 2498 1307 hominibus
2532 1253 2664 1310 satis
2689 1254 2853 1324 digna
2907 1255 3214 1312 benedictio
3268 1268 3373 1312 est.
3413 1277 3428 1309 ι
3466 1256 3768 1312 Duodecim

2182 1342 2412 1411 p0pulos
2457 1343 2663 1414 gignct.
2703 1363 2723 1396 ι
2758 1344 2864 1401 Sed
2892 1347 3024 1416 quid
3061 1347 3165 1400 hoc
3200 1346 3420 1407 demum
3451 1355 3562 1408 est.
3598 1347 3642 1401 si
3685 1345 3770 1400 di-

2182 1433 2309 1488 vina
2337 1434 2715 1491 benevolentia
2741 1437 2954 1493 alienus
2983 1439 3129 1493 erit?
3160 1439 3274 1493 [mo
3297 1454 3365 1493 ne
3397 1437 3770 1493 multitudinis

2184 1523 2407 1595 quidem
2461 1526 2865 1583 incrementum
2916 1529 3219 1596 habuisset,
3270 1531 3376 1586 nisi
3422 1530 3771 1588 Abrahamus

2188 1630 2290 1687 pro
2317 1615 2412 1672 illo
2436 1627 2672 1674 orasset.
2701 1639 2717 1670 ι
2747 1619 2885 1674 Ecce
2911 1621 3080 1684 enim,
3106 1620 3284 1692 inquit
3314 1620 3482 1684 Deus,
3516 1618 3772 1675 exaudivi

2185 1712 2260 1760 te.
2305 1725 2324 1758 ι
2356 1705 2666 1778 Caeteroqui
2701 1707 2910 1764 Chamo
2944 1711 3116 1765 multo
3166 1711 3346 1766 minor
3395 1709 3500 1766 fuit
3551 1709 3767 1765 lsmael.

2184 1795 2286 1853 Cui
2315 1799 2457 1855 bono
2501 1810 2684 1856 autem
2731 1802 3046 1868 multitudo,
3079 1803 3123 1858 si
3165 1803 3388 1875 quidem
3436 1803 3582 1858 haud
3619 1817 3773 1859 com-

487 1877 576 1938 είς
607 1875 948 1948 πλησμονήν.
986 1897 1004 1930 ι
1047 1879 1110 1932 Ὢ
1133 1879 1235 1950 τῆς
1259 1880 1353 1934 τοῦ
1382 1881 1518 1935 Θεοῦ
1553 1885 1951 1953 προγνώσεωςί
1999 1885 2083 1939 ὅτι

2197 1891 2352 1948 moda
2412 1892 2666 1948 evadet?
2708 1892 2903 1950 Merito
2969 1894 3118 1950 enim
3183 1872 3382 1950 audies
3442 1896 3510 1950 ab
3570 1894 3770 1950 Isaia:

489 1967 594 2020 καὶ
615 1968 708 2022 τοῦ
725 1968 978 2041 Ἀϐραὰμ
1000 1969 1132 2024 Θεὸν
1160 1971 1534 2038 λιτανεύοντος
1557 1975 1696 2047 ὑπὲρ
1723 1975 1816 2030 τοῦ
1836 1977 2080 2049 Ἰσμαὴλ,

489 2057 596 2127 τὴν
624 2060 704 2123 εἰς
732 2059 937 2129 πλῆθος
969 2060 1198 2133 αὔξησιν
1233 2063 1329 2117 καὶ
1364 2065 1524 2133 μόνον
1558 2066 1880 2136 κομίζεται·
1902 2067 2000 2137 τῆς
2027 2068 2086 2122 δὲ

485 2148 763 2220 διαθήκης
791 2150 884 2204 τοῦ
926 2151 1062 2204 Θεοῦ
1101 2152 1251 2218 ξένος
1310 2153 1404 2208 καὶ
1447 2156 1726 2228 ἀλλότριος
1781 2158 1872 2210 ὑπ’
1920 2159 2086 2212 αὑτοῦ

489 2237 594 2291 τοῦ
625 2237 763 2293 Θεοῦ
802 2242 1328 2312 ἀποδιαστέλλεται,
1381 2245 1457 2309 ὼς
1492 2247 1679 2302 ’ῐσαάκ
1731 2249 1892 2318 μόνον
1934 2250 2088 2315 ὗντος

489 2325 650 2396 ἀξίου
676 2331 878 2407 ταύτην
907 2333 1291 2405 κληρονομεῖν,
1318 2335 1406 2391 διὰ
1429 2336 1518 2390 τὸν
1538 2336 1597 2403 ἐξ
1626 2339 1794 2393 αὑτοῦ
1825 2339 2090 2410 μέλλοντα

491 2425 864 2496 προέρχεσθαι
909 2427 1278 2499 εὐλογημένον
1331 2430 1570 2502 Χριστὸν
1617 2433 1712 2486 καὶ
1767 2433 1922 2488 Θεόν.
1977 2435 2090 2488 Καὶ

490 2511 660 2568 τοῦτο
695 2517 752 2570 δὲ
793 2516 1070 2589 θαυμάσαι
1098 2520 1247 2574 ἐστιν
1309 2519 1392 2576 ὃτι
1433 2523 1562 2594 περὶ
1598 2524 1696 2595 μὲν
1723 2524 1944 2579 πάντων
1979 2525 2089 2581 τῶν

490 2607 669 2661 ἐθνῶν
703 2608 920 2681 εἴρηται
963 2613 1029 2682 τῇ
1085 2613 1432 2686 προφητείᾳ,
1485 2614 1562 2679 ὡς
1612 2615 2090 2687 Μνησθήσονται

491 2703 598 2755 καί
630 2703 1192 2775 ἐπιστραφήσοντιιι
1226 2709 1379 2776 πρὸς
1405 2709 1628 2778 Κύριον
1654 2710 1852 2766 πάντα
1878 2713 1952 2766 τὰ
1979 2711 2088 2765 πέ-

482 2810 648 2863 ρατα
669 2793 779 2864 τῆς
803 2796 932 2866 γῆς.
958 2799 1195 2863 Τούτους
1220 2799 1278 2854 δὲ
1309 2802 1610 2872 ἀμετόχους
1632 2803 1732 2874 τῆς
1761 2799 1928 2858 αὑτοῦ
1969 2805 2085 2858 διαο

493 2887 679 2956 θήκης
725 2887 886 2953 αὐτὸς
921 2890 1110 2955 όθεδς
1164 2891 1403 2964 ἔκρινεν,
1461 2896 1678 2960 πάντως
1738 2897 1826 2951 διὰ
1885 2898 1949 2953 τὸ
1997 2899 2091 2955 τὸν

493 2978 878 3050 ἀντικείμενον
904 2982 1202 3054 λεγόμενον
1225 2985 1456 3056 δαίμονα
1487 2986 1839 3058 θεραπεύειν.

574 3075 682 3138 ἥγ’.
725 3071 788 3126 El
821 3072 914 3127 οὖν
960 3076 1124 3140 αὐτὸς
1152 3078 1180 3130 ὁ
1204 3076 1339 3142 Θεὸς
1373 3077 1717 3149 ἀμεθὲκτους
1747 3081 1947 3143 αὐτοὺς
1980 3082 2082 3152 τῆς

496 3159 670 3215 αὐτοῦ
725 3162 994 3237 διαθήκης
1047 3167 1298 3238 εποίησε,
1351 3169 1447 3222 και⁹
1479 3169 1639 3224 τοῦτο
1690 3171 1848 3242 δῆλον
1883 3174 1947 3226 ἐκ
1995 3172 2091 3226 τοῦ

501 3255 674 3326 μέχρι
701 3258 797 3310 καὶ
823 3257 918 3311 νῦν
951 3259 1026 3330 μὴ
1057 3259 1452 3332 καταδέχεσθαι
1479 3263 1680 3327 αὐτοὺς
1709 3267 1775 3336 τῇ
1805 3263 2092 3336 ίσαγγελίᾳ

497 3345 608 3416 τῆς
635 3346 783 3412 θείας
809 3349 1035 3422 Γραφῆς
1061 3351 1490 3423 μαθητεύεσθαι·
1515 3354 1680 3408 πόθεν
1709 3355 1739 3407 ό
1765 3355 2098 3426 καμηλὼδτ,ς

495 3437 640 3509 γόης
670 3440 878 3505 ἐκεῖνος
908 3441 1006 3509 τὴν
1032 3442 1223 3513 τρίτην
1258 3444 1525 3516 διαθήκην
1556 3446 1834 3517 ἐκόμισεν,
1865 3447 2098 3511 ἀναιδῶς

494 3529 603 3583 τοῦ
633 3530 768 3584 Θεοῦ
803 3533 1293 3604 καταψευσάμενος
1324 3535 1616 3608 οὐρανόθεν
1643 3537 1844 3608 λήρους
1870 3539 1964 3591 καὶ
1991 3536 2096 3609 μῦ-

501 3623 637 3687 θους
664 3624 758 3677 καὶ
789 3625 1059 3689 ἀσωτείας
1086 3627 1183 3680 καὶ⁴
1226 3627 1497 3700 φλυαρίας
1532 3629 1808 3698 ἀγνωσίας
1829 3647 1889 3684 τε
1917 3630 2100 3701 πάσης

500 3716 603 3769 καὶ
632 3715 905 3784 ἀμαθείας
949 3719 1355 3790 μεμεστωμένα
1410 3719 1662 3791 δέχεσθαι
1691 3720 2099 3790 ἀλαζονευόμε-

501 3822 636 3873 νος;
664 3805 742 3860 ὅτ’
769 3806 834 3862 ἂν
865 3807 1000 3880 λέγῃ
1031 3809 1254 3881 Μαρίαν
1283 3811 1382 3880 τὴν
1413 3811 1698 3876 Μωῦσέως
1726 3813 1967 3884 ἀδελφὴν
2006 3813 2099 3866 τὸν

503 3897 750 3968 Χριστὸν
785 3901 1045 3970 γεννῆσαι
1067 3893 1336 3973 (96),ἇρα
1366 3903 1754 3958 ὑπολέλειπται
1787 3903 2100 3975 ἀφροσύνης

505 3989 814 4064 ὑπερϐολὴ,
867 3994 961 4046 καὶ
1006 3994 1282 4062 ἀγνωσίας
1335 3977 1604 4067 ὑπεροχὴ,¹
1667 3995 1733 4068 ἢν
1781 3995 1944 4060 αὐτὸς
1977 3996 2100 4050 καθ’

509 4083 711 4137 ἑαυτοῦ
740 4088 769 4139 ό
801 4086 1130 4158 μαινόμενος
1158 4077 1316 4151 οὗτος
1337 4088 1399 4141 οὐ
1437 4087 1762 4159 κατεχέετο;
1795 4089 1960 4142 πόσον
1991 4089 2102 4162 γὰρ

513 4171 586 4226 ἂν
623 4173 785 4229 αὑτὸν
815 4175 994 4228 οἴεσθε
1024 4176 1433 4246 καταγελᾶσθαι
1479 4179 1544 4231 ὲκ
1584 4179 1776 4231 τούτου
1807 4180 1957 4250 ποιρά
1994 4180 2104 4236 τῶν

525 4263 822 4333 Ἰουδαίων,
875 4267 1029 4340 παρά
1075 4267 1184 4322 τῶν
1239 4267 1618 4341 Σαμαρειτῶν,
1673 4269 1828 4342 παρά
1879 4271 2100 4326 πάντων

515 4355 706 4422 ἁπλῶς
721 4359 830 4413 τῶν
861 4361 1156 4431 μετιόντων
1179 4361 1277 4433 τὴν
1307 4361 1550 4417 Παλαιὰν
1583 4361 1615 4433 ἢ
1645 4363 1738 4416 καὶ
1764 4363 1863 4435 τὴν
1893 4364 2104 4437 Καινὴν

511 4452 834 4524 Διαθήκην;
870 4451 1042 4507 Πόθεν
1075 4453 1190 4520 οῦν,
1235 4457 1422 4525 φησὶν,
1457 4455 1765 4528 ἐθάρρησεν
1809 4457 1982 4528 αὐτὴν
2009 4459 2105 4512 οὐ·
2151 4508 2154 4510 γ

2197 2001 2216 2037 ι
2244 1983 2423 2039 Geniti
2457 1985 2590 2041 mihi
2614 1986 2748 2041 estis
2772 1986 2838 2042 ad
2867 2002 3128 2042 nauseam
3163 1985 3230 2040 “.
3255 2006 3274 2040 ι
3303 1985 3346 2042 Ο
3365 1985 3457 2042 Dei
3484 1987 3776 2056 praescien-

2190 2076 2320 2131 tiam
2357 2075 2369 2130 !
2403 2077 2754 2133 Ahrahamus
2787 2077 2958 2132 Deum
3001 2093 3101 2149 pro
3131 2077 3362 2133 Ismaele
3408 2091 3597 2142 orans,
3640 2075 3777 2130 nihil

2194 2166 2344 2222 aliud
2388 2168 2647 2238 impetrat
2683 2183 2851 2239 quam
2898 2168 3084 2239 populi
3123 2169 3522 2224 incrementum
3553 2185 3569 2222 :
3606 2182 3634 2220 a
3673 2163 3777 2220 [(B-

2187 2257 2315 2313 dere
2339 2266 2521 2312 autem
2551 2257 2644 2314 Dei
2671 2259 2884 2314 alienus
2911 2268 2964 2313 et
2983 2267 3300 2322 extraneus,
3321 2257 3442 2327 ipso
3465 2256 3556 2312 Dei
3575 2271 3672 2310 ore
3686 2256 3778 2309 hic

2190 2350 2573 2415 constituitur,
2635 2365 2736 2406 ceu
2786 2351 2833 2406 si
2891 2350 3041 2407 solus
3087 2351 3242 2407 Isaac
3294 2349 3492 2420 dignus
3541 2358 3688 2405 esset
3723 2350 3774 2404 id

2192 2440 2501 2510 possidere,
2549 2448 2772 2511 propter
2814 2442 3084 2496 oriturum
3136 2455 3202 2496 ex
3251 2437 3371 2510 ipso
3426 2438 3775 2494 benedictum

2191 2531 2471 2587 Christum
2515 2547 2580 2587 ac
2625 2530 2820 2588 Deum.
2876 2531 3057 2602 Atque
3083 2533 3186 2588 hoc
3219 2532 3467 2587 mirabile
3492 2539 3596 2596 est,
3631 2530 3778 2600 quod

2205 2623 2272 2677 de
2296 2623 2508 2678 etetet'is
2529 2623 2748 2679 cunctis
2766 2624 3022 2695 gentibus
3051 2623 3260 2679 dictum
3287 2634 3370 2678 est
3403 2639 3433 2677 a
3467 2623 3778 2692 prophetia,

2195 2713 2311 2769 fore
2343 2722 2402 2768 ut
2448 2714 2860 2768 reminiscantur
2897 2723 2946 2768 et
2977 2722 3356 2768 convertantur
3391 2714 3460 2768 ad
3491 2713 3779 2767 Dominum

2193 2806 2424 2861 universi
2453 2806 2584 2875 ﬁnes
2615 2814 2770 2860 terra:
2797 2806 2862 2859 ³⁸.
2905 2805 3212 2861 lsmaelitas
3243 2815 3430 2860 autem
3476 2807 3620 2859 haud
3663 2805 3782 2860 fore

2195 2896 2495 2968 participes
2582 2895 2830 2963 {cedet-is,
2902 2899 3018 2968 ipse
3081 2895 3228 2952 Deus
3287 2896 3594 2966 judicavit,
3660 2897 3781 2952 ideo

2195 3003 2426 3058 prorsus
2465 2988 2596 3059 quia
2648 2989 3027 3044 adversarium
3076 2987 3193 3055 ejus
3227 2987 3535 3044 daemonem
3572 2989 3779 3042 colunt.

2273 3077 2362 3133 93.
2408 3077 2465 3134 Si
2511 3095 2643 3150 ergo
2690 3079 2807 3150 ipse
2855 3079 2999 3136 Deus
3049 3079 3260 3135 foedere
3315 3095 3418 3134 suo
3469 3078 3778 3134 lsmaelitns

2198 3171 2448 3237 exclusit,
2506 3171 2670 3242 idque
2712 3170 2838 3226 inde
2897 3180 3140 3238 constat,
3176 3171 3309 3242 quia
3341 3187 3514 3242 usque
3543 3172 3609 3226 ad
3641 3173 3782 3226 hanc

2199 3263 2345 3319 diem
2394 3263 2690 3320 noluerunt
2725 3279 2757 3320 a
2794 3263 2993 3318 divinat
3043 3263 3344 3334 Scripturte
3391 3265 3638 3334 angelica
3685 3265 3784 3317 do-

2201 3355 2379 3414 ctrina
2419 3355 2626 3411 erudiri
2657 3374 2672 3424 ;
2700 3356 2976 3412 undenam
3021 3356 3355 3413 camelarius
3392 3358 3654 3427 deceptor
3695 3356 3786 3411 ille

2201 3446 2424 3502 tertium
2463 3444 2643 3502 medus
2675 3446 3027 3516 impudenter
3055 3445 3274 3510 detulit,
3307 3445 3640 3500 calumniam
3671 3443 3784 3498 Deo

2208 3537 2418 3593 faciens
2447 3538 2722 3608 iactanter
2755 3537 3008 3602 dicendo,
3055 3552 3114 3594 se
3147 3537 3216 3593 de
3250 3537 3392 3593 cmlo
3435 3527 3610 3608 nugas
3657 3552 3788 3592 suas

2201 3641 2257 3686 et
2288 3631 2503 3686 fabulas
2536 3639 2591 3685 et
2620 3629 2857 3700 ineptias
2885 3629 3105 3685 inscitia
3135 3628 3568 3700 insipientiaque
3599 3629 3788 3700 plenas

2201 3722 2500 3793 accipere?
2529 3723 2635 3788 Qui
2687 3723 2764 3776 ait
2795 3720 3027 3776 Mariam
3065 3719 3271 3792 Moysis
3319 3735 3569 3777 sororem
3619 3719 3786 3774 Chri-

2204 3821 2348 3866 stum
2400 3812 2702 3881 peperisse,
2753 3825 2823 3863 an
2873 3824 3148 3864 summam
3193 3809 3438 3880 aliquam
3495 3809 3786 3864 stultitiam

2202 3904 2646 3973 exquisitamque
2680 3900 2958 3956 inscitiam
2992 3900 3200 3966 omisit,
3232 3916 3399 3970 quam
3434 3901 3667 3955 insanus
3703 3900 3790 3956 hic

2205 3994 2260 4050 in
2299 4001 2466 4064 caput
2490 3994 2776 4065 pr0prium
2807 4006 2915 4046 non
2948 3991 3242 4048 ell'uderit?
3265 3991 3616 4063 Quantopere
3642 3992 3790 4047 hunc

2203 4100 2235 4138 a
2279 4081 2484 4138 ludatis
2515 4081 2585 4138 ob
2634 4082 2687 4137 id
2731 4081 2948 4136 irrideri
2992 4083 3216 4152 putatis,
3253 4090 3308 4136 et
3342 4097 3372 4135 a
3403 4080 3790 4147 Samaritanis,

2206 4187 2374 4247 atque
2399 4177 2467 4232 ab
2485 4175 2745 4230 omnibus
2775 4184 3046 4246 quotquot
3070 4172 3238 4230 Vetus
3253 4175 3578 4244 Novumque
3601 4173 3793 4229 Testa-

2207 4279 2455 4326 mentum
2482 4269 2794 4326 noverunt?
2823 4267 3110 4335 Quomodo
3141 4269 3310 4340 igitur
3331 4285 3498 4324 ausus
3517 4279 3622 4332 est,
3645 4270 3793 4324 dicet

2207 4363 2426 4433 aliquis,
2460 4361 2660 4417 librum
2712 4360 2866 4415 illum
2914 4359 3188 4431 appellare
3228 4360 3508 4416 caelestem
3539 4357 3794 4429 ?Ncmpe

2208 4455 2338 4527 quia
2376 4455 2679 4526 inspiratus
2715 4451 2820 4508 fuit
2851 4452 2920 4508 ab
2950 4467 3018 4507 eo
3053 4452 3148 4524 qui
3179 4451 3316 4506 dixit
3344 4471 3357 4508 :
3390 4451 3600 4506 Ponant
3642 4451 3794 4504 thro-

517 4543 711 4614 ρανίαν
740 4542 968 4597 καλέσαι
993 4544 1206 4615 βίϐλονς
1250 4546 1345 4598 Ἐκ
1377 4544 1473 4599 τοῦ
1503 4544 1921 4616 ὲμπιιευσθῆναι
1939 4547 2093 4602 αὑτὸν

2209 4565 2335 4604 nunt
2365 4563 2538 4601 meum
2570 4547 2626 4600 in
2656 4544 2880 4600 nubibus
2909 4545 3049 4612 cazlt',
3085 4545 3280 4599 similis
3311 4560 3402 4600 ero
3428 4545 3704 4599 Altiuimo
3727 4544 3795 4609 ³³,

515 4634 672 4706 παρά
704 4635 795 4689 τοῦ
829 4637 1144 4707 εἰρηκότος·
1195 4637 1372 4705 Θήσω
1411 4638 1522 4692 τὸν
1569 4637 1791 4706 θρόνον
1838 4655 1960 4708 μου
2004 4629 2108 4694 ἐπὶ

515 4724 643 4779 τῶν
669 4727 946 4794 νεφελῶν
979 4727 1087 4781 τοῦ
1122 4727 1409 4796 οὐρανοῦ,
1433 4729 1533 4784 καὶ
1565 4727 1784 4808 ἔσομαι
1809 4728 2012 4798 ὅμοιος
2027 4729 2108 4796 τῷ

528 4812 821 4883 ’Υιίοίστιικ
852 4815 949 4868 τοῦ
976 4817 1128 4881 ὄντος
1155 4817 1254 4870 καὶ
1285 4817 1584 4887 λεγομένου
1610 4817 1814 4890 πατρὸς
1836 4819 1932 4872 τοῦ
1971 4819 2106 4888 ψεύο

516 4906 664 4970 δους.
695 4906 790 4970 Τίς
816 4909 927 4979 γὰρ
958 4907 1024 4963 ἄν
1067 4909 1203 4973 ὅλως
1227 4909 1470 4980 ἐντυχὼν
1513 4913 1586 4980 τῇ
1613 4910 1736 4981 θείᾳ
1782 4911 1974 4982 Γραφῇ
2005 4912 2108 4966 οῦκ

517 4999 934 5073 ικπλαγήσεται
963 5001 1042 5072 τῷ
1075 5001 1297 5071 μεγέθει
1346 5000 1442 5054 τοῦ
1475 5002 1724 5072 ψεύδους,
1756 5003 1839 5056 ὅτ’
1862 5001 1932 5056 ἂν
1973 5002 2106 5075 λέγῃ

517 5093 758 5162 Χριστὸν
789 5095 855 5147 ὲκ
879 5093 1101 5163 Μαρίας
1128 5094 1228 5163 τῆς
1262 5093 1496 5166 ἀδελφῆς
1529 5093 1810 5157 Μωῡσέως
1839 5096 2108 5164 γεγεννῆ-

521 5183 684 5252 σθαις
717 5185 785 5238 Ὢ
802 5188 897 5240 τοῦ
921 5187 1132 5257 μακροῦ
1146 5190 1333 5260 γήρως
1361 5189 1461 5259 τῆς
1488 5187 1768 5260 Παρθένου
1787 5189 1799 5241 l
1820 5187 2110 5258 δισχιλίων

518 5278 634 5347 γάρ
670 5297 787 5343 πως
817 5282 1007 5350 σχεδὸν
1041 5282 1178 5334 ἑτῶν
1205 5280 1490 5350 περιόδους
1527 5279 1893 5353 παρεληλύθει
1946 5281 2108 5352 μέχρι

519 5371 768 5440 Χριστοῦ
795 5374 1126 5444 γεννήσεως,
1163 5371 1257 5442 ἀφ’
1297 5368 1360 5426 οὗ
1410 5372 1602 5442 Μαρία
1626 5374 1696 5426 τά
1721 5371 1974 5443 κύμϐαλα
2009 5374 2107 5426 ἀν·

2212 4640 2282 4696 ab
2318 4653 2403 4706 eo,
2454 4638 2703 4709 inquam,
2740 4639 2832 4708 qui
2859 4646 2945 4692 est
2974 4645 3028 4692 et
3054 4635 3257 4691 dicitur
3306 4636 3578 4691 mendacii
3615 4643 3794 4705 pater.

2211 4731 2346 4800 Quis
2391 4731 2539 4788 enim
2579 4732 2778 4786 divinat
2813 4730 3113 4799 Scripturae
3149 4732 3376 4802 peritus,
3414 4736 3522 4785 no‘n
3556 4729 3799 4800 stupehit

2211 4823 2484 4880 mendacii
2509 4823 2907 4878 immanitatem
2944 4863 2958 4889 ,
2998 4838 3123 4878 cum
3157 4827 3233 4878 ait
3257 4822 3610 4877 Mohamedes
3637 4823 3800 4876 Chri—

2212 4930 2358 4974 Stum
2401 4930 2468 4972 ex
2493 4915 2662 4970 Maria
2702 4915 2906 4987 Moysis
2942 4931 3134 4972 sorore
3170 4926 3360 4970 natum
3387 4915 3468 4968 lo
3498 4915 3797 4984 longaevam

2213 5009 2444 5080 virginis
2475 5017 2814 5065 senectutem
2846 5011 2860 5063 l
2893 5010 3092 5063 etenim
3130 5009 3214 5064 bis
3244 5008 3394 5064 mille
3421 5007 3592 5063 ferme
3618 5019 3796 5062 anno-

2215 5115 2340 5156 rum
2383 5100 2758 5156 revolutiones
2804 5101 3238 5155 intercesserunt
3271 5115 3448 5170 usque
3487 5100 3556 5153 ad
3592 5096 3798 5152 Christi

2217 5188 2582 5256 nativitatem,
2622 5205 2689 5246 ex
2717 5205 2826 5262 quo
2875 5189 3043 5245 Maria
3093 5190 3406 5262 cymbalum
3451 5187 3690 5257 pulsavit
3728 5184 3794 5240 “.

2216 5285 2484 5340 Praeclare
2523 5284 2652 5340 hinc
2673 5299 2806 5340 sane
2830 5285 3296 5341 demonstrabitur
3335 5297 3402 5338 ex
3446 5281 3646 5336 Davide
3673 5278 3798 5334 les-

2218 5377 2311 5430 sati
2380 5376 2494 5430 tilio
2559 5382 2895 5446 propagatus
2951 5374 3254 5431 Christus!
3302 5371 3554 5427 Haecine
3613 5367 3796 5422 divina

603 5562 650 5602 ⁹¹
679 5564 788 5626 fsa.
822 5581 864 5639 I,
896 5569 981 5627 14.
1059 5571 1108 5604 ’θ
1136 5563 1283 5626 Psal.
1322 5585 1438 5637 χιι,
1462 5570 1554 5628 28.
1635 5573 1684 5606 ³⁸
1725 5569 1830 5629 lsa.
1873 5589 1986 5635 xxv,
2017 5573 2093 5628 Η.

2197 5573 2227 5606 ⁵⁸
2253 5575 2428 5631 Exod.
2460 5591 2550 5640 xv,
2589 5573 2681 5630 20.

603 5746 894 5824 (θεν-ηπ
919 5750 986 5824 de
1015 5766 1076 5806 re
1103 5751 1344 5824 diximus
1375 5751 1487 5824 iam
1538 5749 1653 5824 col.
1674 5751 1803 5814 708,
1836 5751 1964 5807 adn.
2000 5754 2084 5817 l9,
2115 5762 2170 5808 et
2192 5755 2298 5812 col.
2323 5755 2450 5822 727,
2468 5755 2593 5811 adn.
2628 5753 2700 5809 69
2724 5771 2739 5824 ;
2759 5765 3074 5824 quanquam
3107 5749 3268 5824 paulo
3298 5749 3464 5809 latius
3510 5748 3639 5807 iacit
3668 5749 3802 5806 illud

533 5822 810 5892 Iempwis
834 5822 1070 5892 spatium
1104 5821 1345 5880 Nicetes.

1430 5823 1600 5878 idesis
1619 5823 1838 5878 Eusebii
1863 5825 2186 5881 chronicon.
