4048 6482
471 443 573 508 791

1741 441 2037 504 NICET/E
2079 443 2485 504 BYZANTINI

3619 457 3725 522 792

465 559 749 628 Scriptura
803 569 887 614 est
927 559 950 612 ?
989 559 1076 616 hic
1111 561 1350 618 caelestis
1412 561 1548 617 liber
1578 561 1602 615 ?
1637 559 1682 616 Ο
1714 560 1982 616 inscitiam

2112 561 2465 631 _sxpov3mto.
2515 563 2730 637 Σφόδρα
2763 563 2820 618 δῖε
2847 567 2942 621 καὶ
2983 569 3150 625 Δαϐίδ
3202 572 3316 636 υίὸς
3360 574 3456 628 τοῦ
3500 574 3721 644 Ἰεσσαὶ,

466 664 498 704 0
531 650 831 704 infelicium
862 651 1218 708 barbarorum
1257 656 1581 710 dementiam
1625 656 1639 708 ι

2150 655 2214 708 ἐκ
2247 655 2442 709 τούτου
2471 657 2525 710 δὲ
2557 659 2585 710 6
2617 659 2851 728 Χριστὸς
2885 663 3256 733 καταγόμενος
3303 666 3720 722 ἀποδείκνυται·

464 739 623 794 τοῦτο
658 740 779 794 θεία
807 741 1030 813 Γραφή;
1079 745 1236 798 τοῦτο
1261 747 1509 818 οὐράνιον
1556 746 1794 817 βιϐλίον;
1851 744 1897 797 ὣ
1936 743 2043 798 ἀπὸ
2080 744 2180 816 τῆς
2211 747 2462 817 ἀλογίας]
2525 750 2570 803 ὣ
2600 751 2708 804 ἀπὸ
2770 751 2869 821 τῆς
2934 754 3122 818 ἀνοίας
3174 756 3284 812 τῶν
3333 758 3535 813 ἀθλίων
3593 759 3711 831 βαρ-

465 839 649 910 ϐάρων
670 847 684 897 ί

535 939 624 994 9t.
668 940 838 1011 Igitur
877 951 988 998 tum
1026 943 1151 1012 quia
1186 957 1215 996 a
1259 941 1457 996 divinm
1506 939 1806 1009 Scriptura:
1851 947 2037 992 mente

462 1031 674 1087 alienus
722 1048 949 1102 prorsus
997 1045 1047 1089 et
1091 1042 1385 1088 extraneus
1429 1041 1515 1088 est
1567 1033 1657 1088 hic
1710 1032 2035 1088 maledictus

462 1123 704 1189 ipsorum
760 1125 895 1180 liber
931 1142 946 1191 ;
977 1135 1087 1179 tum
1129 1125 1256 1195 quia
1293 1123 1433 1180 Deus
1473 1125 1588 1194 ipse
1620 1124 1871 1194 indignos
1914 1124 2036 1180 illos

460 1213 664 1269 findere
694 1232 796 1270 suo
836 1217 1095 1286 judicavit
1131 1233 1145 1283 ;
1179 1216 1312 1272 satis
1352 1231 1680 1286 Cognoscere
1720 1229 2031 1285 possumus,

459 1305 785 1359 eameliuum
837 1306 978 1360 hunc
1009 1306 1207 1359 librum
1247 1306 1448 1360 habere
1493 1314 1770 1359 auctorem
1820 1303 2028 1359 daemo-

456 1410 579 1448 nem
629 1397 724 1466 qui
775 1397 840 1450 de
897 1397 1036 1451 cmlo
1073 1397 1296 1452 excidit.
1347 1395 1562 1466 Quippe
1604 1395 1870 1466 quidquid
1922 1396 2033 1452 Deo

449 1488 818 1554 abalienatur,
850 1489 901 1541 in
927 1489 1260 1543 contrariam
1284 1487 1550 1543 daemonis
1567 1497 1779 1558 partem
1806 1487 2026 1557 migrat.

451 1576 587 1632 Nam
621 1579 666 1634 si
695 1578 788 1634 Dei
819 1595 941 1635 esse
969 1579 1236 1647 lsaacum,
1270 1581 1405 1646 veri,
1447 1581 1694 1650 inquam,
1736 1577 1854 1644 Dei,
1888 1578 2031 1634 indi-

451 1671 595 1724 cium
630 1671 980 1726 manifestum
1011 1682 1115 1736 est,
1164 1672 1308 1742 quod
1341 1671 1686 1727 constituerit
1733 1685 1857 1726 cum
1909 1670 2028 1738 ipso

451 1761 630 1819 fcedus
659 1779 674 1828 ;
715 1782 733 1815 ι
767 1763 1037 1829 Statuam,
1076 1765 1270 1834 inquit,
1296 1763 1476 1819 foedus
1525 1779 1704 1818 meum
1734 1778 1857 1818 cum
1886 1763 2024 1832 ipso,

451 1864 511 1908 ut
531 1855 632 1910 sim
658 1855 779 1926 ejus
807 1857 968 1923 Deus,
989 1873 1200 1913 necnon
1227 1858 1452 1912 seminis
1471 1858 1590 1926 ejus
1615 1866 1738 1926 post
1756 1857 1965 1926 ipsum;
1999 1873 2018 1908 ι

447 1947 714 2005 indicium
747 1951 988 2007 vicissim
1017 1960 1103 2007 est
1134 1967 1241 2005 non
1275 1967 1394 2007 esse
1427 1950 1824 2006 lstnaelitarmn
1855 1951 2023 2004 Deum

450 2043 802 2110 peculiarem,
835 2059 1148 2114 quanquam
1176 2045 1389 2099 ratione
1424 2045 1718 2100 creationis
1745 2045 1815 2099 sit
1843 2061 1858 2110 ;
1893 2044 2020 2106 hoc,

447 2132 688 2201 inquam,
721 2133 794 2186 rei
837 2132 957 2200 ejus
989 2131 1248 2188 indicium
1288 2141 1393 2198 est,
1440 2131 1586 2200 quod
1623 2139 1864 2185 statuere
1895 2144 2018 2185 cum

446 2223 554 2278 illis
607 2223 786 2279 fcedus
855 2224 996 2278 Deus
1057 2224 1311 2277 noluerit.
1366 2222 1626 2277 Diabolus
1690 2222 1872 2292 itaque
1936 2227 2022 2276 est

443 2314 661 2367 illorum
709 2315 868 2377 deus,
909 2315 999 2384 qui
1049 2313 1216 2369 Deum
1257 2316 1516 2369 simulat:
1553 2327 1868 2384 quanquam
1899 2328 2017 2368 me-

441 2414 605 2460 tuens
627 2421 692 2459 ne
723 2407 812 2460 tali
843 2421 1011 2476 scopo
1041 2422 1142 2462 suo
1171 2407 1408 2472 excidat,
1448 2407 1636 2461 dolose
1667 2419 1864 2459 nomen
1889 2419 2018 2474 pro.

441 2497 621 2567 prium
660 2499 870 2564 reticet,
921 2499 1065 2568 quod
1100 2499 1239 2568 apud
1286 2514 1478 2554 omnes
1526 2498 1774 2552 homines
1805 2497 2012 2553 infame

440 2598 546 2654 est,
603 2589 823 2660 verique
862 2592 1042 2660 potius
1083 2591 1174 2645 Dei
1205 2591 1620 2661 appellationem
1651 2605 1764 2659 pm
1798 2606 1856 2645 se
1888 2589 2012 2645 fert.

445 2681 540 2738 Est
566 2681 710 2735 enim
740 2683 845 2738 hoc
878 2691 1200 2737 consuetum
1239 2683 1470 2754 improbi
1499 2683 1661 2753 hujus
1691 2682 2012 2738 artificium.

440 2771 501 2824 Si
545 2786 675 2840 ergo
723 2775 882 2825 deum
917 2787 1076 2828 suum
1119 2772 1318 2828 habere
1368 2774 1664 2828 Abrahami
1696 2772 1865 2829 Deum
1910 2789 2010 2829 eu-

437 2865 597 2933 pinnt
633 2863 687 2917 hi
723 2864 964 2928 barbari,
1015 2865 1242 2933 impium
1292 2866 1442 2920 illum
1489 2865 2014 2938 frattdulentumque

437 2956 661 3022 librum,
697 2957 925 3028 ejusque
971 2970 1199 3026 pravum
1230 2969 1531 3024 auctorem,
1566 2959 1796 3014 stultum
1829 2959 2012 3014 homi-

436 3064 587 3112 nrm,
627 3050 860 3120 ejurent,
918 3051 1125 3121 unique
1179 3052 1557 3107 assentiantur
1605 3051 1807 3107 divinae
1859 3051 2012 3107 Scri-

434 3149 630 3208 pturm,
683 3149 843 3210 atque
872 3140 992 3209 ejus
1043 3155 1236 3194 norma
1271 3149 1549 3210 regantur.
1585 3140 1690 3194 Aut
1730 3141 1774 3195 si
1821 3140 2013 3195 volunt
2038 3160 2084 3221 ρ

434 3234 634 3287 librum
676 3249 835 3288 suum
870 3233 997 3288 huic
1028 3242 1382 3302 anteponere,
1419 3240 1472 3287 et
1508 3231 1882 3286 adversarium
1913 3231 2009 3285 Dei

432 3323 732 3378 Abraltami
787 3324 1017 3378 adorare
1069 3341 1083 3389 ;
1130 3324 1337 3393 pudore
1401 3322 1813 3389 sulfundantur,
1882 3323 2010 3392 quia

434 3416 656 3469 nomine
702 3425 863 3471 tenus
915 3415 1024 3469 Deo
1076 3415 1373 3469 Abrahami
1435 3415 1862 3486 gloriantur;et
1920 3430 2008 3470 res

433 3517 597 3576 atque
645 3507 956 3577 Scripturas
1018 3509 1452 3563 inconeiliahiles
1487 3507 1691 3563 frustra
1754 3508 2004 3578 proferre

432 3600 853 3653 eonvincantur.
901 3596 1150 3666 Namque
1181 3613 1210 3652 a
1242 3598 1490 3652 demente
1539 3597 1678 3651 nihil
1723 3597 1925 3661 differt,
1963 3600 2008 3652 is

432 3693 525 3762 qui
557 3693 688 3747 dicit
712 3691 1050 3746 Pharaonem
1079 3701 1133 3745 et
1161 3690 1466 3761 Augustum
1495 3690 1684 3744 eadem
1728 3698 1887 3744 {etate
1919 3705 2005 3743 re-

431 3801 646 3857 gnasse.
673 3783 784 3840 lloc
807 3784 948 3839 enim
974 3783 1287 3840 necessario
1314 3783 1690 3853 consequitur,
1721 3782 1766 3836 si
1798 3781 2005 3853 Moysis

430 3892 586 3932 soror
619 3876 895 3931 Christum
940 3875 1150 3946 peperit
1179 3892 1192 3930 :
1223 3876 1296 3929 ita
1328 3883 1388 3928 ut
1413 3873 1668 3930 Christus
1715 3874 1800 3928 bis
1853 3874 2003 3928 mille

426 3985 603 4025 annos
643 3982 826 4032 natus,
884 3969 976 4022 tali
1021 3983 1145 4023 cum
1188 3967 1342 4024 senio
1384 3976 1510 4021 ante
1557 3967 1789 4022 Pilatum
1837 3981 2004 4036 appa-

426 4064 595 4118 ruerit
630 4070 727 4131 ;ct
755 4062 922 4117 Maria
958 4061 1179 4117 totidem
1216 4072 1310 4116 aut
1356 4059 1517 4116 etiam
1567 4061 1753 4130 plures
1803 4059 2002 4114 vixerit

425 4171 621 4212 annos.

418 4349 611 4408 XXVI.
658 4349 812 4416 Quod
850 4347 999 4404 nulla
1034 4352 1101 4406 sit
1139 4346 1350 4404 utilitas
1375 4345 1632 4418 Agarem‘s
1668 4364 1721 4402 se
1768 4347 1999 4401 circum-

491 4423 810 4478 cidentibus.
857 4422 1074 4490 ideoque
1106 4421 1415 4486 palantibus
1446 4420 1596 4470 deum
1623 4434 1774 4490 suum
1810 4420 1998 4471 habere

2214 935 2315 1004 ιδ’.
2348 937 2648 1009 Τοιγαροῦν
2679 938 2788 992 ἀπό
2828 955 2888 992 τε
2922 940 3020 1012 τῆς
3053 940 3195 996 κατά
3228 943 3453 1014 Γραφὴν
3477 944 3717 1010 διανοίας

2145 1023 2302 1094 ξένης
2327 1027 2420 1078 καὶ
2451 1026 2736 1097 ἀλλοτρίας
2768 1028 3140 1100 τυγχανούσης
3164 1031 3263 1101 τῆς
3299 1033 3578 1104 ἑπαράτου
3619 1036 3716 1088 αύ-

2141 1117 2250 1170 τῶν
2282 1116 2465 1187 βίϐλου
2503 1119 2640 1188 πρὸς
2673 1119 2774 1189 τὴν
2802 1118 2950 1172 θείαν
2980 1120 3238 1190 Γραφὴν,
3275 1121 3383 1175 ἀπό
3412 1140 3470 1175 τε
3497 1123 3590 1176 τοῦ
3623 1125 3716 1179 τὸν

2141 1208 2276 1263 Θεὸν
2307 1208 2409 1277 τῆς
2445 1208 2611 1263 αὐτοῦ
2641 1209 2909 1282 διαθήκης
2960 1211 3220 1278 ἀναξίους
3271 1213 3469 1276 αὐτοὺς
3508 1217 3711 1284 κρῖναι,

2137 1304 2374 1359 συνιδεῖν
2403 1305 2553 1359 ἔστιν
2583 1307 2663 1360 ’ότι
2695 1306 2786 1359 τοῦ
2818 1306 3111 1376 οὐρανόθεν
3143 1309 3402 1372 πεσόντος
3428 1311 3545 1363 ἐστὶ
3593 1310 3710 1364 δαίς

2139 1411 2300 1463 μονος
2355 1395 2388 1464 ἡ
2438 1394 2818 1466 καμηλόθυτος
2877 1394 3061 1467 ἐκείνη
3094 1396 3308 1466 βίϐλοςο
3343 1400 3453 1452 πᾶν
3487 1401 3596 1470 γὰρ
3652 1400 3712 1452 τὸ

2139 1483 2658 1555 ἀπηλλοτριωμένον
2689 1483 2845 1548 Θεοῦ,
2888 1484 2968 1548 εἰς
3000 1485 3099 1556 τὴν
3123 1486 3374 1539 ἐναντίαν
3405 1487 3498 1541 καὶ
3521 1488 3712 1559 δαιμο-

2134 1573 2298 1646 νιώδη
2329 1575 2684 1645 περιίσταται
2715 1577 2941 1644 μοῖρανο
2963 1576 3012 1627 εί
3041 1575 3149 1646 γὰρ
3175 1576 3268 1630 τοῦ
3297 1577 3432 1631 Θεοῦ
3460 1572 3598 1632 εἶναι
3621 1579 3712 1633 τὸν

2149 1665 2355 1730 Ἰσαὰκ,
2391 1665 2485 1720 τοῦ
2532 1667 2702 1729 ὅντως
2739 1667 2796 1719 δὲ
2852 1667 2987 1721 Θεοῦ
3041 1671 3268 1739 σημεῖον
3317 1672 3586 1742 ἐμφανὲς,
3648 1673 3710 1726 τὸ

2135 1757 2330 1830 στῆσαι
2361 1759 2524 1812 αὑτὸν
2557 1759 2694 1830 πρὸς
2723 1758 2873 1830 αύτῷ
2900 1757 2999 1830 τὴν
3023 1760 3188 1813 αὑτοῦ
3222 1761 3488 1834 διαθήκην
3517 1765 3710 1836 («Eril-

2115 1835 2208 1904 ew
2243 1851 2372 1921 γὰρ,
2406 1852 2560 1921 φησι,
2610 1852 2708 1921 τὴν
2755 1851 3020 1923 διαθήκην
3049 1869 3150 1923 μου
3180 1853 3316 1924 πρὸς
3347 1855 3532 1918 αὐτὸν,
3564 1835 3705 1910 εἶναι

2127 1942 2293 1995 αὑτοῦ
2323 1941 2454 2006 Θεὸς
2488 1944 2580 1996 καὶ
2611 1942 2689 2013 τῷ
2737 1943 3013 2013 σπέρματι
3070 1945 3235 1998 αὐτοῦ
3273 1947 3390 2015 μετ’
3418 1947 3582 2000 αὐτὸν
3612 1966 3630 1999 ι
3657 1949 3700 2018 ),

2126 2035 2350 2104 σημεῖον
2380 2031 2472 2086 τοῦ
2513 2033 2588 2104 μὴ
2618 2029 2759 2087 εἶναι
2815 2033 2949 2087 Θεὸν
3006 2035 3115 2089 τῶν
3157 2037 3519 2108 Ἰσμαηλιτῶν
3580 2040 3703 2094 κατ’

2122 2125 2418 2188 οίκείωσιν,
2454 2127 2503 2178 εί
2528 2127 2622 2179 καὶ⁵
2660 2127 2736 2198 τῷ
2760 2127 3136 2199 δημιουργικῷ
3159 2129 3304 2202 λόγῳ
3329 2131 3527 2197 ἔνεστι,
3546 2134 3602 2186 τὸ
3626 2134 3701 2206 μὴ

2121 2216 2390 2287 ἠξιῶσθαι
2414 2219 2606 2288 στῆναι
2639 2220 2775 2289 πρὸς
2797 2219 2996 2283 αὐτοὺς
3017 2220 3115 2290 τὴν
3140 2221 3233 2274 τοῦ
3251 2222 3386 2275 Θεοῦ
3411 2223 3699 2294 διαθήκην.

2132 2307 2191 2361 '0
2222 2307 2465 2373 διάϐολος
2513 2308 2621 2383 ἄρα
2649 2309 2771 2373 θεὸς
2801 2310 3002 2376 αὐτῶν,
3031 2311 3058 2363 6
3092 2313 3184 2366 τοῦ
3206 2312 3341 2367 Θεοῦ
3366 2312 3698 2383 καταψευδό-

2121 2417 2318 2470 μενος’
2373 2402 2422 2454 εί
2453 2402 2548 2456 καί¹
2578 2401 2729 2473 φόϐῳ
2772 2401 2865 2456 τοῦ
2917 2403 3273 2458 ἐκπεσεῖσθαι
3330 2405 3422 2458 τοῦ
3456 2405 3698 2459 τοιούτου

2121 2491 2326 2546 σκοποῦ
2360 2493 2420 2546 τὸ
2446 2494 2640 2548 ἑαυτοῦ
2671 2495 2904 2566 δολερῶς
2949 2499 3348 2568 ἀποσιωπήσας
3379 2499 3570 2570 δνομα,
3609 2500 3697 2553 διὰ

2115 2586 2177 2638 τὸ
2205 2585 2306 2656 ἤδη
2321 2586 2708 2654 διαϐεϐλῆσθαι
2735 2588 2889 2660 παρά
2912 2590 3129 2644 πάντων
3153 2590 3459 2661 ἀνθρώπων
3484 2593 3582 2663 τὴν
3603 2593 3694 2646 τοῦ

2115 2675 2268 2739 ὄντος
2301 2676 2435 2730 Θεοῦ
2471 2679 2844 2750 προσηγορίαν
2901 2681 3264 2751 προϐάλλεται
3287 2697 3301 2712 °
3366 2681 3596 2752 σύνηθες
3633 2683 3690 2736 δὲ

2113 2767 2192 2838 τῷ
2243 2767 2466 2839 πονηρῷ
2523 2767 2760 2840 τούτῳή
2799 2771 3023 2842 τοιαύτη
3053 2773 3291 2843 μεθοδία.
3342 2774 3404 2826 Εί
3448 2770 3540 2827 οὖν
3574 2774 3693 2827 θεὸν

2115 2862 2328 2917 ἑαυτῶν
2375 2862 2519 2932 ἔχειν
2583 2863 2676 2917 τὸν
2727 2863 2824 2917 τοῦ
2866 2865 3122 2936 Ἀϐραὰμ
3169 2866 3302 2920 Θεδν
3339 2867 3390 2920 οί
3426 2866 3688 2937 βάρϐαροι

2113 2951 2454 3024 γλιχόμενοι,
2487 2953 2584 3026 τὴν
2614 2954 2876 3025 ἀθέμιτον
2921 2955 3137 3026 ἐκείνην
3172 2958 3266 3010 καὶ
3296 2958 3578 3028 ἀπατηλὴν
3611 2958 3689 3027 βί-

2115 3043 2262 3108 ϐλον,
2325 3046 2417 3098 καὶ
2474 3046 2569 3099 τὸν
2629 3045 2832 3116 ταύτην
2891 3047 3412 3116 σκαιογραφήσαντα
3467 3047 3692 3116 μάταιον

2115 3135 2401 3206 ἄνθρωπον
2458 3135 2912 3207 ὲξαρνείσθωσαν,
2946 3137 3042 3190 καὶ
3097 3138 3486 3207 στοιχείτωσαν
3550 3139 3684 3212 μόνῃ

2113 3230 2179 3299 τῇ
2215 3228 2334 3301 θείᾳ
2381 3229 2594 3300 Γραφῇ,
2645 3229 2736 3282 καὶ
2783 3228 2875 3281 ὑπ’
2921 3229 3090 3298 αὐτῆς
3149 3230 3686 3302 ποδηγείσθωσανοῆ

2113 3321 2330 3392 ἐκείνην
2357 3321 2560 3392 ταύτης
2609 3320 3025 3392 προκρίναντες,
3059 3323 3151 3376 τὸν
3187 3324 3562 3394 ἀντικείμενον
3595 3327 3692 3378 τοῦ

2111 3412 2249 3466 Θεοῦ
2295 3413 2390 3466 τοῦ
2429 3414 2681 3484 Ἀϐραάμ
2729 3415 3195 3482 προσκυνοῦντες,
3232 3417 3686 3485 ὲγκαλυπτέσθω-

2113 3520 2235 3568 σαν,
2264 3505 2336 3568 ὡς
2361 3504 2502 3574 ψιλῷ
2527 3504 2605 3576 τῷ
2637 3505 2728 3559 τοῦ
2748 3506 3006 3577 Ἀϐραὰμ
3031 3507 3254 3578 ὀνόματι
3290 3509 3449 3578 μόνον
3479 3511 3687 3564 καλλω-

2110 3595 2395 3666 πιζόμενοι
2436 3597 2528 3650 καὶ
2553 3597 2899 3668 ἀκατάλληλα
2930 3600 3042 3662 τοῖς
3061 3600 3346 3671 πράγμασι
3373 3602 3466 3655 καί
3501 3605 3684 3671 γράμ-

2113 3707 2248 3761 μασι
2286 3691 2746 3760 κενοφωνοῦντες,
2783 3693 3287 3765 ὲξελεγχέσθωσαν·
3354 3699 3682 3766 μαινομένου

2107 3783 2216 3854 γὰρ
2249 3783 2401 3838 οὐδὲν
2430 3783 2735 3855 διενήνοχεν
2758 3786 2786 3837 6
2817 3786 2990 3854 λέγων
3016 3785 3104 3839 τὸν
3129 3787 3329 3858 Φαραὼ
3356 3789 3448 3842 καὶ
3472 3788 3682 3858 Αὔγου-

2109 3891 2232 3928 στον
2256 3875 2400 3929 κατὰ
2425 3876 2621 3930 ταυτὸν
2667 3878 3092 3947 συμϐασιλεύειν
3124 3880 3334 3950 χρόνον.
3364 3881 3536 3934 Τοῦτο
3573 3885 3682 3954 γάρ

2105 3967 2334 4022 ἕπεσθαι
2389 3970 2606 4041 ἀνάγκη
2666 3971 2765 4040 τῆς
2819 3970 3056 4042 ἀδελφῆς
3122 3974 3400 4037 Μωῦσέως
3446 3975 3682 4046 Χριστὸν

2105 4056 2341 4124 κυούσης
2361 4073 2374 4087 ·
2402 4057 2434 4128 ἢ
2471 4058 2704 4130 Χριστὸν
2758 4060 2897 4130 μετά
2926 4060 3200 4131 δισχιλίων
3228 4063 3364 4116 ἐτῶν
3397 4063 3681 4134 περιόδους

2101 4146 2335 4217 γέροντα
2373 4145 2604 4217 ὀφθῆναι
2630 4147 2709 4217 τῷ
2737 4148 2956 4219 Πιλάτῳ
2977 4149 3045 4219 ’ἢ
3073 4150 3170 4222 τὴν
3202 4151 3422 4222 Μαρίαν
3445 4152 3680 4207 τοσαῦτα

2101 4237 2424 4310 περιϐιῶναι
2455 4239 2488 4310 ἦ
2517 4239 2586 4293 τά
2617 4239 2842 4295 πλείονα
2869 4241 2986 4312 ἔτη.

2099 4349 2248 4416 KG’.
2289 4349 2940 4422 Ὅτι-οὐδεμίαόκησις
2963 4350 3086 4422 τοῖς
3132 4352 3482 4422 Ἀγαρηνοῖς
3524 4371 3673 4422 περι-

2170 4418 2590 4490 τεμνομένοις,
2616 4421 2713 4474 καὶ
2757 4420 2854 4474 διὰ
2913 4421 3090 4475 τοῦτο
3121 4418 3418 4490 οἰομένοις
3445 4418 3675 4478 ἑαυτῶν

489 4492 778 4544 Abrahami
800 4489 998 4552 Deum;
1034 4500 1088 4543 ut
1119 4491 1236 4542 hinc
1256 4489 1992 4557 demonstrentvereipsorum

2166 4490 2308 4560 θεὸν
2364 4489 2531 4560 ἔχειν
2576 4492 2686 4543 τὸν
2714 4491 2820 4544 τοῦ
2861 4492 3119 4560 Ἀϐραὰμ
3175 4495 3345 4556 Θεὸν,
3396 4489 3546 4560 πρὸς
3608 4494 3674 4547 τὸ

490 4561 677 4627 οειιηι,
701 4577 811 4614 esse
840 4560 1005 4613 Deum
1027 4560 1340 4612 Abrahami.

486 4652 752 4708 llerilium
779 4663 1172 4722 praeceptorum
1203 4652 1307 4705 alia
1346 4651 1411 4705 ad
1438 4650 1722 4706 utilitatem
1745 4651 1993 4706 subdito-

414 4760 536 4802 rum
565 4745 888 4808 redundant,
922 4744 967 4799 si
997 4745 1354 4799 observentur
1384 4761 1398 4809 ;
1430 4743 1532 4798 alia
1566 4745 1698 4798 hero
1726 4753 1951 4814 prosunt
1974 4731 2008 4810 ί

411 4839 518 4892 alia
538 4839 808 4906 utrisque.
826 4837 1090 4891 Similiter
1106 4847 1161 4891 et
1180 4836 1582 4901 inohcdicntiaz,
1597 4837 1716 4890 alia:
1733 4836 1990 4900 subditis,

410 4930 532 4985 alia:
572 4929 847 4991 dominis,
881 4928 1000 4982 alia:
1034 4928 1278 4996 utrisque
1309 4927 1698 4981 detrimentum
1731 4926 1987 4980 afferunt.

408 5022 632 5078 Cunctis
649 5035 779 5076 vero
794 5021 1130 5090 exploratum
1155 5028 1258 5083 est,
1278 5021 1420 5088 quod
1449 5019 1496 5074 si
1514 5020 1635 5090 quis
1657 5026 1985 5088 prmceptum

407 5113 627 5184 aliquod
664 5111 873 5167 domini
913 5112 1217 5174 violaverit,
1263 5127 1428 5180 seque
1461 5111 1662 5166 suimet
1703 5110 1984 5164 dominum

406 5206 773 5271 constituerit,
797 5207 975 5262 adhuc
999 5214 1178 5260 tamen
1198 5220 1347 5275 spem
1379 5205 1576 5260 retinet
1599 5203 1665 5256 ad
1696 5201 1984 5270 pristinam

405 5299 829 5353 benevolentiam
844 5298 1123 5352 dominum
1141 5312 1301 5353 suum
1321 5295 1586 5350 flectendi.
1605 5292 1983 5348 Verumtamen

405 5387 449 5442 si
484 5389 650 5442 alium
672 5390 896 5445 omnino
929 5389 1209 5444 dominum
1229 5387 1330 5442 sibi
1363 5386 1640 5450 asciverit,
1669 5383 1985 5437 intolerabi-

403 5480 504 5535 lem
549 5483 652 5536 sihi
707 5482 913 5536 domini
956 5481 1040 5535 sui
1094 5481 1230 5534 iram
1268 5487 1552 5549 provocat,
1590 5477 1803 5532 etiamsi
1845 5475 1983 5530 forte

401 5580 597 5627 cuncta
649 5573 796 5628 illius
838 5573 1090 5626 mandata
1129 5571 1414 5640 diligenter
1460 5569 1744 5639 peregerit.
1793 5569 1981 5638 Neque

401 5671 686 5728 tantopere
715 5678 908 5718 servus
939 5663 1027 5716 ille
1058 5662 1334 5730 proprium
1367 5677 1424 5716 se
1455 5662 1661 5714 domini
1699 5660 1843 5714 illius
1884 5661 1980 5716 de-

399 5759 669 5804 monstrat
691 5795 705 5818 ,
737 5755 931 5821 placita
967 5754 1207 5823 ejusdem
1239 5754 1606 5822 exsequendo,
1643 5763 1978 5824 quantopere

403 5837 636 5890 ﬂlll‘lllll‘ll
686 5856 742 5892 se
783 5843 850 5893 ab
887 5844 976 5894 illo
1019 5843 1277 5909 declarat,
1323 5845 1484 5898 alium
1543 5846 1646 5900 sibi
1694 5846 1973 5900 dominum

2169 4558 2360 4623 δεῖξαι
2389 4559 2479 4612 ὅτι
2515 4560 2757 4629 ἀληθῶς
2784 4561 2983 4615 αὐτῶν
3013 4565 3045 4616 ὁ
3075 4558 3236 4629 Θεὸς
3264 4564 3371 4617 τοῦ
3399 4558 3670 4633 Ἀϐραάμ.

2165 4650 2268 4719 ιιέ.
2310 4651 2431 4705 Τῶν
2464 4651 2802 4706 δεσποτικῶν
2843 4654 3282 4724 προσταγμάτων
3323 4656 3389 4710 τὰ
3441 4657 3541 4727 μὲν
3593 4659 3672 4720 εἰς

2093 4745 2219 4808 τοὺς
2260 4745 2537 4813 ὑπηκόους
2567 4744 2723 4818 φέρει
2754 4745 2814 4796 τὸ
2849 4746 3040 4816 κέρδος
3070 4748 3148 4801 ὅτ’
3192 4747 3260 4801 ἂν
3312 4750 3668 4818 φυλάττηται,

2093 4837 2161 4891 τά
2188 4836 2245 4888 δὲ
2271 4839 2350 4899 είς
2371 4836 2463 4888 τὸν
2493 4817 2779 4905 δεστῖότην,
2813 4836 2884 4890 τὰ
2913 4837 2969 4891 δὲ
2996 4840 3085 4891 ἐπ’
3117 4817 3357 4909 ἀμφοίνο
3392 4817 3577 4911 ῶσπερ
3607 4841 3667 4910 δὴ

2092 4927 2190 4982 καὶ
2203 4925 2646 4996 ἀποκρουόμενα,
2673 4925 2741 4978 τὰ
2759 4927 2859 4997 μὲν
2874 4929 2953 4990 είς
2969 4931 3095 4992 τοὺς
3111 4932 3409 5001 ὑπηκόους,
3430 4933 3496 4984 τὰ
3513 4932 3568 4984 δὲ
3589 4933 3667 4995 εἰς

2090 5021 2216 5081 τοὺς
2243 5019 2528 5084 δεσπότας,
2552 5019 2622 5072 τά
2646 5021 2702 5073 δὲ
2735 5021 2829 5073 καὶ
2859 5024 2938 5084 εἰς
2965 5023 3310 5094 ἀμφοτέρους
3337 5025 3436 5094 τὴν
3463 5025 3665 5094 ζημίαν
3692 5089 3698 5100 ⁸

2091 5110 2312 5179 ἐπάγει.
2341 5111 2551 5174 Πάντες
2582 5106 2674 5165 οὖν
2699 5113 2858 5166 τοῦτο
2891 5115 3090 5179 ἴσασιν,
3123 5115 3205 5168 ὅτι
3243 5115 3346 5168 κᾶν
3367 5117 3558 5169 ὁποίαν
3584 5131 3694 5200 sig;

2089 5202 2155 5256 ἂν
2207 5203 2294 5273 εἴη
2352 5202 2640 5274 ὴθετηκὼς
2683 5203 2777 5256 τοῦ
2807 5205 3066 5259 δεσπότου
3110 5206 3350 5277 ἐντολὴν,
3413 5207 3574 5260 αὐτὸν
3605 5205 3705 5268 δὲ·¹

2087 5295 2282 5348 ἑαυτοῦ
2311 5297 2666 5368 ὲπιγράφοιτο
2705 5298 2932 5368 κύριον,
2988 5299 3100 5368 ἔχει
3148 5295 3306 5362 αὖθις
3357 5298 3544 5351 ἐλπίδα
3583 5298 3660 5359 εἰς

2085 5386 2185 5456 τὴν
2237 5387 2461 5458 πρώτην
2511 5386 2728 5441 εὔνοιαν
2771 5389 3182 5442 ἐπισπάσασθαι
3233 5389 3326 5442 τὸν
3357 5390 3654 5462 δεσπότηνο

2085 5479 2270 5548 ἕτερον
2304 5479 2360 5530 δὲ
2397 5477 2594 5532 ἑαυτοῦ
2625 5479 2812 5548 κύριον
2844 5481 3305 5553 ἐπιγραφόμενος,
3335 5482 3655 5536 ἀνύποιστον

2085 5572 2183 5640 τὴν
2220 5571 2390 5641 ὀργὴν
2425 5571 2545 5624 καθ’
2572 5572 2765 5625 ἑαυτοῦ
2791 5573 2888 5643 τὴν
2917 5573 3012 5626 τοῦ
3043 5576 3308 5629 δεσπότου
3342 5575 3651 5643 ἐφέλκεται,

2084 5663 2186 5718 κᾶν
2230 5665 2404 5725 πάσας
2454 5664 2552 5726 τὰς
2605 5665 2821 5729 ἐντολὰς
2867 5667 3031 5719 αὑτοῦ
3067 5667 3370 5730 σπουδαίως
3405 5669 3649 5738 ἐπιτελῇο

2083 5757 2176 5808 καὶ
2205 5755 2264 5807 ού
2301 5755 2556 5808 τοσοῦτον
2584 5757 2612 5808 6
2639 5757 2856 5824 οἰκέτης
2891 5758 3099 5820 ἐκεῖνος
3135 5758 3414 5827 γνώριμόν
3444 5775 3503 5811 τε
3528 5761 3652 5811 ἐαυ-

2081 5848 2171 5899 τὸν
2207 5846 2495 5916 καθίστησι
2522 5846 2614 5900 τοῦ
2652 5849 2843 5904 ἑαυτοῦ
2873 5850 3132 5904 δεσπότου
3160 5850 3348 5905 δοῦλον
3382 5847 3547 5916 εἶναι,
3586 5851 3650 5904 ἐκ
