4048 6438
314 416 471 479 793

1537 417 1974 480 REFUTATIO
2006 420 2486 483 MOHAMEDIS.

3521 404 3653 486 ’ω’

324 526 458 581 τοῦ
493 525 562 581 τὰ
595 525 807 581 ἐκείνου
861 525 1071 598 ἀρεστά
1121 526 1415 591 ἐπιτελεῖν,
1465 528 1592 589 ὅσον
1655 530 1933 602 ἀλλότριος

2044 531 2386 588 asciscendo.
2401 530 2690 599 Quodnam
2709 530 2854 588 enim
2886 533 3082 589 medici
3102 533 3343 591 fantuius
3366 533 3626 589 indicium

320 617 739 687 ἀναφαίνεται,
770 619 836 671 ἐκ
868 617 966 671 τοῦ
997 617 1187 690 ἕτερον
1220 619 1415 673 ἑαυτοῦ
1451 620 1812 674 εἰσποιεῖσθαι
1850 621 1939 674 δε-

330 712 592 780 σπότην.
615 712 771 764 Ποῖον
794 710 906 783 γὰρ
936 713 1162 782 σημεῖον
1191 708 1412 784 οἰκέτης
1444 714 1631 785 ἰατροῦ
1650 714 1941 783 ἐπάγεται,

324 800 452 855 τοῦ
489 798 628 856 εἶναι
677 802 842 857 αὐτὸν
870 803 1064 876 κύριον
1107 803 1202 858 νῦν
1233 804 1324 860 τὸν
1357 805 1576 877 ἰατρόν;
1633 805 1711 859 ὅτ’
1756 804 1823 859 ἂν
1870 806 1942 859 τὰ

332 881 460 963 μὲν
515 893 613 960 τῆς
652 892 854 965 τέχνης
907 896 1090 959 καλῶς
1124 896 1385 965 γινώσκει
1440 898 1538 952 καὶ
1586 898 1819 969 πράττει
1865 898 1943 964 ώς

328 977 554 1033 ἑαυτοῦ
583 977 833 1049 βούλεται
865 980 1155 1052 δεσπότης,
1204 982 1393 1053 ἑτέρου
1432 982 1492 1037 δὲ
1533 984 1798 1039 δεσπότου
1829 984 1944 1038 δοῦ-

328 1071 448 1125 λον
490 1072 681 1124 ἑαυτὸν
716 1072 1060 1143 ὑπογράψας
1107 1075 1261 1129 οὐδὲν
1301 1076 1410 1146 γάρ
1464 1077 1602 1130 εἰσιν
1639 1076 1828 1149 ἓτερον
1884 1079 1940 1132 αἰ

330 1162 545 1217 λοιπαὶ
569 1164 786 1219 ἐντολαὶ
829 1165 925 1219 τοῦ
963 1165 1124 1234 Θεοῦ,
1156 1167 1331 1240 ἀλλ’ἢ
1373 1169 1557 1224 αὐτῶν
1590 1171 1804 1243 ἰατρεία
1845 1171 1943 1226 καὶ

332 1253 626 1326 ὠφέλεια⁶
656 1257 691 1328 ἡ
721 1257 777 1310 δὲ
817 1260 899 1322 εἰς
932 1258 1066 1312 Θεὸν
1100 1260 1308 1326 πίστις,
1345 1262 1427 1325 εἰς
1449 1260 1615 1317 αὐτὸν
1644 1263 1745 1333 τὴν
1781 1262 1942 1327 δόξαν

332 1344 711 1417 ἀνακομίζει,
739 1348 1103 1418 βεϐαιούντων
1129 1351 1386 1422 ήμῶνότι
1415 1352 1548 1418 Θεὸς
1572 1354 1779 1424 ἀληθής
1800 1357 1940 1422 ὲστι,

336 1440 450 1493 καί
499 1440 583 1493 ὅτι
624 1442 658 1513 ή
689 1442 998 1515 Δεσποτικὴ
1034 1444 1219 1514 σχέσις
1256 1445 1623 1511 ἀδιάσπαστος
1664 1452 1942 1521 συντηρεῖ-

333 1546 474 1585 σται.
506 1532 720 1605 Ὠσπερ
749 1530 843 1588 οὖν
871 1537 967 1589 καὶ
989 1536 1046 1590 αἰ
1078 1536 1368 1608 ἀθετήσεις
1401 1538 1512 1593 τῶν
1555 1540 1758 1594 λοιπῶν
1787 1543 1940 1595 ὲντο-

334 1620 492 1687 λῶν,
508 1625 664 1694 ἡμῶν
699 1625 800 1696 μὲν
823 1627 1004 1681 αὐτῶν
1037 1628 1283 1697 γίνονται
1312 1630 1432 1684 ὄλεθ
1443 1649 1555 1702 ρος,
1583 1633 1618 1703 ἡ
1641 1633 1700 1686 δὲ
1719 1633 1820 1703 τῆς
1841 1634 1940 1687 αὐ-

334 1712 452 1766 τοῦ
480 1714 796 1782 δεσποτείας
814 1720 1153 1792 παραγραφὴ
1176 1722 1341 1776 αὑτὸν
1365 1723 1576 1795 ὑϐρίζει
1600 1724 1690 1779 τὸν
1711 1725 1936 1797 Κύριον

335 1807 492 1860 πότε
554 1808 646 1862 οῦν
696 1811 1072 1884 σφοδροτέρως
1137 1814 1262 1868 καθ’
1301 1815 1460 1886 ἡμῶν
1511 1815 1936 1887 ὀργισθήσεται;

2044 622 2285 690 exhibet,
2329 638 2493 679 suum
2531 638 2653 690 esse
2687 624 2969 680 dominum
3006 627 3099 695 qui
3145 642 3290 682 nunc
3324 626 3572 683 medetur.
3609 643 3624 689 ;

2044 713 2088 768 si
2119 723 2290 768 artem
2316 714 2534 783 quidem
2566 715 2699 771 bene
2727 725 2918 772 noscat
2944 728 3326 788 exercentque,
3353 727 3515 788 prout
3538 714 3627 772 sui

2041 803 2249 859 domini
2280 805 2532 861 voluntas
2561 814 2664 869 est,
2694 806 2868 863 nihilo
2891 816 3070 862 tamen
3104 807 3286 862 minus
3316 806 3543 863 alterius
3566 821 3629 860 se

2042 896 2248 953 domini
2296 912 2513 954 servum
2551 896 2768 954 faciat?
2805 898 2938 953 Nam
2991 899 3200 969 reliqua
3248 899 3339 952 Dei
3374 899 3627 954 mandata

2044 987 2181 1043 nihil
2213 987 2358 1043 aliud
2390 1000 2723 1061 sunt,quam
2746 990 3029 1044 hominum
3057 989 3268 1045 medela
3297 997 3352 1044 et
3382 989 3625 1045 utilitas:

2045 1080 2177 1136 fides
2207 1080 2263 1135 in
2308 1080 2479 1136 Deum
2514 1090 2717 1149 tamen,
2756 1083 2823 1137 ad
2858 1080 3023 1152 hujus
3063 1081 3292 1153 gloriam
3338 1081 3627 1146 redundat,

2042 1173 2438 1229 afﬁrmantibus
2480 1174 2663 1237 nobis,
2700 1175 2869 1230 Deum
2905 1189 3097 1231 revera
3136 1188 3277 1243 esse,
3320 1183 3375 1229 et
3403 1173 3628 1229 relatio-

2044 1280 2169 1321 nem
2221 1282 2344 1323 emn
2379 1265 2611 1322 Domino
2654 1282 2682 1320 a
2725 1266 2883 1323 nobis
2918 1266 3247 1322 incolumem
3285 1263 3625 1322 conservari.

2046 1358 2308 1414 Similiter
2335 1359 2673 1429 reliquorum
2692 1367 3088 1429 praeceptorum
3113 1358 3439 1413 violationes
3467 1357 3629 1413 nobis

2044 1450 2267 1521 quidem
2309 1451 2562 1506 exitiales
2604 1460 2754 1517 sunt,
2792 1453 2885 1509 sed
2918 1452 3088 1506 divini
3133 1450 3367 1506 dominii
3405 1451 3629 1520 negatio

2043 1543 2145 1614 ipsi
2179 1542 2408 1599 Domino
2437 1544 2829 1600 contumeliam
2863 1543 3008 1599 facit.
3046 1543 3408 1610 Quandonam
3442 1543 3628 1611 itaque

2042 1640 2265 1709 gravius
2297 1640 2455 1695 nobis
2483 1640 2753 1696 irascetur
2784 1639 2929 1696 Deus
2953 1641 2976 1695 ?
2999 1640 3204 1710 Nempe
3229 1655 3354 1695 eum
3386 1639 3433 1694 is
3464 1654 3495 1693 a
3523 1652 3628 1691 no-

2041 1729 2128 1786 bis
2171 1731 2480 1801 negabitur,
2512 1742 2573 1787 ut
2606 1747 2798 1787 omnes
2827 1732 3028 1789 sciunt.
3064 1731 3215 1787 Hanc
3238 1746 3386 1787 nunc
3416 1731 3485 1786 de
3516 1728 3626 1784 Deo

2041 1821 2346 1877 doctrinam
2391 1822 2537 1878 circa
2576 1823 2947 1878 Abrahamum
2990 1838 3055 1877 ac
3087 1821 3461 1878 Mohamedem
3503 1835 3625 1889 per.-

333 1899 737 1971 ἀθετοῦμενος,
768 1898 946 1974 οῐμαι,
976 1904 1004 1958 ὃ
1037 1905 1243 1970 πάντες
1271 1906 1445 1961 ίσασι.
1494 1908 1697 1962 Τοῦτον
1723 1907 1818 1961 οὖν
1846 1908 1933 1963 τὸν

2045 1921 2362 1969 tractemus.
2416 1914 2563 1969 Dixit
2595 1914 2740 1971 Deus
2789 1914 3100 1971 Abrahamo
3132 1932 3148 1969 :
3184 1933 3202 1966 ι
3237 1884 3628 1968 Circumeidite

332 1989 512 2060 λόγον
541 1993 635 2046 ὲπί
664 2012 723 2048 τε
770 1996 1026 2068 Ἀϐραὰμ
1084 1998 1181 2053 καὶ
1210 1999 1454 2070 Μωὰμετ
1504 2000 1635 2071 περί
1663 2000 1797 2056 Θεοῦ
1837 2018 1936 2069 γυ-

339 2085 662 2155 μνάσομεν.
680 2083 850 2143 Εἶπεν
883 2090 912 2143 ό
933 2088 1068 2155 Θεὸς
1090 2089 1168 2160 τῷ
1183 2091 1436 2161 Ἀϐραάμ
1452 2109 1466 2123 σ
1500 2110 1520 2144 ι
1541 2092 1936 2165 Περιτεμεῖσοε

328 2174 455 2247 τὴν
479 2178 854 2250 ἀκροϐυστίαν
894 2183 996 2254 τῆς
1030 2183 1234 2255 σαρκὸς
1266 2183 1458 2253 ὑμῶν·
1497 2203 1516 2235 ι
1577 2186 1724 2238 ποιεῖ
1779 2184 1938 2238 τοῦτο

333 2271 446 2322 καὶ
470 2271 739 2343 Μωάμετ.
782 2270 953 2330 Εἶπεν
993 2277 1023 2328 ό
1072 2275 1206 2339 Θεὸς
1248 2276 1326 2347 τῷ
1359 2276 1639 2347 Ἀϐραάμ·
1680 2296 1698 2329 ι
1735 2277 1811 2331 Οὐ
1842 2277 1943 2329 λα-

331 2361 608 2430 τρεύσεις
640 2364 762 2435 Θεῴ
794 2365 991 2437 ἑτέρῳ,
1028 2365 1169 2437 πλὴν
1198 2366 1405 2438 Κυρίου
1451 2366 1544 2419 τοῦ
1586 2365 1724 2420 Θεοῦ
1758 2382 1882 2420 σουο
1910 2386 1931 2419 ι

330 2451 512 2506 τοῦτο
538 2454 765 2525 ποιῆσαι
795 2458 1045 2526 Μωάμετ
1070 2457 1171 2512 οὐκ
1193 2458 1446 2527 ἀνέχεται
1469 2475 1482 2490 ⁸
1505 2459 1805 2529 προσκυνεῖ
1827 2458 1943 2531 γὰρ

332 2546 429 2615 τῷ
451 2546 675 2619 Χουὸἀρ
705 2547 909 2620 εἰδώλῳ
936 2548 1050 2603 ὄντι
1086 2551 1441 2621 ἀρχαιοτάτῳ
1472 2550 1601 2620 περί
1622 2550 1722 2621 τὴν
1744 2551 1937 2622 Ἔθρι-

335 2637 447 2691 ὁον
472 2637 703 2709 ἔρημον,
742 2642 837 2695 καὶ
875 2640 955 2712 τῷ
998 2641 1204 2712 Μάκαχ
1232 2680 1248 2705 ,
1284 2642 1423 2713 ὅπερ
1454 2642 1622 2712 φασὶν
1647 2643 1729 2706 εἰς
1763 2641 1936 2696 τύπον

330 2728 452 2799 τῆς
495 2730 816 2805 Ἀφροδίτης
845 2733 1249 2805 διαγεγράφῦαι
1280 2734 1431 2805 (97).
1480 2735 1557 2789 Οὐ
1589 2733 1811 2789 δύναται
1841 2733 1936 2800 οὖν

330 2822 482 2875 Θεὸν
512 2821 707 2878 ἑαυτοῦ
740 2822 885 2896 ἔχειν
923 2828 951 2881 ό
980 2827 1228 2898 Μωάμετ
1269 2827 1360 2881 τὸν
1391 2826 1527 2880 Θεὸν
1574 2826 1853 2898 ’Δὸραὰμ,
1883 2827 1935 2881 εἰ

333 2912 449 2966 καὶ
472 2912 742 2983 σύμϐολον
788 2915 1012 2987 ἐντολῆς
1041 2915 1210 2971 αὑτοῦ
1243 2919 1344 2988 τὴν
1377 2916 1686 2989 περιτομὴν
1728 2918 1937 2987 ἐπάγε-

2042 2008 2366 2076 υιοαιρυιίυῐη
2389 2006 2574 2061 carnis
2591 2013 2819 2061 vestras:
2847 2024 2866 2056 ι
2897 2004 3002 2060 hoc
3017 2003 3146 2058 facit
3163 2003 3326 2059 etiam
3347 2002 3628 2056 Mohame-

2039 2096 2155 2152 des.
2197 2096 2345 2151 Dixit
2384 2095 2528 2152 Deus
2553 2095 2908 2151 Abrahamo:
2950 2114 2970 2148 ι
3001 2093 3120 2150 Non
3168 2093 3422 2149 adorabis
3454 2091 3625 2145 Deum

2037 2195 2235 2257 praeter
2256 2187 2550 2243 Dominum
2578 2198 2728 2243 tuum
2756 2204 2768 2241 :
2794 2207 2812 2240 ›
2848 2188 2951 2241 hoc
2979 2202 3139 2257 agere
3160 2184 3503 2239 Mohamedcs
3518 2197 3626 2238 non

2036 2279 2278 2350 patitur;
2310 2280 2506 2335 adorat
2532 2279 2679 2335 enim
2704 2280 2908 2334 idolum
2934 2278 3158 2335 Chubar
3177 2277 3625 2346 antiquissimum

2037 2369 2092 2424 in
2123 2370 2340 2425 deserto
2372 2369 2599 2424 Ethribo
2631 2387 2646 2433 ;
2685 2371 2925 2439 itemque
2955 2368 3202 2433 Macach,
3234 2366 3380 2437 quod
3415 2365 3482 2419 ad
3515 2363 3624 2418 Ve-

2036 2460 2185 2516 neris
2205 2460 2429 2531 figuram
2459 2460 2800 2516 elaberatum
2824 2460 2998 2514 aiunt.
3027 2458 3225 2527 Nequit
3244 2457 3428 2526 itaque
3449 2455 3618 2509 Deum

2036 2568 2197 2609 suum
2229 2553 2429 2609 habere
2461 2553 2812 2608 Mohamedes
2848 2552 3145 2607 Ahrahami
3181 2551 3371 2613 Deum,
3403 2549 3617 2603 etiamsi

2036 2645 2346 2714 symbolum
2404 2645 2646 2699 mandati
2705 2646 2825 2713 ejus
2885 2643 3364 2699 circumeisionem
3421 2642 3558 2710 gerit
3605 2683 3623 2708 ,

2036 2734 2479 2805 quandoquidem
2526 2735 2592 2789 ad
2646 2735 2811 2789 alium
2868 2750 2928 2791 se
2975 2733 3143 2787 Deum
3182 2732 3478 2787 transtulit.
3528 2730 3626 2785 Ille

2035 2835 2217 2881 autem
2256 2827 2501 2896 jusserat
2532 2847 2544 2882 :
2595 2844 2612 2877 ‹
2647 2824 2867 2880 Nullum
2900 2833 3093 2895 praeter
3127 2822 3418 2878 Dominum
3452 2822 3624 2876 Deum

2035 2924 2190 2973 tuum
2216 2918 2383 2973 coles.
2424 2935 2443 2968 ι
2472 2916 2609 2972 Nam
2636 2918 2867 2985 simplex
2901 2916 3271 2981 circumcisio,
3299 2914 3480 2970 carnis
3502 2911 3625 2983 qui-

329 3018 464 3070 ται,
495 3004 589 3058 διά
611 3005 672 3060 τὸ
695 3008 776 3072 εἰς
798 3007 985 3078 ἕτερον
1008 3008 1200 3063 ἑαυτὸν
1228 3008 1552 3080 μεθιστάναι
1576 3008 1709 3064 Θεόν
1730 3027 1744 3041 ’
1769 3009 1933 3075 αὐτὸς

2035 3011 2156 3065 dem
2189 3019 2269 3065 est
2302 3010 2503 3064 ablatio
2538 3010 2658 3080 ejus
2686 3011 2780 3080 qui
2808 3009 3254 3074 circumciditur,
3289 3021 3398 3059 non
3440 3014 3621 3059 tamen

329 3095 457 3167 γὰρ
485 3098 704 3170 εἰρήκει
724 3113 741 3130 ο
782 3118 803 3152 ‹
842 3100 989 3173 Πλὴν
1023 3101 1229 3173 Κυρίου
1251 3101 1346 3155 τοῦ
1380 3100 1517 3157 Θεοῦ
1544 3119 1639 3155 σου
1662 3118 1676 3133 ο
1706 3121 1726 3155 ι
1757 3103 1790 3173 ἠ
1823 3102 1933 3174 γὰρ

2035 3101 2432 3158 demonstratio
2478 3102 2621 3157 inter
2650 3101 2969 3158 servitutem
3000 3111 3053 3156 et
3095 3100 3438 3155 dominatum
3473 3097 3622 3151 rela-

328 3191 535 3255 ἁπλῶς
563 3194 857 3268 περιτομὴ,
893 3198 1094 3267 σαρκὸς
1133 3197 1269 3269 μόνη
1319 3198 1467 3251 ἐστὶν
1513 3197 1807 3270 ἀφαίρεσις
1835 3197 1929 3252 τοῦ

2035 3192 2201 3249 tionis
2227 3210 2242 3249 :
2291 3193 2433 3249 sicut
2458 3193 2643 3259 etiam,
2675 3208 2786 3247 non
2830 3192 2949 3246 ideo
2978 3190 3108 3261 quia
3136 3204 3328 3245 servus
3356 3188 3619 3258 fugitivus

331 3284 837 3356 περιτεμνομένου,
893 3286 1010 3341 ἀλλ’
1037 3289 1139 3343 οὐκ
1169 3288 1444 3355 ἀπόδειξις
1498 3290 1599 3361 τῆς
1639 3288 1783 3344 κατά
1825 3289 1928 3360 τὴν

2035 3286 2244 3342 domini
2300 3287 2386 3342 sui
2443 3286 2640 3341 medici
2693 3295 2866 3340 artem
2906 3297 3145 3349 exercet,
3187 3297 3314 3335 cum
3351 3280 3418 3334 ad
3449 3279 3619 3332 alium

328 3368 591 3425 δουλείαν
633 3374 728 3428 καὶ
776 3374 1097 3429 δεσποτείαν
1139 3377 1415 3446 σχέσεως·
1462 3376 1653 3451 ὥσπερ
1692 3379 1817 3434 οὐδὲ
1868 3378 1930 3433 τὸ

2035 3374 2342 3447 Confugerit
2365 3376 2673 3442 dominum,
2701 3391 2811 3429 non
2837 3375 2978 3439 ideo,
3010 3374 3255 3443 inquam,
3278 3371 3622 3425 demonstrat

328 3462 649 3533 κεχρῆσθαι
671 3464 764 3519 τὸν
796 3467 862 3521 ἐκ
898 3465 993 3521 τοῦ
1041 3468 1227 3539 ἰατροῦ
1261 3469 1669 3541 δραπετεύοντα
1708 3470 1930 3543 οἰκέτην

2035 3484 2095 3526 se
2139 3468 2335 3524 medici
2372 3483 2495 3524 esse
2538 3468 2823 3523 famulum.
2877 3467 3104 3521 Temere
3152 3465 3337 3532 itaque
3382 3460 3621 3531 Agarcui

326 3554 410 3608 τὰ
442 3556 544 3626 τῆς
576 3558 853 3629 ἰατρικῆς,
895 3561 975 3624 εἰς
1000 3561 1190 3634 ἓτερον
1227 3563 1697 3635 ἀνακεχωρηκότα
1725 3564 1924 3617 δεσπό-

2038 3562 2202 3619 deum
2237 3577 2401 3618 suum
2431 3562 2622 3616 dicunt
2659 3560 2956 3616 Abrahami
3004 3557 3197 3613 Deum.
3232 3554 3367 3609 Nam
3401 3552 3620 3609 etiamsi

327 3660 465 3715 την,
496 3645 589 3699 τοῦ
635 3642 776 3701 εἶναι
826 3649 990 3703 αὑτὸν
1021 3650 1116 3704 τοῦ
1159 3652 1346 3723 ἰατροῦ
1377 3653 1598 3724 οἰκέτην
1646 3653 1927 3719 ἀπόδειξις

2035 3653 2159 3711 olim
2191 3653 2333 3709 forte
2364 3652 2550 3718 fuerit,
2581 3667 2727 3707 nune
2747 3662 2894 3707 certe
2921 3665 3045 3706 cum
3072 3649 3328 3705 Chubare
3353 3656 3407 3702 et
3434 3646 3620 3699 Einha-

327 3731 446 3799 ἦν·
499 3736 678 3808 μάτην
708 3738 818 3812 ἄρα
848 3741 971 3795 θεὸν
1002 3742 1184 3796 αὐτῶν
1221 3743 1518 3815 Ἀγαρηνοὶ
1563 3744 1782 3814 λέγουσι
1831 3746 1926 3799 τὸν

2035 3745 2212 3809 mede,
2243 3745 2380 3800 deus
2406 3745 2653 3815 ipsorum
2684 3760 2793 3796 non
2823 3752 2928 3797 est.

326 3831 475 3886 Θεὸν
511 3835 605 3888 τοῦ
639 3835 923 3908 Ἀϐραάμ·
962 3838 1239 3908 ἐφάνησαν
1283 3839 1394 3910 γάρ
1440 3839 1783 3911 ψευδόμενοι.
1838 3841 1904 3895 Εἰ
1941 3838 2051 3912 γὰρ
2093 3842 2189 3895 καὶ
2214 3835 2284 3913 ῆν
2326 3839 2510 3893 αὐτῶν
2556 3856 2687 3892 ποτε
2734 3838 2891 3903 θεὸς,
2966 3836 3104 3890 ἀλλὰ
3153 3834 3249 3888 νῦν
3319 3831 3458 3904 μετά
3524 3833 3620 3885 τοῦ

325 3929 561 4003 Χουὸἀρ
588 3930 684 3986 καὶ
717 3933 813 3987 τοῦ
836 3933 1106 4005 Μωάμετ,
1141 3935 1243 3989 οὐκ
1268 3934 1416 3990 ἔστιν
1439 3936 1619 3992 αὐτῶν
1643 3937 1788 4003 θεός.
2236 3928 2237 3931 η
2952 3976 2955 3979 -

724 4029 855 4086 ΚΖ¹.
899 4031 1092 4086 Ἀλλο
1122 4035 1209 4099 εἰς
1242 4032 1310 4087 τὸ
1339 4035 1512 4091 αὐτό.

2376 4026 2593 4082 XXVII.
2628 4025 2703 4079 lie
2728 4024 2907 4079 eodem
2948 4028 3282 4091 argumento.

408 4120 525 4190 ιιςν.
570 4123 688 4177 Πᾶν
735 4123 798 4176 τὸ
846 4122 905 4177 δν
954 4106 1195 4196 ἀληθῶξ,
1247 4125 1308 4190 ἐξ
1355 4127 1622 4198 ὀνόματος
1671 4126 1789 4197 ἅμα
1828 4125 1926 4181 και

2102 4122 2193 4180 96.
2245 4125 2416 4176 Omne
2458 4120 2607 4190 quod
2652 4135 2779 4174 vere
2816 4115 3053 4182 exsistit,
3087 4129 3157 4169 ex
3194 4111 3417 4167 nomine
3452 4108 3617 4165 simul

328 4214 665 4286 πράγματος
694 4214 1060 4288 γνωρίζεται·
1089 4217 1138 4270 εἰ
1160 4217 1218 4270 δὲ
1250 4218 1513 4288 διαιροῖτο
1553 4220 1634 4282 εἰς
1681 4217 1798 4284 δύο,
1841 4218 1927 4283 είς

2035 4224 2087 4273 ει
2110 4232 2177 4272 ex
2203 4231 2263 4270 re
2301 4213 2672 4284 cognoscitur.
2719 4210 2776 4265 Si
2829 4218 3011 4264 autem
3061 4208 3116 4262 in
3166 4206 3277 4262 duo
3320 4203 3619 4269 dividatur,

326 4319 399 4357 τε
427 4303 598 4374 ὄνομα
620 4305 801 4375 μόνον,
854 4305 951 4359 καὶ
979 4307 1213 4377 πρᾶγμα
1249 4308 1429 4378 μόνον,
1458 4307 1658 4380 πλανᾷ.
1708 4311 1923 4381 Ὄνομα

2035 4323 2227 4378 nempe
2255 4308 2310 4361 in
2342 4320 2540 4360 nomen
2569 4303 2748 4359 solum
2779 4316 3008 4372 remque
3033 4299 3229 4363 solam,
3260 4296 3482 4367 decipit.
3510 4294 3618 4349 No-

329 4393 395 4447 δὲ
423 4395 583 4463 μόνον
624 4395 779 4449 καλῶ
813 4396 874 4450 τὸ
916 4395 1125 4468 ἔρημον
1164 4398 1260 4451 τοῦ
1291 4399 1493 4452 οἰκείου
1534 4398 1753 4471 ἀληθῶς
1778 4401 1924 4474 πρά-

2035 4414 2156 4454 men
2199 4397 2377 4454 solum
2426 4405 2609 4452 autem
2651 4394 2890 4465 appello,
2925 4391 3075 4461 quod
3122 4389 3343 4461 prepria
3395 4402 3518 4441 vere
3558 4401 3617 4441 re

331 4504 579 4556 γματος·
625 4490 859 4560 πρᾶγμα
901 4490 958 4543 δὲ
1003 4490 1164 4560 μόνον
1198 4491 1259 4544 τὸ
1323 4489 1532 4563 ἔρημον
1579 4493 1675 4546 τοῦ
1716 4495 1921 4548 οἰκείου

2035 4501 2216 4549 caret:
2250 4491 2603 4560 vicissimque
2626 4490 2799 4545 solam
2830 4501 2967 4551 rem,
2993 4500 3117 4556 quae
3142 4499 3244 4539 suo
3267 4497 3397 4537 vero
3429 4480 3576 4534 nomi
3595 4508 3611 4519 -

334 4580 557 4652 ἀληθῶς
588 4581 677 4637 όνό
686 4598 879 4652 ματος,
901 4581 1017 4637 ἀλλ’
1044 4583 1146 4637 οὐκ
1170 4583 1454 4655 ἀνώνυμον
1471 4599 1486 4615 ο
1506 4584 1565 4650 ὲξ
1588 4587 1792 4656 ἀμφοῖν
1818 4587 1920 4657 μὲν

2035 4600 2097 4641 ne
2122 4592 2294 4649 caret,
2328 4584 2423 4640 sed
2459 4591 2641 4637 tamen
2673 4596 2781 4636 non
2809 4588 2892 4636 est
2920 4592 3216 4649 anonyma.
3249 4576 3323 4630 Ex
3347 4574 3619 4629 ambobus

333 4673 431 4730 οὖν
454 4676 654 4744 γνῶσις
674 4676 883 4748 ἀληθὴς
911 4675 1251 4742 συνίσταται,
1277 4679 1340 4731 ἐκ
1364 4678 1423 4732 δὲ
1447 4676 1679 4751 θατέρου
1710 4679 1918 4750 ἀπάτη*

2035 4692 2158 4733 vera
2182 4677 2426 4747 cognitio
2456 4674 2747 4732 coniicitur
2775 4690 2792 4738 ;
2824 4688 2887 4728 ex
2926 4672 3192 4727 alterutro
3223 4677 3404 4723 autem
3432 4681 3614 4721 error.

335 4770 433 4824 καὶ
455 4769 612 4824 τοῦτό
640 4773 758 4825 ἐστι
791 4771 851 4825 τὸ
898 4771 1087 4826 ποιοῦν
1121 4773 1367 4843 ὁμονοεῖν
1402 4788 1466 4826 τε
1490 4772 1588 4826 καὶ
1617 4773 1919 4845 ἀλλοτρίως

2035 4768 2205 4839 Atque
2230 4769 2336 4823 hoc
2368 4775 2472 4833 est,
2501 4766 2647 4837 quod
2683 4763 2998 4821 consentire
3026 4762 3108 4816 vel
3138 4759 3431 4816 dissentire
3472 4758 3615 4812 inter

334 4863 477 4933 ἔχειν
509 4863 637 4934 περί
667 4881 719 4917 τι
756 4865 894 4935 πρὸς
930 4864 1162 4929 ἑαυτοὺς
1191 4867 1319 4928 τοὺς
1362 4864 1716 4936 ἀνθρώπους·
1760 4866 1919 4937 διττὴ

2035 4877 2088 4919 se
2118 4861 2366 4917 homines
2391 4858 2459 4914 de
2488 4859 2671 4927 aliqua
2705 4872 2764 4912 re
2795 4855 2948 4912 facit.
2978 4853 3185 4923 Duplex
3222 4864 3384 4921 porro
3415 4858 3499 4904 cst
3526 4864 3621 4903 so-

335 4956 397 5010 δὲ
421 4958 509 5011 τοῦ
536 4957 703 5029 μόνου
730 4958 995 5029 ὀνόματος
1020 4960 1277 5031 ἠάπάτη,
1304 4960 1381 5015 ὅτ’
1406 4960 1473 5014 ἂν
1493 4960 1665 5032 μηδὲν
1693 4961 1917 5034 μηδαμῆ

2035 4955 2135 5011 lius
2156 4953 2396 5008 nominis
2419 4951 2697 5021 deceptio:
2721 4949 2941 5020 quando
2958 4946 3206 5003 videlicet
3227 4944 3362 4999 nihil
3388 4942 3615 4997 omnino

341 5049 595 5122 σημαίνῃ,
629 5050 725 5105 καὶ
750 5051 830 5104 ὅτ’
862 5050 930 5106 ἂν
962 5051 1057 5104 τοῦ
1092 5052 1298 5105 οἰκείου
1332 5052 1917 5124 ἀςραιρεθὲνίτράγμα⁴

338 5156 428 5203 τος
449 5142 771 5212 προσκέοιτο
797 5142 876 5214 τῷ
902 5143 1216 5198 ἀπεοικότιο
1235 5133 1293 5198 τὸ
1311 5144 1367 5197 δὲ
1392 5147 1657 5214 σημαῖνον
1684 5144 1917 5216 διάφορα

340 5230 530 5303 ἀληθῆ,
556 5235 758 5289 οἰκεῖον
788 5233 853 5288 ἂν
884 5236 1119 5290 ἑκάστου
1149 5237 1243 5288 καὶ
1275 5235 1412 5306 όμοῦ
1455 5236 1674 5290 καλοῖτο
1703 5236 1875 5306 ὄνομα
1896 5250 1912 5266 ⁸

344 5326 569 5396 πρᾶγμα
615 5325 672 5379 δὲ
700 5325 900 5397 ἀληθὲς
942 5325 1060 5380 ἐστι
1092 5327 1187 5382 καί
1230 5325 1577 5396 ὀνομάζεται,
1612 5326 1676 5379 τὸ
1698 5327 1808 5381 τῶν
1837 5328 1919 5381 οἰ-

349 5415 499 5471 κείων
518 5416 619 5487 τῆς
648 5418 840 5482 οὐσίας
865 5418 1130 5482 ἀνενδεῶς
1166 5419 1262 5472 καὶ
1287 5419 1597 5490 ἁπερίττως
1618 5417 1794 5483 σῶζον
1823 5418 1915 5472 λό-

348 5528 432 5579 γον
449 5529 462 5541 ·
487 5512 659 5584 ὄνομα
683 5513 741 5566 δὲ
766 5513 992 5585 ἀληθὲς,
1026 5516 1166 5587 ὅπερ
1218 5516 1247 5568 ό
1277 5514 1371 5568 τοῦ
1405 5515 1731 5586 πράγματος
1757 5514 1916 5583 λόγος

351 5604 618 5675 σημαίνειν
649 5605 918 5676 βούλεται.
939 5606 1077 5660 Οὔτε
1105 5607 1201 5662 οῦν
1225 5607 1287 5661 τὸ
1316 5609 1548 5679 πρᾶγμα
1576 5606 1654 5671 ὡς
1678 5608 1915 5678 πρᾶγμα

356 5698 513 5768 πλανᾷ
531 5716 545 5728 ·
578 5697 703 5752 οὔτε
725 5699 786 5752 τὸ
813 5699 1006 5770 ὄνομα,
1033 5701 1108 5765 ὡς
1133 5700 1306 5772 ὄνομα
1334 5701 1536 5756 οἰκείου
1565 5701 1912 5771 πράγματος,

2026 5047 2318 5117 signiﬁcat,
2337 5054 2393 5101 et
2413 5045 2632 5116 quando
2653 5059 2683 5099 a
2711 5042 2933 5114 propria
2959 5056 3018 5096 re
3036 5041 3395 5101 abstractum,
3419 5036 3615 5090 aliena:

2024 5139 2317 5195 addicitur.
2377 5138 2534 5204 Quod
2591 5137 2748 5205 plura
2808 5150 2933 5191 vera
2983 5132 3274 5203 signiﬁcat,
3326 5129 3609 5200 proprium

2023 5232 2460 5302 uniuscujusque
2496 5230 2770 5300 simulque
2801 5229 3002 5284 dicitur
3032 5242 3256 5283 nomen.
3289 5225 3397 5280 Res
3423 5232 3608 5278 autem

2020 5333 2077 5381 ει
2101 5339 2228 5380 vera
2269 5331 2355 5380 est
2381 5336 2437 5378 et
2457 5322 2657 5377 dicitur
2680 5364 2695 5389 ,
2724 5336 2848 5392 quae
2876 5320 2998 5377 sine
3027 5318 3242 5375 defectu
3284 5328 3339 5373 ct
3368 5317 3490 5371 sine
3522 5330 3612 5368 rc-

2018 5414 2318 5473 dundantia
2345 5415 2736 5486 proprietatum
2765 5413 3086 5469 substantia:
3107 5411 3371 5466 rationem
3402 5414 3606 5462 servat.

2024 5508 2223 5567 Verum
2246 5509 2483 5578 denique
2505 5522 2703 5563 nomen
2730 5518 2835 5571 est,
2862 5506 3009 5577 quod
3028 5505 3105 5560 rei
3135 5505 3273 5559 ratio
3297 5499 3608 5571 signiﬁcare

2017 5604 2154 5659 vult.
2189 5601 2376 5673 Neque
2426 5614 2536 5668 res,
2570 5609 2846 5670 quatenus
2879 5615 2966 5655 res
2993 5606 3098 5663 est,
3129 5596 3331 5666 decipit
3364 5612 3378 5649 :
3427 5608 3608 5663 neque

2017 5711 2238 5764 nomen,
2267 5703 2537 5767 quatenus
2567 5708 2762 5749 nomen
2790 5702 2873 5747 est
2897 5691 3130 5762 propria:
3155 5689 3255 5760 rei,
3282 5688 3337 5744 in
3360 5701 3604 5744 errorem

412 5874 515 5947 (97)
549 5876 742 5933 Recole
763 5893 883 5949 qua:
914 5877 1295 5937 annotavimus
1332 5880 1433 5935 col.
1456 5878 1577 5948 720,
1621 5895 1678 5934 ι).
1716 5879 1801 5950 l7,
1830 5893 1954 5936 cum
1996 5877 2240 5936 Rclando
2270 5877 2408 5937 hanc
2440 5874 2806 5934 idololatriam
2838 5880 3092 5944 negante.
