4048 6404
219 366 326 431 801

1403 361 1834 424 REFUTATIO
1873 362 2352 422 MOIIAMEDIS.

3390 365 3497 428 802

214 481 376 543 ἔθνος
428 479 529 550 τὴν
581 476 818 548 παντελῆ
863 475 958 529 τοῦ
990 474 1120 529 Υίοῦ
1160 474 1439 542 ἀναίρεσιν
1474 475 1795 546 πρεσϐεῦον,

1910 472 2022 528 Filii
2056 475 2478 530 destructionem
2512 474 2751 538 anhelat,
2781 472 2995 528 Patrem
3021 474 3140 542 ejus
3183 476 3501 535 colat?Aut

212 573 311 625 τὸν
346 570 512 624 αὐτοῦ
541 570 761 641 Πατέρα
786 569 1104 636 σεϐἀζοιτος
1137 569 1169 638 ἢ
1201 568 1320 632 πῶς
1343 567 1409 622 ἂν
1439 571 1468 620 ό
1494 569 1652 630 αὐτὸς
1674 569 1808 621 ἀπο-

213 662 435 727 δέξαιτο
469 661 662 731 Πατὴρ
680 659 770 714 τὸν
804 658 972 713 αὑτοῦ
1003 659 1172 720 ὅντως
1205 659 1336 712 ὄντα
1366 658 1494 734 Υίδν
1519 659 1611 712 καὶ
1635 659 1808 726 Λόγον

215 753 318 805 καὶ
343 751 488 809 ,Θεὸν
543 750 623 813 εἰς
669 751 766 803 ἀνυ
782 747 1014 820 παρξίαν
1049 747 1142 801 ὑπ’
1169 747 1350 800 αὐτῶν
1383 748 1526 817 όρῶν
1562 747 1807 818 βλασφη-

224 842 532 914 μούμενονς
566 841 742 904 οὐδεὶς
776 843 960 912 πατὴρ
995 841 1146 909 φίλος
1179 840 1299 892 ἐστὶ
1325 840 1432 893 τῶν
1471 838 1682 908 ἐχθρῶν
1713 839 1805 892 τοῦ

222 933 548 1004 μονογενοῦς
577 933 744 988 αὑτοῦ
763 949 776 966 ο
810 935 858 986 εί
881 933 991 1002 γὰρ
1015 933 1108 986 τὸν
1143 933 1364 1002 Πατέρα
1409 933 1618 996 ἔσεϐον,
1644 930 1807 992 αὐτὸς

213 1024 287 1078 ἂν
317 1025 346 1076 ὁ
377 1025 564 1094 Πατὴρ
597 1023 781 1086 αὐτοῖς
808 1023 901 1076 τὸν
928 1023 1057 1078 Υιδν
1086 1022 1426 1090 ἀπεκάλυψε.
1458 1023 1596 1089 Φησὶ
1640 1021 1750 1090 γὰρ
1779 1021 1809 1072 ό

215 1114 428 1188 Κύριος
449 1130 464 1144 ⁶
492 1113 703 1181 Οὐδεὶς
719 1114 997 1184 γινώσκει
1030 1113 1137 1168 τὸν
1160 1114 1318 1178 me,
1337 1116 1390 1167 εί
1419 1113 1498 1182 μὴ
1527 1117 1559 1168 ὀ
1585 1112 1804 1182 Πατήρο

216 1206 323 1260 καὶ
359 1199 406 1273 ᾧ
435 1204 511 1258 ἂν
539 1204 724 1270 αὐτὸς
751 1205 1122 1274 ἀποκαλύψῃ
1147 1221 1158 1233 ·
1195 1205 1334 1274 ὅπερ
1364 1207 1456 1258 ἐπὶ
1499 1206 1608 1259 τῶν
1640 1206 1808 1259 πάλαι

214 1298 396 1367 ἁγίων
428 1296 651 1371 ὁρῶμεν
675 1297 1042 1368 γεγενημένον
1063 1312 1079 1327 ⁶
1115 1295 1165 1350 οἳ
1197 1298 1296 1368 τὴν
1325 1298 1534 1351 ἑαυτῶν
1559 1298 1688 1368 περὶ
1714 1297 1808 1351 τοῦ

215 1388 354 1442 Υίοῦ
389 1387 592 1456 γνῶσιν
637 1387 731 1440 καὶ
785 1387 986 1451 πίστιν,
1026 1385 1120 1439 καὶ
1155 1387 1213 1440 ὲν
1269 1386 1596 1456 γράμμασιν
1637 1385 1715 1450 ὠς
1750 1388 1809 1438 ἐν

217 1480 449 1550 στήλαις
505 1478 804 1533 κατέλιπον
825 1495 840 1510 ο
883 1477 1060 1541 ἄλλως
1104 1494 1165 1530 τε
1193 1477 1308 1541 πῶς
1337 1477 1403 1530 ἂν
1433 1476 1681 1532 δύναιντο
1720 1477 1810 1531 τὸν

215 1570 443 1641 Πατέρα
490 1569 902 1638 ἐπιγινώσκειν,
961 1570 1038 1638 μὴ
1097 1570 1282 1632 αὐτοῖς
1332 1569 1811 1633 ἀποκαλύπτοντας

209 1661 316 1714 τοῦ
347 1659 513 1726 Υίοῦ;
572 1660 783 1728 Οὐδεὶς
828 1663 1110 1730 γινώσκει
1157 1662 1264 1714 τὸν
1304 1660 1539 1728 Πατέρα
1587 1663 1639 1715 ει
1663 1660 1748 1730 μὴ
1778 1665 1812 1715 ὁ

213 1752 386 1819 Υἱός⁶
417 1751 558 1805 ὥστε
581 1753 781 1816 πάντες
807 1753 855 1805 οἱ
886 1753 984 1824 τῆς
1012 1753 1256 1816 Παλαιᾶς
1301 1753 1544 1823 ἕγκριτοι
1582 1753 1678 1806 καὶ
1726 1753 1806 1806 δί-

214 1860 366 1897 καιοι
399 1845 614 1916 ἄνδρες,
655 1846 747 1898 τὸν
793 1843 926 1897 Θεὸν
979 1844 1075 1898 καὶ
1125 1845 1344 1915 Πατέρα
1385 1843 1658 1909 σέϐοντες,
1709 1844 1807 1916 τὴν

211 1936 314 1990 τοῦ
349 1937 480 1990 Υίοῦ
504 1937 598 1992 τοῦ
627 1937 764 1992 Θεοῦ
800 1939 1152 2009 ἐμνήσθησαν
1175 1939 1270 1992 καὶ
1303 1938 1551 2007 ὲμύησαν
1581 1938 1802 2005 γνῶσιν.

292 2027 398 2098 ργ¹.
428 2030 539 2083 Καὶ
589 2029 748 2084 τοῦτο
805 2030 1033 2100 σημεῖον
1075 2030 1305 2101 ἐναργὲς
1345 2031 1374 2083 ὁ
1418 2029 1545 2093 Υἱὸς
1573 2029 1804 2083 δέδωκεν

215 2115 400 2176 αὐτῶν
439 2140 498 2176 τε
533 2123 626 2176 καὶ
659 2122 770 2175 τῶν
808 2123 925 2192 μετ’
960 2120 1206 2184 ἐκείνους
1250 2121 1328 2192 τῷ
1362 2121 1538 2191 Πατρὶ⁵
1567 2138 1806 2190 προσκυ-

212 2212 474 2278 νούντων,
495 2214 557 2267 τὸ
581 2215 673 2267 τὸν
691 2214 822 2267 Υἱὸν
855 2214 1022 2284 τιμᾷν
1045 2229 1060 2245 ο
1092 2213 1188 2266 καὶ
1217 2213 1326 2282 γὰρ
1351 2211 1568 2281 ὁρῶμεν
1589 2209 1805 2280 ἀληθῶς

211 2308 394 2372 οὕτως
420 2307 542 2378 ἔχον
573 2306 630 2360 ἐν
669 2323 728 2359 τε
757 2306 907 2376 νόμῳ
935 2305 1028 2359 κιιί⁵
1064 2304 1270 2376 χάριτι.
1316 2302 1551 2373 Φανερὸν
1586 2302 1692 2372 ἄρα
1723 2303 1804 2355 ὅτι

214 2402 277 2454 οὐ
320 2401 410 2454 τὸν
455 2398 548 2452 τοῦ
586 2397 840 2469 ’Λϐραὰμ
865 2397 960 2450 καὶ
995 2398 1274 2460 Μωῦσέως
1297 2394 1432 2448 Θεὸν
1459 2394 1550 2448 τὸν
1583 2394 1804 2464 Πατέρα

213 2491 314 2545 τοῦ
365 2489 571 2561 Κυρίου
620 2489 777 2560 ήμῶν
869 2486 1044 2559 Ἰησοῦ
1098 2484 1339 2558 Χριστοῦ
1405 2484 1804 2557 προσκυνοῦσιν

228 2583 543 2654 Ἀγαρηνοὶ,
567 2581 662 2636 καὶ
689 2583 789 2650 τὴν
815 2580 1015 2650 γνῶσιν
1044 2580 1137 2633 τοῦ
1169 2577 1510 2647 Μονογενοῦς
1548 2576 1804 2648 ἐξαρνού-

220 2695 377 2749 μενοι
397 2693 410 2706 ·
440 2675 576 2729 ἀλλὰ
603 2674 694 2726 τὸν
719 2674 934 2743 πατέρα
959 2670 1055 2725 τοῦ
1079 2670 1332 2741 ψεύδους,
1357 2669 1434 2734 ὡς
1461 2670 1521 2735 ἐξ
1557 2669 1804 2739 ἀνάγκης

213 2767 380 2823 τοῦτο
408 2765 852 2828 ἀκολουθοῦντος,
896 2763 985 2818 se:
1019 2763 1078 2817 τὸ
1113 2764 1190 2834 μὴ
1221 2763 1553 2834 προσκυνεῖν
1586 2761 1678 2815 τὸν
1706 2763 1804 2832 τῆς

216 2859 481 2930 ἀληθείας
505 2860 748 2928 Πατέρα.
802 2858 861 2910 '0
888 2856 997 2928 γάρ
1025 2855 1254 2927 θατέρου
1292 2855 1556 2919 ἀποστὰς,
1590 2853 1804 2925 θατέρῳ

217 2949 578 3020 περιπίπτει·
604 2949 698 3002 καὶ⁵
728 2946 968 3018 ἀψευδής
997 2947 1148 3000 ἐστιν
1174 2947 1212 3014 ,ὁ
1245 2945 1340 2999 τοῦ
1375 2945 1579 3016 Κυρίου
1623 2945 1800 3014 λόγος,

214 3042 302 3094 ὃτι
334 3041 388 3092 '0
415 3039 499 3109 μὴ
529 3037 716 3108 τιμῶν
748 3038 857 3092 τὸν
890 3037 1047 3103 Υὶὸν,
1079 3036 1223 3092 οὐδὲ
1250 3036 1356 3091 τὸν
1383 3036 1613 3105 Πατέρα
1642 3035 1799 3104 τιμᾷ·

1908 569 2186 636 quomodo
2233 568 2468 636 patietur
2499 567 2615 636 ipse
2649 565 2830 629 Pater,
2865 582 3026 621 suum
3055 584 3181 622 vere
3212 567 3410 623 Filium
3443 580 3500 623 et

1909 655 2147 710 Verbum
2174 672 2239 710 ac
2278 657 2444 711 Deum
2477 657 2546 710 ab
2571 656 2767 709 horum
2795 655 3114 725 blaspheme
3145 673 3239 712 ore
3270 657 3500 727 negari?

1907 746 2103 801 Nullus
2137 756 2284 802 certe
2309 757 2464 818 pater
2511 747 2859 801 inimicorum
2888 748 3150 816 unigeniti
3181 749 3264 802 sui
3287 750 3500 804 amicus

1909 846 2012 893 est.
2047 837 2254 892 Prteter
2300 855 2462 908 quam
2518 841 2664 908 quod
2701 840 2745 894 si
2774 839 2994 893 Patrem
3025 841 3129 894 rite
3159 841 3421 905 colerent,
3453 841 3501 895 is

1908 930 2114 985 eisdem
2142 930 2337 984 Filium
2363 948 2521 986 suum
2555 935 2845 987 revelaret.
2870 933 3173 1002 Aitquippe
3196 933 3497 988 Dominus:

1913 1021 2082 1076 Nemo
2124 1025 2264 1076 novit
2311 1023 2516 1077 Filium
2545 1026 2652 1078 nisi
2705 1023 2882 1092 Pater,
2901 1034 2950 1078 et
2979 1026 3064 1078 cui
3104 1027 3212 1093 ipse
3241 1024 3502 1078 revelave-

1911 1113 2068 1180 rit”;
2093 1117 2234 1182 quod
2259 1117 2532 1172 veteribus
2561 1117 2765 1172 sanctis
2789 1118 3084 1188 contigisse
3107 1118 3376 1182 videmus,
3406 1117 3501 1188 qui

1911 1220 2068 1260 suam
2101 1205 2223 1260 Filii
2269 1208 2520 1261 notitiam
2557 1209 2829 1279 iidemque
2887 1210 2938 1262 in
2982 1209 3136 1263 libris
3182 1223 3404 1278 quoque
3447 1215 3506 1262 et

1911 1297 2068 1366 quasi
2118 1297 2293 1368 cippis
2336 1301 2598 1368 scriptam
2654 1301 3012 1371 reliquerunt.
3064 1299 3315 1370 Insuper,
3361 1313 3502 1369 quo-

1912 1388 2073 1441 modo
2123 1389 2340 1458 possint
2382 1391 2598 1446 Patrem
2651 1405 3014 1462 cognoscere,
3064 1390 3203 1445 Filio
3260 1391 3340 1446 eis
3388 1404 3502 1444 non

1913 1479 2222 1533 revelante?
2277 1479 2446 1535 Nemo
2501 1484 2640 1535 novit
2679 1482 2891 1537 Patrem
2957 1485 3061 1536 nisi
3115 1483 3501 1538 Filius:adeo

1913 1579 1973 1623 ut
2019 1572 2198 1624 cuncti
2244 1571 2458 1628 Veteris
2507 1573 2841 1629 Testamenti
2904 1576 3086 1646 inclyti
3118 1577 3361 1646 justique
3398 1577 3501 1632 ho-

1913 1659 2110 1726 mines,
2140 1660 2231 1714 Dei
2265 1661 2442 1718 Patris
2459 1663 2718 1730 cultores,
2743 1663 2864 1719 Filii
2889 1665 3053 1720 simul
3085 1666 3276 1721 nOtitia
3301 1666 3500 1722 imbuti

1915 1749 2141 1819 fuerint,
2174 1753 2420 1824 aliosque
2447 1755 2687 1810 vicissim
2731 1756 3049 1812 imbuerint.

1985 2037 2109 2091 105.
2141 2038 2315 2108 Atque
2339 2038 2443 2094 hoc
2465 2037 2611 2094 dedit
2645 2037 2817 2094 Filius
2850 2039 3065 2110 signum
3099 2040 3322 2096 evidens
3351 2042 3501 2112 quod

1913 2127 1989 2182 illi
2014 2137 2068 2184 et
2105 2131 2311 2199 posteri
2342 2146 2534 2186 eorum
2554 2130 2770 2186 Patrem
2793 2132 3055 2196 colerent,
3094 2133 3141 2186 si
3185 2149 3377 2202 nempe
3407 2132 3500 2187 Fi-

1912 2219 2042 2273 lium
2073 2221 2518 2278 honorilicarent.
2567 2224 2659 2278 Sic
2695 2227 2842 2279 enim
2895 2241 3013 2279 rem
3067 2227 3139 2278 ita
3185 2241 3246 2282 se
3300 2227 3501 2282 habere

1911 2311 2159 2365 videmus
2187 2321 2298 2366 tum
2326 2315 2378 2366 in
2424 2313 2542 2383 lege
2588 2323 2700 2367 tum
2729 2314 2892 2367 etiam
2931 2315 2981 2367 in
3007 2315 3201 2384 gratia.
3235 2315 3500 2384 Explora-

1911 2411 2028 2457 tum
2080 2403 2248 2473 igitur
2295 2414 2409 2470 est,
2462 2421 2803 2475 nequaquam
2852 2406 3148 2459 Abrahami
3201 2415 3256 2460 et
3299 2407 3499 2478 Moysis

1912 2497 2105 2560 Deum,
2136 2505 2344 2566 patrem
2390 2497 2604 2551 Domini
2653 2497 2823 2550 nostri
2851 2494 2982 2550 Jesu
3011 2496 3238 2563 Christi,
3263 2499 3331 2553 ab
3351 2499 3500 2566 Aga-

1909 2587 2057 2642 renis
2096 2587 2223 2651 coli,
2253 2587 2345 2656 qui
2378 2586 2732 2655 Unigenitum
2765 2601 3064 2656 agnoscere
3091 2596 3368 2653 renuunt;
3401 2585 3498 2642 sed

1910 2694 2006 2736 eos
2035 2679 2302 2735 mendacii
2330 2687 2534 2749 patrem
2579 2680 2758 2748 potius
2789 2679 3096 2735 necessaria
3126 2680 3345 2749 sequela
3369 2680 3500 2734 ado-

1911 2783 2055 2836 rare,
2091 2771 2353 2839 quoniam
2403 2768 2655 2822 veritatis
2703 2767 2921 2822 Patrem
2968 2782 3077 2821 non
3127 2767 3498 2822 colunt.Nam

1909 2863 2004 2932 qui
2051 2861 2117 2915 ab
2163 2862 2336 2915 altero
2383 2859 2640 2923 discedit,
2670 2859 2724 2912 in
2766 2859 3000 2913 alterum
3035 2858 3282 2912 oﬂendit.
3312 2857 3501 2927 Neque

1909 2953 2047 3007 fallit
2068 2953 2190 3007 Filii
2216 2967 2420 3019 sermo,
2448 2966 2642 3020 nempe
2671 2966 2795 3005 eum
2829 2952 2921 3021 qui
2953 2950 3148 3004 Filium
3185 2967 3292 3004 non
3323 2951 3502 3005 hono-

1907 3041 2115 3106 rilicat,
2152 3058 2221 3096 ne
2258 3041 2474 3095 Patrem
2505 3040 2724 3110 quidem
2758 3040 3144 3096 honorilicare.
3180 3039 3498 3094 Necessario

215 3131 434 3201 ἀνάγκη
465 3126 560 3184 οὖν
593 3133 707 3193 τοῖς
746 3129 822 3200 τῷ
847 3128 1072 3200 Χριστῷ
1093 3127 1439 3193 πιστεύουσι,
1494 3127 1570 3198 μὴ
1601 3128 1801 3192 ἐξεῖναι

1913 3135 2076 3206 igitur
2135 3135 2201 3189 iis
2249 3135 2341 3204 qui
2386 3133 2609 3188 Christo
2667 3133 2900 3187 credunt
2929 3132 3110 3186 dicere
3163 3146 3273 3185 non
3327 3132 3495 3194 licet,

213 3222 398 3290 λέγειν
427 3223 506 3275 ὅτι
527 3220 618 3275 τόν
645 3219 904 3291 ἀληθινὸν
937 3218 1070 3273 Θεὸν
1121 3219 1370 3272 σέϐονται
1411 3217 1701 3289 Ἀγαρηνοί
1725 3235 1740 3249 ο
1771 3219 1804 3290 ἦ

1914 3242 2100 3282 verum
2151 3227 2319 3280 Deum
2359 3225 2428 3279 ab
2470 3224 2735 3293 Agarenis
2782 3223 3029 3279 coli.Aut
3070 3223 3116 3277 si
3161 3223 3265 3278 hoc
3291 3223 3496 3288 dicent,

214 3313 378 3366 τοῦτο
424 3313 696 3381 λέγοντες,
756 3313 882 3375 τοὺς
932 3310 1063 3382 περὶ
1126 3309 1379 3381 Ἀϐραὰμ
1431 3312 1529 3363 καὶ¹
1569 3310 1809 3364 Μωῦσέα

214 3407 734 3478 ἀναγκασθήσονται
794 3407 974 3475 λέγειν
1032 3406 1107 3476 μὴ
1155 3405 1246 3459 τὸν
1270 3405 1404 3459 Θεὸν
1439 3405 1532 3459 τὸν
1557 3405 1808 3476 ἀληθινὸν

216 3501 552 3573 προσκυνεῖν
571 3515 586 3531 ·
624 3499 833 3554 καὶτὸν
863 3497 1072 3568 Κύριον
1101 3498 1416 3567 ψεύδεσθαι,
1447 3498 1585 3568 ὅπερ
1611 3498 1810 3552 ἀδύνα-

214 3609 314 3647 τον
350 3592 448 3664 τὴν
473 3591 867 3663 αύτοαλήθειαν
899 3589 1094 3644 παθεῖν
1118 3607 1130 3620 ’
1169 3590 1266 3644 καὶ
1289 3591 1388 3661 τὴν
1417 3590 1528 3644 τῶν
1561 3590 1807 3647 παλαιῶν

214 3683 443 3755 Γραφὴν
479 3683 554 3755 μὴ
583 3682 980 3754 συσσημαινειν
1011 3681 1285 3752 διαφόρως
1315 3681 1394 3752 τῷ
1418 3682 1598 3754 Πατρὶ
1625 3683 1718 3736 xai.
1747 3683 1806 3737 τὸ

213 3775 318 3830 τοῦ
362 3775 496 3828 Υίοῦ
528 3773 838 3845 ,πρόσωπον
889 3774 1074 3827 ὁποῖόν
1119 3773 1235 3826 ἐστι
1267 3772 1351 3838 τὸ,
1393 3774 1496 3828 Ἐκ
1545 3774 1808 3844 γαστρὸς

214 3867 338 3939 πρὸ
387 3867 697 3937 ἑωσφόρον
747 3865 1049 3935 ἐγέννησα
1081 3881 1172 3920 σε.
1215 3865 1328 3918 Καὶ
1361 3864 1443 3930 τὸ,
1501 3863 1565 3918 '0
1593 3867 1806 3934 θρόνος

214 3976 363 4025 σου,
407 3962 438 4012 d
465 3957 631 4024 Θεὸς,
669 3959 758 4025 εἰς
781 3957 890 4010 τὸν
927 3956 1111 4010 αιῶνα
1149 3956 1257 4011 τοῦ
1281 3954 1530 4023 αἰῶνος·
1581 3957 1804 4026 ῥάϐδος

213 4052 572 4119 εὐθύτητος,
599 4050 637 4118 ἡ
657 4047 878 4118 ῥάϐδος
907 4046 1018 4117 τῆς
1032 4048 1357 4115 βασιλείας
1385 4064 1523 4102 σου.
1554 4047 1804 4117 Ἠγάπη-

214 4160 342 4210 σας
359 4141 758 4210 δικαιοσύνην
779 4140 876 4194 καὶ
899 4140 1200 4210 ἐμίσησας
1215 4138 1476 4195 ἀδικίαν
1507 4137 1606 4193 διὰ
1628 4139 1803 4193 τοῦτο

210 4233 431 4303 ἔχρισέ
463 4246 538 4286 σε
567 4233 709 4298 Θεὸς
739 4233 772 4286 ό
808 4233 953 4297 Θεός
992 4247 1109 4286 σου
1133 4232 1222 4296 εὶς
1247 4230 1354 4285 τὸν
1382 4229 1588 4295 αἰῶνα,
1618 4230 1714 4285 καὶ
1734 4231 1803 4285 τὰ

212 4327 408 4395 ὃμοια.
442 4325 503 4378 El
543 4324 602 4378 δὲ
628 4324 728 4395 τὴν
777 4323 1039 4393 ἀλήθειαν
1081 4322 1158 4394 μὴ
1186 4321 1500 4392 ψεύδεσθαι,
1551 4323 1646 4376 καὶ
1677 4323 1804 4388 τοὺς

214 4417 356 4486 περὶ
403 4415 654 4488 Ἀϐραὰμ
702 4414 976 4478 θεοσεϐεῖς
1023 4413 1401 4484 ὁμολογοῦσιν,
1441 4413 1659 4478 ἀσεϐεῖς
1709 4414 1804 4468 καὶ

213 4509 418 4573 ἀθέους
447 4507 572 4570 τοὺς
613 4506 949 4576 Ἀγαρηνοὺς
980 4504 1200 4569 πάντως
1230 4503 1666 4577 ἀποφανοῦνται,
1699 4506 1814 4562 ἀλλ’
1846 4514 1892 4571 D

215 4599 352 4669 οὐχὶ
387 4598 660 4661 θεοσεϐεῖς
684 4596 951 4650 ὁπωσοῦν.

214 4687 307 4745 Λ’.
352 4689 720 4755 Ἀπάντησις
760 4689 910 4755 πρὸς
934 4685 1078 4752 τοὺς
1125 4683 1600 4757 δυσφημοῦντας
1642 4685 1812 4757 Ἀγα-

289 4760 523 4827 ρηνοὺς
581 4759 700 4826 τὴν
741 4757 998 4826 Χριστοῦ
1047 4757 1323 4827 θεότητα,
1372 4755 1477 4827 καὶ
1507 4755 1812 4827 -λέγοντας

295 4824 575 4898 ἀφρόνως
595 4842 610 4858 ο
645 4824 926 4882 Οὺκήέστι
957 4827 1141 4898 ᾷεόςὴ
1164 4825 1264 4898 κα)
1296 4824 1814 4898 διὰᾼτοῦτοοῑομέ-

293 4894 445 4965 γοὺς
491 4901 625 4988 τῂν·
659 4895 1036 4984 Χριστιανῶν
1075 4895 1284 4962 αὐτοῖς
1323 4894 1680 4950 ἐκδεδόσθαι
1709 4894 1812 4962 ἐἰς

297 4985 611 5040 προνομὴν
641 4985 863 5040 χωραν.
945 5027 947 5030 ,

301 5061 398 5131 ρδ’.
429 5060 488 5112 Et
517 5059 612 5112 καὶ
634 5056 994 5128 ἐπιτιμᾶσθαι
1027 5057 1226 5120 αὐτοὺς
1257 5055 1404 5119 εἰκὸς
1435 5051 1503 5128 ἦν
1527 5056 1592 5110 ὲκ
1621 5074 1810 5127 προοι-

219 5153 392 5225 μίων,
416 5151 577 5206 τοῦτο
609 5151 708 5221 μὲν
743 5149 1074 5222 παροπτέον,
1095 5149 1183 5202 διὰ
1208 5148 1268 5202 τὸ
1297 5143 1438 5201 εἶναι
1465 5148 1556 5202 τὸν
1585 5149 1813 5214 τούτους

215 5252 242 5299 c'
265 5245 393 5310 ξίως
424 5243 824 5314 ὲπιτιμήσοντα
847 5257 859 5270 ο
894 5239 1081 5305 κοινὰς
1105 5241 1162 5295 δὲ
1205 5239 1568 5311 προλαϐόντες
1602 5241 1811 5304 ἐννοίας

214 5340 324 5404 τῆς
357 5337 564 5400 λύσεως
601 5337 697 5407 τῆς
724 5335 982 5405 τοιαύτης
1013 5335 1268 5406 ἀπορίας,
1309 5335 1374 5387 ὲκ
1403 5333 1512 5387 τῶν
1544 5333 1675 5405 παρ’
1714 5333 1812 5387 αὺ-

1910 3327 2176 3388 cogentur
2227 3317 2408 3372 dicere
2457 3317 2832 3372 Abrahamum
2893 3331 2957 3370 ac
3011 3315 3254 3385 Moysem
3306 3330 3497 3369 verum

1911 3411 2080 3466 Deum
2136 3425 2246 3464 non
2293 3410 2562 3473 coluisse;
2608 3416 2662 3462 et
2723 3407 3013 3461 Dominum
3061 3407 3318 3471 mentiri;
3352 3406 3498 3475 quod

1909 3503 2024 3557 ﬁeri
2053 3503 2121 3556 ab
2153 3502 2336 3556 innata
2369 3502 2593 3556 veritate
2621 3501 2808 3570 nequit
2837 3517 2850 3553 :
2881 3515 3057 3569 neque
3085 3502 3211 3553 item
3241 3501 3500 3566 antiquas

1911 3591 2224 3662 Scripturas
2246 3591 2587 3661 plurifariam
2609 3591 2951 3660 signiﬁcasse
2972 3590 3162 3660 quales
3189 3591 3300 3643 sint
3324 3589 3499 3644 Patris

1907 3683 2138 3754 Filiique
2186 3699 2454 3752 personat.
2490 3681 2664 3736 Veluti
2697 3700 2711 3736 :
2754 3681 2839 3734 Ea:
2877 3690 3024 3734 utero
3067 3690 3188 3734 ante
3221 3680 3498 3749 luciferum

1906 3772 2125 3844 genuite
2145 3771 2211 3823 ‘°.
2234 3771 2366 3824 ltem
2397 3787 2412 3823 :
2439 3769 2597 3824 Sedes
2625 3779 2738 3831 tua,
2766 3767 2927 3828 Deus,
2946 3768 3001 3820 in
3017 3767 3269 3821 saxulum
3289 3767 3497 3820 swculi.

1916 3864 2077 3934 Virga
2116 3865 2462 3927 directionis,
2495 3865 2642 3933 virga
2695 3862 2842 3932 regni
2889 3862 2989 3916 tui.
3042 3860 3297 3914 Dilexisti
3323 3859 3497 3927 justi-

1907 3957 2058 4019 tiam,
2095 3964 2143 4008 et
2183 3955 2344 4008 odisti
2373 3955 2746 4024 iniquitatem;
2774 3963 3049 4022 propterea
3074 3953 3227 4004 unxit
3264 3960 3312 4004 te
3346 3949 3488 4003 Deus

1903 4048 2044 4102 Deus
2087 4047 2280 4113 tuusin
2307 4044 3137 4112 wternnm“;ctsimilia.Quod
3193 4043 3240 4098 si
3277 4043 3486 4104 ﬁdeles,

1903 4140 2184 4194 veritatem
2210 4155 2318 4194 non
2349 4155 2469 4194 esse
2501 4140 2805 4204 mentitam,
2839 4148 2894 4193 et
2922 4139 3290 4192 Abrahamum
3334 4139 3482 4206 pium

1905 4227 2076 4284 fuisse
2115 4227 2368 4293 fatentur,
2416 4228 2472 4282 hi
2535 4228 2874 4299 irreligiosos
2929 4236 2982 4283 et
3030 4229 3223 4282 atheos
3253 4241 3484 4296 prorsus

1905 4319 2088 4376 dicent
2121 4335 2244 4378 esse
2269 4321 2568 4392 Agarenos,
2604 4335 2715 4375 non
2745 4331 2928 4376 autem
2975 4319 3184 4390 aedepol
3227 4319 3320 4375 Dei
3369 4319 3488 4373 eul-

1907 4424 2076 4471 tores.

1917 4685 2089 4742 XXX.
2124 4684 2389 4738 Adversus
2432 4683 2701 4753 Agarenos
2730 4681 2937 4753 Christi
2983 4679 3314 4732 divinitatem
3349 4677 3499 4730 blas-

1989 4758 2325 4827 phemautcs,
2357 4751 2702 4826 micantesque
2749 4751 3057 4827 insipienter
3083 4766 3202 4801 eum
3242 4765 3363 4827 non.
3391 4763 3504 4827 esse

1995 4818 2199 4891 Deum;
2256 4842 2318 4878 ac
2357 4818 2672 4896 'propterea
2713 4818 2960 4896 putantes
3017 4821 3203 4872 datam
3263 4818 3391 4886 ipsis
3445 4818 3500 4868 in

1905 4923 1909 4927 -
1989 4896 2224 4966 prtedam
2249 4893 2510 4966 regionem
2546 4893 2996 4948 Christianorum.

1992 5055 2117 5109 104.
2151 5051 2380 5108 Etiamsi
2415 5050 2600 5106 statim
2625 5049 2695 5102 ab
2721 5046 2878 5101 initio
2900 5046 3183 5114 increpare
3208 5042 3308 5097 hos
3335 5055 3500 5110 opor-

1920 5155 2079 5212 teret,
2108 5146 2158 5199 id
2185 5143 2542 5198 nihilominus
2569 5139 2906 5201 omittemus,
2929 5135 3060 5206 quia
3095 5149 3202 5189 non
3227 5133 3375 5188 deest
3407 5131 3500 5198 qui

1917 5255 2016 5296 eos
2062 5253 2162 5308 pro
2211 5236 2409 5292 merito
2459 5231 2782 5301 increpabit.
2817 5228 2924 5284 Sed
2971 5241 3292 5282 communes
3341 5223 3500 5275 adhi-

1919 5327 2109 5383 bentes
2133 5323 2410 5386 notiones,
2437 5320 2509 5375 ob
2536 5318 2698 5388 hujus
2722 5314 3114 5371 controversia:
3144 5311 3496 5372 solutionem,

217 5400 344 5492 τοῖς
367 5400 818 5498 ὁμολογουμένων
839 5400 1039 5490 αὐτοὺς
1063 5400 1460 5496 ἀπελέγξομεν,
1493 5424 1569 5488 ὡς
1596 5400 1653 5479 ἐν
1678 5427 1807 5479 πᾶσι

1913 5436 1980 5478 ex
2013 5417 2283 5474 confessis
2312 5412 2456 5484 apud
2485 5412 2607 5467 illos
2627 5423 3014 5480 coarguemus,
3043 5420 3161 5468 eos,
3198 5413 3257 5458 ut
3287 5404 3353 5457 in-
3375 5400 3499 5453 aliis

217 5524 334 5576 κᾶν
375 5521 551 5592 τούτῳ
587 5519 775 5583 κακῶς
817 5519 1177 5591 φρονοῦνταςο
1207 5519 1269 5572 τὸ
1314 5517 1468 5572 Θεῖον
1505 5517 1616 5572 δεῖν
1652 5513 1812 5582 εἶναι,

220 5615 366 5685 παρ’
402 5612 564 5685 ἡμῶν
623 5611 910 5683 μαθόντες,
946 5611 1300 5682 ὁμολογοῦσιν
1353 5609 1580 5681 ἀγαθὸν,
1626 5607 1816 5680 φιλάν-

1915 5511 2196 5576 omnibus,
2242 5508 2298 5563 in
2352 5505 2481 5578 hoc.
2518 5515 2740 5575 quoque
2789 5513 2958 5571 prave
3013 5495 3250 5566 opinari.
3299 5492 3496 5553 Deum,

1915 5605 2077 5662 nobis
2111 5597 2459 5668 docentibus,
2501 5596 2709 5655 bonum
2734 5606 2860 5652 esse
2890 5589 3242 5656 conﬁtentur,
3261 5585 3498 5643 benevo-

299 5790 352 5824 ⁴³
383 5788 571 5847 Matth.
598 5805 674 5860 ιι,
709 5788 801 5844 ‘27.
883 5787 928 5822 “
951 5787 1098 5845 Psal.
1123 5803 1232 5855 τις,
1269 5786 1326 5844 ὅ.
1403 5784 1447 5818 ⁵⁵
1479 5784 1622 5841 Psal.
1656 5797 1803 5851 xttv,
1845 5781 1900 5849 7,
1925 5781 1979 5836 8.
