  <div class='ocr_page' id='page_1' title='image "/cluster/home/n/w/nwhite01/storage/ocr_20150623/105/coo.31924054870096/421.png"; bbox 0 0 2024 3220; ppageno 0'>
   <div class='ocr_carea' id='block_1_1' title="bbox 265 214 320 246">
    <p class='ocr_par' dir='ltr' id='par_1_1' title="bbox 265 214 320 246">
     <span class='ocr_line' id='line_1_1' title="bbox 265 214 320 246; baseline 0 -1"><span class='ocrx_word' id='word_1_1' title='bbox 265 214 320 246; x_wconf 79' lang='lat'><strong>803</strong></span> 
     </span>
    </p>
   </div>
   <div class='ocr_carea' id='block_1_2' title="bbox 887 208 1260 241">
    <p class='ocr_par' dir='ltr' id='par_1_2' title="bbox 887 208 1260 241">
     <span class='ocr_line' id='line_1_2' title="bbox 887 208 1260 241; baseline -0.003 0"><span class='ocrx_word' id='word_1_2' title='bbox 887 208 1036 241; x_wconf 66' lang='grc' dir='ltr'><strong>ΝΙΟΕΤᾸΞ</strong></span> <span class='ocrx_word' id='word_1_3' title='bbox 1056 209 1260 241; x_wconf 76' lang='grc' dir='ltr'><strong>ΒΫΖΑΝΤΙΝΙ</strong></span> 
     </span>
    </p>
   </div>
   <div class='ocr_carea' id='block_1_3' title="bbox 1848 209 1900 243">
    <p class='ocr_par' dir='ltr' id='par_1_3' title="bbox 1848 209 1900 243">
     <span class='ocr_line' id='line_1_3' title="bbox 1848 209 1900 243; baseline 0 0"><span class='ocrx_word' id='word_1_4' title='bbox 1848 209 1900 243; x_wconf 69' lang='lat'><strong>805</strong></span> 
     </span>
    </p>
   </div>
   <div class='ocr_carea' id='block_1_4' title="bbox 263 260 1056 303">
    <p class='ocr_par' dir='ltr' id='par_1_4' title="bbox 263 267 1056 303">
     <span class='ocr_line' id='line_1_4' title="bbox 263 267 1056 303; baseline -0.005 -6"><span class='ocrx_word' id='word_1_5' title='bbox 263 271 320 297; x_wconf 91' lang='lat' dir='ltr'><strong>lum</strong></span> <span class='ocrx_word' id='word_1_6' title='bbox 335 275 398 303; x_wconf 82' lang='lat' dir='ltr'><strong>erga</strong></span> <span class='ocrx_word' id='word_1_7' title='bbox 412 267 549 301; x_wconf 76' lang='lat' dir='ltr'><strong>homines,</strong></span> <span class='ocrx_word' id='word_1_8' title='bbox 560 267 723 303; x_wconf 84' lang='lat' dir='ltr'><strong>sapientem,</strong></span> <span class='ocrx_word' id='word_1_9' title='bbox 737 267 841 303; x_wconf 85' lang='lat' dir='ltr'><strong>justum</strong></span> <span class='ocrx_word' id='word_1_10' title='bbox 856 270 939 302; x_wconf 85' lang='lat' dir='ltr'><strong>atque</strong></span> <span class='ocrx_word' id='word_1_11' title='bbox 957 271 1056 301; x_wconf 84' lang='lat' dir='ltr'><strong>poten-</strong></span> 
     </span>
    </p>
   </div>
   <div class='ocr_carea' id='block_1_5' title="bbox 1108 260 1901 303">
    <p class='ocr_par' dir='ltr' id='par_1_5' title="bbox 1115 260 1901 301">
     <span class='ocr_line' id='line_1_5' title="bbox 1115 260 1901 301; baseline 0 -9"><span class='ocrx_word' id='word_1_12' title='bbox 1115 266 1236 301; x_wconf 86' lang='grc' dir='ltr'><strong>θρωπον,</strong></span> <span class='ocrx_word' id='word_1_13' title='bbox 1254 264 1302 292; x_wconf 78' lang='grc' dir='ltr'><strong>καὶ</strong></span> <span class='ocrx_word' id='word_1_14' title='bbox 1314 264 1406 298; x_wconf 69' lang='grc' dir='ltr'><strong>σοφὸν,</strong></span> <span class='ocrx_word' id='word_1_15' title='bbox 1425 263 1471 291; x_wconf 80' lang='grc' dir='ltr'><strong>καὶ</strong></span> <span class='ocrx_word' id='word_1_16' title='bbox 1492 264 1597 291; x_wconf 80' lang='grc' dir='ltr'><strong>δίκαιον</strong></span> <span class='ocrx_word' id='word_1_17' title='bbox 1606 264 1655 292; x_wconf 77' lang='grc' dir='ltr'><strong>καὶ</strong></span> <span class='ocrx_word' id='word_1_18' title='bbox 1670 260 1799 292; x_wconf 73' lang='grc' dir='ltr'><strong>δυνᾶτόνι</strong></span> <span class='ocrx_word' id='word_1_19' title='bbox 1817 265 1840 293; x_wconf 84' lang='grc' dir='ltr'><strong>εί</strong></span> <span class='ocrx_word' id='word_1_20' title='bbox 1858 267 1901 292; x_wconf 73' lang='grc' dir='ltr'><strong>καὶ</strong></span> 
     </span>
    </p>
   </div>
   <div class='ocr_carea' id='block_1_6' title="bbox 262 312 1057 349">
    <p class='ocr_par' dir='ltr' id='par_1_6' title="bbox 262 312 1057 349">
     <span class='ocr_line' id='line_1_6' title="bbox 262 312 1057 349; baseline -0.001 -8"><span class='ocrx_word' id='word_1_21' title='bbox 262 317 336 347; x_wconf 89' lang='lat' dir='ltr'><strong>tem;</strong></span> <span class='ocrx_word' id='word_1_22' title='bbox 351 314 457 341; x_wconf 84' lang='lat' dir='ltr'><strong>etiamsi</strong></span> <span class='ocrx_word' id='word_1_23' title='bbox 474 313 558 341; x_wconf 87' lang='lat' dir='ltr'><strong>alium</strong></span> <span class='ocrx_word' id='word_1_24' title='bbox 569 314 621 341; x_wconf 86' lang='lat' dir='ltr'><strong>sub</strong></span> <span class='ocrx_word' id='word_1_25' title='bbox 631 314 691 349; x_wconf 85' lang='lat' dir='ltr'><strong>ejus</strong></span> <span class='ocrx_word' id='word_1_26' title='bbox 711 314 823 341; x_wconf 82' lang='lat' dir='ltr'><strong>nomine</strong></span> <span class='ocrx_word' id='word_1_27' title='bbox 837 314 943 341; x_wconf 89' lang='lat' dir='ltr'><strong>colunt.</strong></span> <span class='ocrx_word' id='word_1_28' title='bbox 953 312 1057 346; x_wconf 85' lang='lat' dir='ltr'><strong>Quate-</strong></span> 
     </span>
    </p>
   </div>
   <div class='ocr_carea' id='block_1_7' title="bbox 262 358 1057 394">
    <p class='ocr_par' dir='ltr' id='par_1_7' title="bbox 262 358 1057 394">
     <span class='ocr_line' id='line_1_7' title="bbox 262 358 1057 394; baseline -0.004 -7"><span class='ocrx_word' id='word_1_29' title='bbox 262 367 315 387; x_wconf 84' lang='lat' dir='ltr'><strong>nus</strong></span> <span class='ocrx_word' id='word_1_30' title='bbox 340 367 405 394; x_wconf 80' lang='lat' dir='ltr'><strong>ergo</strong></span> <span class='ocrx_word' id='word_1_31' title='bbox 428 359 516 386; x_wconf 88' lang='lat' dir='ltr'><strong>bonus</strong></span> <span class='ocrx_word' id='word_1_32' title='bbox 535 363 586 391; x_wconf 85' lang='lat' dir='ltr'><strong>est,</strong></span> <span class='ocrx_word' id='word_1_33' title='bbox 601 359 658 386; x_wconf 87' lang='lat' dir='ltr'><strong>vult</strong></span> <span class='ocrx_word' id='word_1_34' title='bbox 677 359 821 386; x_wconf 84' lang='lat' dir='ltr'><strong>animabus</strong></span> <span class='ocrx_word' id='word_1_35' title='bbox 846 358 950 385; x_wconf 86' lang='lat' dir='ltr'><strong>nostris</strong></span> <span class='ocrx_word' id='word_1_36' title='bbox 973 359 1057 385; x_wconf 86' lang='lat' dir='ltr'><strong>benc-</strong></span> 
     </span>
    </p>
   </div>
   <div class='ocr_carea' id='block_1_8' title="bbox 262 404 1057 439">
    <p class='ocr_par' dir='ltr' id='par_1_8' title="bbox 262 404 1057 439">
     <span class='ocr_line' id='line_1_8' title="bbox 262 404 1057 439; baseline -0.003 -7"><span class='ocrx_word' id='word_1_37' title='bbox 262 406 363 438; x_wconf 76' lang='lat' dir='ltr'><strong>facere,</strong></span> <span class='ocrx_word' id='word_1_38' title='bbox 388 409 468 439; x_wconf 90' lang='lat' dir='ltr'><strong>prout</strong></span> <span class='ocrx_word' id='word_1_39' title='bbox 487 404 544 431; x_wconf 75' lang='lat' dir='ltr'><strong>ﬁeri</strong></span> <span class='ocrx_word' id='word_1_40' title='bbox 563 409 661 439; x_wconf 84' lang='lat' dir='ltr'><strong>potest,</strong></span> <span class='ocrx_word' id='word_1_41' title='bbox 688 409 716 432; x_wconf 89' lang='lat' dir='ltr'><strong>et</strong></span> <span class='ocrx_word' id='word_1_42' title='bbox 743 404 915 439; x_wconf 88' lang='lat' dir='ltr'><strong>corporibus,</strong></span> <span class='ocrx_word' id='word_1_43' title='bbox 937 404 1057 431; x_wconf 87' lang='lat' dir='ltr'><strong>animam</strong></span> 
     </span>
    </p>
   </div>
   <div class='ocr_carea' id='block_1_9' title="bbox 262 448 1058 481">
    <p class='ocr_par' dir='ltr' id='par_1_9' title="bbox 262 448 1058 481">
     <span class='ocr_line' id='line_1_9' title="bbox 262 448 1058 481; baseline -0.004 -3"><span class='ocrx_word' id='word_1_44' title='bbox 262 452 298 478; x_wconf 83' lang='lat' dir='ltr'><strong>ab</strong></span> <span class='ocrx_word' id='word_1_45' title='bbox 317 452 359 478; x_wconf 84' lang='lat' dir='ltr'><strong>his</strong></span> <span class='ocrx_word' id='word_1_46' title='bbox 376 451 553 478; x_wconf 77' lang='lat' dir='ltr'><strong>sensibilihus</strong></span> <span class='ocrx_word' id='word_1_47' title='bbox 568 451 602 478; x_wconf 87' lang='lat' dir='ltr'><strong>ad</strong></span> <span class='ocrx_word' id='word_1_48' title='bbox 620 450 812 478; x_wconf 87' lang='lat' dir='ltr'><strong>intellectualia</strong></span> <span class='ocrx_word' id='word_1_49' title='bbox 828 450 961 477; x_wconf 76' lang='lat' dir='ltr'><strong>excitans.</strong></span> <span class='ocrx_word' id='word_1_50' title='bbox 984 448 1058 481; x_wconf 86' lang='lat' dir='ltr'><strong>Qua-</strong></span> 
     </span>
    </p>
   </div>
   <div class='ocr_carea' id='block_1_10' title="bbox 263 496 1057 532">
    <p class='ocr_par' dir='ltr' id='par_1_10' title="bbox 263 496 1057 532">
     <span class='ocr_line' id='line_1_10' title="bbox 263 496 1057 532; baseline -0.005 -7"><span class='ocrx_word' id='word_1_51' title='bbox 263 502 344 525; x_wconf 87' lang='lat' dir='ltr'><strong>tenus</strong></span> <span class='ocrx_word' id='word_1_52' title='bbox 357 503 434 524; x_wconf 79' lang='lat' dir='ltr'><strong>&#39;vero</strong></span> <span class='ocrx_word' id='word_1_53' title='bbox 458 498 567 532; x_wconf 82' lang='lat' dir='ltr'><strong>sapiens</strong></span> <span class='ocrx_word' id='word_1_54' title='bbox 592 504 624 523; x_wconf 86' lang='lat' dir='ltr'><strong>ac</strong></span> <span class='ocrx_word' id='word_1_55' title='bbox 645 496 736 531; x_wconf 87' lang='lat' dir='ltr'><strong>justus</strong></span> <span class='ocrx_word' id='word_1_56' title='bbox 756 501 784 524; x_wconf 85' lang='lat' dir='ltr'><strong>et</strong></span> <span class='ocrx_word' id='word_1_57' title='bbox 811 502 918 531; x_wconf 80' lang='lat' dir='ltr'><strong>potens,</strong></span> <span class='ocrx_word' id='word_1_58' title='bbox 937 496 1057 522; x_wconf 88' lang='lat' dir='ltr'><strong>animam</strong></span> 
     </span>
    </p>
   </div>
   <div class='ocr_carea' id='block_1_11' title="bbox 264 539 1057 576">
    <p class='ocr_par' dir='ltr' id='par_1_11' title="bbox 264 539 1057 576">
     <span class='ocr_line' id='line_1_11' title="bbox 264 539 1057 576; baseline -0.003 -8"><span class='ocrx_word' id='word_1_59' title='bbox 264 548 372 576; x_wconf 84' lang='lat' dir='ltr'><strong>semper</strong></span> <span class='ocrx_word' id='word_1_60' title='bbox 399 540 508 576; x_wconf 73' lang='lat' dir='ltr'><strong>praefert</strong></span> <span class='ocrx_word' id='word_1_61' title='bbox 536 541 655 575; x_wconf 84' lang='lat' dir='ltr'><strong>corpori.</strong></span> <span class='ocrx_word' id='word_1_62' title='bbox 681 540 805 576; x_wconf 78' lang='lat' dir='ltr'><strong>Namque</strong></span> <span class='ocrx_word' id='word_1_63' title='bbox 840 540 983 568; x_wconf 89' lang='lat' dir='ltr'><strong>hominum</strong></span> <span class='ocrx_word' id='word_1_64' title='bbox 1010 539 1057 567; x_wconf 87' lang='lat' dir='ltr'><strong>alii</strong></span> 
     </span>
    </p>
   </div>
   <div class='ocr_carea' id='block_1_12' title="bbox 264 586 1058 621">
    <p class='ocr_par' dir='ltr' id='par_1_12' title="bbox 264 586 1058 621">
     <span class='ocr_line' id='line_1_12' title="bbox 264 586 1058 621; baseline 0 -9"><span class='ocrx_word' id='word_1_65' title='bbox 264 591 328 613; x_wconf 85' lang='lat' dir='ltr'><strong>sunt</strong></span> <span class='ocrx_word' id='word_1_66' title='bbox 347 586 479 621; x_wconf 69' lang='lat' dir='ltr'><strong>religiosi,</strong></span> <span class='ocrx_word' id='word_1_67' title='bbox 492 586 537 613; x_wconf 91' lang='lat' dir='ltr'><strong>alii</strong></span> <span class='ocrx_word' id='word_1_68' title='bbox 565 593 655 613; x_wconf 83' lang='lat' dir='ltr'><strong>secus.</strong></span> <span class='ocrx_word' id='word_1_69' title='bbox 670 586 701 613; x_wconf 89' lang='lat' dir='ltr'><strong>Et</strong></span> <span class='ocrx_word' id='word_1_70' title='bbox 716 586 906 621; x_wconf 74' lang='lat' dir='ltr'><strong>religiosorum</strong></span> <span class='ocrx_word' id='word_1_71' title='bbox 926 586 972 612; x_wconf 84' lang='lat' dir='ltr'><strong>alii</strong></span> <span class='ocrx_word' id='word_1_72' title='bbox 993 589 1058 613; x_wconf 88' lang='lat' dir='ltr'><strong>sunt</strong></span> 
     </span>
    </p>
   </div>
   <div class='ocr_carea' id='block_1_13' title="bbox 264 631 1056 667">
    <p class='ocr_par' dir='ltr' id='par_1_13' title="bbox 264 631 1056 667">
     <span class='ocr_line' id='line_1_13' title="bbox 264 631 1056 667; baseline -0.003 -8"><span class='ocrx_word' id='word_1_73' title='bbox 264 632 394 665; x_wconf 82' lang='lat' dir='ltr'><strong>honi,alii</strong></span> <span class='ocrx_word' id='word_1_74' title='bbox 405 640 529 667; x_wconf 80' lang='lat' dir='ltr'><strong>nequam.</strong></span> <span class='ocrx_word' id='word_1_75' title='bbox 545 631 647 658; x_wconf 86' lang='lat' dir='ltr'><strong>llorum</strong></span> <span class='ocrx_word' id='word_1_76' title='bbox 662 637 752 659; x_wconf 86' lang='lat' dir='ltr'><strong>autem</strong></span> <span class='ocrx_word' id='word_1_77' title='bbox 774 632 818 659; x_wconf 86' lang='lat' dir='ltr'><strong>alii</strong></span> <span class='ocrx_word' id='word_1_78' title='bbox 831 631 967 659; x_wconf 77' lang='lat' dir='ltr'><strong>sanabiles</strong></span> <span class='ocrx_word' id='word_1_79' title='bbox 983 635 1056 662; x_wconf 89' lang='lat' dir='ltr'><strong>sunt,</strong></span> 
     </span>
    </p>
   </div>
   <div class='ocr_carea' id='block_1_14' title="bbox 268 678 1059 711">
    <p class='ocr_par' dir='ltr' id='par_1_14' title="bbox 268 678 1059 711">
     <span class='ocr_line' id='line_1_14' title="bbox 268 678 1059 711; baseline -0.001 -5"><span class='ocrx_word' id='word_1_80' title='bbox 268 680 314 706; x_wconf 81' lang='lat' dir='ltr'><strong>alii</strong></span> <span class='ocrx_word' id='word_1_81' title='bbox 323 687 412 707; x_wconf 81' lang='lat' dir='ltr'><strong>secus.</strong></span> <span class='ocrx_word' id='word_1_82' title='bbox 422 678 564 706; x_wconf 84' lang='lat' dir='ltr'><strong>Sanahiles</strong></span> <span class='ocrx_word' id='word_1_83' title='bbox 573 687 637 706; x_wconf 83' lang='lat' dir='ltr'><strong>vero</strong></span> <span class='ocrx_word' id='word_1_84' title='bbox 652 684 715 707; x_wconf 91' lang='lat' dir='ltr'><strong>sunt</strong></span> <span class='ocrx_word' id='word_1_85' title='bbox 724 679 768 706; x_wconf 86' lang='lat' dir='ltr'><strong>alii</strong></span> <span class='ocrx_word' id='word_1_86' title='bbox 779 679 918 711; x_wconf 73' lang='lat' dir='ltr'><strong>felicitate,</strong></span> <span class='ocrx_word' id='word_1_87' title='bbox 931 678 975 705; x_wconf 89' lang='lat' dir='ltr'><strong>alii</strong></span> <span class='ocrx_word' id='word_1_88' title='bbox 986 678 1059 705; x_wconf 86' lang='lat' dir='ltr'><strong>cala-</strong></span> 
     </span>
    </p>
   </div>
   <div class='ocr_carea' id='block_1_15' title="bbox 263 722 1058 760">
    <p class='ocr_par' dir='ltr' id='par_1_15' title="bbox 263 722 1058 760">
     <span class='ocr_line' id='line_1_15' title="bbox 263 722 1058 760; baseline -0.003 -8"><span class='ocrx_word' id='word_1_89' title='bbox 263 725 368 752; x_wconf 86' lang='lat' dir='ltr'><strong>mitate.</strong></span> <span class='ocrx_word' id='word_1_90' title='bbox 381 724 484 752; x_wconf 77' lang='lat' dir='ltr'><strong>Rursus</strong></span> <span class='ocrx_word' id='word_1_91' title='bbox 496 725 593 758; x_wconf 87' lang='lat' dir='ltr'><strong>partim</strong></span> <span class='ocrx_word' id='word_1_92' title='bbox 605 732 665 752; x_wconf 85' lang='lat' dir='ltr'><strong>sese</strong></span> <span class='ocrx_word' id='word_1_93' title='bbox 677 725 785 760; x_wconf 87' lang='lat' dir='ltr'><strong>ipsimet</strong></span> <span class='ocrx_word' id='word_1_94' title='bbox 796 729 906 756; x_wconf 86' lang='lat' dir='ltr'><strong>sanant,</strong></span> <span class='ocrx_word' id='word_1_95' title='bbox 916 723 1013 759; x_wconf 85' lang='lat' dir='ltr'><strong>partim</strong></span> <span class='ocrx_word' id='word_1_96' title='bbox 1023 722 1058 750; x_wconf 89' lang='lat' dir='ltr'><strong>ab</strong></span> 
     </span>
    </p>
   </div>
   <div class='ocr_carea' id='block_1_16' title="bbox 264 768 1058 805">
    <p class='ocr_par' dir='ltr' id='par_1_16' title="bbox 264 768 1058 805">
     <span class='ocr_line' id='line_1_16' title="bbox 264 768 1058 805; baseline -0.003 -7"><span class='ocrx_word' id='word_1_97' title='bbox 264 771 325 798; x_wconf 84' lang='lat' dir='ltr'><strong>aliis</strong></span> <span class='ocrx_word' id='word_1_98' title='bbox 338 771 528 799; x_wconf 84' lang='lat' dir='ltr'><strong>emendantur.</strong></span> <span class='ocrx_word' id='word_1_99' title='bbox 540 770 676 798; x_wconf 86' lang='lat' dir='ltr'><strong>Bonorum</strong></span> <span class='ocrx_word' id='word_1_100' title='bbox 686 774 779 798; x_wconf 88' lang='lat' dir='ltr'><strong>autem</strong></span> <span class='ocrx_word' id='word_1_101' title='bbox 789 770 833 797; x_wconf 89' lang='lat' dir='ltr'><strong>alii</strong></span> <span class='ocrx_word' id='word_1_102' title='bbox 845 769 937 805; x_wconf 88' lang='lat' dir='ltr'><strong>quiete</strong></span> <span class='ocrx_word' id='word_1_103' title='bbox 947 768 1058 796; x_wconf 81' lang='lat' dir='ltr'><strong>salvan-</strong></span> 
     </span>
    </p>
   </div>
   <div class='ocr_carea' id='block_1_17' title="bbox 263 814 1058 852">
    <p class='ocr_par' dir='ltr' id='par_1_17' title="bbox 263 814 1058 852">
     <span class='ocr_line' id='line_1_17' title="bbox 263 814 1058 852; baseline -0.003 -9"><span class='ocrx_word' id='word_1_104' title='bbox 263 821 319 849; x_wconf 92' lang='lat' dir='ltr'><strong>tur,</strong></span> <span class='ocrx_word' id='word_1_105' title='bbox 334 816 379 843; x_wconf 87' lang='lat' dir='ltr'><strong>alii</strong></span> <span class='ocrx_word' id='word_1_106' title='bbox 392 816 530 844; x_wconf 88' lang='lat' dir='ltr'><strong>laboribus</strong></span> <span class='ocrx_word' id='word_1_107' title='bbox 545 817 659 852; x_wconf 81' lang='lat' dir='ltr'><strong>gratiam</strong></span> <span class='ocrx_word' id='word_1_108' title='bbox 677 817 882 844; x_wconf 88' lang='lat' dir='ltr'><strong>nanciscuntur.</strong></span> <span class='ocrx_word' id='word_1_109' title='bbox 898 815 951 842; x_wconf 85' lang='lat' dir='ltr'><strong>Sed</strong></span> <span class='ocrx_word' id='word_1_110' title='bbox 966 822 998 842; x_wconf 79' lang='lat' dir='ltr'><strong>ex</strong></span> <span class='ocrx_word' id='word_1_111' title='bbox 1015 814 1058 842; x_wconf 73' lang='lat' dir='ltr'><strong>his</strong></span> 
     </span>
    </p>
   </div>
   <div class='ocr_carea' id='block_1_18' title="bbox 264 861 1058 898">
    <p class='ocr_par' dir='ltr' id='par_1_18' title="bbox 264 861 1058 898">
     <span class='ocr_line' id='line_1_18' title="bbox 264 861 1058 898; baseline -0.001 -9"><span class='ocrx_word' id='word_1_112' title='bbox 264 863 310 889; x_wconf 82' lang='lat' dir='ltr'><strong>alii</strong></span> <span class='ocrx_word' id='word_1_113' title='bbox 336 868 446 898; x_wconf 86' lang='lat' dir='ltr'><strong>propter</strong></span> <span class='ocrx_word' id='word_1_114' title='bbox 472 870 502 890; x_wconf 89' lang='lat' dir='ltr'><strong>se</strong></span> <span class='ocrx_word' id='word_1_115' title='bbox 519 863 622 895; x_wconf 83' lang='lat' dir='ltr'><strong>dolent,</strong></span> <span class='ocrx_word' id='word_1_116' title='bbox 647 863 693 890; x_wconf 85' lang='lat' dir='ltr'><strong>alii</strong></span> <span class='ocrx_word' id='word_1_117' title='bbox 716 867 826 898; x_wconf 79' lang='lat' dir='ltr'><strong>propter</strong></span> <span class='ocrx_word' id='word_1_118' title='bbox 849 861 927 889; x_wconf 88' lang='lat' dir='ltr'><strong>alios.</strong></span> <span class='ocrx_word' id='word_1_119' title='bbox 952 861 1005 888; x_wconf 81' lang='lat' dir='ltr'><strong>Alii</strong></span> <span class='ocrx_word' id='word_1_120' title='bbox 1031 864 1058 888; x_wconf 86' lang='lat' dir='ltr'><strong>et</strong></span> 
     </span>
    </p>
   </div>
   <div class='ocr_carea' id='block_1_19' title="bbox 264 907 1056 944">
    <p class='ocr_par' dir='ltr' id='par_1_19' title="bbox 264 907 1056 944">
     <span class='ocr_line' id='line_1_19' title="bbox 264 907 1056 944; baseline -0.003 -8"><span class='ocrx_word' id='word_1_121' title='bbox 264 915 376 944; x_wconf 85' lang='lat' dir='ltr'><strong>propter</strong></span> <span class='ocrx_word' id='word_1_122' title='bbox 392 910 470 942; x_wconf 86' lang='lat' dir='ltr'><strong>alios,</strong></span> <span class='ocrx_word' id='word_1_123' title='bbox 495 913 522 936; x_wconf 89' lang='lat' dir='ltr'><strong>et</strong></span> <span class='ocrx_word' id='word_1_124' title='bbox 544 914 657 944; x_wconf 84' lang='lat' dir='ltr'><strong>propter</strong></span> <span class='ocrx_word' id='word_1_125' title='bbox 675 917 705 937; x_wconf 88' lang='lat' dir='ltr'><strong>se</strong></span> <span class='ocrx_word' id='word_1_126' title='bbox 720 908 824 941; x_wconf 82' lang='lat' dir='ltr'><strong>dolent,</strong></span> <span class='ocrx_word' id='word_1_127' title='bbox 843 908 884 936; x_wconf 83' lang='lat' dir='ltr'><strong>vel</strong></span> <span class='ocrx_word' id='word_1_128' title='bbox 900 907 985 935; x_wconf 85' lang='lat' dir='ltr'><strong>futuri</strong></span> <span class='ocrx_word' id='word_1_129' title='bbox 999 915 1056 934; x_wconf 90' lang='lat' dir='ltr'><strong>me-</strong></span> 
     </span>
    </p>
   </div>
   <div class='ocr_carea' id='block_1_20' title="bbox 1109 309 1899 345">
    <p class='ocr_par' dir='ltr' id='par_1_20' title="bbox 1109 309 1899 345">
     <span class='ocr_line' id='line_1_20' title="bbox 1109 309 1899 345; baseline 0 -8"><span class='ocrx_word' id='word_1_130' title='bbox 1109 310 1175 337; x_wconf 80' lang='grc' dir='ltr'><strong>ᾰλλο</strong></span> <span class='ocrx_word' id='word_1_131' title='bbox 1190 311 1230 342; x_wconf 87' lang='grc' dir='ltr'><strong>είς</strong></span> <span class='ocrx_word' id='word_1_132' title='bbox 1239 310 1271 336; x_wconf 78' lang='grc' dir='ltr'><strong>τὸ</strong></span> <span class='ocrx_word' id='word_1_133' title='bbox 1286 310 1392 337; x_wconf 79' lang='grc' dir='ltr'><strong>ἐκείνου</strong></span> <span class='ocrx_word' id='word_1_134' title='bbox 1408 309 1534 336; x_wconf 81' lang='grc' dir='ltr'><strong>σέϐουσιν</strong></span> <span class='ocrx_word' id='word_1_135' title='bbox 1544 309 1641 345; x_wconf 78' lang='grc' dir='ltr'><strong>ϐνομα.</strong></span> <span class='ocrx_word' id='word_1_136' title='bbox 1656 309 1702 342; x_wconf 82' lang='grc' dir='ltr'><strong>Ὠς</strong></span> <span class='ocrx_word' id='word_1_137' title='bbox 1715 309 1782 344; x_wconf 84' lang='grc' dir='ltr'><strong>γοῦν</strong></span> <span class='ocrx_word' id='word_1_138' title='bbox 1792 310 1899 344; x_wconf 80' lang='grc' dir='ltr'><strong>ἀγαθὸς,</strong></span> 
     </span>
    </p>
   </div>
   <div class='ocr_carea' id='block_1_21' title="bbox 1109 354 1899 391">
    <p class='ocr_par' dir='ltr' id='par_1_21' title="bbox 1109 354 1899 391">
     <span class='ocr_line' id='line_1_21' title="bbox 1109 354 1899 391; baseline -0.001 -8"><span class='ocrx_word' id='word_1_139' title='bbox 1109 357 1181 383; x_wconf 83' lang='grc' dir='ltr'><strong>θέλει</strong></span> <span class='ocrx_word' id='word_1_140' title='bbox 1198 355 1403 391; x_wconf 79' lang='grc' dir='ltr'><strong>εὐεργετείσθαι</strong></span> <span class='ocrx_word' id='word_1_141' title='bbox 1420 355 1500 391; x_wconf 82' lang='grc' dir='ltr'><strong>ἡμῶν</strong></span> <span class='ocrx_word' id='word_1_142' title='bbox 1515 356 1562 382; x_wconf 80' lang='grc' dir='ltr'><strong>καὶ</strong></span> <span class='ocrx_word' id='word_1_143' title='bbox 1575 356 1624 386; x_wconf 75' lang='grc' dir='ltr'><strong>τὰς</strong></span> <span class='ocrx_word' id='word_1_144' title='bbox 1636 355 1738 391; x_wconf 76' lang='grc' dir='ltr'><strong>ψυχὰς,</strong></span> <span class='ocrx_word' id='word_1_145' title='bbox 1753 357 1778 382; x_wconf 81' lang='lat' dir='ltr'><strong>sl.</strong></span> <span class='ocrx_word' id='word_1_146' title='bbox 1794 354 1849 383; x_wconf 73' lang='grc' dir='ltr'><strong>οἶόν</strong></span> <span class='ocrx_word' id='word_1_147' title='bbox 1861 364 1899 388; x_wconf 78' lang='grc' dir='ltr'><strong>τι,</strong></span> 
     </span>
    </p>
   </div>
   <div class='ocr_carea' id='block_1_22' title="bbox 1108 399 1899 437">
    <p class='ocr_par' dir='ltr' id='par_1_22' title="bbox 1108 399 1899 437">
     <span class='ocr_line' id='line_1_22' title="bbox 1108 399 1899 437; baseline 0.001 -9"><span class='ocrx_word' id='word_1_148' title='bbox 1108 401 1157 428; x_wconf 74' lang='grc' dir='ltr'><strong>καὶ</strong></span> <span class='ocrx_word' id='word_1_149' title='bbox 1181 402 1215 428; x_wconf 76' lang='grc' dir='ltr'><strong>τὰ</strong></span> <span class='ocrx_word' id='word_1_150' title='bbox 1234 400 1360 436; x_wconf 87' lang='grc' dir='ltr'><strong>σώματα,</strong></span> <span class='ocrx_word' id='word_1_151' title='bbox 1383 399 1515 436; x_wconf 66' lang='grc' dir='ltr'><strong>ἐρεθίζων</strong></span> <span class='ocrx_word' id='word_1_152' title='bbox 1535 401 1567 427; x_wconf 73' lang='grc' dir='ltr'><strong>ὲκ</strong></span> <span class='ocrx_word' id='word_1_153' title='bbox 1580 400 1635 427; x_wconf 86' lang='grc' dir='ltr'><strong>τῶν</strong></span> <span class='ocrx_word' id='word_1_154' title='bbox 1661 401 1800 437; x_wconf 75' lang='grc' dir='ltr'><strong>αἰσθητῶν</strong></span> <span class='ocrx_word' id='word_1_155' title='bbox 1814 402 1853 433; x_wconf 68' lang='grc' dir='ltr'><strong>είς</strong></span> <span class='ocrx_word' id='word_1_156' title='bbox 1866 402 1899 429; x_wconf 70' lang='grc' dir='ltr'><strong>τὰ</strong></span> 
     </span>
    </p>
   </div>
   <div class='ocr_carea' id='block_1_23' title="bbox 1108 446 1902 483">
    <p class='ocr_par' dir='ltr' id='par_1_23' title="bbox 1108 446 1902 483">
     <span class='ocr_line' id='line_1_23' title="bbox 1108 446 1902 483; baseline 0.001 -9"><span class='ocrx_word' id='word_1_157' title='bbox 1108 447 1192 483; x_wconf 84' lang='grc' dir='ltr'><strong>νοητὰ</strong></span> <span class='ocrx_word' id='word_1_158' title='bbox 1203 447 1253 482; x_wconf 78' lang='grc' dir='ltr'><strong>τὴν</strong></span> <span class='ocrx_word' id='word_1_159' title='bbox 1269 447 1360 482; x_wconf 84' lang='grc' dir='ltr'><strong>ψυχήν</strong></span> <span class='ocrx_word' id='word_1_160' title='bbox 1369 454 1375 462; x_wconf 92' lang='grc'><strong>·</strong></span> <span class='ocrx_word' id='word_1_161' title='bbox 1392 446 1430 478; x_wconf 83' lang='grc' dir='ltr'><strong>ὡς</strong></span> <span class='ocrx_word' id='word_1_162' title='bbox 1444 447 1525 481; x_wconf 78' lang='grc' dir='ltr'><strong>σοφὸς</strong></span> <span class='ocrx_word' id='word_1_163' title='bbox 1541 446 1569 473; x_wconf 75' lang='grc' dir='ltr'><strong>δὲ</strong></span> <span class='ocrx_word' id='word_1_164' title='bbox 1582 447 1629 473; x_wconf 68' lang='grc' dir='ltr'><strong>καὶ</strong></span> <span class='ocrx_word' id='word_1_165' title='bbox 1643 447 1745 480; x_wconf 84' lang='grc' dir='ltr'><strong>δίκαιος</strong></span> <span class='ocrx_word' id='word_1_166' title='bbox 1767 448 1814 474; x_wconf 77' lang='grc' dir='ltr'><strong>καὶ</strong></span> <span class='ocrx_word' id='word_1_167' title='bbox 1824 448 1902 475; x_wconf 74' lang='grc' dir='ltr'><strong>δυνα-</strong></span> 
     </span>
    </p>
   </div>
   <div class='ocr_carea' id='block_1_24' title="bbox 1108 492 1901 530">
    <p class='ocr_par' dir='ltr' id='par_1_24' title="bbox 1108 492 1901 530">
     <span class='ocr_line' id='line_1_24' title="bbox 1108 492 1901 530; baseline 0.001 -10"><span class='ocrx_word' id='word_1_168' title='bbox 1108 493 1165 526; x_wconf 76' lang='grc' dir='ltr'><strong>τὸς,</strong></span> <span class='ocrx_word' id='word_1_169' title='bbox 1181 493 1231 529; x_wconf 89' lang='grc' dir='ltr'><strong>τὴν</strong></span> <span class='ocrx_word' id='word_1_170' title='bbox 1243 493 1335 528; x_wconf 80' lang='grc' dir='ltr'><strong>ψυχὴν</strong></span> <span class='ocrx_word' id='word_1_171' title='bbox 1353 493 1397 519; x_wconf 80' lang='grc' dir='ltr'><strong>ἀεὶ</strong></span> <span class='ocrx_word' id='word_1_172' title='bbox 1412 493 1557 528; x_wconf 74' lang='grc' dir='ltr'><strong>προκρίνει</strong></span> <span class='ocrx_word' id='word_1_173' title='bbox 1568 493 1615 519; x_wconf 83' lang='grc' dir='ltr'><strong>τοῦ</strong></span> <span class='ocrx_word' id='word_1_174' title='bbox 1628 492 1754 528; x_wconf 87' lang='grc' dir='ltr'><strong>σώματος</strong></span> <span class='ocrx_word' id='word_1_175' title='bbox 1763 502 1771 510; x_wconf 85' lang='lat'>&#39;</span> <span class='ocrx_word' id='word_1_176' title='bbox 1783 494 1839 522; x_wconf 87' lang='grc' dir='ltr'><strong>τῶν</strong></span> <span class='ocrx_word' id='word_1_177' title='bbox 1850 495 1901 530; x_wconf 69' lang='grc' dir='ltr'><strong>γὰρ</strong></span> 
     </span>
    </p>
   </div>
   <div class='ocr_carea' id='block_1_25' title="bbox 1107 539 1901 575">
    <p class='ocr_par' dir='ltr' id='par_1_25' title="bbox 1107 539 1901 575">
     <span class='ocr_line' id='line_1_25' title="bbox 1107 539 1901 575; baseline 0.001 -10"><span class='ocrx_word' id='word_1_178' title='bbox 1107 539 1259 575; x_wconf 84' lang='grc' dir='ltr'><strong>ἀνθρώπων</strong></span> <span class='ocrx_word' id='word_1_179' title='bbox 1271 541 1296 566; x_wconf 81' lang='grc' dir='ltr'><strong>οἱ</strong></span> <span class='ocrx_word' id='word_1_180' title='bbox 1312 539 1364 574; x_wconf 84' lang='grc' dir='ltr'><strong>μέν</strong></span> <span class='ocrx_word' id='word_1_181' title='bbox 1386 540 1440 565; x_wconf 84' lang='grc' dir='ltr'><strong>είσι</strong></span> <span class='ocrx_word' id='word_1_182' title='bbox 1460 539 1608 572; x_wconf 77' lang='grc' dir='ltr'><strong>Θεοσιϐετς,</strong></span> <span class='ocrx_word' id='word_1_183' title='bbox 1628 540 1652 566; x_wconf 78' lang='lat' dir='ltr'><strong>ot</strong></span> <span class='ocrx_word' id='word_1_184' title='bbox 1664 539 1694 566; x_wconf 73' lang='grc' dir='ltr'><strong>δὲ</strong></span> <span class='ocrx_word' id='word_1_185' title='bbox 1710 540 1818 572; x_wconf 76' lang='grc' dir='ltr'><strong>ἀσεϐεῖς</strong></span> <span class='ocrx_word' id='word_1_186' title='bbox 1829 548 1837 557; x_wconf 71' lang='grc'><strong><em>³</em></strong></span> <span class='ocrx_word' id='word_1_187' title='bbox 1855 542 1901 568; x_wconf 76' lang='grc' dir='ltr'><strong>καὶ</strong></span> 
     </span>
    </p>
   </div>
   <div class='ocr_carea' id='block_1_26' title="bbox 1107 584 1903 621">
    <p class='ocr_par' dir='ltr' id='par_1_26' title="bbox 1107 584 1903 621">
     <span class='ocr_line' id='line_1_26' title="bbox 1107 584 1903 621; baseline 0.001 -10"><span class='ocrx_word' id='word_1_188' title='bbox 1107 585 1162 611; x_wconf 83' lang='grc' dir='ltr'><strong>τῶν</strong></span> <span class='ocrx_word' id='word_1_189' title='bbox 1174 584 1320 617; x_wconf 84' lang='grc' dir='ltr'><strong>θεοσεϐὦν,</strong></span> <span class='ocrx_word' id='word_1_190' title='bbox 1335 585 1360 611; x_wconf 79' lang='lat' dir='ltr'><strong>ot</strong></span> <span class='ocrx_word' id='word_1_191' title='bbox 1376 584 1426 620; x_wconf 83' lang='grc' dir='ltr'><strong>μὲν</strong></span> <span class='ocrx_word' id='word_1_192' title='bbox 1443 584 1604 620; x_wconf 82' lang='grc' dir='ltr'><strong>εῦχρηστοι,</strong></span> <span class='ocrx_word' id='word_1_193' title='bbox 1621 586 1646 611; x_wconf 78' lang='lat' dir='ltr'><strong>ot</strong></span> <span class='ocrx_word' id='word_1_194' title='bbox 1658 584 1687 611; x_wconf 73' lang='grc' dir='ltr'><strong>δὲ</strong></span> <span class='ocrx_word' id='word_1_195' title='bbox 1700 585 1903 621; x_wconf 75' lang='grc' dir='ltr'><strong>ἄχρηστοι-πά-</strong></span> 
     </span>
    </p>
   </div>
   <div class='ocr_carea' id='block_1_27' title="bbox 1108 631 1901 667">
    <p class='ocr_par' dir='ltr' id='par_1_27' title="bbox 1108 631 1901 667">
     <span class='ocr_line' id='line_1_27' title="bbox 1108 631 1901 667; baseline 0 -8"><span class='ocrx_word' id='word_1_196' title='bbox 1108 632 1149 659; x_wconf 87' lang='grc' dir='ltr'><strong>λιν</strong></span> <span class='ocrx_word' id='word_1_197' title='bbox 1160 633 1215 659; x_wconf 89' lang='grc' dir='ltr'><strong>τῶν</strong></span> <span class='ocrx_word' id='word_1_198' title='bbox 1227 633 1382 667; x_wconf 82' lang='grc' dir='ltr'><strong>ἀχρήστων,</strong></span> <span class='ocrx_word' id='word_1_199' title='bbox 1396 631 1420 658; x_wconf 81' lang='grc' dir='ltr'><strong>οἱ</strong></span> <span class='ocrx_word' id='word_1_200' title='bbox 1438 631 1488 666; x_wconf 82' lang='grc' dir='ltr'><strong>μὲν</strong></span> <span class='ocrx_word' id='word_1_201' title='bbox 1505 631 1620 666; x_wconf 76' lang='grc' dir='ltr'><strong>ἰάσιμοι,</strong></span> <span class='ocrx_word' id='word_1_202' title='bbox 1633 631 1658 658; x_wconf 82' lang='grc' dir='ltr'><strong>οί</strong></span> <span class='ocrx_word' id='word_1_203' title='bbox 1673 631 1701 658; x_wconf 83' lang='grc' dir='ltr'><strong>δὲ</strong></span> <span class='ocrx_word' id='word_1_204' title='bbox 1714 632 1836 658; x_wconf 74' lang='grc' dir='ltr'><strong>ἀνίατοι⁸</strong></span> <span class='ocrx_word' id='word_1_205' title='bbox 1848 633 1901 659; x_wconf 78' lang='grc' dir='ltr'><strong>τῶν</strong></span> 
     </span>
    </p>
   </div>
   <div class='ocr_carea' id='block_1_28' title="bbox 1106 676 1902 713">
    <p class='ocr_par' dir='ltr' id='par_1_28' title="bbox 1106 676 1902 713">
     <span class='ocr_line' id='line_1_28' title="bbox 1106 676 1902 713; baseline -0.003 -8"><span class='ocrx_word' id='word_1_206' title='bbox 1106 679 1136 705; x_wconf 72' lang='grc' dir='ltr'><strong>δὲ</strong></span> <span class='ocrx_word' id='word_1_207' title='bbox 1151 678 1267 713; x_wconf 84' lang='grc' dir='ltr'><strong>ίασίμων</strong></span> <span class='ocrx_word' id='word_1_208' title='bbox 1285 697 1292 711; x_wconf 89' lang='grc'><strong>,</strong></span> <span class='ocrx_word' id='word_1_209' title='bbox 1310 679 1334 704; x_wconf 81' lang='grc' dir='ltr'><strong>οἱ</strong></span> <span class='ocrx_word' id='word_1_210' title='bbox 1351 678 1400 713; x_wconf 76' lang='grc' dir='ltr'><strong>μὲν</strong></span> <span class='ocrx_word' id='word_1_211' title='bbox 1423 678 1458 704; x_wconf 86' lang='grc' dir='ltr'><strong>δι’</strong></span> <span class='ocrx_word' id='word_1_212' title='bbox 1482 677 1638 709; x_wconf 71' lang='grc' dir='ltr'><strong>εὐπάθειαν,</strong></span> <span class='ocrx_word' id='word_1_213' title='bbox 1656 677 1681 703; x_wconf 82' lang='lat' dir='ltr'><strong>oi</strong></span> <span class='ocrx_word' id='word_1_214' title='bbox 1697 677 1725 704; x_wconf 75' lang='grc' dir='ltr'><strong>δὲ</strong></span> <span class='ocrx_word' id='word_1_215' title='bbox 1746 676 1790 704; x_wconf 80' lang='grc' dir='ltr'><strong>διὰ</strong></span> <span class='ocrx_word' id='word_1_216' title='bbox 1804 677 1902 704; x_wconf 74' lang='grc' dir='ltr'><strong>δυσπά-</strong></span> 
     </span>
    </p>
   </div>
   <div class='ocr_carea' id='block_1_29' title="bbox 1108 722 1898 758">
    <p class='ocr_par' dir='ltr' id='par_1_29' title="bbox 1108 722 1898 758">
     <span class='ocr_line' id='line_1_29' title="bbox 1108 722 1898 758; baseline -0.001 -8"><span class='ocrx_word' id='word_1_217' title='bbox 1108 725 1184 751; x_wconf 82' lang='grc' dir='ltr'><strong>θειαν</strong></span> <span class='ocrx_word' id='word_1_218' title='bbox 1202 724 1295 751; x_wconf 73' lang='grc' dir='ltr'><strong>ἰῶνται</strong></span> <span class='ocrx_word' id='word_1_219' title='bbox 1308 733 1314 740; x_wconf 87' lang='grc'><strong><em>-</em></strong></span> <span class='ocrx_word' id='word_1_220' title='bbox 1329 724 1387 750; x_wconf 85' lang='grc' dir='ltr'><strong>ἀλλ’</strong></span> <span class='ocrx_word' id='word_1_221' title='bbox 1400 724 1424 750; x_wconf 76' lang='lat' dir='ltr'><strong>ot</strong></span> <span class='ocrx_word' id='word_1_222' title='bbox 1437 723 1488 758; x_wconf 72' lang='grc' dir='ltr'><strong>μὲν</strong></span> <span class='ocrx_word' id='word_1_223' title='bbox 1500 723 1535 749; x_wconf 87' lang='grc' dir='ltr'><strong>δι’</strong></span> <span class='ocrx_word' id='word_1_224' title='bbox 1549 723 1640 750; x_wconf 83' lang='grc' dir='ltr'><strong>αὐτῶν</strong></span> <span class='ocrx_word' id='word_1_225' title='bbox 1658 722 1763 755; x_wconf 71' lang='grc' dir='ltr'><strong>ἰῶνται,</strong></span> <span class='ocrx_word' id='word_1_226' title='bbox 1782 723 1807 749; x_wconf 86' lang='grc' dir='ltr'><strong>οι</strong></span> <span class='ocrx_word' id='word_1_227' title='bbox 1821 723 1848 750; x_wconf 79' lang='grc' dir='ltr'><strong>δὲ</strong></span> <span class='ocrx_word' id='word_1_228' title='bbox 1864 722 1898 750; x_wconf 81' lang='grc' dir='ltr'><strong>δι’</strong></span> 
     </span>
    </p>
   </div>
   <div class='ocr_carea' id='block_1_30' title="bbox 1108 769 1901 806">
    <p class='ocr_par' dir='ltr' id='par_1_30' title="bbox 1108 769 1901 806">
     <span class='ocr_line' id='line_1_30' title="bbox 1108 769 1901 806; baseline -0.001 -9"><span class='ocrx_word' id='word_1_229' title='bbox 1108 771 1210 806; x_wconf 75' lang='grc' dir='ltr'><strong>ἐτέρων</strong></span> <span class='ocrx_word' id='word_1_230' title='bbox 1223 770 1434 805; x_wconf 70' lang='grc' dir='ltr'><strong>νομοθετοῦνται</strong></span> <span class='ocrx_word' id='word_1_231' title='bbox 1446 776 1454 784; x_wconf 85' lang='grc'><em>’</em></span> <span class='ocrx_word' id='word_1_232' title='bbox 1471 769 1518 796; x_wconf 81' lang='grc' dir='ltr'><strong>καὶ</strong></span> <span class='ocrx_word' id='word_1_233' title='bbox 1530 769 1587 796; x_wconf 85' lang='grc' dir='ltr'><strong>τῶν</strong></span> <span class='ocrx_word' id='word_1_234' title='bbox 1603 770 1749 804; x_wconf 82' lang='grc' dir='ltr'><strong>ἀχρήστων</strong></span> <span class='ocrx_word' id='word_1_235' title='bbox 1762 769 1800 801; x_wconf 83' lang='grc' dir='ltr'><strong>δὲ,</strong></span> <span class='ocrx_word' id='word_1_236' title='bbox 1817 770 1840 796; x_wconf 87' lang='grc' dir='ltr'><strong>οί</strong></span> <span class='ocrx_word' id='word_1_237' title='bbox 1853 769 1901 804; x_wconf 76' lang='grc' dir='ltr'><strong>μὲν</strong></span> 
     </span>
    </p>
   </div>
   <div class='ocr_carea' id='block_1_31' title="bbox 1108 815 1900 849">
    <p class='ocr_par' dir='ltr' id='par_1_31' title="bbox 1108 815 1900 849">
     <span class='ocr_line' id='line_1_31' title="bbox 1108 815 1900 849; baseline -0.004 -5"><span class='ocrx_word' id='word_1_238' title='bbox 1108 817 1227 849; x_wconf 72' lang='grc' dir='ltr'><strong>ἀνέσεως</strong></span> <span class='ocrx_word' id='word_1_239' title='bbox 1254 816 1302 848; x_wconf 80' lang='grc' dir='ltr'><strong>οὓς</strong></span> <span class='ocrx_word' id='word_1_240' title='bbox 1328 817 1406 843; x_wconf 83' lang='grc' dir='ltr'><strong>τοῦτο</strong></span> <span class='ocrx_word' id='word_1_241' title='bbox 1431 815 1524 848; x_wconf 72' lang='grc' dir='ltr'><strong>σώζει,</strong></span> <span class='ocrx_word' id='word_1_242' title='bbox 1549 817 1573 842; x_wconf 82' lang='lat' dir='ltr'><strong>oi</strong></span> <span class='ocrx_word' id='word_1_243' title='bbox 1591 816 1620 842; x_wconf 71' lang='grc' dir='ltr'><strong>δὲ</strong></span> <span class='ocrx_word' id='word_1_244' title='bbox 1643 816 1733 842; x_wconf 67' lang='grc' dir='ltr'><strong>πόνων</strong></span> <span class='ocrx_word' id='word_1_245' title='bbox 1750 815 1900 848; x_wconf 76' lang='grc' dir='ltr'><strong>ἀξιοῦνται·</strong></span> 
     </span>
    </p>
   </div>
   <div class='ocr_carea' id='block_1_32' title="bbox 1107 862 1902 899">
    <p class='ocr_par' dir='ltr' id='par_1_32' title="bbox 1107 862 1902 899">
     <span class='ocr_line' id='line_1_32' title="bbox 1107 862 1902 899; baseline -0.003 -9"><span class='ocrx_word' id='word_1_246' title='bbox 1107 863 1176 891; x_wconf 84' lang='grc' dir='ltr'><strong>ἀλλά</strong></span> <span class='ocrx_word' id='word_1_247' title='bbox 1184 863 1287 899; x_wconf 84' lang='grc' dir='ltr'><strong>τούτων</strong></span> <span class='ocrx_word' id='word_1_248' title='bbox 1299 863 1324 889; x_wconf 88' lang='grc' dir='ltr'><strong>οί</strong></span> <span class='ocrx_word' id='word_1_249' title='bbox 1340 863 1388 897; x_wconf 79' lang='grc' dir='ltr'><strong>μὲν</strong></span> <span class='ocrx_word' id='word_1_250' title='bbox 1403 862 1474 898; x_wconf 80' lang='grc' dir='ltr'><strong>ὑπὲρ</strong></span> <span class='ocrx_word' id='word_1_251' title='bbox 1497 863 1600 889; x_wconf 76' lang='grc' dir='ltr'><strong>ἑαυτῶν</strong></span> <span class='ocrx_word' id='word_1_252' title='bbox 1614 862 1753 893; x_wconf 82' lang='grc' dir='ltr'><strong>ἀνιῶνται,</strong></span> <span class='ocrx_word' id='word_1_253' title='bbox 1769 863 1795 888; x_wconf 88' lang='grc' dir='ltr'><strong>οἱ</strong></span> <span class='ocrx_word' id='word_1_254' title='bbox 1810 862 1837 888; x_wconf 78' lang='grc' dir='ltr'><strong>δὲ</strong></span> <span class='ocrx_word' id='word_1_255' title='bbox 1855 862 1902 888; x_wconf 77' lang='grc' dir='ltr'><strong>καὶ</strong></span> 
     </span>
    </p>
   </div>
   <div class='ocr_carea' id='block_1_33' title="bbox 1108 907 1901 943">
    <p class='ocr_par' dir='ltr' id='par_1_33' title="bbox 1108 907 1901 943">
     <span class='ocr_line' id='line_1_33' title="bbox 1108 907 1901 943; baseline -0.001 -9"><span class='ocrx_word' id='word_1_256' title='bbox 1108 907 1179 943; x_wconf 80' lang='grc' dir='ltr'><strong>ὑπὲρ</strong></span> <span class='ocrx_word' id='word_1_257' title='bbox 1197 907 1286 934; x_wconf 73' lang='grc' dir='ltr'><strong>ἄλλων</strong></span> <span class='ocrx_word' id='word_1_258' title='bbox 1314 908 1362 933; x_wconf 75' lang='grc' dir='ltr'><strong>καὶ</strong></span> <span class='ocrx_word' id='word_1_259' title='bbox 1390 907 1464 942; x_wconf 76' lang='grc' dir='ltr'><strong>ὑπὲρ</strong></span> <span class='ocrx_word' id='word_1_260' title='bbox 1492 907 1609 940; x_wconf 75' lang='grc' dir='ltr'><strong>ἑαυτῶν,</strong></span> <span class='ocrx_word' id='word_1_261' title='bbox 1627 907 1643 943; x_wconf 73' lang='grc' dir='ltr'><strong>ἢ</strong></span> <span class='ocrx_word' id='word_1_262' title='bbox 1658 907 1696 939; x_wconf 86' lang='grc' dir='ltr'><strong>ὡς</strong></span> <span class='ocrx_word' id='word_1_263' title='bbox 1710 907 1901 942; x_wconf 72' lang='grc' dir='ltr'><strong>δοκιμωτέρων</strong></span> 
     </span>
    </p>
   </div>
   <div class='ocr_carea' id='block_1_34' title="bbox 264 947 1056 989">
    <p class='ocr_par' dir='ltr' id='par_1_34' title="bbox 264 954 1056 989">
     <span class='ocr_line' id='line_1_34' title="bbox 264 954 1056 989; baseline -0.001 -8"><span class='ocrx_word' id='word_1_264' title='bbox 264 955 358 987; x_wconf 80' lang='lat' dir='ltr'><strong>liores,</strong></span> <span class='ocrx_word' id='word_1_265' title='bbox 375 955 418 982; x_wconf 85' lang='lat' dir='ltr'><strong>vel</strong></span> <span class='ocrx_word' id='word_1_266' title='bbox 446 955 535 982; x_wconf 86' lang='lat' dir='ltr'><strong>adhuc</strong></span> <span class='ocrx_word' id='word_1_267' title='bbox 554 955 580 982; x_wconf 92' lang='lat' dir='ltr'><strong>in</strong></span> <span class='ocrx_word' id='word_1_268' title='bbox 613 954 719 982; x_wconf 83' lang='lat' dir='ltr'><strong>defectu</strong></span> <span class='ocrx_word' id='word_1_269' title='bbox 746 956 877 989; x_wconf 67' lang='lat' dir='ltr'><strong>iacentes.</strong></span> <span class='ocrx_word' id='word_1_270' title='bbox 895 954 1056 989; x_wconf 90' lang='lat' dir='ltr'><strong>lmpiorum-</strong></span> 
     </span>
    </p>
   </div>
   <div class='ocr_carea' id='block_1_35' title="bbox 1108 947 1901 989">
    <p class='ocr_par' dir='ltr' id='par_1_35' title="bbox 1113 953 1901 989">
     <span class='ocr_line' id='line_1_35' title="bbox 1113 953 1901 989; baseline -0.001 -9"><span class='ocrx_word' id='word_1_271' title='bbox 1113 954 1263 989; x_wconf 71' lang='grc' dir='ltr'><strong>ἐσομένων,</strong></span> <span class='ocrx_word' id='word_1_272' title='bbox 1277 953 1293 989; x_wconf 82' lang='grc' dir='ltr'>ἢ</span> <span class='ocrx_word' id='word_1_273' title='bbox 1308 954 1345 985; x_wconf 79' lang='grc' dir='ltr'><strong>ὡς</strong></span> <span class='ocrx_word' id='word_1_274' title='bbox 1360 953 1494 988; x_wconf 73' lang='grc' dir='ltr'><strong>ἐλλείψεις</strong></span> <span class='ocrx_word' id='word_1_275' title='bbox 1507 954 1547 980; x_wconf 74' lang='grc' dir='ltr'><strong>ἔτι</strong></span> <span class='ocrx_word' id='word_1_276' title='bbox 1562 953 1678 989; x_wconf 78' lang='grc' dir='ltr'><strong>ἐχόντων</strong></span> <span class='ocrx_word' id='word_1_277' title='bbox 1691 961 1698 968; x_wconf 89' lang='grc'><strong>·</strong></span> <span class='ocrx_word' id='word_1_278' title='bbox 1714 953 1769 980; x_wconf 81' lang='grc' dir='ltr'><strong>τῶν</strong></span> <span class='ocrx_word' id='word_1_279' title='bbox 1782 953 1811 979; x_wconf 76' lang='grc' dir='ltr'><strong>δὲ</strong></span> <span class='ocrx_word' id='word_1_280' title='bbox 1837 954 1901 980; x_wconf 80' lang='grc' dir='ltr'><strong>ἀσε-</strong></span> 
     </span>
    </p>
   </div>
   <div class='ocr_carea' id='block_1_36' title="bbox 263 1000 1057 1036">
    <p class='ocr_par' dir='ltr' id='par_1_36' title="bbox 263 1000 1057 1036">
     <span class='ocr_line' id='line_1_36' title="bbox 263 1000 1057 1036; baseline 0 -9"><span class='ocrx_word' id='word_1_281' title='bbox 263 1004 354 1027; x_wconf 87' lang='lat' dir='ltr'><strong>autem</strong></span> <span class='ocrx_word' id='word_1_282' title='bbox 371 1001 416 1027; x_wconf 88' lang='lat' dir='ltr'><strong>alii</strong></span> <span class='ocrx_word' id='word_1_283' title='bbox 434 1008 565 1036; x_wconf 86' lang='lat' dir='ltr'><strong>prospere</strong></span> <span class='ocrx_word' id='word_1_284' title='bbox 578 1005 672 1035; x_wconf 77' lang='lat' dir='ltr'><strong>agunt,</strong></span> <span class='ocrx_word' id='word_1_285' title='bbox 685 1001 730 1028; x_wconf 86' lang='lat' dir='ltr'><strong>alii</strong></span> <span class='ocrx_word' id='word_1_286' title='bbox 745 1001 905 1028; x_wconf 83' lang='lat' dir='ltr'><strong>calamitose</strong></span> <span class='ocrx_word' id='word_1_287' title='bbox 919 1009 925 1027; x_wconf 74' lang='grc' dir='ltr'>ε</span> <span class='ocrx_word' id='word_1_288' title='bbox 939 1000 1057 1027; x_wconf 80' lang='lat' dir='ltr'><strong>fortasse</strong></span> 
     </span>
    </p>
   </div>
   <div class='ocr_carea' id='block_1_37' title="bbox 263 1045 1057 1081">
    <p class='ocr_par' dir='ltr' id='par_1_37' title="bbox 263 1045 1057 1081">
     <span class='ocr_line' id='line_1_37' title="bbox 263 1045 1057 1081; baseline 0.001 -9"><span class='ocrx_word' id='word_1_289' title='bbox 263 1045 298 1073; x_wconf 86' lang='lat' dir='ltr'><strong>iis</strong></span> <span class='ocrx_word' id='word_1_290' title='bbox 324 1047 370 1081; x_wconf 88' lang='lat' dir='ltr'><strong>qui</strong></span> <span class='ocrx_word' id='word_1_291' title='bbox 399 1046 472 1073; x_wconf 89' lang='lat' dir='ltr'><strong>mala</strong></span> <span class='ocrx_word' id='word_1_292' title='bbox 501 1051 592 1073; x_wconf 84' lang='lat' dir='ltr'><strong>mente</strong></span> <span class='ocrx_word' id='word_1_293' title='bbox 617 1054 670 1073; x_wconf 93' lang='lat' dir='ltr'><strong>nou</strong></span> <span class='ocrx_word' id='word_1_294' title='bbox 699 1051 772 1078; x_wconf 76' lang='lat' dir='ltr'><strong>sunt.</strong></span> <span class='ocrx_word' id='word_1_295' title='bbox 800 1047 940 1074; x_wconf 80' lang='lat' dir='ltr'><strong>subtracta</strong></span> <span class='ocrx_word' id='word_1_296' title='bbox 964 1046 1057 1073; x_wconf 85' lang='lat' dir='ltr'><strong>futura</strong></span> 
     </span>
    </p>
   </div>
   <div class='ocr_carea' id='block_1_38' title="bbox 263 1092 1057 1126">
    <p class='ocr_par' dir='ltr' id='par_1_38' title="bbox 263 1092 1057 1126">
     <span class='ocr_line' id='line_1_38' title="bbox 263 1092 1057 1126; baseline 0 -8"><span class='ocrx_word' id='word_1_297' title='bbox 263 1097 356 1125; x_wconf 78' lang='lat' dir='ltr'><strong>ptena,</strong></span> <span class='ocrx_word' id='word_1_298' title='bbox 377 1095 487 1125; x_wconf 90' lang='lat' dir='ltr'><strong>propter</strong></span> <span class='ocrx_word' id='word_1_299' title='bbox 514 1096 674 1125; x_wconf 75' lang='lat' dir='ltr'><strong>praesentem</strong></span> <span class='ocrx_word' id='word_1_300' title='bbox 704 1092 827 1119; x_wconf 79' lang='lat' dir='ltr'><strong>dolorem</strong></span> <span class='ocrx_word' id='word_1_301' title='bbox 851 1100 857 1119; x_wconf 94' lang='lat'><strong>:</strong></span> <span class='ocrx_word' id='word_1_302' title='bbox 878 1092 920 1119; x_wconf 92' lang='lat' dir='ltr'><strong>vel</strong></span> <span class='ocrx_word' id='word_1_303' title='bbox 944 1096 1057 1126; x_wconf 83' lang='lat' dir='ltr'><strong>propter</strong></span> 
     </span>
    </p>
   </div>
   <div class='ocr_carea' id='block_1_39' title="bbox 264 1137 1056 1172">
    <p class='ocr_par' dir='ltr' id='par_1_39' title="bbox 264 1137 1056 1172">
     <span class='ocr_line' id='line_1_39' title="bbox 264 1137 1056 1172; baseline 0.001 -9"><span class='ocrx_word' id='word_1_304' title='bbox 264 1141 483 1164; x_wconf 86' lang='lat' dir='ltr'><strong>consummatam</strong></span> <span class='ocrx_word' id='word_1_305' title='bbox 515 1137 646 1164; x_wconf 89' lang='lat' dir='ltr'><strong>malitiam</strong></span> <span class='ocrx_word' id='word_1_306' title='bbox 663 1137 790 1172; x_wconf 88' lang='lat' dir='ltr'><strong>utrinque</strong></span> <span class='ocrx_word' id='word_1_307' title='bbox 811 1139 972 1172; x_wconf 87' lang='lat' dir='ltr'><strong>puniuntur.</strong></span> <span class='ocrx_word' id='word_1_308' title='bbox 988 1138 1056 1165; x_wconf 84' lang='lat' dir='ltr'><strong>Pro-</strong></span> 
     </span>
    </p>
   </div>
   <div class='ocr_carea' id='block_1_40' title="bbox 265 1180 1055 1218">
    <p class='ocr_par' dir='ltr' id='par_1_40' title="bbox 265 1180 1055 1218">
     <span class='ocr_line' id='line_1_40' title="bbox 265 1180 1055 1218; baseline 0.003 -11"><span class='ocrx_word' id='word_1_309' title='bbox 265 1188 344 1215; x_wconf 85' lang='lat' dir='ltr'><strong>spere</strong></span> <span class='ocrx_word' id='word_1_310' title='bbox 356 1187 421 1208; x_wconf 75' lang='lat' dir='ltr'><strong>vero</strong></span> <span class='ocrx_word' id='word_1_311' title='bbox 432 1180 532 1216; x_wconf 82' lang='lat' dir='ltr'><strong>degunt</strong></span> <span class='ocrx_word' id='word_1_312' title='bbox 541 1181 629 1216; x_wconf 89' lang='lat' dir='ltr'><strong>impii,</strong></span> <span class='ocrx_word' id='word_1_313' title='bbox 640 1183 714 1209; x_wconf 89' lang='lat' dir='ltr'><strong>omni</strong></span> <span class='ocrx_word' id='word_1_314' title='bbox 727 1183 794 1218; x_wconf 83' lang='lat' dir='ltr'><strong>ipsis</strong></span> <span class='ocrx_word' id='word_1_315' title='bbox 802 1182 932 1210; x_wconf 90' lang='lat' dir='ltr'><strong>dilatione</strong></span> <span class='ocrx_word' id='word_1_316' title='bbox 938 1183 1055 1210; x_wconf 88' lang='lat' dir='ltr'><strong>sublata.</strong></span> 
     </span>
    </p>
   </div>
   <div class='ocr_carea' id='block_1_41' title="bbox 263 1225 1055 1262">
    <p class='ocr_par' dir='ltr' id='par_1_41' title="bbox 263 1225 1055 1262">
     <span class='ocr_line' id='line_1_41' title="bbox 263 1225 1055 1262; baseline 0.005 -10"><span class='ocrx_word' id='word_1_317' title='bbox 263 1225 346 1253; x_wconf 86' lang='lat' dir='ltr'><strong>Dolor</strong></span> <span class='ocrx_word' id='word_1_318' title='bbox 361 1227 452 1261; x_wconf 85' lang='lat' dir='ltr'><strong>itaque</strong></span> <span class='ocrx_word' id='word_1_319' title='bbox 465 1232 493 1254; x_wconf 82' lang='lat' dir='ltr'><strong>et</strong></span> <span class='ocrx_word' id='word_1_320' title='bbox 504 1228 635 1261; x_wconf 71' lang='lat' dir='ltr'><strong>gaudium</strong></span> <span class='ocrx_word' id='word_1_321' title='bbox 653 1236 716 1255; x_wconf 90' lang='lat' dir='ltr'><strong>cum</strong></span> <span class='ocrx_word' id='word_1_322' title='bbox 733 1229 805 1256; x_wconf 86' lang='lat' dir='ltr'><strong>inter</strong></span> <span class='ocrx_word' id='word_1_323' title='bbox 821 1237 851 1257; x_wconf 85' lang='lat' dir='ltr'><strong>se</strong></span> <span class='ocrx_word' id='word_1_324' title='bbox 865 1229 1055 1262; x_wconf 80' lang='lat' dir='ltr'><strong>adversentur,</strong></span> 
     </span>
    </p>
   </div>
   <div class='ocr_carea' id='block_1_42' title="bbox 262 1273 1056 1309">
    <p class='ocr_par' dir='ltr' id='par_1_42' title="bbox 262 1273 1056 1309">
     <span class='ocr_line' id='line_1_42' title="bbox 262 1273 1056 1309; baseline 0.005 -11"><span class='ocrx_word' id='word_1_325' title='bbox 262 1276 289 1298; x_wconf 87' lang='lat' dir='ltr'><strong>et</strong></span> <span class='ocrx_word' id='word_1_326' title='bbox 315 1276 405 1299; x_wconf 88' lang='lat' dir='ltr'><strong>tamen</strong></span> <span class='ocrx_word' id='word_1_327' title='bbox 428 1273 517 1300; x_wconf 89' lang='lat' dir='ltr'><strong>eidem</strong></span> <span class='ocrx_word' id='word_1_328' title='bbox 546 1273 669 1301; x_wconf 87' lang='lat' dir='ltr'><strong>humano</strong></span> <span class='ocrx_word' id='word_1_329' title='bbox 692 1275 785 1309; x_wconf 82' lang='lat' dir='ltr'><strong>generi</strong></span> <span class='ocrx_word' id='word_1_330' title='bbox 812 1275 949 1308; x_wconf 85' lang='lat' dir='ltr'><strong>accidant,</strong></span> <span class='ocrx_word' id='word_1_331' title='bbox 962 1275 1056 1303; x_wconf 87' lang='lat' dir='ltr'><strong>multis</strong></span> 
     </span>
    </p>
   </div>
   <div class='ocr_carea' id='block_1_43' title="bbox 261 1320 1056 1354">
    <p class='ocr_par' dir='ltr' id='par_1_43' title="bbox 261 1320 1056 1354">
     <span class='ocr_line' id='line_1_43' title="bbox 261 1320 1056 1354; baseline 0.004 -9"><span class='ocrx_word' id='word_1_332' title='bbox 261 1325 384 1345; x_wconf 84' lang='lat' dir='ltr'><strong>errorem</strong></span> <span class='ocrx_word' id='word_1_333' title='bbox 402 1324 541 1351; x_wconf 82' lang='lat' dir='ltr'><strong>crearunt,</strong></span> <span class='ocrx_word' id='word_1_334' title='bbox 559 1320 639 1354; x_wconf 87' lang='lat' dir='ltr'><strong>quasi</strong></span> <span class='ocrx_word' id='word_1_335' title='bbox 667 1321 791 1349; x_wconf 83' lang='lat' dir='ltr'><strong>homines</strong></span> <span class='ocrx_word' id='word_1_336' title='bbox 814 1320 868 1349; x_wconf 83' lang='lat' dir='ltr'><strong>Deo</strong></span> <span class='ocrx_word' id='word_1_337' title='bbox 893 1321 978 1353; x_wconf 88' lang='lat' dir='ltr'><strong>chari,</strong></span> <span class='ocrx_word' id='word_1_338' title='bbox 998 1321 1056 1348; x_wconf 75' lang='lat' dir='ltr'><strong>suis</strong></span> 
     </span>
    </p>
   </div>
   <div class='ocr_carea' id='block_1_44' title="bbox 262 1363 1055 1399">
    <p class='ocr_par' dir='ltr' id='par_1_44' title="bbox 262 1363 1055 1399">
     <span class='ocr_line' id='line_1_44' title="bbox 262 1363 1055 1399; baseline 0.005 -8"><span class='ocrx_word' id='word_1_339' title='bbox 262 1363 333 1392; x_wconf 84' lang='lat' dir='ltr'><strong>bene</strong></span> <span class='ocrx_word' id='word_1_340' title='bbox 351 1365 451 1392; x_wconf 90' lang='lat' dir='ltr'><strong>animis</strong></span> <span class='ocrx_word' id='word_1_341' title='bbox 466 1366 608 1399; x_wconf 84' lang='lat' dir='ltr'><strong>habeant;</strong></span> <span class='ocrx_word' id='word_1_342' title='bbox 627 1366 683 1394; x_wconf 90' lang='lat' dir='ltr'><strong>Deo</strong></span> <span class='ocrx_word' id='word_1_343' title='bbox 711 1372 801 1394; x_wconf 86' lang='lat' dir='ltr'><strong>autem</strong></span> <span class='ocrx_word' id='word_1_344' title='bbox 830 1367 911 1395; x_wconf 80' lang='lat' dir='ltr'><strong>invisi</strong></span> <span class='ocrx_word' id='word_1_345' title='bbox 932 1367 1055 1395; x_wconf 82' lang='lat' dir='ltr'><strong>doleant.</strong></span> 
     </span>
    </p>
   </div>
   <div class='ocr_carea' id='block_1_45' title="bbox 264 1410 1055 1449">
    <p class='ocr_par' dir='ltr' id='par_1_45' title="bbox 264 1410 1055 1449">
     <span class='ocr_line' id='line_1_45' title="bbox 264 1410 1055 1449; baseline 0.006 -13"><span class='ocrx_word' id='word_1_346' title='bbox 264 1411 317 1437; x_wconf 72' lang='lat' dir='ltr'><strong>Sed</strong></span> <span class='ocrx_word' id='word_1_347' title='bbox 331 1418 386 1438; x_wconf 87' lang='lat' dir='ltr'><strong>non</strong></span> <span class='ocrx_word' id='word_1_348' title='bbox 401 1410 437 1438; x_wconf 81' lang='lat' dir='ltr'><strong>ita</strong></span> <span class='ocrx_word' id='word_1_349' title='bbox 453 1412 627 1446; x_wconf 80' lang='lat' dir='ltr'><strong>cogitandum</strong></span> <span class='ocrx_word' id='word_1_350' title='bbox 644 1418 702 1446; x_wconf 83' lang='lat' dir='ltr'><strong>est;</strong></span> <span class='ocrx_word' id='word_1_351' title='bbox 719 1413 775 1440; x_wconf 89' lang='lat' dir='ltr'><strong>imo</strong></span> <span class='ocrx_word' id='word_1_352' title='bbox 789 1413 942 1446; x_wconf 86' lang='lat' dir='ltr'><strong>sciendum,</strong></span> <span class='ocrx_word' id='word_1_353' title='bbox 954 1413 1055 1449; x_wconf 77' lang='lat' dir='ltr'><strong>duplex</strong></span> 
     </span>
    </p>
   </div>
   <div class='ocr_carea' id='block_1_46' title="bbox 263 1455 1053 1495">
    <p class='ocr_par' dir='ltr' id='par_1_46' title="bbox 263 1455 1053 1495">
     <span class='ocr_line' id='line_1_46' title="bbox 263 1455 1053 1495; baseline 0.009 -14"><span class='ocrx_word' id='word_1_354' title='bbox 263 1461 324 1482; x_wconf 81' lang='lat' dir='ltr'><strong>esse</strong></span> <span class='ocrx_word' id='word_1_355' title='bbox 353 1455 445 1490; x_wconf 80' lang='lat' dir='ltr'><strong>gaudii</strong></span> <span class='ocrx_word' id='word_1_356' title='bbox 473 1464 569 1492; x_wconf 76' lang='lat' dir='ltr'><strong>genus,</strong></span> <span class='ocrx_word' id='word_1_357' title='bbox 588 1457 663 1485; x_wconf 86' lang='lat' dir='ltr'><strong>aliud</strong></span> <span class='ocrx_word' id='word_1_358' title='bbox 690 1459 819 1487; x_wconf 78' lang='lat' dir='ltr'><strong>sensibile</strong></span> <span class='ocrx_word' id='word_1_359' title='bbox 843 1464 869 1487; x_wconf 89' lang='lat' dir='ltr'><strong>et</strong></span> <span class='ocrx_word' id='word_1_360' title='bbox 893 1460 1053 1495; x_wconf 82' lang='lat' dir='ltr'><strong>temporale,</strong></span> 
     </span>
    </p>
   </div>
   <div class='ocr_carea' id='block_1_47' title="bbox 263 1500 1056 1542">
    <p class='ocr_par' dir='ltr' id='par_1_47' title="bbox 263 1500 1056 1542">
     <span class='ocr_line' id='line_1_47' title="bbox 263 1500 1056 1542; baseline 0.01 -15"><span class='ocrx_word' id='word_1_361' title='bbox 263 1500 339 1529; x_wconf 83' lang='lat' dir='ltr'><strong>aliud</strong></span> <span class='ocrx_word' id='word_1_362' title='bbox 358 1501 541 1531; x_wconf 83' lang='lat' dir='ltr'><strong>intellectualc</strong></span> <span class='ocrx_word' id='word_1_363' title='bbox 562 1509 644 1539; x_wconf 88' lang='lat' dir='ltr'><strong>atque</strong></span> <span class='ocrx_word' id='word_1_364' title='bbox 660 1510 803 1534; x_wconf 79' lang='lat' dir='ltr'><strong>aeternum.</strong></span> <span class='ocrx_word' id='word_1_365' title='bbox 829 1506 986 1542; x_wconf 85' lang='lat' dir='ltr'><strong>Eademque</strong></span> <span class='ocrx_word' id='word_1_366' title='bbox 1006 1507 1056 1535; x_wconf 82' lang='lat' dir='ltr'><strong>do-</strong></span> 
     </span>
    </p>
   </div>
   <div class='ocr_carea' id='block_1_48' title="bbox 262 1547 1054 1587">
    <p class='ocr_par' dir='ltr' id='par_1_48' title="bbox 262 1547 1054 1587">
     <span class='ocr_line' id='line_1_48' title="bbox 262 1547 1054 1587; baseline 0.008 -13"><span class='ocrx_word' id='word_1_367' title='bbox 262 1547 330 1575; x_wconf 86' lang='lat' dir='ltr'><strong>loris</strong></span> <span class='ocrx_word' id='word_1_368' title='bbox 343 1548 412 1575; x_wconf 86' lang='lat' dir='ltr'><strong>ratio</strong></span> <span class='ocrx_word' id='word_1_369' title='bbox 426 1554 478 1576; x_wconf 87' lang='lat' dir='ltr'><strong>est.</strong></span> <span class='ocrx_word' id='word_1_370' title='bbox 496 1548 590 1585; x_wconf 87' lang='lat' dir='ltr'><strong>itaque</strong></span> <span class='ocrx_word' id='word_1_371' title='bbox 603 1551 722 1585; x_wconf 74' lang='lat' dir='ltr'><strong>gaudent</strong></span> <span class='ocrx_word' id='word_1_372' title='bbox 735 1553 817 1579; x_wconf 87' lang='lat' dir='ltr'><strong>etiam</strong></span> <span class='ocrx_word' id='word_1_373' title='bbox 828 1552 907 1587; x_wconf 87' lang='lat' dir='ltr'><strong>justi,</strong></span> <span class='ocrx_word' id='word_1_374' title='bbox 921 1556 951 1580; x_wconf 83' lang='lat' dir='ltr'><strong>ut</strong></span> <span class='ocrx_word' id='word_1_375' title='bbox 966 1553 1054 1580; x_wconf 83' lang='lat' dir='ltr'><strong>Abra-</strong></span> 
     </span>
    </p>
   </div>
   <div class='ocr_carea' id='block_1_49' title="bbox 263 1592 1055 1631">
    <p class='ocr_par' dir='ltr' id='par_1_49' title="bbox 263 1592 1055 1631">
     <span class='ocr_line' id='line_1_49' title="bbox 263 1592 1055 1631; baseline 0.009 -12"><span class='ocrx_word' id='word_1_376' title='bbox 263 1592 363 1620; x_wconf 85' lang='lat' dir='ltr'><strong>hamus</strong></span> <span class='ocrx_word' id='word_1_377' title='bbox 378 1602 385 1620; x_wconf 90' lang='lat'><strong>:</strong></span> <span class='ocrx_word' id='word_1_378' title='bbox 402 1594 520 1629; x_wconf 77' lang='lat' dir='ltr'><strong>gaudent</strong></span> <span class='ocrx_word' id='word_1_379' title='bbox 539 1602 649 1631; x_wconf 84' lang='lat' dir='ltr'><strong>quoque</strong></span> <span class='ocrx_word' id='word_1_380' title='bbox 661 1596 768 1631; x_wconf 86' lang='lat' dir='ltr'><strong>injusti,</strong></span> <span class='ocrx_word' id='word_1_381' title='bbox 786 1602 816 1625; x_wconf 91' lang='lat' dir='ltr'><strong>ut</strong></span> <span class='ocrx_word' id='word_1_382' title='bbox 832 1596 949 1625; x_wconf 86' lang='lat' dir='ltr'><strong>Pharao.</strong></span> <span class='ocrx_word' id='word_1_383' title='bbox 964 1597 1055 1626; x_wconf 73' lang='lat' dir='ltr'><strong>Vicis-</strong></span> 
     </span>
    </p>
   </div>
   <div class='ocr_carea' id='block_1_50' title="bbox 264 1630 1093 1677">
    <p class='ocr_par' dir='ltr' id='par_1_50' title="bbox 264 1630 1093 1677">
     <span class='ocr_line' id='line_1_50' title="bbox 264 1630 1093 1677; baseline 0.01 -13"><span class='ocrx_word' id='word_1_384' title='bbox 264 1637 317 1664; x_wconf 82' lang='lat' dir='ltr'><strong>sim</strong></span> <span class='ocrx_word' id='word_1_385' title='bbox 338 1637 430 1665; x_wconf 87' lang='lat' dir='ltr'><strong>dolent</strong></span> <span class='ocrx_word' id='word_1_386' title='bbox 452 1638 536 1673; x_wconf 84' lang='lat' dir='ltr'><strong>justi,</strong></span> <span class='ocrx_word' id='word_1_387' title='bbox 553 1643 584 1667; x_wconf 89' lang='lat' dir='ltr'><strong>ut</strong></span> <span class='ocrx_word' id='word_1_388' title='bbox 604 1630 724 1668; x_wconf 56' lang='lat' dir='ltr'><strong>iacebit:</strong></span> <span class='ocrx_word' id='word_1_389' title='bbox 745 1641 854 1677; x_wconf 78' lang='lat' dir='ltr'><strong>fugiens</strong></span> <span class='ocrx_word' id='word_1_390' title='bbox 880 1642 1012 1675; x_wconf 82' lang='lat' dir='ltr'><strong>Esavum.</strong></span> <span class='ocrx_word' id='word_1_391' title='bbox 1030 1648 1058 1672; x_wconf 84' lang='lat' dir='ltr'><strong>et</strong></span> <span class='ocrx_word' id='word_1_392' title='bbox 1071 1630 1093 1660; x_wconf 66' lang='grc' dir='ltr'><strong>θ’</strong></span> 
     </span>
    </p>
   </div>
   <div class='ocr_carea' id='block_1_51' title="bbox 264 1680 1059 1722">
    <p class='ocr_par' dir='ltr' id='par_1_51' title="bbox 264 1680 1059 1722">
     <span class='ocr_line' id='line_1_51' title="bbox 264 1680 1059 1722; baseline 0.01 -14"><span class='ocrx_word' id='word_1_393' title='bbox 264 1680 378 1709; x_wconf 85' lang='lat' dir='ltr'><strong>Lahano</strong></span> <span class='ocrx_word' id='word_1_394' title='bbox 405 1682 552 1712; x_wconf 84' lang='lat' dir='ltr'><strong>famulans.</strong></span> <span class='ocrx_word' id='word_1_395' title='bbox 577 1685 642 1712; x_wconf 87' lang='lat' dir='ltr'><strong>Item</strong></span> <span class='ocrx_word' id='word_1_396' title='bbox 667 1686 763 1714; x_wconf 82' lang='lat' dir='ltr'><strong>dolent</strong></span> <span class='ocrx_word' id='word_1_397' title='bbox 787 1687 870 1715; x_wconf 86' lang='lat' dir='ltr'><strong>etiam</strong></span> <span class='ocrx_word' id='word_1_398' title='bbox 896 1688 1004 1722; x_wconf 70' lang='lat' dir='ltr'><strong>injusu,</strong></span> <span class='ocrx_word' id='word_1_399' title='bbox 1028 1692 1059 1716; x_wconf 81' lang='lat' dir='ltr'><strong>ut</strong></span> 
     </span>
    </p>
   </div>
   <div class='ocr_carea' id='block_1_52' title="bbox 263 1727 1058 1770">
    <p class='ocr_par' dir='ltr' id='par_1_52' title="bbox 263 1727 1058 1770">
     <span class='ocr_line' id='line_1_52' title="bbox 263 1727 1058 1770; baseline 0.01 -16"><span class='ocrx_word' id='word_1_400' title='bbox 263 1727 376 1756; x_wconf 82' lang='lat' dir='ltr'><strong>Amalec</strong></span> <span class='ocrx_word' id='word_1_401' title='bbox 387 1733 415 1756; x_wconf 87' lang='lat' dir='ltr'><strong>et</strong></span> <span class='ocrx_word' id='word_1_402' title='bbox 429 1729 562 1768; x_wconf 58' lang='lat' dir='ltr'><strong>Egyptii.</strong></span> <span class='ocrx_word' id='word_1_403' title='bbox 577 1730 616 1761; x_wconf 83' lang='lat' dir='ltr'><strong>En</strong></span> <span class='ocrx_word' id='word_1_404' title='bbox 633 1738 700 1767; x_wconf 68' lang='lat' dir='ltr'><strong>ergo</strong></span> <span class='ocrx_word' id='word_1_405' title='bbox 713 1732 740 1761; x_wconf 91' lang='lat' dir='ltr'><strong>in</strong></span> <span class='ocrx_word' id='word_1_406' title='bbox 755 1740 809 1761; x_wconf 91' lang='lat' dir='ltr'><strong>uno</strong></span> <span class='ocrx_word' id='word_1_407' title='bbox 831 1734 980 1769; x_wconf 85' lang='lat' dir='ltr'><strong>eodemque</strong></span> <span class='ocrx_word' id='word_1_408' title='bbox 991 1734 1058 1770; x_wconf 80' lang='lat' dir='ltr'><strong>justi</strong></span> 
     </span>
    </p>
   </div>
   <div class='ocr_carea' id='block_1_53' title="bbox 263 1772 1059 1810">
    <p class='ocr_par' dir='ltr' id='par_1_53' title="bbox 263 1772 1059 1810">
     <span class='ocr_line' id='line_1_53' title="bbox 263 1772 1059 1810; baseline 0.01 -11"><span class='ocrx_word' id='word_1_409' title='bbox 263 1772 384 1802; x_wconf 82' lang='lat' dir='ltr'><strong>hominis</strong></span> <span class='ocrx_word' id='word_1_410' title='bbox 399 1782 475 1805; x_wconf 65' lang='lat' dir='ltr'><strong>more</strong></span> <span class='ocrx_word' id='word_1_411' title='bbox 494 1775 572 1806; x_wconf 82' lang='lat' dir='ltr'><strong>dolor</strong></span> <span class='ocrx_word' id='word_1_412' title='bbox 587 1780 615 1803; x_wconf 90' lang='lat' dir='ltr'><strong>et</strong></span> <span class='ocrx_word' id='word_1_413' title='bbox 630 1777 763 1807; x_wconf 78' lang='lat' dir='ltr'><strong>mmstitia</strong></span> <span class='ocrx_word' id='word_1_414' title='bbox 779 1787 786 1805; x_wconf 91' lang='lat'><strong>:</strong></span> <span class='ocrx_word' id='word_1_415' title='bbox 801 1783 829 1806; x_wconf 88' lang='lat' dir='ltr'><strong>et</strong></span> <span class='ocrx_word' id='word_1_416' title='bbox 840 1779 868 1806; x_wconf 91' lang='lat' dir='ltr'><strong>in</strong></span> <span class='ocrx_word' id='word_1_417' title='bbox 882 1787 937 1807; x_wconf 90' lang='lat' dir='ltr'><strong>uno</strong></span> <span class='ocrx_word' id='word_1_418' title='bbox 948 1779 1059 1810; x_wconf 87' lang='lat' dir='ltr'><strong>eodem—</strong></span> 
     </span>
    </p>
   </div>
   <div class='ocr_carea' id='block_1_54' title="bbox 264 1820 1060 1858">
    <p class='ocr_par' dir='ltr' id='par_1_54' title="bbox 264 1820 1060 1858">
     <span class='ocr_line' id='line_1_54' title="bbox 264 1820 1060 1858; baseline 0.01 -12"><span class='ocrx_word' id='word_1_419' title='bbox 264 1827 319 1854; x_wconf 82' lang='lat' dir='ltr'><strong>que</strong></span> <span class='ocrx_word' id='word_1_420' title='bbox 331 1820 424 1858; x_wconf 81' lang='lat' dir='ltr'><strong>injusti</strong></span> <span class='ocrx_word' id='word_1_421' title='bbox 442 1821 561 1853; x_wconf 84' lang='lat' dir='ltr'><strong>hominis</strong></span> <span class='ocrx_word' id='word_1_422' title='bbox 586 1826 660 1851; x_wconf 85' lang='lat' dir='ltr'><strong>statu</strong></span> <span class='ocrx_word' id='word_1_423' title='bbox 679 1824 759 1852; x_wconf 87' lang='lat' dir='ltr'><strong>dolor</strong></span> <span class='ocrx_word' id='word_1_424' title='bbox 774 1828 802 1852; x_wconf 90' lang='lat' dir='ltr'><strong>et</strong></span> <span class='ocrx_word' id='word_1_425' title='bbox 824 1825 967 1855; x_wconf 61' lang='lat' dir='ltr'><strong>maestitia.</strong></span> <span class='ocrx_word' id='word_1_426' title='bbox 982 1824 1060 1854; x_wconf 86' lang='lat' dir='ltr'><strong>Dicet</strong></span> 
     </span>
    </p>
   </div>
   <div class='ocr_carea' id='block_1_55' title="bbox 264 1865 1059 1906">
    <p class='ocr_par' dir='ltr' id='par_1_55' title="bbox 264 1865 1059 1906">
     <span class='ocr_line' id='line_1_55' title="bbox 264 1865 1059 1906; baseline 0.009 -13"><span class='ocrx_word' id='word_1_427' title='bbox 264 1865 382 1899; x_wconf 68' lang='lat' dir='ltr'><strong>fortasse</strong></span> <span class='ocrx_word' id='word_1_428' title='bbox 404 1867 504 1903; x_wconf 82' lang='lat' dir='ltr'><strong>aliquis</strong></span> <span class='ocrx_word' id='word_1_429' title='bbox 534 1877 541 1895; x_wconf 91' lang='lat'><em>:</em></span> <span class='ocrx_word' id='word_1_430' title='bbox 567 1868 624 1902; x_wconf 79' lang='lat' dir='ltr'><strong>Cur</strong></span> <span class='ocrx_word' id='word_1_431' title='bbox 648 1871 715 1903; x_wconf 60' lang='lat' dir='ltr'><strong>haec,</strong></span> <span class='ocrx_word' id='word_1_432' title='bbox 744 1875 770 1898; x_wconf 82' lang='lat' dir='ltr'><strong>et</strong></span> <span class='ocrx_word' id='word_1_433' title='bbox 793 1872 864 1899; x_wconf 90' lang='lat' dir='ltr'><strong>unde</strong></span> <span class='ocrx_word' id='word_1_434' title='bbox 890 1872 1059 1906; x_wconf 69' lang='lat' dir='ltr'><strong>inaequalitas</strong></span> 
     </span>
    </p>
   </div>
   <div class='ocr_carea' id='block_1_56' title="bbox 265 1911 1060 1953">
    <p class='ocr_par' dir='ltr' id='par_1_56' title="bbox 265 1911 1060 1953">
     <span class='ocr_line' id='line_1_56' title="bbox 265 1911 1060 1953; baseline 0.011 -16"><span class='ocrx_word' id='word_1_435' title='bbox 265 1911 291 1942; x_wconf 77' lang='lat' dir='ltr'><strong>in</strong></span> <span class='ocrx_word' id='word_1_436' title='bbox 306 1913 477 1946; x_wconf 71' lang='lat' dir='ltr'><strong>aequalibus?</strong></span> <span class='ocrx_word' id='word_1_437' title='bbox 496 1913 589 1950; x_wconf 73' lang='lat' dir='ltr'><strong>Neque</strong></span> <span class='ocrx_word' id='word_1_438' title='bbox 613 1916 687 1943; x_wconf 83' lang='lat' dir='ltr'><strong>enim</strong></span> <span class='ocrx_word' id='word_1_439' title='bbox 712 1918 738 1943; x_wconf 91' lang='lat' dir='ltr'><strong>in</strong></span> <span class='ocrx_word' id='word_1_440' title='bbox 757 1918 818 1952; x_wconf 79' lang='lat' dir='ltr'><strong>igne</strong></span> <span class='ocrx_word' id='word_1_441' title='bbox 836 1918 920 1953; x_wconf 73' lang='lat' dir='ltr'><strong>frigus</strong></span> <span class='ocrx_word' id='word_1_442' title='bbox 938 1920 1019 1946; x_wconf 87' lang='lat' dir='ltr'><strong>simul</strong></span> <span class='ocrx_word' id='word_1_443' title='bbox 1034 1925 1060 1947; x_wconf 90' lang='lat' dir='ltr'><strong>ct</strong></span> 
     </span>
    </p>
   </div>
   <div class='ocr_carea' id='block_1_57' title="bbox 264 1957 1059 1998">
    <p class='ocr_par' dir='ltr' id='par_1_57' title="bbox 264 1957 1059 1998">
     <span class='ocr_line' id='line_1_57' title="bbox 264 1957 1059 1998; baseline 0.011 -15"><span class='ocrx_word' id='word_1_444' title='bbox 264 1957 340 1990; x_wconf 75' lang='lat' dir='ltr'><strong>calor</strong></span> <span class='ocrx_word' id='word_1_445' title='bbox 365 1960 544 1995; x_wconf 82' lang='lat' dir='ltr'><strong>conspicitur.</strong></span> <span class='ocrx_word' id='word_1_446' title='bbox 576 1962 703 1990; x_wconf 79' lang='lat' dir='ltr'><strong>Concedo</strong></span> <span class='ocrx_word' id='word_1_447' title='bbox 728 1964 874 1998; x_wconf 82' lang='lat' dir='ltr'><strong>equidem,</strong></span> <span class='ocrx_word' id='word_1_448' title='bbox 904 1973 957 1992; x_wconf 91' lang='lat' dir='ltr'><strong>non</strong></span> <span class='ocrx_word' id='word_1_449' title='bbox 986 1966 1059 1992; x_wconf 87' lang='lat' dir='ltr'><strong>enim</strong></span> 
     </span>
    </p>
   </div>
   <div class='ocr_carea' id='block_1_58' title="bbox 261 2003 1060 2048">
    <p class='ocr_par' dir='ltr' id='par_1_58' title="bbox 261 2003 1060 2048">
     <span class='ocr_line' id='line_1_58' title="bbox 261 2003 1060 2048; baseline 0.013 -18"><span class='ocrx_word' id='word_1_450' title='bbox 261 2003 366 2040; x_wconf 81' lang='lat' dir='ltr'><strong>justum</strong></span> <span class='ocrx_word' id='word_1_451' title='bbox 384 2007 490 2042; x_wconf 72' lang='lat' dir='ltr'><strong>aequale</strong></span> <span class='ocrx_word' id='word_1_452' title='bbox 503 2007 587 2035; x_wconf 91' lang='lat' dir='ltr'><strong>simul</strong></span> <span class='ocrx_word' id='word_1_453' title='bbox 600 2014 642 2035; x_wconf 88' lang='lat' dir='ltr'><strong>est</strong></span> <span class='ocrx_word' id='word_1_454' title='bbox 664 2013 689 2035; x_wconf 90' lang='lat' dir='ltr'><strong>et</strong></span> <span class='ocrx_word' id='word_1_455' title='bbox 707 2009 841 2045; x_wconf 71' lang='lat' dir='ltr'><strong>iii-.equale</strong></span> <span class='ocrx_word' id='word_1_456' title='bbox 853 2019 859 2037; x_wconf 92' lang='lat'><strong>:</strong></span> <span class='ocrx_word' id='word_1_457' title='bbox 873 2012 919 2039; x_wconf 85' lang='lat' dir='ltr'><strong>sed</strong></span> <span class='ocrx_word' id='word_1_458' title='bbox 937 2012 963 2039; x_wconf 88' lang='lat' dir='ltr'><strong>in</strong></span> <span class='ocrx_word' id='word_1_459' title='bbox 977 2012 1060 2048; x_wconf 78' lang='lat' dir='ltr'><strong>justi-</strong></span> 
     </span>
    </p>
   </div>
   <div class='ocr_carea' id='block_1_59' title="bbox 268 2049 963 2091">
    <p class='ocr_par' dir='ltr' id='par_1_59' title="bbox 268 2049 963 2091">
     <span class='ocr_line' id='line_1_59' title="bbox 268 2049 963 2091; baseline 0.013 -16"><span class='ocrx_word' id='word_1_460' title='bbox 268 2049 312 2082; x_wconf 73' lang='lat' dir='ltr'><strong>tiae</strong></span> <span class='ocrx_word' id='word_1_461' title='bbox 326 2051 484 2086; x_wconf 78' lang='lat' dir='ltr'><strong>capacibus,</strong></span> <span class='ocrx_word' id='word_1_462' title='bbox 499 2052 579 2080; x_wconf 92' lang='lat' dir='ltr'><strong>dolor</strong></span> <span class='ocrx_word' id='word_1_463' title='bbox 594 2059 621 2081; x_wconf 87' lang='lat' dir='ltr'><strong>et</strong></span> <span class='ocrx_word' id='word_1_464' title='bbox 639 2055 767 2089; x_wconf 80' lang='lat' dir='ltr'><strong>gaudium</strong></span> <span class='ocrx_word' id='word_1_465' title='bbox 785 2057 963 2091; x_wconf 86' lang='lat' dir='ltr'><strong>comperitur.</strong></span> 
     </span>
    </p>
   </div>
   <div class='ocr_carea' id='block_1_60' title="bbox 301 2093 1058 2134">
    <p class='ocr_par' dir='ltr' id='par_1_60' title="bbox 301 2093 1058 2134">
     <span class='ocr_line' id='line_1_60' title="bbox 301 2093 1058 2134; baseline 0.012 -13"><span class='ocrx_word' id='word_1_466' title='bbox 301 2093 362 2122; x_wconf 80' lang='grc'><strong>105.</strong></span> <span class='ocrx_word' id='word_1_467' title='bbox 387 2095 523 2132; x_wconf 79' lang='lat' dir='ltr'><strong>Quoniam</strong></span> <span class='ocrx_word' id='word_1_468' title='bbox 549 2097 642 2134; x_wconf 86' lang='lat' dir='ltr'><strong>itaque</strong></span> <span class='ocrx_word' id='word_1_469' title='bbox 672 2100 776 2127; x_wconf 89' lang='lat' dir='ltr'><strong>dictum</strong></span> <span class='ocrx_word' id='word_1_470' title='bbox 802 2106 843 2128; x_wconf 83' lang='lat' dir='ltr'><strong>est</strong></span> <span class='ocrx_word' id='word_1_471' title='bbox 867 2102 988 2129; x_wconf 79' lang='lat' dir='ltr'><strong>dolorem</strong></span> <span class='ocrx_word' id='word_1_472' title='bbox 1018 2104 1058 2130; x_wconf 89' lang='lat' dir='ltr'><strong>vel</strong></span> 
     </span>
    </p>
   </div>
   <div class='ocr_carea' id='block_1_61' title="bbox 262 2141 1060 2181">
    <p class='ocr_par' dir='ltr' id='par_1_61' title="bbox 262 2141 1060 2181">
     <span class='ocr_line' id='line_1_61' title="bbox 262 2141 1060 2181; baseline 0.014 -15"><span class='ocrx_word' id='word_1_473' title='bbox 262 2141 440 2181; x_wconf 72' lang='lat' dir='ltr'><strong>temporalem</strong></span> <span class='ocrx_word' id='word_1_474' title='bbox 468 2150 530 2173; x_wconf 83' lang='lat' dir='ltr'><strong>esse</strong></span> <span class='ocrx_word' id='word_1_475' title='bbox 555 2151 588 2171; x_wconf 83' lang='lat' dir='ltr'><strong>ac</strong></span> <span class='ocrx_word' id='word_1_476' title='bbox 617 2145 798 2179; x_wconf 83' lang='lat' dir='ltr'><strong>tolerabilem,</strong></span> <span class='ocrx_word' id='word_1_477' title='bbox 815 2148 858 2174; x_wconf 85' lang='lat' dir='ltr'><strong>vel</strong></span> <span class='ocrx_word' id='word_1_478' title='bbox 881 2152 1013 2176; x_wconf 71' lang='lat' dir='ltr'><strong>aeternum</strong></span> <span class='ocrx_word' id='word_1_479' title='bbox 1032 2155 1060 2177; x_wconf 84' lang='lat' dir='ltr'><strong>et</strong></span> 
     </span>
    </p>
   </div>
   <div class='ocr_carea' id='block_1_62' title="bbox 264 2186 1057 2229">
    <p class='ocr_par' dir='ltr' id='par_1_62' title="bbox 264 2186 1057 2229">
     <span class='ocr_line' id='line_1_62' title="bbox 264 2186 1057 2229; baseline 0.013 -16"><span class='ocrx_word' id='word_1_480' title='bbox 264 2186 463 2218; x_wconf 75' lang='lat' dir='ltr'><strong>intolerabilem</strong></span> <span class='ocrx_word' id='word_1_481' title='bbox 475 2191 482 2221; x_wconf 81' lang='grc'>;</span> <span class='ocrx_word' id='word_1_482' title='bbox 497 2189 617 2225; x_wconf 77' lang='lat' dir='ltr'><strong>itemque</strong></span> <span class='ocrx_word' id='word_1_483' title='bbox 630 2192 759 2224; x_wconf 75' lang='lat' dir='ltr'><strong>gaudium</strong></span> <span class='ocrx_word' id='word_1_484' title='bbox 771 2193 811 2220; x_wconf 86' lang='lat' dir='ltr'><strong>vel</strong></span> <span class='ocrx_word' id='word_1_485' title='bbox 822 2195 970 2228; x_wconf 83' lang='lat' dir='ltr'><strong>temporale</strong></span> <span class='ocrx_word' id='word_1_486' title='bbox 986 2202 1057 2229; x_wconf 84' lang='lat' dir='ltr'><strong>esse,</strong></span> 
     </span>
    </p>
   </div>
   <div class='ocr_carea' id='block_1_63' title="bbox 265 2232 1057 2275">
    <p class='ocr_par' dir='ltr' id='par_1_63' title="bbox 265 2232 1057 2275">
     <span class='ocr_line' id='line_1_63' title="bbox 265 2232 1057 2275; baseline 0.014 -17"><span class='ocrx_word' id='word_1_487' title='bbox 265 2239 298 2263; x_wconf 79' lang='lat' dir='ltr'><strong>ac</strong></span> <span class='ocrx_word' id='word_1_488' title='bbox 318 2233 438 2260; x_wconf 88' lang='lat' dir='ltr'><strong>breviter</strong></span> <span class='ocrx_word' id='word_1_489' title='bbox 452 2233 602 2268; x_wconf 83' lang='lat' dir='ltr'><strong>delectans,</strong></span> <span class='ocrx_word' id='word_1_490' title='bbox 623 2236 666 2263; x_wconf 90' lang='lat' dir='ltr'><strong>vel</strong></span> <span class='ocrx_word' id='word_1_491' title='bbox 682 2232 815 2266; x_wconf 66' lang='lat' dir='ltr'><strong>aeTernum</strong></span> <span class='ocrx_word' id='word_1_492' title='bbox 836 2243 863 2265; x_wconf 89' lang='lat' dir='ltr'><strong>et</strong></span> <span class='ocrx_word' id='word_1_493' title='bbox 882 2239 929 2266; x_wconf 93' lang='lat' dir='ltr'><strong>diu</strong></span> <span class='ocrx_word' id='word_1_494' title='bbox 950 2240 1057 2275; x_wconf 84' lang='lat' dir='ltr'><strong>beans;</strong></span> 
     </span>
    </p>
   </div>
   <div class='ocr_carea' id='block_1_64' title="bbox 1111 999 1902 1035">
    <p class='ocr_par' dir='ltr' id='par_1_64' title="bbox 1111 999 1902 1035">
     <span class='ocr_line' id='line_1_64' title="bbox 1111 999 1902 1035; baseline -0.003 -9"><span class='ocrx_word' id='word_1_495' title='bbox 1111 1000 1167 1026; x_wconf 85' lang='grc' dir='ltr'><strong>ϐῶν</strong></span> <span class='ocrx_word' id='word_1_496' title='bbox 1180 1001 1205 1026; x_wconf 80' lang='lat' dir='ltr'><strong>ot</strong></span> <span class='ocrx_word' id='word_1_497' title='bbox 1222 1001 1271 1035; x_wconf 85' lang='grc' dir='ltr'><strong>μὲν</strong></span> <span class='ocrx_word' id='word_1_498' title='bbox 1289 999 1440 1026; x_wconf 81' lang='grc' dir='ltr'><strong>εὐπαθοῦσι</strong></span> <span class='ocrx_word' id='word_1_499' title='bbox 1463 999 1545 1034; x_wconf 80' lang='grc' dir='ltr'><strong>τυχὸν</strong></span> <span class='ocrx_word' id='word_1_500' title='bbox 1571 1001 1628 1031; x_wconf 85' lang='grc' dir='ltr'><strong>τοῖς</strong></span> <span class='ocrx_word' id='word_1_501' title='bbox 1642 999 1674 1025; x_wconf 81' lang='grc' dir='ltr'><strong>οὐ</strong></span> <span class='ocrx_word' id='word_1_502' title='bbox 1691 999 1839 1035; x_wconf 69' lang='grc' dir='ltr'><strong>μοχθηροῖς</strong></span> <span class='ocrx_word' id='word_1_503' title='bbox 1853 999 1902 1032; x_wconf 75' lang='grc' dir='ltr'><strong>τὴν</strong></span> 
     </span>
    </p>
   </div>
   <div class='ocr_carea' id='block_1_65' title="bbox 1110 1044 1904 1081">
    <p class='ocr_par' dir='ltr' id='par_1_65' title="bbox 1110 1044 1904 1081">
     <span class='ocr_line' id='line_1_65' title="bbox 1110 1044 1904 1081; baseline 0 -9"><span class='ocrx_word' id='word_1_504' title='bbox 1110 1046 1236 1081; x_wconf 83' lang='grc' dir='ltr'><strong>γνώμην,</strong></span> <span class='ocrx_word' id='word_1_505' title='bbox 1265 1045 1489 1081; x_wconf 85' lang='grc' dir='ltr'><strong>ὑποτεμνομένης</strong></span> <span class='ocrx_word' id='word_1_506' title='bbox 1513 1045 1563 1080; x_wconf 84' lang='grc' dir='ltr'><strong>τῆς</strong></span> <span class='ocrx_word' id='word_1_507' title='bbox 1580 1047 1672 1072; x_wconf 78' lang='grc' dir='ltr'><strong>ἐκεῖσε</strong></span> <span class='ocrx_word' id='word_1_508' title='bbox 1698 1044 1843 1081; x_wconf 79' lang='grc' dir='ltr'><strong>τιμωρίας,</strong></span> <span class='ocrx_word' id='word_1_509' title='bbox 1857 1045 1904 1072; x_wconf 79' lang='grc' dir='ltr'><strong>διὰ</strong></span> 
     </span>
    </p>
   </div>
   <div class='ocr_carea' id='block_1_66' title="bbox 1110 1090 1901 1126">
    <p class='ocr_par' dir='ltr' id='par_1_66' title="bbox 1110 1090 1901 1126">
     <span class='ocr_line' id='line_1_66' title="bbox 1110 1090 1901 1126; baseline -0.003 -8"><span class='ocrx_word' id='word_1_510' title='bbox 1110 1092 1160 1126; x_wconf 82' lang='grc' dir='ltr'><strong>τῆς</strong></span> <span class='ocrx_word' id='word_1_511' title='bbox 1186 1091 1261 1118; x_wconf 76' lang='grc' dir='ltr'><strong>ἐνθεν</strong></span> <span class='ocrx_word' id='word_1_512' title='bbox 1287 1092 1377 1122; x_wconf 86' lang='grc' dir='ltr'><strong>ἀνίας,</strong></span> <span class='ocrx_word' id='word_1_513' title='bbox 1403 1090 1478 1126; x_wconf 76' lang='grc' dir='ltr'><strong>ἢδιὰ</strong></span> <span class='ocrx_word' id='word_1_514' title='bbox 1494 1091 1544 1126; x_wconf 78' lang='grc' dir='ltr'><strong>τῆς</strong></span> <span class='ocrx_word' id='word_1_515' title='bbox 1567 1091 1667 1123; x_wconf 84' lang='grc' dir='ltr'><strong>κακίας</strong></span> <span class='ocrx_word' id='word_1_516' title='bbox 1690 1091 1901 1126; x_wconf 84' lang='grc' dir='ltr'><strong>παμμόχθηρον,</strong></span> 
     </span>
    </p>
   </div>
   <div class='ocr_carea' id='block_1_67' title="bbox 1110 1137 1903 1172">
    <p class='ocr_par' dir='ltr' id='par_1_67' title="bbox 1110 1137 1903 1172">
     <span class='ocr_line' id='line_1_67' title="bbox 1110 1137 1903 1172; baseline 0.001 -9"><span class='ocrx_word' id='word_1_517' title='bbox 1110 1137 1160 1164; x_wconf 73' lang='grc' dir='ltr'><strong>καὶ</strong></span> <span class='ocrx_word' id='word_1_518' title='bbox 1170 1137 1231 1164; x_wconf 81' lang='grc' dir='ltr'><strong>κατ’</strong></span> <span class='ocrx_word' id='word_1_519' title='bbox 1244 1137 1329 1172; x_wconf 79' lang='grc' dir='ltr'><strong>ἄμφω</strong></span> <span class='ocrx_word' id='word_1_520' title='bbox 1339 1137 1489 1165; x_wconf 77' lang='grc' dir='ltr'><strong>ὲκδίδονται</strong></span> <span class='ocrx_word' id='word_1_521' title='bbox 1500 1145 1506 1152; x_wconf 90' lang='grc'><strong>·</strong></span> <span class='ocrx_word' id='word_1_522' title='bbox 1519 1137 1669 1164; x_wconf 76' lang='grc' dir='ltr'><strong>εὐπαθοῦσι</strong></span> <span class='ocrx_word' id='word_1_523' title='bbox 1679 1137 1707 1164; x_wconf 73' lang='grc' dir='ltr'><strong>δὲ</strong></span> <span class='ocrx_word' id='word_1_524' title='bbox 1715 1137 1823 1169; x_wconf 84' lang='grc' dir='ltr'><strong>ἀσεϐεῖς</strong></span> <span class='ocrx_word' id='word_1_525' title='bbox 1833 1139 1903 1164; x_wconf 82' lang='grc' dir='ltr'><strong>κατά</strong></span> 
     </span>
    </p>
   </div>
   <div class='ocr_carea' id='block_1_68' title="bbox 1111 1183 1902 1220">
    <p class='ocr_par' dir='ltr' id='par_1_68' title="bbox 1111 1183 1902 1220">
     <span class='ocr_line' id='line_1_68' title="bbox 1111 1183 1902 1220; baseline 0 -10"><span class='ocrx_word' id='word_1_526' title='bbox 1111 1184 1202 1219; x_wconf 76' lang='grc' dir='ltr'><strong>πάσης</strong></span> <span class='ocrx_word' id='word_1_527' title='bbox 1226 1184 1318 1215; x_wconf 68' lang='grc' dir='ltr'><strong>αὐτοῖς</strong></span> <span class='ocrx_word' id='word_1_528' title='bbox 1344 1184 1576 1220; x_wconf 78' lang='grc' dir='ltr'><strong>περιαιρουμένης</strong></span> <span class='ocrx_word' id='word_1_529' title='bbox 1605 1184 1781 1218; x_wconf 78' lang='grc' dir='ltr'><strong>προφάσεως.</strong></span> <span class='ocrx_word' id='word_1_530' title='bbox 1807 1183 1902 1218; x_wconf 73' lang='grc' dir='ltr'><strong>Θλίψις</strong></span> 
     </span>
    </p>
   </div>
   <div class='ocr_carea' id='block_1_69' title="bbox 1110 1229 1903 1265">
    <p class='ocr_par' dir='ltr' id='par_1_69' title="bbox 1110 1229 1903 1265">
     <span class='ocr_line' id='line_1_69' title="bbox 1110 1229 1903 1265; baseline 0 -9"><span class='ocrx_word' id='word_1_531' title='bbox 1110 1230 1200 1257; x_wconf 82' lang='grc' dir='ltr'><strong>τοίνυν</strong></span> <span class='ocrx_word' id='word_1_532' title='bbox 1228 1230 1276 1256; x_wconf 81' lang='grc' dir='ltr'><strong>καὶ</strong></span> <span class='ocrx_word' id='word_1_533' title='bbox 1300 1230 1420 1264; x_wconf 80' lang='grc' dir='ltr'><strong>θυμηδία</strong></span> <span class='ocrx_word' id='word_1_534' title='bbox 1440 1229 1550 1257; x_wconf 73' lang='grc' dir='ltr'><strong>ἐναντία</strong></span> <span class='ocrx_word' id='word_1_535' title='bbox 1567 1229 1644 1262; x_wconf 73' lang='grc' dir='ltr'><strong>ὄντα,</strong></span> <span class='ocrx_word' id='word_1_536' title='bbox 1675 1230 1741 1265; x_wconf 79' lang='grc' dir='ltr'><strong>περὶ</strong></span> <span class='ocrx_word' id='word_1_537' title='bbox 1765 1230 1795 1256; x_wconf 77' lang='grc' dir='ltr'><strong>ἓν</strong></span> <span class='ocrx_word' id='word_1_538' title='bbox 1810 1230 1855 1256; x_wconf 78' lang='grc' dir='ltr'><strong>καὶ</strong></span> <span class='ocrx_word' id='word_1_539' title='bbox 1872 1230 1903 1256; x_wconf 72' lang='grc' dir='ltr'><strong>τὸ</strong></span> 
     </span>
    </p>
   </div>
   <div class='ocr_carea' id='block_1_70' title="bbox 1110 1274 1904 1311">
    <p class='ocr_par' dir='ltr' id='par_1_70' title="bbox 1110 1274 1904 1311">
     <span class='ocr_line' id='line_1_70' title="bbox 1110 1274 1904 1311; baseline -0.001 -9"><span class='ocrx_word' id='word_1_540' title='bbox 1110 1276 1177 1302; x_wconf 80' lang='grc' dir='ltr'><strong>αὐτὸ</strong></span> <span class='ocrx_word' id='word_1_541' title='bbox 1200 1275 1372 1311; x_wconf 80' lang='grc' dir='ltr'><strong>ἀνθρώπειον</strong></span> <span class='ocrx_word' id='word_1_542' title='bbox 1395 1275 1474 1309; x_wconf 86' lang='grc' dir='ltr'><strong>γένος</strong></span> <span class='ocrx_word' id='word_1_543' title='bbox 1499 1274 1685 1310; x_wconf 84' lang='grc' dir='ltr'><strong>συμϐαίνοντα</strong></span> <span class='ocrx_word' id='word_1_544' title='bbox 1710 1274 1774 1306; x_wconf 80' lang='grc' dir='ltr'><strong>τοὺς</strong></span> <span class='ocrx_word' id='word_1_545' title='bbox 1789 1275 1904 1307; x_wconf 78' lang='grc' dir='ltr'><strong>πολλοὺς</strong></span> 
     </span>
    </p>
   </div>
   <div class='ocr_carea' id='block_1_71' title="bbox 1110 1320 1903 1357">
    <p class='ocr_par' dir='ltr' id='par_1_71' title="bbox 1110 1320 1903 1357">
     <span class='ocr_line' id='line_1_71' title="bbox 1110 1320 1903 1357; baseline -0.001 -9"><span class='ocrx_word' id='word_1_546' title='bbox 1110 1321 1294 1357; x_wconf 78' lang='grc' dir='ltr'><strong>ἐξηπάτησεν·</strong></span> <span class='ocrx_word' id='word_1_547' title='bbox 1305 1321 1343 1352; x_wconf 83' lang='grc' dir='ltr'><strong>ὡς</strong></span> <span class='ocrx_word' id='word_1_548' title='bbox 1355 1322 1380 1347; x_wconf 87' lang='grc' dir='ltr'><strong>οί</strong></span> <span class='ocrx_word' id='word_1_549' title='bbox 1397 1321 1446 1355; x_wconf 79' lang='grc' dir='ltr'><strong>μὲν</strong></span> <span class='ocrx_word' id='word_1_550' title='bbox 1459 1320 1604 1355; x_wconf 87' lang='grc' dir='ltr'><strong>θεάρεστοι</strong></span> <span class='ocrx_word' id='word_1_551' title='bbox 1616 1320 1768 1355; x_wconf 87' lang='grc' dir='ltr'><strong>εὐθυμοῦσι</strong></span> <span class='ocrx_word' id='word_1_552' title='bbox 1782 1321 1903 1353; x_wconf 75' lang='grc' dir='ltr'><strong>πάντως,</strong></span> 
     </span>
    </p>
   </div>
   <div class='ocr_carea' id='block_1_72' title="bbox 1109 1366 1907 1402">
    <p class='ocr_par' dir='ltr' id='par_1_72' title="bbox 1109 1366 1907 1402">
     <span class='ocr_line' id='line_1_72' title="bbox 1109 1366 1907 1402; baseline -0.003 -7"><span class='ocrx_word' id='word_1_553' title='bbox 1109 1369 1133 1395; x_wconf 83' lang='lat' dir='ltr'><strong>oi</strong></span> <span class='ocrx_word' id='word_1_554' title='bbox 1147 1368 1175 1394; x_wconf 86' lang='grc' dir='ltr'><strong>δὲ</strong></span> <span class='ocrx_word' id='word_1_555' title='bbox 1189 1367 1346 1402; x_wconf 76' lang='grc' dir='ltr'><strong>θεοστυγεῖς</strong></span> <span class='ocrx_word' id='word_1_556' title='bbox 1359 1367 1498 1394; x_wconf 83' lang='grc' dir='ltr'><strong>ἀνιῶνται.</strong></span> <span class='ocrx_word' id='word_1_557' title='bbox 1515 1366 1584 1393; x_wconf 83' lang='grc' dir='ltr'><strong>Ἀλλ’</strong></span> <span class='ocrx_word' id='word_1_558' title='bbox 1595 1367 1645 1402; x_wconf 85' lang='grc' dir='ltr'><strong>οὐχ</strong></span> <span class='ocrx_word' id='word_1_559' title='bbox 1657 1366 1728 1393; x_wconf 77' lang='grc' dir='ltr'><strong>οὕτω</strong></span> <span class='ocrx_word' id='word_1_560' title='bbox 1740 1366 1907 1393; x_wconf 73' lang='grc' dir='ltr'><strong>διανοεῖσθαι</strong></span> 
     </span>
    </p>
   </div>
   <div class='ocr_carea' id='block_1_73' title="bbox 1109 1416 1906 1454">
    <p class='ocr_par' dir='ltr' id='par_1_73' title="bbox 1109 1416 1906 1454">
     <span class='ocr_line' id='line_1_73' title="bbox 1109 1416 1906 1454; baseline -0.001 -11"><span class='ocrx_word' id='word_1_561' title='bbox 1109 1418 1178 1454; x_wconf 87' lang='grc' dir='ltr'><strong>χρή·</strong></span> <span class='ocrx_word' id='word_1_562' title='bbox 1198 1417 1299 1454; x_wconf 78' lang='grc' dir='ltr'><strong>μᾶλλον</strong></span> <span class='ocrx_word' id='word_1_563' title='bbox 1312 1417 1340 1443; x_wconf 86' lang='grc' dir='ltr'><strong>δὲ</strong></span> <span class='ocrx_word' id='word_1_564' title='bbox 1357 1416 1458 1444; x_wconf 74' lang='grc' dir='ltr'><strong>εἰδέναι</strong></span> <span class='ocrx_word' id='word_1_565' title='bbox 1473 1416 1543 1450; x_wconf 83' lang='grc' dir='ltr'><strong>δέον,</strong></span> <span class='ocrx_word' id='word_1_566' title='bbox 1556 1416 1597 1443; x_wconf 84' lang='grc' dir='ltr'><strong>’ότι</strong></span> <span class='ocrx_word' id='word_1_567' title='bbox 1614 1417 1630 1451; x_wconf 84' lang='grc' dir='ltr'><strong>ἠ</strong></span> <span class='ocrx_word' id='word_1_568' title='bbox 1648 1416 1767 1451; x_wconf 76' lang='grc' dir='ltr'><strong>εὐθυμία</strong></span> <span class='ocrx_word' id='word_1_569' title='bbox 1781 1416 1871 1452; x_wconf 80' lang='grc' dir='ltr'><strong>διττή·</strong></span> <span class='ocrx_word' id='word_1_570' title='bbox 1888 1418 1906 1453; x_wconf 73' lang='grc' dir='ltr'><strong>ἡ</strong></span> 
     </span>
    </p>
   </div>
   <div class='ocr_carea' id='block_1_74' title="bbox 1086 1457 1909 1499">
    <p class='ocr_par' dir='ltr' id='par_1_74' title="bbox 1086 1457 1909 1499">
     <span class='ocr_line' id='line_1_74' title="bbox 1086 1457 1909 1499; baseline -0.002 -9"><span class='ocrx_word' id='word_1_571' title='bbox 1086 1457 1091 1462; x_wconf 79' lang='grc'><strong>’</strong></span> <span class='ocrx_word' id='word_1_572' title='bbox 1112 1463 1164 1499; x_wconf 81' lang='grc' dir='ltr'><strong>μέν</strong></span> <span class='ocrx_word' id='word_1_573' title='bbox 1190 1471 1233 1495; x_wconf 87' lang='grc' dir='ltr'><strong>τις</strong></span> <span class='ocrx_word' id='word_1_574' title='bbox 1257 1462 1374 1498; x_wconf 77' lang='grc' dir='ltr'><strong>αίσθητὴ</strong></span> <span class='ocrx_word' id='word_1_575' title='bbox 1400 1463 1447 1489; x_wconf 77' lang='grc' dir='ltr'><strong>καὶ</strong></span> <span class='ocrx_word' id='word_1_576' title='bbox 1469 1461 1652 1497; x_wconf 75' lang='grc' dir='ltr'><strong>πρόσκαιρος,</strong></span> <span class='ocrx_word' id='word_1_577' title='bbox 1673 1463 1690 1497; x_wconf 84' lang='grc' dir='ltr'><strong>ἡ</strong></span> <span class='ocrx_word' id='word_1_578' title='bbox 1705 1462 1734 1488; x_wconf 75' lang='grc' dir='ltr'>δὲ</span> <span class='ocrx_word' id='word_1_579' title='bbox 1761 1461 1843 1497; x_wconf 77' lang='grc' dir='ltr'><strong>νοητὴ</strong></span> <span class='ocrx_word' id='word_1_580' title='bbox 1857 1463 1909 1488; x_wconf 79' lang='grc' dir='ltr'><strong>καὶ</strong></span> 
     </span>
    </p>
   </div>
   <div class='ocr_carea' id='block_1_75' title="bbox 1109 1507 1908 1543">
    <p class='ocr_par' dir='ltr' id='par_1_75' title="bbox 1109 1507 1908 1543">
     <span class='ocr_line' id='line_1_75' title="bbox 1109 1507 1908 1543; baseline -0.001 -8"><span class='ocrx_word' id='word_1_581' title='bbox 1109 1508 1218 1540; x_wconf 76' lang='grc' dir='ltr'><strong>αἰώνιος</strong></span> <span class='ocrx_word' id='word_1_582' title='bbox 1228 1516 1235 1523; x_wconf 88' lang='grc'>·</span> <span class='ocrx_word' id='word_1_583' title='bbox 1249 1508 1320 1543; x_wconf 74' lang='grc' dir='ltr'><strong>καὶὴ</strong></span> <span class='ocrx_word' id='word_1_584' title='bbox 1334 1507 1423 1543; x_wconf 73' lang='grc' dir='ltr'><strong>Θλίψις</strong></span> <span class='ocrx_word' id='word_1_585' title='bbox 1439 1507 1580 1539; x_wconf 82' lang='grc' dir='ltr'><strong>ὡσαύτως·</strong></span> <span class='ocrx_word' id='word_1_586' title='bbox 1591 1507 1740 1543; x_wconf 83' lang='grc' dir='ltr'><strong>τοιγαροῦν</strong></span> <span class='ocrx_word' id='word_1_587' title='bbox 1754 1507 1908 1542; x_wconf 82' lang='grc' dir='ltr'><strong>εὐθυμοῦσι</strong></span> 
     </span>
    </p>
   </div>
   <div class='ocr_carea' id='block_1_76' title="bbox 1111 1553 1909 1589">
    <p class='ocr_par' dir='ltr' id='par_1_76' title="bbox 1111 1553 1909 1589">
     <span class='ocr_line' id='line_1_76' title="bbox 1111 1553 1909 1589; baseline 0.001 -9"><span class='ocrx_word' id='word_1_588' title='bbox 1111 1554 1164 1589; x_wconf 82' lang='grc' dir='ltr'><strong>μέν</strong></span> <span class='ocrx_word' id='word_1_589' title='bbox 1179 1553 1227 1581; x_wconf 75' lang='grc' dir='ltr'><strong>καὶ</strong></span> <span class='ocrx_word' id='word_1_590' title='bbox 1251 1553 1362 1585; x_wconf 85' lang='grc' dir='ltr'><strong>δίκαιοι,</strong></span> <span class='ocrx_word' id='word_1_591' title='bbox 1379 1553 1416 1585; x_wconf 86' lang='grc' dir='ltr'><strong>ὡς</strong></span> <span class='ocrx_word' id='word_1_592' title='bbox 1433 1553 1447 1580; x_wconf 85' lang='grc' dir='ltr'><strong><em>ὸ</em></strong></span> <span class='ocrx_word' id='word_1_593' title='bbox 1471 1553 1612 1588; x_wconf 77' lang='grc' dir='ltr'><strong>Ἀϐραάμ·</strong></span> <span class='ocrx_word' id='word_1_594' title='bbox 1629 1553 1778 1589; x_wconf 85' lang='grc' dir='ltr'><strong>εὐθυμοῦσι</strong></span> <span class='ocrx_word' id='word_1_595' title='bbox 1805 1553 1833 1583; x_wconf 73' lang='grc' dir='ltr'><strong>δὲ</strong></span> <span class='ocrx_word' id='word_1_596' title='bbox 1856 1554 1909 1581; x_wconf 76' lang='grc' dir='ltr'><strong>καὶ</strong></span> 
     </span>
    </p>
   </div>
   <div class='ocr_carea' id='block_1_77' title="bbox 1108 1598 1909 1637">
    <p class='ocr_par' dir='ltr' id='par_1_77' title="bbox 1108 1598 1909 1637">
     <span class='ocr_line' id='line_1_77' title="bbox 1108 1598 1909 1637; baseline -0.001 -10"><span class='ocrx_word' id='word_1_597' title='bbox 1108 1599 1206 1630; x_wconf 75' lang='grc' dir='ltr'><strong>ἄδικοι,</strong></span> <span class='ocrx_word' id='word_1_598' title='bbox 1221 1599 1260 1631; x_wconf 85' lang='grc' dir='ltr'><strong>ὡς</strong></span> <span class='ocrx_word' id='word_1_599' title='bbox 1284 1599 1309 1626; x_wconf 91' lang='grc' dir='ltr'><strong>οί</strong></span> <span class='ocrx_word' id='word_1_600' title='bbox 1333 1598 1401 1636; x_wconf 67' lang='grc' dir='ltr'><strong>[θοαί.</strong></span> <span class='ocrx_word' id='word_1_601' title='bbox 1422 1598 1491 1637; x_wconf 83' lang='grc' dir='ltr'><strong>ὅσοι]</strong></span> <span class='ocrx_word' id='word_1_602' title='bbox 1511 1599 1583 1626; x_wconf 76' lang='grc' dir='ltr'><strong>κατὰ</strong></span> <span class='ocrx_word' id='word_1_603' title='bbox 1605 1598 1652 1627; x_wconf 78' lang='grc' dir='ltr'><strong>τὸν</strong></span> <span class='ocrx_word' id='word_1_604' title='bbox 1675 1598 1796 1634; x_wconf 71' lang='grc' dir='ltr'><strong>Φαραώο</strong></span> <span class='ocrx_word' id='word_1_605' title='bbox 1823 1598 1909 1627; x_wconf 80' lang='grc' dir='ltr'><strong>πάλιν</strong></span> 
     </span>
    </p>
   </div>
   <div class='ocr_carea' id='block_1_78' title="bbox 1110 1644 1909 1680">
    <p class='ocr_par' dir='ltr' id='par_1_78' title="bbox 1110 1644 1909 1680">
     <span class='ocr_line' id='line_1_78' title="bbox 1110 1644 1909 1680; baseline 0 -8"><span class='ocrx_word' id='word_1_606' title='bbox 1110 1645 1241 1675; x_wconf 82' lang='grc' dir='ltr'><strong>ἀνιῶνται</strong></span> <span class='ocrx_word' id='word_1_607' title='bbox 1262 1645 1372 1678; x_wconf 82' lang='grc' dir='ltr'><strong>δίκαιοι,</strong></span> <span class='ocrx_word' id='word_1_608' title='bbox 1406 1644 1443 1677; x_wconf 85' lang='grc' dir='ltr'><strong>ὡς</strong></span> <span class='ocrx_word' id='word_1_609' title='bbox 1472 1645 1486 1674; x_wconf 79' lang='grc' dir='ltr'><strong>ὀ</strong></span> <span class='ocrx_word' id='word_1_610' title='bbox 1507 1645 1606 1671; x_wconf 83' lang='grc' dir='ltr'><strong>Ἰακὼϐ</strong></span> <span class='ocrx_word' id='word_1_611' title='bbox 1630 1645 1740 1680; x_wconf 82' lang='grc' dir='ltr'><strong>φεύγων</strong></span> <span class='ocrx_word' id='word_1_612' title='bbox 1753 1645 1798 1672; x_wconf 82' lang='grc' dir='ltr'><strong>τὸν</strong></span> <span class='ocrx_word' id='word_1_613' title='bbox 1818 1644 1909 1672; x_wconf 82' lang='grc' dir='ltr'><strong>Ἡσαῦ</strong></span> 
     </span>
    </p>
   </div>
   <div class='ocr_carea' id='block_1_79' title="bbox 1109 1690 1909 1727">
    <p class='ocr_par' dir='ltr' id='par_1_79' title="bbox 1109 1690 1909 1727">
     <span class='ocr_line' id='line_1_79' title="bbox 1109 1690 1909 1727; baseline -0.003 -7"><span class='ocrx_word' id='word_1_614' title='bbox 1109 1692 1158 1720; x_wconf 70' lang='grc' dir='ltr'><strong>καὶ</strong></span> <span class='ocrx_word' id='word_1_615' title='bbox 1200 1691 1324 1727; x_wconf 81' lang='grc' dir='ltr'><strong>θητεύων</strong></span> <span class='ocrx_word' id='word_1_616' title='bbox 1359 1691 1437 1727; x_wconf 77' lang='grc' dir='ltr'><strong>παρὰ</strong></span> <span class='ocrx_word' id='word_1_617' title='bbox 1467 1690 1507 1727; x_wconf 83' lang='grc' dir='ltr'><strong>τῷ</strong></span> <span class='ocrx_word' id='word_1_618' title='bbox 1534 1690 1639 1718; x_wconf 81' lang='grc' dir='ltr'><strong>Λάϐαν“</strong></span> <span class='ocrx_word' id='word_1_619' title='bbox 1661 1691 1744 1719; x_wconf 78' lang='grc' dir='ltr'><strong>πάλιν</strong></span> <span class='ocrx_word' id='word_1_620' title='bbox 1775 1691 1909 1718; x_wconf 82' lang='grc' dir='ltr'><strong>ἀνιῶνται</strong></span> 
     </span>
    </p>
   </div>
   <div class='ocr_carea' id='block_1_80' title="bbox 1109 1738 1909 1774">
    <p class='ocr_par' dir='ltr' id='par_1_80' title="bbox 1109 1738 1909 1774">
     <span class='ocr_line' id='line_1_80' title="bbox 1109 1738 1909 1774; baseline -0.001 -8"><span class='ocrx_word' id='word_1_621' title='bbox 1109 1739 1157 1767; x_wconf 72' lang='grc' dir='ltr'><strong>καὶ</strong></span> <span class='ocrx_word' id='word_1_622' title='bbox 1176 1739 1265 1766; x_wconf 73' lang='grc' dir='ltr'><strong>ἄδικοι</strong></span> <span class='ocrx_word' id='word_1_623' title='bbox 1275 1738 1312 1771; x_wconf 79' lang='grc' dir='ltr'><strong>ὡς</strong></span> <span class='ocrx_word' id='word_1_624' title='bbox 1325 1739 1339 1765; x_wconf 80' lang='grc' dir='ltr'><strong><em>ὁ</em></strong></span> <span class='ocrx_word' id='word_1_625' title='bbox 1359 1738 1484 1774; x_wconf 81' lang='grc' dir='ltr'><strong>Ἀμαλὴκ</strong></span> <span class='ocrx_word' id='word_1_626' title='bbox 1501 1739 1549 1766; x_wconf 77' lang='grc' dir='ltr'><strong>καὶ</strong></span> <span class='ocrx_word' id='word_1_627' title='bbox 1561 1738 1723 1773; x_wconf 66' lang='grc' dir='ltr'><strong>Αίγύπτιον</strong></span> <span class='ocrx_word' id='word_1_628' title='bbox 1744 1739 1799 1766; x_wconf 83' lang='grc' dir='ltr'><strong>ίδοὺ</strong></span> <span class='ocrx_word' id='word_1_629' title='bbox 1814 1740 1909 1766; x_wconf 77' lang='grc' dir='ltr'><strong>τοίνυν</strong></span> 
     </span>
    </p>
   </div>
   <div class='ocr_carea' id='block_1_81' title="bbox 1110 1783 1911 1822">
    <p class='ocr_par' dir='ltr' id='par_1_81' title="bbox 1110 1783 1911 1822">
     <span class='ocr_line' id='line_1_81' title="bbox 1110 1783 1911 1822; baseline -0.001 -10"><span class='ocrx_word' id='word_1_630' title='bbox 1110 1786 1176 1822; x_wconf 70' lang='grc' dir='ltr'><strong>περὶ</strong></span> <span class='ocrx_word' id='word_1_631' title='bbox 1204 1786 1233 1812; x_wconf 84' lang='grc' dir='ltr'><strong>ἓν</strong></span> <span class='ocrx_word' id='word_1_632' title='bbox 1252 1786 1299 1812; x_wconf 76' lang='grc' dir='ltr'><strong>καὶ</strong></span> <span class='ocrx_word' id='word_1_633' title='bbox 1324 1785 1356 1812; x_wconf 83' lang='grc' dir='ltr'><strong>τδ</strong></span> <span class='ocrx_word' id='word_1_634' title='bbox 1371 1785 1437 1812; x_wconf 82' lang='grc' dir='ltr'><strong>αὐτὸ</strong></span> <span class='ocrx_word' id='word_1_635' title='bbox 1452 1783 1518 1821; x_wconf 82' lang='grc' dir='ltr'><strong>ἦθος</strong></span> <span class='ocrx_word' id='word_1_636' title='bbox 1542 1786 1589 1812; x_wconf 81' lang='grc' dir='ltr'><strong>τοῦ</strong></span> <span class='ocrx_word' id='word_1_637' title='bbox 1609 1786 1726 1817; x_wconf 79' lang='grc' dir='ltr'><strong>δικαίου,</strong></span> <span class='ocrx_word' id='word_1_638' title='bbox 1742 1783 1831 1820; x_wconf 85' lang='grc' dir='ltr'><strong>θλίψις</strong></span> <span class='ocrx_word' id='word_1_639' title='bbox 1857 1786 1911 1811; x_wconf 75' lang='grc' dir='ltr'><strong>καὶ</strong></span> 
     </span>
    </p>
   </div>
   <div class='ocr_carea' id='block_1_82' title="bbox 1109 1830 1911 1867">
    <p class='ocr_par' dir='ltr' id='par_1_82' title="bbox 1109 1830 1911 1867">
     <span class='ocr_line' id='line_1_82' title="bbox 1109 1830 1911 1867; baseline 0 -10"><span class='ocrx_word' id='word_1_640' title='bbox 1109 1831 1215 1866; x_wconf 86' lang='grc' dir='ltr'><strong>ἀθυμία</strong></span> <span class='ocrx_word' id='word_1_641' title='bbox 1228 1839 1234 1846; x_wconf 92' lang='grc'><strong>·</strong></span> <span class='ocrx_word' id='word_1_642' title='bbox 1251 1831 1374 1867; x_wconf 80' lang='grc' dir='ltr'><strong>καὶπερὶ</strong></span> <span class='ocrx_word' id='word_1_643' title='bbox 1389 1831 1455 1866; x_wconf 89' lang='grc' dir='ltr'><strong>μίαν</strong></span> <span class='ocrx_word' id='word_1_644' title='bbox 1471 1832 1519 1859; x_wconf 80' lang='grc' dir='ltr'><strong>καὶ</strong></span> <span class='ocrx_word' id='word_1_645' title='bbox 1534 1832 1584 1867; x_wconf 86' lang='grc' dir='ltr'><strong>τὴν</strong></span> <span class='ocrx_word' id='word_1_646' title='bbox 1599 1831 1686 1867; x_wconf 80' lang='grc' dir='ltr'><strong>αὐτὴν</strong></span> <span class='ocrx_word' id='word_1_647' title='bbox 1713 1831 1769 1865; x_wconf 71' lang='grc' dir='ltr'><strong>ἕξιν</strong></span> <span class='ocrx_word' id='word_1_648' title='bbox 1782 1830 1829 1858; x_wconf 85' lang='grc' dir='ltr'><strong>τοῦ</strong></span> <span class='ocrx_word' id='word_1_649' title='bbox 1844 1830 1911 1857; x_wconf 76' lang='grc' dir='ltr'><strong>ἀδίο</strong></span> 
     </span>
    </p>
   </div>
   <div class='ocr_carea' id='block_1_83' title="bbox 1111 1876 1909 1913">
    <p class='ocr_par' dir='ltr' id='par_1_83' title="bbox 1111 1876 1909 1913">
     <span class='ocr_line' id='line_1_83' title="bbox 1111 1876 1909 1913; baseline -0.001 -9"><span class='ocrx_word' id='word_1_650' title='bbox 1111 1886 1171 1910; x_wconf 84' lang='grc' dir='ltr'><strong>κου,</strong></span> <span class='ocrx_word' id='word_1_651' title='bbox 1188 1877 1278 1912; x_wconf 65' lang='grc' dir='ltr'><strong>θλθψις</strong></span> <span class='ocrx_word' id='word_1_652' title='bbox 1304 1885 1333 1904; x_wconf 79' lang='grc' dir='ltr'><strong>τε</strong></span> <span class='ocrx_word' id='word_1_653' title='bbox 1360 1878 1408 1904; x_wconf 80' lang='grc' dir='ltr'><strong>καὶ</strong></span> <span class='ocrx_word' id='word_1_654' title='bbox 1439 1876 1561 1911; x_wconf 64' lang='grc' dir='ltr'><strong>ἀθυμίαι</strong></span> <span class='ocrx_word' id='word_1_655' title='bbox 1576 1877 1637 1913; x_wconf 81' lang='grc' dir='ltr'><strong>ὲρεῐ</strong></span> <span class='ocrx_word' id='word_1_656' title='bbox 1659 1885 1701 1910; x_wconf 82' lang='grc' dir='ltr'><strong>τις</strong></span> <span class='ocrx_word' id='word_1_657' title='bbox 1724 1876 1806 1908; x_wconf 75' lang='grc' dir='ltr'><strong>τσωςν</strong></span> <span class='ocrx_word' id='word_1_658' title='bbox 1822 1876 1876 1908; x_wconf 82' lang='grc' dir='ltr'><strong>Τίς</strong></span> <span class='ocrx_word' id='word_1_659' title='bbox 1891 1878 1909 1912; x_wconf 80' lang='grc' dir='ltr'>ἡ</span> 
     </span>
    </p>
   </div>
   <div class='ocr_carea' id='block_1_84' title="bbox 1110 1922 1911 1959">
    <p class='ocr_par' dir='ltr' id='par_1_84' title="bbox 1110 1922 1911 1959">
     <span class='ocr_line' id='line_1_84' title="bbox 1110 1922 1911 1959; baseline -0.002 -9"><span class='ocrx_word' id='word_1_660' title='bbox 1110 1924 1238 1959; x_wconf 81' lang='grc' dir='ltr'><strong>ἀνισότης</strong></span> <span class='ocrx_word' id='word_1_661' title='bbox 1247 1923 1294 1949; x_wconf 76' lang='grc' dir='ltr'><strong>ἐπὶ</strong></span> <span class='ocrx_word' id='word_1_662' title='bbox 1309 1923 1387 1955; x_wconf 80' lang='grc' dir='ltr'><strong>ἴσοις,</strong></span> <span class='ocrx_word' id='word_1_663' title='bbox 1406 1924 1452 1950; x_wconf 75' lang='grc' dir='ltr'><strong>καὶ</strong></span> <span class='ocrx_word' id='word_1_664' title='bbox 1467 1923 1566 1956; x_wconf 83' lang='grc' dir='ltr'><strong>πόθεν;</strong></span> <span class='ocrx_word' id='word_1_665' title='bbox 1580 1922 1650 1951; x_wconf 75' lang='grc' dir='ltr'><strong>οὐδὲ</strong></span> <span class='ocrx_word' id='word_1_666' title='bbox 1662 1923 1717 1958; x_wconf 79' lang='grc' dir='ltr'><strong>γὰρ</strong></span> <span class='ocrx_word' id='word_1_667' title='bbox 1730 1922 1794 1957; x_wconf 83' lang='grc' dir='ltr'><strong>περὶ</strong></span> <span class='ocrx_word' id='word_1_668' title='bbox 1807 1922 1837 1949; x_wconf 79' lang='grc' dir='ltr'><strong>τὸ</strong></span> <span class='ocrx_word' id='word_1_669' title='bbox 1850 1922 1911 1958; x_wconf 67' lang='grc' dir='ltr'><strong>πῦρ</strong></span> 
     </span>
    </p>
   </div>
   <div class='ocr_carea' id='block_1_85' title="bbox 1111 1968 1912 2006">
    <p class='ocr_par' dir='ltr' id='par_1_85' title="bbox 1111 1968 1912 2006">
     <span class='ocr_line' id='line_1_85' title="bbox 1111 1968 1912 2006; baseline 0 -10"><span class='ocrx_word' id='word_1_670' title='bbox 1111 1970 1218 2006; x_wconf 79' lang='grc' dir='ltr'><strong>κρυμὸς</strong></span> <span class='ocrx_word' id='word_1_671' title='bbox 1248 1970 1296 1996; x_wconf 77' lang='grc' dir='ltr'><strong>καὶ</strong></span> <span class='ocrx_word' id='word_1_672' title='bbox 1321 1969 1423 2001; x_wconf 82' lang='grc' dir='ltr'><strong>καῦσος</strong></span> <span class='ocrx_word' id='word_1_673' title='bbox 1439 1969 1609 2004; x_wconf 82' lang='grc' dir='ltr'><strong>καθορᾶται·</strong></span> <span class='ocrx_word' id='word_1_674' title='bbox 1633 1970 1705 2004; x_wconf 75' lang='grc' dir='ltr'><strong>φημὶ</strong></span> <span class='ocrx_word' id='word_1_675' title='bbox 1722 1968 1800 2003; x_wconf 63' lang='grc' dir='ltr'><strong>κάγώ</strong></span> <span class='ocrx_word' id='word_1_676' title='bbox 1811 1976 1817 1982; x_wconf 93' lang='grc'><strong>·</strong></span> <span class='ocrx_word' id='word_1_677' title='bbox 1834 1968 1912 1996; x_wconf 79' lang='grc' dir='ltr'><strong>Οὐδὲ</strong></span> 
     </span>
    </p>
   </div>
   <div class='ocr_carea' id='block_1_86' title="bbox 1110 2015 1913 2052">
    <p class='ocr_par' dir='ltr' id='par_1_86' title="bbox 1110 2015 1913 2052">
     <span class='ocr_line' id='line_1_86' title="bbox 1110 2015 1913 2052; baseline -0.001 -9"><span class='ocrx_word' id='word_1_678' title='bbox 1110 2017 1165 2052; x_wconf 83' lang='grc' dir='ltr'><strong>γὰρ</strong></span> <span class='ocrx_word' id='word_1_679' title='bbox 1182 2016 1212 2042; x_wconf 80' lang='grc' dir='ltr'><strong>τδ</strong></span> <span class='ocrx_word' id='word_1_680' title='bbox 1226 2016 1328 2043; x_wconf 78' lang='grc' dir='ltr'><strong>δίκαιον</strong></span> <span class='ocrx_word' id='word_1_681' title='bbox 1338 2015 1394 2042; x_wconf 81' lang='grc' dir='ltr'><strong>ἴσον</strong></span> <span class='ocrx_word' id='word_1_682' title='bbox 1404 2016 1451 2042; x_wconf 65' lang='grc' dir='ltr'><strong>καὶ</strong></span> <span class='ocrx_word' id='word_1_683' title='bbox 1465 2015 1567 2042; x_wconf 80' lang='grc' dir='ltr'><strong>ἄνισον·</strong></span> <span class='ocrx_word' id='word_1_684' title='bbox 1584 2015 1652 2042; x_wconf 86' lang='grc' dir='ltr'><strong>ἀλλά</strong></span> <span class='ocrx_word' id='word_1_685' title='bbox 1667 2015 1731 2050; x_wconf 73' lang='grc' dir='ltr'><strong>περὶ</strong></span> <span class='ocrx_word' id='word_1_686' title='bbox 1744 2015 1778 2041; x_wconf 88' lang='grc' dir='ltr'><strong>τά</strong></span> <span class='ocrx_word' id='word_1_687' title='bbox 1792 2015 1913 2043; x_wconf 79' lang='grc' dir='ltr'><strong>δεκτικὰ</strong></span> 
     </span>
    </p>
   </div>
   <div class='ocr_carea' id='block_1_87' title="bbox 1111 2061 1809 2097">
    <p class='ocr_par' dir='ltr' id='par_1_87' title="bbox 1111 2061 1809 2097">
     <span class='ocr_line' id='line_1_87' title="bbox 1111 2061 1809 2097; baseline -0.001 -8"><span class='ocrx_word' id='word_1_688' title='bbox 1111 2062 1286 2095; x_wconf 81' lang='grc' dir='ltr'><strong>δικαιοσύνης</strong></span> <span class='ocrx_word' id='word_1_689' title='bbox 1303 2062 1350 2089; x_wconf 75' lang='grc' dir='ltr'><strong>καὶ</strong></span> <span class='ocrx_word' id='word_1_690' title='bbox 1366 2062 1484 2094; x_wconf 77' lang='grc' dir='ltr'><strong>ἀδικίας,</strong></span> <span class='ocrx_word' id='word_1_691' title='bbox 1506 2061 1596 2096; x_wconf 78' lang='grc' dir='ltr'><strong>θλίψις</strong></span> <span class='ocrx_word' id='word_1_692' title='bbox 1614 2061 1662 2088; x_wconf 73' lang='grc' dir='ltr'><strong>καὶ</strong></span> <span class='ocrx_word' id='word_1_693' title='bbox 1680 2061 1809 2097; x_wconf 70' lang='grc' dir='ltr'><strong>θυμηδία.</strong></span> 
     </span>
    </p>
   </div>
   <div class='ocr_carea' id='block_1_88' title="bbox 1147 2106 1915 2144">
    <p class='ocr_par' dir='ltr' id='par_1_88' title="bbox 1147 2106 1915 2144">
     <span class='ocr_line' id='line_1_88' title="bbox 1147 2106 1915 2144; baseline -0.003 -9"><span class='ocrx_word' id='word_1_694' title='bbox 1147 2107 1195 2144; x_wconf 71' lang='grc' dir='ltr'><strong>ρξ’.</strong></span> <span class='ocrx_word' id='word_1_695' title='bbox 1217 2108 1325 2143; x_wconf 78' lang='grc' dir='ltr'><strong>Ἐπειδὴ</strong></span> <span class='ocrx_word' id='word_1_696' title='bbox 1347 2107 1374 2134; x_wconf 79' lang='grc' dir='ltr'><strong>δὲ</strong></span> <span class='ocrx_word' id='word_1_697' title='bbox 1406 2107 1566 2143; x_wconf 81' lang='grc' dir='ltr'><strong>εῐρηταιδτι</strong></span> <span class='ocrx_word' id='word_1_698' title='bbox 1590 2107 1606 2143; x_wconf 84' lang='grc' dir='ltr'><strong>ἡ</strong></span> <span class='ocrx_word' id='word_1_699' title='bbox 1624 2106 1724 2142; x_wconf 79' lang='grc' dir='ltr'><strong>θλίψις,</strong></span> <span class='ocrx_word' id='word_1_700' title='bbox 1745 2107 1803 2143; x_wconf 78' lang='grc' dir='ltr'><strong>ἦτοι</strong></span> <span class='ocrx_word' id='word_1_701' title='bbox 1818 2107 1915 2140; x_wconf 82' lang='grc' dir='ltr'><strong>πρόσ-</strong></span> 
     </span>
    </p>
   </div>
   <div class='ocr_carea' id='block_1_89' title="bbox 1109 2153 1914 2190">
    <p class='ocr_par' dir='ltr' id='par_1_89' title="bbox 1109 2153 1914 2190">
     <span class='ocr_line' id='line_1_89' title="bbox 1109 2153 1914 2190; baseline -0.002 -9"><span class='ocrx_word' id='word_1_702' title='bbox 1109 2161 1208 2189; x_wconf 79' lang='grc' dir='ltr'><strong>καιρος</strong></span> <span class='ocrx_word' id='word_1_703' title='bbox 1236 2154 1285 2181; x_wconf 81' lang='grc' dir='ltr'><strong>καὶ</strong></span> <span class='ocrx_word' id='word_1_704' title='bbox 1315 2153 1505 2189; x_wconf 82' lang='grc' dir='ltr'><strong>εὐφορωτάτη,</strong></span> <span class='ocrx_word' id='word_1_705' title='bbox 1524 2153 1583 2190; x_wconf 73' lang='grc' dir='ltr'><strong>ἦτοι</strong></span> <span class='ocrx_word' id='word_1_706' title='bbox 1605 2153 1716 2185; x_wconf 84' lang='grc' dir='ltr'><strong>αἰώνιος</strong></span> <span class='ocrx_word' id='word_1_707' title='bbox 1730 2153 1776 2180; x_wconf 80' lang='grc' dir='ltr'><strong>καὶ</strong></span> <span class='ocrx_word' id='word_1_708' title='bbox 1790 2154 1914 2188; x_wconf 80' lang='grc' dir='ltr'><strong>ἀφορω-</strong></span> 
     </span>
    </p>
   </div>
   <div class='ocr_carea' id='block_1_90' title="bbox 1108 2197 1915 2234">
    <p class='ocr_par' dir='ltr' id='par_1_90' title="bbox 1108 2197 1915 2234">
     <span class='ocr_line' id='line_1_90' title="bbox 1108 2197 1915 2234; baseline -0.002 -9"><span class='ocrx_word' id='word_1_709' title='bbox 1108 2199 1197 2234; x_wconf 73' lang='grc' dir='ltr'><strong>τάτηο</strong></span> <span class='ocrx_word' id='word_1_710' title='bbox 1216 2200 1264 2225; x_wconf 75' lang='grc' dir='ltr'><strong>καὶ</strong></span> <span class='ocrx_word' id='word_1_711' title='bbox 1285 2199 1301 2233; x_wconf 79' lang='grc' dir='ltr'>ἡ</span> <span class='ocrx_word' id='word_1_712' title='bbox 1320 2197 1486 2233; x_wconf 73' lang='grc' dir='ltr'><strong>εὐφροσύνη,</strong></span> <span class='ocrx_word' id='word_1_713' title='bbox 1507 2198 1568 2232; x_wconf 74' lang='grc' dir='ltr'><strong>ἦτοι</strong></span> <span class='ocrx_word' id='word_1_714' title='bbox 1586 2198 1757 2233; x_wconf 84' lang='grc' dir='ltr'><strong>πρόσκαιρος</strong></span> <span class='ocrx_word' id='word_1_715' title='bbox 1771 2198 1818 2223; x_wconf 76' lang='grc' dir='ltr'><strong>καὶ</strong></span> <span class='ocrx_word' id='word_1_716' title='bbox 1836 2197 1915 2232; x_wconf 79' lang='grc' dir='ltr'><strong>βρα-</strong></span> 
     </span>
    </p>
   </div>
   <div class='ocr_carea' id='block_1_91' title="bbox 1109 2243 1914 2280">
    <p class='ocr_par' dir='ltr' id='par_1_91' title="bbox 1109 2243 1914 2280">
     <span class='ocr_line' id='line_1_91' title="bbox 1109 2243 1914 2280; baseline -0.002 -9"><span class='ocrx_word' id='word_1_717' title='bbox 1109 2244 1257 2280; x_wconf 80' lang='grc' dir='ltr'><strong>χυτερπὴς,</strong></span> <span class='ocrx_word' id='word_1_718' title='bbox 1272 2244 1331 2279; x_wconf 79' lang='grc' dir='ltr'><strong>ἦτοι</strong></span> <span class='ocrx_word' id='word_1_719' title='bbox 1348 2243 1458 2276; x_wconf 79' lang='grc' dir='ltr'><strong>αἰώνιος</strong></span> <span class='ocrx_word' id='word_1_720' title='bbox 1479 2243 1527 2271; x_wconf 77' lang='grc' dir='ltr'><strong>καὶ</strong></span> <span class='ocrx_word' id='word_1_721' title='bbox 1551 2243 1760 2279; x_wconf 80' lang='grc' dir='ltr'><strong>μεγαλοτερπής</strong></span> <span class='ocrx_word' id='word_1_722' title='bbox 1773 2251 1780 2258; x_wconf 73' lang='grc' dir='ltr'><strong>ν</strong></span> <span class='ocrx_word' id='word_1_723' title='bbox 1792 2244 1806 2269; x_wconf 82' lang='grc' dir='ltr'>ὁ</span> <span class='ocrx_word' id='word_1_724' title='bbox 1820 2243 1914 2277; x_wconf 80' lang='grc' dir='ltr'><strong>φιλό-</strong></span> 
     </span>
    </p>
   </div>
   <div class='ocr_carea' id='block_1_92' title="bbox 264 2277 1056 2329">
    <p class='ocr_par' dir='ltr' id='par_1_92' title="bbox 264 2277 1056 2321">
     <span class='ocr_line' id='line_1_92' title="bbox 264 2277 1056 2321; baseline 0.015 -18"><span class='ocrx_word' id='word_1_725' title='bbox 264 2277 418 2309; x_wconf 74' lang='grc' dir='ltr'><strong>,ιιιιίηιιπιηη</strong></span> <span class='ocrx_word' id='word_1_726' title='bbox 436 2284 592 2307; x_wconf 88' lang='lat' dir='ltr'><strong>nostrarum</strong></span> <span class='ocrx_word' id='word_1_727' title='bbox 619 2286 724 2310; x_wconf 84' lang='lat' dir='ltr'><strong>amator</strong></span> <span class='ocrx_word' id='word_1_728' title='bbox 751 2283 893 2318; x_wconf 85' lang='lat' dir='ltr'><strong>Dominus,</strong></span> <span class='ocrx_word' id='word_1_729' title='bbox 911 2285 990 2321; x_wconf 88' lang='lat' dir='ltr'><strong>cujus</strong></span> <span class='ocrx_word' id='word_1_730' title='bbox 1009 2287 1056 2315; x_wconf 92' lang='lat' dir='ltr'><strong>be-</strong></span> 
     </span>
    </p>
   </div>
   <div class='ocr_carea' id='block_1_93' title="bbox 1108 2277 1915 2329">
    <p class='ocr_par' dir='ltr' id='par_1_93' title="bbox 1108 2277 1915 2326">
     <span class='ocr_line' id='line_1_93' title="bbox 1108 2277 1915 2326; baseline -0.004 -9"><span class='ocrx_word' id='word_1_731' title='bbox 1108 2277 1194 2326; x_wconf 67' lang='grc' dir='ltr'><strong>ψυχας</strong></span> <span class='ocrx_word' id='word_1_732' title='bbox 1220 2277 1333 2325; x_wconf 47' lang='lat' dir='ltr'><strong>Impias,</strong></span> <span class='ocrx_word' id='word_1_733' title='bbox 1357 2289 1405 2316; x_wconf 77' lang='grc' dir='ltr'><strong>καὶ</strong></span> <span class='ocrx_word' id='word_1_734' title='bbox 1431 2286 1462 2316; x_wconf 76' lang='grc' dir='ltr'><strong>οῦ</strong></span> <span class='ocrx_word' id='word_1_735' title='bbox 1487 2289 1516 2317; x_wconf 85' lang='grc' dir='ltr'><strong>αί</strong></span> <span class='ocrx_word' id='word_1_736' title='bbox 1546 2277 1647 2324; x_wconf 72' lang='grc' dir='ltr'><strong>δωρεαὶ</strong></span> <span class='ocrx_word' id='word_1_737' title='bbox 1670 2277 1820 2325; x_wconf 63' lang='grc' dir='ltr'><strong>ἀπόρρητοι</strong></span> <span class='ocrx_word' id='word_1_738' title='bbox 1860 2289 1915 2315; x_wconf 79' lang='grc' dir='ltr'><strong>καὶ</strong></span> 
     </span>
    </p>
   </div>
   <div class='ocr_carea' id='block_1_94' title="bbox 263 2322 1056 2367">
    <p class='ocr_par' dir='ltr' id='par_1_94' title="bbox 263 2322 1056 2367">
     <span class='ocr_line' id='line_1_94' title="bbox 263 2322 1056 2367; baseline 0.016 -19"><span class='ocrx_word' id='word_1_739' title='bbox 263 2322 360 2354; x_wconf 83' lang='lat' dir='ltr'><strong>neﬁcia</strong></span> <span class='ocrx_word' id='word_1_740' title='bbox 375 2331 474 2351; x_wconf 86' lang='lat' dir='ltr'><strong>arcana</strong></span> <span class='ocrx_word' id='word_1_741' title='bbox 498 2330 563 2352; x_wconf 80' lang='lat' dir='ltr'><strong>sunt</strong></span> <span class='ocrx_word' id='word_1_742' title='bbox 577 2331 604 2353; x_wconf 87' lang='lat' dir='ltr'><strong>et</strong></span> <span class='ocrx_word' id='word_1_743' title='bbox 620 2333 760 2362; x_wconf 73' lang='lat' dir='ltr'><strong>perpetrm,</strong></span> <span class='ocrx_word' id='word_1_744' title='bbox 776 2330 929 2358; x_wconf 85' lang='lat' dir='ltr'><strong>alternatim</strong></span> <span class='ocrx_word' id='word_1_745' title='bbox 944 2340 993 2367; x_wconf 89' lang='lat' dir='ltr'><strong>pro</strong></span> <span class='ocrx_word' id='word_1_746' title='bbox 1007 2341 1056 2361; x_wconf 87' lang='lat' dir='ltr'><strong>sua</strong></span> 
     </span>
    </p>
   </div>
   <div class='ocr_carea' id='block_1_95' title="bbox 264 2368 1056 2413">
    <p class='ocr_par' dir='ltr' id='par_1_95' title="bbox 264 2368 1056 2413">
     <span class='ocr_line' id='line_1_95' title="bbox 264 2368 1056 2413; baseline 0.018 -20"><span class='ocrx_word' id='word_1_747' title='bbox 264 2368 397 2403; x_wconf 77' lang='lat' dir='ltr'><strong>sapientia</strong></span> <span class='ocrx_word' id='word_1_748' title='bbox 422 2369 529 2404; x_wconf 75' lang='lat' dir='ltr'><strong>singula</strong></span> <span class='ocrx_word' id='word_1_749' title='bbox 551 2371 686 2406; x_wconf 67' lang='lat' dir='ltr'><strong>praebens,</strong></span> <span class='ocrx_word' id='word_1_750' title='bbox 709 2380 759 2409; x_wconf 86' lang='lat' dir='ltr'><strong>pro</strong></span> <span class='ocrx_word' id='word_1_751' title='bbox 782 2377 925 2411; x_wconf 87' lang='lat' dir='ltr'><strong>temporali</strong></span> <span class='ocrx_word' id='word_1_752' title='bbox 947 2378 1056 2413; x_wconf 79' lang='lat' dir='ltr'><strong>quidem</strong></span> 
     </span>
    </p>
   </div>
   <div class='ocr_carea' id='block_1_96' title="bbox 265 2415 1055 2457">
    <p class='ocr_par' dir='ltr' id='par_1_96' title="bbox 265 2415 1055 2457">
     <span class='ocr_line' id='line_1_96' title="bbox 265 2415 1055 2457; baseline 0.015 -17"><span class='ocrx_word' id='word_1_753' title='bbox 265 2415 366 2451; x_wconf 74' lang='lat' dir='ltr'><strong>gaudio</strong></span> <span class='ocrx_word' id='word_1_754' title='bbox 393 2419 526 2444; x_wconf 76' lang='lat' dir='ltr'><strong>aeternum</strong></span> <span class='ocrx_word' id='word_1_755' title='bbox 547 2418 690 2453; x_wconf 85' lang='lat' dir='ltr'><strong>dolorem,</strong></span> <span class='ocrx_word' id='word_1_756' title='bbox 715 2428 765 2456; x_wconf 89' lang='lat' dir='ltr'><strong>pro</strong></span> <span class='ocrx_word' id='word_1_757' title='bbox 790 2423 935 2457; x_wconf 88' lang='lat' dir='ltr'><strong>temporali</strong></span> <span class='ocrx_word' id='word_1_758' title='bbox 964 2428 1055 2451; x_wconf 88' lang='lat' dir='ltr'><strong>autem</strong></span> 
     </span>
    </p>
   </div>
   <div class='ocr_carea' id='block_1_97' title="bbox 263 2461 1055 2504">
    <p class='ocr_par' dir='ltr' id='par_1_97' title="bbox 263 2461 1055 2504">
     <span class='ocr_line' id='line_1_97' title="bbox 263 2461 1055 2504; baseline 0.013 -16"><span class='ocrx_word' id='word_1_759' title='bbox 263 2461 357 2490; x_wconf 83' lang='lat' dir='ltr'><strong>dolore</strong></span> <span class='ocrx_word' id='word_1_760' title='bbox 374 2467 505 2490; x_wconf 81' lang='lat' dir='ltr'><strong>aeternum</strong></span> <span class='ocrx_word' id='word_1_761' title='bbox 523 2465 664 2499; x_wconf 69' lang='lat' dir='ltr'><strong>gaudium,</strong></span> <span class='ocrx_word' id='word_1_762' title='bbox 680 2468 822 2502; x_wconf 86' lang='lat' dir='ltr'><strong>deceptum</strong></span> <span class='ocrx_word' id='word_1_763' title='bbox 840 2470 1055 2504; x_wconf 81' lang='lat' dir='ltr'><strong>voluptateAda-</strong></span> 
     </span>
    </p>
   </div>
   <div class='ocr_carea' id='block_1_98' title="bbox 264 2509 1053 2549">
    <p class='ocr_par' dir='ltr' id='par_1_98' title="bbox 264 2509 1053 2549">
     <span class='ocr_line' id='line_1_98' title="bbox 264 2509 1053 2549; baseline 0.014 -16"><span class='ocrx_word' id='word_1_764' title='bbox 264 2515 338 2536; x_wconf 91' lang='lat' dir='ltr'><strong>mum</strong></span> <span class='ocrx_word' id='word_1_765' title='bbox 355 2515 409 2535; x_wconf 92' lang='lat' dir='ltr'><strong>non</strong></span> <span class='ocrx_word' id='word_1_766' title='bbox 424 2509 554 2540; x_wconf 84' lang='lat' dir='ltr'><strong>dubitavit</strong></span> <span class='ocrx_word' id='word_1_767' title='bbox 577 2518 592 2539; x_wconf 89' lang='lat' dir='ltr'><strong>a</strong></span> <span class='ocrx_word' id='word_1_768' title='bbox 615 2513 715 2547; x_wconf 74' lang='lat' dir='ltr'><strong>gaudio</strong></span> <span class='ocrx_word' id='word_1_769' title='bbox 727 2514 752 2541; x_wconf 91' lang='lat' dir='ltr'><strong>in</strong></span> <span class='ocrx_word' id='word_1_770' title='bbox 769 2516 895 2549; x_wconf 82' lang='lat' dir='ltr'><strong>gaudium</strong></span> <span class='ocrx_word' id='word_1_771' title='bbox 909 2517 1053 2549; x_wconf 84' lang='lat' dir='ltr'><strong>deducere;</strong></span> 
     </span>
    </p>
   </div>
   <div class='ocr_carea' id='block_1_99' title="bbox 263 2554 1053 2594">
    <p class='ocr_par' dir='ltr' id='par_1_99' title="bbox 263 2554 1053 2594">
     <span class='ocr_line' id='line_1_99' title="bbox 263 2554 1053 2594; baseline 0.013 -14"><span class='ocrx_word' id='word_1_772' title='bbox 263 2557 290 2581; x_wconf 89' lang='lat' dir='ltr'><strong>et</strong></span> <span class='ocrx_word' id='word_1_773' title='bbox 310 2561 326 2581; x_wconf 88' lang='lat' dir='ltr'><strong>a</strong></span> <span class='ocrx_word' id='word_1_774' title='bbox 349 2554 442 2583; x_wconf 84' lang='lat' dir='ltr'><strong>dolore</strong></span> <span class='ocrx_word' id='word_1_775' title='bbox 469 2556 496 2584; x_wconf 91' lang='lat' dir='ltr'><strong>in</strong></span> <span class='ocrx_word' id='word_1_776' title='bbox 523 2556 644 2585; x_wconf 83' lang='lat' dir='ltr'><strong>dolorem</strong></span> <span class='ocrx_word' id='word_1_777' title='bbox 673 2560 824 2594; x_wconf 83' lang='lat' dir='ltr'><strong>propellere</strong></span> <span class='ocrx_word' id='word_1_778' title='bbox 841 2561 966 2589; x_wconf 86' lang='lat' dir='ltr'><strong>Cainum.</strong></span> <span class='ocrx_word' id='word_1_779' title='bbox 997 2562 1053 2590; x_wconf 84' lang='lat' dir='ltr'><strong>lloc</strong></span> 
     </span>
    </p>
   </div>
   <div class='ocr_carea' id='block_1_100' title="bbox 263 2600 1052 2641">
    <p class='ocr_par' dir='ltr' id='par_1_100' title="bbox 263 2600 1052 2641">
     <span class='ocr_line' id='line_1_100' title="bbox 263 2600 1052 2641; baseline 0.01 -15"><span class='ocrx_word' id='word_1_780' title='bbox 263 2603 314 2632; x_wconf 86' lang='lat' dir='ltr'><strong>est,</strong></span> <span class='ocrx_word' id='word_1_781' title='bbox 329 2600 401 2634; x_wconf 88' lang='lat' dir='ltr'><strong>quod</strong></span> <span class='ocrx_word' id='word_1_782' title='bbox 417 2600 542 2630; x_wconf 79' lang='lat' dir='ltr'><strong>barbaris</strong></span> <span class='ocrx_word' id='word_1_783' title='bbox 562 2605 767 2638; x_wconf 80' lang='lat' dir='ltr'><strong>perplexitatem</strong></span> <span class='ocrx_word' id='word_1_784' title='bbox 794 2611 878 2639; x_wconf 85' lang='lat' dir='ltr'><strong>creat,</strong></span> <span class='ocrx_word' id='word_1_785' title='bbox 896 2613 1052 2641; x_wconf 86' lang='lat' dir='ltr'><strong>propterea.-</strong></span> 
     </span>
    </p>
   </div>
   <div class='ocr_carea' id='block_1_101' title="bbox 264 2645 1053 2687">
    <p class='ocr_par' dir='ltr' id='par_1_101' title="bbox 264 2645 1053 2687">
     <span class='ocr_line' id='line_1_101' title="bbox 264 2645 1053 2687; baseline 0.011 -16"><span class='ocrx_word' id='word_1_786' title='bbox 264 2652 317 2680; x_wconf 87' lang='lat' dir='ltr'><strong>que</strong></span> <span class='ocrx_word' id='word_1_787' title='bbox 334 2645 368 2672; x_wconf 89' lang='lat' dir='ltr'><strong>ad</strong></span> <span class='ocrx_word' id='word_1_788' title='bbox 393 2646 552 2681; x_wconf 84' lang='lat' dir='ltr'><strong>insipienter</strong></span> <span class='ocrx_word' id='word_1_789' title='bbox 577 2649 744 2684; x_wconf 82' lang='lat' dir='ltr'><strong>loquendum</strong></span> <span class='ocrx_word' id='word_1_790' title='bbox 764 2651 889 2687; x_wconf 86' lang='lat' dir='ltr'><strong>impellit.</strong></span> <span class='ocrx_word' id='word_1_791' title='bbox 907 2653 964 2687; x_wconf 78' lang='lat' dir='ltr'><strong>Age</strong></span> <span class='ocrx_word' id='word_1_792' title='bbox 989 2661 1053 2682; x_wconf 77' lang='lat' dir='ltr'><strong>vero</strong></span> 
     </span>
    </p>
   </div>
   <div class='ocr_carea' id='block_1_102' title="bbox 263 2692 1052 2732">
    <p class='ocr_par' dir='ltr' id='par_1_102' title="bbox 263 2692 1052 2732">
     <span class='ocr_line' id='line_1_102' title="bbox 263 2692 1052 2732; baseline 0.013 -14"><span class='ocrx_word' id='word_1_793' title='bbox 263 2692 334 2726; x_wconf 86' lang='lat' dir='ltr'><strong>quod</strong></span> <span class='ocrx_word' id='word_1_794' title='bbox 347 2692 495 2721; x_wconf 83' lang='lat' dir='ltr'><strong>Christiani</strong></span> <span class='ocrx_word' id='word_1_795' title='bbox 510 2695 564 2722; x_wconf 80' lang='lat' dir='ltr'><strong>sint</strong></span> <span class='ocrx_word' id='word_1_796' title='bbox 579 2696 709 2730; x_wconf 74' lang='lat' dir='ltr'><strong>religiosi,</strong></span> <span class='ocrx_word' id='word_1_797' title='bbox 723 2705 895 2732; x_wconf 88' lang='lat' dir='ltr'><strong>nequaquam</strong></span> <span class='ocrx_word' id='word_1_798' title='bbox 917 2706 932 2726; x_wconf 92' lang='lat' dir='ltr'><strong>a</strong></span> <span class='ocrx_word' id='word_1_799' title='bbox 952 2699 1052 2727; x_wconf 87' lang='lat' dir='ltr'><strong>barba-</strong></span> 
     </span>
    </p>
   </div>
   <div class='ocr_carea' id='block_1_103' title="bbox 264 2739 1051 2775">
    <p class='ocr_par' dir='ltr' id='par_1_103' title="bbox 264 2739 1051 2775">
     <span class='ocr_line' id='line_1_103' title="bbox 264 2739 1051 2775; baseline 0.011 -10"><span class='ocrx_word' id='word_1_800' title='bbox 264 2739 301 2766; x_wconf 88' lang='lat' dir='ltr'><strong>ris</strong></span> <span class='ocrx_word' id='word_1_801' title='bbox 317 2739 478 2767; x_wconf 84' lang='lat' dir='ltr'><strong>discendum</strong></span> <span class='ocrx_word' id='word_1_802' title='bbox 494 2746 552 2768; x_wconf 75' lang='lat' dir='ltr'><strong>est:</strong></span> <span class='ocrx_word' id='word_1_803' title='bbox 568 2743 711 2770; x_wconf 83' lang='lat' dir='ltr'><strong>mendaces</strong></span> <span class='ocrx_word' id='word_1_804' title='bbox 726 2744 799 2771; x_wconf 88' lang='lat' dir='ltr'><strong>enim</strong></span> <span class='ocrx_word' id='word_1_805' title='bbox 822 2744 868 2771; x_wconf 88' lang='lat' dir='ltr'><strong>lilii</strong></span> <span class='ocrx_word' id='word_1_806' title='bbox 893 2746 1051 2775; x_wconf 89' lang='lat' dir='ltr'><strong>hominum:</strong></span> 
     </span>
    </p>
   </div>
   <div class='ocr_carea' id='block_1_104' title="bbox 262 2786 1055 2821">
    <p class='ocr_par' dir='ltr' id='par_1_104' title="bbox 262 2786 1055 2821">
     <span class='ocr_line' id='line_1_104' title="bbox 262 2786 1055 2821; baseline 0.014 -10"><span class='ocrx_word' id='word_1_807' title='bbox 262 2789 290 2812; x_wconf 79' lang='lat' dir='ltr'><strong>et</strong></span> <span class='ocrx_word' id='word_1_808' title='bbox 317 2786 407 2813; x_wconf 91' lang='lat' dir='ltr'><strong>omnis</strong></span> <span class='ocrx_word' id='word_1_809' title='bbox 426 2786 510 2814; x_wconf 81' lang='lat' dir='ltr'><strong>homo</strong></span> <span class='ocrx_word' id='word_1_810' title='bbox 532 2788 669 2815; x_wconf 76' lang='lat' dir='ltr'><strong>mendax:</strong></span> <span class='ocrx_word' id='word_1_811' title='bbox 690 2790 737 2817; x_wconf 86' lang='lat' dir='ltr'><strong>sed</strong></span> <span class='ocrx_word' id='word_1_812' title='bbox 761 2791 795 2817; x_wconf 89' lang='lat' dir='ltr'><strong>ab</strong></span> <span class='ocrx_word' id='word_1_813' title='bbox 819 2791 911 2819; x_wconf 81' lang='lat' dir='ltr'><strong>innata</strong></span> <span class='ocrx_word' id='word_1_814' title='bbox 938 2793 1055 2821; x_wconf 83' lang='lat' dir='ltr'><strong>veritate</strong></span> 
     </span>
    </p>
   </div>
   <div class='ocr_carea' id='block_1_105' title="bbox 264 2831 1055 2874">
    <p class='ocr_par' dir='ltr' id='par_1_105' title="bbox 264 2831 1055 2874">
     <span class='ocr_line' id='line_1_105' title="bbox 264 2831 1055 2874; baseline 0.015 -17"><span class='ocrx_word' id='word_1_815' title='bbox 264 2831 310 2865; x_wconf 82' lang='lat' dir='ltr'><strong>qui</strong></span> <span class='ocrx_word' id='word_1_816' title='bbox 326 2835 369 2858; x_wconf 80' lang='lat' dir='ltr'><strong>est</strong></span> <span class='ocrx_word' id='word_1_817' title='bbox 386 2831 526 2866; x_wconf 67' lang='lat' dir='ltr'><strong>Christus,</strong></span> <span class='ocrx_word' id='word_1_818' title='bbox 542 2838 568 2861; x_wconf 83' lang='lat' dir='ltr'><strong>et</strong></span> <span class='ocrx_word' id='word_1_819' title='bbox 590 2842 604 2862; x_wconf 88' lang='lat' dir='ltr'><strong>a</strong></span> <span class='ocrx_word' id='word_1_820' title='bbox 629 2835 733 2870; x_wconf 86' lang='lat' dir='ltr'><strong>Spiritu</strong></span> <span class='ocrx_word' id='word_1_821' title='bbox 749 2838 869 2865; x_wconf 73' lang='lat' dir='ltr'><strong>veritatis</strong></span> <span class='ocrx_word' id='word_1_822' title='bbox 884 2840 929 2874; x_wconf 89' lang='lat' dir='ltr'><strong>qui</strong></span> <span class='ocrx_word' id='word_1_823' title='bbox 944 2848 959 2867; x_wconf 89' lang='lat' dir='ltr'><strong>a</strong></span> <span class='ocrx_word' id='word_1_824' title='bbox 976 2841 1055 2869; x_wconf 81' lang='lat' dir='ltr'><strong>Patre</strong></span> 
     </span>
    </p>
   </div>
   <div class='ocr_carea' id='block_1_106' title="bbox 263 2877 1053 2922">
    <p class='ocr_par' dir='ltr' id='par_1_106' title="bbox 263 2877 1053 2922">
     <span class='ocr_line' id='line_1_106' title="bbox 263 2877 1053 2922; baseline 0.019 -21"><span class='ocrx_word' id='word_1_825' title='bbox 263 2877 397 2922; x_wconf 77' lang='lat' dir='ltr'><strong>procedit.</strong></span> <span class='ocrx_word' id='word_1_826' title='bbox 414 2878 515 2912; x_wconf 90' lang='lat' dir='ltr'><strong>quique</strong></span> <span class='ocrx_word' id='word_1_827' title='bbox 532 2881 583 2908; x_wconf 91' lang='lat' dir='ltr'><strong>sub</strong></span> <span class='ocrx_word' id='word_1_828' title='bbox 601 2882 659 2917; x_wconf 74' lang='lat' dir='ltr'><strong>lege</strong></span> <span class='ocrx_word' id='word_1_829' title='bbox 674 2884 821 2918; x_wconf 86' lang='lat' dir='ltr'><strong>prophetas</strong></span> <span class='ocrx_word' id='word_1_830' title='bbox 846 2887 1053 2922; x_wconf 86' lang='lat' dir='ltr'><strong>alloquebatur;</strong></span> 
     </span>
    </p>
   </div>
   <div class='ocr_carea' id='block_1_107' title="bbox 267 2919 1055 2968">
    <p class='ocr_par' dir='ltr' id='par_1_107' title="bbox 267 2919 1055 2968">
     <span class='ocr_line' id='line_1_107' title="bbox 267 2919 1055 2968; baseline 0.023 -24"><span class='ocrx_word' id='word_1_831' title='bbox 267 2921 293 2944; x_wconf 79' lang='lat' dir='ltr'><strong>et</strong></span> <span class='ocrx_word' id='word_1_832' title='bbox 310 2919 344 2947; x_wconf 86' lang='lat' dir='ltr'><strong>ab</strong></span> <span class='ocrx_word' id='word_1_833' title='bbox 367 2921 427 2954; x_wconf 85' lang='lat' dir='ltr'><strong>ipsa</strong></span> <span class='ocrx_word' id='word_1_834' title='bbox 451 2922 569 2959; x_wconf 87' lang='lat' dir='ltr'><strong>denique</strong></span> <span class='ocrx_word' id='word_1_835' title='bbox 596 2926 754 2960; x_wconf 85' lang='lat' dir='ltr'><strong>perficiente</strong></span> <span class='ocrx_word' id='word_1_836' title='bbox 778 2938 830 2959; x_wconf 88' lang='lat' dir='ltr'><strong>nos</strong></span> <span class='ocrx_word' id='word_1_837' title='bbox 854 2919 950 2966; x_wconf 81' lang='lat' dir='ltr'><strong>gratia.</strong></span> <span class='ocrx_word' id='word_1_838' title='bbox 977 2919 1055 2968; x_wconf 81' lang='lat' dir='ltr'><strong>Quod</strong></span> 
     </span>
    </p>
   </div>
   <div class='ocr_carea' id='block_1_108' title="bbox 1109 2335 1915 2371">
    <p class='ocr_par' dir='ltr' id='par_1_108' title="bbox 1109 2335 1915 2371">
     <span class='ocr_line' id='line_1_108' title="bbox 1109 2335 1915 2371; baseline -0.005 -7"><span class='ocrx_word' id='word_1_839' title='bbox 1109 2337 1199 2369; x_wconf 71' lang='grc' dir='ltr'><strong>ἀΐδιοι,</strong></span> <span class='ocrx_word' id='word_1_840' title='bbox 1212 2336 1327 2369; x_wconf 77' lang='grc' dir='ltr'><strong>ἐναλλὰξ</strong></span> <span class='ocrx_word' id='word_1_841' title='bbox 1340 2337 1368 2362; x_wconf 82' lang='grc' dir='ltr'><strong>ὲν</strong></span> <span class='ocrx_word' id='word_1_842' title='bbox 1387 2336 1469 2371; x_wconf 81' lang='grc' dir='ltr'><strong>σοφίᾳ</strong></span> <span class='ocrx_word' id='word_1_843' title='bbox 1479 2335 1564 2367; x_wconf 78' lang='grc' dir='ltr'><strong>τιθεὶς</strong></span> <span class='ocrx_word' id='word_1_844' title='bbox 1579 2335 1683 2362; x_wconf 73' lang='grc' dir='ltr'><strong>ἕκαστα</strong></span> <span class='ocrx_word' id='word_1_845' title='bbox 1697 2335 1811 2367; x_wconf 83' lang='grc' dir='ltr'><strong>τούτων,</strong></span> <span class='ocrx_word' id='word_1_846' title='bbox 1826 2335 1915 2370; x_wconf 80' lang='grc' dir='ltr'><strong>παρά</strong></span> 
     </span>
    </p>
   </div>
   <div class='ocr_carea' id='block_1_109' title="bbox 1109 2380 1912 2418">
    <p class='ocr_par' dir='ltr' id='par_1_109' title="bbox 1109 2380 1912 2418">
     <span class='ocr_line' id='line_1_109' title="bbox 1109 2380 1912 2418; baseline -0.002 -10"><span class='ocrx_word' id='word_1_847' title='bbox 1109 2382 1160 2417; x_wconf 80' lang='grc' dir='ltr'><strong>μὲν</strong></span> <span class='ocrx_word' id='word_1_848' title='bbox 1179 2382 1229 2418; x_wconf 85' lang='grc' dir='ltr'><strong>τὴν</strong></span> <span class='ocrx_word' id='word_1_849' title='bbox 1250 2381 1418 2416; x_wconf 79' lang='grc' dir='ltr'><strong>πρόσκαιρον</strong></span> <span class='ocrx_word' id='word_1_850' title='bbox 1450 2381 1552 2416; x_wconf 78' lang='grc' dir='ltr'><strong>χαρὰν,</strong></span> <span class='ocrx_word' id='word_1_851' title='bbox 1581 2380 1631 2416; x_wconf 87' lang='grc' dir='ltr'><strong>τὴν</strong></span> <span class='ocrx_word' id='word_1_852' title='bbox 1656 2380 1764 2408; x_wconf 78' lang='grc' dir='ltr'><strong>αιίώνιον</strong></span> <span class='ocrx_word' id='word_1_853' title='bbox 1791 2380 1912 2415; x_wconf 72' lang='grc' dir='ltr'><strong>θλίψινο</strong></span> 
     </span>
    </p>
   </div>
   <div class='ocr_carea' id='block_1_110' title="bbox 1107 2426 1913 2464">
    <p class='ocr_par' dir='ltr' id='par_1_110' title="bbox 1107 2426 1913 2464">
     <span class='ocr_line' id='line_1_110' title="bbox 1107 2426 1913 2464; baseline -0.007 -8"><span class='ocrx_word' id='word_1_854' title='bbox 1107 2428 1184 2463; x_wconf 73' lang='grc' dir='ltr'><strong>παρὰ</strong></span> <span class='ocrx_word' id='word_1_855' title='bbox 1198 2428 1227 2455; x_wconf 77' lang='grc' dir='ltr'><strong>δὲ</strong></span> <span class='ocrx_word' id='word_1_856' title='bbox 1239 2427 1287 2464; x_wconf 85' lang='grc' dir='ltr'><strong>τὴν</strong></span> <span class='ocrx_word' id='word_1_857' title='bbox 1311 2427 1480 2462; x_wconf 75' lang='grc' dir='ltr'><strong>πρόσκαιρον</strong></span> <span class='ocrx_word' id='word_1_858' title='bbox 1492 2426 1593 2462; x_wconf 83' lang='grc' dir='ltr'><strong>θλίψιν,</strong></span> <span class='ocrx_word' id='word_1_859' title='bbox 1610 2427 1660 2462; x_wconf 85' lang='grc' dir='ltr'><strong>τὴν</strong></span> <span class='ocrx_word' id='word_1_860' title='bbox 1672 2426 1781 2454; x_wconf 82' lang='grc' dir='ltr'><strong>αἰώνιον</strong></span> <span class='ocrx_word' id='word_1_861' title='bbox 1798 2426 1913 2462; x_wconf 76' lang='grc' dir='ltr'><strong>εὐφρο-</strong></span> 
     </span>
    </p>
   </div>
   <div class='ocr_carea' id='block_1_111' title="bbox 1109 2473 1915 2510">
    <p class='ocr_par' dir='ltr' id='par_1_111' title="bbox 1109 2473 1915 2510">
     <span class='ocr_line' id='line_1_111' title="bbox 1109 2473 1915 2510; baseline -0.004 -8"><span class='ocrx_word' id='word_1_862' title='bbox 1109 2474 1193 2510; x_wconf 77' lang='grc' dir='ltr'><strong>σύνην</strong></span> <span class='ocrx_word' id='word_1_863' title='bbox 1206 2483 1213 2491; x_wconf 87' lang='grc'>·</span> <span class='ocrx_word' id='word_1_864' title='bbox 1227 2474 1271 2502; x_wconf 74' lang='grc' dir='ltr'><strong>διὰ</strong></span> <span class='ocrx_word' id='word_1_865' title='bbox 1285 2474 1337 2510; x_wconf 79' lang='grc' dir='ltr'><strong>τὴν</strong></span> <span class='ocrx_word' id='word_1_866' title='bbox 1350 2474 1533 2508; x_wconf 81' lang='grc' dir='ltr'><strong>ἀπατήσασαν</strong></span> <span class='ocrx_word' id='word_1_867' title='bbox 1560 2474 1607 2503; x_wconf 79' lang='grc' dir='ltr'><strong>τδν</strong></span> <span class='ocrx_word' id='word_1_868' title='bbox 1623 2474 1710 2508; x_wconf 77' lang='grc' dir='ltr'><strong>’Λδὰμ</strong></span> <span class='ocrx_word' id='word_1_869' title='bbox 1734 2473 1834 2507; x_wconf 80' lang='grc' dir='ltr'><strong>ἡδονὴν</strong></span> <span class='ocrx_word' id='word_1_870' title='bbox 1857 2474 1915 2500; x_wconf 70' lang='grc' dir='ltr'><strong>οὐκ</strong></span> 
     </span>
    </p>
   </div>
   <div class='ocr_carea' id='block_1_112' title="bbox 1108 2519 1916 2556">
    <p class='ocr_par' dir='ltr' id='par_1_112' title="bbox 1108 2519 1916 2556">
     <span class='ocr_line' id='line_1_112' title="bbox 1108 2519 1916 2556; baseline -0.001 -9"><span class='ocrx_word' id='word_1_871' title='bbox 1108 2522 1242 2556; x_wconf 70' lang='grc' dir='ltr'><strong>ἠπόρησε,</strong></span> <span class='ocrx_word' id='word_1_872' title='bbox 1262 2520 1311 2547; x_wconf 76' lang='grc' dir='ltr'><strong>καὶ</strong></span> <span class='ocrx_word' id='word_1_873' title='bbox 1339 2519 1373 2547; x_wconf 82' lang='grc' dir='ltr'><strong>δι’</strong></span> <span class='ocrx_word' id='word_1_874' title='bbox 1389 2520 1557 2555; x_wconf 80' lang='grc' dir='ltr'><strong>εὐφροσύνης</strong></span> <span class='ocrx_word' id='word_1_875' title='bbox 1581 2521 1621 2551; x_wconf 87' lang='grc' dir='ltr'><strong>είς</strong></span> <span class='ocrx_word' id='word_1_876' title='bbox 1644 2519 1813 2555; x_wconf 77' lang='grc' dir='ltr'><strong>εὐφροσύνην</strong></span> <span class='ocrx_word' id='word_1_877' title='bbox 1845 2520 1916 2547; x_wconf 80' lang='grc' dir='ltr'><strong>ποδ-</strong></span> 
     </span>
    </p>
   </div>
   <div class='ocr_carea' id='block_1_113' title="bbox 1107 2566 1915 2602">
    <p class='ocr_par' dir='ltr' id='par_1_113' title="bbox 1107 2566 1915 2602">
     <span class='ocr_line' id='line_1_113' title="bbox 1107 2566 1915 2602; baseline -0.001 -9"><span class='ocrx_word' id='word_1_878' title='bbox 1107 2568 1227 2602; x_wconf 71' lang='grc' dir='ltr'><strong>ηγῆταισ</strong></span> <span class='ocrx_word' id='word_1_879' title='bbox 1239 2567 1285 2593; x_wconf 76' lang='grc' dir='ltr'><strong>καὶ</strong></span> <span class='ocrx_word' id='word_1_880' title='bbox 1308 2566 1361 2593; x_wconf 79' lang='grc' dir='ltr'><strong>ἀπὸ</strong></span> <span class='ocrx_word' id='word_1_881' title='bbox 1377 2566 1491 2600; x_wconf 82' lang='grc' dir='ltr'><strong>θλίψεως</strong></span> <span class='ocrx_word' id='word_1_882' title='bbox 1502 2567 1540 2597; x_wconf 83' lang='grc' dir='ltr'><strong>είς</strong></span> <span class='ocrx_word' id='word_1_883' title='bbox 1557 2566 1647 2601; x_wconf 80' lang='grc' dir='ltr'><strong>θλίψιν</strong></span> <span class='ocrx_word' id='word_1_884' title='bbox 1659 2566 1850 2601; x_wconf 78' lang='grc' dir='ltr'><strong>παραπέμψαι</strong></span> <span class='ocrx_word' id='word_1_885' title='bbox 1869 2567 1915 2598; x_wconf 79' lang='grc' dir='ltr'><strong>είς</strong></span> 
     </span>
    </p>
   </div>
   <div class='ocr_carea' id='block_1_114' title="bbox 1106 2611 1914 2647">
    <p class='ocr_par' dir='ltr' id='par_1_114' title="bbox 1106 2611 1914 2647">
     <span class='ocr_line' id='line_1_114' title="bbox 1106 2611 1914 2647; baseline -0.004 -7"><span class='ocrx_word' id='word_1_886' title='bbox 1106 2613 1151 2641; x_wconf 79' lang='grc' dir='ltr'><strong>τὸν</strong></span> <span class='ocrx_word' id='word_1_887' title='bbox 1166 2613 1252 2639; x_wconf 86' lang='grc' dir='ltr'><strong>Κάῖν·</strong></span> <span class='ocrx_word' id='word_1_888' title='bbox 1268 2612 1316 2638; x_wconf 72' lang='grc' dir='ltr'><strong>καὶ</strong></span> <span class='ocrx_word' id='word_1_889' title='bbox 1339 2611 1421 2638; x_wconf 85' lang='grc' dir='ltr'><strong>τοῦτο</strong></span> <span class='ocrx_word' id='word_1_890' title='bbox 1441 2614 1472 2638; x_wconf 86' lang='grc' dir='ltr'><strong>τὸ</strong></span> <span class='ocrx_word' id='word_1_891' title='bbox 1503 2611 1597 2638; x_wconf 86' lang='grc' dir='ltr'><strong>ποιοῦν</strong></span> <span class='ocrx_word' id='word_1_892' title='bbox 1618 2612 1675 2643; x_wconf 78' lang='grc' dir='ltr'><strong>τοῖς</strong></span> <span class='ocrx_word' id='word_1_893' title='bbox 1689 2611 1846 2647; x_wconf 82' lang='grc' dir='ltr'><strong>βαρϐάροις</strong></span> <span class='ocrx_word' id='word_1_894' title='bbox 1858 2612 1914 2646; x_wconf 75' lang='grc' dir='ltr'><strong>τὴν</strong></span> 
     </span>
    </p>
   </div>
   <div class='ocr_carea' id='block_1_115' title="bbox 1106 2656 1913 2694">
    <p class='ocr_par' dir='ltr' id='par_1_115' title="bbox 1106 2656 1913 2694">
     <span class='ocr_line' id='line_1_115' title="bbox 1106 2656 1913 2694; baseline -0.002 -9"><span class='ocrx_word' id='word_1_895' title='bbox 1106 2659 1241 2694; x_wconf 73' lang='grc' dir='ltr'><strong>ἀπορίαν⁹</strong></span> <span class='ocrx_word' id='word_1_896' title='bbox 1258 2658 1306 2684; x_wconf 70' lang='grc' dir='ltr'><strong>καὶ</strong></span> <span class='ocrx_word' id='word_1_897' title='bbox 1323 2657 1369 2685; x_wconf 78' lang='grc' dir='ltr'><strong>διὰ</strong></span> <span class='ocrx_word' id='word_1_898' title='bbox 1384 2656 1463 2684; x_wconf 83' lang='grc' dir='ltr'><strong>τοῦτο</strong></span> <span class='ocrx_word' id='word_1_899' title='bbox 1474 2657 1579 2692; x_wconf 70' lang='grc' dir='ltr'><strong>ἀλόγως</strong></span> <span class='ocrx_word' id='word_1_900' title='bbox 1596 2657 1795 2692; x_wconf 77' lang='grc' dir='ltr'><strong>ἀποφαίνεσθαι</strong></span> <span class='ocrx_word' id='word_1_901' title='bbox 1808 2666 1913 2692; x_wconf 84' lang='grc' dir='ltr'><strong>παρα-</strong></span> 
     </span>
    </p>
   </div>
   <div class='ocr_carea' id='block_1_116' title="bbox 1107 2702 1912 2739">
    <p class='ocr_par' dir='ltr' id='par_1_116' title="bbox 1107 2702 1912 2739">
     <span class='ocr_line' id='line_1_116' title="bbox 1107 2702 1912 2739; baseline -0.004 -7"><span class='ocrx_word' id='word_1_902' title='bbox 1107 2704 1249 2738; x_wconf 81' lang='grc' dir='ltr'><strong>σκευάζον.</strong></span> <span class='ocrx_word' id='word_1_903' title='bbox 1267 2705 1328 2731; x_wconf 85' lang='grc' dir='ltr'><strong>Ὅτι</strong></span> <span class='ocrx_word' id='word_1_904' title='bbox 1352 2704 1401 2739; x_wconf 80' lang='grc' dir='ltr'><strong>μὲν</strong></span> <span class='ocrx_word' id='word_1_905' title='bbox 1424 2702 1471 2731; x_wconf 84' lang='grc' dir='ltr'><strong>οὖν</strong></span> <span class='ocrx_word' id='word_1_906' title='bbox 1486 2703 1622 2735; x_wconf 79' lang='grc' dir='ltr'><strong>θεοσεϐεῖς</strong></span> <span class='ocrx_word' id='word_1_907' title='bbox 1640 2704 1664 2733; x_wconf 72' lang='lat' dir='ltr'><strong>ot</strong></span> <span class='ocrx_word' id='word_1_908' title='bbox 1680 2704 1857 2739; x_wconf 75' lang='grc' dir='ltr'><strong>Χριστιανοὶ,</strong></span> <span class='ocrx_word' id='word_1_909' title='bbox 1878 2703 1912 2730; x_wconf 75' lang='grc' dir='ltr'><strong>οὐ</strong></span> 
     </span>
    </p>
   </div>
   <div class='ocr_carea' id='block_1_117' title="bbox 1105 2750 1913 2787">
    <p class='ocr_par' dir='ltr' id='par_1_117' title="bbox 1105 2750 1913 2787">
     <span class='ocr_line' id='line_1_117' title="bbox 1105 2750 1913 2787; baseline -0.004 -8"><span class='ocrx_word' id='word_1_910' title='bbox 1105 2752 1168 2784; x_wconf 82' lang='grc' dir='ltr'><strong>τοὺς</strong></span> <span class='ocrx_word' id='word_1_911' title='bbox 1183 2751 1340 2787; x_wconf 80' lang='grc' dir='ltr'><strong>βαρϐάρους</strong></span> <span class='ocrx_word' id='word_1_912' title='bbox 1354 2750 1521 2786; x_wconf 70' lang='grc' dir='ltr'><strong>ἑριιιτητέονθ</strong></span> <span class='ocrx_word' id='word_1_913' title='bbox 1538 2750 1648 2784; x_wconf 81' lang='grc' dir='ltr'><strong>ψευδεῖς</strong></span> <span class='ocrx_word' id='word_1_914' title='bbox 1664 2750 1717 2785; x_wconf 87' lang='grc' dir='ltr'><strong>γὰρ</strong></span> <span class='ocrx_word' id='word_1_915' title='bbox 1736 2751 1760 2776; x_wconf 80' lang='lat' dir='ltr'><strong>oi</strong></span> <span class='ocrx_word' id='word_1_916' title='bbox 1775 2750 1834 2776; x_wconf 72' lang='grc' dir='ltr'><strong>υἱοὶ</strong></span> <span class='ocrx_word' id='word_1_917' title='bbox 1851 2750 1913 2776; x_wconf 76' lang='grc' dir='ltr'><strong>τῶν</strong></span> 
     </span>
    </p>
   </div>
   <div class='ocr_carea' id='block_1_118' title="bbox 1106 2795 1912 2833">
    <p class='ocr_par' dir='ltr' id='par_1_118' title="bbox 1106 2795 1912 2833">
     <span class='ocr_line' id='line_1_118' title="bbox 1106 2795 1912 2833; baseline -0.004 -8"><span class='ocrx_word' id='word_1_918' title='bbox 1106 2797 1278 2833; x_wconf 78' lang='grc' dir='ltr'><strong>ἀνθρώπων⁸</strong></span> <span class='ocrx_word' id='word_1_919' title='bbox 1299 2796 1367 2824; x_wconf 87' lang='grc' dir='ltr'><strong>ἀλλὰ</strong></span> <span class='ocrx_word' id='word_1_920' title='bbox 1386 2798 1434 2823; x_wconf 81' lang='grc' dir='ltr'><strong>καὶ</strong></span> <span class='ocrx_word' id='word_1_921' title='bbox 1460 2798 1514 2828; x_wconf 73' lang='grc' dir='ltr'><strong>πᾶς</strong></span> <span class='ocrx_word' id='word_1_922' title='bbox 1529 2796 1673 2832; x_wconf 83' lang='grc' dir='ltr'><strong>ἄνθρωπος</strong></span> <span class='ocrx_word' id='word_1_923' title='bbox 1692 2795 1815 2831; x_wconf 82' lang='grc' dir='ltr'><strong>ψεύστης</strong></span> <span class='ocrx_word' id='word_1_924' title='bbox 1827 2805 1835 2812; x_wconf 87' lang='grc'><strong>·</strong></span> <span class='ocrx_word' id='word_1_925' title='bbox 1853 2796 1912 2831; x_wconf 80' lang='grc' dir='ltr'><strong>τὴν</strong></span> 
     </span>
    </p>
   </div>
   <div class='ocr_carea' id='block_1_119' title="bbox 1105 2842 1911 2878">
    <p class='ocr_par' dir='ltr' id='par_1_119' title="bbox 1105 2842 1911 2878">
     <span class='ocr_line' id='line_1_119' title="bbox 1105 2842 1911 2878; baseline -0.002 -8"><span class='ocrx_word' id='word_1_926' title='bbox 1105 2843 1133 2870; x_wconf 71' lang='grc' dir='ltr'><strong>δὲ</strong></span> <span class='ocrx_word' id='word_1_927' title='bbox 1155 2843 1354 2878; x_wconf 75' lang='grc' dir='ltr'><strong>αὐτοαληθειαν</strong></span> <span class='ocrx_word' id='word_1_928' title='bbox 1378 2843 1408 2875; x_wconf 76' lang='grc' dir='ltr'><strong>ὃς</strong></span> <span class='ocrx_word' id='word_1_929' title='bbox 1426 2844 1483 2869; x_wconf 81' lang='grc' dir='ltr'><strong>ἐστι</strong></span> <span class='ocrx_word' id='word_1_930' title='bbox 1505 2843 1633 2878; x_wconf 78' lang='grc' dir='ltr'><strong>Χριστὸς,</strong></span> <span class='ocrx_word' id='word_1_931' title='bbox 1650 2842 1698 2869; x_wconf 76' lang='grc' dir='ltr'><strong>καὶ</strong></span> <span class='ocrx_word' id='word_1_932' title='bbox 1724 2842 1756 2869; x_wconf 81' lang='grc' dir='ltr'><strong>τὸ</strong></span> <span class='ocrx_word' id='word_1_933' title='bbox 1784 2842 1911 2877; x_wconf 78' lang='grc' dir='ltr'><strong>Πνεῦμα</strong></span> 
     </span>
    </p>
   </div>
   <div class='ocr_carea' id='block_1_120' title="bbox 1105 2887 1911 2925">
    <p class='ocr_par' dir='ltr' id='par_1_120' title="bbox 1105 2887 1911 2925">
     <span class='ocr_line' id='line_1_120' title="bbox 1105 2887 1911 2925; baseline 0 -10"><span class='ocrx_word' id='word_1_934' title='bbox 1105 2889 1156 2922; x_wconf 80' lang='grc' dir='ltr'><strong>τῆς</strong></span> <span class='ocrx_word' id='word_1_935' title='bbox 1170 2887 1300 2923; x_wconf 74' lang='grc' dir='ltr'><strong>ἀληθείας</strong></span> <span class='ocrx_word' id='word_1_936' title='bbox 1317 2888 1331 2915; x_wconf 80' lang='grc' dir='ltr'><strong>ὃ</strong></span> <span class='ocrx_word' id='word_1_937' title='bbox 1346 2888 1423 2923; x_wconf 74' lang='grc' dir='ltr'><strong>παρὰ</strong></span> <span class='ocrx_word' id='word_1_938' title='bbox 1437 2888 1485 2915; x_wconf 86' lang='grc' dir='ltr'><strong>τοῦ</strong></span> <span class='ocrx_word' id='word_1_939' title='bbox 1499 2889 1605 2924; x_wconf 84' lang='grc' dir='ltr'><strong>Πατρὸς</strong></span> <span class='ocrx_word' id='word_1_940' title='bbox 1619 2889 1808 2925; x_wconf 75' lang='grc' dir='ltr'><strong>ἐκπορεύεται,</strong></span> <span class='ocrx_word' id='word_1_941' title='bbox 1826 2889 1860 2915; x_wconf 83' lang='grc' dir='ltr'><strong>τὺ</strong></span> <span class='ocrx_word' id='word_1_942' title='bbox 1877 2888 1911 2915; x_wconf 82' lang='grc' dir='ltr'><strong>ὲν</strong></span> 
     </span>
    </p>
   </div>
   <div class='ocr_carea' id='block_1_121' title="bbox 1109 2934 1910 2972">
    <p class='ocr_par' dir='ltr' id='par_1_121' title="bbox 1109 2934 1910 2972">
     <span class='ocr_line' id='line_1_121' title="bbox 1109 2934 1910 2972; baseline -0.001 -10"><span class='ocrx_word' id='word_1_943' title='bbox 1109 2935 1185 2970; x_wconf 86' lang='grc' dir='ltr'><strong>νόμῳ</strong></span> <span class='ocrx_word' id='word_1_944' title='bbox 1208 2935 1256 2962; x_wconf 77' lang='grc' dir='ltr'><strong>καὶ</strong></span> <span class='ocrx_word' id='word_1_945' title='bbox 1280 2935 1435 2971; x_wconf 81' lang='grc' dir='ltr'><strong>προφήταις</strong></span> <span class='ocrx_word' id='word_1_946' title='bbox 1461 2934 1593 2970; x_wconf 83' lang='grc' dir='ltr'><strong>λαλῆσαν,</strong></span> <span class='ocrx_word' id='word_1_947' title='bbox 1612 2936 1668 2972; x_wconf 45' lang='grc' dir='ltr'><strong>,καὶ</strong></span> <span class='ocrx_word' id='word_1_948' title='bbox 1685 2937 1736 2972; x_wconf 85' lang='grc' dir='ltr'><strong>τὴν</strong></span> <span class='ocrx_word' id='word_1_949' title='bbox 1754 2935 1838 2972; x_wconf 78' lang='grc' dir='ltr'><strong>χάριν</strong></span> <span class='ocrx_word' id='word_1_950' title='bbox 1856 2942 1910 2961; x_wconf 80' lang='grc' dir='ltr'><strong>τε-</strong></span> 
     </span>
    </p>
   </div>
  </div>
