4048 6432
310 316 416 382 805

1482 315 1927 378 REFUTATIO
1959 315 2442 383 MOHAMEDIS.

3473 337 3581 402 806

305 427 529 484 Λειῶσαν
552 443 567 459 °
600 426 682 484 ὅτι
727 428 784 485 δὲ
833 431 1032 487 ἐκεῖνοι
1059 432 1302 498 ἀσεϐεῖς,
1327 433 1429 506 ἠδη
1458 435 1752 502 δέδεικται,
1782 435 1879 490 καὶ

1991 450 2123 492 vero
2174 434 2410 507 Agareni
2446 436 2557 492 sint
2607 437 2782 510 impii,
2827 439 2942 511 jam
2985 443 3418 503 demonstratum
3453 450 3579 506 fuit.

303 519 593 591 δείκνυταιτ
615 523 711 576 καὶ
725 523 1096 595 δειχθήσεται.
1116 525 1258 579 Ἀλλ’
1279 527 1362 580 ὅτι
1387 527 1483 582 καὶ
1501 529 1533 600 ἡ
1542 528 1658 599 μῶν
1679 528 1882 594 αὐτῶν,

303 614 349 665 oi
385 614 485 683 μὲν
508 613 824 685 εὖχρηστοι,
882 617 931 669 oi
977 616 1034 670 δὲ
1069 619 1367 690 ἄχρηστοι,
1410 621 1570 691 ἡμεῖς
1602 622 1757 675 αὐτοὶ
1787 623 1884 676 καὶ

303 706 514 777 ὁρῶμεν
544 708 704 763 τοῦτο
749 709 844 764 καὶ
876 711 1252 783 ὁμολογοῦμεν
1273 731 1288 743 ⁸
1328 714 1434 768 ὑπὸ
1469 715 1606 784 γοῦν
1655 717 1754 788 τῆς
1787 717 1882 770 τοῦ

304 799 433 851 Θεοῦ
463 799 658 868 σοφίας
690 802 786 854 καὶ
811 803 1147 874 ἀγαθότητος
1178 805 1288 859 τῶν
1324 806 1446 861 καθ’
1472 809 1621 879 ἡμᾶς
1646 809 1881 865 διοικου-

308 891 479 961 μένων
513 894 596 955 (οὐ
638 894 746 966 γὰρ
787 896 960 968 δήπου
1016 898 1083 950 δι’
1121 901 1268 969 ἡμᾶς
1313 901 1596 972 ἀφῄρηται
1635 902 1696 957 τὸ
1741 900 1883 960 εἶναι

305 983 503 1052 ἀγαθὸς
534 984 628 1038 καὶ
663 988 824 1057 σοφὸς
857 990 953 1042 καὶ
983 973 1202 1054 δίκαιος
1224 992 1319 1045 καὶ
1351 993 1575 1058 δυνατὸς
1601 995 1681 1065 τῷ
1714 995 1879 1067 λόγῳ,

303 1074 375 1138 ὼς
429 1076 771 1148 εἰρήκαμεν·
823 1079 985 1133 τοῦτο
1038 1082 1146 1153 γὰρ
1189 1084 1340 1137 πᾶσα
1380 1085 1414 1155 ἠ
1463 1085 1584 1139 θεία
1639 1088 1881 1143 διδάσκει

305 1168 548 1240 Γραφή)·
582 1170 701 1234 πῶς
735 1170 827 1224 οὖν
863 1174 913 1225 οί
957 1174 1227 1242 ἄγνωστοι
1258 1177 1353 1231 καὶ
1377 1177 1662 1249 βάρϐαροι.
1691 1181 1751 1235 ἓν
1782 1184 1886 1253 τῆς

303 1259 618 1333 διαιρέσεως
671 1263 829 1332 μόλις
894 1266 1296 1334 καταλαϐόντες
1345 1275 1541 1342 κρῖμα,
1581 1275 1676 1328 καὶ
1725 1276 1884 1332 τοῦτο

305 1353 634 1422 παναθλίως,
671 1357 750 1421 είς
795 1356 957 1411 τοῦτο
983 1359 1082 1430 τὴν
1121 1360 1272 1415 θείαν
1304 1363 1533 1435 ἀμαθῶς
1567 1370 1884 1441 περιορίσαι

302 1447 622 1518 δυνήσονται
687 1449 902 1518 σοφίαν,
929 1451 1004 1513 ὡς
1037 1451 1195 1505 οὐδὲν
1234 1454 1398 1510 πλέον
1440 1458 1762 1531 ’Λγαρηνῶν
1786 1460 1882 1514 τοῦ

302 1537 434 1590 Θεοῦ
475 1538 816 1607 ὲγνωκότος;
852 1541 914 1593 Ei
961 1539 1055 1595 οὖν
1116 1541 1389 1608 θεοσεϐεῖς
1441 1549 1491 1599 oi
1541 1549 1882 1622 Χριστιανοὶ,

301 1629 506 1685 τούτων
535 1631 590 1684 δὲ
622 1632 671 1685 οἱ
710 1632 810 1700 μὲν
853 1632 1167 1704 εὒχρηστοι,
1207 1637 1257 1688 oi
1279 1635 1333 1689 δὲ
1356 1637 1642 1710 ἄχρηστοι,
1667 1641 1802 1696 Θεοῦ
1829 1645 1886 1698 δὲ

301 1721 626 1792 ἀμφοτέρων
689 1721 1096 1793 προμηθεῖσθαι
1145 1725 1244 1796 τὴν
1287 1729 1587 1799 σωτηρίαν,
1630 1733 1732 1786 οὐκ
1770 1735 1878 1806 ἄρα

1990 535 2045 583 et
2083 527 2512 596 demonstratur,
2566 544 2630 585 ac
2661 531 3144 590 demonstrabitur.
3190 535 3578 599 Verumtamrn

1989 621 2134 694 quod
2171 631 2224 676 et
2255 637 2354 677 nos
2384 622 2584 693 partim
2619 623 2763 695 frugi
2797 625 2992 691 simus,
3025 629 3218 697 partim
3263 647 3444 700 secus,
3480 652 3579 691 nos

1989 712 2092 782 ipsi
2137 720 2192 768 et
2241 713 2521 768 cemimus
2567 724 2620 769 et
2672 717 3022 770 conﬁtemur.
3059 719 3195 772 Cum
3241 735 3370 791 ergo
3419 737 3449 777 a
3486 716 3578 779 Dei

1987 803 2251 874 sapientia
2308 815 2361 861 et
2410 805 2656 860 bonitate
2709 823 2797 862 res
2848 819 3051 864 nostra:
3098 811 3574 879 administrentur,

1987 898 2134 954 haud
2169 909 2314 956 certe
2361 899 2534 955 nostri
2585 915 2754 955 causa
2792 901 2993 956 desinit
3021 917 3141 958 esse
3176 904 3352 959 bonus
3382 914 3435 960 et
3485 922 3576 961 sa-

1985 990 2141 1061 piens
2185 1005 2248 1045 ac
2287 990 2495 1060 justus,
2529 1000 2588 1046 ιιι
2629 993 2744 1062 jam
2788 993 3060 1059 diximus;
3098 996 3201 1050 hoc
3246 998 3393 1051 enim
3456 1000 3580 1052 uni-

1986 1097 2141 1136 versa
2186 1085 2353 1138 tradit
2401 1084 2584 1138 divina
2617 1085 2921 1154 Scriptura.
2978 1085 3265 1152 Quomodo
3319 1103 3449 1160 ergo
3488 1088 3581 1146 isti

1990 1173 2164 1244 ignari
2199 1189 2262 1228 ac
2302 1174 2542 1240 barbari,
2573 1191 2682 1230 uno
2721 1176 3070 1232 discernendi
3111 1178 3340 1248 judicio,
3376 1189 3428 1234 et
3455 1183 3580 1251 qui-

1987 1266 2109 1321 dem
2164 1264 2454 1322 infeliciter
2502 1267 2737 1335 prmditi,
2767 1268 2905 1323 adeo
2943 1269 3188 1324 divinam
3242 1271 3439 1328 inscite
3466 1274 3580 1328 eir-

1988 1357 2358 1414 cumscrihere
2413 1357 2736 1427 sapientiam
2788 1367 3064 1428 poterunt,
3111 1370 3169 1415 ut
3217 1361 3391 1418 nihilo
3451 1364 3580 1434 plus

1987 1464 2152 1522 quam
2205 1447 2442 1518 Agareni
2493 1449 2638 1504 Deus
2677 1449 2860 1504 sciat?
2895 1448 2952 1504 Si
2982 1465 3114 1521 ergo
3145 1451 3386 1522 religiosi
3417 1454 3584 1508 Chri-

1988 1541 2152 1596 stiani
2207 1548 2379 1606 sunt;
2417 1540 2612 1594 horum
2664 1550 2846 1595 autem
2897 1541 2989 1596 alii
3046 1543 3209 1612 frugi,
3243 1544 3336 1597 alii
3386 1559 3581 1610 secus;

1991 1632 2082 1688 Dei
2139 1646 2270 1686 vero
2320 1629 2558 1686 oliicium
2606 1641 2692 1687 est
2750 1643 3114 1704 utrorumque
3169 1635 3338 1690 saluti
3376 1651 3583 1692 consu-

1988 1723 2134 1790 lere;
2169 1722 2312 1776 haud
2359 1723 2612 1792 equidem
2667 1733 2928 1794 tanquam
2983 1727 3177 1783 atheos
3215 1743 3318 1784 nos
3369 1730 3583 1800 deprae-

299 1812 374 1876 ὼς
423 1810 621 1874 ἀθέους
665 1812 813 1884 ᾑμᾶς
870 1793 1314 1884 καταληῖςονται,
1362 1793 1479 1871 ἀλλ’
1507 1793 1583 1883 ὡς
1614 1820 1720 1874 ὑπὸ
1740 1793 1876 1876 Θειοῦ

1991 1816 2204 1880 dantur,
2251 1815 2347 1870 sed
2402 1826 2458 1870 ut
2511 1831 2540 1869 a
2593 1815 2703 1871 Deo
2749 1793 2972 1887 prOpter
3024 1793 3588 1890 contumaciam‘cor-

300 1904 724 1976 παιδευομένους
775 1905 1215 1977 ἀφηνιάζοντας,
1295 1910 1392 1963 καὶ
1453 1911 1880 1984 στηριζομένους

298 1995 684 2065 ἐκλυομένους,
726 1996 820 2049 καὶ
859 1997 1324 2068 συθ-τελλομένους
1373 2001 1876 2074 ὑπερφρονοῦντας,

297 2086 393 2140 καὶ
454 2085 847 2158 ἐλεγχομένους
899 2089 966 2160 τῇ
1021 2089 1395 2164 ἀκαταλήπτῳ
1448 2095 1618 2150 αὑτοῦ
1664 2099 1880 2154 συνέσει

299 2179 560 2244 ποικίλως
585 2196 644 2233 τε
690 2180 785 2234 καὶ
832 2181 1213 2252 πολυτρόπως.
1261 2186 1382 2240 Οὐδ’
1413 2183 1478 2242 αὖ
1506 2189 1670 2244 πάλιν
1696 2191 1881 2246 θεοσε-

298 2272 415 2335 ϐεῖς
441 2274 640 2326 ἐκεῖνοι
698 2273 1065 2339 εὐπαθοῦντες
1119 2277 1470 2351 πρόσκαιραο
1525 2283 1609 2336 ὅτι
1648 2285 1782 2355 μηδὲ
1831 2286 1882 2338 oi

295 2364 593 2433 Αἰγύπτιοι
617 2363 894 2430 θεοσεϐεῖς
925 2367 1078 2432 ὄντες
1110 2371 1236 2435 τοὺς
1261 2375 1536 2444 χρηστοὺς
1571 2376 1882 2432 ἐδουλοῦντο

298 2459 510 2530 Κυρίου
531 2474 543 2488 ’
577 2459 638 2514 οὐ
674 2460 784 2530 γὰρ
809 2459 946 2513 διότι
968 2460 1185 2533 ἀληθῶς
1213 2482 1296 2529 τις
1316 2466 1452 2536 ἐρεῖ,
1486 2468 1590 2538 τὴν
1621 2471 1686 2522 ἐκ
1714 2470 1882 2524 τόπου

297 2557 384 2617 είς
405 2556 568 2608 τόπον
606 2554 909 2626 μετάϐασιν
940 2556 1155 2627 κίνησιν
1181 2555 1343 2623 εἶναι,
1370 2562 1466 2615 καὶ
1489 2561 1570 2615 ὅτι
1604 2563 1704 2616 οὐκ
1737 2563 1884 2618 ἔστιν

297 2646 439 2718 ἄλλη
464 2646 700 2718 κίνησις,
723 2647 1148 2718 πιστευθήσεται
1164 2664 1179 2680 ⁸
1201 2647 1376 2718 λέγων
1392 2651 1502 2723 γὰρ
1521 2652 1620 2716 τὰς
1645 2653 1883 2720 ’κλείους’

295 2739 406 2808 τῆς
442 2741 566 2809 μιᾶς
599 2737 1000 2807 παραλέλοιπεν
1021 2756 1035 2772 ο
1072 2739 1181 2793 οὐδ’
1218 2743 1301 2794 ὅτι
1330 2741 1395 2814 δὴ
1421 2742 1514 2798 οὖν
1558 2746 1651 2798 καὶ
1687 2746 1885 2801 δίκαιοι

295 2828 518 2883 ἀσεϐῶν
548 2830 996 2901 κατεκράτησαν,
1028 2831 1104 2896 ὡς
1137 2832 1358 2905 Ἰσραὴλ
1381 2835 1482 2906 τὴν
1516 2838 1884 2907 γῆνΧαναόιν,

293 2921 402 2976 καὶ
429 2921 586 2993 ἡμῶν
618 2917 764 2976 οὗτοι
800 2922 876 2987 ὥς
907 2924 1106 2978 ἐκεῖνοι
1138 2931 1361 2999 κρατεῖν
1384 2927 1639 2998 λέγοντες
1667 2949 1887 2986 πιστευ-

201 2999 206 3002 ’
293 3013 585 3084 θήσονται.
616 3013 892 3086 Εὕρηνται
925 3015 1035 3086 γὰρ
1071 3017 1169 3071 καὶ
1204 3018 1418 3083 ἀσεϐεῖς
1457 3021 1700 3075 εὐσεϐῶν
1727 3023 1888 3094 χαλε-

1980 1916 2190 1977 reptas,
2221 1914 2277 1961 et
2331 1917 2557 1978 propter
2597 1906 2854 1962 ﬁduciam
2907 1909 3240 1978 inlirmatos,
3274 1920 3328 1967 et
3379 1914 3453 1968 ob
3484 1929 3587 1968 su-

1981 2002 2227 2072 perbiam
2284 2001 2580 2067 cohibitus,
2639 2001 2788 2056 etab
2849 2001 3397 2074 incomprehensibili
3465 2005 3586 2074 ejus

1985 2094 2257 2164 sapientia
2304 2095 2454 2149 varie
2512 2109 2577 2149 ac
2629 2093 2985 2148 multifariam
3027 2095 3346 2166 castigatos.
3401 2094 3589 2165 Neque

1983 2179 2189 2238 idcirco
2249 2183 2324 2254 pii
2375 2191 2503 2237 sunt
2556 2185 2650 2254 qui
2705 2198 2970 2254 prospere
3026 2193 3236 2254 agunt;
3300 2201 3428 2240 nam
3487 2201 3590 2242 nec

1985 2275 2229 2347 Egyptii
2269 2276 2341 2345 pii
2375 2284 2552 2342 erant,
2593 2277 2686 2346 qui
2721 2283 2902 2331 tamen
2937 2277 3114 2333 bonos
3165 2277 3383 2332 Domini
3408 2275 3589 2332 famu-

1985 2369 2067 2425 los
2115 2369 2248 2440 jugo
2301 2369 2582 2423 servitutis
2623 2370 2968 2438 premebant.
3026 2368 3212 2441 Neque
3267 2371 3412 2424 enim
3455 2371 3584 2439 quia

1986 2459 2185 2529 aliquis
2246 2459 2513 2513 veraciter
2567 2459 2730 2523 dicet,
2787 2459 3166 2528 migrationem
3227 2459 3294 2513 de
3354 2460 3475 2514 loeo
3528 2459 3583 2512 in

1986 2553 2136 2617 loco,
2198 2563 2408 2605 motum
2443 2565 2586 2617 esse,
2621 2551 2825 2606 idcirco
2859 2552 3115 2607 credetur
3143 2551 3192 2607 ci
3223 2552 3425 2607 dicenti
3462 2551 3585 2604 nul-

1989 2645 2102 2700 lum
2151 2644 2299 2698 aliud
2338 2653 2520 2698 motus
2555 2657 2728 2714 genus
2761 2657 2922 2698 esse:
2956 2659 3081 2697 nam
3133 2643 3282 2698 dicto
3323 2657 3455 2706 uno,
3496 2657 3586 2695 re-

1989 2737 2135 2807 liqua
2155 2737 2336 2791 omnia
2357 2751 2555 2806 genera
2589 2735 2796 2791 omisit.
2834 2734 2945 2791 Nec
2970 2736 3100 2807 quia
3123 2735 3260 2807 justi
3288 2735 3595 2806 aliquando

1991 2827 2174 2897 impiis
2231 2828 2387 2897 potiti
2441 2835 2590 2894 sunt,
2649 2828 2819 2882 veluti
2880 2827 3047 2884 Israel
3098 2838 3243 2883 terra
3298 2827 3584 2893 Chanaan,

1991 2919 2196 2974 idcirco
2241 2919 2296 2972 hi
2358 2921 2592 2988 Agareni
2633 2921 2825 2974 eodem
2859 2921 3024 2974 modo
3056 2920 3214 2974 nobis
3242 2934 3300 2974 se
3333 2934 3455 2974 esse
3490 2934 3586 2989 po-

1993 3013 2122 3067 titos
2173 3012 2600 3081 persuadebunt.
2647 3011 2988 3067 Exstiterunt
3022 3013 3165 3067 enim
3202 3011 3352 3081 impii
3393 3010 3582 3076 etiam,

293 3104 551 3176 πώτερον
574 3111 1158 3179 κατακεκρατηκότεςο
1204 3113 1298 3164 καὶ
1324 3113 1536 3184 μάρτυς
1564 3116 1592 3168 ό
1614 3115 1848 3171 Ψάλλων
1866 3134 1883 3150 ·

1993 3107 2086 3175 qui
2140 3106 2246 3175 piis
2295 3105 2539 3159 atrocius
2597 3105 2752 3174 potiti
2805 3104 2977 3159 fuere.
3020 3104 3198 3159 Testis
3253 3103 3582 3159 Psalmista:

297 3194 383 3248 Ὅ
411 3194 576 3261 Θεὸς,
596 3193 878 3264 ἤλθοσαν
898 3197 1042 3264 ἔθνη
1068 3199 1156 3264 εἰς
1179 3197 1295 3266 τὴν
1310 3203 1725 3271 κληρονομίαν
1747 3221 1885 3270 σου,

288 3288 561 3358 ἐμίαναν
615 3288 727 3343 τὸν
777 3291 932 3343 ναὸν
976 3289 1085 3344 τὸν
1136 3289 1310 3360 ἅγιόν
1338 3305 1493 3346 σουο
1527 3295 1626 3348 οὐκ
1671 3296 1778 3366 ἄρα
1813 3296 1890 3361 ὡς

287 3381 494 3444 κακῶς
516 3381 619 3447 τὴν
645 3382 777 3451 περὶ
810 3382 870 3435 τὸ
926 3383 1081 3438 θεῖον
1114 3383 1274 3450 δόξαν
1328 3385 1550 3456 ἔχοντας
1582 3390 1708 3454 τοὺς
1750 3390 1889 3461 Χρι-

290 3473 556 3533 στιανοὺς
586 3471 688 3542 τὴν
721 3471 929 3526 τούτων
986 3471 1172 3544 χώραν
1225 3475 1354 3529 ποτὲ
1399 3477 1449 3528 oi
1489 3478 1552 3530 ὲκ
1577 3478 1677 3550 τῆς
1709 3478 1891 3550 ’Ἅγαρ

286 3561 752 3629 καταληῖζονται,
781 3563 878 3616 καὶ
912 3565 993 3628 είς
1035 3567 1318 3637 προνομὴν
1345 3567 1559 3633 τούτοις
1591 3570 1887 3638 ὲκδέδοται,

288 3653 445 3709 ἀλλὰ
474 3655 675 3725 μᾶλλον
700 3656 934 3728 τάληθὲς
972 3658 1170 3722 εἰπεῖν,
1217 3659 1293 3724 ὼς
1315 3661 1343 3712 ὁ
1380 3661 1481 3730 τῆς
1513 3661 1774 3732 ἀληθείας
1804 3663 1892 3718 λό-

284 3762 403 3815 γος
426 3747 792 3818 παρέστησεν,
815 3747 882 3802 δι’
913 3750 1189 3820 ἁμαρτίας
1223 3753 1674 3826 παιδευομένους.

293 3859 300 3862 ·
381 3837 492 3910 ρς’.
522 3840 710 3894 Ταῦτα
742 3841 844 3912 μὲν
868 3841 962 3895 οὖν
991 3844 1150 3914 ἡμεῖς
1187 3846 1235 3899 oi
1267 3846 1515 3912 ἀσθενεῖς
1542 3848 1621 3920 τῷ
1659 3850 1891 3923 φιλαλή-

287 3933 392 3985 Θει
418 3933 511 3984 καὶ
529 3931 886 4002 διελεγκτικῷ
916 3932 1013 3986 τοῦ
1044 3934 1272 4004 ψεύδους
1288 3936 1433 4008 λόγῳ
1467 3939 1746 4010 ἑπόμενοι,
1783 3943 1891 3996 oio.-

287 4023 394 4076 νεὶ
437 4023 761 4094 ῥαπίσματά
803 4041 946 4090 τινα,
1000 4027 1144 4081 κατά
1173 4026 1266 4080 τοῦ
1311 4028 1696 4086 ἀναιδεστάτου
1721 4050 1890 4106 προσς

286 4113 460 4167 ώπου
499 4113 593 4166 τοῦ
633 4113 976 4186 ψευδηγόρου
1029 4115 1190 4185 λόγου
1229 4118 1481 4190 Μωάμετ
1525 4120 1886 4192 καθήκαμεν

287 4201 392 4267 οἷς
423 4205 477 4259 δὲ
506 4206 706 4261 πλείων
740 4205 892 4276 ίσχύς
919 4223 978 4259 τε
1003 4209 1096 4260 καὶ
1133 4209 1417 4282 παρρησία
1441 4212 1580 4283 πρὸς
1595 4213 1694 4284 τὴν
1720 4213 1892 4280 ὄντως

289 4295 567 4367 ἀλήθειαν
619 4296 904 4366 πρόσεστι,
957 4299 1174 4363 τούτοις
1228 4301 1448 4366 πάντως
1482 4305 1513 4357 ὀ
1547 4305 1890 4376 ἀπαραλόγι-

292 4404 436 4453 στος
464 4389 759 4460 προστάξει
789 4390 946 4459 λόγος
977 4391 1194 4460 μάστιξι
1233 4392 1330 4445 καὶ
1351 4393 1612 4464 βασάνοις
1650 4401 1891 4468 προσφό-

1995 3197 2038 3252 0
2071 3197 2230 3263 Deus,
2265 3208 2513 3251 venerunt
2555 3206 2732 3267 gentes
2772 3198 2825 3250 in
2868 3197 3232 3251 Im'redimlem
3261 3206 3432 3263 tuum,
3469 3196 3586 3266 pol-

1993 3289 2203 3344 luerunt
2245 3289 2496 3358 templum
2536 3297 2781 3342 sanctum
2815 3298 2964 3342 tuum
2995 3288 3062 3342 ⁸⁸.
3091 3287 3209 3343 Νοιι
3239 3288 3455 3358 itaque,
3483 3303 3584 3343 ceu

1992 3380 2038 3436 si
2075 3395 2298 3449 pravam
2332 3381 2400 3434 de
2436 3378 2544 3434 Deo
2591 3379 2920 3434 sententiam
2966 3388 3214 3447 gererent
3259 3378 3584 3444 Christiani,

1993 3471 2190 3526 horum
2244 3470 2505 3524 ditionem
2554 3467 2790 3538 Agareni
2847 3469 3160 3534 devastant,
3217 3484 3392 3539 eaque
3441 3470 3587 3539 ipso-

1993 3577 2115 3618 rum
2169 3559 2460 3631 direptioni
2510 3559 2708 3614 tradita
2755 3569 2871 3624 est;
2920 3560 3014 3615 sed
3069 3569 3128 3614 ut
3193 3575 3356 3616 verus
3405 3575 3588 3616 sermo

1991 3654 2244 3720 aﬂirmat,
2275 3661 2500 3724 propter
2549 3663 2778 3722 peccata
2817 3667 2915 3707 sua
2968 3651 3365 3722 corripiuntur.

2064 3828 2188 3885 106.
2222 3826 2335 3882 Hos
2361 3827 2548 3897 igitur,
2581 3827 2784 3882 inﬁrmi
2825 3843 2926 3883 nos
2967 3843 3223 3891 sermone
3261 3829 3501 3899 ingenuo
3530 3840 3586 3895 et

1993 3922 2284 3978 falsitatem
2344 3930 2678 3988 coarguente
2729 3929 2963 3985 utentes,
3012 3921 3134 3984 has,
3190 3922 3436 3995 inquam,
3481 3938 3584 3990 ceu

1993 4015 2258 4086 colaphos
2310 4015 2600 4090 quosdam,
2627 4015 3121 4084 impudentissima:
3156 4016 3313 4071 faciei
3350 4016 3584 4084 falsidiei

1993 4105 2332 4162 Mohamedis
2385 4104 2705 4167 iniliximus.
2755 4105 2859 4182 Qui
2906 4116 3088 4163 autem
3141 4107 3379 4177 majores
3439 4109 3588 4175 vires

1995 4199 2360 4267 ﬁduciamque
2382 4197 2690 4265 habuerint,
2714 4200 2782 4261 ad
2801 4200 3045 4254 veritatis
3069 4199 3400 4255 soliditatem
3427 4215 3586 4257 mon:

1996 4292 2300 4354 strandam,
2339 4291 2426 4346 his
2477 4291 2596 4346 sine
2651 4291 2820 4347 dubio
2873 4292 3078 4347 invicta
3130 4291 3398 4347 facundia).
3442 4294 3588 4360 ratio

1999 4380 2251 4435 suadebit
2285 4380 2604 4436 verberibus
2649 4381 2971 4452 idoneisque
3000 4381 3358 4443 cruciatibus.
3391 4381 3583 4448 Maha-

290 4495 446 4554 ροις,
465 4481 573 4533 τῶν
603 4480 755 4552 αὐτῷ
784 4482 1661 4554 δυσφημηθέντωνκαθυποϐαλεῖν
1690 4487 1885 4554 ἀξίως·

2000 4471 2173 4527 medis
2217 4472 2584 4544 blasphemias
2630 4474 2792 4544 digne
2839 4474 3146 4544 subjicere;
3177 4481 3454 4545 postremo
3490 4474 3586 4541 do-

289 4574 407 4630 καὶ
469 4575 532 4626 τὸ
593 4573 904 4628 τελευταῖόν
969 4575 1164 4638 πέδαις
1223 4575 1443 4641 ἀλύτοις
1490 4580 1584 4632 καί⁵
1625 4582 1892 4652 φρουραῖς

287 4669 339 4722 ἁ
350 4666 630 4738 προσίτοις
649 4668 1132 4736 συγκατακλείσαι,
1150 4671 1245 4723 καὶ
1261 4670 1522 4746 ἀφθόγγῳ
1537 4675 1662 4744 σιγῇ
1680 4675 1895 4729 καταδι-

285 4761 478 4816 κάσαι
505 4775 518 4788 ·
542 4759 618 4823 ὡς
646 4758 712 4813 ἂν
735 4761 997 4832 πληρωθῇ
1027 4760 1089 4818 τὸ
1114 4762 1427 4833 εἰρημένον,
1456 4763 1542 4818 ὄτι
1560 4763 1890 4838 Ἐ’νεφρὰγη

282 4853 505 4921 στόμα
531 4853 888 4907 λαλούντων
918 4852 1114 4908 ἄδικα.

285 4945 494 5011 Ὶὲλος
531 4943 640 4999 τοῦ
677 4944 830 5000 κατὰ
891 4947 999 5001 τοῦ
1037 4946 1383 5027 δυσςεϐοὗς
1427 4948 1680 5021 Μωάμετ
1719 4949 1892 5024 ἐλεγ-

982 5035 1210 5073 κτικου.

370 5221 430 5252 ⁸⁸
458 5219 600 5276 l’sai.
638 5237 864 5287 vavtu,
904 5222 954 5276 1.
1070 5221 1114 5254 ’⁸⁷
1140 5219 1286 5282 Psal.
1312 5235 1446 5288 Lm,
1476 5221 1569 5277 ιε.

2000 4563 2168 4638 nique
2213 4564 2446 4619 vinculis
2493 4565 2880 4624 insolubilibus
2927 4573 2980 4620 et
3035 4565 3320 4621 inaccesso
3364 4580 3588 4628 carcere

2001 4655 2277 4720 cohibere,
2310 4664 2572 4724 mutoque
2599 4657 2816 4714 silentio
2860 4657 3133 4715 addicere.
3167 4655 3323 4718 Tunc
3348 4656 3492 4710 enim
3525 4655 3590 4717 ilo.

1999 4746 2094 4806 lud
2124 4747 2332 4802 dii-tum
2361 4749 2726 4818 complebitur
2757 4767 2772 4806 :
2806 4748 3127 4810 Obstruetur
3173 4765 3230 4806 os
3262 4749 3586 4821 loquentium

2001 4843 2186 4918 iniqua
2219 4843 2283 4900 δ’.

2398 4937 2630 5008 Explica
2670 4937 2819 5008 impii
2849 4935 3176 4994 Moltamedi:

2643 5029 2958 5099 coniuratio,
