2024 3203
298 170 350 199 807

904 166 1053 197 NICET/E
1075 166 1276 197 BYZANTINI
1882 171 1927 202 ωε

1899 192 1927 203 ιςυ

834 234 896 261 ΤΟΥ
908 235 1022 261 ΑΥΤΟΥ
1030 230 1131 261 ’ΝΙΚΗ
1136 235 1177 260 ΤΔ
1195 233 1368 260 ΒΥΖΑΝΤΙΟ
1375 234 1398 259 Υ

371 293 507 323 Ἕκθεσις
521 290 787 325 κατ(ισκει·αστικὴ
799 291 874 325 μετὰ
890 290 1072 322 ἀποδείξεως
1086 289 1142 325 τοῦ
1154 289 1367 323 Χριστιανικοῦ
1382 289 1533 325 δόγματος
1548 290 1582 317 ἐκ
1593 289 1702 317 κοινῶν
1721 289 1870 324 ἐννοιῶν,

911 325 960 352 καὶ
972 324 1165 358 διαλεκτικῆς
1176 325 1331 358 μεθόδουη

487 362 535 388 καὶ
553 362 691 396 φυσικῶν
709 360 956 396 ἐπιχειρημάτων,
972 360 1022 386 καὶ
1038 359 1284 396 συλλογιστικῆς
1304 359 1507 396 πολυτεκνίας
1525 361 1714 396 προαγομένη
1731 368 1740 375 -

574 405 578 407 ·
616 398 664 423 καὶ
681 394 857 430 dra/prmum
873 395 928 429 τῆς
952 395 1121 430 σταλείσης
1135 394 1302 430 ἐπιστολῆς
1322 394 1424 421 ἐκτῶν
1441 395 1613 430 ’Δταρηνῶν

798 431 885 470 πρὸς
891 429 1014 470 Μιχαὴλ,
1026 429 1161 470 ,Βασιλείᾳ
1179 430 1247 456 υἱὸν
1259 430 1407 470 Θεοφίλου

736 465 785 492 ἐπὶ
816 463 948 499 διαϐολῇ
970 464 1026 499 τῆς
1044 463 1104 491 τῶν
1125 463 1322 498 Χριστιανῶν-⁷
1341 466 1482 498 πίστεως.

774 578 977 609 EIUSDEM
998 578 1174 610 ΝΙΟΕΤΑΞ
1198 576 1442 608 ΒΓΖΑΝΤΙΝΙ

459 640 626 680 Expositio
653 640 900 671 demonstrativa
917 640 1094 671 Christiani
1106 639 1273 680 dogmatis,
1294 647 1335 668 ea:
1350 635 1564 667 communibus
1578 635 1776 673 nationibus,

910 684 938 710 ct
957 680 1124 710 dialectica
1137 678 1295 714 methodo,

597 729 633 749 ac
648 718 847 750 naturalibus
863 719 1068 758 argumentis;
1089 724 1117 749 et
1128 718 1320 757 syllogistico
1333 716 1475 758 arti/icio
1500 715 1645 746 deducta.

796 760 875 789 Item
890 756 1042 797 refutatio
1056 756 1274 797 Agarenorum
1285 756 1425 797 epistola:

298 800 340 830 ad
354 799 539 831 Michaelcm
562 800 793 838 imperatorem,
821 793 1106 837 Theopbihﬁliuni,
1138 797 1239 827 missa:
1261 793 1312 826 ob‘
1326 794 1532 826 accusandam
1559 793 1822 825 Christianorum
1836 794 1934 833 fidem.

336 907 361 934 Ι.
381 906 501 933 Difﬁcilis
515 904 683 931 inventionis
696 903 834 938 negotium
849 903 960 935 veritas,
976 907 1003 930 et
1015 902 1089 938 quod

1176 905 1212 930 α’,
1230 899 1405 935 Δυσθήρατόν
1429 908 1455 926 τι
1473 899 1568 934 χρῆμα
1593 897 1719 932 ἀλήθεια,
1746 898 1799 924 καὶ
1826 897 1888 928 τοὺς
1907 906 1932 931 γε

297 954 417 988 ιγιιςινοε
428 959 537 986 quoque
549 950 643 977 oculos
654 949 738 976 latere
748 954 854 983 potest;
876 949 929 976 nisi
944 948 1015 976 forte
1028 956 1091 976 cor-

299 998 432 1033 poralium
449 997 626 1023 tenebrarum
646 995 809 1022 densitatem
824 995 917 1022 anima
936 995 1088 1029 dissipans.

298 1047 326 1070 et
338 1041 487 1069 connivere
513 1044 560 1067 aut
585 1040 729 1074 quiescere
759 1039 887 1066 sensibus
913 1039 1089 1073 persuadens,

299 1088 442 1122 vestigium
456 1086 566 1121 aliquod
585 1085 673 1120 ipsius
690 1085 812 1112 veritatis
825 1085 953 1120 persequi
965 1084 1091 1111 valuerit.

299 1136 379 1162 Certe
396 1133 520 1168 quandiu
547 1140 640 1159 rerum
660 1131 844 1159 materialium
861 1130 938 1159 fumo
965 1131 1089 1158 intellec-

300 1180 380 1207 tualis
407 1179 505 1207 oculus
527 1178 617 1206 adhuc
638 1181 801 1212 occupatur,
827 1177 852 1205 is
879 1177 987 1204 illarum
1012 1177 1091 1212 quasi

298 1225 477 1252 acrimoniam
495 1224 615 1259 aliquam
628 1223 774 1258 experiens
791 1222 960 1258 passionem,
980 1230 1015 1250 ne
1028 1227 1091 1250 ante

300 1271 383 1305 pedes
397 1271 505 1305 quidem
517 1270 654 1305 jacentem
665 1269 807 1296 veritatem
822 1268 940 1296 fortasse
950 1273 1089 1304 agnoscet.

300 1318 398 1344 nedum
418 1316 519 1351 procul
538 1315 617 1343 valde
634 1320 788 1342 remotam:
807 1318 835 1342 et
845 1319 948 1349 quanto
956 1314 1090 1342 acriorem

300 1363 420 1389 materiae
434 1361 590 1395 experietur
602 1367 737 1391 amorem,
762 1364 837 1386 tanto
864 1359 1031 1386 crassiorem
1044 1366 1089 1386 ve-

301 1407 388 1434 ritatis
404 1406 584 1441 ignorantiam
598 1404 727 1438 patietur.
754 1402 822 1430 Cum
843 1409 908 1437 ergo
934 1401 1034 1436 duplex
1056 1401 1092 1429 sit

298 1452 421 1480 veritatis
434 1451 558 1483 scientia,
582 1450 667 1477 altera
684 1449 755 1476 circa
783 1452 937 1476 creaturam
955 1452 1090 1482 spectata,

299 1499 384 1525 altera
402 1498 473 1525 circa
498 1497 668 1527 Creatorem,
689 1499 823 1531 quantum
839 1494 910 1521 infra
931 1494 1090 1521 Creatorem

299 1549 364 1571 sunt
376 1548 519 1575 creatum,
538 1547 641 1569 tantum
656 1543 815 1577 praeminet
833 1540 973 1568 Creatoris
998 1540 1092 1575 cogni-

299 1591 347 1617 tio.
365 1590 454 1623 Quare
472 1590 519 1624 qui
536 1589 682 1616 ratiocinio
704 1587 894 1615 tantummodo
908 1586 1090 1622 cognitionem
1107 1577 1130 1607 Β

299 1644 390 1663 rerum
408 1636 576 1667 tribuerunt,
589 1635 670 1669 longe
686 1633 720 1661 ab
732 1633 777 1660 illa
800 1632 948 1660 recessisse
959 1631 1095 1667 comperti

299 1686 374 1709 sunt.
388 1682 421 1708 At
437 1682 454 1709 ii
466 1682 512 1716 qui
526 1681 600 1708 omni
613 1681 674 1707 vitae
682 1680 853 1708 delectationi
865 1678 959 1706 nuntio
968 1678 1094 1711 remisso.

302 1728 381 1756 unice
396 1727 564 1762 vestiganda:
582 1726 704 1754 scientiae
725 1729 836 1756 vacant,
851 1732 964 1752 manum
979 1724 1032 1752 illis
1043 1723 1094 1751 ad-

299 1775 427 1809 jutricem
443 1773 601 1808 porrigcnte
615 1772 681 1806 Deo,
696 1775 723 1799 et
737 1771 788 1807 ipsi
804 1775 878 1799 certe
896 1778 956 1798 eam
969 1777 1093 1804 compre-

301 1821 474 1853 Iiendunt,et
493 1821 564 1847 alios
582 1820 627 1854 qui
647 1821 770 1855 ipsorum
800 1818 915 1854 vestigia
944 1821 1093 1850 sectantur,

300 1869 334 1894 ad
351 1868 474 1894 eamdem
487 1873 562 1894 recto
584 1874 666 1894 cursu
693 1866 844 1893 deducunt.
876 1864 972 1892 Priore
1000 1865 1094 1898 itaque

300 1912 383 1940 modo
392 1913 466 1940 circa
483 1920 531 1940 eos
546 1912 593 1947 qui
607 1912 701 1939 divina
717 1918 848 1939 enarrare
862 1911 957 1937 volunt
973 1911 1093 1941 invento,

300 1958 449 1985 sinedubio
459 1958 598 1984 secundus
614 1964 725 1992 quoque
745 1957 944 1991 subsequctur;
962 1955 1094 1982 vicissim-

300 2012 355 2038 que
370 2004 415 2030 hic
432 2011 486 2031 non
500 2004 697 2037 subsequetur,
713 2003 766 2030 nisi
780 2002 825 2029 ille
834 2007 989 2036 compertus
1002 2001 1093 2028 fuerit.

301 2049 331 2076 Si
349 2049 431 2084 igitur
448 2049 520 2082 illos,
538 2049 584 2083 qui
599 2056 660 2075 eum
673 2048 818 2075 terminum
836 2047 994 2081 attigerunt,
1005 2046 1031 2072 lii
1047 2046 1093 2081 qui

301 2095 455 2130 ignorantia
470 2099 517 2121 aut
533 2094 639 2129 ignavia
652 2093 882 2121 tenenturscetati
895 2092 1010 2125 fuerint,
1021 2092 1092 2119 haud

301 2143 408 2168 minore
416 2148 498 2176 quam
508 2140 546 2167 illi
555 2139 715 2167 excellentia
728 2138 866 2166 fruentur.
879 2137 933 2166 Sed
941 2138 963 2166 si
975 2145 1009 2165 ne
1020 2138 1094 2166 hunc

302 2187 412 2221 quidem
436 2187 586 2214 secundum
607 2193 729 2217 cursum,
749 2185 838 2220 primo
857 2184 973 2217 exclusi,
1001 2189 1094 2212 tenere

303 2233 451 2267 patientur,
466 2232 538 2259 baud
554 2231 610 2266 jam
623 2238 738 2265 prorsus
754 2230 942 2265 improbitatis
961 2231 1093 2258 crimina-

303 2280 405 2306 tionem
419 2279 505 2306 vitare
520 2281 657 2312 poterunt.
673 2276 743 2304 Nam
757 2278 779 2305 si
791 2285 880 2311 neque
895 2277 956 2304 vita:
973 2285 1019 2311 per
1033 2284 1092 2304 om-

304 2333 365 2352 nem
384 2325 512 2351 virtutem
530 2323 690 2350 exercenda:
703 2331 796 2350 curam
815 2327 925 2358 gerunt,
954 2330 1008 2357 qua
1024 2331 1092 2358 opus

303 2370 374 2398 foret
384 2374 413 2397 ut
423 2370 456 2397 ad
469 2374 571 2397 certam
585 2369 630 2396 Dei
642 2369 784 2396 scientiam
797 2369 987 2404 pervenirent;
1004 2376 1093 2404 neque

304 2416 349 2448 iis,
366 2416 413 2450 qui
425 2416 499 2441 illam
522 2415 714 2447 obtinuerunt,
733 2415 940 2449 obtemperant;
958 2415 1025 2442 solis
1042 2422 1093 2441 au-

304 2466 359 2487 tem
371 2461 428 2488 suis
441 2458 698 2488 ratiocinationibus
708 2461 841 2493 nituntur,
858 2461 905 2496 qui
921 2461 978 2488 ﬁeri
992 2464 1091 2496 potest,

305 2510 335 2533 ut
348 2506 420 2541 quod
438 2506 491 2533 alia
507 2506 549 2533 via
563 2506 673 2538 incedit,
690 2507 742 2541 ipsi
766 2507 902 2534 diversam
917 2507 1093 2535 decurrentes

304 2552 556 2587 comprehendant?
577 2552 766 2580 Verumtamen
784 2560 846 2580 vere
857 2553 910 2579 vim
924 2559 978 2580 non
992 2552 1093 2586 patitur

306 2599 421 2626 liberum
434 2598 590 2625 arbitrium.
604 2598 687 2633 Igitur
698 2599 762 2633 quia
775 2603 802 2625 tu
814 2598 899 2633 magis
907 2603 995 2632 optas,
1006 2597 1094 2624 erudi-

306 2646 411 2673 tissime
422 2645 519 2678 amice,
530 2653 562 2672 ex
572 2645 745 2674 naturalibus
757 2644 1021 2677 ratiocinationibus,
1032 2651 1094 2678 pro-

306 2693 456 2726 positarum
472 2692 655 2726 quaestionum
682 2690 953 2723 demonstrationes;
978 2690 1003 2717 id
1020 2690 1092 2717 enim

306 2737 450 2766 manifeste
463 2738 579 2772 requirit
594 2738 620 2764 in
637 2738 698 2772 ipso
723 2737 836 2764 exordio
851 2737 981 2771 scriptum
998 2741 1092 2769 tuum;

306 2790 461 2818 quanquam
480 2783 532 2810 hoc
547 2783 618 2809 haud
642 2782 787 2817 principali
812 2782 873 2809 loeo
903 2782 966 2809 fidei
994 2786 1096 2809 nostra:

308 2828 378 2854 ratio
403 2835 463 2855 esse
481 2828 558 2859 sinit,
580 2828 644 2861 quia
679 2835 788 2854 omnem
806 2832 941 2859 mentem,
970 2834 1024 2854 non
1046 2828 1095 2853 liu-

307 2878 417 2900 manam
434 2873 635 2906 tantummodo,
649 2880 743 2901 verum
759 2873 842 2901 etiam
853 2873 1004 2908 angelicam
1024 2871 1094 2899 Deus

1141 949 1202 977 λίαν
1214 948 1406 981 ὀξυωποῠντας
1422 945 1514 973 λαθεῖν
1532 946 1692 980 δυνάμενον,
1713 945 1738 970 εἱ
1760 944 1801 979 μή
1821 953 1872 970 που
1885 944 1932 977 ἄρα

1141 997 1231 1024 τέλεον
1255 996 1303 1023 τοῦ
1325 993 1485 1030 σωματικοῦ
1500 993 1576 1019 τοῦδε
1601 991 1701 1026 γνόφου
1720 991 1752 1017 τὸ
1779 991 1868 1025 πάχος
1882 991 1932 1017 δια-

1143 1043 1246 1079 σχοῦσα
1264 1042 1349 1078 ψυχὴ,
1364 1041 1449 1077 μῦσαι
1468 1040 1484 1075 ἢ
1498 1040 1619 1075 ἀργῆσαι
1633 1037 1681 1069 τὰς
1688 1037 1837 1072 αἰσθήσεις
1851 1044 1930 1062 κατα-

1149 1089 1278 1122 πείσασα,
1298 1088 1389 1123 ἴχνους
1405 1087 1479 1118 τινος
1495 1086 1579 1119 αὐτῆς
1595 1084 1739 1119 ἐφικέσθαι
1765 1083 1931 1117 δυνήσηται*

1141 1136 1194 1168 ἓως
1207 1136 1299 1171 μέντοι
1313 1134 1360 1161 τοῦ
1386 1132 1490 1160 καπνοῦ
1510 1131 1565 1157 τῶν
1584 1130 1649 1165 περὶ
1667 1130 1716 1165 τὴν
1732 1129 1804 1164 ὓλην
1818 1131 1832 1155 ὁ
1845 1128 1930 1163 νοητὸς

1142 1182 1183 1208 ἔτι
1197 1180 1431 1216 ἀντιλαμϐάνηται
1445 1178 1595 1213 ὀφθαλμδς,
1618 1177 1655 1208 ὡς
1669 1176 1800 1212 δρίμυξιν
1817 1175 1867 1210 τὴν
1877 1174 1930 1202 τού-

1141 1235 1196 1254 των
1208 1226 1354 1262 ὑπομένων
1377 1224 1577 1260 προσπάθειαν,
1589 1223 1660 1258 τάχα
1677 1223 1725 1249 καὶ
1746 1222 1803 1257 πρὸ
1820 1221 1873 1247 τῶν
1889 1228 1929 1246 πο-

1141 1273 1195 1300 δῶν
1213 1271 1345 1307 κειμένην
1358 1271 1408 1298 οὐκ
1432 1269 1626 1304 ἐπιγνώσεται,
1646 1269 1746 1304 μήτιγε
1768 1267 1864 1303 πόρρω
1885 1273 1929 1291 που

1141 1317 1200 1344 λίαν
1216 1316 1413 1351 ἀπῳκισμένην
1426 1324 1433 1330 ·
1449 1315 1496 1342 καὶ
1514 1315 1576 1341 ὅσον
1596 1313 1628 1341 ἂν
1651 1313 1752 1348 μᾶλλον
1767 1310 1929 1348 δριμυτέρας

1141 1364 1190 1399 τῆς
1205 1363 1307 1390 τούτων
1333 1362 1462 1397 αἴσθηται
1487 1359 1670 1395 ἀντιλήψεως,
1688 1358 1792 1394 μᾶλλον
1809 1358 1859 1390 τὴν
1874 1354 1928 1381 ταύ-

1141 1418 1191 1445 της
1206 1409 1390 1444 ὐποστήσεται
1414 1406 1525 1440 ἄγνοιαν
1536 1414 1542 1420 ·
1564 1404 1656 1440 διττῆς
1669 1403 1820 1438 τοιγαροῦν
1835 1409 1927 1435 τυγχα-

1142 1453 1241 1489 νούσης
1255 1454 1351 1490 αὐτῆς,
1366 1453 1413 1480 καὶ
1430 1452 1480 1486 τῆς
1493 1452 1543 1487 μὲν
1560 1451 1624 1486 περὶ
1638 1451 1688 1486 τὴν
1711 1449 1802 1476 κτίσιν
1819 1448 1927 1482 θεωρου-

1143 1500 1239 1535 μένης,
1269 1500 1318 1535 τῆς
1344 1499 1372 1526 δὲ
1397 1498 1462 1533 περὶ
1475 1498 1521 1524 τὸν
1537 1497 1677 1528 κτίσαντα,
1695 1496 1759 1522 ὅσον
1785 1492 1927 1526 ὑποϐέϐηκε

1143 1546 1189 1573 τοῦ
1206 1546 1391 1581 Πεποιηκότος
1406 1544 1440 1571 τὰ
1454 1543 1610 1577 Κτίσματα,
1625 1541 1752 1568 τοσοῦτον
1771 1538 1927 1574 ὑπερελήλα-

1146 1601 1190 1619 ται
1205 1593 1221 1626 ἡ
1242 1591 1399 1627 ἀκραιφνὴς
1423 1589 1471 1617 τοῦ
1491 1588 1677 1623 Ιιεποιηκότος
1693 1588 1858 1620 ἐπίγνωσις·
1876 1582 1927 1609 ἰοεν

1146 1639 1204 1665 ὅσοι
1219 1638 1361 1673 λογισμοῖς
1378 1637 1468 1672 μόνοις
1482 1636 1530 1671 τὴν
1547 1635 1657 1662 πάντων
1672 1633 1775 1668 γνῶσιν
1794 1631 1926 1660 ἀπέδοσαν,

1147 1684 1242 1719 πόρρω
1273 1691 1325 1710 που
1348 1682 1451 1717 ταύτης
1469 1681 1632 1717 ἐληλακότες
1655 1679 1829 1715 εὑρέθησαν’
1841 1673 1928 1703 ὃσοιδὲ

1146 1730 1222 1765 πάσῃ
1237 1730 1269 1764 τῇ
1282 1728 1354 1755 κατά
1369 1728 1426 1764 βίον
1442 1727 1569 1763 ῥᾳστώνῃ
1595 1725 1701 1762 χαίρειν
1716 1724 1854 1755 εἰπόντες,
1870 1719 1926 1755 πρὸς

1147 1775 1232 1812 μόνην
1249 1775 1297 1809 τὴν
1310 1773 1411 1808 ταύτης
1427 1773 1542 1809 ἔρευναν
1559 1771 1774 1807 ἁπησχὸληνται,
1795 1770 1843 1803 τῆς
1865 1766 1928 1812 Oeta;

1146 1811 1237 1853 αὐτοῖς
1269 1819 1462 1855 ὲπαμυνούσης
1506 1819 1606 1854 χειρὸς,
1641 1816 1717 1844 αὐτοί
1747 1825 1778 1842 τε
1812 1811 1926 1848 ἀσφαλῶς

1145 1868 1346 1902 κατειλήφασι·
1378 1866 1425 1893 καὶ
1447 1866 1510 1897 τοὺς
1536 1865 1646 1892 ἐκείνων
1667 1860 1926 1891 κατακολουθοῦντας

1145 1914 1200 1945 τοῖς
1216 1914 1313 1948 ἴχνεσι,
1325 1913 1394 1948 πρὸς
1410 1911 1495 1946 αὐτὴν
1513 1910 1687 1946 εὺουδρόμως
1700 1906 1925 1944 ὲχειραγώγησαν-

1145 1959 1199 1986 Τοῦ
1219 1959 1308 1985 τοίνυν
1337 1957 1447 1993 πρώτου
1478 1957 1581 1993 τρόπου
1608 1956 1673 1992 περὶ
1688 1956 1752 1987 τοὺς
1765 1956 1802 1982 τὰ
1817 1954 1872 1980 θεῖα
1897 1949 1927 1975 δι·

1144 2004 1287 2040 αγορεύειν
1307 2003 1485 2039 βουλομένους
1510 2003 1721 2038 εὑρισκομένου,
1745 1997 1926 2036 ἀναμφιὸόλως

1145 2051 1194 2078 καὶ
1220 2050 1234 2077 ὁ
1260 2050 1385 2085 δεύτερος
1400 2050 1509 2084 ἕψεται·
1528 2049 1577 2084 οὐχ
1590 2048 1685 2083 ἕψεται
1699 2048 1737 2081 δὲ,
1758 2047 1796 2082 μὴ
1811 2041 1927 2081 φαινομέ-

1147 2105 1192 2123 νου
1204 2096 1320 2122 ὲκείνου.
1332 2096 1422 2131 Μέχρι
1438 2094 1487 2130 μὲν
1501 2095 1547 2121 οὖν
1562 2096 1618 2126 τοῖς
1638 2091 1689 2121 ὦδέ
1701 2102 1738 2129 πη
1757 2089 1927 2125 καταφθάπ·

1146 2150 1189 2169 σιν
1206 2141 1230 2168 οἱ
1248 2141 1345 2177 ἀγνοίᾳ
1364 2142 1412 2168 καὶ
1439 2140 1560 2176 ῥᾳθυμίᾳ
1583 2139 1785 2175 κεκρατημένοι
1802 2136 1926 2171 παρέπον·

1145 2196 1202 2221 ται,
1217 2187 1294 2214 οὐδὲν
1308 2185 1389 2223 ἦττον
1409 2187 1458 2221 τῆς
1476 2186 1562 2221 αὐτῆς
1587 2186 1702 2217 ἐκείνοις
1717 2185 1852 2219 θειότητος
1866 2184 1925 2208 ἀπο·

1147 2234 1307 2261 λαύσονται¹
1341 2233 1459 2269 ὁπηνίκα
1485 2233 1514 2260 δὲ
1537 2233 1605 2269 μηδὲ
1636 2232 1682 2259 τὸν
1702 2231 1828 2267 δεύτερον
1841 2226 1925 2255 πλοῦν,

1146 2279 1345 2314 ἀναϐληθέντος
1360 2279 1407 2305 τοῦ
1428 2278 1548 2314 πρώτου,
1580 2278 1757 2314 μεταδιώκειν
1784 2277 1924 2310 ἀνέχονται,

1146 2325 1238 2352 οὐκέτι
1250 2334 1300 2352 που
1317 2325 1424 2356 πάντως
1441 2325 1470 2352 τὸ
1482 2325 1531 2359 τῆς
1548 2324 1717 2360 κακουργίας
1733 2323 1860 2358 ἔγκλημα
1874 2319 1925 2345 δια·

1148 2371 1246 2406 δρᾶναι
1261 2371 1431 2404 δυνήσονται.
1463 2371 1495 2397 Et
1518 2371 1572 2405 γὰρ
1597 2370 1655 2405 βίου
1678 2370 1728 2405 μὲν
1747 2366 1924 2404 ἐξησκημένον

1147 2418 1277 2453 φροντίδα
1302 2418 1332 2444 οὺ
1365 2417 1496 2449 τίθενται,
1524 2418 1561 2449 ὡς
1584 2419 1616 2444 ἂν
1630 2417 1670 2449 είς
1687 2416 1718 2443 τὸ
1740 2418 1788 2451 τῆς
1801 2411 1925 2443 ἀπλανοῦς

1147 2463 1313 2497 θεογνωσίας
1327 2464 1525 2498 καταφοάσωσι
1552 2464 1662 2499 μέτρον,
1681 2465 1737 2495 τοῖς
1752 2472 1783 2489 τε
1808 2459 1925 2492 κατειλη-

1147 2509 1225 2544 φόσιν
1257 2510 1287 2536 οὐ
1319 2510 1542 2541 καταπείοονται,
1574 2511 1665 2545 μόνοις
1689 2510 1718 2536 δὲ
1743 2511 1796 2540 τοῖς
1827 2504 1925 2535 οἰκείοις

1147 2554 1334 2589 ἐπερείδονται
1359 2555 1510 2590 λογισμοῖς,
1535 2556 1618 2583 πόθεν
1641 2555 1687 2582 τοῦ
1715 2556 1749 2582 δι’
1769 2555 1851 2590 ἄλλης
1873 2547 1924 2578 ὸδοῦ

1147 2599 1351 2634 λαμϐανομένου
1387 2601 1483 2634 ἑτέραν
1509 2601 1697 2636 ἐπιτρέχοντες
1714 2599 1922 2634 καταλήψονταιὲ

1148 2644 1218 2678 πλὴν
1235 2644 1364 2671 ὰῦίαστον
1376 2643 1483 2680 ἀληθῶς
1499 2646 1527 2672 έν
1544 2646 1612 2672 πᾶσι
1632 2646 1664 2672 τὸ
1679 2644 1860 2677 αὐτεξούσιον.
1874 2641 1924 2667 Τοι-

1146 2690 1249 2725 γαροῦν
1273 2691 1367 2727 ἐπειδὴ
1395 2693 1504 2727 φροντὶς
1534 2692 1634 2727 μᾶλλον
1651 2690 1693 2727 ’τῇ
1714 2690 1849 2726 λογιότητι
1873 2694 1921 2716 σου.

1147 2737 1362 2772 πολυπειρότατε
1376 2738 1448 2772 φίλε,
1467 2739 1523 2770 τοῖς
1547 2739 1578 2765 ἐκ
1598 2737 1706 2773 φύσεως
1729 2737 1867 2772 λογισμοῖς
1878 2731 1923 2759 τῶν

1147 2783 1264 2818 αἱρετῶν
1278 2784 1328 2816 τὰς
1357 2784 1509 2817 ἀποδείξεις
1532 2784 1752 2811 καθυποὸἀλλειν
1765 2792 1773 2799 ·
1788 2784 1864 2810 τοῦτο
1877 2778 1922 2813 γὰρ

1144 2829 1174 2855 τὸ
1190 2829 1236 2856 σὺν
1255 2830 1350 2864 σαφῶς
1370 2832 1537 2866 παρίστησιν
1554 2832 1582 2857 έν
1598 2830 1752 2866 προοιμίοις
1768 2830 1889 2866 γράμμαν
1902 2822 1922 2849 εί

1143 2875 1192 2902 καὶ
1220 2876 1257 2911 μὴ
1282 2876 1362 2903 τοῦτο
1381 2878 1598 2913 προηγουμένως
1619 2879 1633 2904 ὸ
1656 2878 1707 2912 τῆς
1726 2877 1786 2905 καθ’
1805 2876 1872 2912 ἡμᾶς
1885 2868 1922 2898 ιιι·
