4048 6406
250 351 358 414 809

1373 356 1807 439 REFUTATJO
1870 357 2350 421 MOHAMEDIS.

3392 367 3497 431 810

250 478 420 526 στεως
452 461 739 533 ἐπιτρέπει
770 466 928 535 λόγος
958 466 1048 522 διὰ
1076 464 1136 519 τὸ
1184 464 1361 539 πάσης
1387 468 1595 533 ἑννοίας
1617 470 1679 524 οὐ
1720 470 1808 540 μόι

1930 472 2142 527 excedit
2167 490 2182 536 ;
2221 473 2298 527 tui
2326 480 2507 526 tamen
2537 473 2732 542 gratia,
2759 481 2885 528 ante
2915 477 3097 529 omnia
3134 491 3197 530 ex
3254 477 3357 532 hnc
3382 495 3500 534 ser-

246 570 333 605 νον
361 554 708 627 ἀνθρωπίνης
736 559 869 613 ἀλλὰ
902 559 997 613 καὶ⁵
1054 559 1356 630 ἀγγελικῆς
1390 560 1741 632 ὑπερϐαίνειν
1762 563 1823 617 τὸ
1854 564 1877 589 ⁸

243 647 414 710 θετον,
447 648 546 719 σῆς
597 648 761 704 ἕνεκα
806 654 1049 723 χάριτος,
1086 651 1303 725 πρῶτον
1344 652 1446 722 μὲν
1475 654 1540 708 ἐκ
1562 655 1822 711 τοιούτων

242 734 416 805 λόγων
442 744 985 808 κατασκευαστικῶς,
1016 745 1141 798 ὅσον
1190 744 1335 798 κατὰ
1384 743 1444 798 τὸ
1470 745 1698 799 δυνατὸν
1722 746 1821 817 τὴν

242 829 371 897 περὶ
395 828 455 881 τὸ
479 830 632 885 Θεῖον
677 832 835 902 ήμῶν
872 834 1030 899 δόξαν
1082 834 1392 905 ὲκθέμενοι,
1418 836 1480 888 τὸ
1512 836 1817 907 τηνικαῦτα

240 918 347 970 τῶν
385 921 494 973 σῶν
523 923 927 995 προϐλημάτων
964 928 1063 997 τὴν
1111 928 1387 999 ἡμετέραν
1420 927 1817 984 διαϐαλλόντων

241 1010 537 1082 Θρησκείαν
581 1017 994 1088 ἐπισκεψόμεθα
1018 1018 1118 1090 τὴν
1145 1018 1299 1088 ἰσχύν
1323 1032 1337 1047 ·
1367 1016 1605 1090 ἄρξομαι
1644 1017 1690 1071 δ’
1730 1020 1818 1073 ὲν-

238 1099 427 1156 τεῦθεν
456 1118 472 1133 ·

1936 566 2116 620 monis
2141 579 2365 634 genere,
2399 564 2827 621 demonstrative
2856 578 3120 636 quantum
3157 570 3268 623 tieri
3323 582 3502 640 potest

1927 664 2170 711 nostram
2203 657 2271 711 ad
2328 656 2439 711 Deo
2491 656 2815 712 sententiam
2848 673 3185 729 exponemus
3222 678 3235 712 :
3269 678 3504 733 moxque

1928 755 2376 816 argumentorum
2405 757 2620 804 tuorum
2675 749 2992 820 religionem
3051 762 3288 807 nostram
3325 770 3502 824 opuu-

1927 840 2212 905 guantium
2246 840 2353 894 vim
2410 842 2830 912 pcrpendemus.
2874 842 3013 901 llinc
3062 855 3246 902 autem
3282 848 3498 905 initium

1930 930 2147 986 dicendi
2176 931 2393 987 faciam.

322 1256 984 1347 Niceteslnbltinefepetit
1021 1263 1709 1347 longam_suq_rn_religionis
1742 1267 2062 1347 Christiana
2091 1268 2613 1347 demonstrationem,
2676 1291 2837 1347 quem
2870 1276 3290 1347 t'niprazredente
3347 1293 3500 1347 opere

235 1331 518 1397 scripserat
553 1329 628 1401 (in
662 1329 1145 1415 .edt'tt'onennastrri.
1170 1336 1275 1415 col.
1330 1329 1646 1415 ὅῖῦμιδῖίιιε
1669 1337 1753 1415 Δαα
1778 1338 1806 1390 7

1920 1356 1934 1405 ;
1971 1355 2150 1407 nempe
2184 1354 2215 1415 :_
2241 1341 2304 1394 '0
2327 1329 2643 1412 πάνσοφός
2671 1329 2767 1399 καὶ
2807 1329 3303 1415 φιλάγαθος-Ἠλῖ.
3325 1329 3501 1402 Lidd-

234 1414 352 1482 τμα
379 1403 868 1482 κατεσκεύασεν-ί
904 1402 1359 1482 sapientissimus
1383 1417 1434 1482 et
1454 1402 1715 1482 bonitatis
1756 1402 1985 1482 amator
2005 1402 2139 1482 etc},
2186 1411 2383 1482 dogma
2429 1402 2826 1482 comprobavit:
2864 1402 3203 1474 Om'ittuntur
3233 1427 3409 1473 tamen
3445 1421 3499 1477 iu

235 1471 799 1559 Itncqrepetitionetoci
816 1474 939 1526 tduo
960 1471 1155 1558 breves,
1185 1491 1365 1559 nempe
1389 1477 1462 1559 de.
1486 1475 1793 1559 Mahamede
1823 1479 1930 1534 col.
1958 1479 2085 1559 ϐξέλ,
2119 1471 2168 1534 et
2210 1471 2344 1534 alter
2367 1471 2718 1559 de'.4gdrenis
2733 1486 2839 1540 col.
2872 1471 3195 1559 697,;Aidqvtte
3216 1471 3502 1559 euﬁphentite

234 1557 434 1632 t‘t-lttfa“,
495 1552 765 1632 uthputo‘,
810 1546 1123 1632 neygqtn‘icus
1180 1544 1620 1632 .Moftamedenus,
1680 1548 1957 1632 adquem
1988 1548 2210 1631 Nicetes
2241 1544 2924 1632 “scribitfo/fenderetur.
2977 1544 3320 1632 Nos'itaqu'e
3375 1544 3495 1619 uni:

233 1626 438 1698 uertunt
491 1612 658 1698 illam
702 1613 1021 1669 Christianae
1072 1615 1333 1688 analogia:
1374 1628 1580 1688 partem
1608 1612 1974 1688 repetendam
2024 1638 2126 1675 non
2150 1612 2538 1689 judicavimus,
2575 1612 2715 1694 ’ἓμιὶα
2761 1628 2878 1698 iam
2908 1630 2963 1682 in
2997 1612 3496 1691 volumiitjemnostro

228 1682 526 1749 proﬂabat.

307 1816 372 1889 β’.
410 1816 617 1887 Καιρὸς
672 1818 777 1889 ἤδη
829 1818 1017 1873 λοιπὸν
1064 1821 1162 1876 καὶ
1205 1821 1305 1887 τὰς
1352 1822 1411 1877 ὲν
1462 1822 1540 1894 τῷ
1568 1822 1645 1894 σῷ
1676 1838 1808 1893 συγ-

1983 1824 2040 1878 2.
2082 1822 2321 1893 Tempus
2345 1835 2426 1882 est
2453 1838 2513 1883 ut
2554 1828 2812 1900 deinceps
2844 1833 3256 1891 consideremus
3306 1853 3374 1891 an
3399 1853 3494 1893 ac-

225 1912 516 1983 γρᾶμματι
550 1912 806 1977 διαϐολὰς
833 1913 977 1969 κατὰ
1005 1916 1107 1986 τῆς
1153 1916 1433 1987 ἡμετέρας
1464 1917 1722 1983 πίστεως,
1760 1918 1810 1972 εἰ

224 2005 533 2069 εὐθυϐόλως
586 2005 821 2077 ἔχουσιν,
871 2008 1312 2079 ὲπισκέψασθαιυ
1365 2010 1604 2083 ἄρξομαι
1636 2011 1693 2065 δὲ
1724 2012 1811 2065 ὲν-

225 2097 416 2150 τεῦθεν
443 2111 457 2127 ’
505 2099 659 2169 Ἔχει
705 2098 764 2153 τὸ
797 2099 889 2155 σὺν
909 2099 1148 2172 γράμμα
1175 2099 1348 2166 οὕτως
1374 2118 1386 2130 ·
1419 2120 1439 2154 t
1467 2103 1578 2156 Kal.
1609 2101 1811 2159 ἔδωκεν

222 2193 253 2244 ό
281 2191 413 2254 Θεὸς
443 2192 649 2257 αὐτοῖς,
675 2192 918 2263 δηλονότι
946 2195 1059 2257 τοῖς
1086 2194 1148 2265 δη
1159 2194 1573 2266 μιουργηθεῖσιν
1599 2193 1810 2266 ἀνθρώ-

222 2300 371 2346 ποις,
406 2282 533 2337 νοῦν
562 2282 657 2337 τοῦ
708 2284 1000 2353 γινώσκειν
1050 2285 1131 2338 ὅτι
1180 2288 1213 2355 ἡ
1269 2285 1601 2357 δημιουργία
1633 2302 1808 2355 κεχω-

223 2376 458 2447 ρισμένη
501 2376 646 2436 ἐστὶ,
681 2378 775 2431 καὶ
830 2378 1022 2450 πόρρω
1072 2368 1349 2448 ἀφέστηκε
1383 2378 1504 2447 τῆς’⁴
1535 2378 1671 2447 πρὸς
1717 2377 1809 2430 τὸν

221 2467 571 2538 Δημιουργδν
597 2467 917 2541 ὁμοιότητος
945 2484 962 2501 ·
1016 2469 1112 2523 καὶ
1144 2469 1228 2522 ὅτι
1260 2470 1368 2523 πᾶν
1396 2469 1612 2540 ποίημα
1630 2470 1809 2533 ἐνδεές

221 2562 343 2613 ἐστι
385 2559 479 2612 τοῦ
535 2562 883 2631 ποιήσαντος.
930 2579 948 2612 r
987 2560 1160 2614 Τοῦτο
1213 2560 1472 2632 σύμφημι
1521 2562 1697 2630 κάγὼ,
1726 2563 1807 2616 ὅτι

221 2654 334 2705 πᾶν
361 2652 770 2722 παραγόμενον,
806 2652 1091 2724 ἀλλότριόν
1116 2654 1233 2707 ἐστι
1263 2654 1365 2723 τῆς
1395 2652 1687 2719 οὐσιώδους
1710 2653 1806 2707 τοῦ

219 2744 566 2815 παράγοντος
596 2744 917 2815 ὁμοιότητος
947 2759 960 2775 ⁸
1011 2744 1091 2799 διὸ
1126 2746 1221 2799 καὶ⁵
1252 2745 1327 2808 ὡς
1377 2744 1808 2816 ὡμολογημένον

154 2855 164 2862 ·
219 2836 319 2890 καὶ
353 2837 485 2907 παρ’
516 2835 674 2908 ἡμῶν
698 2837 942 2907 εἰλήφθω
962 2854 974 2865 ·
1033 2834 1154 2892 εἶτα
1205 2837 1268 2890 τὸ
1298 2837 1425 2908 ἑξῆς
1455 2837 1650 2892 τούτου
1686 2854 1808 2893 συν-

218 2929 529 3000 απτόμενον
558 2929 619 2982 τὸ
648 2929 828 2998 λέγον,
865 2930 948 2983 ὅτι
983 2948 1002 2981 ι
1049 2925 1325 2994 Ἕκαστος
1358 2931 1642 3003 γεννήτωρ
1670 2931 1807 3002 πρό-

156 3074 169 3083 τ
214 3023 377 3091 τερός
398 3024 512 3075 ἐστι
538 3019 634 3074 τοῦ
656 3021 860 3075 οἰκείου
892 3022 1260 3093 γεννήματος.
1296 3040 1315 3073 ι
1368 3020 1496 3076 Ἐπί
1531 3038 1586 3074 τι
1616 3022 1716 3091 μὲν
1745 3023 1808 3077 τὸ

216 3112 420 3182 ἀληθὲς
451 3112 565 3184 ἔχει
606 3113 794 3177 ἁπλῶς
822 3112 1111 3183 τιθέμενον
1139 3129 1154 3144 ⁸
1197 3113 1291 3166 ἐπί
1318 3131 1369 3167 τι
1392 3113 1449 3167 δὲ
1480 3113 1543 3168 τὸ
1574 3113 1805 3184 ψεῦδος’

1920 1916 2233 1975 cusationes
2265 1934 2387 1988 quae
2426 1919 2481 1974 in
2513 1928 2608 1976 tuo
2627 1922 2831 1993 scriptu
2881 1924 3147 1981 adversus
3208 1927 3365 1983 ﬁdem
3402 1946 3494 1984 no-

1919 2018 2091 2065 stram
2136 2011 2292 2075 ﬁunt,
2333 2021 2478 2069 recte
2509 2028 2569 2069 se
2604 2015 2861 2070 habeant.
2898 2016 3037 2073 Hine
3057 2034 3187 2089 ergo
3213 2022 3491 2077 exordiar.

1916 2101 1976 2157 In
2005 2100 2213 2174 sc'ripto
2236 2114 2329 2159 tuo
2358 2106 2439 2160 sic
2467 2106 2664 2176 legitur
2694 2125 2707 2162 :
2741 2127 2759 2160 ι
2799 2107 2955 2165 Dedit
2981 2112 3047 2166 iis
3098 2111 3263 2177 Deus,
3303 2114 3358 2169 id
3410 2125 3496 2171 est

1916 2194 2117 2249 creatis
2139 2195 2476 2262 hominibus,
2502 2208 2736 2254 mentem
2759 2200 2823 2255 ad
2854 2206 3318 2273 cognoscendum,
3338 2222 3493 2261 crea-

1917 2294 2093 2338 turam
2124 2285 2398 2341 diversam
2424 2304 2547 2344 esse
2572 2292 2871 2362 proculque
2922 2294 3129 2351 distare
3160 2313 3189 2352 a
3227 2300 3492 2355 similitu-

1916 2376 2044 2431 dine
2084 2393 2207 2432 cum
2262 2379 2559 2449 Creatore;
2611 2394 2665 2439 et
2714 2400 2825 2440 rem
2876 2385 3076 2443 factam
3151 2390 3310 2462 longe
3370 2408 3495 2447 esse

1916 2467 2236 2525 inferiorem
2298 2470 2523 2528 factore.
2576 2494 2595 2526 ι
2629 2473 2744 2530 Hoc
2791 2487 2844 2531 et
2874 2494 2976 2548 ego
3027 2481 3293 2544 concedo,
3345 2487 3531 2555 quod_

1918 2564 2112 2633 nempe
2144 2565 2471 2634 productum
2505 2567 2776 2623 diversum
2808 2571 2935 2624 sita
2989 2571 3337 2629 substantiali
3374 2591 3496 2643 pro-

1914 2656 2169 2712 ducentis
2213 2658 2593 2713 similitudine.
2630 2659 2813 2727 Quare
2853 2661 2955 2717 hoc
2987 2674 3246 2733 tanquam
3277 2681 3307 2720 a
3335 2650 3494 2723 nobis

1916 2763 2138 2819 quoque
2162 2749 2473 2806 confessum
2526 2752 2807 2807 habeatur.
2843 2753 3049 2809 Deinde
3079 2757 3328 2825 sequitur
3360 2774 3492 2813 cono

1916 2854 2057 2895 nexa
2088 2840 2361 2896 sententia
2398 2842 2478 2897 sic
2506 2859 2518 2894 :
2556 2860 2573 2891 ι
2609 2840 2804 2898 Omnis
2833 2844 3050 2914 genitor
3076 2846 3225 2918 prior
3246 2857 3327 2902 est
3364 2864 3493 2918 pro-

1915 2932 2038 3002 prio
2091 2932 2386 3003 genimine.
2446 2952 2466 2985 ι
2530 2933 2644 2989 Hoc
2690 2935 2758 2990 de
2814 2936 2997 3006 aliqua
3057 2954 3115 2993 re
3164 2938 3490 3009 simpliciter

1915 3023 2148 3092 dictum,
2208 3039 2332 3078 vere
2390 3041 2450 3079 se
2510 3026 2815 3082 habetzde
2865 3028 2967 3081 alia
3026 3040 3208 3083 tamen
3256 3031 3490 3097 dictum,

1915 3111 2117 3168 falsum
2148 3122 2268 3169 est:
2305 3122 2359 3169 et
2380 3115 2508 3187 quia
2550 3116 2655 3170 hoc
2694 3114 2805 3171 Deo
2831 3126 3151 3174 extraneum
3184 3128 3290 3187 est,
3318 3121 3489 3176 necin

218 3206 319 3259 καὶ
341 3206 422 3259 ὅτι
447 3206 541 3258 ἐπὶ
560 3205 697 3259 Θεοῦ
731 3205 1011 3276 ἀλλότριόν
1045 3207 1162 3259 ἐστι
1190 3206 1285 3260 καὶ
1312 3204 1498 3276 χώραν
1535 3207 1637 3261 οὐκ
1670 3206 1805 3278 ἔχει,

1914 3219 1980 3260 eo
2030 3206 2213 3262 locum
2271 3208 2454 3276 habet,
2508 3209 2561 3263 id
2602 3224 2704 3279 ego
2754 3226 2929 3279 neque
2978 3212 3263 3266 admittam
3315 3228 3493 3283 neque

211 3298 344 3352 οὔτε
370 3297 728 3368 ἀποδέξομαι,
789 3297 913 3353 οὔτε
955 3297 1309 3369 ὁμολογήσειν
1360 3297 1567 3367 ἐλέγξω
1604 3299 1682 3367 δὲ,
1708 3301 1806 3354 καὶ

212 3393 276 3442 ὲν
307 3384 389 3451 οἷς
412 3387 599 3459 χώραν
629 3388 745 3460 ἔχει
792 3390 1138 3461 παραστήσω
1159 3407 1174 3423 ·
1203 3389 1366 3443 τοῦτο
1401 3385 1496 3444 οῦν
1529 3391 1595 3445 σὺ
1622 3388 1805 3447 λαϐὼν

210 3485 295 3551 ὡς
332 3488 780 3560 ὡμολογημένον,
830 3490 1007 3553 δοκεῖς
1042 3489 1141 3560 μὲν
1198 3491 1348 3561 ἡμᾶς
1394 3489 1801 3562 παρακρούειν.

208 3581 336 3651 ἦτοι
360 3583 435 3645 εἰς
471 3582 563 3634 τόν
593 3582 693 3650 τῆς
745 3582 1163 3652 όμοουσιότητος
1191 3582 1373 3651 λόγον,
1408 3580 1441 3651 ἢ
1474 3584 1556 3645 είς
1577 3583 1680 3653 τὴν
1708 3580 1804 3635 τοῦ

207 3671 543 3739 γεννήτορος
602 3672 696 3724 καὶ
726 3671 1066 3739 γεννήματος
1096 3670 1311 3741 σχέσιν·
1363 3671 1458 3724 καὶ
1492 3670 1634 3734 πῶς,
1665 3670 1800 3741 ἐρῶ.

222 3761 421 3832 Ἦμῶν
448 3763 558 3831 γὰρ
601 3762 1015 3832 ὁμολογούντων
1054 3761 1453 3832 ὁμοουσιότητα
1477 3761 1574 3814 καὶ
1609 3760 1803 3816 ταυτό-

205 3870 356 3922 τητα
388 3852 482 3907 τοῦ
542 3871 601 3907 τε
660 3854 879 3924 ﬂat-cpe:
904 3855 996 3907 καὶ
1035 3852 1189 3915 Υἱοῦ,
1222 3854 1314 3907 καὶ
1345 3853 1439 3906 τὸν
1476 3852 1575 3925 μὲν
1615 3853 1691 3916 ὡς
1714 3869 1805 3922 γε-

209 3946 520 4016 γεννηκότα
549 3946 768 4011 Πατέρα
795 3945 1099 4011 καλεῖσθαι,
1138 3946 1228 3999 τὸν
1254 3945 1310 3999 δὲ
1364 3944 1440 4008 ὡς
1471 3944 1805 4015 γεγεννημέ-

206 4057 309 4095 νον
350 4038 500 4105 Υἱδν,
566 4037 749 4091 λαϐὼν
781 4038 846 4091 σὺ
887 4040 952 4091 ὲκ
1006 4037 1115 4091 τῶν
1163 4037 1287 4091 καθ’
1328 4039 1478 4108 ήμᾶς
1501 4037 1722 4107 ἀξίωμα
1741 4035 1803 4089 τὸ

205 4132 399 4201 λέγον.
434 4132 516 4185 ὅτι
546 4149 564 4182 ι
605 4129 877 4193 Ἕκαστος
916 4129 1199 4201 γεννήτωρ
1246 4128 1510 4200 πρότερός
1544 4130 1662 4181 ὲστι
1704 4127 1802 4181 τοῦ

204 4224 417 4280 οἰκείου
437 4224 794 4294 γεννήματοςο
821 4241 839 4273 ι
863 4222 957 4275 καὶ
988 4220 1146 4274 τοῦτο
1174 4221 1267 4274 ἐπὶ
1286 4220 1385 4291 τῆς
1412 4219 1561 4284 Θείας
1583 4219 1800 4289 φύσεως

207 4316 410 4380 κακῶς
461 4316 819 4384 ἐπισυνάψας.
852 4317 991 4386 ὅπερ
1036 4313 1238 4383 μᾶλλον
1295 4316 1387 4366 ἐπὶ
1430 4312 1671 4383 γενητῆς
1706 4312 1801 4365 καὶ

205 4409 444 4477 κτιστῆς
467 4406 682 4477 φύσεως
739 4406 922 4478 χώραν
953 4406 1087 4477 ἔχει,
1121 4404 1214 4459 ἐπὶ
1241 4404 1297 4458 δὲ
1323 4404 1460 4459 Θεοῦ
1493 4405 1593 4458 οὐκ
1624 4404 1801 4476 ερρω-

202 4520 306 4555 ται
339 4501 456 4572 (καὶ
483 4500 591 4572 γὰρ
623 4501 796 4553 πολλὰ
825 4500 947 4571 μὲν,
984 4501 1081 4552 καὶ¹
1113 4500 1162 4551 εί
1202 4496 1309 4568 χρὴ
1336 4496 1568 4566 τάληθὲς
1603 4495 1801 4559 εἰπεῖν,

204 4595 429 4664 ἄπειρα
456 4595 541 4663 ἐφ’
578 4594 738 4664 ἡμῶν
765 4593 953 4664 χώραν
985 4594 1120 4663 ἔχει,
1154 4592 1246 4643 ἐπὶ
1268 4590 1324 4643 δὲ
1353 4588 1491 4642 Θεοῦ
1522 4588 1804 4652 παντελῶς

201 4684 474 4756 ἁλλότριά
501 4687 661 4754 ἐστι),
686 4685 845 4738 τοῦτο
870 4680 965 4738 οὖν
988 4683 1061 4739 ὡς
1091 4683 1289 4754 ἀληθὲς
1316 4682 1408 4735 ἐπὶ
1442 4679 1577 4734 Θεοῦ
1600 4679 1805 4746 λαϐὼν,

200 4770 319 4829 ὧδέ
353 4793 470 4838 πως
507 4776 759 4844 συνάγεις
784 4791 798 4806 ·
850 4774 913 4829 Εἰ
940 4774 1171 4837 ἕκαστος
1223 4774 1503 4844 γεννήτωρ
1537 4772 1807 4843 πρότερός

201 4872 336 4921 ἐστι
360 4868 453 4921 τοῦ
484 4868 689 4922 οίκείου
721 4867 1082 4938 γεννήματος,
1108 4866 1207 4918 οὐκ
1252 4865 1449 4917 ἔσταιὸ
1484 4865 1615 4936 παρ’
1649 4862 1810 4934 ἡμῶν

204 4962 615 5032 πιστευόμενος
647 4961 776 5024 Υἱὸς
816 4960 896 5032 τῷ
936 4959 1111 5031 Πατρὶ
1157 4957 1427 5020 ωναῖδιός
1454 4973 1515 5010 τε
1544 4957 1641 5011 καὶ
1669 4958 1801 5029 ὀμο-

202 5053 416 5116 ούσιος
446 5070 458 5083 °
485 5054 535 5106 εἰ
582 5053 626 5107 δ’
675 5048 740 5107 αὖ
778 5053 940 5108 πάλιν
985 5050 1256 5113 συναῖδιος
1291 5051 1319 5102 ὁ
1345 5049 1474 5112 Υἱὸς
1501 5048 1579 5119 τῷ
1604 5049 1801 5120 Πατρὶ,

198 5146 423 5218 ἀληθὲς
450 5145 508 5199 δὲ
559 5146 620 5199 τὸ
640 5144 821 5213 λέγον,
858 5162 877 5195 ι
910 5143 1181 5206 Ἕκαστος
1210 5141 1494 5211 γεννήτωρ
1537 5138 1803 5211 πρότερός

197 5242 335 5293 ἐστι
389 5237 483 5292 τοῦ
512 5238 714 5292 οἰκείου
762 5236 1139 5308 γεννήματος,
1179 5254 1198 5287 ο
1232 5232 1711 5302 καταναγκάζεται
1768 5234 1802 5302 ἡ

200 5331 407 5401 σχέσις
438 5330 497 5395 ἐξ
530 5329 782 5401 ἀλλήλων
809 5326 1259 5398 διακεχωρίσθαι.

285 5420 364 5493 γ’.
397 5423 568 5477 Οὐδὲν
596 5420 766 5487 ξένον,
786 5414 831 5473 ὧ
869 5419 1134 5490 βέλτιστε,
1165 5418 1283 5482 ἐνὸς
1308 5417 1508 5471 ἀτόπου
1539 5414 1806 5481 δοθέντος,

201 5514 401 5587 μυρία
418 5511 647 5583 ἕψεσθαι
681 5528 697 5543 ⁸
733 5510 963 5581 καὶγὰρ
992 5510 1044 5564 εί
1082 5526 1165 5573 τις
1204 5509 1295 5562 τὸν
1328 5508 1617 5578 ἄνθρωπον
1658 5506 1807 5560 λίθον

196 5610 503 5676 ἀξιώσειε,
530 5607 746 5670 πολλοῖς
781 5605 1024 5671 ἀτόποις,
1062 5602 1262 5674 μᾶλλον
1295 5602 1351 5655 δὲ
1396 5600 1647 5672 ἀπείροις
1701 5599 1804 5654 αὐ-

197 5701 313 5754 τὸν
347 5698 671 5767 ὲπισυνάψει
704 5714 718 5728 ο
754 5696 997 5751 τοιοῦτόν
1028 5713 1080 5749 τι
1105 5694 1303 5758 καύτὸς
1346 5692 1659 5765 λημμάτιον
1709 5692 1806 5746 λα-

198 5796 338 5852 6ὼν
369 5795 460 5849 ἐπὶ
483 5794 618 5850 Θεοῦ
637 5796 697 5850 τὸ
717 5794 896 5864 λέγον,
923 5794 1003 5846 ὅτι
1030 5812 1049 5843 ι
1079 5792 1351 5855 Ἕκαστος
1369 5789 1649 5861 γεννήτωρ
1675 5788 1810 5860 πρό-

512 5892 765 5952 ΡΑἰίιοι,
842 5889 958 5949 Gn.
994 5887 1120 5949 CV.

1914 3298 2236 3355 conﬁtebor.
2274 3300 2418 3367 Quin
2449 3301 2584 3357 adeo
2630 3300 2917 3370 refutabo;
2968 3315 3022 3358 et
3055 3305 3404 3372 quandonam
3436 3306 3490 3361 id

1913 3390 2153 3458 eveniat,
2195 3406 2488 3462 exponam.
2542 3393 2621 3447 Tu
2665 3409 2795 3448 vero
2842 3394 2896 3449 id
2953 3396 3113 3464 quasi
3160 3411 3489 3454 concessum

1912 3498 2159 3549 sumens,
2185 3484 2389 3539 videris
2412 3500 2513 3540 nos
2534 3499 2595 3541 su
2607 3487 2909 3555 pptantare,
2936 3485 3053 3541 sive
3102 3486 3248 3555 quod
3283 3498 3495 3556 spectat

1913 3576 1982 3632 ad
2045 3578 2637 3633 consubstantialitatis
2697 3579 2985 3639 rationem,
3053 3579 3168 3633 sive
3208 3581 3369 3649 quod
3422 3582 3491 3637 ad

1913 3668 2187 3739 gignentis
2218 3677 2271 3724 et
2305 3668 2472 3740 geniti
2514 3669 2864 3725 relationem.
2923 3668 3095 3738 Cujus
3135 3669 3213 3723 rei
3262 3670 3487 3726 modum

1908 3760 2021 3829 jam
2052 3761 2256 3816 dicam.
2303 3758 2476 3815 Nobis
2533 3761 2693 3822 enim
2729 3760 3119 3817 confitentibus
3168 3756 3384 3815 Patrem
3427 3778 3492 3818 ac

1910 3853 2110 3909 Filium
2139 3870 2302 3909 unam
2320 3853 2482 3910 simul
2504 3854 2701 3908 habere
2712 3854 3070 3923 eamdemque
3086 3855 3450 3910 substantiam
3474 3873 3489 3920 ;

1911 3956 1966 4002 et
2009 3947 2162 4001 illum
2217 3946 2436 4018 quidem
2491 3957 2549 3999 ut
2596 3946 2928 4016 gignentem,
2990 3946 3205 4001 Patrem
3257 3947 3482 4012 vocari;

1912 4040 2061 4095 hunc
2089 4048 2272 4093 autem
2308 4046 2496 4108 utpote
2526 4039 2794 4107 genitum,
2824 4036 3059 4104 Filium;
3102 4047 3155 4092 tu
3197 4037 3267 4094 ab
3292 4039 3488 4093 huma-

1911 4132 1999 4203 nis
2031 4131 2196 4186 rebus
2225 4131 2441 4185 axioma
2468 4130 2777 4201 sumpsisti,
2827 4129 2973 4200 quod
3018 4130 3114 4194 ait,
3142 4145 3361 4185 omnem
3394 4146 3488 4201 ge-

1913 4224 2148 4278 nitorem
2176 4223 2419 4293 priorem
2455 4237 2581 4278 esse
2615 4222 2838 4293 proprio
2874 4223 3181 4293 genimine;
3212 4222 3375 4292 idque
3420 4223 3489 4277 ad

1912 4316 2153 4371 divinam
2181 4326 2434 4370 naturam
2461 4314 2603 4371 male
2629 4314 2994 4379 transtulisti;
3028 4313 3172 4385 quod
3214 4318 3267 4369 in
3293 4324 3487 4368 natura

1909 4408 2095 4478 p0tius
2126 4408 2304 4480 genita
2351 4418 2648 4479 creataque
2697 4408 2970 4471 usuvenit,
3032 4408 3085 4461 in
3139 4406 3249 4462 Deo
3302 4416 3483 4462 autem

1912 4517 2021 4557 non
2052 4501 2213 4556 valet.
2250 4500 2384 4555 Nam
2414 4508 2470 4557 et
2513 4499 2715 4571 alioqui
2772 4500 2939 4555 multa
2972 4500 3212 4570 quidem.
3250 4501 3380 4565 imo,
3427 4512 3487 4555 ut

1910 4606 2040 4647 vere
2066 4591 2265 4657 dicam,
2301 4591 2590 4646 innumera
2629 4592 2772 4661 apud
2815 4606 2915 4646 nos
2957 4590 3308 4653 usuveniunt,
3366 4606 3489 4660 qua:

1910 4698 1941 4738 a
1970 4683 2083 4740 Deo
2110 4698 2334 4755 prorsus
2366 4693 2495 4738 sunt
2542 4682 2742 4738 aliena.
2781 4678 2861 4737 Tu
2901 4697 3051 4749 vero,
3090 4683 3193 4737 hoc
3229 4693 3486 4751 tanquam

1909 4792 2100 4832 verum
2125 4777 2190 4832 de
2219 4775 2330 4832 Deo
2352 4791 2594 4843 sumens,
2630 4776 2712 4831 sic
2735 4773 2849 4831 fere
2875 4774 3161 4830 concludis
3187 4791 3201 4827 :
3228 4775 3283 4828 Si
3308 4774 3490 4828 omnis

1908 4869 2126 4939 genitor
2157 4868 2308 4938 prior
2348 4876 2433 4923 est
2460 4867 2682 4939 proprio
2736 4867 3034 4936 genimine,
3068 4865 3182 4935 jam
3220 4880 3326 4919 non
3384 4864 3492 4918 erit

1908 4960 2057 5030 quia
2090 4959 2249 5014 nobis
2271 4958 2515 5014 creditur
2552 4956 2725 5013 Filius
2750 4956 2896 5012 Patri
2929 4965 3235 5012 coaeternus
3274 4964 3329 5011 et
3357 4970 3491 5010 con-

1913 5049 2320 5107 substantialis.
2359 5048 2455 5103 Sin
2508 5050 2627 5104 vice
2659 5063 2816 5105 versa
2841 5061 3145 5105 coaeternus
3178 5057 3261 5104 est
3320 5045 3491 5102 Filius

1909 5139 2093 5207 Patri;
2158 5155 2321 5195 verax
2363 5149 2544 5194 autem
2597 5137 2818 5193 eﬂatum
2864 5145 2992 5193 est:
3031 5135 3225 5193 Omnis
3279 5136 3492 5207 genitor

1910 5233 2061 5303 prior
2090 5241 2176 5288 est
2204 5232 2429 5302 proprio
2456 5230 2769 5301 genimine;
2808 5230 3124 5286 necessario
3179 5239 3370 5284 mutua
3401 5245 3491 5283 re-

1912 5325 2046 5380 latio
2068 5340 2134 5379 ex
2169 5333 2403 5392 utr0que
2434 5322 2758 5392 seiungitur.

1984 5418 2041 5472 5.
2082 5416 2195 5471 Nec
2245 5415 2445 5470 mirum
2495 5422 2603 5477 est,
2639 5429 2673 5468 ο
2704 5412 2931 5484 optime,
2980 5411 3025 5468 si
3083 5427 3194 5467 uno
3249 5410 3488 5466 absurdo

1910 5524 2200 5573 concesso,
2234 5518 2495 5564 sexcenta
2537 5506 2854 5578 huiusmodi
2888 5512 3318 5575 consequantur.
3352 5501 3487 5555 Nam

1909 5605 1955 5660 si
1988 5603 2114 5674 quis
2145 5600 2423 5657 hominem
2470 5600 2792 5655 existimare
2833 5597 2960 5651 velit
3003 5596 3259 5665 lapidem,
3302 5594 3490 5649 multis

1916 5696 2062 5751 hunc
2089 5693 2370 5756 absurdis;
2403 5693 2513 5746 imo
2563 5690 2813 5758 inﬁnitis,
2844 5688 3145 5759 eopulabi-t.
3198 5680 3321 5742 Pari
3377 5684 3491 5739 fere

1918 5790 2161 5846 modotu
2212 5800 2432 5857 quoque
2477 5782 2868 5839 dictiunculam
2931 5781 3076 5834 hanc
3125 5778 3192 5835 de
3221 5779 3329 5835 Deo
3359 5792 3489 5848 pro—
