4048 6466
597 446 713 512 811

1886 440 2182 505 NICETAE
2219 436 2627 504 BYZANTINI
3712 465 3791 531 ιιι

614 561 897 629 nuntians,
930 575 1053 633 qua:
1090 569 1168 617 att
1207 580 1222 616 :
1262 580 1281 613 r
1318 559 1510 617 Omnis
1534 559 1752 631 genitor
1777 562 1927 631 prior
1954 567 2040 614 est
2062 571 2191 626 pro-

2303 555 2450 650 τερός
2487 556 2608 610 ἐστι
2636 553 2732 610 τοῦ
2758 554 2965 650 οίκείου
2997 556 3358 650 Ἐννήματος,
3381 576 3401 614 ι
3431 562 3515 617 τὸν
3545 571 3790 647 παραλοτι.

614 659 732 726 prio
761 655 1059 727 genimine,
1109 670 1128 707 ι
1164 652 1592 727 paraloglsmum
1622 653 1885 710 insidiose
1915 648 2188 706 struxisti.

604 747 729 804 lloc
755 746 923 817 igitur
953 744 1262 814 confutata,
1296 746 1501 819 quippe
1532 746 1660 816 quia
1693 744 1761 800 de
1794 744 1904 798 Deo
1944 756 2194 813 pronun-

610 837 736 893 tiari
770 838 984 909 nequit,
1013 848 1248 910 utroque
1274 853 1341 894 ex
1371 839 1541 894 latere
1561 836 1961 892 absurditatem
1997 831 2194 889 vitabi-

602 942 754 984 snus.
782 926 918 983 Nam
949 943 1194 999 pmsens
1212 942 1402 991 causa,
1426 943 1456 983 a
1478 928 1755 983 contraria
1781 937 1861 981 cst
1890 927 2108 980 absens.
2130 922 2193 978 Si

610 1035 743 1091 ergo
772 1021 1003 1089 dictum,
1037 1021 1218 1077 omnis
1243 1020 1476 1093 genitor,
1509 1035 1538 1072 a
1567 1029 1748 1074 creata
1802 1025 1995 1072 natura
2029 1029 2196 1086 prave

611 1121 916 1182 sumptum,
960 1111 1014 1166 in
1047 1111 1446 1166 absurditatem
1489 1109 1661 1164 trahit
1710 1108 1945 1162 dicentis
1978 1119 2193 1161 sermo-

609 1220 735 1259 nem
763 1246 776 1270 ,
811 1219 937 1259 cum
966 1204 1019 1258 id
1051 1204 1103 1257 in
1147 1202 1255 1258 Deo
1306 1219 1413 1258 non
1479 1200 1795 1265 usuveniat,
1854 1199 1975 1254 sine
2026 1196 2194 1253 dubio

610 1295 1010 1351 absurditatem
1070 1295 1423 1362 vitabimus;
1481 1305 1535 1350 ct
1590 1295 1984 1362 sempiternum
2030 1298 2196 1357 atque

605 1383 1103 1446 consubstmtiele,
1150 1393 1204 1436 ct
1260 1383 1613 1453 paternitatis
1650 1381 2002 1452 tilietatisque
2051 1379 2193 1434 rela-

610 1475 814 1529 tionem
843 1474 1159 1530 inviolatam
1180 1477 1575 1532 servabimusu
1597 1476 1789 1533 Omnis
1814 1474 2027 1547 genitor
2045 1473 2195 1544 prior

602 1576 689 1623 est
715 1567 937 1637 proprio
965 1567 1261 1638 genimine.
1298 1587 1316 1621 ι
1349 1569 1508 1640 νίψω
1542 1584 1655 1623 rem
1693 1567 1920 1623 miram!
1967 1579 2090 1637 quae
2133 1564 2189 1618 in

606 1674 694 1712 me
721 1658 942 1728 quidem
971 1667 1134 1729 teque
1167 1660 1289 1731 ipso
1323 1660 1487 1725 valet,
1524 1663 1615 1731 qui
1646 1659 1905 1715 facultate
1945 1657 2195 1712 homines

604 1765 822 1811 sumus.
853 1758 950 1805 aut
978 1751 1129 1806 aliud
1149 1750 1372 1822 quidvis
1398 1770 1413 1817 ;
1451 1751 1719 1807 cilicimur
1744 1759 1928 1806 autem
1964 1749 2039 1814 vi,
2064 1756 2196 1819 puta

604 1844 880 1914 genitores
908 1853 1004 1899 aut
1037 1845 1335 1914 sapientes.
1387 1845 1455 1899 At
1487 1844 1578 1899 ubi
1618 1841 1936 1915 huiusmodi
1968 1841 2050 1897 vis
2084 1856 2193 1896 non

2295 644 2433 715 σμδν
2471 645 2986 719 συνεσκευωρησας.
3009 646 3215 702 Τούτου
3247 645 3338 704 οὖν
3377 652 3700 729 ἐληλεγμένου
3730 644 3798 724 καὶ

2293 736 2482 810 χώραν
2513 735 2590 811 μὴ
2647 738 2862 810 ἔχοντος
2886 735 2948 793 τδ
2984 740 3249 813 παράπαν
3299 742 3390 796 ἐπὶ
3414 744 3540 801 Θεοῦ
3581 750 3799 826 λέγεσθαι,

2292 828 2395 901 τὴν
2442 831 2525 893 εἰς
2577 830 2816 903 ἑκάτερα
2847 831 3080 885 ἀτοπίαν
3107 830 3516 905 ἐκφευξόμεθα·
3561 844 3646 897 καὶ
3689 849 3805 921 γὰρδ

2301 922 2479 994 παρὸν
2505 924 2699 987 αἴτιον,
2731 923 2872 978 ἀπὸν
2916 924 3011 979 τοῦ
3053 926 3294 981 ἐναντίου
3325 944 3341 962 ·
3371 931 3419 983 εἰ
3467 930 3553 987 οῦν
3595 935 3665 1004 τὸ,
3708 940 3806 995 in.

2296 1030 2422 1078 στος
2468 1017 2773 1089 γεννήτωρ,
2825 1016 2936 1071 ἀπὸ
2990 1017 3088 1089 τῆς
3144 1021 3366 1092 κτιστῆς
3412 1022 3612 1091 φύσεως
3663 1033 3807 1098 κακῶς

2292 1106 2727 1179 λαμϐανόμενον,
2759 1108 2841 1172 εἰς
2864 1109 3067 1165 ἄτοπον
3093 1109 3184 1164 τὸν
3212 1110 3368 1179 λόγον
3398 1117 3609 1186 ἀπάγει,
3662 1124 3807 1180 τούτου

2294 1197 2480 1271 χώραν
2525 1200 2621 1253 ἐπὶ
2674 1199 2812 1254 Θεοῦ
2860 1201 2936 1273 μὴ
2982 1200 3226 1273 ἔχοντος,
3275 1204 3433 1270 δῆλον
3461 1209 3541 1262 δτι
3577 1190 3661 1265 καὶ
3678 1214 3814 1272 ἄτοπα

2294 1288 2694 1360 ἐκφευξόμεθα,
2722 1291 2787 1344 τό
2810 1308 2871 1345 τε
2902 1293 3174 1348 συναῑδιον
3203 1296 3297 1349 καὶ
3320 1298 3613 1368 δμοοὺσιον,
3640 1306 3715 1358 καὶ
3739 1308 3813 1379 τήν

2293 1382 2394 1450 τῆς
2424 1383 2763 1453 πατρότητος
2793 1386 2888 1439 καὶ
2916 1385 3166 1458 υἰότητος
3211 1389 3418 1459 σχέσιν,
3469 1391 3690 1464 ἄτρωτον
3731 1399 3818 1454 δια-

2296 1471 2630 1543 φυλάξομεν.
2671 1491 2692 1526 ι
2732 1475 3003 1541 Ἕκαστος
3039 1478 3322 1553 γεννήτωρ
3356 1483 3604 1556 πρότερός
3629 1487 3724 1542 ἐστι
3749 1492 3816 1545 τοῦ

2294 1562 2498 1617 οἰκείου
2522 1566 2917 1638 γεννήματος.»
2946 1567 3122 1625 Βαδαὶ
3144 1569 3238 1624 τοῦ
3265 1570 3537 1643 θαύματος
3561 1577 3576 1631 l
3609 1580 3723 1648 περὶ
3746 1581 3819 1651 ἐμὲ

2296 1652 2395 1708 καὶ
2421 1655 2482 1710 σὲ
2505 1655 2686 1721 τοῦτο,
2720 1657 2773 1713 οἰ
2809 1658 2872 1714 τὸ
2901 1662 2999 1732 μὲν
3016 1663 3273 1736 ἐνεργείᾳ
3301 1665 3470 1736 ἐσμὲν
3510 1666 3819 1740 ἄνθρωποι,ιί

2296 1743 2475 1816 τύχοι,
2529 1746 2563 1818 ἢ
2598 1748 2729 1804 ἄλλο
2771 1766 2866 1805 τι·
2928 1751 2990 1806 τὸ
3026 1752 3085 1807 δὲ
3131 1754 3400 1827 γινόμεθα
3451 1756 3664 1830 δυνάμει
3691 1759 3820 1829 δντις,

2295 1831 2410 1891 οἷον
2433 1840 2756 1914 γεννήτορες
2783 1842 2817 1914 ἢ
2849 1844 3243 1917 ἐπιστήμονες,
3276 1848 3310 1920 ἢ
3332 1848 3461 1904 ἄλλο
3480 1867 3533 1905 τι
3554 1867 3570 1884 ο
3623 1853 3676 1906 ἐν
3698 1848 3762 1918 οἷς
3782 1856 3821 1909 δὲ

604 1936 888 2002 usuvenit,
933 1935 1047 2005 jam
1088 1945 1257 2006 patet,
1313 1938 1621 2007 prioratum
1674 1937 1938 2008 genitoris
1970 1935 2198 1991 relative

2303 1930 2361 1985 τὸ
2382 1928 2610 2002 δυνάμει
2635 1932 2825 2008 χώραν
2844 1937 2942 2010 οὐχ
2964 1937 3098 2007 ἕξει,
3130 1938 3295 2010 δῆλον
3316 1937 3399 1996 ὅτι
3442 1943 3504 1997 τὸ
3535 1946 3824 2018 προτερεὺειν

605 2030 675 2084 ad
710 2030 952 2099 genitum
977 2043 1087 2083 non
1119 2029 1444 2086 subsistere.
1482 2028 1537 2083 Si
1566 2044 1698 2101 ergo
1718 2030 1800 2084 vis
1820 2046 1849 2084 a
1876 2029 1986 2085 Deo
2014 2026 2195 2085 aliena

604 2131 692 2177 est.
736 2122 883 2189 (nam
909 2122 990 2178 vis
1042 2122 1301 2193 passione
1326 2138 1437 2177 non
1480 2132 1666 2190 caret;
1702 2124 1784 2178 vis
1821 2122 2007 2193 aliquo
2040 2132 2192 2178 exte-

606 2216 752 2268 riore
793 2214 1040 2285 indiget;
1083 2215 1166 2271 vis
1206 2222 1292 2271 est
1341 2215 1409 2271 de
1453 2230 1653 2285 genere
1698 2214 2192 2286 imperfectorum;

607 2303 753 2361 Deus
794 2319 975 2360 autem
1026 2320 1194 2377 supra
1221 2306 1335 2361 hzec
1367 2306 1552 2361 omnia
1581 2306 1695 2376 est)
1758 2307 1890 2363 satis
1949 2314 2098 2377 patet
2126 2321 2196 2361 ne

604 2398 905 2468 prioratum
937 2399 1159 2469 quidem
1190 2399 1235 2455 ei
1269 2398 1586 2466 usuvenire,
1610 2398 1740 2470 quia
1769 2401 2047 2470 prioratus
2073 2397 2193 2454 sine

602 2490 787 2560 aliqua
817 2490 869 2545 vi
903 2506 1011 2545 non
1048 2491 1127 2544 tit.
1166 2509 1186 2543 ι
1219 2489 1413 2547 Omnis
1441 2490 1656 2563 genitor
1687 2491 1838 2562 prior
1857 2489 2193 2561 estproprio

604 2581 900 2649 genimine.
945 2597 966 2634 ιι
1000 2578 1116 2637 Hoc
1141 2590 1338 2636 creata:
1378 2589 1608 2649 naturae,
1637 2580 1742 2638 hoc
1791 2580 2053 2652 geniturae
2098 2595 2195 2651 per

604 2674 837 2739 (luxum,
865 2674 1147 2745 proprium
1175 2684 1282 2729 est.
1309 2671 1443 2728 Nam
1470 2688 1710 2743 quorum
1733 2672 2057 2730 exsistentia
2093 2671 2185 2727 diu

604 2780 762 2820 versa
814 2775 922 2832 est,
975 2765 1169 2820 horum
1216 2779 1372 2836 aeque
1421 2764 1640 2821 diversa
1695 2764 1997 2838 generatio.
2051 2761 2195 2834 Ergo

606 2857 784 2912 tribus
805 2857 1104 2913 contrariis
1128 2858 1390 2927 sumptis,
1431 2864 1641 2924 creato,
1698 2855 1948 2927 inquam,
2011 2863 2067 2911 et
2108 2854 2194 2909 in-

603 2958 813 3014 creato,
843 2947 1093 3017 possibili
1138 2956 1192 3002 et
1233 2947 1579 3017 impassibili,
1617 2946 1802 3018 priore
1830 2961 1896 3002 ac
1938 2945 2195 3003 simulta-

605 3056 731 3107 nco,
761 3040 807 3095 si
838 3054 1172 3111 corporeum
1198 3039 1457 3111 passibile
1487 3048 1593 3105 est,
1625 3037 1985 3110 subsequitur
2008 3049 2191 3094 autem

607 3131 735 3186 Luic
766 3129 921 3200 prius
944 3140 998 3184 et
1029 3129 1324 3200 posterius.
1362 3136 1509 3202 patet
1559 3130 1948 3201 incorporeum
1987 3130 2193 3200 impas-

605 3223 763 3278 sihile
783 3238 904 3278 esse
922 3238 986 3278 ac
1007 3223 1426 3279 simultaneum.
1462 3225 1541 3279 lta
1566 3221 1714 3280 enim
1741 3224 1933 3295 logica:
1950 3220 2191 3279 methodi
2223 3249 2266 3307 ε

604 3328 708 3372 nos
729 3314 946 3371 docent.

679 3496 735 3551 4.
776 3512 796 3547 ι
826 3492 1020 3550 Omnis
1075 3494 1288 3567 genitor
1323 3495 1473 3563 prior
1493 3503 1572 3551 est
1602 3495 1826 3566 proprio
1859 3492 2188 3566 genimine.»

610 3587 727 3643 llnc
757 3588 833 3642 ait
854 3587 947 3657 qui
981 3586 1155 3658 legem
1189 3589 1303 3643 vult
1329 3585 1440 3643 Deo
1461 3588 1820 3654 constituere,
1856 3601 1963 3641 non
2003 3595 2187 3640 autem

611 3680 704 3752 qui
744 3681 1029 3736 veritatem
1057 3679 1213 3736 dicit.
1262 3680 1434 3751 Igitur
1488 3680 1816 3736 vocabulum
1866 3679 2075 3750 genitor
2115 3679 2200 3734 vel

612 3781 698 3826 est
725 3770 792 3824 de
817 3785 1050 3826 numero
1077 3784 1270 3826 eorum
1296 3785 1420 3841 quae
1449 3785 1548 3841 per
1577 3784 1636 3825 se
1668 3778 1816 3836 sunt,
1853 3767 1937 3824 vel
1969 3784 2093 3841 qua}
2130 3769 2199 3824 ad

612 3861 851 3934 aliquid.
887 3860 1051 3932 Atqui
1086 3877 1193 3915 non
1224 3869 1310 3917 est
1339 3877 1406 3917 ex
1442 3861 1510 3917 iis
1537 3877 1658 3930 quze
1683 3876 1780 3932 per
1801 3875 1862 3915 se
1889 3869 2020 3917 sunt
2052 3877 2199 3917 :non

609 3957 758 4009 enim
811 3955 879 4010 ad
917 3955 1171 4026 genimen
1205 3954 1529 4009 relationem
1561 3953 1823 4022 haberet;
1854 3969 1987 4024 ergo
2024 3964 2199 4011 estex

610 4050 679 4104 iis
707 4064 829 4120 quae
861 4048 930 4103 ad
960 4046 1165 4118 aliquid
1199 4057 1362 4114 sunt;
1399 4061 1522 4119 quae
1555 4055 1740 4103 autem
1802 4057 1926 4103 sunt
1982 4047 2050 4101 ad
2099 4046 2202 4101 ali-

609 4142 763 4214 quid,
790 4140 1123 4198 simultanea
1144 4148 1353 4195 natura:
1383 4148 1546 4202 sunt;
1574 4155 1698 4210 quae
1721 4155 1850 4195 vero
1871 4138 2200 4195 simultanea

613 4245 846 4300 naturae,
885 4241 941 4288 et
969 4231 1301 4288 simultanea
1336 4241 1466 4288 sunt
1490 4240 1545 4287 et
1594 4248 1702 4288 non
1756 4240 1920 4299 sunt;
1949 4248 2081 4303 ergo
2110 4248 2201 4304 ge—

612 4326 755 4381 nitor
782 4335 1054 4396 quatenus
1087 4325 1322 4397 genitor,
1359 4324 1426 4379 ad
1488 4323 1695 4395 aliquid
1748 4324 2026 4381 exsistens
2059 4324 2202 4379 rela-

618 4419 822 4473 tionem
856 4417 1054 4473 habet:
1081 4433 1252 4487 quare
1289 4415 1444 4487 prius
1482 4425 1537 4469 et
1578 4415 1855 4486 posterius
1885 4430 1994 4470 non
2035 4414 2202 4471 habe-

614 4511 712 4563 bit.
742 4508 800 4564 Si
829 4524 962 4580 ergo
985 4509 1198 4580 genitor
1219 4523 1321 4563 nec
1343 4506 1498 4577 prius
1518 4506 1738 4563 habebit
1767 4520 1868 4563 nec
1886 4506 2162 4577 p03terios
2181 4546 2198 4571 ,

2300 2023 2394 2078 τὸν
2412 2026 2716 2099 γεννήτορα
2744 2029 2842 2084 τοῦ
2876 2031 3216 2103 γεννήματος
3247 2034 3351 2088 οὐκ
3375 2033 3606 2108 ἔρρωται
3624 2051 3636 2065 ⁸
3683 2037 3725 2089 εἰ
3746 2039 3823 2090 τοί-

2302 2133 2398 2169 νυν
2427 2116 2521 2171 ὲπὶ
2556 2117 2694 2173 Θεοῦ
2720 2121 2781 2174 τὸ
2810 2120 3040 2192 δυνάμει
3073 2125 3359 2196 ἀλλότριον
3390 2126 3508 2197 (καί⁸
3541 2128 3642 2199 γὰρ
3685 2129 3735 2183 τὸ
3757 2130 3823 2183 δυ-

2309 2207 2471 2279 νάμει
2495 2209 2637 2281 μετὰ
2666 2211 2894 2280 πάθους,
2912 2216 2973 2268 τὸ
2991 2214 3221 2285 δυνάμει
3248 2217 3360 2273 τῶν
3397 2217 3591 2283 ἔξωθεν
3629 2223 3822 2290 προσδεῖ-

2300 2313 2413 2362 ται,
2463 2300 2527 2354 τὸ
2568 2301 2799 2372 δυνάμει
2847 2306 2958 2359 τῶν
2987 2306 3197 2362 ἀτελῶν
3229 2324 3246 2339 ο
3277 2310 3307 2363 ὁ
3351 2308 3408 2363 δὲ
3435 2309 3562 2374 Θεὸς
3589 2310 3826 2383 ἀνῴκισται

2301 2390 2508 2446 τούτων
2539 2392 2803 2465 πάντων),
2826 2394 2983 2467 δῆλον
3012 2398 3095 2452 ὅτι
3124 2401 3222 2453 καὶ
3252 2400 3599 2473 προτερεύειν
3622 2403 3705 2474 οὐχ
3747 2403 3826 2470 ῐξει

2303 2481 2490 2554 χώραν
2540 2484 2630 2539 διὰ
2667 2484 2730 2540 τὸ
2793 2487 2923 2543 ἄνευ
2975 2488 3071 2545 τοῦ
3126 2490 3362 2563 δυνάμει
3406 2492 3561 2549 τοῦτο
3603 2494 3671 2567 μή
3708 2489 3825 2549 εἰναι.

2310 2576 2613 2643 «Ἕκαστος
2628 2579 2911 2653 γεννήτωρ
2928 2582 3196 2655 πρότερός
3218 2586 3340 2640 ἔστι
3366 2586 3463 2642 τοῦ
3485 2587 3670 2641 οἰκείου
3690 2588 3829 2659 γεννή-

2305 2685 2495 2740 ματος.
2528 2687 2548 2721 ι
2583 2667 2755 2725 Τοῦτο
2779 2671 2878 2743 τῆς
2905 2675 3131 2745 λτιστῆς
3156 2676 3402 2744 φύσεως,
3431 2678 3585 2733 τοῦτο
3629 2681 3713 2750 τῆς
3737 2679 3829 2752 ῥευ-

2304 2760 2435 2831 στῆς
2495 2764 2799 2832 γεννήσεως
2828 2781 2843 2795 °
2899 2764 2997 2819 καὶ
3043 2766 3153 2840 γὰρ
3186 2759 3267 2822 ὧν
3316 2768 3380 2823 τὸ
3416 2762 3554 2824 εἶναι
3611 2770 3828 2840 διάφορον,

2300 2851 2512 2908 τούτων
2544 2855 2642 2909 καὶ
2672 2853 2735 2909 τὸ
2761 2858 2959 2929 γεννᾷν
2986 2857 3271 2932 διάφορον.
3307 2861 3492 2934 Τριῶν
3536 2854 3625 2916 οὖν
3668 2861 3830 2916 ἀντιθὲ-

2304 2964 2445 3001 σεων
2477 2944 2932 3019 λαμϐανομένων,
2974 2953 3118 3024 φημὶ
3146 2953 3216 3023 δὴ
3245 2954 3476 3009 κτιστοῦ
3504 2971 3564 3008 τε
3607 2955 3689 3009 καὶ
3715 2954 3831 3008 ἀκτί-

2310 3055 2462 3105 στου,
2497 3038 2783 3109 ὲμπαθοῦς
2826 3058 2887 3094 τε
2915 3044 3008 3096 καὶ
3042 3043 3318 3110 ἀπαθοῦς,
3366 3048 3630 3118 προτέρου
3679 3063 3728 3100 τε
3766 3046 3833 3098 καὶ

2303 3126 2443 3197 ἅμα,
2487 3130 2536 3181 εἰ
2570 3129 2603 3199 ή
2629 3128 2947 3200 ὲνσὼματος
2978 3132 3204 3207 ἐμπαθῆ
3226 3156 3262 3201 ·,
3294 3135 3490 3191 ἕπεται
3513 3137 3568 3191 δὲ
3606 3136 3754 3208 ταύτῃ
3791 3135 3833 3187 τὸ

2302 3219 2567 3290 πρότερον
2625 3220 2723 3274 καὶ
2778 3221 3026 3294 ὕστερον,
3083 3229 3332 3300 φανερὸν
3384 3231 3468 3283 ὅτι
3512 3232 3546 3300 ἡ
3606 3228 3837 3299 ἀσώματος

2302 3308 2520 3379 ἀπαθὴς
2571 3312 2666 3365 καὶ
2731 3312 2892 3383 ἅμα*
2942 3312 3102 3371 τοῦτο
3143 3318 3263 3392 γὰρ
3316 3322 3375 3375 αἰ
3420 3322 3632 3391 λογικαὶ
3679 3320 3840 3391 μέθοδοι

2305 3399 2437 3470 ήμϊν
2493 3400 2920 3473 διαγορεύουσιν.
3119 3424 3128 3430 ·

2372 3489 2414 3544 δ’
2421 3529 2435 3545 .
2472 3512 2490 3545 ι
2529 3492 2800 3560 Ἕκαστος
2827 3496 3110 3570 γεννήτωρ
3141 3499 3422 3573 πρότερός
3450 3501 3566 3555 ἐστι
3592 3498 3675 3555 τοῦ
3695 3498 3845 3551 οἰκείου

2301 3584 2660 3655 γεννήματος.
2692 3604 2712 3639 ι
2757 3586 2931 3643 Τοῦτο
2971 3588 3408 3662 νομοθετοῦντός
3434 3595 3582 3647 ἐστιν
3616 3594 3698 3647 ἐπὶ
3730 3590 3843 3653 Θεοῦ,

2301 3674 2363 3729 τὸ
2389 3674 2592 3748 ἀληθὲς
2619 3677 2677 3731 δὲ
2711 3678 2969 3748 οὐδαμῶς
3005 3680 3265 3751 λέγοντος
3299 3700 3317 3717 ο
3362 3687 3429 3739 τὸ
3469 3686 3645 3740 τοίνυν
3684 3681 3847 3754 γεννή-

2302 3782 2418 3835 τωρ
2448 3765 2642 3837 ὄνομα,
2669 3768 2788 3841 ἦτοι
2814 3770 2924 3824 τῶν
2952 3771 3077 3824 καθ’
3101 3773 3240 3827 αὑτό
3282 3776 3459 3840 ἐστιν,
3514 3776 3547 3848 ῆ
3601 3776 3699 3828 τῶν
3750 3771 3848 3843 πρός

2301 3873 2395 3912 τι·
2432 3858 2570 3913 ἀλλὰ
2600 3858 2708 3931 μὴν
2734 3859 2841 3915 τῶν
2874 3862 2999 3917 καθ’
3034 3864 3167 3919 αὐτὸ
3187 3853 3298 3920 οῦκ
3333 3866 3491 3922 ἔστιν
3519 3884 3535 3900 ο
3585 3869 3642 3922 οὐ
3677 3865 3768 3938 γὰρ
3805 3863 3851 3918 ἂν

2304 3950 2442 4023 πρὸς
2496 3951 2746 4024 γέννημα
2793 3955 2893 4027 τήν
2943 3957 3229 4032 ἀναφορὰν
3273 3958 3395 4034 εἶχε
3442 3981 3458 3996 ο
3513 3960 3666 4034 δῆλον
3689 3963 3758 4017 ὅτι
3776 3958 3852 4011 τῶν

2302 4041 2441 4111 πρός
2468 4059 2520 4096 τι
2546 4058 2562 4075 ο
2584 4044 2633 4097 εἰ
2666 4036 2758 4098 οὖν
2794 4047 2855 4099 τὸ
2870 4050 3178 4121 γεννήτωρ
3211 4052 3331 4107 τῶν
3359 4054 3508 4128 πρὸς
3525 4055 3578 4109 τί
3608 4056 3756 4117 ἐστιν,
3804 4051 3855 4101 τὰ

2302 4132 2358 4187 δὲ
2377 4133 2512 4206 πρός
2531 4152 2585 4188 τι
2616 4135 2733 4208 ἃμα
2758 4139 2825 4211 τῇ
2859 4137 3040 4208 φύσει,
3063 4142 3134 4196 τὰ
3167 4143 3226 4198 δὲ
3268 4145 3397 4217 ἅμα
3445 4150 3513 4219 τῇ
3563 4148 3729 4218 φύσει,
3771 4142 3855 4212 ἅμα

2302 4225 2362 4280 τέ
2390 4228 2530 4279 εἰσιν
2555 4229 2649 4282 καὶ
2686 4229 2788 4282 οὐκ
2814 4232 2978 4295 εἰσιν,
3013 4233 3074 4287 τὸ
3099 4237 3422 4309 γεννήτωρ
3444 4237 3558 4311 ἄρα
3597 4238 3709 4294 καθ’
3728 4237 3752 4291 ὃ
3773 4252 3861 4304 γεν-

2303 4317 2508 4403 νήτωρ,
2539 4319 2674 4389 πρὸς
2701 4319 2759 4373 ὃν
2780 4321 2878 4391 τήν
2908 4324 3189 4395 ἅναφιρὰν
3218 4327 3365 4400 ἔχει,
3411 4330 3475 4385 τὸ
3523 4329 3768 4403 πρότερον
3791 4326 3858 4379 καὶ

2305 4402 2536 4480 ὕστερον
2556 4410 2655 4481 οὐχ
2683 4409 2816 4479 ἕξει.
2856 4410 2918 4467 Εἰ
2946 4410 3041 4470 οὖν
3079 4418 3141 4472 τὸ
3190 4421 3522 4494 γεννήτωρ
3551 4402 3611 4477 τὸ
3654 4420 3863 4492 πρότερον

2306 4502 2400 4554 καὶ
2428 4501 2657 4574 ὕστερον
2681 4505 2778 4576 οὐχ
2800 4506 2933 4573 ἕξει,
2962 4509 3101 4580 ἔφης
3129 4511 3188 4566 δὲ
3211 4513 3303 4568 ὅτι
3349 4516 3593 4582 ἕκαστος
3638 4514 3862 4584 γεννήτωρ

614 4612 672 4656 ιιι
697 4616 825 4656 vero
863 4600 1002 4657 dicis
1032 4615 1252 4656 omnem
1286 4599 1591 4670 genitorem
1642 4597 1879 4667 priorem
1924 4613 2047 4654 esse
2077 4610 2198 4666 pro-

2310 4593 2572 4666 πρότερός
2603 4597 2720 4651 ἐστι
2753 4599 2846 4652 τοῦ
2875 4602 3079 4655 οἰκείου
3106 4606 3474 4678 γεννήματος
3509 4625 3524 4640 ⁶
3560 4606 3774 4680 φανερὸν
3809 4600 3865 4655 ὅτι

613 4693 734 4764 prio
752 4693 1051 4763 genimine,
1075 4699 1294 4745 constat
1311 4706 1418 4744 non
1439 4703 1562 4745 esse
1582 4688 1907 4758 genitorem,
1929 4693 2204 4757 quatenus

611 4795 697 4840 est
748 4785 980 4856 genitor,
1036 4783 1130 4839 sed
1166 4784 1469 4837 secundum
1532 4778 1745 4850 aliquid
1800 4778 1971 4843 aliud,
2040 4777 2203 4834 sicuti

616 4880 873 4935 Socrates
918 4886 972 4932 et
1000 4875 1217 4930 Petrus.
1258 4872 1532 4940 Quoniam
1589 4871 1775 4942 itaque
1826 4869 2089 4940 genitoris
2113 4882 2207 4924 no-

616 4986 739 5047 men
777 4971 830 5024 in
879 4969 988 5023 Deo
1024 4976 1178 5039 patre
1207 4964 1620 5036 hypostaticum
1667 4972 1773 5030 est,
1801 4971 1858 5018 et
1895 4962 2202 5018 secundum

620 5048 672 5117 id
704 5062 882 5116 solum
934 5061 1243 5131 proprietas
1301 5056 1663 5128 hypostaseos
1718 5056 2048 5123 denotatur;
2104 5053 2204 5109 de-

620 5166 981 5208 monstratum
1017 5167 1182 5221 porro
1241 5150 1364 5215 fuit,
1418 5150 1565 5220 quod
1617 5160 1708 5204 est
1758 5148 2045 5203 relativum
2095 5161 2205 5201 non

617 5245 821 5299 habere
844 5245 997 5314 prius
1023 5253 1078 5298 et
1102 5240 1380 5313 posterius
1404 5260 1420 5309 ;
1471 5251 1693 5298 constat
1735 5256 1868 5312 ergo
1896 5238 2067 5295 Deum
2096 5236 2204 5295 Pa-

614 5347 779 5399 trem,
820 5338 916 5406 qui
944 5346 1027 5392 est
1055 5335 1259 5406 proprii
1287 5334 1583 5405 geniminis
1611 5334 1849 5404 genitor,
1888 5333 2043 5403 prius
2092 5348 2202 5388 non

618 5433 841 5487 habere.
874 5428 1034 5498 Quod
1069 5431 1114 5485 si
1162 5444 1269 5484 non
1329 5427 1515 5491 habet,
1561 5436 1780 5483 constat
1806 5443 1925 5483 esse
1955 5426 2206 5483 simulta-

618 5538 786 5579 neum
816 5542 829 5577 :
859 5520 1005 5593 quod
1045 5522 1089 5576 si
1128 5518 1513 5585 simultaneus,
1536 5519 1700 5574 etiam
1758 5530 2064 5575 coaeternus
2096 5526 2201 5573 est.

623 5615 764 5687 Ergo
792 5611 968 5670 Filius
991 5611 1139 5667 Patri
1184 5621 1493 5668 coaeternus
1523 5619 1608 5666 est
1642 5627 1657 5665 :
1691 5619 1857 5680 atque
1896 5611 1974 5665 ita
2009 5609 2062 5664 in
2096 5626 2205 5681 quo

620 5706 1020 5763 circumvenire
1072 5704 1307 5776 putabas
1328 5744 1344 5769 ,
1398 5703 1815 5759 circumventus
1846 5717 1926 5758 es.
1958 5720 1977 5754 ι
2013 5699 2206 5759 Omnis

612 5800 849 5868 ~genitor
874 5800 1020 5869 prior
1053 5808 1139 5855 est
1153 5796 1429 5866 genimine
1456 5810 1577 5851 suo.
1611 5815 1627 5847 ι
1650 5792 1820 5849 Nobis
1855 5793 2074 5865 quidem
2104 5792 2207 5850 hoc

626 5887 885 5943 osuvenit
920 5905 935 5952 ;
968 5886 1113 5957 quod
1157 5886 1377 5957 quidem
1426 5887 1504 5942 ita
1553 5901 1613 5941 se
1661 5885 1901 5951 habere,
1965 5884 2093 5940 hinc
2146 5883 2206 5939 tit

2308 4684 2371 4738 τὸ
2413 4686 2739 4758 γεννήτωρ,
2788 4691 2850 4744 οὐ
2881 4693 3004 4746 καθ’
3049 4694 3078 4747 ὃ
3119 4700 3444 4772 γεννήτωρ,
3480 4698 3621 4754 ἀλλὰ
3651 4692 3867 4753 κατ’άλλο

2307 4795 2380 4845 τι,
2421 4782 2543 4835 καθ’
2564 4781 2592 4836 ὃ
2616 4782 2915 4857 Σωκράτης
2948 4786 2980 4859 ἢ
3016 4788 3243 4862 Πέτρος.
3276 4792 3348 4846 Εἰ
3375 4790 3479 4849 οὖν
3525 4790 3589 4848 τὸ
3621 4787 3869 4864 rami“?

2308 4868 2480 4941 ὄνομα
2516 4873 2610 4926 ἐπὶ
2647 4873 2784 4929 Θεοῦ
2820 4878 2913 4931 καὶ
2940 4880 3153 4952 Πατρὸς
3206 4881 3599 4940 ὑποστατικόν
3643 4886 3767 4947 ἐστι,
3804 4877 3868 4930 καὶ

2309 4963 2451 5016 κατὰ
2484 4963 2645 5018 τοῦτο
2677 4966 2838 5036 μόνον
2856 4968 2916 5022 τὸ
2946 4970 3078 5024 [διον
3104 4972 3204 5042 τῆς
3237 4973 3619 5042 ὑποστάσεως
3645 4984 3870 5046 lupam?

2308 5051 2556 5122 ρίζεται·
2597 5055 2755 5111 τοῦτο
2783 5058 2841 5111 δὲ
2870 5058 3139 5116 δέδεικται
3173 5062 3322 5135 πρὸς
3381 5064 3447 5121 ὃν
3506 5068 3609 5138 τὴν
3649 5060 3871 5132 ἀναφοράν

2307 5144 2370 5197 τὸ
2395 5146 2661 5219 πρότερον
2679 5150 2776 5203 καὶ
2817 5150 3046 5223 ὕστερον
3079 5155 3155 5227 μὴ
3187 5155 3346 5227 ἔχον,
3408 5159 3654 5232 φανερὸν
3683 5157 3778 5225 ἄρα
3818 5153 3872 5206 ὅτι

2307 5236 2337 5290 δ
2373 5236 2507 5302 Θεὸς
2555 5240 2649 5294 καὶ
2686 5240 2877 5316 Πατὴρ
2927 5245 3208 5320 γεννήτωρ
3259 5248 3367 5317 ὢν,
3410 5251 3515 5307 τοῦ
3553 5251 3748 5307 οἰκείου
3788 5262 3872 5315 γεν-

2308 5330 2570 5403 νήματος,
2613 5334 2675 5387 τδ
2725 5337 2989 5410 πρότερον
3048 5341 3149 5413 οὐχ
3185 5343 3307 5411 ἕξει
3342 5362 3361 5379 ’
3414 5348 3470 5401 εἰ
3519 5345 3581 5402 δὲ
3642 5344 3738 5416 οὐχ
3779 5340 3872 5406 ἕξειν

2306 5423 2468 5494 δῆλον
2512 5426 2596 5480 ὅτι
2655 5427 2774 5499 ἄμα
2806 5447 2821 5462 ·
2876 5435 2925 5486 εἰ
2957 5432 3013 5487 δὲ
3056 5433 3192 5506 ἅμα,
3222 5439 3329 5491 καὶ
3373 5440 3658 5503 ωναῖδιος
3690 5455 3704 5470 ο
3731 5439 3756 5490 ὁ
3785 5432 3873 5490 Πὸς

2308 5517 2417 5590 ἄρα
2470 5518 2565 5573 τοῦ
2631 5520 2845 5595 Πατρδς
2893 5512 3164 5592 συναϊδίός
3222 5531 3356 5586 ἐστι
3393 5550 3409 5565 ο
3473 5534 3575 5588 καὶ⁵
3625 5529 3782 5593 οὕτως
3829 5522 3872 5577 δι’

2307 5600 2369 5662 οὗ
2431 5609 2637 5676 ἐδόκεις
2704 5616 3078 5689 παρακρούειν
3104 5660 3119 5687 ,
3158 5623 3663 5695 παρακέκρουσαι.
3702 5641 3721 5674 ι
3752 5618 3874 5670 Ἕκα·

2311 5718 2435 5766 στος
2460 5705 2742 5778 γεννήτωρ
2775 5708 3042 5782 πρότερός
3072 5713 3190 5766 ἐστι
3218 5711 3323 5767 τοῦ
3375 5714 3599 5787 οἰκείου
3650 5710 3873 5785 γεννήμα’

2308 5811 2417 5857 τος.
2464 5812 2483 5845 ι
2522 5793 2694 5850 Τοῦτο
2739 5799 2799 5854 ὲν
2831 5802 2964 5873 ήμῖν
3001 5802 3187 5877 χώραν
3233 5802 3367 5878 ἔχει
3412 5825 3431 5842 ο
3480 5810 3581 5865 καὶ
3633 5796 3711 5863 ὅτι
3749 5801 3874 5857 οὕτως

2312 5884 2448 5955 ἔχει,
2479 5885 2637 5957 δῆλον
2657 5889 2908 5948 ἐντεῦθεν
2943 5911 2957 5928 ·
2988 5896 3148 5953 Πᾶσα
3184 5894 3467 5971 δύναμις,
3504 5899 3656 5966 τινὸς
3710 5896 3872 5954 ἕνεκα⁰
