4048 6466
427 460 534 523 813

1576 449 2008 512 REFUTATIO
2070 449 2542 512 MOHAMEDIS.

3575 459 3680 522 8H

424 575 476 627 εἰ
534 570 642 642 γὰρ
683 569 757 640 μὴ
803 567 969 621 ἕνεκά
1026 582 1192 632 τινος,
1246 565 1423 635 μάτην
1461 577 1472 590 ”
1523 566 1701 636 μάτην
1732 565 1789 618 δὲ
1820 562 1942 617 οὔτε
1976 564 2004 616 ό

2111 563 2489 619 manifestum.
2521 564 2767 619 Potentia
2804 566 2982 620 omnis
3038 577 3257 638 propter
3297 569 3500 642 aliquid
3551 584 3637 630 est
3671 590 3686 628 :

421 662 557 726 Θεὺς
591 664 754 726 ποιεῖ,
781 659 903 714 οὔτε
935 658 1147 731 ἡφύσις
1183 675 1201 690 ο
1237 657 1394 726 δῆλον
1447 657 1529 712 ὅτι
1566 658 1728 712 ἕνεκα
1760 674 1774 687 ·
1811 659 1860 710 εἰ
1911 651 2004 710 οὖν

422 757 460 827 ἠ
497 754 728 825 δύναμις
766 739 930 806 ἕνεκά
957 769 1122 818 τινος,
1148 750 1308 822 δῆλον
1346 749 1428 804 ὅτι
1459 749 1554 803 καὶ
1594 750 1657 802 τὸ
1682 747 1946 802 δύνασθαι
1989 764 2003 779 ο

421 847 533 900 πᾶν
569 845 714 898 δὲτὸ
741 842 1000 897 δύνασθαί
1025 861 1077 896 τι
1105 845 1303 908 ποιεῖν,
1338 843 1433 896 καὶ
1471 842 1706 912 ποιήσει,
1741 842 1790 893 ei
1836 841 1909 911 μή
1953 857 2006 892 τι

416 938 484 991 τὸ
513 936 921 1008 παρεμποδίζον
955 952 970 966 ο
999 937 1047 989 εἰ
1085 935 1177 989 οὖν
1203 935 1262 988 ὲν
1291 937 1421 1005 ἡμῖν
1450 933 1598 987 ἐστιν
1619 932 1858 1003 ἔμφυτος
1916 933 2007 985 δύ-

417 1048 585 1101 ναμις
606 1029 668 1082 τὸ
687 1031 1046 1094 τεκνοποιετν,
1079 1026 1439 1097 κεκωλύμεθα
1456 1027 1533 1091 δὲ,
1561 1027 1718 1096 δῆλον
1745 1026 1826 1078 ὅτι
1859 1043 2003 1097 παρ-

414 1139 443 1174 ε
455 1120 804 1192 μπσδίζοντός
839 1137 982 1184 τινος
1015 1135 1028 1150 ·
1052 1121 1109 1173 ὲν
1147 1120 1203 1172 δὲ
1227 1120 1306 1189 τῷ
1343 1119 1463 1189 Θεῷ
1490 1120 1643 1173 οὐδὲν
1694 1118 2006 1172 ἁντίσθενον

414 1214 453 1284 ἢ
508 1212 912 1284 παρεμποδίζον
946 1229 959 1242 ’
998 1212 1231 1283 φανερὸν
1251 1213 1334 1266 ὅτι
1365 1212 1460 1265 καὶ
1501 1214 1533 1282 ή
1565 1211 1819 1281 γέννησις
1863 1210 2003 1280 σύμ-

415 1323 587 1375 φυτος
623 1322 637 1336 ο
669 1305 800 1358 εἰδὲ
833 1304 1135 1375 σύμφυτος,
1173 1305 1265 1358 καὶ
1314 1305 1462 1375 ἆμα·
1509 1306 1559 1358 ει
1619 1303 1677 1357 δὲ
1743 1303 1884 1372 ἅμα,
1943 1302 2003 1354 οὐ

415 1395 688 1468 πρότερον
719 1396 812 1447 καὶ
844 1395 1070 1466 ὔστερον
1102 1412 1114 1425 ·
1147 1395 1289 1450 ὥστε
1328 1396 1485 1467 δῆλον
1520 1398 1601 1449 ὅτι
1629 1395 1692 1449 τὸ
1740 1396 2006 1466 πρότερον

416 1488 514 1538 καὶ
545 1485 769 1556 ὕστερον
808 1487 900 1539 ἐπὶ
955 1487 1092 1540 Θεοῦ
1150 1488 1337 1560 χώραν
1391 1490 1491 1542 οὐκ
1543 1487 2007 1560 ἔχει.ι“Εκαστος

413 1580 698 1650 γεννήτωρ
758 1581 1022 1652 πρότερός
1087 1583 1201 1635 ἐστι
1248 1583 1340 1635 τοῦ
1363 1584 1567 1637 οἰκείου
1602 1584 1999 1654 γεννήματος.)

412 1673 590 1724 Πόθεν
632 1672 730 1736 τὰς
775 1674 972 1745 ἀρχὰς,
1014 1667 1060 1726 ὦ
1112 1669 1288 1740 οὗτος,
1338 1676 1609 1748 arma“;
1667 1678 1714 1729 oi
1759 1677 1860 1747 μὲν
1898 1676 2005 1748 γὰρ

415 1763 586 1834 μηδὲν
610 1767 787 1819 κοινὸν
813 1766 905 1819 τοῦ
937 1768 1154 1821 κτίστου
1205 1770 1301 1822 καὶ
1337 1769 1447 1822 τῶν
1495 1770 1811 1840 κτισμάτων
1869 1771 2005 1822 imo.

411 1854 722 1924 τιθέμενοι,
769 1857 997 1922 ἑαυτοὺς
1061 1860 1562 1930 παραλογίζονται,
1645 1861 1856 1924 ταυτῶς
1912 1861 2006 1914 ἐπὶ

2113 671 2236 710 nam
2270 657 2314 710 si
2349 663 2568 727 propter
2613 657 2816 727 aliquid
2857 674 2961 712 non
3025 661 3115 724 sit,
3174 677 3312 716 vana
3373 674 3500 722 est:
3550 666 3691 727 nihil

2110 762 2274 816 porro
2305 763 2502 802 vanum
2539 749 2683 804 Deus
2723 749 2854 804 facit
2917 766 3094 820 neque
3147 762 3360 809 natura.
3421 755 3516 811 Est
3557 772 3689 828 ergo

2108 847 2334 908 pr0pter
2383 839 2613 910 aliquid.
2664 840 2721 895 Si
2757 856 2888 910 ergo
2942 843 3187 912 potentia
3236 854 3456 914 propter
3481 847 3692 917 aliquid

2109 939 2211 993 est,
2249 939 2397 1000 patet
2419 932 2563 1001 quod
2589 934 2753 987 etiam
2779 948 2971 1003 posse;
3006 937 3167 990 omne
3217 946 3399 991 autem
3429 941 3575 1008 quod
3608 939 3694 994 l'a-

2109 1035 2231 1073 cere
2263 1020 2468 1090 aliquid
2509 1030 2707 1092 potest,
2756 1037 2815 1076 re
2874 1030 3095 1092 queque
3147 1023 3275 1078 vera
3339 1023 3518 1088 faciet,
3581 1026 3687 1082 nisi

2114 1112 2319 1180 aliquid
2343 1113 2635 1170 obstiterit.
2667 1114 2720 1168 Si
2751 1130 2881 1184 ergo
2912 1115 2965 1168 in
2996 1115 3154 1171 nobis
3197 1123 3280 1170 est
3310 1115 3473 1171 insita
3507 1127 3695 1185 poten-

2111 1203 2180 1258 tia
2216 1204 2418 1259 liberos
2465 1207 2743 1276 gignendi,
2808 1208 3170 1278 prohibemur
3216 1218 3420 1272 autem,
3478 1218 3692 1265 constat

2109 1296 2252 1365 quod
2287 1297 2493 1368 aliquid
2532 1314 2631 1355 nos
2664 1301 2943 1370 impediat.
2978 1301 3144 1371 Atqui
3176 1301 3287 1356 Deo
3314 1302 3450 1356 nihil
3485 1304 3694 1358 resistit

2111 1399 2204 1444 aut
2235 1390 2416 1446 obstat
2459 1409 2471 1445 :
2512 1402 2729 1448 constat
2773 1408 2903 1462 ergo
2934 1394 3342 1463 generationem
3395 1405 3612 1465 quoque
3642 1395 3693 1450 ei

2109 1497 2234 1536 esse
2281 1485 2700 1538 conuaturalem
2748 1485 2932 1555 :quod
2982 1484 3027 1540 si
3065 1485 3464 1550 connaturalis,
3498 1484 3692 1541 simul-

2111 1583 2271 1627 tanca
2301 1590 2522 1646 quoque
2553 1586 2673 1644 est;
2712 1578 2854 1646 quod
2887 1580 2934 1631 si
2993 1576 3345 1640 simultanea,
3404 1578 3514 1646 jam
3579 1591 3691 1632 non

2110 1674 2196 1719 est
2231 1667 2384 1736 prior
2408 1682 2509 1722 nec
2543 1669 2813 1737 posterior
2848 1687 2861 1723 :
2899 1671 3041 1724 unde
3070 1679 3294 1726 constat
3325 1671 3481 1740 prius
3502 1679 3552 1725 et
3589 1687 3691 1740 po-

2109 1759 2312 1814 sterius
2341 1759 2393 1813 in
2425 1759 2532 1816 Deo
2561 1776 2669 1815 non
2695 1762 3008 1817 usuvenire.
3033 1781 3050 1812 σ
3080 1761 3272 1818 Omnis
3299 1764 3512 1834 genitor
3546 1765 3695 1833 prior

2110 1860 2195 1905 est
2221 1851 2443 1920 proprio
2469 1853 2799 1922 genimiue.»
2835 1849 3118 1907 Uttdettat‘l‘l
3153 1854 3490 1924 principia,0
3508 1856 3690 1920 sodes,

411 1945 550 1999 Θεοῦ
578 1948 672 1998 καὶ
711 1947 822 2000 τῶν
863 1949 1180 2019 κτισμάτων
1225 1950 1320 2014 τὰς
1378 1951 1528 2015 Θείας
1568 1953 1752 2021 φωνὰς
1791 1953 2001 2021 ἐκλαμ-

2110 1941 2431 2008 sumpsisti?
2465 1939 2600 1995 Nam
2639 1943 2732 2012 qui
2785 1942 2922 1995 nihil
2950 1957 3072 1998 esse
3105 1947 3398 1998 commune
3445 1943 3690 1998 Creatori

413 2036 669 2101 ϐάνοντες
697 2055 711 2069 ο
747 2039 838 2092 καὶ
867 2041 927 2093 τὸ
949 2041 1215 2112 πρότερον
1239 2042 1436 2114 λῆμμα
1464 2043 1552 2096 διὰ
1597 2042 1692 2096 τοῦ
1747 2042 2001 2112 δευτέρου

410 2127 904 2200 ἐξοστρακὶζεται,
959 2132 1052 2184 καὶ
1107 2133 1267 2185 πάλιν
1320 2133 1411 2187 διὰ
1471 2133 1564 2187 τοῦ
1623 2135 1890 2206 προτέρου
1942 2135 2004 2187 τὸ

408 2219 666 2291 δεύτερον
697 2238 712 2253 ο
748 2221 977 2293 καὶγὰρ
1016 2225 1064 2277 εἰ
1100 2227 1209 2278 πᾶν
1250 2225 1462 2297 ποίημα
1521 2213 1698 2290 ἐνδεές
1739 2214 1856 2279 ἔστι
1909 2225 2001 2279 τοῦ

409 2307 743 2377 ποιήσαντος
769 2308 856 2363 διά
887 2310 948 2363 τὸ
968 2311 1186 2382 πρῶτον
1218 2311 1441 2382 ἀξίωμα
1469 2327 1481 2341 ·
1504 2313 1534 2366 ὁ
1565 2313 1622 2367 δὲ
1662 2315 1727 2368 ἑκ
1748 2314 1843 2366 τοῦ
1871 2329 2001 2382 γεν-

409 2402 643 2470 νήτορος
672 2401 866 2470 Λόγος,
905 2405 971 2456 ἐκ
997 2403 1106 2456 τῶν
1137 2406 1458 2475 ποιημάτων
1483 2406 1576 2459 τὸν
1602 2406 1836 2477 ποιητὴν
1865 2405 2000 2477 πρό·

409 2507 572 2562 τερον
601 2494 1142 2565 κατασυλλογίζεται,
1176 2497 1354 2562 ἐνδεές
1385 2499 1443 2552 τέ
1477 2499 1593 2552 ἐστι
1623 2500 1718 2553 καὶ
1757 2500 1858 2554 οὐκ
1912 2501 2002 2555 ὲν-

409 2584 551 2648 δεὲς,
585 2586 679 2638 καὶ
725 2588 924 2642 ταυτὸν
961 2589 1022 2642 οὑ
1067 2591 1263 2646 ταυτὸν
1295 2592 1407 2646 πᾶν
1448 2592 1661 2665 ποίημα
1709 2593 1805 2648 τοῦ
1847 2595 2002 2666 ποιὴ-

412 2690 631 2745 σαντος,
660 2677 798 2750 ὅπερ
827 2678 1108 2735 ἀδύνατον.

486 2851 548 2908 ε’.
581 2853 827 2926 Εἴδωμεν
847 2857 903 2910 δὲ
935 2858 1030 2912 καὶ
1056 2860 1116 2913 τὸ
1144 2862 1540 2934 ἐπιφερόμενον
1579 2881 1595 2898 ο
1628 2866 1741 2936 ἔχει
1799 2867 1856 2921 δὲ
1908 2869 2002 2922 καὶ

413 2946 586 3011 οὕτως
620 2963 634 2977 °
667 2965 687 2999 ι
739 2948 959 3021 Ἐπειδὴ
993 2951 1088 3005 ἐὰν
1123 2955 1324 3024 ήγῆσαι
1354 2957 1482 3027 μίαν
1535 2958 1709 3030 ἀρχὴν
1762 2960 2004 3032 ἀμφοτέ-

416 3053 556 3102 ροις,
581 3039 675 3092 τοῦ
701 3056 761 3092 τε
795 3042 1009 3114 Πατρὸς
1069 3047 1165 3098 κα)⁸
1202 3046 1356 3113 Υἰοῦ,
1413 3050 1715 3105 ἀπόλλυται
1759 3053 1793 3124 ἠ
1847 3049 2001 3118 τάξις

408 3130 512 3199 τῆς
542 3131 781 3201 σχέσεως
813 3135 847 3205 ἡ
871 3135 1006 3189 οὖσα
1035 3139 1101 3192 ὲκ
1121 3137 1215 3192 τοῦ
1261 3142 1587 3213 γεννήτορος
1618 3144 1755 3216 πρὸς
1782 3144 1842 3198 τὸ
1874 3146 2000 3214 γέν-

410 3238 565 3292 νημα
589 3241 603 3254 ·
640 3225 734 3278 καὶ
763 3218 1244 3296 καταναγκάζεται
1284 3235 1317 3304 ή
1350 3234 1545 3305 κλῆσις
1598 3238 1706 3289 τῶν
1759 3237 2000 3308 ἀμφοτέ-

413 3332 528 3383 ρων
555 3318 888 3388 χωρισθῆναι
914 3321 1010 3374 τοῦ
1057 3328 1451 3396 γεγεννηκότος
1504 3329 1598 3382 καὶ
1644 3332 2002 3400 γεννήματος,

408 3407 510 3459 τοῦ
548 3413 995 3484 προϋπάρχοντος
1030 3418 1124 3470 καὶ
1171 3421 1691 3491 μεταγενεστέρου.»
1736 3424 2005 3496 Ἀπήλλα-

411 3498 515 3564 ξας
534 3502 678 3570 ἡμᾶς
707 3505 1072 3574 πραγμάτων,
1106 3502 1151 3562 ὦ
1182 3510 1356 3578 φίλος,
1390 3509 1625 3578 ἐξειπὼν
1661 3515 1721 3568 τὸ
1759 3515 2008 3589 ἀπόρρη-

407 3610 508 3644 τον
548 3609 562 3622 ·
597 3595 646 3646 εἰ
672 3595 774 3665 μὲν
800 3597 908 3670 γὰρ
945 3598 1135 3670 ἑώρων
1163 3601 1224 3654 τὸ
1255 3603 1408 3674 παρὰ
1448 3604 1542 3658 σοὖ
1574 3606 1838 3678 προτεθὲν
1869 3607 2005 3678 λημ-

413 3686 612 3754 μάτιον
639 3689 699 3740 τὸ
731 3689 907 3759 λέγον,
933 3711 952 3743 ‹
981 3692 1255 3759 Ἕκαστος
1285 3697 1568 3768 γεννήτωρ
1602 3699 1865 3770 πρότερός
1892 3700 2007 3752 ἐστι

408 3779 514 3832 τοῦ
537 3781 740 3834 οἶκείου
759 3787 1121 3853 γεννήματος,
1155 3805 1174 3839 ι
1205 3787 1298 3841 ἐπὶ
1321 3788 1458 3842 Θεοῦ
1489 3788 1673 3859 χώραν
1702 3790 2008 3861 ἔχον,τάχα

2105 2044 2230 2085 cum
2257 2033 2523 2088 creaturis
2557 2033 2809 2098 credunt,
2841 2043 3031 2088 errant
3062 2035 3190 2089 dum
3230 2035 3422 2089 eodem
3448 2049 3612 2089 sensu
3639 2044 3694 2089 et

2104 2121 2174 2176 de
2198 2120 2308 2177 Deo
2337 2133 2391 2178 et
2422 2124 2488 2179 de
2516 2125 2786 2180 creaturis
2811 2125 2995 2180 divina
3024 2126 3290 2180 vocabula
3333 2135 3561 2180 sumunt
3585 2143 3600 2192 ;
3639 2137 3694 2181 et

2105 2215 2258 2284 prius
2287 2215 2488 2272 lemma
2529 2233 2558 2270 a
2595 2218 2840 2273 secundo
2890 2219 3239 2284 excluditur;
3280 2219 3633 2287 vicissimque
3661 2233 3690 2270 a

2104 2308 2288 2378 priore
2319 2310 2644 2363 secundum.
2678 2309 2891 2364 Etenim
2924 2311 2970 2366 si
2999 2310 3180 2365 omnis
3217 2310 3432 2364 factura
3463 2304 3724 2364 inferior'

2101 2403 2185 2455 est
2214 2399 2440 2467 faetore,
2489 2411 2712 2472 propter
2774 2403 3052 2473 prioratus
3111 2403 3429 2474 dignitatem
3475 2421 3490 2470 ;
3539 2407 3688 2474 quod

2103 2503 2284 2548 autem
2315 2504 2398 2548 est
2442 2509 2506 2549 ex
2531 2495 2775 2564 genitore
2797 2494 3057 2562 Verbum,
3085 2511 3148 2550 ex
3175 2496 3397 2550 iacturis
3428 2495 3690 2552 factorem

2103 2584 2287 2654 arguit
2309 2599 2430 2640 esse
2460 2585 2617 2656 prius
2644 2603 2659 2652 ;
2694 2585 2832 2640 illud
2877 2587 3099 2656 quidem
3153 2595 3207 2642 et
3240 2586 3475 2642 inferius
3504 2589 3612 2643 erit
3636 2599 3692 2644 et

2104 2691 2213 2730 non
2243 2674 2474 2732 inferius
2495 2714 2510 2742 ,
2571 2676 2713 2732 idem
2743 2686 2798 2732 et
2829 2689 2937 2732 non
2976 2679 3139 2745 idem,
3177 2677 3322 2748 quod
3362 2688 3447 2735 est
3481 2679 3692 2750 impos-

2103 2768 2281 2824 sibile.

2171 2860 2226 2916 5.
2273 2861 2564 2916 Videamus
2598 2861 2713 2932 jam
2749 2862 2894 2933 quod
2930 2862 3004 2918 ibi
3051 2864 3295 2932 additur,
3328 2867 3400 2922 ita
3443 2866 3590 2921 enim
3632 2881 3694 2922 se

2103 2954 2266 3009 habet
2297 2973 2310 3010 :
2355 2971 2373 3006 ι
2410 2955 2549 3021 Quia
2582 2955 2628 3010 si
2662 2964 2819 3025 putes
2857 2971 3026 3010 unum
3062 2972 3186 3013 esse
3221 2958 3551 3028 principium
3577 2963 3695 3012 am-

2101 3047 2320 3112 borum,
2349 3048 2530 3103 Patris
2555 3048 2804 3104 videlicet
2829 3059 2994 3119 atque
3048 3048 3194 3117 Filii,
3227 3052 3371 3120 perit
3406 3051 3692 3107 relationis

2103 3142 2264 3204 ordo,
2307 3155 2430 3211 qua:
2451 3141 2740 3196 intercedit
2783 3142 2926 3197 inter
2970 3143 3272 3213 genitorem
3306 3151 3361 3198 et
3400 3143 3640 3214 genitum
3675 3161 3688 3198 :

2107 3234 2431 3304 cogiturque
2463 3235 2750 3290 amborum
2776 3236 3071 3306 appellatio
3108 3237 3320 3307 sejungi
3355 3252 3384 3291 a
3436 3238 3694 3307 gignente

2106 3333 2161 3378 et
2186 3339 2214 3378 a
2245 3327 2452 3396 genito,
2489 3342 2520 3380 a
2559 3328 2971 3397 praeexsistente
3005 3337 3059 3383 et
3107 3329 3434 3398 posteriore.
3467 3348 3485 3381 υ
3529 3328 3692 3383 Libe-

2107 3417 2241 3472 rasti
2269 3433 2354 3473 me
2378 3420 2616 3489 negotio,
2649 3434 2683 3474 ο
2710 3420 2893 3486 sodes,
2927 3435 3194 3476 arcanum
3229 3435 3522 3476 enarratis.
3555 3420 3690 3475 Nam

2107 3510 2152 3564 si
2195 3510 2328 3563 mihi
2361 3512 2758 3578 persuasissem
2798 3527 2828 3568 a
2860 3520 2913 3568 te
2962 3513 3165 3568 dietam
3211 3514 3540 3569 sententiam
3572 3526 3694 3584 qure

2107 3603 2214 3656 ait:
2241 3621 2258 3653 ι
2283 3601 2474 3659 Omnis
2501 3605 2713 3673 genitor
2737 3606 2889 3674 prior
2907 3613 2990 3662 est
3021 3607 3241 3677 proprio
3261 3606 3554 3678 genimine,
3583 3625 3605 3660 ι
3638 3608 3692 3661 in

2107 3693 2218 3749 Deo
2271 3696 2601 3758 usuvenire,
2637 3695 2874 3752 fortasse
2924 3699 3147 3753 etiamsi
3199 3698 3428 3763 invitus,
3459 3699 3690 3753 veritate

2108 3787 2446 3856 compulsus,
2485 3790 2780 3843 secundam
2811 3790 2954 3844 hanc
2979 3805 3201 3860 quoque
3234 3791 3547 3846 conﬁterer.
3586 3790 3691 3845 Sed

407 3873 484 3927 ἂν
507 3875 600 3926 καὶ
629 3874 705 3946 μὴ
729 3875 896 3930 θέλων
926 3881 990 3950 τῇ
1019 3879 1246 3952 ἀληθείᾳ
1277 3882 1759 3953 συνεφελκόμενος,
1808 3884 1902 3937 καὶ
1947 3882 2005 3936 τὸ

2110 3879 2235 3949 quia
2289 3877 2438 3934 illam
2491 3879 2702 3936 futilem
2750 3896 2873 3937 esse
2934 3893 3102 3950 atque
3158 3883 3386 3938 omnino
3435 3882 3630 3938 falsam
3661 3899 3694 3939 a

404 3967 669 4038 δεύτερον
695 3968 1011 4040 ὡμολόγουν
1035 3989 1051 4005 ⁶
1083 3973 1204 4026 ἐπεὶ
1237 3974 1291 4027 δὲ
1325 3975 1486 4028 τοῦτο
1517 3976 1683 4029 ἕωλον
1704 3977 1797 4029 καὶ
1830 3977 2005 4042 πάντη

2110 3971 2332 4042 Deoque
2381 3972 2616 4028 alienam
2671 3989 2854 4028 sermo
2913 3981 3101 4029 noster
3132 3975 3568 4039 demonstravit,
3606 3992 3695 4030 me

407 4057 614 4126 ψευδὲς
645 4060 736 4112 ἐπὶ
767 4060 905 4114 Θεοῦ
937 4063 1031 4116 καὶ
1071 4063 1352 4136 ἀλλότριον
1390 4068 1418 4120 ὁ
1455 4064 1612 4135 λόγος
1665 4066 1888 4134 ἔδειξεν,
1945 4057 2005 4120 οὗ

2110 4073 2258 4120 certe
2283 4065 2634 4120 ratiocinium
2671 4081 2781 4119 non
2805 4075 2965 4137 coget
2987 4066 3333 4136 subjunctam
3364 4069 3692 4123 sententiam

411 4167 494 4222 με
530 4151 689 4220 λόγος
722 4156 1134 4224 καταναγκάσει
1178 4161 1270 4211 καὶ
1301 4160 1362 4212 τὸ
1404 4160 1804 4232 ἐπιφερόμενον
1857 4160 2005 4214 τιθέ-

2110 4157 2267 4226 pensi
2294 4156 2515 4212 habere.
2545 4155 2680 4210 Nam
2722 4157 2766 4211 si
2791 4158 2902 4212 duo
2931 4157 3069 4212 forte
3093 4158 3222 4221 sint,
3256 4173 3489 4227 quorum
3525 4176 3692 4215 unum

408 4259 511 4296 ναι
539 4259 553 4273 ⁸
582 4245 675 4298 καὶ
709 4246 814 4317 γὰρ
840 4247 932 4301 ἐὰν
961 4248 1054 4302 δύο
1083 4251 1204 4303 τινὰ
1234 4245 1356 4316 ὦσι,
1389 4253 1568 4306 καὶτὸ
1597 4253 1696 4322 μὲν
1746 4254 1806 4305 ἐν
1856 4253 2005 4319 τάξει

2112 4246 2470 4317 praecedentis
2531 4247 2653 4302 loco
2706 4247 2993 4314 habeatur,
3045 4249 3277 4302 alterum
3333 4263 3461 4303 vero
3499 4249 3694 4304 subse-

405 4337 726 4406 ἡγουμένου
757 4339 1036 4410 εἴληπται,
1068 4342 1127 4396 τὸ
1168 4343 1222 4398 δὲ
1247 4347 1305 4398 ὲν
1329 4335 1395 4416 τῇ
1420 4345 1514 4399 τοῦ
1538 4347 1827 4417 ἑπόμενου,
1852 4347 2005 4417 δῆλον

2113 4337 2336 4407 quentis
2361 4376 2375 4402 ,
2409 4347 2557 4408 patet
2583 4340 2925 4408 praecedente
2971 4352 3254 4404 ceucesso,
3288 4354 3526 4410 sequens
3553 4356 3696 4411 quo-

405 4432 504 4483 ὅτι
535 4430 628 4483 τοῦ
656 4432 963 4502 ἡγουμένου
1017 4437 1472 4508 ὁμολογηθέντος,
1523 4441 1619 4495 καὶ
1649 4441 1709 4495 τὸ
1745 4441 2005 4511 ἑπόμενον

2114 4444 2222 4499 que
2252 4444 2576 4484 concessum
2603 4432 2666 4485 iri
2704 4451 2717 4486 :
2747 4447 2855 4485 non
2880 4441 3064 4486 tamen
3086 4433 3440 4500 concedetur,
3473 4435 3520 4488 si
3553 4450 3695 4504 prze-

406 4520 637 4588 ἕψεται·
660 4525 757 4594 οὐχ
772 4526 963 4594 ἕψεται
991 4527 1066 4592 δὲ,
1093 4530 1186 4583 τοῦ
1202 4532 1506 4600 ἡγουμένου
1525 4533 1787 4603 μηδαμῶς
1829 4534 2005 4605 ὀμολο.

2117 4522 2319 4577 cedens
2386 4523 2537 4577 nullo
2598 4525 2759 4578 modo
2822 4525 3161 4580 admittatur;
3217 4524 3331 4581 lloe
3389 4538 3570 4581 autem
3619 4529 3700 4583 sic

406 4613 682 4683 γηθέντος
707 4635 719 4648 ·
761 4619 921 4672 τοῦτο
957 4620 1013 4672 δὲ
1065 4620 1224 4691 δῆλον
1267 4616 1368 4676 ὦδε
1401 4640 1416 4656 ο
1485 4625 1664 4679 Ἔστω
1717 4625 2004 4694 ἄνθρωπος

2115 4613 2460 4682 explanatur.
2501 4615 2630 4670 Esto
2666 4616 2831 4672 homo
2850 4626 3013 4687 atque
3048 4618 3252 4672 animal
3280 4619 3546 4674 :etliamo
3574 4621 3701 4691 qui-

411 4707 520 4759 καὶ
571 4707 710 4772 ζῶον
744 4714 759 4740 δ
800 4711 895 4764 καὶ
938 4712 998 4765 τὸ
1055 4714 1152 4783 μὲν
1187 4714 1502 4784 ἄνθρωπος
1543 4717 1785 4788 εἰλήφθω
1843 4717 2005 4786 ἡγού-

2110 4711 2233 4763 dem
2263 4709 2334 4764 sit
2373 4711 2550 4766 instar
2598 4713 2978 4782 praecedentis,
3015 4715 3218 4768 animal
3263 4715 3648 4785 subsequentis
3680 4732 3696 4770 :

416 4819 607 4874 μενος,
639 4805 698 4858 τὸ
734 4805 792 4858 δὲ
821 4805 958 4869 ζῶον
984 4807 1251 4878 ἑπόμενον
1283 4825 1296 4838 ·
1323 4811 1557 4882 φανερὸν
1599 4812 1692 4864 τοῦ
1721 4811 2005 4883 ἀνθρώπου

2112 4811 2330 4857 constat
2362 4803 2586 4857 homine
2612 4806 2920 4874 supposito,
2950 4806 3156 4860 animal
3192 4821 3413 4878 quoque
3441 4819 3698 4862 necessa-

412 4894 734 4964 τιθεμένου,
794 4897 976 4951 καὶτὸ
1028 4898 1166 4964 ζῶον
1228 4901 1287 4964 ἐξ
1332 4902 1578 4973 ἀνάγκης
1622 4903 1813 4973 ἕψεται
1851 4921 1868 4937 ο
1911 4906 2005 4975 οὐχ

2112 4893 2198 4948 rio
2222 4895 2692 4951 subsecuturum:
2727 4898 2868 4952 haud
2923 4909 3182 4965 sequetur
3228 4909 3435 4963 antem,
3474 4899 3698 4954 homine

412 4985 616 5055 ἕψεται
645 4988 720 5052 δὲ,
749 4990 825 5059 μὴ
852 4990 1139 5061 τιθεμένου
1167 4993 1378 5046 ἐκείνου
1415 5011 1429 5026 ο
1462 4996 1706 5048 τοιοῦτόν
1757 4998 1874 5050 ἐστι
1915 4998 2010 5050 καὶ

413 5082 485 5134 τ),
510 5081 659 5149 παρὰ
706 5082 802 5136 σοῦ
849 5083 1344 5155 δραματουργηθέν
1379 5102 1392 5117 ⁸
1435 5086 1518 5140 διὸ
1568 5089 1618 5139 εἰ
1678 5088 1778 5158 μὲν
1826 5087 2011 5158 χώραν

415 5172 520 5224 ἐπὶ
535 5172 671 5227 Θεοῦ
696 5169 842 5245 εἶχεν
868 5176 948 5240 τὸ,
968 5176 1272 5240 (Ἕκαστος
1295 5178 1578 5248 γεννήτωρ
1605 5179 1868 5249 πρότερός
1893 5179 2011 5230 ἐστι

415 5263 521 5316 τοῦ
545 5266 745 5319 οἰκείου
783 5269 1144 5337 γεννήματος,
1169 5288 1186 5320 ι
1209 5268 1367 5338 ἡμῶν
1382 5267 1788 5339 ὁμολογούντων
1804 5269 1865 5322 τὸ
1885 5285 2011 5322 συν-

418 5357 600 5411 αῒδιον
626 5359 771 5429 ἔχειν
804 5359 897 5410 τὸν
925 5358 1144 5432 Πατέρα
1185 5362 1280 5414 καὶ
1309 5359 1400 5413 τὸν
1437 5361 1584 5424 Υίδν,
1639 5359 1874 5431 φανερὸν
1928 5361 2012 5413 ὅτι

419 5450 936 5523 κατηναγκάξετοὴ
974 5452 1168 5522 κλῆσις
1221 5451 1281 5517 ἐξ
1338 5452 1584 5522 ἀλλήλων
1628 5451 2010 5522 χωρισθῆναι·

418 5545 553 5598 ἐπεὶ
583 5545 726 5598 δὲτὸ
749 5545 1018 5616 πρότερον
1058 5547 1160 5599 οὐκ
1196 5545 1416 5617 ἀληθὲς,
1451 5545 1576 5598 οὐδὲ
1623 5544 1682 5598 τὸ
1720 5544 2010 5616 δεύτερονο

421 5639 525 5696 καὶ
551 5638 725 5702 οὕτως
752 5639 962 5707 ἠλίθιον
993 5640 1265 5711 ἀνέφανεν
1295 5639 1356 5692 τὺ
1387 5639 1538 5709 παρὰ
1571 5637 1665 5692 σοῦ
1693 5637 1907 5709 λεχθέν.

504 5732 580 5800 ς’.
609 5733 719 5787 Καὶ
746 5732 950 5797 ἄλλως·
987 5733 1050 5787 Εἰ
1080 5733 1168 5797 διὰ
1198 5733 1296 5804 τὴν
1330 5733 1707 5804 συναῖδιότητα
1760 5730 1856 5784 τοῦ
1899 5731 2016 5784 Πα-

419 5825 559 5895 τρὸς
588 5827 682 5879 καὶ
705 5825 836 5879 Υἱοῦ
860 5824 918 5892 ἐξ
957 5826 1204 5896 ἀνάγκης
1242 5825 1350 5897 φὴς
1376 5825 1478 5889 τὰς
1519 5825 1735 5896 σχέσεις
1779 5821 2017 5894 κεχωρι-

423 5919 583 5989 σθαι,
615 5921 1024 5990 καταναγκάσει
1069 5921 1272 5992 μᾶλλον
1300 5922 1328 5975 ὁ
1355 5920 1514 5989 λόγος
1559 5919 1650 5973 διὰ
1690 5917 1788 5990 τὴν
1831 5917 2016 5989 σχέσιν

2115 5000 2222 5040 non
2278 4989 2586 5058 supposito.
2643 4989 2774 5045 Tale
2817 4998 2903 5045 est
2933 4990 3208 5058 obiectum
3241 5007 3270 5046 a
3316 5001 3367 5047 te
3407 5000 3700 5063 argumen—

2113 5087 2254 5134 tum.
2291 5081 2662 5146 Quamobrem
2698 5082 2743 5136 si
2776 5083 2830 5135 in
2858 5081 2970 5137 Deo
3003 5083 3320 5139 usuveniret
3347 5087 3652 5156 propositio
3682 5108 3695 5142 :

2119 5186 2137 5217 ε
2166 5167 2359 5249 Omnis
2382 5171 2597 5238 genitor
2623 5172 2772 5242 prior
2800 5181 2883 5227 est
2905 5173 3127 5242 proprio
3148 5174 3440 5243 genimiue,
3474 5195 3492 5228 ι
3524 5180 3698 5232 conti-

2117 5261 2359 5316 tentibus
2407 5263 2568 5319 nobis
2602 5274 2906 5319 romternos
2942 5280 3064 5320 esse
3107 5267 3327 5321 Patrem
3373 5283 3437 5322 ac
3475 5267 3696 5335 Filium,

2116 5363 2263 5423 patet
2289 5363 2534 5410 mutuam
2566 5356 2986 5426 appellationem
3016 5361 3331 5415 necessario
3364 5369 3429 5414 ex
3463 5369 3699 5432 utroque

2115 5445 2236 5504 fore
2274 5448 2694 5520 sejungendam.
2742 5449 2846 5505 Sed
2874 5451 3004 5520 quia
3055 5452 3205 5522 prior
3236 5454 3541 5523 propositio
3572 5471 3695 5509 vera

2114 5553 2225 5596 non
2261 5551 2366 5603 est,
2391 5558 2458 5596 ne
2485 5543 2655 5597 altera
2674 5543 2917 5614 quidem.
2970 5545 3148 5614 Atque
3181 5546 3256 5599 ita
3291 5545 3446 5599 futile
3474 5559 3699 5616 apparet

2117 5642 2391 5707 prolatum
2423 5657 2452 5695 a
2483 5650 2535 5695 te
2558 5649 2962 5709 argumentum.

2188 5735 2243 5790 6.
2267 5736 2399 5790 Item
2434 5733 2592 5788 aliter
2621 5751 2632 5786 :
2661 5733 2718 5788 Si
2754 5741 3037 5804 propterea
3072 5734 3220 5805 quod
3266 5736 3522 5790 coaeterni
3573 5751 3703 5795 sunt

2118 5827 2282 5883 Pater
2306 5841 2370 5883 ac
2420 5826 2613 5893 Filius,
2649 5827 2733 5882 ais
2791 5827 3109 5883 necessario
3157 5829 3453 5884 relationes
3509 5845 3699 5888 eorum

2123 5919 2241 5978 l'ore
2304 5920 2708 5993 sejungcndas,
2747 5924 2858 5979 tmo
2911 5929 3070 5993 coget
3121 5921 3302 5992 potius
3351 5921 3698 5982 ratiocinium
