4048 6428
582 452 695 515 815

1866 454 1917 513 N
1927 451 2161 513 ICETxE

2265 454 2611 514 YZANTINI
3706 478 3778 542 διδ

587 572 837 619 nostrum
869 572 1091 634 propter
1125 564 1469 628 relationem,
1495 563 1929 619 comternitatcm
1956 580 2163 635 quoque

2276 564 2445 618 καὶτὸ
2477 564 2748 619 συναῖδιον
2777 564 3095 634 εἰσάγεσθαι
3130 584 3143 597 ·
3173 568 3263 621 καὶ
3299 571 3449 626 τοῦτο
3495 574 3633 646 δῆλον
3671 574 3778 638 ὧδε·

584 655 864 711 inducere.
890 660 1065 726 Atque
1091 657 1192 712 hoc
1217 658 1291 711 ita
1316 658 1644 712 ostenditur.
1678 656 1942 710 Genitoris
1970 673 2167 710 nomen

581 764 706 802 cum
741 748 812 802 sit
840 763 904 803 ex
939 750 1005 804 iis
1029 765 1152 819 qua:
1182 759 1311 804 sunt
1341 751 1409 803 ad
1442 749 1645 818 aliquid
1674 790 1689 813 ,
1723 750 1789 802 ad
1842 749 2011 802 lilium
2070 749 2170 803 hac

576 842 671 896 bet
697 842 1048 896 relationem.
1083 841 1217 908 Quae
1245 852 1431 897 autem
1460 849 1590 897 sunt
1612 841 1678 895 ad
1710 842 1941 911 aliquid,
1974 842 2168 897 simul-

576 944 738 989 lanea
770 948 980 990 natura
1009 944 1138 990 sunt
1168 952 1181 990 :
1210 950 1334 1006 quae
1372 945 1555 990 autem
1590 935 1919 990 simultanea
1960 944 2170 990 natura:

578 1035 730 1094 sunt,
761 1037 814 1082 et
846 1036 977 1083 sunt
1003 1038 1056 1083 et
1087 1028 1214 1082 item
1263 1042 1370 1081 non
1414 1038 1561 1081 sunt.
1610 1026 1970 1081 Coucluditur
2013 1043 2167 1098 ergo,

578 1128 802 1187 propter
836 1118 1156 1174 relationem
1207 1118 1536 1173 simultanea
1574 1131 1723 1181 esse;
1780 1118 1924 1187 quod
1975 1134 2167 1172 verum

576 1217 684 1285 cst.
718 1207 784 1262 Et
825 1224 924 1264 cur
967 1221 1043 1275 tu,
1076 1225 1110 1264 ο
1162 1209 1346 1276 sodes,
1379 1211 1720 1265 contrarium
1773 1208 2034 1263 inducis?
2070 1209 2167 1280 qui

572 1310 803 1375 propter
830 1303 1283 1368 comternitatem,
1315 1302 1523 1360 videris
1550 1304 1714 1358 nobis
1740 1304 1953 1373 eripere
1983 1312 2167 1373 pater-

576 1396 762 1451 nitatis
799 1411 864 1450 ac
891 1394 1140 1449 tilietatis
1189 1394 1512 1450 relationem
1544 1414 1557 1449 :
1584 1403 1807 1465 propter
1844 1395 2166 1449 relationem

572 1494 760 1541 autem
794 1486 1072 1558 gignentis
1100 1494 1155 1540 et
1181 1484 1371 1556 geniti,
1409 1484 1614 1541 videris
1643 1485 1913 1555 perimere
1940 1494 2168 1540 coaeter-

575 1580 816 1632 nitatem
874 1587 930 1633 et
976 1578 1643 1633 consubstantialitatem.
1701 1577 1833 1631 Item
1880 1576 2164 1631 aliter:Si

573 1671 826 1739 genitoris
859 1686 1081 1735 nomen,
1126 1670 1515 1726 exsistcntiam
1552 1669 1713 1724 simul
1772 1668 1993 1734 tribuit;
2046 1684 2169 1738 qua:

573 1775 756 1820 autem
794 1764 1126 1819 simultanea
1160 1763 1500 1819 exsistentiaa
1532 1777 1563 1815 a
1600 1772 1649 1816 te
1668 1758 2041 1832 accipiuntur,
2080 1776 2167 1816 re-

574 1860 832 1913 lationem
872 1858 1179 1927 perimunt,
1229 1872 1351 1927 qua:
1379 1855 1672 1911 intercedit
1697 1856 1837 1909 inter
1865 1854 2166 1925 genitorem

2274 656 2348 708 Τὸ
2370 655 2674 725 γεννήτωρ
2695 655 2871 726 ὄνομα
2890 657 2999 710 τῶν
3019 659 3157 728 πρός
3184 677 3236 712 τι
3283 662 3361 727 ὃν,
3394 666 3520 734 πρὸς
3557 671 3655 725 υίὸν
3702 676 3783 745 ἔχει

2226 780 2233 785 -
2272 747 2372 815 τὴν
2411 745 2692 817 ἀναφοράν
2721 762 2737 777 ·
2764 746 2834 799 τά
2854 746 2909 800 δὲ
2939 748 3077 817 πρός
3098 766 3173 815 τι,
3203 748 3319 820 ἅμα
3351 756 3414 824 τῇ
3449 755 3596 823 φύσει
3627 776 3640 790 ·
3666 763 3720 814 τὰ
3746 766 3785 818 δὲ

2271 837 2390 908 ἅμα
2420 841 2485 909 τῇ
2523 839 2705 906 φύσει,
2736 838 2876 909 ὁμοῦ
2905 840 2966 892 τέ
3022 841 3129 894 είσι
3171 844 3267 895 καὶ
3309 846 3407 899 οὐκ
3434 849 3571 901 εἰσί·
3607 857 3786 924 συνάγε.

2271 948 2363 983 ται
2401 932 2512 1000 ἄρα
2539 930 2629 984 διὰ
2659 930 2758 1002 τὴν
2782 932 2969 1001 σχέσιν
2998 933 3116 1005 ἅμα
3157 931 3298 988 εἶναι
3327 955 3341 969 -
3372 938 3504 1011 ὅπερ
3540 944 3669 997 ἐστὶν
3694 947 3789 1018 diu.

2271 1024 2365 1088 θές
2396 1037 2411 1052 ’
2446 1026 2541 1079 καὶ
2573 1026 2692 1089 πῶς
2736 1028 2823 1093 σὺ,
2858 1020 2903 1080 ὦ
2938 1027 3112 1096 φίλος,
3166 1029 3227 1082 τὸ
3291 1032 3526 1084 ἐναντίον
3582 1038 3787 1105 εἰσάγεις,

2271 1119 2367 1170 καὶ
2403 1118 2492 1171 διὰ
2517 1118 2617 1189 μὲν
2636 1119 2695 1172 τὸ
2720 1120 3014 1183 ωναῖδιον,
3046 1122 3126 1184 εἰς
3156 1121 3254 1193 τὴν
3282 1126 3464 1193 σχέσιν
3491 1127 3587 1198 τῆς
3630 1134 3789 1200 πατρό-

2274 1227 2436 1278 τητος
2456 1213 2550 1264 καὶ
2575 1212 2824 1281 υίότητος
2853 1214 3001 1283 ἡμᾶς
3026 1213 3203 1276 δοκεῖς
3231 1219 3611 1286 παρακρούειν,
3650 1221 3723 1274 διὰ
3751 1225 3792 1277 δὲ

2268 1303 2369 1372 τήν
2428 1304 2616 1373 σχέσιν
2670 1303 2765 1358 τοῦ
2816 1307 3143 1377 γεννήτορος
3172 1309 3267 1362 καὶ
3300 1310 3641 1381 γεννήματος,
3664 1316 3729 1378 εἰς
3752 1318 3793 1367 τδ

2270 1394 2545 1447 συναῖδιόν
2572 1411 2632 1447 τε
2670 1396 2764 1449 καὶ
2790 1396 3079 1467 ὁμοούσιον
3102 1415 3115 1463 ;
3152 1400 3261 1452 Καὶ
3288 1399 3462 1465 ἄλλως
3489 1417 3503 1431 ·
3540 1405 3595 1455 Εἰ
3620 1406 3671 1456 τὸ
3694 1423 3793 1473 rer-

2268 1487 2464 1554 νήτωρ
2502 1486 2674 1558 ὄνομα
2707 1489 2807 1558 τὴν
2829 1490 2925 1542 τοῦ
2954 1487 3092 1543 εἶναι
3126 1489 3242 1559 ἅμα
3274 1490 3503 1562 ὕπαρξιν
3549 1494 3723 1556 δίδωσι,
3747 1500 3794 1551 τὶ

2269 1583 2325 1635 δὲ
2348 1583 2465 1652 ἅμα
2495 1583 2561 1652 τῇ
2604 1582 2837 1654 ὑπάρξει
2874 1582 3017 1638 κατὰ
3042 1583 3103 1636 σὲ
3133 1583 3538 1655 λαμόανόμενα,
3587 1588 3795 1642 ἀπόλλυσι

2270 1674 2371 1741 τὴν
2415 1674 2601 1743 σχέσιν
2661 1673 2762 1744 τὴν
2785 1669 2955 1729 οὖσαν
3001 1677 3067 1729 ὲκ
3121 1674 3219 1728 τοῦ
3266 1673 3581 1748 γέννήτορος
3624 1679 3797 1749 πρδςτὸ

2269 1762 2537 1835 γέννημα,
2566 1765 2862 1834 συνάγεται
2891 1768 3023 1839 ἄρα,
3042 1767 3104 1822 τδ
3128 1767 3433 1839 γεννήτωρ
3459 1771 3638 1842 ὄνομα.
3666 1776 3797 1827 καὶτὸ

2271 1857 2541 1935 γέννημα.
2575 1860 2634 1913 ἐν
2662 1858 2846 1929 σχέσει
2869 1860 3023 1927 ὅντα,
3057 1861 3267 1932 ἄσχετα
3286 1858 3431 1916 εἶναι
3459 1878 3474 1894 ο
3519 1864 3642 1936 ὅπερ
3687 1868 3795 1920 ἐστὶν

573 1964 628 2005 et
657 1952 942 2022 genitum;
975 1949 1326 2005 concluditur
1353 1949 1542 2018 utique
1570 1948 1836 2017 genituris
1870 1963 2091 2014 nomen,
2117 1956 2172 2002 et
2202 1932 2245 1992 Β
2276 1946 2495 2002 ἄτοπον.

575 2047 842 2115 genitum,
879 2044 1115 2099 invicem
1171 2041 1487 2108 referentia,
1546 2058 1655 2097 non
1728 2056 1850 2097 esse
1910 2041 2167 2108 relativa;

575 2140 720 2208 quod
752 2152 835 2194 est
854 2137 1176 2193 absurdum.

651 2227 702 2279 7.
742 2227 928 2297 Pergis
965 2241 1094 2279 vero
1146 2225 1329 2281 dicere
1378 2225 1459 2281 sic
1501 2244 1513 2279 :
1553 2245 1570 2277 ι
1604 2226 1743 2292 Quia
1802 2227 1847 2281 si
1886 2225 2170 2282 existimes

576 2333 747 2371 unum
782 2317 1110 2387 principium
1149 2317 1464 2381 amborum,
1521 2317 1699 2372 Patris
1743 2325 1910 2387 atque
1948 2316 2093 2371 Filii.
2143 2335 2162 2369 ι

576 2408 769 2475 Miror,
817 2423 852 2464 ο
895 2410 1078 2472 sodes,
1136 2407 1415 2478 quodnam
1458 2419 1514 2462 tu
1566 2409 1702 2463 velis
1754 2410 2081 2478 principium
2115 2410 2168 2463 in

576 2501 695 2556 Deo
723 2516 943 2570 ponere.
976 2498 1310 2569 Principium
1350 2499 1708 2555 multifariam
1739 2500 1945 2554 dicitur
1976 2518 1988 2553 :
2020 2499 2168 2554 aliud

573 2602 661 2648 est
686 2593 831 2649 enim
869 2591 1207 2656 ell‘ectivum,
1245 2592 1411 2647 veluti
1444 2601 1527 2647 est
1553 2591 1893 2669 architectus
1919 2590 2169 2645 aediﬁcio-

579 2703 700 2741 rum
733 2705 746 2741 :
780 2685 932 2741 aliud
982 2686 1288 2749 materiale,
1334 2683 1504 2740 veluti
1563 2684 1759 2738 tabula:
1793 2684 1949 2738 navis
1979 2701 1992 2736 :
2023 2683 2169 2737 aliud

578 2778 830 2844 l'ormale,
867 2776 1033 2831 veluti
1073 2784 1269 2831 statum
1302 2775 1526 2831 schema
1565 2792 1578 2828 :
1609 2774 1758 2829 aliud
1791 2774 1970 2840 linale,
2001 2774 2166 2829 veluti

578 2872 736 2926 navis
781 2870 853 2925 ad
890 2870 1205 2925 rictualium
1240 2872 1678 2939 deportatiOnem
1712 2888 1724 2923 :
1759 2869 1906 2922 aliud
1957 2869 2166 2924 instru-

588 2964 852 3024 tncntale.
888 2973 949 3018 ut
988 2962 1128 3017 fabri
1164 2961 1392 3016 murarii
1425 2961 1572 3015 ascia
1607 2978 1619 3014 :
1652 2961 1800 3015 aliud
1833 2962 2167 3031 exemplare,

576 3057 744 3127 veluti
776 3065 1126 3128 prototypum
1164 3053 1291 3109 facti
1346 3054 1533 3123 operis
1574 3071 1586 3107 :
1634 3054 1784 3108 aliud
1837 3053 2163 3123 temporale,

577 3153 724 3208 velut
750 3167 839 3207 res
861 3150 1018 3206 facta:
1047 3166 1167 3220 qua:
1202 3149 1260 3203 in
1296 3160 1543 3218 tempore
1571 3148 1711 3202 llunt
1740 3155 1795 3203 et
1824 3155 1954 3203 sunt
1978 3164 1991 3199 :
2019 3145 2168 3200 aliud

2342 2214 2407 2282 ζ’·
2455 2217 2773 2290 Ἐπιφέρεις
2795 2217 2854 2272 δὲ
2881 2216 3047 2274 πάλιν
3068 2217 3243 2282 οὕτως
3268 2235 3282 2252 ο
3306 2238 3325 2271 ι
3351 2220 3565 2291 Ἐπειδὴ
3593 2221 3674 2274 ἐὰν
3694 2222 3797 2291 ήγῆο

2273 2326 2363 2363 σαι
2391 2310 2520 2381 μίαν
2542 2310 2719 2382 ἀρχὴν
2754 2309 3091 2381 ἀμφοτέροις
3111 2310 3206 2364 τοῦ
3233 2329 3293 2364 τε
3324 2312 3534 2383 [ἰατρὸς
3560 2314 3791 2367 καὶΤὶοῦ..

2270 2401 2590 2470 Θαυμάζειν
2638 2419 2728 2473 μοι
2769 2403 3085 2474 ἐπέρχεται,
3146 2397 3192 2457 ὧ
3264 2404 3455 2472 φίλος,
3510 2406 3679 2459 ὁποίαν
3716 2405 3794 2475 ἄρα

2275 2497 2439 2568 βούλῃ
2476 2498 2652 2569 ἀρχὴν
2678 2498 2770 2552 ἐπὶ
2798 2497 2937 2551 Θεοῦ
2955 2497 3165 2552 τιθέναι
3201 2515 3214 2529 ο
3252 2497 3357 2569 τῆς
3390 2500 3498 2567 γὰρ
3527 2498 3682 2570 ἀρχῆς
3702 2498 3796 2550 πολ-

2271 2590 2453 2660 λαχῶς
2475 2591 2801 2662 λεγομένης,
2825 2592 2923 2663 τῆς
2960 2591 3060 2662 μὲν
3091 2592 3168 2655 ὡς
3198 2594 3512 2665 ποιητικῆς,
3542 2590 3644 2646 οἷον
3678 2593 3702 2644 ὁ

2271 2701 2416 2737 κτων
2441 2683 2548 2737 τῶν
2570 2683 2889 2754 οἰκημάτων
2914 2674 2930 2713 έ
2960 2684 3060 2755 τῆς
3084 2684 3141 2737 δὲ
3162 2684 3239 2748 ὼς
3267 2685 3491 2755 ὑλικῆς,
3521 2679 3623 2737 οἷον
3659 2684 3706 2736 αἰ
3728 2701 3797 2737 σα-

2272 2777 2414 2840 νίδες
2458 2776 2554 2830 τοῦ
2588 2776 2775 2830 πλοίου
2810 2793 2824 2806 ·
2852 2777 2952 2843 τῆς
2990 2777 3048 2831 δὲ
3100 2778 3175 2841 ὡς
3225 2778 3435 2849 είδικῆς
3488 2777 3616 2850 [θεά.
3650 2777 3795 2844 ἰδικῆε.

2272 2866 2364 2923 Sic
2380 2877 2429 2922 et
2450 2866 2639 2940 infra],
2672 2863 2785 2921 οἷον
2819 2867 2912 2921 τοῦ
2937 2867 3256 2941 ἀνδριάντος
3282 2871 3347 2923 τδ
3373 2869 3556 2940 σχῆμα
3585 2887 3596 2898 ·
3636 2869 3714 2936 τῇς
3760 2867 3796 2918 δὲ

2270 2960 2344 3021 ὡς
2375 2959 2616 3030 τελικῆς,
2653 2954 2765 3012 οἷον
2788 2961 2849 3013 τδ
2881 2960 3065 3014 πλοῖον
3089 2959 3224 3033 πρὸς
3248 2962 3476 3033 ἀγωγήν
3498 2960 3598 3014 τῶν
3625 2958 3794 3029 χρειῶν·

2270 3050 2367 3119 τῆς
2398 3050 2455 3103 δὲ
2484 3049 2559 3113 ὡς
2588 3051 2886 3120 ὀργανικῆς
2905 3091 2919 3115 ,
2952 3046 3067 3105 οἷον
3098 3053 3352 3116 τέκτονος
3405 3052 3466 3106 τὸ
3506 3051 3796 3121 σκέπαρνον

2269 3145 2367 3215 τῆς
2395 3144 2451 3197 δὲ
2470 3144 2544 3210 ὡς
2575 3145 3116 3217 παραδειγματικῆς,
3160 3147 3417 3219 καθάπερ
3478 3147 3538 3200 τὸ
3580 3146 3797 3217 πρωτότν-

536 3254 539 3261 ‘
565 3246 805 3301 causale
834 3244 1243 3308 tantummodo,
1278 3241 1445 3297 veluti
1477 3241 1606 3296 Selii
1637 3256 1700 3295 ex
1732 3238 2004 3311 principio
2030 3255 2163 3310 quo-

2272 3254 2372 3290 πον
2395 3236 2490 3289 τοῦ
2517 3238 2851 3309 παραγώγου
2888 3254 2901 3268 ⁸
2930 3239 3030 3309 τῆς
3063 3239 3120 3291 δὲ
3147 3238 3224 3302 ὡς
3277 3233 3557 3311 χρονικῆς,
3604 3237 3799 3302 καθάπερ

575 3339 704 3392 dam
734 3345 789 3391 et
818 3350 984 3392 causa
1016 3343 1175 3390 ortus
1201 3343 1307 3399 est,
1334 3350 1402 3389 ex
1433 3332 1645 3387 Adamo
1668 3332 1902 3387 scilicet.
1934 3328 2093 3385 Nunc
2116 3330 2163 3386 si

578 3439 836 3497 tanquam
867 3440 933 3480 ex
955 3423 1229 3495 principio
1266 3423 1528 3492 quodam,
1552 3437 1652 3478 ceu
1681 3438 1867 3489 causa,
1895 3423 2033 3478 dicis
2060 3420 2163 3477 Pa-

577 3518 681 3573 tris
711 3532 776 3571 ac
801 3516 925 3571 Filii
965 3531 1134 3571 unum
1171 3514 1528 3586 principium,
1564 3515 1677 3585 jam
1716 3529 1893 3585 neque
1928 3515 2162 3568 alterum

578 3610 904 3680 genitorem,
946 3623 1123 3677 neque
1152 3608 1388 3662 alterum
1438 3622 1562 3662 esse
1591 3607 1836 3677 genitum
1876 3606 2158 3662 retinebis.

574 3700 712 3755 Nam
752 3700 1041 3771 enjusnam
1073 3700 1291 3768 genitor
1353 3698 1447 3764 sit,
1502 3699 1547 3753 si
1610 3708 1871 3768 tanquam
1928 3713 1994 3752 ex
2053 3697 2162 3751 alio

579 3791 847 3862 principio
879 3798 933 3844 et
971 3804 1138 3844 causa
1175 3788 1392 3843 Patrem
1427 3803 1491 3843 ac
1520 3787 1722 3842 Filium
1781 3788 1933 3842 dicas
1973 3787 2161 3843 ortos?

576 3884 735 3937 (let-te
767 3881 1097 3952 principium
1126 3896 1233 3936 non
1261 3880 1409 3936 dices
1434 3880 1742 3936 eﬂ‘eetivum
1768 3898 1783 3947 ;
1827 3896 1951 3935 nam
1978 3881 2023 3935 si
2060 3881 2162 3956 hoc

572 3976 866 4037 concedas,
900 3976 1002 4029 erit
1026 3973 1120 4028 Dei
1153 3974 1317 4040 Deus,
1346 3983 1398 4029 et
1416 3975 1789 4045 rursushujus
1808 3974 1952 4030 alius
1983 3973 2149 4040 Deus,

2267 3327 2337 3381 τὰ
2367 3328 2627 3398 γινόμενα
2650 3330 2706 3380 έν
2737 3329 2913 3399 χρόνῳ
2948 3328 3190 3397 γίνονται
3211 3332 3303 3383 καὶ
3332 3332 3441 3385 είσί
3461 3346 3474 3360 ·
3532 3332 3623 3401 τῆς
3666 3329 3711 3381 δὲ
3747 3327 3799 3387 ὡς

2266 3418 2450 3482 αἰτίας
2505 3420 2600 3472 καὶ
2650 3419 2841 3489 μόνης,
2888 3418 3036 3473 καθὰ
3066 3423 3095 3474 ὁ
3132 3421 3239 3491 Σὴθ
3272 3421 3336 3488 ἐξ
3379 3421 3551 3493 ἀρχῆς
3579 3437 3705 3484 τινος
3735 3419 3800 3472 καί

2265 3510 2447 3574 αἰτίας
2483 3509 2654 3580 ἀνέφυ
2680 3509 2774 3563 τοῦ
2804 3509 2981 3581 ’Λδάμ
3010 3527 3025 3542 ·
3061 3512 3110 3564 εί
3169 3511 3270 3583 μὲν
3300 3512 3414 3585 γὰρ
3435 3512 3511 3576 ὡς
3563 3512 3617 3578 ἐξ
3668 3509 3800 3581 ἀρχῆς

2265 3618 2408 3665 τινος
2437 3601 2512 3665 ὼς
2541 3602 2722 3666 αἰτίας
2754 3602 2859 3673 φὴς
2891 3602 2987 3656 τοῦ
3020 3603 3233 3675 [ἰατρὸς
3260 3606 3360 3658 καὶ
3394 3606 3489 3660 τοῦ
3535 3602 3656 3658 Υίοῦ
3703 3601 3799 3672 μίαν

2264 3690 2441 3761 ἀρχὴν
2469 3687 2631 3757 εἶναι,
2665 3693 2852 3746 οὐκέτι
2886 3692 2980 3746 τὸν
3016 3692 3118 3763 μὲν
3153 3696 3485 3766 γεννήτορα,
3517 3696 3601 3748 τὸν
3636 3694 3685 3747 δὲ
3712 3694 3802 3760 γένο

2264 3800 2413 3854 νημαι
2447 3783 2729 3853 φυλάξεις.
2763 3785 2919 3849 Τίνος
2946 3786 3056 3858 γὰρ
3083 3785 3151 3840 ἂν
3189 3788 3286 3840 καὶ
3316 3787 3403 3860 εῐη
3427 3789 3714 3859 γεννήτωρ,
3739 3782 3800 3836 ἐπ’

2262 3873 2327 3927 ἂν
2358 3875 2433 3939 ὡς
2462 3874 2522 3941 ἐξ
2549 3875 2717 3948 ἄλλης
2765 3878 2939 3949 ἀρχῆς
2987 3896 3047 3931 τε
3078 3879 3173 3933 καὶ
3192 3879 3376 3943 αἰτίας
3403 3881 3495 3934 τὸν
3524 3880 3716 3951 Πατέρα
3736 3875 3804 3930 καὶ

2266 3965 2392 4018 Υίὸν
2446 3966 2553 4037 φὴς
2618 3965 2930 4035 άναφύναι;
2986 3967 3098 4021 οὐδ’
3133 3968 3306 4039 αὐτὴν
3337 3968 3416 4034 ὠς
3442 3970 3708 4040 ποιητικήν
3735 3983 3745 3997 ·
3769 3963 3802 4015 εἰ

575 4079 630 4122 ct
658 4069 759 4122 hoc
786 4068 840 4123 in
877 4065 1172 4121 inﬁnitum.
1212 4064 1400 4135 Neque
1432 4066 1767 4136 principium
1796 4066 1949 4123 dices
1988 4075 2160 4121 mate-

2265 4058 2371 4127 γάρ
2392 4057 2551 4112 τοῦτο
2579 4057 2706 4131 δῷς,
2737 4060 2891 4113 ἔσται
2919 4060 3015 4115 τοῦ
3043 4060 3179 4115 Θεοῦ
3207 4060 3365 4128 Θεὸς,
3410 4064 3506 4118 καὶ
3533 4062 3678 4117 πάλιν
3716 4056 3805 4112 τοὺ-

562 4161 743 4228 ντίθίικ
783 4177 892 4215 non
930 4160 1077 4215 enim
1120 4170 1204 4215 est
1244 4160 1390 4215 Deus
1428 4162 1772 4231 compositus
1791 4170 1845 4215 et
1891 4162 2158 4216 materia-

574 4255 665 4309 lis.
697 4255 802 4309 Sed
839 4269 1019 4323 neque
1041 4253 1273 4307 formale
1319 4253 1686 4324 principium;
1726 4270 1850 4309 nam
1880 4256 2158 4325 quodnam

578 4346 779 4400 habere
806 4352 1102 4415 potuerunt
1133 4344 1362 4398 l'ormale
1391 4342 1737 4415 principium
1757 4347 1914 4401 Pater
1970 4361 2034 4400 ac
2068 4344 2160 4399 Fi-

577 4436 721 4491 lius?
750 4447 1114 4509 prieterquam
1183 4436 1328 4505 quod
1382 4437 1837 4504 compositionem
1878 4452 1982 4493 non
2012 4437 2154 4492 vita-

576 4536 720 4582 rent.
760 4526 947 4596 Neque
980 4525 1221 4596 denique
1257 4527 1442 4593 ﬁnale,
1469 4527 1672 4581 etenim
1705 4528 1853 4582 nulla
1889 4545 1956 4583 ex
1983 4544 2154 4583 causa

2261 4166 2356 4203 του
2411 4149 2591 4215 ἄλλος,
2635 4152 2733 4205 καὶ
2781 4151 2940 4207 τοῦτο
2971 4155 3059 4207 ἐπ’
3091 4153 3322 4226 ἄπειρον
3357 4171 3373 4186 ο
3433 4156 3542 4209 οὐδ’
3569 4154 3717 4223 αὐτὴν
3750 4149 3804 4212 ὡς

2263 4239 2458 4312 ὐλικήν
2488 4257 2504 4275 ο
2537 4242 2600 4295 οὐ
2628 4243 2736 4314 γάρ
2757 4244 2906 4298 ἐστιν
2938 4247 2967 4299 ὁ
2992 4245 3125 4310 Θεὸς
3147 4245 3407 4313 σύνθετός
3432 4266 3494 4302 τε
3523 4248 3612 4302 καὶ
3642 4244 3801 4302 ένυλοςο

2261 4332 2399 4387 ἀλλὰ
2437 4334 2545 4405 μὴν
2573 4335 2694 4389 οὐδὲ
2719 4336 2818 4407 τὴν
2844 4337 2920 4401 ὡς
2941 4338 3149 4411 είδικήν
3169 4355 3184 4371 ο
3225 4340 3351 4395 τίνα
3394 4342 3504 4413 γὰρ
3543 4341 3631 4395 καί
3669 4338 3803 4409 ἔχοιεν

2261 4425 2471 4497 εἰδικήν
2508 4427 2683 4499 ἀρχὴν
2713 4431 2741 4482 ὁ
2785 4429 2974 4502 Πατὴρ
3004 4432 3099 4484 καὶ
3148 4430 3313 4497 Υἰός;
3382 4435 3477 4487 καὶ
3532 4431 3690 4495 οὕτως
3730 4428 3804 4493 τὴν

2262 4518 2515 4573 σύνθεσιν
2544 4520 2646 4574 οὐκ
2679 4521 3040 4590 ἐκφεύξονται
3077 4539 3092 4555 ο
3118 4523 3230 4576 οὐδ’
3259 4524 3434 4596 αὐτὴν
3483 4524 3557 4589 ὡς
3605 4520 3802 4588 τελικὴν,

577 4618 722 4674 Deus
751 4620 1019 4689 provenit.
1059 4617 1316 4688 Superest
1348 4617 1446 4671 tibi
1500 4618 1804 4688 temporale
1836 4634 1961 4675 esse
2005 4622 2156 4689 prin-

2265 4612 2503 4677 ἀναίτιος
2533 4614 2686 4686 γάρὸ
2716 4613 2850 4678 Θεός
2884 4631 2896 4643 ·
2932 4615 3182 4670 λείπεται
3216 4617 3360 4671 κατά
3420 4618 3481 4670 σὲ
3534 4617 3628 4687 τὴν
3660 4629 3803 4684 χρονι-

575 4711 780 4781 cipium
822 4709 1001 4765 Patris
1043 4725 1110 4765 ac
1154 4708 1298 4762 Filii.
1335 4707 1491 4774 Quod
1530 4708 1577 4764 si
1629 4709 1701 4763 ita
1732 4719 1837 4775 est,
1875 4709 2011 4779 ipsis
2041 4710 2167 4779 qui—-

574 4805 698 4857 dem
732 4803 845 4858 lieri
894 4803 1182 4873 contingit,
1215 4811 1270 4855 et
1303 4802 1601 4870 corrumpi,
1630 4808 1686 4854 et
1716 4801 1823 4854 alia
1857 4801 2161 4858 innumera.

572 4894 707 4948 Nam
734 4909 856 4964 quae
881 4893 935 4947 in
957 4901 1221 4962 tempore,
1254 4892 1383 4946 talia
1412 4900 1561 4946 sunt.
1591 4891 1841 4956 Constat,
1869 4908 1975 4946 non
1999 4908 2162 4963 posse

563 4988 629 5041 .in
666 4990 775 5042 Deo
800 4986 1136 5058 principium
1182 4984 1745 5054 antiquiusinveniri.
1775 4986 1846 5039 Et
1863 4986 2160 5054 quomodo,

573 5095 606 5130 ο
643 5080 827 5144 sodes,
860 5078 935 5133 ita
963 5092 993 5130 a
1030 5077 1189 5132 nobis
1209 5076 1517 5131 existimari
1557 5090 1918 5143 praesumens,
1948 5076 2157 5145 paralo-

570 5171 809 5240 gismum
858 5169 1156 5223 contexis?
1198 5167 1335 5223 Vere
1359 5168 1794 5241 demonstratum
1846 5168 1940 5222 tibi
1974 5167 2078 5222 fuit
2102 5170 2153 5224 id

571 5277 695 5316 esse
721 5261 1002 5315 stolidum.

644 5354 698 5407 8.
740 5352 846 5408 Sed
874 5351 1158 5407 videamus
1190 5351 1353 5404 etiam
1390 5352 1517 5422 quid
1548 5352 1710 5421 paulo
1735 5352 1875 5406 infra
1902 5354 2151 5411 scribas:

578 5466 597 5499 ι
646 5446 790 5500 Deus
819 5445 1005 5499 omnia
1031 5443 1300 5514 sapientia
1330 5459 1428 5498 sua
1458 5445 1800 5515 gubernavit.
1836 5465 1854 5497 ι
1899 5446 2155 5502 Concedo

2261 4703 2363 4775 κὴν
2382 4704 2558 4777 ἀρχὴν
2593 4703 2735 4761 εἶναι
2764 4708 2860 4761 τοῦ
2893 4709 3108 4779 Πατρὸς
3136 4709 3230 4762 καὶ
3262 4708 3393 4763 Υίοῦ
3423 4726 3437 4739 ο
3464 4710 3514 4763 εί
3562 4708 3615 4761 δὲ
3665 4704 3800 4765 τοῦτο,

2251 4801 2355 4869 ,καὶ
2379 4800 2633 4867 γίνεσθαι
2665 4803 2733 4856 ἂν
2774 4803 2975 4867 αὐτοὺς
3012 4804 3325 4875 συμϐαίνει,
3369 4808 3468 4859 καὶ
3512 4800 3800 4875 φθείρεσθαι,

2264 4892 2358 4944 καὶ
2390 4892 2528 4946 ἄλλα
2560 4895 2732 4966 μυρία
2761 4912 2773 4924 ⁸
2805 4896 2874 4949 τὰ
2908 4899 3016 4968 γὰρ
3047 4899 3107 4950 ὲν
3149 4900 3328 4970 χρόνῳ
3367 4898 3593 4952 τοιαῦτα
3624 4912 3637 4927 ο
3678 4907 3803 4963 φανει

2265 4982 2357 5053 ρδν
2387 4985 2469 5035 ὅτι
2496 4985 2595 5038 οὐκ
2620 4987 2767 5039 ἐστιν
2802 4990 2895 5040 ἐπὶ
2923 4988 3059 5043 Θεοῦ
3092 4989 3267 5060 ἀρχὴν
3308 4990 3589 5061 ἀνωτέραν
3620 4986 3771 5057 εὑρεῖν

2263 5074 2357 5127 καὶ
2383 5075 2519 5142 πῶς,
2554 5071 2599 5130 ὦ
2624 5078 2798 5145 φίλος,
2830 5082 2905 5142 ὡς
2932 5080 3186 5149 ἡγεῖσθαι
3242 5080 3422 5134 λαϐὼν
3476 5081 3565 5134 τὸν
3610 5074 3802 5147 παραῖο·

2262 5168 2481 5236 γισμὸν,
2513 5170 2877 5239 συρράπτειςς
2915 5173 3026 5226 Καὶ
3070 5171 3215 5226 οὕτω
3252 5173 3526 5227 δέδεικται
3560 5172 3646 5225 καὶ
3676 5165 3813 5222 τοῦτό·

2263 5275 2347 5311 σοι
2369 5258 2598 5329 ὴΜθιον.

2325 5359 2395 5422 η’.
2428 5352 2567 5405 Ἀλλ’
2620 5354 2819 5426 ἴδωμεν
2860 5358 2913 5410 τί
2987 5360 3084 5412 καὶ
3125 5360 3265 5430 μετὰ
3309 5359 3519 5431 βραχέα
3566 5356 3800 5428 γράφεις·

2262 5468 2280 5500 ι
2330 5447 2388 5500 '0
2413 5448 2468 5500 δὲ
2497 5447 2630 5510 Θεὸς
2678 5448 2740 5501 τὸ
2789 5451 2898 5503 πᾶν
2926 5453 2992 5521 τῇ
3041 5452 3206 5524 σοφίᾳ
3235 5451 3401 5506 αὐτοῦ
3432 5450 3756 5520 ἐκυϐέρνησε.
3783 5457 3796 5488 ³

574 5535 678 5589 hoc
717 5534 948 5588 libenter
995 5530 1292 5586 admodum
1326 5548 1339 5583 :
1378 5531 1574 5585 etenim
1616 5532 2030 5603 enliypostatica
2062 5551 2153 5590 sa-

2265 5541 2525 5612 Σύμφημι
2559 5541 2715 5609 κάγὼ
2745 5544 2840 5596 καί¹
2876 5544 3021 5615 μάλα
3049 5545 3242 5615 ἡδέως·
3273 5548 3339 5617 τῇ
3375 5545 3479 5615 μὲν
3511 5543 3615 5614 γὰρ
3640 5542 3799 5591 ἐνυπο-

573 5628 768 5695 p:entia
794 5640 914 5692 sua,
945 5640 1111 5695 quam
1167 5638 1350 5679 sermo
1401 5632 1586 5680 noster
1609 5626 1896 5697 perSpicue
1922 5628 2150 5683 demon-

2265 5635 2433 5703 ττάτῳ
2486 5632 2562 5704 (l)
2614 5633 2783 5687 αὐτοῦ
2831 5636 3017 5707 σοφίᾳ,
3049 5636 3117 5707 ἢν
3172 5639 3202 5691 ὁ
3264 5638 3422 5706 λόγος
3474 5635 3689 5704 δύναμιν
3724 5625 3799 5693 τὴν

645 5828 722 5904 (1)
759 5829 1202 5904 Enitjpostatum
1232 5832 1309 5887 sic
1338 5834 1529 5888 delinit
1554 5832 1613 5887 S.
1643 5833 1915 5889 Maximus
1945 5848 2136 5904 opusc.

2254 5837 2376 5891 σίαν
2403 5837 2603 5902 κοινὸν,
2627 5839 2796 5908 ῆγουν
2817 5841 2877 5893 τὸ
2903 5836 3064 5906 εἶδος,
3099 5840 3161 5894 τὸ
3205 5841 3264 5896 ὲν
3289 5841 3399 5901 τοῖς
3426 5838 3519 5891 ὑπ’
3544 5833 3665 5908 αὐτὸ
3701 5826 3794 5908 ἀτᾷ·

576 5898 740 5951 tlteol.
784 5909 821 5951 t.
872 5898 939 5967 ll,
972 5917 1023 5971 p.
1055 5904 1158 5958 '19:
1194 5903 1611 5970 Ἐνυπὸστατον,
1649 5905 1708 5957 τὸ
1738 5905 1875 5958 κατὰ
1906 5898 2006 5975 τὴν
2050 5905 2144 5957 οὺ-

2256 5925 2378 5978 μοις
2419 5897 2826 5979 πραγματικῶς
2873 5897 3281 5983 ὑφιστάμενον,
3339 5897 3431 5964 καὶ
3477 5910 3576 5964 οὐκ
3623 5897 3794 5965 ἐπινοίᾳ
