4048 6418
386 379 491 443 817

1409 493 1435 507 Ο

1521 375 1955 439 REFUTATIO
1994 372 2477 443 MOHAMEDIS.

3551 381 3669 445 818

383 499 560 571 αὐτὴν
610 496 706 552 καὶ
736 466 909 567 Ᾱόγον
954 497 1048 551 καὶ
1100 496 1229 550 Υἱὸν
1259 493 1475 567 τρανῶς
1511 495 1703 562 ἔδειξε,
1752 497 1814 548 τὸ
1864 493 2009 552 πᾶν,

2114 495 2275 549 travit
2313 494 2552 551 Verbum
2596 510 2715 552 esse
2746 511 2810 551 ac
2861 496 3086 563 Filium,
3124 499 3307 553 omnia
3360 500 3670 565 constituit,

387 590 798 662 συνεστήσατο,
846 590 941 643 καὶ
991 589 1340 660 ἐφανέρωσεν
1389 589 1447 641 ὲν
1496 590 1611 651 τοῖς
1644 587 1829 658 ἔργοις
1878 587 1977 656 τὴν

386 682 587 736 ἑαυτοῦ
622 682 862 751 ποίησιν·
913 683 1006 735 καὶ
1058 682 1140 735 ὅτι
1189 681 1306 734 ἐστι
1336 681 1467 742 Θεὸς
1501 674 1583 744 εἷς
1632 680 1727 733 ὲπὶ
1759 680 1980 734 πάντων

389 773 721 844 ὑπερούσιος
748 773 869 827 καθ’
909 773 944 829 ἂ
988 773 1091 828 πού
1124 791 1209 838 τις
1254 773 1365 828 τῶν
1391 774 1523 844 παρ’
1546 775 1681 844 ἡμῖν
1711 771 1981 842 θεολόγων

390 867 606 935 συνῳδά
660 865 873 932 τούτοις
937 868 1042 939 ἔφη
1069 884 1084 899 ·
1125 887 1144 921 ι
1212 869 1288 924 Τὰ
1342 868 1454 937 γὰρ
1512 868 1738 937 ἀόρατα
1792 871 1980 924 αὐτοῦ

390 961 519 1015 ἀπὸ
575 961 830 1026 κτίσεως
872 962 1107 1028 κόσμου
1156 960 1283 1026 τοῖς
1334 960 1627 1030 ποιήμασι
1682 961 1983 1030 νοούμενα

389 1048 733 1116 καθορᾶται,
766 1049 804 1117 ἢ
835 1064 897 1104 τε
928 1050 1117 1117 ἀΐδιος
1166 1049 1355 1105 αὐτοῦ
1398 1051 1632 1117 θειότης
1653 1066 1667 1081 ·
1717 1070 1735 1103 ι
1789 1052 1883 1104 καὶ
1913 1050 1994 1103 τὰ

388 1140 607 1203 τούτοις
640 1140 918 1210 σύστοιχα·
956 1141 1038 1194 διδ
1067 1142 1169 1194 κᾶν
1203 1138 1279 1210 μὴ
1320 1140 1503 1211 θέλῃς,
1536 1143 1655 1204 ταῖς
1683 1141 1981 1211 ἡμετέραις

389 1230 709 1301 ὁμολογίαις
743 1230 1001 1300 συνᾴδῃς·
1050 1229 1414 1300 παρακατιὼν
1443 1230 1500 1283 δὲ
1546 1229 1741 1301 μικρὸν
1775 1232 1854 1294 εἰς
1883 1232 1983 1301 τὴν

397 1322 701 1394 μοναρχίαν
760 1321 853 1375 τοῦ
903 1320 1040 1375 Θεοῦ
1092 1321 1186 1374 καὶ
1241 1322 1713 1393 ὑπερουσιότητα,
1748 1323 1984 1393 γράφεις

392 1412 591 1474 οὕτως·
632 1431 650 1462 ι
711 1413 855 1464 Διότι
904 1413 998 1465 ὲάν
1056 1407 1171 1483 εἶχε
1213 1415 1470 1466 κοινωνὸν
1528 1415 1608 1477 είς
1641 1414 1740 1485 τὴν
1786 1414 1982 1467 ἑαυτοῦ

397 1503 719 1575 βασιλείαν,
780 1503 973 1575 ἔμελλε
1015 1504 1271 1575 δέχεσθαι
1308 1504 1625 1559 ἐναντίωσιν
1650 1546 1664 1569 ,
1714 1506 1747 1576 ἢ
1798 1507 1984 1575 ἐνδεὴς

395 1592 543 1667 εἶχεν
586 1593 728 1650 εἴναι
779 1596 1061 1667 ύπουργοῦ
1100 1596 1197 1650 τοῦ
1241 1598 1465 1666 διοικεῖν
1496 1597 1594 1666 τὴν
1619 1599 1986 1669 δημιουργίαν

396 1689 586 1744 αὐτοῦ.
648 1709 666 1742 s
712 1690 1031 1760 Θαυμάζειν
1079 1707 1168 1757 μοι
1199 1690 1377 1743 ἔπεισι
1411 1692 1637 1746 τοιαῦτα
1676 1694 1985 1764 γράφοντός

400 1802 516 1840 σου·
542 1785 662 1839 οὐδὲ
695 1785 802 1856 γὰρ
827 1785 1042 1856 συνορῶ
1077 1785 1172 1838 ἐπὶ
1196 1786 1330 1839 Θεοῦ
1357 1786 1440 1849 τίς
1466 1789 1499 1857 ἡ
1530 1788 1767 1858 ἀνάγκη,
1800 1789 1832 1859 ἢ
1875 1806 1990 1844 κοι-

402 1877 609 1940 νωνούς
661 1894 818 1941 τινας
868 1880 969 1947 τῆς
1022 1876 1336 1947 βασιλείας,
1368 1876 1401 1948 ἥ
1432 1876 1642 1931 ἔνδειαν
1685 1879 1989 1948 ὑπουργίας

290 2034 303 2041 ,
399 1971 494 2023 τοῦ
524 1971 745 2024 διοικεῖν
792 1973 884 2024 τὸν
929 1970 1127 2025 ἑαυτοῦ
1158 1971 1365 2041 κόσμον
1394 1972 1733 2040 εἰσάγεσθαι·
1758 1974 1855 2027 καὶ
1884 1976 1986 2029 ὅσα

401 2062 606 2126 τούτοις
659 2062 958 2132 ὲπιφέρεις·
994 2063 1085 2116 τὸν
1125 2064 1230 2133 γὰρ
1286 2063 1428 2117 Θεὸν
1482 2065 1577 2118 καὶ
1630 2065 1850 2139 Πατέρα
1898 2071 1992 2122 τὸν

403 2152 597 2206 ἑαυτοῦ
629 2152 755 2205 Υἱὸν
785 2153 929 2205 κατὰ
970 2154 1148 2207 πάντα
1197 2153 1383 2224 ὅμοιον
1431 2154 1659 2230 ἔχοντα,
1708 2158 1850 2229 πλὴν
1890 2159 1993 2229 τῆς

406 2245 731 2314 ἀγεννησίας
764 2246 859 2298 καὶ
903 2245 1003 2314 τῆς
1034 2247 1341 2315 γεννήσεως
1367 2264 1383 2280 ·
1414 2247 1574 2316 ὴμῶν
1596 2249 1655 2302 δὲ
1696 2249 1821 2319 μηδ’
1856 2252 1993 2316 ὅλως

406 2337 469 2390 τὸ
492 2337 748 2389 κοινωνὸν
785 2334 1196 2406 ὁμολογούντων
1220 2338 1314 2390 ἐπὶ
1353 2337 1449 2392 τοῦ
1482 2340 1692 2408 Πατρός
1722 2339 1812 2393 τὸν
1843 2340 1992 2406 Υἱὸν,

407 2429 508 2481 οὐκ
548 2422 648 2481 οἷδ’
676 2427 823 2489 ὅπως
854 2428 1002 2496 ἡμᾶς
1044 2427 1387 2501 παραλογίζῃ
1419 2427 1452 2498 ἢ
1495 2430 1720 2485 σεαυτὸν
1763 2433 1859 2484 καὶ
1883 2436 1997 2497 τοῖς

409 2517 607 2573 ἑαυτοῦ
631 2505 853 2592 πτεροῖς
881 2519 1100 2593 ἁλίσκῃ·
1135 2522 1329 2575 ἔστιδὲ
1361 2523 1421 2576 τὸ
1455 2524 1607 2595 παρά
1637 2524 1730 2578 σοῦ
1756 2527 1999 2596 σόφισμα

410 2612 650 2666 τοιοῦτον
676 2630 688 2643 ·
739 2614 865 2668 Ἐὰν
894 2614 987 2668 δύο
1020 2614 1140 2667 τινὰ
1169 2607 1292 2680 ὦσι,
1334 2616 1428 2669 καὶ
1472 2615 1534 2669 τὸ
1566 2616 1666 2687 μὲν
1698 2616 2001 2672 καθολικὼ-

411 2723 592 2776 τερον,
622 2707 683 2759 τδ
712 2707 769 2761 δὲ
810 2709 905 2761 ἐπὶ
957 2708 1182 2779 μέρους,
1230 2702 1343 2761 οἷον
1397 2709 1459 2763 τό
1506 2726 1563 2762 τε
1599 2709 1736 2777 ὕειν,
1792 2712 1889 2765 καὶ
1938 2712 2001 2764 τὸ

417 2798 704 2870 βεὸρέχθαι
737 2799 837 2871 τὴν
869 2800 992 2869 γῆν·
1027 2800 1086 2853 τὸ
1117 2800 1217 2870 μὲν
1247 2802 1355 2871 γὰρ
1381 2800 1520 2866 ῦειν,
1549 2802 1848 2858 ὲπέλαττόν
1884 2805 2003 2858 ἐστι

414 2890 509 2944 τοῦ
543 2891 859 2963 βεὸρέχθαι·
888 2893 949 2945 ού
976 2893 1085 2963 γὰρ
1106 2893 1477 2965 ἀντιστρέφει·
1508 2894 1701 2948 τούτου
1736 2895 1795 2950 δὲ
1824 2897 2000 2962 ὄντος,

415 2981 575 3053 δῆλον
609 2985 692 3037 ὃτι
723 2985 820 3037 καὶ
860 2983 923 3037 τὸ
970 2984 1157 3038 λοιπὸν
1192 2984 1366 3048 ἔσται,
1410 2981 1522 3039 οἷον
1564 2986 1626 3039 τὸ
1656 2985 1770 3040 ὕειν
1822 2989 1914 3042 καὶ
1944 2991 2006 3043 τὸ

421 3072 735 3145 βεὸρέχθαι·
781 3071 903 3130 εἶτα
940 3075 1034 3130 τοῦ
1083 3076 1273 3130 λοιποῦ
1304 3076 1475 3141 ὄντος,
1506 3079 1671 3149 φήσει
1701 3096 1785 3145 τις
1817 3083 1912 3134 καὶ
1944 3083 2007 3136 τὸ

2085 586 2567 657 manifestavitque
2616 588 2876 658 operibus
2920 589 3185 645 facturam
3231 607 3412 656 suam,
3443 600 3498 647 et
3526 592 3675 662 quod

2085 680 2227 734 Deus
2262 695 2405 733 unus
2435 681 2519 748 :sil
2546 696 2711 750 super
2736 684 2921 736 omnia
2959 682 3523 751 supersubstantialis,
3561 685 3671 739 sic-

2085 770 2161 825 uti
2215 771 2436 841 quidam
2484 772 2551 825 de
2606 773 2876 844 theologis
2926 774 3130 829 nostris
3181 784 3551 830 consonanter
3592 776 3677 831 his

2085 862 2265 917 dixit:
2304 861 2605 916 lnvisibilia
2661 863 2802 916 enim
2857 864 3025 933 ipsius
3086 880 3118 917 a
3170 877 3417 917 creatura
3468 863 3675 923 mundi,

2084 971 2176 1024 per
2228 970 2288 1007 ea
2344 970 2460 1025 quae
2509 955 2657 1024 facta
2716 964 2876 1017 sunt,
2928 954 3194 1008 intellecta
3241 956 3675 1023 conspiciuntur;

2087 1047 2407 1116 sempiterna
2433 1063 2635 1118 quoque
2660 1047 2775 1116 ejus
2801 1048 2972 1101 deitas
2991 1045 3059 1112 ⁸⁸,
3091 1055 3144 1101 et
3175 1046 3262 1101 his
3285 1055 3678 1104 consentanea.

2088 1139 2453 1205 Quamobrem
2483 1138 2615 1194 velis
2647 1140 2789 1193 nolis
2816 1138 3260 1194 confessionibus
3296 1137 3505 1193 nostris
3543 1152 3682 1192 con-

2088 1229 2311 1285 senties.
2344 1229 2698 1297 Aliquantum
2730 1244 2864 1284 vero
2900 1244 3224 1300 progressus
3261 1231 3329 1285 ad
3372 1228 3468 1284 Dei
3502 1228 3683 1283 unita-

2086 1333 2193 1376 tem
2227 1330 2280 1376 et
2337 1321 3045 1391 supersubstantiaiitatem,
3084 1323 3165 1377 sic
3215 1321 3297 1377 ais
3336 1340 3349 1375 :
3390 1339 3409 1372 ι
3458 1320 3596 1387 Quia
3635 1320 3682 1375 si

2088 1414 2399 1469 societatem
2434 1413 2672 1483 aliquam
2717 1414 2802 1468 sui
2855 1415 3006 1480 regni
3044 1414 3289 1476 haberet,
3317 1414 3683 1468 contrarieta-

2091 1515 2195 1558 tem
2228 1520 2449 1576 qnoque
2477 1514 2806 1575 experturus
2830 1515 2994 1560 esset.
3035 1506 3130 1560 Vel
3158 1514 3307 1560 certe
3340 1515 3489 1560 esset
3528 1502 3686 1574 adju-

2089 1598 2225 1653 loris
2258 1598 2478 1667 indigns
2519 1600 2584 1651 ad
2624 1599 2794 1653 creati
2823 1598 2892 1651 ab
2920 1613 2980 1653 se
3012 1598 3200 1652 mundi
3246 1597 3683 1652 administratio-

2092 1706 2235 1745 nem.
2311 1709 2329 1741 ι
2396 1689 2567 1743 Miror
2626 1691 2739 1745 hmo
2796 1707 2827 1744 a
2891 1698 2942 1745 te
2996 1690 3161 1744 scribi
3224 1689 3485 1744 :nnllam
3537 1688 3684 1749 enim

2094 1785 2471 1840 necessitatem
2529 1782 2687 1836 video
2750 1783 3047 1837 inducendi
3108 1784 3191 1836 vel
3245 1781 3425 1837 socios
3471 1782 3687 1851 aliquos

2094 1877 2268 1948 regni,
2302 1877 2381 1932 vel
2408 1875 2665 1946 adjutorii
2725 1875 3083 1945 indigentiam
3133 1874 3201 1929 ad
3236 1875 3424 1929 mundi
3454 1874 3689 1929 admini-

2094 1972 2433 2033 strationem,
2462 1969 2546 2022 vel
2567 1968 2830 2036 quidquid
2876 1968 2959 2021 his
2980 1974 3034 2020 ιιι
3058 1966 3364 2035 subjungis.
3388 1965 3524 2021 Cum
3543 1967 3689 2021 enim

2097 2079 2198 2119 nos
2223 2065 2582 2117 conliteamnr
2618 2062 2789 2115 Deum
2817 2059 3034 2114 Patrem
3068 2060 3270 2114 habere
3295 2057 3494 2113 Filium
3529 2075 3689 2114 suum

2094 2168 2324 2224 prorsus
2359 2154 2463 2208 sibi
2494 2152 2757 2219 similem,
2805 2160 3032 2222 excepta
3076 2150 3430 2223 generatione
3458 2150 3692 2222 ejusque

2096 2250 2421 2320 negatione;
2454 2263 2633 2318 neque
2657 2255 2839 2302 tamen
2894 2248 3213 2303 societatem
3268 2245 3435 2300 ullam
3466 2261 3694 2317 prorsus

2097 2342 2346 2395 dicamus
2398 2339 2578 2394 Patris
2638 2355 2703 2394 ac
2759 2338 2913 2403 Filii;
2977 2338 3121 2392 haud
3176 2338 3337 2392 video
3394 2352 3497 2391 cur
3533 2339 3698 2393 nobis

2101 2433 2284 2489 fucum
2323 2432 2687 2487 facere'vclis.
2727 2432 2870 2486 Sane
2903 2431 3009 2485 tuis
3044 2431 3178 2499 ipsis
3220 2431 3414 2501 pennis
3455 2431 3694 2501 caperis.

2101 2521 2196 2577 Est
2229 2533 2409 2576 autem
2450 2521 2731 2592 sophisma
2756 2530 2909 2575 tuum
2947 2520 3264 2590 hujnsmodi
3295 2538 3309 2573 :
3339 2518 3397 2574 Si
3428 2519 3539 2574 duo
3563 2519 3695 2582 sint,

2100 2626 2154 2670 et
2186 2631 2355 2668 unum
2392 2613 2613 2684 quidem
2662 2612 2973 2685 generalius
2996 2653 3011 2678 ,
3053 2613 3199 2668 aliud
3238 2613 3495 2684 partiale,
3530 2612 3696 2668 veluti

2102 2717 2187 2764 est
2217 2708 2424 2777 pluere,
2461 2715 2516 2761 et
2542 2717 2741 2760 terram
2775 2705 3057 2761 madefieri
3086 2724 3100 2760 :
3134 2721 3257 2759 nam
3286 2706 3477 2776 pluere.
3508 2705 3696 2758 minus

2103 2809 2207 2863 est,
2238 2816 2402 2870 quam
2435 2808 2635 2852 terram
2670 2797 2986 2852 madeﬁeri:
3018 2813 3124 2851 non
3149 2800 3292 2853 enim
3326 2796 3701 2861 convertitur;

2114 2893 2261 2963 quod
2304 2891 2348 2947 si
2402 2901 2508 2953 est,
2564 2896 2712 2959 patet
2763 2889 2994 2945 alterum
3044 2906 3263 2960 quoque
3314 2890 3446 2952 fore,
3511 2888 3563 2943 id
3595 2898 3702 2951 est,

2108 2985 2293 3057 pluere
2322 2995 2376 3039 et
2414 2984 2713 3039 madetieri.
2744 2982 2947 3038 Deinde
2969 2984 3013 3037 si
3064 2984 3295 3038 alterum
3318 2991 3423 3045 est,
3442 2982 3587 3035 dicet
3615 2980 3707 3033 ali-

2107 3081 2232 3150 quis
2281 3078 2509 3132 aiterum
2552 3092 2772 3146 quoque
2821 3075 2959 3140 fore,
2988 3076 3522 3145 paralogismumqne
3552 3072 3699 3134 facit,

419 3166 604 3220 λοιπὸν
640 3162 783 3220 εῖναι
807 3186 821 3199 ·
853 3169 946 3221 τὸν
978 3170 1397 3242 παραλογισμὸν
1432 3174 1575 3224 ποιεῖ
1617 3172 1761 3226 οὕτω
1806 3174 1995 3228 καλού-

2114 3172 2180 3224 ila
2236 3169 2566 3239 appellatum
2621 3169 2762 3238 {quia
2817 3184 2922 3223 non
2952 3168 3292 3223 convertitur
3319 3167 3480 3221 etiam
3518 3165 3709 3219 subse-

425 3275 585 3329 μενον
619 3258 771 3330 παρά
807 3258 869 3312 τὸ
920 3260 996 3330 μὴ
1030 3261 1418 3331 ἀντιστρέφον,
1455 3264 1550 3315 καὶ
1599 3263 1659 3316 τὺ
1719 3264 2009 3333 ἑπόμενον.

497 3350 563 3404 θ’.
596 3349 849 3405 Τοιοῦτόν
875 3370 927 3404 τι
958 3354 1161 3417 καύτὸς
1186 3355 1243 3406 ἐν
1273 3357 1386 3417 τοῖς
1419 3356 1570 3428 παρά
1602 3357 1697 3411 σοῦ
1748 3361 2013 3429 γραφεῖσι

427 3444 754 3515 πεποίηκας·
787 3447 879 3500 δύο
916 3447 1027 3517 γὰρ
1056 3447 1247 3511 όντων,
1289 3449 1467 3500 κοινόν
1507 3466 1564 3501 τε
1611 3449 1706 3504 καὶ
1735 3453 2010 3515 κοινωνός·

429 3539 525 3591 καὶ
549 3537 611 3590 τὸ
656 3538 756 3608 μὲν
787 3538 1073 3604 ὲπιπλέον,
1103 3532 1216 3592 οἷον
1258 3539 1320 3591 τὸ
1356 3540 1554 3594 κοινόν·
1589 3541 1652 3593 τὸ
1696 3542 1751 3594 δὲ
1785 3543 2015 3597 ἐπέλατ-

428 3646 542 3693 τον,
574 3623 687 3683 οἷον
715 3630 777 3683 τὸ
809 3631 1117 3698 κοινωνός·
1150 3636 1179 3685 ὁ
1218 3634 1317 3704 μὲν
1350 3634 1460 3704 γὰρ
1487 3635 1745 3699 κοινωνὸς
1768 3628 1829 3688 οὗ
1859 3636 2018 3705 λέγε-

428 3737 520 3775 ται
551 3722 841 3788 κοινωνὸς,
886 3723 963 3786 ὡς
992 3726 1170 3778 κοινόν
1208 3742 1261 3778 τι
1301 3725 1440 3796 ἔχων
1473 3727 1694 3794 λέγεται
1739 3730 2015 3794 κοινωνός·

433 3815 534 3867 οὐκ
560 3816 611 3869 εί
636 3832 690 3869 τι
719 3816 776 3869 δὲ
802 3816 979 3869 κοινόν
1025 3835 1078 3870 τι
1109 3817 1247 3888 ἔχων
1275 3819 1393 3888 μεθ’
1425 3820 1638 3888 ἑτέρου,
1669 3821 1882 3892 ἀνάγκη
1925 3823 2022 3876 καὶ

437 3905 692 3959 κοινωνὸν
727 3906 893 3960 αὐτοῦ
934 3906 1212 3975 λέγεσθαι·
1237 3909 1383 3973 λίθος
1410 3910 1519 3981 γὰρ
1540 3909 1673 3981 λίθῳ
1706 3913 1765 3965 οὐ
1800 3912 2022 3982 λέγεται

438 3997 715 4062 κοινωνὸς,
749 3999 869 4050 ἐπεὶ
903 4003 1055 4071 κοινὴ
1082 4001 1409 4073 ἀμφοτέρων
1438 4006 1470 4073 ἠ
1495 4005 1673 4059 οὐσία·
1704 4006 2024 4062 ὡσαύτωςδὲ

439 4088 534 4141 καὶ
561 4089 725 4152 ἵππος
754 4088 927 4161 ἴππρ,
960 4093 1145 4163 κοινὴν
1177 4093 1273 4145 καλ¹
1296 4094 1424 4163 μίαν
1465 4095 1659 4147 οὐσίαν
1697 4096 1937 4167 ἔχοντες,
1962 4100 2024 4152 οὐ

338 4198 345 4203 '
440 4181 691 4248 λέγονται
722 4183 1004 4236 κοινωνοί·
1040 4186 1089 4237 εί
1138 4180 1230 4239 οὖν
1271 4185 1331 4239 τὸ
1365 4188 1543 4240 κοινὸν
1574 4190 1853 4257 ἐπιπλέον,
1884 4192 1943 4244 τὸ
1969 4193 2028 4246 δὲ

448 4275 741 4337 κοινωνὸς
773 4275 1087 4330 ὲπέλαττον·
1126 4278 1286 4347 ἡμῶν
1328 4278 1383 4332 δὲ
1429 4280 1695 4347 λεγόντων
1724 4282 1909 4353 κοινὴν
1939 4286 2031 4338 καὶ

444 4365 742 4436 ἀμέριστον
788 4365 934 4435 ἔχειν
964 4367 1057 4419 τὸν
1105 4367 1326 4437 Πατέρα
1375 4370 1475 4439 τὴν
1511 4370 1707 4424 ἑαυτοῦ
1749 4372 2030 4442 βασιλείαν

446 4457 582 4527 πρὸς
607 4461 700 4512 τδν
717 4458 909 4512 ἑαυτοῦ
933 4459 1076 4522 Υἱδν,
1097 4459 1260 4523 αὐτὸς
1290 4465 1613 4533 μεταφέρων
1644 4464 1899 4534 γράφεις·
1923 4484 1943 4518 ι
1969 4467 2031 4520 Ei

2117 3278 2313 3332 quens.

2191 3354 2240 3409 9.
2286 3354 2415 3409 Tale
2447 3355 2579 3424 quid
2636 3361 2692 3407 tu
2758 3366 2980 3422 quoque
3034 3349 3210 3406 fecisti
3265 3351 3320 3404 in
3357 3349 3564 3420 scripto
3595 3357 3709 3401 tuo.

2119 3444 2253 3498 Nam
2296 3459 2420 3499 cum
2453 3444 2562 3498 duo
2585 3442 2716 3503 sint,
2753 3454 3049 3494 commune
3099 3447 3153 3492 et
3182 3439 3633 3500 communicatis;
3660 3445 3715 3492 rt

2121 3535 2251 3591 illud
2278 3535 2499 3605 quidem
2529 3533 2787 3603 amplius,
2822 3532 3002 3594 idest,
3027 3545 3359 3596 commune;
3393 3530 3499 3585 hoc
3528 3541 3710 3585 autem

2122 3630 2448 3692 restrictius,
2477 3626 2529 3681 id
2558 3635 2663 3692 est,
2706 3625 3109 3679 communicans
3138 3639 3157 3677 :
3189 3624 3392 3678 etenim
3441 3623 3535 3694 qui
3565 3639 3717 3678 com-

2123 3722 2370 3777 municat
2412 3720 2612 3774 dicitur
2649 3718 3093 3779 commnnieans,
3130 3727 3403 3786 quatenus
3426 3731 3717 3771 commune

2124 3812 2331 3883 aliquid
2362 3812 2563 3867 habet:
2587 3824 2934 3879 nequaquam
2962 3820 3142 3862 autem
3166 3823 3290 3862 enm
3317 3808 3717 3877 quicommnne

2125 3906 2332 3976 aliquid
2360 3904 2667 3959 habetcum
2689 3902 2797 3956 alio
2821 3943 2836 3965 ,
2866 3916 3090 3956 necesse
3106 3910 3189 3954 cst
3215 3899 3714 3955 communicantem

2126 4000 2301 4054 eidem
2331 3998 2555 4053 dicere:
2585 4010 2711 4049 nam
2761 3994 2901 4064 lapis
2961 4008 3070 4047 non
3121 3992 3323 4047 dicitur
3361 3991 3525 4061 lapidi
3558 4006 3715 4046 com~

2131 4090 2446 4151 municans,
2473 4086 2603 4157 quia
2623 4086 2933 4141 communis
2959 4084 3345 4152 estutriusque
3370 4082 3677 4137 substantia
3701 4099 3714 4136 :

2131 4177 2384 4233 similiter
2416 4190 2594 4246 equus
2659 4189 2824 4243 equo,
2881 4172 2972 4242 qni
3043 4186 3391 4225 communem
3442 4185 3719 4237 unamque

2133 4270 2497 4326 substantiam
2527 4267 2749 4331 habent,
2783 4282 2891 4320 non
2923 4264 3180 4320 dicuntur
3206 4262 3677 4319 communicantes
3702 4279 3715 4314 :

2136 4366 2180 4419 si
2208 4378 2338 4433 ergo
2373 4375 2688 4424 commune,
2748 4360 2869 4430 plus
2922 4366 3039 4424 est;
3098 4356 3493 4410 communicans
3536 4363 3720 4409 autem

2140 4457 2363 4510 minus:
2392 4454 2550 4508 nobis
2578 4468 2705 4507 vero
2750 4452 3058 4507 dicentibus
3106 4463 3399 4504 commune
3431 4456 3486 4501 et
3523 4445 3723 4502 indivi-

448 4552 602 4621 κοινὴ
645 4550 891 4622 βασιλεία
940 4554 1035 4607 καὶ
1064 4553 1283 4619 ἐξουσία
1336 4555 1472 4625 πρὸς
1512 4555 1662 4619 Υίὸν,
1694 4558 1913 4621 πάντως
1939 4577 2009 4614 κα

2137 4548 2294 4602 sibile
2329 4547 2533 4602 habere
2576 4543 2792 4598 Patrem
2860 4557 3089 4614 regnum
3153 4556 3315 4596 suum
3348 4554 3472 4595 cum
3505 4538 3726 4609 proprio

450 4645 705 4708 κοινωνὸς
735 4645 889 4699 ἔσται
919 4648 948 4699 ό
981 4647 1108 4710 Υίδς
1154 4647 1251 4700 τοῦ
1288 4649 1503 4719 [ἰατρὸς
1530 4649 1629 4718 τῆς
1677 4649 1842 4704 αὑτοῦ
1876 4652 2031 4722 βασι-

450 4735 621 4800 λείις·
665 4758 683 4789 ι
724 4740 819 4791 καὶ
865 4741 1213 4814 παραλογίζῃ
1245 4741 1446 4811 μᾶλλον
1472 4743 1618 4812 ἢπερ
1648 4744 1817 4814 ἡμᾶς,
1864 4746 2034 4800 ποιῶν

452 4829 543 4883 τὸν
574 4831 989 4902 παραλογισμὸν
1018 4834 1172 4915 παρά
1200 4832 1261 4885 τὸ
1281 4835 1356 4903 μὴ
1380 4834 1735 4905 ἀντιστρέφον
1767 4837 2035 4907 καλούμε-

453 4937 561 4974 νυν·
599 4923 694 4976 καὶ
721 4922 877 4976 τοῦτο
912 4924 1081 4978 ποιῶν
1105 4924 1283 4990 δοκεῖς
1308 4926 1509 4995 μᾶλλον
1546 4928 1765 4996 ἀγνοεῖν
1807 4930 1871 4982 τὸ
1918 4949 2044 4987 κοι-

455 5016 647 5083 νωνὸς
675 5015 847 5086 ὄνομα
879 5017 973 5070 ἐπὶ
998 5017 1161 5071 τίνων
1193 5019 1419 5082 εἰκότως
1454 5019 1548 5073 καὶ¹
1580 5019 1696 5075 ἔστι
1726 5025 1821 5077 καὶ
1843 5027 2047 5095 κυρίως

456 5106 698 5175 λέγεται,
732 5109 829 5161 καὶ
857 5108 946 5162 διὰ
989 5109 1150 5163 τοῦτο
1179 5111 1366 5176 κακῶς
1391 5112 1488 5166 ἐπὶ
1514 5111 1652 5165 Θεοῦ
1688 5116 2043 5188 μεταφέρεις·

458 5198 520 5251 τδ
549 5202 659 5270 γὰρ
685 5201 976 5268 κοινωνὸς
1014 5201 1186 5274 ὄνομα
1237 5205 1339 5257 οὐκ
1396 5205 1486 5258 ἐπ’
1532 5205 1696 5259 ἄλλου
1726 5207 1873 5261 δοκεῖ
1900 5210 2045 5264 τίθε-

464 5289 611 5352 σθαι,
655 5290 771 5342 ἀλλ’
798 5285 879 5353 οἷς
922 5290 1239 5357 ἰδιαζόντως
1272 5295 1365 5347 καὶ
1416 5295 1887 5366 ἀποτετμημένως
1927 5299 2045 5363 ἐνὸς

466 5381 702 5435 ἑκάστου
754 5381 816 5435 τὸ
867 5381 1027 5453 ἔργον
1057 5385 1427 5449 ἀποτελεῖται,
1463 5388 1558 5440 καὶ
1586 5387 1731 5448 κατά
1765 5388 2044 5458 σύμϐασιν

467 5474 883 5544 προαιρετικὴν,
939 5476 1035 5528 καὶ
1093 5478 1499 5548 συμπειθισμὸν
1554 5479 1612 5531 ὲν
1664 5480 1848 5548 ταυτῴ
1904 5479 2045 5552 πρά-

536 5610 584 5641 ⁸¹¹
615 5607 777 5663 Rom.
814 5625 852 5673 ι,
876 5610 968 5665 20.

474 5774 604 5844 ψιλῇ
630 5774 1055 5847 θεωρούμενονη
1093 5772 1535 5847 Enhypostutum,
1576 5774 1736 5847 quod
1771 5788 2045 5847 commune

477 5843 758 5901 secundum
791 5843 1145 5904 substantiam
1183 5843 1258 5900 est
1285 5843 1559 5910 ,‘videlicet
1601 5844 1795 5913 species
1840 5859 1956 5909 quit:
1987 5843 2044 5897 in

2144 4639 2298 4703 Filio,
2332 4649 2385 4692 tu
2438 4638 2659 4691 inverso
2689 4648 2943 4691 sermone
2993 4633 3190 4689 scribis
3240 4650 3253 4685 :
3292 4650 3311 4682 ι
3345 4630 3402 4684 Si
3436 4644 3728 4683 connuuue

2141 4742 2224 4787 est
2258 4744 2484 4800 regnum
2521 4737 2576 4781 et
2607 4735 2848 4796 potestas
2878 4740 3003 4779 cum
3054 4723 3214 4785 Filio,
3242 4737 3471 4792 prorsus
3498 4732 3551 4773 et
3580 4736 3730 4773 com-

2143 4826 2433 4880 municans
2479 4822 2585 4877 erit
2648 4820 2815 4874 Filius
2849 4833 3017 4886 regno
3078 4816 3251 4869 Patris
3307 4814 3392 4869 sui
3430 4831 3443 4865 :
3479 4833 3497 4864 ι
3526 4814 3729 4882 tibique

2145 4918 2332 4974 illudis
2365 4915 2549 4987 potius
2597 4928 2762 4983 quam
2818 4911 3010 4973 nobis,
3066 4907 3488 4977 paralogismnm
3524 4905 3729 4959 faciens

2145 5012 2199 5066 in
2238 5024 2303 5063 eo
2352 5008 2498 5077 quod
2551 5019 2660 5059 non
2717 4999 3187 5068 alternat:idque
3241 4995 3480 5060 faciens,
3530 4995 3729 5051 videris

2144 5102 2326 5174 potius
2360 5101 2634 5170 ignorare,
2693 5093 3017 5149 vocabulum
3077 5090 3470 5144 communicans
3510 5090 3576 5142 de
3604 5086 3729 5157 qui-

2146 5196 2378 5250 busnam
2421 5197 2568 5243 recte
2617 5185 2944 5256 proprieque
2990 5183 3206 5237 dicatur
3259 5200 3273 5235 :
3329 5195 3394 5235 ac
3445 5187 3727 5248 propterea

2150 5285 2292 5340 male
2323 5283 2388 5337 ad
2421 5280 2588 5334 Deum
2626 5275 2891 5332 transfers
2919 5293 2933 5329 :
2967 5290 3090 5329 nam
3130 5272 3455 5329 vocabulum
3488 5284 3728 5323 commu-

2152 5380 2336 5434 nicans
2387 5376 2455 5431 de
2504 5373 2612 5426 alio
2669 5368 2819 5424 nullo
2878 5367 3010 5436 poni
3060 5367 3298 5428 videtur,
3352 5377 3518 5433 quam
3557 5362 3625 5415 de
3665 5360 3731 5415 iis

2151 5485 2386 5545 quorum
2438 5464 2655 5537 proprie
2717 5461 3050 5532 prmciseque
3102 5457 3537 5527 uniuscujusque
3593 5467 3734 5523 opus

2155 5770 2463 5832 individuis,
2493 5783 2610 5838 qua:
2644 5763 2738 5838 sub
2774 5763 2889 5838 ipsa
2931 5770 3075 5825 sunt,
3104 5757 3319 5838 regii!"
3340 5757 3608 5822 subsistit,
3642 5770 3735 5810 nec

2154 5842 2292 5898 nudo
2322 5829 2525 5895 tantum
2557 5836 2746 5893 mentis
2778 5829 3007 5906 cogitatu
3032 5829 3417 5888 consideratur.
