4048 6418
464 346 568 410 819
1746 344 2040 406 meum
2086 341 2493 409 BYZANTINI
3601 350 3692 415 320

464 457 761 529 perﬁcitur,
787 473 909 517 cum
944 473 1012 515 ex
1047 458 1413 519 conventione
1448 457 1651 528 praevia
1689 466 1744 513 ct
1769 456 2022 519 soliditan

2145 469 2338 523 γματι,
2369 451 2464 505 δύο
2515 450 2547 523 ἢ
2594 453 2745 522 τρεῖς
2777 452 2811 522 ἢ
2860 452 2958 515 καὶ
2996 452 3241 541 πλείονες
3286 453 3490 515 τούτων
3542 462 3616 527 εἰς
3640 466 3693 522 τδ

463 568 517 606 ιιι
549 551 739 621 eodem
785 551 1021 622 negotio,
1063 551 1174 609 duo
1205 551 1287 609 vel
1320 559 1429 608 tres
1466 558 1559 609 aut
1580 550 1778 617 plures,
1804 548 1871 607 ad
1899 547 2022 603 idest

2146 544 2279 607 αὐτὸ
2314 545 2547 615 πρᾶγμα,
2587 543 2950 615 συνέρχοιντο·
3001 538 3112 598 οἷον
3148 546 3432 616 ρητορεύει
3473 567 3554 614 τις
3586 557 3693 609 καθ’

462 643 737 714 negotium
794 651 1151 699 concurrunt.
1190 642 1370 697 Veluti
1426 641 1475 698 si
1537 640 1662 712 quis
1707 640 2022 699 rlietorican

2147 636 2340 690 ἐαυτὸν
2366 635 2428 688 τὸ
2455 636 2655 688 οἰκεῖον
2688 635 3011 708 σπούδασμα
3051 637 3308 703 ἐκτελῶν,
3335 641 3429 695 ἐὰν
3455 641 3602 708 ἄλλος
3621 662 3694 712 τις

463 745 639 795 artem
676 736 831 807 prius
873 752 969 807 per
1016 750 1076 790 se
1124 735 1303 803 ipsum
1355 732 1733 789 tantummodo
1766 738 2037 796 exerceat,

460 831 654 902 deinde
679 831 876 902 aliquis
934 831 1075 886 alius
1126 830 1192 885 ad
1241 845 1363 884 eum
1399 828 1639 891 accedat,
1672 833 1727 880 et
1759 840 1880 879 mox
1908 840 2040 878 cou-

459 900 716 979 veittione
747 900 945 990 praevia
990 929 1041 975 et
1072 935 1365 981 consensu,
1422 918 1487 972 ad
1539 916 1864 975 rhetoricam
1909 931 2039 986 pro-

460 1012 755 1069 fessionem
831 1012 1176 1069 concorditer
1237 1019 1606 1074 concurrant;
1681 1016 1811 1065 tunc
1876 1009 2040 1067 aanbo

394 1148 399 1154 .
457 1104 708 1171 dicentur
750 1104 855 1163 hac
898 1103 952 1169 in
1000 1119 1059 1159 re
1099 1101 1590 1158 communicantes.
1626 1101 1822 1154 Verum
1860 1098 2038 1155 enim-

459 1210 590 1261 vero
622 1196 707 1259 iis,
740 1188 970 1273 quorum
1015 1209 1203 1264 opera,
1236 1193 1511 1260 voluntas,
1536 1191 1875 1259 deliberatio,
1907 1207 2036 1261 ope-

462 1286 622 1351 ratio,
663 1296 718 1342 et
746 1286 1034 1347 concordia
1067 1284 1449 1354 inseparabilis
1476 1295 1669 1353 suapte
1707 1292 1901 1338 natura
1929 1289 2034 1343 est.

456 1378 731 1447 quomodo
797 1378 1257 1433 communicantis
1325 1377 1651 1433 vocabulum
1736 1373 2037 1445 congruet?

455 1468 683 1539 Minime
717 1483 962 1537 prorsus.
1006 1469 1188 1537 Quare
1240 1485 1365 1526 cum
1427 1469 1636 1525 Patrem
1669 1467 1905 1524 dicimus
1932 1466 2035 1522 ali-

453 1560 582 1626 quid
614 1559 811 1622 facere,
844 1544 1039 1615 Filium
1102 1576 1324 1631 quoque
1383 1570 1438 1616 et
1490 1558 1752 1631 Spiritum
1783 1568 2035 1614 sanctum

455 1653 895 1721 inseparabiliter
959 1654 1121 1711 simul
1169 1653 1349 1717 facere
1402 1653 1641 1711 dicimus
1689 1669 1705 1706 :
1759 1662 1813 1707 et
1873 1651 2035 1707 unius

452 1745 718 1825 operatio,
747 1761 775 1805 a
809 1746 985 1805 tribus
1012 1762 1120 1800 non
1145 1755 1229 1802 est
1252 1747 1501 1815 seiuncta
1529 1762 1543 1799 :
1570 1744 1863 1814 omnisque
1900 1757 2034 1815 ope-

2146 730 2284 799 πρὸς
2310 729 2474 783 αὐτὸν
2500 728 2754 796 ἀφίκοιτο
2784 730 2880 793 καὶ
2927 729 3073 799 κατὰ
3107 730 3380 801 σύμϐασιν
3401 753 3694 808 προαιρετι-

2146 822 2248 894 κὴν
2295 823 2389 875 καὶ
2440 822 2841 892 συμπειθισμὸν
2875 824 2957 885 είς
2988 823 3050 877 τὸ
3096 823 3198 894 τῆς
3244 827 3526 898 ῥητορείας
3551 829 3694 901 ἔργον

2142 913 2545 983 ὁμογνωμόνως
2585 912 2912 966 συνέλθοιεν·
2962 912 3204 987 λέγοιντο
3234 916 3300 969 ἂν
3338 905 3585 991 ἑκάτερος
3625 924 3695 985 εἰς

2140 1003 2302 1057 τοῦτο
2331 1005 2600 1071 κοινωνοί·
2637 999 2719 1070 οἷς
2738 1004 2794 1058 δὲ
2826 1006 2888 1058 τὸ
2930 1004 3092 1077 ἔργον
3126 1008 3222 1061 καὶ
3249 1008 3283 1076 ἠ
3318 1007 3549 1079 θέλησις,
3580 1011 3693 1082 βού-

2141 1095 2299 1167 λησίς
2332 1112 2389 1149 τε
2421 1097 2516 1152 καὶ
2542 1096 2794 1168 ἐνέργεια
2823 1097 2919 1151 καὶ
2943 1099 3168 1171 ὁμόνοια
3199 1099 3516 1165 ἁδιάστατος
3550 1119 3691 1171 φυσι-

2145 1189 2253 1252 κῶς
2289 1190 2346 1241 ἐν
2390 1189 2575 1253 αὐτοῖς
2614 1190 2896 1258 πρόσεστι.
2931 1191 3047 1256 πῶς
3077 1191 3144 1248 ἂν
3178 1193 3273 1247 καὶ
3300 1192 3480 1263 χώραν
3516 1194 3620 1259 ἔξει
3641 1197 3695 1250 τὸ

2138 1279 2235 1334 τοῦ
2290 1279 2552 1334 κοινωνοῦ
2595 1280 2802 1353 ὅνομας
2837 1282 2899 1336 οῦ
2949 1282 3050 1352 μὲν
3091 1282 3206 1339 οῦν·
3246 1284 3328 1337 διὸ
3359 1270 3449 1343 τὸν
3496 1286 3692 1356 Πατέρα

2139 1371 2394 1443 λέγοντες
2420 1374 2597 1426 ποιεῖν
2646 1390 2721 1434 τι.
2754 1375 2846 1428 καὶ
2875 1374 2968 1431 τὸν
3015 1375 3145 1430 rem
3178 1377 3273 1430 καὶ⁵
3302 1377 3361 1430 τὸ
3409 1378 3617 1446 Πνεῦμα
3642 1378 3694 1430 τὸ

2139 1460 2296 1530 ἅγιον
2321 1462 2709 1528 ἀδιασπάστως
2732 1462 2851 1534 ἅμα
2875 1463 3106 1534 λέγομεν
3133 1466 3326 1520 ποιεῖν·
3360 1464 3562 1517 καὶτοῦ
3589 1465 3692 1527 ἐνὸς

2138 1557 2173 1633 ἡ
2203 1555 2477 1626 ἐνέργεια,
2513 1555 2623 1610 τῶν
2651 1555 2817 1622 τριῶν
2857 1557 2973 1621 πώς
3010 1558 3126 1610 ἐστι
3175 1556 3251 1627 μὴ
3306 1555 3691 1627 διασχιζομένη·

2138 1646 2231 1700 καὶ
2254 1645 2362 1718 γὰρ
2396 1647 2548 1700 πᾶσα
2574 1647 2823 1718 ἐνέργεια
2858 1651 2892 1718 ἡ
2918 1649 3104 1702 θεόθεν
3131 1649 3415 1719 διήκουσα.
3450 1650 3538 1702 καὶ
3568 1652 3693 1703 κατά

2136 1736 2235 1800 τὰς
2270 1736 2648 1808 πολυτρόπους
2695 1739 2903 1803 ἐννοίας
2952 1740 3356 1811 ὀνομαζομένη,
3390 1740 3453 1793 ἐκ
3502 1740 3693 1811 Πατρὶς

451 1836 590 1907 ratio
618 1853 740 1908 qua
766 1838 1030 1899 divinitus
1069 1839 1341 1907 provenit,
1394 1848 1448 1892 et
1494 1837 1832 1894 multimodis
1859 1836 2022 1893 deno-

2141 1829 2470 1899 ἐφορμᾶται,
2526 1830 2621 1883 καὶ
2667 1832 2757 1888 διὰ
2806 1832 2900 1886 τοῦ
2938 1833 3068 1887 Υίοῦ
3099 1833 3334 1904 πρόεισι,
3392 1835 3484 1887 καὶ
3526 1835 3580 1888 ἐν
3625 1835 3691 1904 τῷ

452 1929 712 1997 minatur,
747 1945 777 1984 a
805 1930 965 1985 Patre
995 1929 1382 1999 proﬁciscitur,
1404 1939 1460 1985 et
1495 1944 1589 1999 per
1620 1928 1814 1983 Filium
1839 1929 2031 2000 pergit,

450 2021 585 2083 etin
628 2020 833 2092 Spiritu
898 2033 1090 2082 sancto
1140 2023 1439 2093 perﬁcitur.
1489 2020 1783 2090 Propterea
1814 2035 2032 2091 aequum

452 2124 561 2162 non
585 2118 690 2175 est,
722 2109 1045 2171 vocabulum
1095 2109 1552 2179 communicantis
1607 2108 1659 2163 in
1693 2119 1882 2165 saneta
1913 2106 2035 2161 Tri-

449 2202 619 2261 nitate
646 2203 927 2267 adhibere.

520 2290 608 2345 10.
652 2290 732 2346 Tu
772 2307 903 2359 vero
934 2301 1055 2362 post
1088 2291 1410 2361 vocabulum
1437 2291 1829 2345 communicans
1850 2287 2033 2362 pergis

445 2381 630 2437 dicere
662 2421 678 2446 ,
720 2401 741 2435 ι
781 2383 897 2439 fore
940 2394 999 2438 ut
1033 2383 1180 2440 Deus
1230 2384 1673 2440 contrarietatem
1719 2393 1773 2439 et
1806 2380 2032 2436 seditio-'-

448 2486 571 2526 nem
611 2475 975 2545 experiretur.
1014 2494 1033 2527 ι
1072 2473 1117 2531 Ο
1157 2477 1451 2530 verborum
1479 2484 1697 2529 tuorum
1726 2473 2026 2529 stoliditas!

448 2561 504 2617 Si
536 2572 686 2619 certe
713 2559 978 2622 vocab’ulo
1022 2568 1418 2621 communicatis
1468 2566 1609 2637 apud
1668 2565 2030 2642 Deumlocus

442 2665 613 2722 esset,
643 2656 875 2714 fortasse
920 2667 975 2713 et
1027 2662 1390 2731 contrarietas
1421 2668 1473 2714 et
1510 2658 1711 2714 seditio
1757 2658 2031 2729 comperi-

445 2759 614 2809 retur.
651 2748 755 2805 Sed
783 2751 909 2821 quia
940 2752 1070 2807 illud
1107 2769 1215 2808 non
1245 2753 1584 2818 conceditur,
1634 2767 1734 2807 nec
1771 2751 1875 2806 hoc
1905 2750 2029 2820 qui-

443 2842 566 2897 dem
633 2844 983 2899 concedetur.
1033 2845 1213 2913 Atque
1277 2844 1351 2900 ita
1418 2845 1620 2899 invitus
1674 2860 1742 2898 et
1790 2843 1867 2921 iis‘
1907 2856 2029 2913 qua

444 2932 764 3001 adjunxisti,
797 2933 1226 3004 propositionem
1254 2932 1557 2991 evidentem
1582 2932 1738 2988 nobis
1775 2931 2024 2995 ellecisti,

441 3021 720 3091 quomodo
796 3022 1012 3092 proprie
1070 3022 1309 3076 dicatur.
1375 3020 1509 3075 Nam
1589 3021 1637 3075 si
1694 3020 2025 3075 vocabulum

441 3110 837 3162 communicatis
882 3109 948 3163 de
991 3109 1175 3178 aliquo
1233 3109 1606 3177 praedicatum,
1661 3108 2023 3163 contrarietas

2138 1918 2419 1989 Πνεύματι
2467 1920 2547 1992 τῷ
2594 1923 2735 1994 ἁγίῳ
2787 1925 3110 1979 τελειοῦται·
3160 1925 3249 1979 διά
3305 1942 3387 1978 τοι
3436 1926 3606 1990 τοῦτο,
3638 1944 3688 1980 ου

2134 2011 2342 2067 δίκαιόν
2370 2013 2487 2071 ἐστι
2535 2015 2597 2069 τὸ
2627 2014 2722 2069 τοῦ
2774 2017 3032 2072 κοινωνοῦ
3078 2018 3253 2089 ὄνομα
3301 2020 3395 2073 ἐπὶ
3425 2020 3518 2091 τῆς
3548 2021 3689 2090 ἁγίας

2135 2102 2378 2172 Τριάδος
2404 2104 2667 2162 τίθεσθαι.

2208 2285 2259 2333 ι’.
2306 2278 2623 2352 Ἐπιφέρεις
2672 2280 2731 2336 δὲ
2783 2284 2865 2348 είς
2913 2283 3004 2339 τδν
3039 2287 3333 2341 κοινωνόν
3368 2288 3585 2360 γράφων
3611 2289 3689 2343 οὖ-

2131 2389 2262 2437 τως·
2304 2391 2323 2426 ι
2371 2373 2604 2444 Ἔμελλε
2639 2373 2888 2447 δέχεσθαι
2931 2378 3252 2432 ἐναντίωσιν
3306 2381 3401 2433 καὶ
3437 2380 3631 2435 στάσιν.
3666 2400 3682 2433 ι

2142 2466 2207 2518 Ὢ
2230 2465 2332 2534 τῆς
2362 2465 2705 2537 ἀποπληξίας
2729 2467 2839 2525 τῶν
2888 2469 2996 2522 σῶν
3037 2471 3303 2543 ῥημάτων
3329 2473 3344 2528 l
3380 2475 3442 2529 Εί
3473 2473 3568 2545 μὲν
3593 2475 3688 2546 γάρ

2133 2556 2194 2610 τὸ
2219 2558 2509 2624 κοινωνὸς
2541 2557 2712 2629 ὄνομα
2741 2559 2837 2614 ἐπὶ
2876 2560 3014 2615 Θεοῦ
3046 2562 3231 2633 χώραν
3263 2559 3429 2636 εἶχεν,
3464 2565 3586 2630 ίσως
3608 2566 3689 2620 καὶ

2131 2650 2167 2720 ἡ
2196 2649 2517 2714 ἐναντίωσις
2574 2651 2670 2704 καὶ
2717 2651 2905 2717 στάσις
2944 2654 3286 2726 εὑρίσκεται·
3319 2659 3443 2713 ἐπεὶ
3464 2659 3518 2715 δὲ
3551 2658 3688 2715 τοῦτο

2129 2741 2192 2793 οὐ
2224 2739 2453 2806 δέδοται,
2479 2741 2603 2795 οὐδέ
2644 2743 2706 2796 τὸ
2742 2744 2811 2799 δι’
2834 2745 3042 2799 ἐκείνου
3070 2746 3386 2817 δοθήσεται·
3421 2751 3512 2805 καὶ
3537 2750 3687 2814 οὕτως

2128 2830 2281 2886 ἄκων
2328 2833 2423 2887 καὶ
2458 2832 2532 2904 μὴ
2593 2833 2917 2908 βουλόμενος
2965 2840 3029 2892 ἐκ
3076 2839 3171 2894 τοῦ
3217 2843 3608 2915 ἐπιφερομένου
3635 2845 3687 2898 τὸ

2131 2926 2396 2997 προτεθὲν
2439 2926 2599 2996 δῆλον
2652 2929 2785 3000 ἡμῖν
2830 2933 3205 3007 παρέστησας,
3239 2934 3366 2991 καθ’
3389 2929 3465 3004 ὧν
3507 2936 3687 3007 κυρίως

2128 3015 2369 3086 λέγεται.
2400 3018 2461 3071 Εί
2487 3018 2595 3092 γάρ
2621 3020 2683 3073 τὸ
2707 3023 2995 3090 κοινωνὸς
3019 3024 3190 3096 ὄνομα
3206 3027 3508 3097 τιθέμενον,
3525 3029 3615 3099 τήν
3636 3043 3686 3082 τε

2130 3110 2447 3164 ἐναντίωσιν
2501 3113 2596 3166 καὶ
2646 3114 2837 3168 στάσιν
2866 3116 3275 3173 ἀκολουθοῦσαν
3302 3119 3433 3191 ἔχει,
3463 3122 3678 3193 φανερὸν

440 3205 494 3250 et
524 3196 717 3251 seditio
747 3170 1118 3266 subsequitur,
1158 3170 1376 3266 planum
1426 3199 1559 3261 erit,
1594 3170 1744 3267 quod
1786 3212 2022 3251 commu-

2128 3199 2399 3269 δήπουθεν
2418 3241 2432 3265 ,
2469 3202 2552 3255 ὄτι
2614 3204 2904 3273 κοινωνὸς
2930 3170 2933 3171 ν
2955 3170 3051 3261 ἐπὶ
3080 3170 3687 3283 κατά-’σῦμῦάσιν

439 3287 627 3341 nicans
656 3289 983 3343 vocabulum
1027 3290 1094 3344 iis
1122 3299 1385 3359 congruet
1432 3289 1523 3359 qui
1560 3290 1753 3365 praevia
1782 3304 2023 3343 conven-

439 3376 593 3429 tione
617 3384 671 3430 et
715 3390 989 3431 consensu
1037 3392 1149 3430 rem
1185 3384 1380 3446 gerunt
1408 3396 1421 3430 :
1451 3380 1594 3431 unde
1635 3376 1830 3431 seditio
1857 3375 2023 3430 etiam

440 3472 495 3517 et
521 3463 882 3518 contrarietas
916 3466 1103 3518 conﬁt.
1139 3456 1234 3520 His
1284 3465 1488 3533 quippe
1515 3472 1725 3518 tantum
1768 3462 2026 3518 usuvenit

439 3556 640 3610 seditio
665 3564 720 3611 et
747 3557 1129 3619 contrarietas,
1179 3566 1400 3627 propter
1445 3556 1744 3610 voluntatis
1773 3555 2025 3610 volubili-

437 3654 627 3701 tatem.
686 3646 899 3712 Quibus
960 3658 1140 3702 autem
1199 3646 1558 3702 immutabilis
1625 3647 1838 3701 bonitas
1900 3655 2018 3713 est,

438 3739 718 3808 quomodo
749 3739 1107 3793 contrarietas
1137 3747 1187 3793 et
1224 3738 1420 3794 seditio
1463 3737 1706 3793 incidet?
1737 3736 1804 3792 Et
1834 3737 2021 3804 paucis

437 3829 758 3900 interjectis.
790 3831 862 3884 ita
907 3830 1101 3885 scribis
1133 3845 1146 3881 :
1183 3849 1202 3882 ι
1248 3829 1342 3883 Vel
1386 3837 1533 3884 certe
1576 3837 1719 3883 esset
1748 3827 2019 3898 adjutoris

437 3919 659 3992 indigus
684 3922 749 3975 ad
780 3922 948 3976 creati
973 3920 1043 3975 ab
1069 3936 1128 3976 se
1168 3920 1357 3975 mutuli
1401 3918 1960 3974 administrationem.
1993 3936 2013 3970 ι

435 4013 623 4080 Pecte,
655 4014 836 4077 sodes,
883 4013 1090 4069 dixisti.
1139 4012 1199 4067 Si
1238 4013 1381 4068 enim
1411 4012 1740 4067 vocabulum
1781 4026 2019 4064 commu-

432 4107 618 4161 m'cans
641 4107 705 4162 de
721 4105 859 4160 Filio
887 4106 1298 4178 pradicaretur,
1339 4105 1610 4160 obnoxius
1640 4104 1829 4174 utique
1850 4112 2014 4171 esset,

433 4208 495 4253 ut
519 4208 576 4254 tu
607 4198 872 4269 opinaris,
909 4198 1285 4254 contrarietati
1315 4213 1379 4253 ac
1418 4197 1694 4260 seditioni,
1723 4207 1776 4252 et
1814 4196 2018 4251 auxilio

433 4289 719 4362 indigeret.
750 4289 907 4346 Nunc
933 4291 1057 4360 quia
1110 4280 1242 4347 illdd
1295 4290 1446 4346 futile
1492 4299 1546 4345 ct
1594 4290 1891 4345 invalidum
1921 4288 2018 4344 de-

432 4392 795 4455 monstratum
832 4383 955 4449 fuit,
1012 4391 1230 4439 constat
1279 4383 1424 4452 quod
1482 4391 1538 4437 et
1589 4382 1704 4436 haec
1741 4382 2012 4438 similiter.

2128 3294 2525 3362 προαιρετικὴν
2556 3296 2652 3349 καὶ
2705 3298 3115 3370 συμπειθισμὸν
3146 3304 3566 3377 προερχομένων
3592 3301 3686 3375 χώ-

2128 3398 2230 3452 ραν
2267 3382 2404 3447 ἐξει·
2438 3385 2497 3452 ἐξ
2526 3381 2588 3442 οὗ
2627 3389 2722 3443 καὶ
2751 3391 2784 3461 ἠ
2828 3393 3016 3457 στάσις
3046 3395 3137 3447 καὶ
3166 3396 3199 3464 ἡ
3228 3396 3545 3462 ἐναντίωσίς
3573 3378 3685 3450 ποτε

2125 3472 2423 3541 ἐγγίνεται·
2451 3478 2658 3532 τούτων
2707 3480 2818 3551 γὰρ
2861 3484 3040 3553 μόνων
3081 3488 3200 3539 ἐστὶ
3226 3487 3332 3560 τὴν
3383 3488 3566 3547 στάσιν
3602 3489 3688 3552 καὶ,

2125 3564 2443 3654 ἐναντίωσιν
2473 3567 2749 3639 δέχεσθαι,
2774 3573 2862 3627 διὰ
2901 3575 2962 3628 τὸ
2990 3576 3363 3646 εὐμετάϐολον
3388 3583 3486 3653 τῆς
3511 3597 3684 3654 προαι-

2125 3657 2352 3729 ρέσεως·
2378 3653 2461 3724 οἷς
2487 3661 2545 3715 δὲ
2576 3664 2854 3738 άγαθότης
2883 3667 3154 3739 άτρεπτός
3192 3674 3335 3739 ἐστι,
3367 3675 3483 3740 πῶς
3512 3653 3573 3729 ἂν
3603 3676 3683 3727 καὶ

2122 3751 2438 3818 ἐναντίωσις
2466 3755 2561 3808 καὶ
2605 3758 2798 3823 στάσις
2858 3764 3327 3834 συνεισφρήσεται
3356 3784 3370 3833 ;
3430 3767 3537 3835 καὶ
3563 3766 3683 3839 μετὰ

2123 3839 2330 3912 βραχέα
2379 3844 2612 3915 γράφεις
2657 3846 2867 3913 οὕτως·
2922 3869 2942 3903 ι
3002 3848 3075 3906 ’Ἠ
3124 3854 3317 3929 ἐνδεὴς
3371 3854 3513 3929 εἶχεν
3559 3854 3683 3912 εἶναι

2120 3935 2424 4009 ὑπουργοῦ,
2459 3936 2553 3990 τοῦ
2585 3937 2810 3993 διοικεῖν
2866 3941 2966 4013 τὴν
3026 3943 3398 4021 δημιουργίαν
3453 3949 3625 4005 αὑτοῦ.
3661 3968 3677 4000 ι

2117 4025 2341 4091 Καλῶς,
2382 4021 2427 4080 ὧ
2462 4028 2640 4099 φίλος,
2676 4030 2889 4103 ἔφησθα
2913 4051 2929 4066 ·
2970 4036 3021 4089 εί
3071 4038 3300 4113 μὲνγὰρ
3333 4042 3393 4097 τὸ
3423 4041 3682 4108 κοινωνὸς

2118 4118 2290 4189 ὖνομα
2319 4121 2413 4175 ἐπὶ
2455 4121 2550 4175 τοῦ
2590 4122 2721 4177 Υίοῦ
2751 4123 2936 4197 χώραν
2964 4122 3133 4199 εἶχεν,
3164 4130 3325 4203 ἔσχεν
3370 4133 3437 4189 ἂν
3467 4135 3599 4190 κατὰ
3631 4133 3682 4187 σὲ

2116 4210 2211 4263 καὶ
2246 4211 2309 4265 τὸ
2358 4212 2459 4283 τῆς
2490 4213 2861 4281 ἐναντιώσεως
2895 4219 2991 4273 καὶ
3035 4223 3282 4287 στάσεως
3312 4226 3408 4281 καὶ
3447 4227 3479 4297 ἡ
3527 4226 3681 4279 ἔνδεια

2113 4302 2214 4371 τῆς
2241 4303 2576 4376 ὑπουργίας·
2611 4308 2735 4362 ἐπεὶ⁸
2765 4308 2821 4362 δέ
2852 4310 3030 4366 ἐκεῖνο
3080 4313 3355 4373 δέδεικται
3400 4318 3560 4371 ἕωλον
3598 4316 3678 4371 καὶ

2113 4394 2429 4466 άνίσχυρον,
2453 4397 2612 4468 δῆλον
2637 4400 2720 4454 ὅτι
2751 4402 2845 4455 καὶ
2871 4403 3063 4458 ταῦτα·
3091 4406 3186 4459 καὶ
3217 4409 3328 4480 γάρ
3351 4410 3446 4463 ἐὰν
3460 4414 3521 4481 τῇ
3549 4410 3678 4463 θέσει

430 4474 564 4529 Nam
596 4475 640 4530 si
671 4475 942 4544 positione
982 4473 1234 4542 alicujus,
1267 4475 1513 4543 quaedam
1547 4484 1857 4552 ponuntur,
1891 4475 2011 4529 sine

2127 4486 2259 4550 τινὸς
2288 4489 2410 4541 τινὰ
2454 4490 2720 4559 τίθενται,
2755 4496 2820 4566 τῇ
2854 4495 3133 4565 ἀναιρέσει
3169 4473 3364 4555 τούτου
3413 4473 3567 4571 δῆλον
3606 4502 3677 4554 ὅτι

429 4566 598 4623 dubio
626 4566 991 4622 exstinctione
1023 4567 1193 4635 illius,
1219 4568 1383 4623 etiam
1416 4567 1521 4621 alia
1559 4566 2009 4635 exstinguuntur.

501 4659 589 4715 Η.
632 4658 860 4730 Insuper
894 4660 1157 4730 scriptum
1194 4670 1348 4714 tuum
1382 4661 1497 4714 hzec
1530 4660 1695 4715 habet
1730 4678 1744 4714 :
1784 4677 1802 4710 ι
1830 4660 1897 4713 Ει
1918 4673 2015 4728 per

429 4754 753 4809 saeculorum
790 4754 1047 4823 spatium,
1076 4763 1130 4809 et
1151 4755 1221 4809 ob
1260 4761 1504 4823 mutuam
1543 4755 2009 4814 contrarietatem,

428 4847 705 4901 deleretur
757 4845 853 4915 Dei
903 4847 1216 4903 dominatus
1274 4863 1385 4903 una
1437 4862 1563 4903 cum
1614 4846 1903 4902 creaturis.
1947 4845 2014 4900 Et

429 4940 565 4994 alter
589 4939 743 4994 alteri
787 4940 1185 5007 dominaretur,
1218 4952 1273 4997 et
1304 4956 1428 4995 cum
1459 4942 1727 4997 creaturis
1753 4954 2009 5011 compas-

428 5032 511 5085 sio
537 5032 828 5086 desineret.
868 5052 887 5085 ι
919 5034 1081 5103 Atqui
1114 5035 1247 5099 haec,
1293 5047 1328 5088 ο
1375 5033 1555 5100 sodes,
1599 5034 1832 5088 duormn
1864 5035 2012 5102 prin-

426 5119 693 5187 cipiorum
743 5129 797 5175 et
848 5122 1254 5177 contrarietatis
1306 5120 1621 5176 criminatio
1680 5120 1841 5176 nobis
1899 5136 2009 5175 non

425 5212 715 5281 congruit;
751 5213 846 5268 sed
883 5214 1003 5268 aliis
1031 5229 1061 5269 a
1089 5223 1141 5269 te
1172 5213 1380 5269 intendi
1422 5214 1663 5280 deberet,
1696 5214 1789 5285 qui
1816 5228 2010 5284 nempe

426 5301 535 5355 duo
581 5302 846 5372 principia
890 5311 944 5358 et
990 5303 1130 5360 duos
1175 5303 1644 5369 deosinducunt,
1707 5304 1911 5359 bonum
1943 5318 2009 5359 ac

428 5394 631 5448 malum
661 5412 675 5449 :
706 5406 760 5451 et
791 5396 860 5450 ab
890 5396 998 5450 alio
1028 5396 1244 5467 quidem
1276 5397 1466 5451 dicunt
1500 5397 1645 5453 bunc
1671 5398 2005 5453 materialem

426 5490 690 5542 mundum
727 5490 1004 5545 conditura
1042 5497 1094 5543 et
1123 5498 1507 5545 conservatum
1542 5505 1607 5546 ac
1649 5500 1895 5557 rectum;
1938 5490 2007 5545 ab

426 5582 534 5637 alio
572 5595 754 5638 autem
790 5583 1210 5640 intellectualem
1258 5601 1273 5638 :
1322 5600 1487 5654 quam
1525 5601 1626 5642 nos
1675 5587 2004 5643 sententiam

426 5684 482 5730 et
512 5676 730 5732 odimus
772 5685 826 5730 et
871 5686 987 5730 toto
1025 5678 1209 5732 animo
1257 5694 1609 5745 aversamur;
1663 5688 1720 5735 et
1768 5695 1885 5746 eos,
1911 5680 2005 5750 qui

428 5769 571 5823 hanc
598 5769 800 5834 (metu,
850 5769 1065 5841 capitali
1117 5786 1291 5842 pinna:
1339 5771 1830 5843 subiicimuszvos
1872 5788 2002 5831 vero

2122 4578 2512 4653 συνανῄρηται.

2199 4678 2290 4728 ια’.
2327 4671 2556 4744 Ἔχειδὲ
2585 4677 2748 4731 πάλιν
2780 4679 2842 4733 τὸ
2873 4680 2965 4736 σὺν
3015 4683 3252 4761 γράμμα
3287 4686 3462 4750 οὕτως
3483 4700 3497 4714 ·
3528 4702 3547 4737 ι
3581 4683 3677 4740 Καὶ

2120 4761 2263 4815 κατὰ
2303 4763 2404 4835 τὴν
2445 4766 2741 4822 ἐπέκτασιν
2779 4771 2889 4825 τῶν
2949 4774 3185 4841 αἰώνων,
3248 4778 3346 4831 καὶ
3399 4779 3498 4850 τὴν
3559 4775 3679 4847 πρὸς

2120 4853 2327 4924 ἄλληλα
2361 4857 2702 4925 ἐναντίωσιν,
2754 4864 3055 4933 ἠφανίζετο
3110 4870 3140 4938 ἡ
3194 4869 3386 4925 τούτου
3441 4869 3678 4941 κυριότης

2122 4947 2260 5018 μετὰ
2293 4948 2404 5003 τῶν
2437 4952 2778 5023 κτισμάτων,
2832 4959 2928 5011 καὶ
2972 4959 3257 5031 ἐκυρίευεν
3284 4961 3313 5014 ὁ
3342 4957 3425 5025 εἷς
3462 4960 3553 5014 τοῦ
3578 4959 3679 5012 ἐτέ-

2120 5056 2238 5110 ρου,
2273 5042 2368 5095 καὶ
2397 5042 2724 5114 ἐκόπτετο.ή
2773 5050 3090 5119 συμπάθεια
3134 5053 3244 5106 τῶν
3286 5053 3619 5126 ποιημάτων.
3658 5067 3672 5101 ο

2118 5132 2292 5186 Τοῦτο
2315 5129 2431 5201 οὖν,
2464 5128 2510 5189 ὧ
2537 5136 2712 5205 φίλος,
2745 5139 2808 5192 τὸ
2837 5141 2946 5196 τῶν
2968 5142 3062 5196 δύο
3083 5144 3271 5216 ἀρχῶν
3302 5145 3399 5198 καὶ
3439 5140 3676 5199 ἐναντιώ-

2117 5241 2257 5289 σεως
2284 5227 2539 5298 ἔγκλημα
2569 5229 2703 5300 ἡμῖν
2741 5231 2806 5285 οὐ
2839 5233 3152 5303 πρόσεστιν,
3179 5235 3296 5289 ἀλλ’
3327 5236 3507 5299 ἄλλοις
3539 5232 3676 5302 παρὰ

2116 5316 2212 5371 σοῦ
2242 5318 2595 5386 ἐγκαλεῖσθαι
2618 5318 2839 5392 ὤφειλε,
2879 5327 2994 5388 τοῖς
3022 5327 3113 5381 καὶ
3144 5326 3240 5381 δύο
3265 5328 3440 5398 ἀρχάς
3470 5325 3562 5380 καὶ
3589 5321 3674 5377 δύο

2113 5408 2273 5472 θεοὺς
2304 5410 2639 5479 εἰσάγουσιν,
2673 5412 2877 5482 ἀγαθόν
2916 5432 2974 5469 τε
3000 5417 3093 5470 καὶ
3125 5417 3317 5471 κακόν·
3345 5417 3439 5471 καὶ
3473 5416 3562 5469 τὸν
3585 5411 3674 5483 μέν

2114 5516 2247 5569 φασι
2307 5500 2402 5554 τὸν
2459 5501 2717 5572 αἰσθητὸν
2763 5504 2972 5572 κόσμον
3020 5504 3543 5577 δεδημιουργηκέναι
3587 5499 3672 5554 καὶ

2116 5592 2366 5663 συνέχειν
2403 5595 2499 5648 καὶ
2547 5599 2792 5666 κρατεῖν·
2839 5599 2932 5652 τὸν
2961 5598 3042 5664 δέ,
3072 5599 3165 5653 τὸν
3194 5598 3407 5670 νοητόν·
3439 5599 3504 5670 ἢν
3532 5593 3671 5657 δόξαν

2114 5683 2276 5752 ἡμεῖς
2328 5683 2421 5736 καὶ
2482 5686 2871 5757 μυσαττόμεθα
2906 5689 3007 5742 καὶ·
3052 5689 3174 5743 λίαν
3203 5684 3666 5759 ἀποστρεφόμεθα.

2111 5770 2354 5838 καὶτοὺς
2376 5774 2581 5847 ταύτην
2601 5778 2965 5850 σεμνύνοντας
2988 5780 3258 5853 κεφαλικῇ
3286 5777 3526 5850 τιμωρίᾳ
3549 5770 3669 5828 καθ-
