4048 6438
307 376 418 440 821

1480 393 1916 457 REFUTATIO
1950 398 2424 463 MOHAMEDIS.

3478 410 3593 476 822

305 488 699 581 οποὸἀλλομεν
735 491 812 564 (2)
838 509 854 526 ο
892 493 1054 566 ὑμεῖς
1096 496 1156 552 δὲ
1192 499 1288 553 καὶ
1314 500 1608 572 προσίεσθε
1640 506 1739 558 καὶ
1784 507 1904 561 ἐπι.

2015 509 2113 565 illis
2137 507 2334 567 favetis
2364 514 2529 581 atque
2554 510 2899 572 blandimiui.
2938 517 2982 571 Α
3021 518 3177 575 nobis
3205 530 3385 576 autem
3411 538 3580 580 unum

304 579 570 634 θὲλπετε·
601 584 736 655 ἡμῖν
764 584 875 658 γὰρ
908 586 1006 657 μία
1056 587 1204 663 ἀρχὴ
1255 590 1317 646 τὸ
1363 592 1745 666 σεϐαζόμενονο
1777 598 1902 652 ἐπεὶ

304 673 410 725 καὶ
442 666 525 737 εἷς
552 673 706 741 Θεὸς,
742 676 847 731 κᾶν
874 679 995 742 ταῖς
1033 679 1292 753 ἰδιότησιν
1319 683 1417 738 εἶτ’
1444 684 1537 741 οὖν
1571 686 1901 743 ὑποστάσεσι

303 764 442 834 τρία
477 766 829 837 πιστεύηταιο
861 771 908 822 εὶ
959 769 1016 825 δέ
1042 788 1124 827 σοι
1155 773 1216 827 τὸ
1240 772 1495 845 διάφορον
1516 776 1626 830 τῶν
1660 778 1901 835 ὑποστά-

306 871 476 924 σεων,
530 857 788 932 διάφορον
841 862 938 917 καὶ
986 863 1086 935 τὴν
1120 863 1284 933 φύσιν
1324 869 1528 923 ἐννοεῖν
1566 869 1775 937 δίδωσι,
1808 872 1903 927 καὶ

301 949 445 1015 ὅσας
478 953 577 1016 τὰς
608 953 961 1023 ὑποστάσεις,
995 958 1270 1026 τοσαύτας
1295 962 1392 1016 καὶ
1429 962 1527 1026 τὰς
1561 962 1752 1032 φύσεις
1791 964 1904 1017 εἰσ-

306 1042 574 1113 άγεσθαι,
619 1047 1016 1118 ἀμαθαίνοντὸς
1046 1052 1165 1106 ἐστι
1200 1052 1380 1122 τοῦτο,
1405 1055 1551 1126 ἥπερ
1573 1055 1803 1121 εἰδότος⁹
1838 1057 1901 1110 οὐ

307 1137 429 1207 γὰρ
472 1137 672 1193 ταυτὸν
703 1139 865 1209 φύσις
915 1144 1010 1196 καὶ
1048 1143 1369 1209 ὑπόστασις·
1401 1141 1473 1218 ἦν
1497 1147 1607 1220 γὰρ
1653 1146 1720 1201 ἂν
1749 1147 1902 1201 οὐδὲν

307 1228 425 1281 τῶν
472 1227 645 1285 ὄντων
678 1232 952 1302 ὀμοφυὲς,
986 1234 1082 1288 καὶ
1121 1236 1317 1289 ταυτὸν
1349 1238 1528 1294 κοινόν
1556 1257 1609 1295 τι
1638 1240 1734 1295 καὶ
1770 1239 1902 1293 ῐδιον

309 1323 529 1397 χρῆμα·
561 1322 699 1397 ὅπερ
727 1327 828 1397 οὐχ
865 1325 1122 1400 εὓρηται.

392 1497 481 1569 ιβ’.
517 1498 628 1552 Καὶ
657 1498 854 1564 ἄλλως·
897 1499 959 1555 El
989 1501 1050 1556 τὸ
1086 1502 1346 1576 διάφορον
1385 1503 1494 1557 τῶν
1521 1504 1897 1566 ὕποστάσεων,

310 1589 575 1660 διάφορον
607 1589 697 1643 καὶ
733 1591 896 1661 φύσιν
929 1592 1248 1661 εἰσάγεσθαι
1293 1593 1511 1647 δίδωσιν
1541 1631 1556 1657 ,
1587 1592 1801 1663 ἀνάγκη
1842 1593 1903 1647 τὸ

212 1768 217 1771 Δ
320 1681 403 1754 μὴ
449 1682 709 1753 διάφορον
761 1683 870 1736 τῶν
921 1682 1190 1776 φύσεων,
1222 1684 1357 1755 μηδὲ
1411 1684 1681 1776 διάφορονΔ
1708 1686 1802 1738 καὶ
1834 1687 1899 1776 τῇ
1936 1722 1975 1776 Β

318 1774 621 1828 ὑποστάσει
648 1773 1033 1831 καθίστασθαιο
1067 1775 1359 1847 συνάγεται
1387 1777 1496 1848 ἀρα
1516 1776 1597 1829 ὅτι
1630 1774 1698 1829 τὰ
1726 1775 1901 1830 ταυτά

314 1870 388 1938 τῇ
420 1868 604 1936 φύσει,
639 1867 817 1922 ταυτά
870 1868 966 1923 καὶ
1003 1871 1124 1933 ταῖς
1149 1870 1534 1925 ὑποστάσεσιν.
1558 1870 1761 1924 Ἐσται
1796 1871 1906 1941 ἄρα

315 1957 534 2022 Παῦλος
556 1959 653 2014 καὶ
682 1959 887 2029 Πέτρος
915 1961 1103 2016 ταυτοὶ
1130 1960 1283 2025 ὄντες
1324 1963 1395 2033 τῇ
1428 1959 1588 2030 φύσει
1627 1961 1720 2015 καὶ
1748 1961 1904 2017 ἀδιάσ-

316 2066 501 2118 φοροι·
532 2050 626 2104 καὶ
655 2053 723 2122 τῇ
747 2051 1045 2105 ὑποστάσει
1092 2053 1303 2118 ταυτοὶ,
1331 2053 1469 2121 ὅπερ
1507 2053 1625 2106 ἐστὶ
1660 2052 1900 2121 γελοῖον·

315 2139 437 2193 ἐστι
466 2139 573 2211 γάρ
607 2157 701 2196 σου
733 2140 795 2194 τὸ
835 2141 1080 2213 σόφισμα
1115 2143 1270 2213 παρὰ
1295 2141 1394 2213 τὴν
1420 2143 1739 2214 ὁμωνυμίαν
1762 2142 1903 2198 οὕτω

316 2232 676 2302 καλούμενον.
720 2232 828 2286 Τοῦ
854 2234 963 2305 γὰρ
991 2234 1130 2301 ἐνὸς
1161 2235 1443 2307 πολλαχῶς
1487 2234 1802 2310 λεγομένου,
1826 2238 1904 2303 ὡς

316 2325 380 2378 αἱ
411 2323 625 2397 λογικαὶ
656 2324 870 2393 μέθοδοι
915 2325 1406 2399 ἐκδιδάσκουσιν,ἥ
1445 2329 1620 2396 γένει,
1667 2330 1700 2399 ἢ
1741 2331 1895 2394 εῖδει,

319 2417 357 2491 ῆ
393 2417 703 2489 ἀριθμῷ,ἣ
752 2419 1039 2491 ἀναλογίᾳ,
1089 2419 1250 2490 δῆλον
1297 2422 1380 2476 ὅτι
1428 2422 1614 2475 καὶτὸ
1682 2420 1902 2476 πολλάν

318 2508 538 2580 ὁσαχῶς
565 2508 673 2579 γὰρ
710 2509 771 2561 τὸ
804 2510 1160 2581 προκείμενον
1208 2508 1351 2582 [εοά.
1390 2511 1618 2585 ἀντικ.].
1642 2529 1904 2566 τοσαυτα-

318 2598 437 2670 χῶς
460 2599 553 2652 καὶ
578 2597 638 2652 τὸ
667 2599 1045 2666 ἀντικείμενον
1073 2598 1189 2670 ἔχει
1208 2616 1223 2631 ο
1254 2600 1414 2653 τοῦτο
1446 2600 1555 2671 γάρ
1582 2600 1901 2671 δεδιδάγμε-

319 2690 417 2740 (λα’
445 2688 605 2759 ἡμῶν
648 2687 705 2743 δὲ
731 2690 852 2750 ταῖς
884 2688 1218 2742 ὑποστάσεσι
1262 2688 1329 2742 τὰ
1355 2688 1484 2761 τρία
1526 2687 1799 2750 διδόντων,
1838 2687 1904 2741 σὺ

317 2778 380 2832 δὲ
432 2778 527 2832 καὶ
572 2777 633 2831 τὸ
675 2777 784 2833 τῶν
824 2778 1038 2846 φύσεων
1072 2778 1335 2847 διάφορον
1368 2778 1630 2846 εἰσάγειςο
1656 2777 1830 2833 ταῦτα
1850 2777 1906 2831 δὲ

316 2869 426 2940 οὐχ
452 2867 626 2933 οὕτως
650 2869 782 2940 ἔχει’
815 2870 908 2921 καὶ
937 2869 1046 2940 γάρ
1076 2869 1110 2940 ὴ
1146 2870 1405 2939 ἐνάργεια
1425 2870 1533 2925 τῶν
1561 2871 1906 2941 πραγμάτων

319 2961 486 3033 δήλη,
511 2961 608 3016 καὶ
652 2963 711 3017 αῖ
751 2962 1014 3033 μαθήσεις
1056 2962 1456 3017 ἐκδιδάσκουσιο
1487 2964 1581 3016 καὶ
1611 2961 1785 3026 οὕτως
1825 2979 1907 3015 σοι

2005 597 2330 669 principium
2384 600 2641 672 religioso
2681 603 2831 659 cultu
2880 605 3107 672 colitur,
3148 610 3275 679 quia
3332 619 3385 666 et
3441 628 3586 671 unus

2005 683 2151 741 Deus
2179 694 2283 754 est,
2315 702 2628 757 quanquam
2660 690 3107 760 proprietatibus,
3139 696 3254 750 sive
3306 700 3579 766 personis,

2004 774 2182 828 trinus
2214 773 2472 829 creditur.
2500 774 2656 841 Quod
2708 777 2756 832 si
2791 778 2885 832 tibi
2909 794 3262 850 personarum
3294 783 3584 844 diversitas

2003 863 2340 920 difi‘ercntem
2367 883 2587 938 quoque
2631 877 2882 924 naturam
2932 880 3185 941 reputare
3227 878 3499 947 suggerit,
3529 888 3581 937 et

2004 963 2142 1021 quot
2176 965 2304 1010 sunt
2347 972 2615 1025 personae,
2651 959 2875 1015 totidem
2904 976 3123 1032 quoque
3162 975 3389 1021 naturas
3419 969 3583 1023 indu-

2006 1060 2165 1113 cere;
2190 1046 2293 1128 hoc
2319 1046 2520 1102 indocti
2564 1049 2744 1117 potius
2776 1051 2974 1121 ingenii
3014 1067 3097 1109 est
3135 1070 3298 1125 quam
3333 1059 3577 1114 eruditi:

2005 1152 2114 1192 non
2146 1138 2294 1193 enim
2347 1138 2490 1194 idem
2540 1149 2625 1196 est
2674 1151 2867 1199 natura
2916 1155 2972 1200 et
3019 1162 3254 1218 persona
3308 1164 3320 1197 :
3377 1150 3583 1221 alioqui

2006 1224 2141 1279 nihil
2196 1225 2249 1282 in
2304 1225 2470 1282 rebus
2512 1228 2901 1286 exsistentibus
2962 1231 3359 1303 ltomogeneum
3415 1246 3583 1303 esset,

2007 1316 2260 1389 idemque
2301 1325 2448 1374 esset
2492 1334 2789 1377 commune
2847 1330 2902 1378 et
2965 1326 3245 1396 pmprium
3282 1330 3582 1401 negotium,

2004 1409 2150 1478 quod
2179 1424 2286 1464 non
2318 1411 2595 1468 usuvenit.

2068 1500 2156 1554 12.
2201 1501 2332 1556 ltem
2365 1503 2542 1560 aliter.
2569 1505 2625 1561 Si
2651 1508 2776 1579 quis
2804 1523 2835 1563 a
2868 1524 3225 1579 personarum
3270 1511 3588 1569 diversitate

2007 1591 2379 1649 diversitatem
2409 1612 2631 1668 quoque
2679 1611 2890 1655 natura:
2931 1603 3113 1658 induci
3156 1591 3454 1669 concedat,
3485 1620 3586 1660 ne-

2003 1696 2159 1739 cesse
2190 1693 2274 1739 est
2299 1684 2442 1754 quod
2485 1689 2807 1744 naturaliter
2838 1706 2942 1745 nou
2984 1691 3187 1758 differt,
3229 1709 3297 1749 ne
3325 1709 3588 1764 persona-

2005 1775 2127 1829 liter
2180 1774 2400 1845 quidem
2452 1777 2690 1834 differre.
2743 1780 3112 1853 Consequitur
3156 1800 3307 1855 ergo,
3365 1795 3427 1841 ut
3462 1802 3587 1857 quae

2004 1877 2134 1920 sunt
2171 1868 2494 1923 naturaliter
2542 1870 2754 1934 eadem,
2801 1875 3164 1940 personaliter
3202 1891 3424 1946 quoque
3454 1878 3584 1932 sint.

2003 1953 2179 2010 Erunt
2230 1957 2413 2026 itaque
2442 1955 2646 2012 Paulus
2675 1966 2730 2012 et
2761 1956 2956 2013 Petrus
2998 1960 3138 2016 idem
3172 1964 3499 2018 naturaliter
3533 1976 3588 2020 et

2003 2060 2113 2101 non
2138 2032 2472 2115 diﬂ‘erentes,
2510 2048 2783 2118 simulque
2821 2049 3012 2104 eadem
3044 2062 3298 2121 persona,
3330 2054 3477 2120 quod
3505 2064 3590 2109 est

2003 2135 2321 2190 ridiculum.
2350 2136 2445 2191 Est
2472 2137 2617 2192 enim
2654 2138 2933 2206 sophisma
2973 2150 3126 2193 tuum
3182 2155 3280 2208 per
3317 2141 3587 2212 homony~

2003 2229 2169 2283 miam
2197 2229 2269 2283 ita
2292 2240 2567 2285 vocatum.
2597 2229 2728 2285 Nam
2750 2247 2916 2297 quum
2943 2248 3103 2285 unum
3119 2233 3494 2304 multipliciter
3509 2234 3595 2288 di-

2004 2330 2180 2385 catur,
2237 2336 2336 2376 ceu
2367 2321 2553 2391 logicae
2610 2322 2809 2393 regulae
2858 2323 3074 2387 docent,
3121 2324 3202 2379 vel
3250 2340 3470 2395 genere,
3513 2325 3597 2378 vt-l

2005 2414 2205 2482 specie,
2222 2412 2303 2468 vel
2325 2429 2577 2477 numero,
2601 2416 2681 2469 vel
2709 2416 2990 2486 analogia;
3014 2426 3162 2485 patet
3183 2418 3328 2487 quod
3349 2417 3576 2488 perinde

2005 2506 2166 2561 etiam
2190 2506 2371 2573 plura.
2389 2504 2524 2560 Nam
2543 2515 2672 2575 quot
2693 2508 3233 2579 modis‘proponitur,
3254 2510 3476 2564 totidem
3494 2524 3594 2577 op-

2006 2596 2261 2665 ponitur;
2282 2596 2355 2650 ita
2384 2597 2528 2650 enim
2544 2596 2722 2652 edocti
2763 2598 2984 2652 fuimus.
3007 2598 3173 2653 Nobis
3197 2607 3376 2653 autem
3408 2613 3594 2669 persn-

2009 2702 2201 2741 narum
2260 2688 2556 2742 trinitatem
2628 2689 3085 2759 agnoscentibus,
3152 2699 3207 2744 tu
3269 2698 3590 2743 naturarum

2008 2795 2228 2849 quoque
2278 2779 2650 2836 diversitatem
2698 2781 2933 2851 aggeris.
2981 2781 3087 2835 Sed
3141 2797 3227 2836 res
3282 2797 3389 2835 non
3432 2782 3503 2835 ita
3535 2796 3596 2833 se

2010 2870 2193 2932 habet,
2249 2871 2396 2940 quod
2450 2879 2505 2926 et
2569 2887 2754 2927 rerum
2798 2872 3068 2928 evidentia
3108 2874 3287 2944 palam
3346 2871 3499 2936 facit,
3537 2882 3589 2926 et

2009 2959 2313 3029 disciplina:
2348 2960 2588 3016 tradunt.
2628 2962 2808 3031 Atque
2857 2962 2929 3017 ita
2963 2978 3153 3017 omnes
3182 2971 3287 3017 tua:
3334 2962 3598 3017 adversus

321 3054 501 3106 πᾶσαι
547 3054 602 3105 αἱ
654 3052 896 3106 διαϐολαὶ
956 3053 1057 3122 τῆς
1097 3053 1222 3107 καθ’
1272 3056 1419 3125 ἡμᾶς
1466 3054 1703 3118 πίστεως
1752 3053 1910 3107 ’ἐωλοι

2015 3051 2176 3108 fidem
2231 3067 2474 3109 nostram
2526 3056 2927 3120 accusationes,
2979 3054 3182 3117 futiles,
3242 3055 3590 3110 incredibiles

323 3147 423 3199 καὶ
451 3143 708 3198 ἀπίθανοι
763 3146 857 3199 καὶ
897 3145 1117 3217 ψευδεῖς
1155 3146 1609 3217 ἀποδεδειγμέναι
1653 3147 1782 3200 εἰσιν
1812 3146 1910 3200 καὶ

320 3235 435 3289 τῶν
459 3236 725 3290 διαϐολῶν
764 3237 1010 3309 δηλονότι
1055 3239 1476 3308 ἀναιρεθεισῶν,
1517 3240 1612 3294 καὶ
1645 3241 1714 3296 τά
1746 3239 1911 3291 λοιπά

323 3329 511 3383 πάντα
558 3329 871 3399 συνέψεται.
910 3331 1019 3384 Καὶ
1046 3330 1220 3386 ταῦτα
1240 3332 1383 3403 πέρα
1402 3332 1498 3385 τοῦ
1534 3332 1761 3403 μέτρου,
1789 3333 1913 3387 ἐπεὶ

323 3421 427 3476 καὶ
458 3420 622 3493 κόρος
651 3420 812 3490 λόγου
846 3421 1103 3492 πολέμιος
1134 3425 1345 3488 ἀκοαῖς·
1368 3423 1452 3477 διὸ
1486 3424 1647 3479 Ξκανά
1688 3424 1784 3494 μὲν
1819 3426 1915 3479 καὶ

323 3510 506 3565 ταῦτα
530 3514 643 3576 τοῖς
671 3513 886 3567 θέλουσι
912 3514 1129 3586 μικρῶς
1157 3531 1275 3578 πως
1303 3518 1558 3587 συνορᾷν,
1587 3517 1683 3570 καὶ
1708 3519 1774 3587 τῇ
1803 3533 1915 3571 πα-

328 3603 555 3672 ραθέσει
588 3604 700 3660 τῶν
745 3607 1092 3678 κρειττόνων,
1127 3608 1188 3662 τὸ
1228 3608 1424 3678 ἀληθὲς
1467 3606 1707 3673 διώκειν,
1738 3608 1915 3665 καὶτὸ

323 3691 522 3762 ψεῦδος
554 3692 917 3750 ἀπωθεῖσθαι·
955 3695 1038 3753 διὸ
1066 3697 1162 3752 καὶ
1189 3697 1354 3769 μέχρι
1381 3695 1590 3753 τούτων
1632 3697 1724 3752 τὸν
1756 3696 1917 3764 λόγον

325 3786 517 3858 στήσω
548 3786 650 3859 (δ).

2010 3145 2412 3215 mendacesque
2437 3145 2822 3201 demonstratae
2872 3144 3112 3201 fuerunt.
3152 3144 3327 3199 Porro
3355 3160 3587 3199 accusa-

2010 3237 2254 3293 tionibus
2309 3238 2527 3294 cunctis
2588 3239 2925 3308 peremptis,
2984 3240 3187 3306 reliqua
3226 3238 3346 3293 ‘tibi
3410 3237 3594 3291 omnia

2010 3330 2438 3400 subsequentur.
2485 3329 2592 3386 Sed
2637 3332 2750 3402 jam
2804 3340 3001 3401 praeter
3044 3332 3258 3401 jusmm
3309 3328 3593 3383 modulum

2010 3423 2389 3489 excurrimus;
2419 3438 2656 3493 namque
2691 3432 2747 3478 et
2789 3424 3058 3478 sermonis
3090 3422 3394 3477 satietatem
3435 3436 3600 3476 aures

2014 3517 2272 3571 oderunt.
2318 3513 2502 3581 Quare
2558 3518 2675 3570 haec
2725 3512 3000 3570 subiciant
3049 3514 3118 3568 iis
3163 3513 3256 3582 qui
3304 3526 3601 3583 parumper

2016 3605 2291 3661 voluerint
2336 3606 2727 3673 considerare,
2783 3614 2837 3660 et
2888 3606 3263 3675 comparativo
3309 3604 3600 3659 meliorum

2019 3698 2231 3754 delectu
2281 3699 2562 3755 veritatem
2621 3699 2801 3769 sequi,
2849 3714 2914 3753 ac
2972 3698 3266 3754 falsitatem
3318 3695 3621 3769 repellere.‘

2019 3791 2385 3855 Quamobrem
2422 3791 2585 3847 finem
2613 3790 2703 3845 hic
2733 3790 2952 3846 dicendi
2983 3789 3203 3845 factam.

1606 4036 1742 4089 Tor
1775 4035 2014 4089 ΑΥΤΟΥ
2041 4032 2310 4086 manu
2372 4088 2373 4097 γ

331 4145 707 4218 ’Λντίῤῥησις
744 4147 841 4201 καὶ
882 4146 1655 4224 ᾀνςαζροπὴατῆς-δειξτέρας
1690 4146 2034 4224 ἐπι-στολιῆς
2063 4144 2177 4224 τῆς
2203 4144 2539 4224 σταλείσης
2567 4140 2727 4209 παρὰ
2764 4139 2890 4220 ῖῶν
2916 4138 3268 4224 ςΑταρηνῶν
3317 4138 3465 4208 πρὸς
3500 4142 3606 4195 Mt-

566 4211 598 4231 "
682 4211 695 4213 ⁷
798 4217 962 4288 χαὴλ
981 4211 1253 4284 ,βασιλέα
1273 4211 1410 4275 ὺῖὸν
1438 4211 1738 4290 Θεὸφιλου
1771 4219 1869 4273 ἐπὶ
1897 4211 2151 4285 διαϐολῇ
2182 4214 2292 4284 τῆς
2323 4213 2444 4269 τῶν
2464 4211 2836 4282 Χριστιανῶν
2859 4211 3139 4276 πίστεως.

1537 4356 1939 4419 EIUSDEM
1994 4351 2346 4418 ΝΙΟΕΤιἘ

458 4473 826 4559 Confutalio
861 4485 918 4536 et
958 4475 1192 4561 ev_ersio
1222 4472 1509 4561 secunda:
1537 4473 1817 4561 epistola:
1845 4472 1920 4535 ab
1954 4471 2266 4561 Agarertfs
2296 4469 2502 4561 missae
2527 4465 2611 4527 ad
2639 4461 3011 4561 Mt'flitaelem
3040 4464 3489 4543 imperatorem

1004 4553 1332 4632 Theophili
1358 4543 1585 4632 ﬁlium,
1624 4552 1699 4614 ob
1731 4543 2147 4613 accusandam
2178 4548 2687 4613 Christianorum
2715 4543 2919 4623 ﬁdem.

407 4820 480 4859 α.
518 4797 884 4870 ’Βδουλόμην,
907 4790 952 4852 ὦ
994 4796 1169 4865 φίλος,
1199 4796 1293 4850 τὸν
1318 4798 1447 4865 περὶ
1476 4795 1715 4859 πίστεως
1736 4796 1910 4865 ἡμῶν,

2105 4796 2158 4851 1.
2201 4793 2534 4858 Vounssem,
2566 4808 2600 4846 o
2641 4791 2839 4854 sodes,
2869 4802 3053 4844 veram
3085 4785 3156 4841 de
3185 4784 3288 4840 fide
3314 4792 3526 4846 nostra,
3560 4781 3613 4838 id

336 4895 441 4951 τοῦ
489 4891 905 4966 Χριπιανικοῦ,
941 4891 1106 4960 λέγω,
1161 4890 1458 4969 δόγματος,
1495 4889 1678 4957 λόγον,
1745 4888 1924 4959 ἀληθῆ

337 4987 556 5061 πρῶτον
575 4989 695 5049 ταῖς
722 4985 1139 5047 ἀποδεικτικαῖς.
1165 4983 1438 5051 ἀνάγκαις
1470 4979 1925 5044 καθυποόάλλειν,

338 5080 438 5134 καὶ
488 5079 566 5142 ῶς
616 5071 728 5131 οἷόν
751 5076 811 5130 τί
862 5076 1010 5129 ἔστιν
1058 5075 1123 5128 ἐκ
1190 5073 1300 5128 τῶν
1353 5071 1601 5145 φυσικῶν
1658 5069 1937 5142 λογισμῶν

344 5168 567 5242 βέϐαιόν
644 5184 709 5221 τε
766 5166 961 5220 τοῦτον
1002 5166 1100 5220 καί
1169 5164 1573 5237 ἀτρεκέστατον
1610 5163 1883 5239 παριστᾷν
1912 5175 1930 5193 ·

344 5262 539 5316 ἔπειτα
563 5256 631 5315 δὲ’
661 5261 758 5313 καὶ
785 5258 854 5313 τά
894 5257 1047 5329 παρά
1090 5256 1186 5311 σοιοό
1234 5256 1541 5319 ἀλλοκότους
1575 5256 1668 5310 ἐπὶ
1702 5257 1775 5327 τῇ
1805 5255 1929 5309 δια-

347 5352 478 5423 ϐολῇ
502 5349 601 5421 τῆς
629 5349 754 5404 καθ’
783 5351 934 5419 ἡμᾶς
961 5348 1262 5420 θρησκείας
1289 5348 1574 5419 γραφέντα
1605 5346 1930 5417 διελέγχειν

345 5442 508 5501 τοῦτο
536 5440 649 5511 γὰρ
676 5440 735 5506 ἐξ
761 5440 1003 5506 ἅπαντος
1044 5442 1073 5493 ὁ
1109 5438 1449 5509 ἀντιλογικὸς
1496 5437 1655 5506 λόγος
1685 5437 1928 5491 ἀπαιτεῖ.

424 5614 506 5682 (2)
544 5614 687 5671 Dicit
716 5628 935 5684 ptenam
965 5613 1252 5685 capitatam
1292 5610 1938 5685 adversusﬂMauichzens

353 5679 569 5756 legibus
596 5679 901 5756 principum
947 5679 1246 5751 decretam,
1292 5685 1360 5740 de
1404 5699 1511 5755 qua
1556 5683 1672 5740 dixi
1718 5683 1775 5736 in
1804 5679 1935 5735 adn.

352 5703 979 5812 ἒιθὲ¹3ἓῗτὲιῗ“ἓξὲ3ἶι¹ἲω⁰

427 5826 511 5897 t3)
543 5824 748 5883 Eadem
791 5826 898 5883 hac
946 5825 1122 5883 utitur
1172 5823 1417 5883 clausula
1463 5830 1653 5881 noster
1692 5819 1941 5888 Nieetas,

2042 4896 2147 4952 est,
2173 4885 2240 4939 de
2267 4883 2583 4941 Christiano
2624 4881 2899 4951 dogmate,
2950 4877 3256 4934 doctrinam
3313 4876 3488 4942 primo
3519 4873 3612 4928 de-

2039 4974 2415 5030 monstrativis
2453 4970 2791 5043 argumentis
2836 4981 3164 5039 supponere,
3203 4972 3258 5020 et
3308 4972 3474 5039 prout
3496 4961 3614 5017 fieri

2038 5077 2271 5141 poterat,
2310 5064 2674 5121 naturalibus'
2704 5059 3008 5118 ratiociniis
3059 5058 3278 5114 firmare
3332 5058 3509 5121 hanc,
3563 5060 3620 5107 et

2038 5157 2402 5215 certissimam
2432 5162 2732 5226 praestare:
2763 5149 2959 5205 deinde
3006 5157 3101 5203 tua
3137 5160 3359 5218 quoque
3399 5144 3469 5200 ob
3493 5158 3614 5198 eam

2037 5247 2407 5305 accusandam
2437 5242 2673 5300 absurda
2701 5248 3026 5312 argumenta
3064 5237 3325 5294 refutare.
3367 5236 3444 5292 lta
3472 5236 3618 5290 enim

2039 5354 2268 5410 prorsus
2308 5336 2701 5393 antirrheticus
2751 5348 2935 5392 sermo
2974 5330 3234 5405 postulat.
3285 5325 3442 5382 Nunc
3480 5341 3619 5396 quo-

2041 5433 2187 5487 niam
2252 5430 2514 5486 adversus
2572 5428 2798 5485 alteram
2861 5425 3147 5497 epistolam
3202 5431 3375 5482 tuam,
3421 5416 3621 5487 dogma

2048 5627 2163 5664 non
2189 5609 2280 5664 hic
2306 5607 2483 5662 solum
2517 5614 2569 5659 et
2599 5605 2653 5658 in
2685 5601 2921 5659 secunda
2953 5598 3199 5669 epistola,
3231 5610 3419 5651 verum
3444 5597 3616 5669 etiam

2047 5681 2101 5735 in
2136 5680 2228 5735 illo
2260 5692 2384 5740 suo,
2428 5688 2589 5746 quem
2632 5673 2862 5746 Allatius
2906 5667 3079 5746 edidit
3124 5667 3386 5746 adversus
3426 5668 3621 5718 Anne-

2048 5734 2461 5814 niostractatu;
2488 5753 2547 5799 ut
2573 5744 2687 5815 jam
2719 5743 2771 5795 in
2801 5738 3005 5811 praevio
3038 5736 3242 5791 blouito
3278 5734 3414 5789 dixi.
