4048 6420
558 391 667 455 823

1805 385 2101 447 NICET/E
2147 382 2561 444 BYZANTINI
3679 390 3756 455 εει

556 513 830 566 nostrum,
883 510 941 555 ut
998 514 1097 569 par
1148 506 1291 562 erat,
1338 497 1533 553 validis
1584 497 2135 554 demonstrationibus

2256 494 2402 549 Ἀλλ’
2432 495 2557 549 ἐπεὶ
2585 492 2723 566 πρὸς
2754 492 2853 565 τὴν
2876 492 3070 563 ἑτέραν
3096 492 3382 560 ἐπιστολήν
3418 512 3507 548 σου
3528 496 3582 551 τδ
3606 502 3760 560 οἰκεῖον

556 608 889 666 magnopere
933 600 1228 648 tractatum
1274 589 1397 656 fuit,
1441 600 1496 645 et
1525 590 1764 646 evidenti
1792 589 2148 646 conclusione

557 685 908 749 stabihtum;
959 699 1030 739 ne
1080 698 1228 739 nunc
1280 682 1425 738 forte
1486 683 1768 737 videamur
1816 690 2034 753 torpere
2089 683 2143 738 in

557 775 851 832 scribendo
889 773 957 830 ad
992 784 1066 842 te,
1099 774 1145 829 si
1169 781 1376 828 tantum
1408 773 1671 828 adversus
1705 773 1793 829 illa
1825 781 2146 845 argumenta

556 879 680 933 qua:
709 864 778 919 ad
823 871 1028 920 nostra:
1058 861 1556 934 irreprehensibilis
1618 862 1743 919 tldei
1803 864 2145 920 eversionem

553 967 613 1013 tu
654 957 711 1013 in
746 957 945 1014 litteris
970 958 1078 1013 tuis
1099 956 1319 1022 misisti,
1353 956 1769 1026 responsionem
1814 955 2142 1027 fecerimus;

555 1048 682 1105 ideo
711 1064 860 1105 nunc
882 1048 1287 1112 ventilabimus,
1317 1063 1447 1102 num
1483 1055 1589 1102 tuae
1638 1057 1831 1103 contra
1859 1048 2018 1105 iidem
2047 1064 2145 1105 no-

554 1154 727 1199 stram
794 1144 1179 1200 accusationes
1252 1152 1308 1199 et
1370 1142 1595 1213 reliquae
1652 1143 2141 1207 contradictiones.

556 1244 707 1291 recte
761 1236 1076 1292 collineent.
1144 1235 1239 1291 Sic
1292 1243 1478 1289 autem
1544 1250 1604 1291 se
1659 1235 1825 1291 habet
1875 1236 2142 1307 scriptum

558 1338 712 1381 tuum
737 1341 751 1380 :
789 1326 965 1382 «Deus
993 1335 1078 1382 est
1106 1342 1269 1390 unus,
1301 1326 1574 1381 neminem
1602 1326 1810 1381 habens
1834 1327 2146 1382 communi-

556 1426 771 1472 cantem
822 1418 1079 1487 potestati
1128 1432 1242 1473 suae
1292 1436 1306 1473 ε

553 1526 662 1565 non
692 1510 879 1576 habet,
912 1509 1034 1565 ideo
1080 1525 1150 1565 ne
1197 1509 1370 1564 ﬁlium
1421 1510 1641 1580 quidem
1700 1510 1880 1565 habet.
1921 1529 1940 1563 ›
1978 1510 2145 1566 Miror

551 1599 801 1669 equidem
839 1599 967 1655 talia
992 1609 1099 1655 ate
1134 1600 1301 1656 scribi
1352 1615 1573 1671 :neque
1604 1600 1751 1655 enim
1786 1598 1967 1667 video,
1995 1616 2145 1672 qua:-

552 1707 679 1746 nam
740 1691 813 1746 sit
866 1693 1169 1749 necessitas
1233 1693 1737 1749 communicantem
1794 1694 1962 1750 veluti
2029 1692 2143 1749 Deo

549 1783 701 1838 Patri
736 1795 831 1839 aut
886 1786 1044 1857 regni
1094 1785 1400 1856 adiutorem
1456 1785 1651 1841 Filium
1691 1788 2048 1854 constituere,
2086 1796 2143 1841 et

1357 1426 1411 1473 et
1463 1418 1593 1489 quia
1642 1418 2143 1474 communit-antem

2249 587 2429 657 δόγμα
2457 586 2638 658 ἡμῶν,
2684 584 2760 649 ὡς
2806 584 2953 650 εἰκὸς
3002 581 3092 657 ἦν,
3156 588 3274 649 ταῖς
3324 587 3610 654 ἀποδείξεσι
3636 610 3763 649 κατα-

2254 679 2633 744 σκευαστικῶς
2670 678 3045 749 προσάγεσθαι
3092 678 3339 749 μεγάλως
3384 698 3442 734 τε
3489 692 3766 758 πεπραγμά.

2249 789 2437 826 τευται
2471 772 2574 842 (4),
2630 772 2729 826 καὶ
2757 772 2945 840 σαφῶς
2984 771 3299 841 ὲξήνυσται,
3353 775 3436 826 ἵνα
3475 774 3546 846 μὴ
3573 776 3766 850 δόξωμεν

2249 863 2367 916 νυνὶ
2399 850 2695 935 παρέλκειν
2733 864 2790 916 ὲν
2835 861 2914 933 τῷ
2952 864 3186 933 γράφειν
3218 879 3319 929 σοι,
3366 864 3519 931 μόνον
3563 868 3657 923 ἀπὸ
3684 871 3768 929 τῶν

2251 954 2555 1010 σταλέντων
2584 957 2717 1027 ἡμῖν
2760 956 2849 1009 ἐπ’
2880 956 3161 1026 ἀνατροπῇ
3197 955 3294 1025 τῆς
3343 954 3462 1008 καθ’
3494 958 3630 1028 ἡμᾶς
3652 962 3769 1033 ἀμώ-

2251 1063 2355 1117 μου
2382 1047 2642 1112 πίστεως,
2679 1046 2779 1110 τάς
2816 1047 3172 1119 ἀντιρρήσεις
3202 1047 3555 1118 ποιησόμεθα·
3596 1052 3666 1107 διὸ
3699 1060 3770 1111 καὶ

2247 1138 2297 1189 εἰ
2326 1137 2636 1202 εὐθυόόλως
2656 1137 2719 1191 αἴ
2744 1154 2804 1190 τε
2830 1138 2931 1207 τῆς
2965 1138 3205 1201 πίστεως
3237 1138 3394 1209 ἡμῶν
3425 1139 3669 1208 διαϐολαὶ,
3702 1150 3771 1202 καὶ

2247 1227 2304 1280 αἱ
2332 1226 2519 1280 λοιπαὶ
2544 1228 2900 1300 ἀντιρρήσεις
2924 1244 3018 1281 σου
3037 1226 3275 1298 ἔχουσιν,
3296 1221 3399 1282 ὧδε
3431 1230 3773 1306 ἐπισκεψώμε.

2247 1317 2335 1372 θα·
2369 1318 2483 1389 ἔχει
2514 1318 2572 1373 δὲ
2616 1320 2678 1372 τὸ
2710 1319 2803 1374 σὺν
2835 1320 3073 1391 γράμμα
3106 1318 3310 1385 οὕτως*
3344 1339 3363 1371 ι
3392 1320 3520 1386 Θεός
3546 1325 3674 1379 ἐστιν
3695 1323 3771 1396 εἷς,

2245 1410 2504 1465 κοινωνὸν
2556 1411 2631 1482 μὴ
2666 1410 2805 1483 ἔχων
2851 1411 2952 1480 τῆς
2990 1411 3157 1467 αὑτοῦ
3204 1411 3471 1478 ἐξουσίας·
3512 1416 3598 1469 καὶ
3636 1417 3710 1472 διὰ
3732 1422 3776 1475 τδ

2247 1504 2321 1575 μὴ
2353 1503 2499 1575 ἔχειν
2531 1504 2809 1569 κοινωνὸν,
2845 1503 2945 1557 οὐκ
2974 1502 3133 1574 ἔσχεν
3166 1503 3292 1557 οὐδὲ
3320 1505 3505 1561 παῖδα..
3542 1526 3559 1558 ι
3593 1508 3774 1582 Θαυμά-

2245 1594 2358 1660 ζειν
2389 1613 2480 1666 μοι
2516 1595 2699 1649 ἔπεισι
2753 1594 2982 1649 τοιαῦτα
3021 1596 3331 1666 γράφοντός
3391 1614 3515 1651 σου·
3565 1602 3670 1656 οὐδὲ
3693 1606 3774 1675 γὰρ

2246 1689 2459 1762 συνορῶ
2492 1689 2586 1743 ἐπὶ
2620 1688 2714 1743 τοῦ
2745 1687 2882 1742 Θεοῦ
2915 1687 3011 1743 καὶ
3058 1688 3292 1762 Πατρὺς,
3332 1689 3415 1754 τίς
3448 1692 3480 1761 ὴ
3511 1691 3696 1766 ἀνάγκη
3721 1698 3774 1761 ὡς

2244 1783 2502 1836 κοινωνόν
2529 1799 2676 1859 τινα,
2717 1781 2855 1853 ἢὼς
2892 1782 3154 1851 συνεργὸν
3196 1782 3299 1851 τῆς
3335 1783 3524 1837 ἑαυτοῦ
3552 1785 3775 1855 βασιλείας

551 1875 782 1946 hujusce
830 1877 1048 1947 generis
1096 1878 1202 1933 alia
1238 1894 1266 1932 a
1322 1886 1375 1933 te
1404 1894 1546 1948 saepe
1585 1879 1884 1948 praposila.
1921 1879 2133 1935 Etenim

2243 1873 2334 1927 τὸν
2383 1872 2579 1927 ἑαυτοῦ
2608 1858 2752 1927 ίΥἰὸν
2780 1872 3123 1941 εἰσάγεσθαι,
3156 1873 3252 1927 καὶ
3282 1874 3387 1929 ὅσα
3438 1879 3777 1950 τοιαυτότροπα

551 1985 675 2024 cum
707 1968 851 2023 Deus
892 1967 1056 2024 Pater
1117 1968 1317 2024 Filium
1350 1986 1506 2024 suum
1548 1985 1646 2040 per
1675 1970 1858 2026 omnia
1898 1971 2132 2027 similem

552 2057 771 2122 habeat,
818 2067 1044 2127 excepta
1079 2057 1423 2114 innativitate
1460 2068 1514 2114 et
1549 2059 1865 2124 nativitate;
1899 2074 2137 2132 cumque

550 2165 654 2205 nos
682 2150 1044 2205 conﬁteantur
1086 2168 1192 2206 non
1235 2168 1355 2208 esse
1396 2152 1594 2207 Filium
1630 2152 1776 2208 Patri
1826 2157 2136 2211 communi-

550 2251 795 2306 cantem,
834 2243 1020 2297 nescio
1060 2245 1335 2312 quomodo
1386 2260 1487 2299 nos
1526 2244 1716 2300 fallere
1745 2247 1915 2315 velis;
1950 2248 2033 2303 vel
2077 2258 2133 2304 tu

549 2333 667 2401 ipse
698 2334 939 2403 propriis
970 2336 1165 2404 pennis
1212 2336 1467 2406 capiaris.
1511 2334 1609 2389 Est
1656 2336 1804 2390 enim
1853 2337 2134 2408 sophisma

547 2434 701 2478 tuum
735 2425 1046 2493 hujusmodi
1083 2444 1096 2480 :
1136 2428 1191 2483 Si
1226 2430 1336 2483 duo
1402 2428 1651 2499 quaedam
1704 2432 1839 2497 sint,
1881 2440 1936 2487 et
1964 2447 2134 2486 unum

544 2517 721 2588 pluris
764 2518 857 2584 sit,
908 2512 1055 2575 aliud
1097 2521 1351 2585 minoris,
1402 2522 1548 2577 velut
1587 2521 1752 2578 homo
1792 2532 1847 2578 et
1889 2522 2133 2593 animal;

546 2625 784 2680 namque
837 2610 1004 2667 homo
1066 2613 1297 2669 minoris
1343 2600 1473 2678 est,
1510 2629 1675 2684 quam
1733 2614 1974 2682 animal;
2006 2616 2135 2687 quia

545 2700 788 2756 vicissim
818 2718 926 2756 non
964 2703 1235 2758 alternat:
1265 2707 1466 2760 animal
1491 2716 1673 2761 autem
1703 2708 1878 2778 pluris
1900 2719 2019 2775 est;
2050 2709 2136 2765 his

543 2794 617 2848 ita
655 2808 715 2849 se
736 2794 1088 2860 habentibus,
1116 2797 1282 2851 veluti
1328 2798 1374 2853 si
1409 2799 1577 2853 homo
1607 2808 1711 2863 est,
1753 2799 1954 2855 animal
1992 2816 2136 2871 quo-

543 2902 648 2956 que
678 2896 794 2953 est;
828 2903 937 2943 non
974 2898 1179 2954 autem,
1231 2890 1277 2945 si
1327 2891 1532 2945 animal
1578 2900 1684 2957 est,
1726 2891 1891 2947 homo
1917 2908 2138 2963 quoque

541 2987 663 3046 est;
693 2979 740 3034 si
779 2979 1004 3035 animali
1037 2982 1358 3045 exsistente,
1421 2983 1570 3039 dicat
1606 2984 1808 3055 aliquis
1855 2985 2134 3041 hominem

544 3085 766 3141 quoque
788 3087 946 3140 esse;
977 3072 1067 3127 hic
1099 3074 1526 3144 paralogismum
1555 3075 1705 3139 facit,
1733 3077 1864 3147 quia
1896 3077 1999 3134 ista
2025 3094 2135 3135 non

540 3164 836 3233 alternaut,
869 3183 1049 3238 neque
1076 3168 1312 3225 invicem
1343 3183 1777 3243 consequuntur.

2240 1964 2504 2025 πολλάκις
2537 1966 2793 2036 γράφεις·
2829 1964 2923 2019 τὸν
2970 1965 3081 2038 γὰρ
3116 1965 3253 2020 Θεὸν
3317 1968 3412 2020 καὶ
3466 1968 3665 2039 Πατέρα
3708 1972 3773 2025 τὸν

2239 2054 2431 2109 ἑαυτοῦ
2468 2055 2596 2109 Υἱὸν
2644 2057 2788 2111 κατά
2826 2057 3008 2111 πάντα
3046 2058 3232 2129 ὅμοιον
3290 2057 3503 2127 ἔχοντα,
3558 2060 3680 2130 πλὴν
3703 2063 3774 2130 τῆς

2238 2147 2569 2219 ἀγεννησίας
2611 2150 2704 2200 καὶ
2744 2150 2844 2218 τῆς
2876 2147 3210 2218 γεννήσεως,
3258 2146 3418 2218 ἡμῶν
3453 2147 3505 2200 δὲ
3538 2148 3651 2218 μηδ’
3668 2149 3773 2210 ὅλως

2237 2240 2645 2312 ὁμολογούντων
2682 2241 2940 2296 κοινωνὸν
2969 2241 3097 2296 ὅντα
3136 2241 3230 2295 τοῦ
3276 2242 3489 2313 [ἰατρὸς
3533 2243 3615 2297 τὸν
3655 2243 3770 2309 Υἱδν,

2236 2333 2337 2387 οὐκ
2392 2329 2488 2387 οἷδ’
2538 2335 2690 2396 ὅπως
2732 2336 2882 2404 ἡμᾶς
2935 2335 3318 2408 παραλογίζῃ,
3374 2336 3407 2408 ἢ
3457 2338 3664 2391 σεαυτὸν
3692 2342 3774 2402 τοῖς

2238 2419 2435 2478 ἑαυτοῦ
2471 2429 2691 2496 πτεροῖς
2712 2425 2932 2498 ἁλίσκῃ·
2967 2425 3083 2481 ἐστι
3111 2427 3219 2499 γάρ
3243 2444 3341 2481 σου
3373 2427 3605 2499 σόφισμα
3635 2429 3771 2483 τοιοῦ-

2237 2534 2351 2570 τονο
2401 2517 2528 2573 Ἐὰν
2557 2517 2652 2572 δύο
2681 2518 2806 2572 τινά
2852 2511 2978 2586 ὦσι,
3012 2519 3107 2573 καλ⁵
3135 2519 3197 2574 τὺ
3245 2519 3349 2588 μὲν
3377 2521 3636 2585 ὲπιπλέον,
3664 2521 3712 2574 τὸ
3732 2522 3773 2575 δὲ

2238 2610 2556 2677 ὲπέλαττον,
2586 2605 2698 2665 οἷον
2724 2613 2751 2666 ὅ
2779 2630 2839 2666 τε
2870 2611 3159 2683 ἄνθρωπος
3204 2613 3304 2666 καὶ
3339 2612 3496 2678 ζῶον·
3543 2615 3569 2668 ὁ
3596 2614 3678 2684 μὲν
3696 2614 3775 2683 γὰρ

2239 2702 2530 2775 ἄνθρωπος
2575 2704 2870 2760 ὲπέλαττόν
2900 2706 3016 2759 ἐστι
3050 2704 3146 2759 τοῦ
3181 2705 3349 2770 ζώου·
3383 2706 3502 2760 οὐδὲ
3541 2706 3640 2777 γὰρ
3664 2707 3771 2759 ἀντι-

2240 2795 2484 2865 στρέφει·
2510 2796 2570 2849 τὺ
2592 2795 2649 2849 δὲ
2699 2793 2841 2860 ζῶον
2876 2797 3157 2851 ὲπιπλέοψ
3194 2796 3391 2851 τούτου
3420 2797 3475 2852 δὲ
3513 2798 3669 2862 ὄντος,
3692 2790 3774 2850 οἷον

2237 2886 2337 2941 τοῦ
2371 2887 2689 2958 ἀνθρώπου,
2716 2888 2878 2959 δῆλον
2912 2889 3006 2943 καὶ
3035 2890 3097 2943 τὸ
3125 2887 3267 2955 ζῶόν
3296 2891 3466 2942 ἐστιν·
3501 2890 3559 2945 οὐ
3590 2889 3680 2961 μὴν
3704 2886 3773 2942 τοῦ

2239 2980 2381 3046 ζὼου
2431 2980 2604 3046 ὄντος,
2638 2984 2735 3036 καὶ
2770 2984 2799 3036 ὁ
2836 2983 3147 3053 ἄνθρωπος·
3176 2978 3304 3036 εἶτα
3348 2981 3442 3037 τοῦ
3477 2981 3605 3047 ζώου
3628 2981 3772 3045 ὄντος,

2240 3076 2469 3147 φήσειέν
2504 3094 2589 3139 τις
2632 3076 2727 3130 καὶ
2763 3075 2855 3130 τὸν
2880 3076 3171 3149 ἄνθρωπον
3207 3070 3375 3140 εἶναι,
3408 3077 3497 3130 τὸν
3528 3073 3773 3145 παραλογιι

2242 3164 2381 3235 σμὺν
2423 3167 2586 3231 ποιεῖ,
2627 3165 2780 3237 παρά
2822 3166 2884 3220 τὸ
2937 3165 3014 3237 μὴ
3068 3165 3459 3237 ἀντιστρέφον,
3490 3162 3655 3219 καὶτὸ
3685 3160 3777 3215 ἑπό-

2241 3273 2408 3328 μενον
2438 3256 2583 3311 οὕτω
2614 3258 2976 3329 καλούμενον.

540 3396 658 3451 Hoc
685 3392 802 3450 loco
836 3397 1022 3470 repetit
1053 3396 1477 3470 Nicetos‘totupt
1505 3396 1797 3470 articulum
1821 3412 2025 3470 uanum
2065 3394 2266 3464 priori:
2320 3396 2577 3470 epistolae,
2610 3412 2793 3466 nempe
2841 3415 2874 3451 a
2923 3399 3095 3453 verbis
3145 3398 3394 3453 τοιοῦτόν
3441 3417 3493 3454 τι
3543 3414 3686 3470 usque
3725 3398 3776 3451 ad

945 3469 1038 3520 ἐπὶ
1067 3468 1164 3539 τῆς
1202 3465 1367 3534 ἁγίας
1397 3467 1630 3537 Τριάδος
1657 3467 1924 3521 τίθεσθαι.
1957 3464 2073 3521 Nos
2105 3482 2132 3519 υ

2251 3467 2572 3533 omittimus,
2593 3485 2657 3523 ne
2692 3464 2872 3523 aetum
2905 3485 3059 3540 agere
3087 3470 3388 3525 uideamur.

612 3584 667 3637 2.
710 3581 840 3637 Item
871 3580 1029 3636 aliter
1063 3600 1076 3637 :
1113 3601 1131 3634 ι
1171 3581 1314 3638 Deus
1350 3599 1493 3639 unus
1521 3594 1624 3651 est,
1651 3600 1757 3639 non
1791 3585 2002 3640 habens
2030 3584 2128 3639 ali-

541 3691 708 3747 quem
745 3676 1244 3731 communicantem
1274 3678 1530 3746 potestati
1557 3695 1691 3734 suae.
1736 3699 1754 3731 ι
1783 3678 1939 3745 Quod
1991 3679 2135 3735 Deus

541 3784 688 3823 unus
718 3767 789 3820 sit
818 3768 1166 3832 universalis,
1200 3770 1291 3838 qui
1342 3770 1556 3826 cunctis
1585 3770 1746 3826 rebus
1773 3780 1828 3825 et
1862 3771 2129 3827 evsisten-

540 3856 672 3910 tiam
712 3854 903 3909 tribuit
933 3862 987 3909 et
1022 3865 1229 3910 rectum
1265 3866 1490 3922 statum,
1514 3857 1905 3928 neminemque
1936 3858 2135 3914 habeat

541 3946 1044 4003 communicantem
1071 3955 1166 4001 aut
1187 3947 1516 4018 adiutorem,
1550 3958 1610 4004 ut
1636 3958 1692 4005 tu
1714 3950 1884 4017 dicis,
1910 3966 1940 4005 a
1973 3951 2133 4007 nobis

540 4039 750 4110 pariter
782 4040 835 4094 in
891 4040 1275 4111 superioribus
1324 4041 1761 4098 demonstratum
1804 4042 1927 4108 fuit,
1966 4051 2134 4113 atque

541 4133 618 4187 ita
641 4132 973 4188 conﬁtemur
991 4134 1354 4192 etcredimns.
1387 4135 1541 4203 Quod
1578 4146 1759 4191 autem
1796 4136 1885 4191 ille
1911 4137 2135 4207 quoque

543 4237 576 4277 a
619 4223 777 4279 nobis
835 4224 1076 4279 creditus
1130 4222 1302 4280 Filius
1365 4241 1431 4281 ac
1491 4226 1636 4283 Deus
1676 4243 1862 4293 verus,
1890 4243 2045 4297 aeque
2069 4242 2135 4283 ac

540 4314 687 4368 Deus
737 4313 919 4380 Pater,
978 4314 1122 4370 Deus
1180 4331 1322 4371 unus
1379 4332 1506 4372 cum
1562 4316 1722 4373 Patre
1768 4333 1833 4373 ac
1865 4318 2070 4389 Spiritu
2103 4334 2133 4373 a

542 4405 704 4460 nobis
736 4406 975 4470 dicatur,
1008 4424 1118 4464 non
1160 4418 1420 4479 tanquam
1454 4411 1867 4466 communicans
1900 4409 2046 4466 Patri
2069 4427 2133 4467 ac

543 4495 808 4564 Spiritui;
852 4511 1031 4567 neque
1070 4506 1330 4569 tanquam
1384 4499 1547 4553 unius
1578 4500 1853 4569 principii,
1887 4509 1942 4555 et
1968 4501 2133 4557 unius

542 4587 662 4654 Dei,
686 4588 781 4659 qui
818 4589 873 4643 in
896 4588 1062 4646 Patre
1092 4599 1147 4646 et
1184 4589 1325 4645 Filio
1362 4600 1417 4647 et
1456 4591 1665 4662 Spiritu
1698 4603 1891 4648 sancto
1915 4605 2133 4662 specta-

2312 3583 2375 3655 β’.
2412 3585 2524 3639 Καὶ
2555 3584 2732 3649 ἄλλως
2749 3600 2762 3615 °
2800 3604 2817 3638 ι
2842 3584 2976 3649 Θεός
3002 3586 3152 3641 ἐστιν
3178 3582 3283 3649 εἷς,
3301 3586 3556 3642 κοινωνὸν
3588 3586 3652 3656 μὴ
3674 3584 3778 3655 ἔχων

2236 3680 2338 3748 τῆς
2363 3678 2529 3731 αὐτοῦ
2560 3676 2829 3743 ἐξουσίας.
2868 3696 2888 3729 ι
2944 3679 3066 3732 ’Ότι
3109 3679 3209 3749 μὲν
3239 3674 3326 3744 εἷς
3384 3679 3515 3744 Θεός
3544 3683 3674 3733 ἐστιν
3711 3677 3776 3729 ἐπὶ

2237 3771 2460 3825 πάντων
2513 3775 2625 3835 τοῖς
2666 3767 2820 3825 οὖσιν
2858 3770 3087 3836 ἅπασιν,
3131 3771 3193 3826 τό
3231 3789 3291 3825 τε
3344 3772 3530 3836 ἁπλῶς
3565 3767 3778 3825 εἶναικαὶ

2233 3863 2297 3916 τὸ
2326 3859 2386 3916 εὖ
2413 3860 2795 3933 χαριζόμενος,
2814 3863 2909 3917 καὶ
2936 3863 3113 3917 οὐδενὶ
3143 3863 3251 3916 τῶν
3282 3862 3456 3917 ὄντων
3483 3863 3541 3916 τὸ
3569 3859 3777 3932 παράπαν

2234 3953 2493 4007 κοινωνὸν
2525 3953 2558 4025 ἢ
2598 3953 2882 4024 συνεργὸν,
2916 3954 2992 4018 ὡς
3043 3954 3107 4008 σὺ
3136 3956 3262 4025 φὴς,
3322 3955 3667 4025 κεκτημένος,
3709 3948 3779 4002 καὶ

2231 4045 2492 4117 ἀνωτέρω
2525 4044 2658 4116 παρ’
2697 4044 2860 4116 ἡμῶν
2910 4046 3294 4100 ἀποδέδεικται
3342 4048 3438 4102 καὶ
3482 4044 3776 4116 ὡμολόγηται

2231 4141 2327 4193 καὶ
2355 4139 2713 4195 πεπίστευται
2734 4157 2749 4172 ⁸
2781 4141 2863 4195 ὅτι
2901 4141 2957 4194 δὲ
2991 4140 3085 4195 καὶ
3116 4142 3143 4194 ό
3175 4142 3310 4212 παρ’
3345 4141 3504 4211 ἡμῶν
3537 4140 3653 4202 Υἱὸς
3675 4132 3778 4188 Θεοῦ

2237 4232 2659 4301 πιστευόμενος,
2683 4232 2777 4286 xal.
2805 4233 2938 4296 Θεὸς
2965 4232 3215 4302 ἀληθινὸς
3268 4231 3347 4287 ὢν
3368 4233 3463 4287 καὶ
3490 4231 3658 4291 αὐτὸς.
3686 4224 3779 4280 καθ’

2235 4323 2272 4378 ἃ
2293 4322 2388 4377 καὶ
2408 4324 2438 4376 ό
2470 4321 2679 4390 Πατὴρ,
2709 4322 2804 4376 καὶ
2833 4320 2968 4383 Θεὸς
2998 4316 3080 4383 εἷς
3115 4320 3253 4391 μετά
3284 4320 3499 4391 Has-pb;
3526 4318 3615 4372 καὶ
3652 4311 3781 4369 Ilvati-

2244 4430 2414 4485 ματος
2446 4414 2578 4482 παρ’
2608 4411 2765 4482 ἡμῶν
2804 4412 2988 4476 καλῶς
3023 4411 3470 4483 θεολογούμενος,
3497 4410 3589 4478 οὐχ
3614 4407 3677 4469 ὡς
3697 4420 3780 4457 κοι-

2242 4504 2410 4567 νωνὸς
2441 4503 2537 4556 τοῦ
2568 4502 2705 4557 Θεοῦ
2756 4503 2849 4556 καὶ
2880 4501 3116 4574 Πατρδς,
3168 4501 3293 4555 οὔτε
3346 4502 3447 4572 τῆς
3482 4501 3601 4571 μιᾶς
3646 4494 3781 4566 ἀρχῆς

2241 4594 2337 4646 καὶ
2368 4592 2460 4645 τοῦ
2491 4593 2609 4656 ἑνὸς
2638 4592 2774 4645 Θεοῦ
2808 4592 2902 4646 τοῦ
2951 4593 3011 4645 ὲν
3062 4593 3238 4663 Harp!
3289 4592 3391 4645 καὶ
3429 4589 3537 4661 Υἱῷ
3566 4590 3644 4641 καὶ
3673 4584 3781 4651 ἁγίῳ

543 4686 652 4744 tur,
685 4688 741 4733 et
768 4678 843 4733 sit
873 4687 927 4733 et
954 4692 984 4732 a
1020 4678 1180 4734 nobis
1206 4679 1521 4745 inducatur,
1555 4681 1625 4734 ita
1667 4682 1724 4735 lit
1756 4681 1973 4751 planum
2004 4681 2135 4737 :llle

2242 4681 2522 4751 Πνεύματι
2554 4682 2955 4753 Θεωρουμένου,
2982 4681 3097 4735 ἐστι
3130 4682 3224 4737 καὶ
3252 4684 3386 4753 παρ’
3421 4681 3574 4753 ἡμῶν
3614 4676 3782 4768 εἰσάγε-

540 4767 636 4838 qui
670 4783 699 4822 a
735 4769 898 4824 nobis
924 4770 1013 4825 Dei
1048 4768 1220 4827 Filius
1245 4786 1309 4826 ac
1328 4771 1468 4827 Deus
1499 4787 1662 4827 verus
1702 4774 1921 4838 dicitur,
1951 4775 1996 4828 si
2027 4784 2132 4839 est,

542 4868 604 4914 ut
630 4871 686 4915 tu
714 4862 818 4926 ais,
850 4864 958 4917 Deo
984 4864 1421 4928 communicatis,
1453 4865 1505 4918 id
1547 4873 1650 4930 est,
1680 4866 1728 4919 ei
1779 4866 1871 4936 qui
1904 4884 1933 4921 a
1975 4867 2134 4923 nobis

542 4947 690 5004 Deus
717 4963 782 5005 ac
821 4947 986 5005 Pater
1018 4953 1358 5022 appellatur;
1395 4952 1476 5007 vel
1526 4952 1619 5005 uni
1659 4955 1930 5024 principio
1960 4966 2013 5010 et
2039 4957 2132 5010 uni

543 5035 681 5099 Deo,
718 5039 813 5107 qui
842 5040 895 5093 in
929 5038 1092 5096 Patre
1138 5052 1193 5096 et
1243 5041 1383 5097 Filio
1425 5053 1479 5098 et
1530 5042 1736 5114 Spiritu
1774 5057 1972 5101 sancto
2006 5061 2133 5116 spe-

545 5138 746 5183 ctatur.
785 5130 891 5184 Sed
918 5131 963 5186 si
1005 5133 1227 5202 quidem
1266 5135 1357 5189 uni
1402 5134 1513 5190 Deo
1541 5137 1634 5207 qui
1680 5139 1733 5192 in
1762 5135 1922 5193 Patre
1961 5148 2015 5193 et
2046 5140 2133 5193 Fi-

540 5219 618 5277 lio
671 5236 737 5277 ac
790 5222 997 5293 Spiritu
1057 5237 1248 5280 sancto
1314 5222 1629 5296 spectatur;
1687 5232 2124 5286 demonstratum

541 5321 725 5368 autem
759 5312 858 5368 fuit
884 5330 915 5369 a
943 5315 1101 5370 nobis
1143 5316 1194 5369 in
1242 5319 1443 5386 prioris
1497 5320 1744 5390 epistolae
1788 5333 1893 5376 tute
1924 5321 2131 5376 refuta-

539 5405 708 5471 tione,
739 5420 907 5460 unum
939 5421 1061 5463 esse
1087 5406 1277 5475 Deut»,
1316 5425 1597 5480 unumque
1625 5413 1975 5482 principium,
2001 5431 2127 5469 cum

519 5496 703 5552 'Patrc
722 5513 788 5554 ac
816 5500 1020 5569 Spiritu
1055 5510 1268 5567 sancto,
1318 5501 1518 5558 Filium
1560 5506 1653 5576 qui
1699 5519 1753 5562 et
1785 5509 1857 5561 ita
1896 5516 1981 5564 est
2013 5517 2067 5563 et
2098 5524 2130 5564 a

545 5586 704 5645 nobis
742 5589 880 5645 bene
909 5592 1051 5647 Deus
1083 5593 1424 5662 appellatur;
1460 5611 1591 5665 ergo
1632 5597 1706 5651 ita
1734 5598 2005 5668 contingit
2034 5597 2129 5652 Fi-

575 5837 586 5848 .
616 5768 695 5837 (4)
735 5766 881 5824 Dicit
910 5770 1056 5851 illam
1081 5770 1408 5851 Christiana:
1442 5773 1722 5851 religionis
1772 5776 2119 5851 demonstra-

551 5845 775 5906 tionem,
806 5845 1125 5912 quauripse
1169 5846 1496 5912 repetiverat
1535 5847 1592 5904 in
1637 5847 1819 5915 priore
1871 5850 2123 5919 epistola,

2236 4790 2349 4837 ται,
2381 4766 2483 4826 ὧΞε
2512 4773 2702 4843 δῆλον·
2754 4774 2811 4826 '0
2854 4774 2983 4845 παρ’
3031 4776 3167 4845 ἡμῖν
3211 4774 3342 4838 Υἱὸς
3372 4772 3507 4828 Θεοῦ
3560 4771 3646 4825 καὶ
3681 4765 3783 4826 Θεὸς

2236 4866 2491 4937 ἀληθινὸς
2523 4867 2775 4937 θεολογού
2784 4885 2966 4937 μενος,
2990 4867 3152 4937 εἴπερ
3174 4869 3296 4921 ἐστὶ
3328 4868 3473 4922 κατὰ
3498 4866 3554 4920 σὲ
3574 4858 3783 4919 κοινωνὸς

2234 4956 2331 5010 τοῦ
2355 4956 2515 5023 Θεοῦ,
2545 4958 2665 5028 ἤτοι
2698 4958 2794 5012 τοῦ
2821 4960 2954 5031 παρ’
2979 4960 3113 5030 ἡμῖν
3139 4958 3277 5012 Θεοῦ
3300 4957 3398 5011 καὶ
3424 4955 3625 5025 Πατρὸς
3649 4964 3782 5018 πρεσο

2235 5048 2556 5119 δευομένου,
2587 5050 2741 5119 ῆτῆς
2775 5053 2904 5120 μιᾶς
2933 5052 3108 5122 ἀρχῆς
3149 5052 3247 5104 καὶ
3272 5049 3369 5103 τοῦ
3414 5050 3533 5113 ἑνὸς
3566 5042 3687 5100 Θεοῦ
3712 5037 3781 5094 τοῦ

2234 5142 2295 5194 ὲν
2322 5142 2497 5214 Πατρὶ
2518 5144 2614 5195 καὶ
2637 5142 2754 5214 Υἱῷ
2779 5145 2873 5198 καὶ
2907 5144 3050 5213 ἁγίῳ
3101 5142 3384 5214 Πνεύματι
3413 5136 3777 5211 Θεωρουμένου·

2233 5233 2350 5288 ἀλλ’
2373 5235 2422 5287 εί
2447 5234 2548 5304 μὲν
2582 5234 2678 5288 τοῦ
2712 5235 2831 5300 ἑνὸς
2869 5234 3007 5289 Θεοῦ
3041 5235 3136 5288 τοῦ
3175 5237 3234 5288 ὲν
3273 5234 3450 5304 Πατρὶ
3476 5228 3567 5285 κὰὶ
3589 5226 3688 5297 Υίῷ
3711 5221 3780 5276 καὶ

2236 5326 2379 5397 ἁγίῳ
2422 5326 2699 5397 Ππνεύματι
2735 5321 3142 5399 θεωρουμένου,
3176 5325 3551 5381 ἀποδέδεικται
3579 5321 3629 5373 δὲ
3678 5317 3780 5386 ἡμῖν

2236 5421 2295 5472 ὲν
2324 5421 2392 5490 τῇ
2425 5420 2746 5493 ἀντιρῤήσει
2777 5421 2875 5491 τῆς
2910 5420 3183 5491 προτέρας
3233 5435 3326 5473 σου
3384 5414 3678 5482 ἐπιστολῆς,
3709 5415 3771 5469 ὅτι

2235 5504 2314 5575 εἷς
2350 5511 2483 5574 Θεὸς
2530 5513 2625 5565 καὶ
2688 5513 2788 5582 μία
2828 5512 2972 5583 ἀρχὴ
3015 5513 3044 5564 ὀ
3092 5512 3220 5575 Υἱὸς
3273 5511 3415 5581 μετά
3467 5506 3664 5576 Πατρέες
3708 5499 3779 5553 καὶ

2238 5601 2558 5672 Πνεῦματος
2587 5603 2746 5673 ἁγίου
2781 5606 2876 5656 καὶ
2907 5603 3022 5656 ἔστι
3054 5605 3149 5657 καὶ
3177 5604 3306 5674 παρ’
3330 5601 3488 5672 ἡμῶν
3504 5596 3668 5658 καλῶς
3684 5591 3775 5646 050-

2230 5781 2324 5855 sed
2352 5796 2453 5855 nos
2493 5792 2681 5855 utpote
2715 5785 2827 5853 jam
2869 5785 2922 5839 in
2955 5784 3239 5855 superiore
3272 5799 3457 5852 Opere,
3496 5779 3594 5836 hoc
3612 5770 3765 5832 eodem

2233 5852 2512 5910 volumine
2540 5852 2766 5923 editam,
2795 5852 3106 5913 neceSsai'io
3137 5857 3450 5912 omisimus.
