  <div class='ocr_page' id='page_1' title='image "/cluster/home/n/w/nwhite01/storage/ocr_20150623/105/coo.31924054870096/432.png"; bbox 0 0 4048 6410; ppageno 0'>
   <div class='ocr_carea' id='block_1_1' title="bbox 285 415 385 481">
    <p class='ocr_par' dir='ltr' id='par_1_1' title="bbox 285 415 385 481">
     <span class='ocr_line' id='line_1_1' title="bbox 285 415 385 481; baseline 0 -1"><span class='ocrx_word' id='word_1_1' title='bbox 285 415 385 481; x_wconf 77' lang='lat'><strong>835</strong></span> 
     </span>
    </p>
   </div>
   <div class='ocr_carea' id='block_1_2' title="bbox 1453 392 2409 481">
    <p class='ocr_par' dir='ltr' id='par_1_2' title="bbox 1453 392 2409 481">
     <span class='ocr_line' id='line_1_2' title="bbox 1453 392 2409 481; baseline -0.002 -1"><span class='ocrx_word' id='word_1_2' title='bbox 1453 418 1893 481; x_wconf 80' lang='lat' dir='ltr'><strong>REFUTATIO</strong></span> <span class='ocrx_word' id='word_1_3' title='bbox 1927 392 2409 481; x_wconf 79' lang='lat' dir='ltr'><strong>MOHAMEDIS.</strong></span> 
     </span>
    </p>
   </div>
   <div class='ocr_carea' id='block_1_3' title="bbox 3450 416 3556 480">
    <p class='ocr_par' dir='ltr' id='par_1_3' title="bbox 3450 416 3556 480">
     <span class='ocr_line' id='line_1_3' title="bbox 3450 416 3556 480; baseline 0.028 -3"><span class='ocrx_word' id='word_1_4' title='bbox 3450 416 3556 480; x_wconf 71' lang='grc'><strong>896</strong></span> 
     </span>
    </p>
   </div>
   <div class='ocr_carea' id='block_1_4' title="bbox 284 527 1881 600">
    <p class='ocr_par' dir='ltr' id='par_1_4' title="bbox 284 529 1881 600">
     <span class='ocr_line' id='line_1_4' title="bbox 284 529 1881 600; baseline -0.004 -15"><span class='ocrx_word' id='word_1_5' title='bbox 284 532 550 600; x_wconf 86' lang='grc' dir='ltr'>λογεῖται·</span> <span class='ocrx_word' id='word_1_6' title='bbox 587 529 636 583; x_wconf 79' lang='grc' dir='ltr'><strong>εί</strong></span> <span class='ocrx_word' id='word_1_7' title='bbox 667 529 725 584; x_wconf 79' lang='grc' dir='ltr'><strong>δὲ</strong></span> <span class='ocrx_word' id='word_1_8' title='bbox 754 529 933 595; x_wconf 83' lang='grc' dir='ltr'>τοῦτο,</span> <span class='ocrx_word' id='word_1_9' title='bbox 985 530 1276 600; x_wconf 74' lang='grc' dir='ltr'>συμϐαίνει</span> <span class='ocrx_word' id='word_1_10' title='bbox 1322 529 1388 585; x_wconf 82' lang='grc' dir='ltr'>ἂν</span> <span class='ocrx_word' id='word_1_11' title='bbox 1433 531 1463 583; x_wconf 87' lang='lat'><strong>6</strong></span> <span class='ocrx_word' id='word_1_12' title='bbox 1517 531 1646 596; x_wconf 81' lang='grc' dir='ltr'>Υἱὸς</span> <span class='ocrx_word' id='word_1_13' title='bbox 1697 530 1881 593; x_wconf 71' lang='grc' dir='ltr'>αὐτὸς</span> 
     </span>
    </p>
   </div>
   <div class='ocr_carea' id='block_1_5' title="bbox 1988 527 3557 600">
    <p class='ocr_par' dir='ltr' id='par_1_5' title="bbox 1988 527 3557 599">
     <span class='ocr_line' id='line_1_5' title="bbox 1988 527 3557 599; baseline -0.001 -14"><span class='ocrx_word' id='word_1_14' title='bbox 1988 533 2098 586; x_wconf 83' lang='grc' dir='ltr'>ἱιιιη</span> <span class='ocrx_word' id='word_1_15' title='bbox 2148 533 2365 586; x_wconf 86' lang='lat' dir='ltr'><strong>sibimet</strong></span> <span class='ocrx_word' id='word_1_16' title='bbox 2415 545 2539 585; x_wconf 86' lang='lat' dir='ltr'><strong>esse</strong></span> <span class='ocrx_word' id='word_1_17' title='bbox 2581 527 3116 595; x_wconf 89' lang='lat' dir='ltr'><strong>communicantcm;</strong></span> <span class='ocrx_word' id='word_1_18' title='bbox 3169 528 3315 599; x_wconf 87' lang='lat' dir='ltr'><strong>quod</strong></span> <span class='ocrx_word' id='word_1_19' title='bbox 3353 534 3557 584; x_wconf 72' lang='lat' dir='ltr'><strong>estab~</strong></span> 
     </span>
    </p>
   </div>
   <div class='ocr_carea' id='block_1_6' title="bbox 284 618 1862 695">
    <p class='ocr_par' dir='ltr' id='par_1_6' title="bbox 284 618 1862 695">
     <span class='ocr_line' id='line_1_6' title="bbox 284 618 1862 695; baseline 0.001 -20"><span class='ocrx_word' id='word_1_20' title='bbox 284 620 470 676; x_wconf 78' lang='grc' dir='ltr'>ὲαυτοῦ</span> <span class='ocrx_word' id='word_1_21' title='bbox 500 618 641 675; x_wconf 47' lang='grc' dir='ltr'>εῖναι</span> <span class='ocrx_word' id='word_1_22' title='bbox 676 624 951 686; x_wconf 77' lang='grc' dir='ltr'>κοινωνὸς,</span> <span class='ocrx_word' id='word_1_23' title='bbox 996 624 1132 694; x_wconf 82' lang='grc' dir='ltr'>ὅπερ</span> <span class='ocrx_word' id='word_1_24' title='bbox 1169 624 1402 678; x_wconf 77' lang='grc' dir='ltr'>ἄτοπον·</span> <span class='ocrx_word' id='word_1_25' title='bbox 1436 623 1588 677; x_wconf 81' lang='grc' dir='ltr'>οὐδὲν</span> <span class='ocrx_word' id='word_1_26' title='bbox 1611 624 1721 695; x_wconf 76' lang='grc' dir='ltr'><strong>γὰρ</strong></span> <span class='ocrx_word' id='word_1_27' title='bbox 1751 624 1862 677; x_wconf 86' lang='grc' dir='ltr'>τῶν</span> 
     </span>
    </p>
   </div>
   <div class='ocr_carea' id='block_1_7' title="bbox 283 712 1865 787">
    <p class='ocr_par' dir='ltr' id='par_1_7' title="bbox 283 712 1865 787">
     <span class='ocr_line' id='line_1_7' title="bbox 283 712 1865 787; baseline 0.002 -20"><span class='ocrx_word' id='word_1_28' title='bbox 283 715 447 767; x_wconf 76' lang='grc' dir='ltr'>ὄντων</span> <span class='ocrx_word' id='word_1_29' title='bbox 473 712 605 767; x_wconf 81' lang='grc' dir='ltr'>αὐτὸ</span> <span class='ocrx_word' id='word_1_30' title='bbox 631 713 826 768; x_wconf 79' lang='grc' dir='ltr'>ἑαυτοῦ</span> <span class='ocrx_word' id='word_1_31' title='bbox 872 712 1091 783; x_wconf 83' lang='grc' dir='ltr'>λέγεται</span> <span class='ocrx_word' id='word_1_32' title='bbox 1119 712 1258 770; x_wconf 82' lang='grc' dir='ltr'>εἶναι</span> <span class='ocrx_word' id='word_1_33' title='bbox 1286 716 1572 769; x_wconf 87' lang='grc' dir='ltr'>κοινωνόν·</span> <span class='ocrx_word' id='word_1_34' title='bbox 1609 716 1709 769; x_wconf 79' lang='grc' dir='ltr'><strong>οὐκ</strong></span> <span class='ocrx_word' id='word_1_35' title='bbox 1756 715 1865 787; x_wconf 78' lang='grc' dir='ltr'>ἄρα</span> 
     </span>
    </p>
   </div>
   <div class='ocr_carea' id='block_1_8' title="bbox 284 803 1861 877">
    <p class='ocr_par' dir='ltr' id='par_1_8' title="bbox 284 803 1861 877">
     <span class='ocr_line' id='line_1_8' title="bbox 284 803 1861 877; baseline 0.001 -19"><span class='ocrx_word' id='word_1_36' title='bbox 284 807 310 858; x_wconf 87' lang='lat'><strong>6</strong></span> <span class='ocrx_word' id='word_1_37' title='bbox 341 805 467 868; x_wconf 74' lang='grc' dir='ltr'>Υἱὸς</span> <span class='ocrx_word' id='word_1_38' title='bbox 489 803 590 873; x_wconf 74' lang='grc' dir='ltr'>τῆς</span> <span class='ocrx_word' id='word_1_39' title='bbox 624 806 752 873; x_wconf 81' lang='grc' dir='ltr'>μιᾶς</span> <span class='ocrx_word' id='word_1_40' title='bbox 775 807 950 877; x_wconf 77' lang='grc' dir='ltr'>ἀρχῆς</span> <span class='ocrx_word' id='word_1_41' title='bbox 976 808 1069 860; x_wconf 69' lang='grc' dir='ltr'><strong>καὶ</strong></span> <span class='ocrx_word' id='word_1_42' title='bbox 1097 806 1193 860; x_wconf 79' lang='grc' dir='ltr'>τοῦ</span> <span class='ocrx_word' id='word_1_43' title='bbox 1226 806 1505 871; x_wconf 73' lang='grc' dir='ltr'>ὲνδςΘεοῢ</span> <span class='ocrx_word' id='word_1_44' title='bbox 1532 805 1627 860; x_wconf 87' lang='grc' dir='ltr'>τοῦ</span> <span class='ocrx_word' id='word_1_45' title='bbox 1659 809 1717 860; x_wconf 87' lang='grc' dir='ltr'><strong>ὲν</strong></span> <span class='ocrx_word' id='word_1_46' title='bbox 1750 808 1861 860; x_wconf 77' lang='lat' dir='ltr'><strong>Ila:-</strong></span> 
     </span>
    </p>
   </div>
   <div class='ocr_carea' id='block_1_9' title="bbox 284 894 1866 969">
    <p class='ocr_par' dir='ltr' id='par_1_9' title="bbox 284 894 1866 969">
     <span class='ocr_line' id='line_1_9' title="bbox 284 894 1866 969; baseline 0.001 -21"><span class='ocrx_word' id='word_1_47' title='bbox 284 896 365 965; x_wconf 75' lang='grc' dir='ltr'>τρὶ</span> <span class='ocrx_word' id='word_1_48' title='bbox 393 894 489 947; x_wconf 76' lang='grc' dir='ltr'><strong>καὶ</strong></span> <span class='ocrx_word' id='word_1_49' title='bbox 534 894 651 966; x_wconf 83' lang='grc' dir='ltr'><strong>Υίῷ</strong></span> <span class='ocrx_word' id='word_1_50' title='bbox 676 897 772 948; x_wconf 76' lang='grc' dir='ltr'><strong>καὶ</strong></span> <span class='ocrx_word' id='word_1_51' title='bbox 828 896 971 968; x_wconf 80' lang='grc' dir='ltr'>ἁγίῳ</span> <span class='ocrx_word' id='word_1_52' title='bbox 1004 897 1283 968; x_wconf 84' lang='grc' dir='ltr'>Πνεύματι</span> <span class='ocrx_word' id='word_1_53' title='bbox 1323 897 1701 969; x_wconf 85' lang='grc' dir='ltr'><strong>θεωρουμένου</strong></span> <span class='ocrx_word' id='word_1_54' title='bbox 1744 897 1866 950; x_wconf 70' lang='grc' dir='ltr'><strong>ἐστὶ</strong></span> 
     </span>
    </p>
   </div>
   <div class='ocr_carea' id='block_1_10' title="bbox 282 983 1862 1060">
    <p class='ocr_par' dir='ltr' id='par_1_10' title="bbox 282 983 1862 1060">
     <span class='ocr_line' id='line_1_10' title="bbox 282 983 1862 1060; baseline 0.002 -22"><span class='ocrx_word' id='word_1_55' title='bbox 282 985 531 1049; x_wconf 86' lang='grc' dir='ltr'>κοινωνός</span> <span class='ocrx_word' id='word_1_56' title='bbox 559 1001 572 1015; x_wconf 79' lang='grc'><strong><em>⁸</em></strong></span> <span class='ocrx_word' id='word_1_57' title='bbox 600 983 726 1039; x_wconf 73' lang='grc' dir='ltr'>οὔτε</span> <span class='ocrx_word' id='word_1_58' title='bbox 755 987 861 1057; x_wconf 84' lang='grc' dir='ltr'>μὴν</span> <span class='ocrx_word' id='word_1_59' title='bbox 898 987 993 1040; x_wconf 81' lang='grc' dir='ltr'>τοῦ</span> <span class='ocrx_word' id='word_1_60' title='bbox 1023 987 1160 1041; x_wconf 78' lang='grc' dir='ltr'>Θεοῦ</span> <span class='ocrx_word' id='word_1_61' title='bbox 1199 989 1295 1042; x_wconf 76' lang='grc' dir='ltr'><strong>καὶ</strong></span> <span class='ocrx_word' id='word_1_62' title='bbox 1340 988 1556 1060; x_wconf 79' lang='grc' dir='ltr'>Πατρός</span> <span class='ocrx_word' id='word_1_63' title='bbox 1575 1005 1590 1019; x_wconf 67' lang='grc' dir='ltr'><strong>ν</strong></span> <span class='ocrx_word' id='word_1_64' title='bbox 1621 988 1717 1041; x_wconf 78' lang='grc' dir='ltr'><strong>ἐπὶ</strong></span> <span class='ocrx_word' id='word_1_65' title='bbox 1739 987 1862 1042; x_wconf 75' lang='grc' dir='ltr'><strong>τοῦ-</strong></span> 
     </span>
    </p>
   </div>
   <div class='ocr_carea' id='block_1_11' title="bbox 281 1074 1867 1149">
    <p class='ocr_par' dir='ltr' id='par_1_11' title="bbox 281 1074 1867 1149">
     <span class='ocr_line' id='line_1_11' title="bbox 281 1074 1867 1149; baseline 0.003 -24"><span class='ocrx_word' id='word_1_66' title='bbox 281 1090 384 1127; x_wconf 88' lang='grc' dir='ltr'><strong>των</strong></span> <span class='ocrx_word' id='word_1_67' title='bbox 407 1074 516 1146; x_wconf 80' lang='grc' dir='ltr'>γὰρ</span> <span class='ocrx_word' id='word_1_68' title='bbox 555 1075 649 1129; x_wconf 77' lang='grc' dir='ltr'>καὶ</span> <span class='ocrx_word' id='word_1_69' title='bbox 673 1076 833 1144; x_wconf 79' lang='grc' dir='ltr'>μόνον</span> <span class='ocrx_word' id='word_1_70' title='bbox 854 1076 1002 1131; x_wconf 81' lang='grc' dir='ltr'>ἔστιν</span> <span class='ocrx_word' id='word_1_71' title='bbox 1031 1078 1145 1131; x_wconf 85' lang='grc' dir='ltr'>υίὺν</span> <span class='ocrx_word' id='word_1_72' title='bbox 1170 1080 1351 1149; x_wconf 70' lang='grc' dir='ltr'>εὑρεῖν</span> <span class='ocrx_word' id='word_1_73' title='bbox 1373 1080 1468 1132; x_wconf 87' lang='grc' dir='ltr'>τοῦ</span> <span class='ocrx_word' id='word_1_74' title='bbox 1495 1078 1624 1132; x_wconf 76' lang='grc' dir='ltr'>ἰδίου</span> <span class='ocrx_word' id='word_1_75' title='bbox 1660 1078 1867 1148; x_wconf 83' lang='grc' dir='ltr'>πατρὸς</span> 
     </span>
    </p>
   </div>
   <div class='ocr_carea' id='block_1_12' title="bbox 283 1165 1868 1243">
    <p class='ocr_par' dir='ltr' id='par_1_12' title="bbox 283 1165 1868 1243">
     <span class='ocr_line' id='line_1_12' title="bbox 283 1165 1868 1243; baseline 0.004 -25"><span class='ocrx_word' id='word_1_76' title='bbox 283 1167 573 1237; x_wconf 80' lang='grc' dir='ltr'>λεγόμενον</span> <span class='ocrx_word' id='word_1_77' title='bbox 598 1170 877 1236; x_wconf 72' lang='grc' dir='ltr'>κοινωνὸν,</span> <span class='ocrx_word' id='word_1_78' title='bbox 913 1172 970 1223; x_wconf 82' lang='grc' dir='ltr'><strong>ὲν</strong></span> <span class='ocrx_word' id='word_1_79' title='bbox 996 1165 1078 1234; x_wconf 76' lang='grc' dir='ltr'>οἷς</span> <span class='ocrx_word' id='word_1_80' title='bbox 1100 1170 1329 1241; x_wconf 78' lang='grc' dir='ltr'><strong>γνώμης</strong></span> <span class='ocrx_word' id='word_1_81' title='bbox 1364 1172 1690 1243; x_wconf 84' lang='grc' dir='ltr'>παραλλαγὴ</span> <span class='ocrx_word' id='word_1_82' title='bbox 1727 1188 1868 1242; x_wconf 86' lang='grc' dir='ltr'>παρ-</span> 
     </span>
    </p>
   </div>
   <div class='ocr_carea' id='block_1_13' title="bbox 283 1258 1867 1332">
    <p class='ocr_par' dir='ltr' id='par_1_13' title="bbox 283 1258 1867 1332">
     <span class='ocr_line' id='line_1_13' title="bbox 283 1258 1867 1332; baseline 0.003 -22"><span class='ocrx_word' id='word_1_83' title='bbox 283 1258 618 1323; x_wconf 75' lang='grc' dir='ltr'>εισδύνεται,</span> <span class='ocrx_word' id='word_1_84' title='bbox 656 1259 752 1313; x_wconf 82' lang='grc' dir='ltr'>καὶ</span> <span class='ocrx_word' id='word_1_85' title='bbox 784 1260 1093 1331; x_wconf 80' lang='grc' dir='ltr'><strong>βουλήσεως</strong></span> <span class='ocrx_word' id='word_1_86' title='bbox 1149 1263 1408 1332; x_wconf 79' lang='grc' dir='ltr'><strong>ἑτερότης</strong></span> <span class='ocrx_word' id='word_1_87' title='bbox 1450 1264 1736 1332; x_wconf 77' lang='grc' dir='ltr'>πάρεστιν,</span> <span class='ocrx_word' id='word_1_88' title='bbox 1774 1263 1867 1315; x_wconf 74' lang='grc' dir='ltr'><strong>καὶ</strong></span> 
     </span>
    </p>
   </div>
   <div class='ocr_carea' id='block_1_14' title="bbox 282 1351 1866 1427">
    <p class='ocr_par' dir='ltr' id='par_1_14' title="bbox 282 1351 1866 1427">
     <span class='ocr_line' id='line_1_14' title="bbox 282 1351 1866 1427; baseline 0.002 -23"><span class='ocrx_word' id='word_1_89' title='bbox 282 1353 485 1422; x_wconf 85' lang='grc' dir='ltr'>ἀπορία</span> <span class='ocrx_word' id='word_1_90' title='bbox 513 1351 754 1406; x_wconf 79' lang='grc' dir='ltr'>καλοῦσα</span> <span class='ocrx_word' id='word_1_91' title='bbox 792 1354 924 1422; x_wconf 72' lang='grc' dir='ltr'>πρὸς</span> <span class='ocrx_word' id='word_1_92' title='bbox 950 1353 1048 1425; x_wconf 79' lang='grc' dir='ltr'><strong>τὴν</strong></span> <span class='ocrx_word' id='word_1_93' title='bbox 1071 1359 1280 1427; x_wconf 79' lang='grc' dir='ltr'>χρείαν,</span> <span class='ocrx_word' id='word_1_94' title='bbox 1325 1357 1420 1409; x_wconf 73' lang='grc' dir='ltr'>καὶ</span> <span class='ocrx_word' id='word_1_95' title='bbox 1451 1355 1699 1424; x_wconf 81' lang='grc' dir='ltr'>ἐνέργεια</span> <span class='ocrx_word' id='word_1_96' title='bbox 1727 1355 1866 1408; x_wconf 85' lang='grc' dir='ltr'>ἀπο-</span> 
     </span>
    </p>
   </div>
   <div class='ocr_carea' id='block_1_15' title="bbox 280 1440 1868 1517">
    <p class='ocr_par' dir='ltr' id='par_1_15' title="bbox 280 1440 1868 1517">
     <span class='ocr_line' id='line_1_15' title="bbox 280 1440 1868 1517; baseline 0.003 -24"><span class='ocrx_word' id='word_1_97' title='bbox 280 1443 595 1513; x_wconf 84' lang='grc' dir='ltr'>τετμημένη</span> <span class='ocrx_word' id='word_1_98' title='bbox 628 1443 769 1508; x_wconf 73' lang='grc' dir='ltr'>ἰδίως</span> <span class='ocrx_word' id='word_1_99' title='bbox 818 1445 1111 1514; x_wconf 82' lang='grc' dir='ltr'>πρόσεστιν</span> <span class='ocrx_word' id='word_1_100' title='bbox 1134 1462 1147 1477; x_wconf 88' lang='grc'><strong>·</strong></span> <span class='ocrx_word' id='word_1_101' title='bbox 1183 1440 1264 1509; x_wconf 74' lang='grc' dir='ltr'>οἷς</span> <span class='ocrx_word' id='word_1_102' title='bbox 1291 1446 1348 1500; x_wconf 84' lang='grc' dir='ltr'><strong>δὲ</strong></span> <span class='ocrx_word' id='word_1_103' title='bbox 1382 1446 1575 1517; x_wconf 82' lang='grc' dir='ltr'><strong>γνώμη</strong></span> <span class='ocrx_word' id='word_1_104' title='bbox 1614 1447 1733 1516; x_wconf 90' lang='grc' dir='ltr'>μία,</span> <span class='ocrx_word' id='word_1_105' title='bbox 1772 1446 1868 1498; x_wconf 77' lang='grc' dir='ltr'><strong>καὶ</strong></span> 
     </span>
    </p>
   </div>
   <div class='ocr_carea' id='block_1_16' title="bbox 284 1533 1870 1608">
    <p class='ocr_par' dir='ltr' id='par_1_16' title="bbox 284 1533 1870 1608">
     <span class='ocr_line' id='line_1_16' title="bbox 284 1533 1870 1608; baseline 0.001 -22"><span class='ocrx_word' id='word_1_106' title='bbox 284 1533 536 1604; x_wconf 83' lang='grc' dir='ltr'>βούλησις</span> <span class='ocrx_word' id='word_1_107' title='bbox 563 1535 650 1587; x_wconf 75' lang='grc' dir='ltr'><strong>ἀεὶ</strong></span> <span class='ocrx_word' id='word_1_108' title='bbox 680 1534 994 1601; x_wconf 83' lang='grc' dir='ltr'>ἀδιάκοπος,</span> <span class='ocrx_word' id='word_1_109' title='bbox 1049 1539 1145 1591; x_wconf 75' lang='grc' dir='ltr'><strong>καὶ</strong></span> <span class='ocrx_word' id='word_1_110' title='bbox 1195 1539 1411 1608; x_wconf 79' lang='grc' dir='ltr'>φύσεως</span> <span class='ocrx_word' id='word_1_111' title='bbox 1441 1538 1728 1607; x_wconf 82' lang='grc' dir='ltr'>ταυτότης,</span> <span class='ocrx_word' id='word_1_112' title='bbox 1774 1537 1870 1589; x_wconf 75' lang='grc' dir='ltr'>καὶ</span> 
     </span>
    </p>
   </div>
   <div class='ocr_carea' id='block_1_17' title="bbox 284 1626 1871 1699">
    <p class='ocr_par' dir='ltr' id='par_1_17' title="bbox 284 1626 1871 1699">
     <span class='ocr_line' id='line_1_17' title="bbox 284 1626 1871 1699; baseline 0 -19"><span class='ocrx_word' id='word_1_113' title='bbox 284 1628 385 1697; x_wconf 88' lang='grc' dir='ltr'><strong>μία</strong></span> <span class='ocrx_word' id='word_1_114' title='bbox 413 1626 652 1693; x_wconf 79' lang='grc' dir='ltr'>ἐξουσία,</span> <span class='ocrx_word' id='word_1_115' title='bbox 683 1629 777 1680; x_wconf 78' lang='grc' dir='ltr'>καὶ</span> <span class='ocrx_word' id='word_1_116' title='bbox 822 1627 1041 1699; x_wconf 82' lang='grc' dir='ltr'>θέλησις</span> <span class='ocrx_word' id='word_1_117' title='bbox 1071 1628 1341 1699; x_wconf 83' lang='grc' dir='ltr'><strong>ἄτρεπτος</strong></span> <span class='ocrx_word' id='word_1_118' title='bbox 1372 1630 1630 1696; x_wconf 82' lang='grc' dir='ltr'>πάρεστι,</span> <span class='ocrx_word' id='word_1_119' title='bbox 1664 1628 1783 1691; x_wconf 84' lang='grc' dir='ltr'><strong>πῶς</strong></span> <span class='ocrx_word' id='word_1_120' title='bbox 1806 1629 1871 1681; x_wconf 81' lang='grc' dir='ltr'>ἂν</span> 
     </span>
    </p>
   </div>
   <div class='ocr_carea' id='block_1_18' title="bbox 279 1718 1869 1788">
    <p class='ocr_par' dir='ltr' id='par_1_18' title="bbox 279 1718 1869 1788">
     <span class='ocr_line' id='line_1_18' title="bbox 279 1718 1869 1788; baseline 0.001 -19"><span class='ocrx_word' id='word_1_121' title='bbox 279 1719 308 1769; x_wconf 98' lang='lat'><strong>6</strong></span> <span class='ocrx_word' id='word_1_122' title='bbox 332 1719 623 1784; x_wconf 76' lang='grc' dir='ltr'>κοινωνὸς</span> <span class='ocrx_word' id='word_1_123' title='bbox 673 1719 1068 1788; x_wconf 80' lang='grc' dir='ltr'>είσφρήσεται;</span> <span class='ocrx_word' id='word_1_124' title='bbox 1113 1719 1311 1773; x_wconf 76' lang='grc' dir='ltr'>οὔκουν</span> <span class='ocrx_word' id='word_1_125' title='bbox 1363 1719 1620 1773; x_wconf 76' lang='grc' dir='ltr'>κοινωνὸν</span> <span class='ocrx_word' id='word_1_126' title='bbox 1652 1721 1743 1773; x_wconf 69' lang='grc' dir='ltr'>ἐπὶ</span> <span class='ocrx_word' id='word_1_127' title='bbox 1774 1718 1869 1771; x_wconf 80' lang='grc' dir='ltr'>τοῦ</span> 
     </span>
    </p>
   </div>
   <div class='ocr_carea' id='block_1_19' title="bbox 278 1809 1872 1883">
    <p class='ocr_par' dir='ltr' id='par_1_19' title="bbox 278 1809 1872 1883">
     <span class='ocr_line' id='line_1_19' title="bbox 278 1809 1872 1883; baseline 0 -21"><span class='ocrx_word' id='word_1_128' title='bbox 278 1810 400 1873; x_wconf 80' lang='grc' dir='ltr'>ἑνὸς</span> <span class='ocrx_word' id='word_1_129' title='bbox 423 1809 583 1877; x_wconf 84' lang='grc' dir='ltr'>Θεοῦ,</span> <span class='ocrx_word' id='word_1_130' title='bbox 610 1812 658 1863; x_wconf 84' lang='grc' dir='ltr'>οἱ</span> <span class='ocrx_word' id='word_1_131' title='bbox 712 1812 806 1865; x_wconf 76' lang='grc' dir='ltr'>ἐπὶ</span> <span class='ocrx_word' id='word_1_132' title='bbox 834 1815 900 1883; x_wconf 85' lang='grc' dir='ltr'><strong>τῇ</strong></span> <span class='ocrx_word' id='word_1_133' title='bbox 931 1811 1183 1882; x_wconf 73' lang='grc' dir='ltr'>θεολογίᾳ</span> <span class='ocrx_word' id='word_1_134' title='bbox 1214 1812 1343 1865; x_wconf 86' lang='grc' dir='ltr'>Υἰὸν</span> <span class='ocrx_word' id='word_1_135' title='bbox 1378 1812 1473 1866; x_wconf 76' lang='grc' dir='ltr'>καὶ</span> <span class='ocrx_word' id='word_1_136' title='bbox 1505 1811 1728 1882; x_wconf 77' lang='grc' dir='ltr'>Πνεῦμα</span> <span class='ocrx_word' id='word_1_137' title='bbox 1752 1811 1872 1865; x_wconf 88' lang='grc' dir='ltr'>θεο-</span> 
     </span>
    </p>
   </div>
   <div class='ocr_carea' id='block_1_20' title="bbox 1970 619 3557 678">
    <p class='ocr_par' dir='ltr' id='par_1_20' title="bbox 1970 619 3557 678">
     <span class='ocr_line' id='line_1_20' title="bbox 1970 619 3557 678; baseline -0.003 0"><span class='ocrx_word' id='word_1_138' title='bbox 1970 624 2197 678; x_wconf 88' lang='lat' dir='ltr'><strong>surdum</strong></span> <span class='ocrx_word' id='word_1_139' title='bbox 2236 641 2248 676; x_wconf 92' lang='lat'><strong>:</strong></span> <span class='ocrx_word' id='word_1_140' title='bbox 2283 622 2430 676; x_wconf 89' lang='lat' dir='ltr'><strong>nulla</strong></span> <span class='ocrx_word' id='word_1_141' title='bbox 2478 622 2624 676; x_wconf 88' lang='lat' dir='ltr'><strong>enim</strong></span> <span class='ocrx_word' id='word_1_142' title='bbox 2673 635 2760 675; x_wconf 89' lang='lat' dir='ltr'><strong>res</strong></span> <span class='ocrx_word' id='word_1_143' title='bbox 2799 621 3070 674; x_wconf 80' lang='lat' dir='ltr'><strong>exsistens</strong></span> <span class='ocrx_word' id='word_1_144' title='bbox 3105 619 3306 673; x_wconf 89' lang='lat' dir='ltr'><strong>dicitur</strong></span> <span class='ocrx_word' id='word_1_145' title='bbox 3335 620 3557 673; x_wconf 78' lang='lat' dir='ltr'><strong>sibimet</strong></span> 
     </span>
    </p>
   </div>
   <div class='ocr_carea' id='block_1_21' title="bbox 1968 709 3556 784">
    <p class='ocr_par' dir='ltr' id='par_1_21' title="bbox 1968 709 3556 784">
     <span class='ocr_line' id='line_1_21' title="bbox 1968 709 3556 784; baseline -0.003 -17"><span class='ocrx_word' id='word_1_146' title='bbox 1968 713 2087 784; x_wconf 89' lang='lat' dir='ltr'><strong>ipsa</strong></span> <span class='ocrx_word' id='word_1_147' title='bbox 2114 713 2544 767; x_wconf 80' lang='lat' dir='ltr'><strong>communicare.</strong></span> <span class='ocrx_word' id='word_1_148' title='bbox 2586 709 2942 780; x_wconf 75' lang='lat' dir='ltr'><strong>Nequaquam</strong></span> <span class='ocrx_word' id='word_1_149' title='bbox 2984 710 3151 778; x_wconf 79' lang='lat' dir='ltr'><strong>igitur</strong></span> <span class='ocrx_word' id='word_1_150' title='bbox 3203 709 3343 763; x_wconf 78' lang='lat' dir='ltr'><strong>filius</strong></span> <span class='ocrx_word' id='word_1_151' title='bbox 3402 726 3556 763; x_wconf 81' lang='lat' dir='ltr'><strong>com-</strong></span> 
     </span>
    </p>
   </div>
   <div class='ocr_carea' id='block_1_22' title="bbox 1971 800 3559 874">
    <p class='ocr_par' dir='ltr' id='par_1_22' title="bbox 1971 800 3559 874">
     <span class='ocr_line' id='line_1_22' title="bbox 1971 800 3559 874; baseline -0.003 -14"><span class='ocrx_word' id='word_1_152' title='bbox 1971 806 2260 860; x_wconf 75' lang='lat' dir='ltr'><strong>lllllllicallS</strong></span> <span class='ocrx_word' id='word_1_153' title='bbox 2284 814 2366 860; x_wconf 80' lang='lat' dir='ltr'><strong>est</strong></span> <span class='ocrx_word' id='word_1_154' title='bbox 2393 805 2485 859; x_wconf 92' lang='lat' dir='ltr'><strong>uni</strong></span> <span class='ocrx_word' id='word_1_155' title='bbox 2522 806 2786 874; x_wconf 88' lang='lat' dir='ltr'><strong>principio</strong></span> <span class='ocrx_word' id='word_1_156' title='bbox 2818 804 3024 871; x_wconf 89' lang='lat' dir='ltr'><strong>unique</strong></span> <span class='ocrx_word' id='word_1_157' title='bbox 3063 802 3170 855; x_wconf 91' lang='lat' dir='ltr'><strong>Deo</strong></span> <span class='ocrx_word' id='word_1_158' title='bbox 3191 801 3284 871; x_wconf 85' lang='lat' dir='ltr'><strong>qui</strong></span> <span class='ocrx_word' id='word_1_159' title='bbox 3309 802 3362 854; x_wconf 88' lang='lat' dir='ltr'><strong>iu</strong></span> <span class='ocrx_word' id='word_1_160' title='bbox 3400 800 3559 855; x_wconf 90' lang='lat' dir='ltr'><strong>Patre</strong></span> 
     </span>
    </p>
   </div>
   <div class='ocr_carea' id='block_1_23' title="bbox 1970 894 3558 965">
    <p class='ocr_par' dir='ltr' id='par_1_23' title="bbox 1970 894 3558 965">
     <span class='ocr_line' id='line_1_23' title="bbox 1970 894 3558 965; baseline -0.003 -14"><span class='ocrx_word' id='word_1_161' title='bbox 1970 906 2020 951; x_wconf 89' lang='lat' dir='ltr'><strong>et</strong></span> <span class='ocrx_word' id='word_1_162' title='bbox 2048 895 2185 951; x_wconf 89' lang='lat' dir='ltr'><strong>Filio</strong></span> <span class='ocrx_word' id='word_1_163' title='bbox 2236 907 2288 951; x_wconf 82' lang='lat' dir='ltr'><strong>ct</strong></span> <span class='ocrx_word' id='word_1_164' title='bbox 2347 896 2552 965; x_wconf 80' lang='lat' dir='ltr'><strong>Spiritu</strong></span> <span class='ocrx_word' id='word_1_165' title='bbox 2615 908 2808 951; x_wconf 82' lang='lat' dir='ltr'><strong>sancto</strong></span> <span class='ocrx_word' id='word_1_166' title='bbox 2862 903 3177 965; x_wconf 79' lang='lat' dir='ltr'><strong>spectatur;</strong></span> <span class='ocrx_word' id='word_1_167' title='bbox 3222 909 3400 963; x_wconf 82' lang='lat' dir='ltr'><strong>neque</strong></span> <span class='ocrx_word' id='word_1_168' title='bbox 3432 894 3558 947; x_wconf 87' lang='lat' dir='ltr'><strong>itent</strong></span> 
     </span>
    </p>
   </div>
   <div class='ocr_carea' id='block_1_24' title="bbox 1971 983 3560 1057">
    <p class='ocr_par' dir='ltr' id='par_1_24' title="bbox 1971 983 3560 1057">
     <span class='ocr_line' id='line_1_24' title="bbox 1971 983 3560 1057; baseline -0.001 -17"><span class='ocrx_word' id='word_1_169' title='bbox 1971 987 2081 1041; x_wconf 94' lang='lat' dir='ltr'><strong>Deo</strong></span> <span class='ocrx_word' id='word_1_170' title='bbox 2128 986 2293 1057; x_wconf 61' lang='lat' dir='ltr'><strong>Patri.</strong></span> <span class='ocrx_word' id='word_1_171' title='bbox 2338 985 2493 1042; x_wconf 89' lang='lat' dir='ltr'><strong>Tunc</strong></span> <span class='ocrx_word' id='word_1_172' title='bbox 2540 989 2684 1041; x_wconf 88' lang='lat' dir='ltr'><strong>enim</strong></span> <span class='ocrx_word' id='word_1_173' title='bbox 2728 986 3105 1041; x_wconf 83' lang='lat' dir='ltr'><strong>tautununodo</strong></span> <span class='ocrx_word' id='word_1_174' title='bbox 3157 986 3359 1038; x_wconf 89' lang='lat' dir='ltr'><strong>dicitur</strong></span> <span class='ocrx_word' id='word_1_175' title='bbox 3418 983 3560 1038; x_wconf 80' lang='lat' dir='ltr'><strong>filius</strong></span> 
     </span>
    </p>
   </div>
   <div class='ocr_carea' id='block_1_25' title="bbox 1970 1075 3564 1145">
    <p class='ocr_par' dir='ltr' id='par_1_25' title="bbox 1970 1075 3564 1145">
     <span class='ocr_line' id='line_1_25' title="bbox 1970 1075 3564 1145; baseline -0.001 -16"><span class='ocrx_word' id='word_1_176' title='bbox 1970 1077 2109 1145; x_wconf 90' lang='lat' dir='ltr'><strong>patri</strong></span> <span class='ocrx_word' id='word_1_177' title='bbox 2160 1092 2261 1132; x_wconf 90' lang='lat' dir='ltr'><strong>suo</strong></span> <span class='ocrx_word' id='word_1_178' title='bbox 2302 1080 2738 1136; x_wconf 75' lang='lat' dir='ltr'><strong>communicatis.</strong></span> <span class='ocrx_word' id='word_1_179' title='bbox 2782 1095 2905 1133; x_wconf 90' lang='lat' dir='ltr'><strong>cum</strong></span> <span class='ocrx_word' id='word_1_180' title='bbox 2958 1076 3244 1132; x_wconf 69' lang='lat' dir='ltr'><strong>sententia:</strong></span> <span class='ocrx_word' id='word_1_181' title='bbox 3292 1075 3564 1129; x_wconf 86' lang='lat' dir='ltr'><strong>aberratio</strong></span> 
     </span>
    </p>
   </div>
   <div class='ocr_carea' id='block_1_26' title="bbox 1972 1167 3563 1234">
    <p class='ocr_par' dir='ltr' id='par_1_26' title="bbox 1972 1167 3563 1234">
     <span class='ocr_line' id='line_1_26' title="bbox 1972 1167 3563 1234; baseline -0.003 -8"><span class='ocrx_word' id='word_1_182' title='bbox 1972 1172 2139 1234; x_wconf 85' lang='lat' dir='ltr'><strong>subit,</strong></span> <span class='ocrx_word' id='word_1_183' title='bbox 2173 1181 2227 1226; x_wconf 89' lang='lat' dir='ltr'><strong>et</strong></span> <span class='ocrx_word' id='word_1_184' title='bbox 2272 1172 2491 1226; x_wconf 86' lang='lat' dir='ltr'><strong>consilii</strong></span> <span class='ocrx_word' id='word_1_185' title='bbox 2552 1173 2848 1227; x_wconf 90' lang='lat' dir='ltr'><strong>diversitas</strong></span> <span class='ocrx_word' id='word_1_186' title='bbox 2904 1172 3081 1234; x_wconf 89' lang='lat' dir='ltr'><strong>adest,</strong></span> <span class='ocrx_word' id='word_1_187' title='bbox 3133 1185 3257 1224; x_wconf 90' lang='lat' dir='ltr'><strong>cum</strong></span> <span class='ocrx_word' id='word_1_188' title='bbox 3293 1167 3563 1222; x_wconf 79' lang='lat' dir='ltr'><strong>dubitatio</strong></span> 
     </span>
    </p>
   </div>
   <div class='ocr_carea' id='block_1_27' title="bbox 1972 1261 3563 1333">
    <p class='ocr_par' dir='ltr' id='par_1_27' title="bbox 1972 1261 3563 1333">
     <span class='ocr_line' id='line_1_27' title="bbox 1972 1261 3563 1333; baseline -0.002 -17"><span class='ocrx_word' id='word_1_189' title='bbox 1972 1263 2046 1316; x_wconf 91' lang='lat' dir='ltr'><strong>rei</strong></span> <span class='ocrx_word' id='word_1_190' title='bbox 2083 1263 2354 1331; x_wconf 75' lang='lat' dir='ltr'><strong>gerendae,</strong></span> <span class='ocrx_word' id='word_1_191' title='bbox 2390 1271 2446 1318; x_wconf 89' lang='lat' dir='ltr'><strong>et</strong></span> <span class='ocrx_word' id='word_1_192' title='bbox 2493 1265 2740 1333; x_wconf 83' lang='lat' dir='ltr'><strong>operatio</strong></span> <span class='ocrx_word' id='word_1_193' title='bbox 2786 1278 3036 1318; x_wconf 84' lang='lat' dir='ltr'><strong>seorsum</strong></span> <span class='ocrx_word' id='word_1_194' title='bbox 3095 1273 3350 1332; x_wconf 88' lang='lat' dir='ltr'><strong>suscepta</strong></span> <span class='ocrx_word' id='word_1_195' title='bbox 3378 1261 3563 1316; x_wconf 86' lang='lat' dir='ltr'><strong>cerui-</strong></span> 
     </span>
    </p>
   </div>
   <div class='ocr_carea' id='block_1_28' title="bbox 1974 1354 3568 1426">
    <p class='ocr_par' dir='ltr' id='par_1_28' title="bbox 1974 1354 3568 1426">
     <span class='ocr_line' id='line_1_28' title="bbox 1974 1354 3568 1426; baseline -0.001 -17"><span class='ocrx_word' id='word_1_196' title='bbox 1974 1364 2082 1409; x_wconf 89' lang='lat' dir='ltr'><strong>tur.</strong></span> <span class='ocrx_word' id='word_1_197' title='bbox 2116 1355 2187 1410; x_wconf 89' lang='lat' dir='ltr'><strong>lis</strong></span> <span class='ocrx_word' id='word_1_198' title='bbox 2213 1368 2428 1419; x_wconf 85' lang='lat' dir='ltr'><strong>autem,</strong></span> <span class='ocrx_word' id='word_1_199' title='bbox 2472 1374 2706 1426; x_wconf 88' lang='lat' dir='ltr'><strong>quorum</strong></span> <span class='ocrx_word' id='word_1_200' title='bbox 2743 1366 2823 1411; x_wconf 88' lang='lat' dir='ltr'><strong>est</strong></span> <span class='ocrx_word' id='word_1_201' title='bbox 2864 1373 2969 1411; x_wconf 90' lang='lat' dir='ltr'><strong>una</strong></span> <span class='ocrx_word' id='word_1_202' title='bbox 3010 1356 3299 1419; x_wconf 88' lang='lat' dir='ltr'><strong>sententia,</strong></span> <span class='ocrx_word' id='word_1_203' title='bbox 3338 1364 3392 1409; x_wconf 90' lang='lat' dir='ltr'><strong>et</strong></span> <span class='ocrx_word' id='word_1_204' title='bbox 3432 1354 3568 1408; x_wconf 73' lang='lat' dir='ltr'><strong>deli-</strong></span> 
     </span>
    </p>
   </div>
   <div class='ocr_carea' id='block_1_29' title="bbox 1975 1448 3567 1518">
    <p class='ocr_par' dir='ltr' id='par_1_29' title="bbox 1975 1448 3567 1518">
     <span class='ocr_line' id='line_1_29' title="bbox 1975 1448 3567 1518; baseline -0.001 -16"><span class='ocrx_word' id='word_1_205' title='bbox 1975 1448 2183 1502; x_wconf 85' lang='lat' dir='ltr'><strong>beratio</strong></span> <span class='ocrx_word' id='word_1_206' title='bbox 2215 1464 2435 1518; x_wconf 87' lang='lat' dir='ltr'><strong>semper</strong></span> <span class='ocrx_word' id='word_1_207' title='bbox 2481 1451 2739 1515; x_wconf 86' lang='lat' dir='ltr'><strong>indivisa,</strong></span> <span class='ocrx_word' id='word_1_208' title='bbox 2778 1458 2834 1503; x_wconf 87' lang='lat' dir='ltr'><strong>et</strong></span> <span class='ocrx_word' id='word_1_209' title='bbox 2882 1458 3079 1503; x_wconf 88' lang='lat' dir='ltr'><strong>natura</strong></span> <span class='ocrx_word' id='word_1_210' title='bbox 3130 1448 3347 1509; x_wconf 87' lang='lat' dir='ltr'><strong>eadem,</strong></span> <span class='ocrx_word' id='word_1_211' title='bbox 3386 1460 3439 1502; x_wconf 86' lang='lat' dir='ltr'><strong>et</strong></span> <span class='ocrx_word' id='word_1_212' title='bbox 3470 1463 3567 1517; x_wconf 88' lang='lat' dir='ltr'><strong>po-</strong></span> 
     </span>
    </p>
   </div>
   <div class='ocr_carea' id='block_1_30' title="bbox 1977 1538 3566 1610">
    <p class='ocr_par' dir='ltr' id='par_1_30' title="bbox 1977 1538 3566 1610">
     <span class='ocr_line' id='line_1_30' title="bbox 1977 1538 3566 1610; baseline -0.002 -16"><span class='ocrx_word' id='word_1_213' title='bbox 1977 1549 2149 1596; x_wconf 78' lang='lat' dir='ltr'><strong>testas</strong></span> <span class='ocrx_word' id='word_1_214' title='bbox 2185 1542 2368 1607; x_wconf 88' lang='lat' dir='ltr'><strong>unica,</strong></span> <span class='ocrx_word' id='word_1_215' title='bbox 2420 1552 2475 1595; x_wconf 90' lang='lat' dir='ltr'><strong>et</strong></span> <span class='ocrx_word' id='word_1_216' title='bbox 2530 1542 2783 1596; x_wconf 85' lang='lat' dir='ltr'><strong>voluntas</strong></span> <span class='ocrx_word' id='word_1_217' title='bbox 2840 1541 3227 1606; x_wconf 88' lang='lat' dir='ltr'><strong>immutabilis,</strong></span> <span class='ocrx_word' id='word_1_218' title='bbox 3287 1538 3566 1610; x_wconf 89' lang='lat' dir='ltr'><strong>quomodo</strong></span> 
     </span>
    </p>
   </div>
   <div class='ocr_carea' id='block_1_31' title="bbox 1977 1631 3568 1703">
    <p class='ocr_par' dir='ltr' id='par_1_31' title="bbox 1977 1631 3568 1703">
     <span class='ocr_line' id='line_1_31' title="bbox 1977 1631 3568 1703; baseline -0.001 -18"><span class='ocrx_word' id='word_1_219' title='bbox 1977 1634 2301 1687; x_wconf 81' lang='lat' dir='ltr'><strong>vocabulum</strong></span> <span class='ocrx_word' id='word_1_220' title='bbox 2335 1635 2733 1688; x_wconf 83' lang='lat' dir='ltr'><strong>communicuns</strong></span> <span class='ocrx_word' id='word_1_221' title='bbox 2767 1633 3032 1703; x_wconf 86' lang='lat' dir='ltr'><strong>obrepet?</strong></span> <span class='ocrx_word' id='word_1_222' title='bbox 3057 1633 3171 1686; x_wconf 79' lang='lat' dir='ltr'><strong>Non</strong></span> <span class='ocrx_word' id='word_1_223' title='bbox 3203 1648 3332 1703; x_wconf 79' lang='lat' dir='ltr'><strong>ergo</strong></span> <span class='ocrx_word' id='word_1_224' title='bbox 3359 1631 3568 1685; x_wconf 73' lang='lat' dir='ltr'><strong>faciunt</strong></span> 
     </span>
    </p>
   </div>
   <div class='ocr_carea' id='block_1_32' title="bbox 1975 1722 3564 1797">
    <p class='ocr_par' dir='ltr' id='par_1_32' title="bbox 1975 1722 3564 1797">
     <span class='ocr_line' id='line_1_32' title="bbox 1975 1722 3564 1797; baseline -0.002 -17"><span class='ocrx_word' id='word_1_225' title='bbox 1975 1727 2070 1780; x_wconf 91' lang='lat' dir='ltr'><strong>uni</strong></span> <span class='ocrx_word' id='word_1_226' title='bbox 2104 1725 2211 1780; x_wconf 85' lang='lat' dir='ltr'><strong>Deo</strong></span> <span class='ocrx_word' id='word_1_227' title='bbox 2246 1727 2765 1789; x_wconf 82' lang='lat' dir='ltr'><strong>commtmicautem,</strong></span> <span class='ocrx_word' id='word_1_228' title='bbox 2797 1727 2872 1780; x_wconf 90' lang='lat' dir='ltr'><strong>illi</strong></span> <span class='ocrx_word' id='word_1_229' title='bbox 2914 1727 3009 1797; x_wconf 87' lang='lat' dir='ltr'><strong>qui</strong></span> <span class='ocrx_word' id='word_1_230' title='bbox 3057 1725 3254 1779; x_wconf 88' lang='lat' dir='ltr'><strong>Filium</strong></span> <span class='ocrx_word' id='word_1_231' title='bbox 3304 1740 3369 1779; x_wconf 88' lang='lat' dir='ltr'><strong>ac</strong></span> <span class='ocrx_word' id='word_1_232' title='bbox 3396 1722 3564 1793; x_wconf 81' lang='lat' dir='ltr'><strong>Spiri-</strong></span> 
     </span>
    </p>
   </div>
   <div class='ocr_carea' id='block_1_33' title="bbox 1977 1818 3568 1890">
    <p class='ocr_par' dir='ltr' id='par_1_33' title="bbox 1977 1818 3568 1890">
     <span class='ocr_line' id='line_1_33' title="bbox 1977 1818 3568 1890; baseline 0 -19"><span class='ocrx_word' id='word_1_233' title='bbox 1977 1828 2092 1871; x_wconf 86' lang='lat' dir='ltr'><strong>tum</strong></span> <span class='ocrx_word' id='word_1_234' title='bbox 2129 1820 2295 1873; x_wconf 79' lang='lat' dir='ltr'><strong>Dcum</strong></span> <span class='ocrx_word' id='word_1_235' title='bbox 2335 1834 2457 1872; x_wconf 89' lang='lat' dir='ltr'><strong>esse</strong></span> <span class='ocrx_word' id='word_1_236' title='bbox 2498 1820 2807 1890; x_wconf 80' lang='lat' dir='ltr'><strong>thoologice</strong></span> <span class='ocrx_word' id='word_1_237' title='bbox 2837 1819 3059 1885; x_wconf 87' lang='lat' dir='ltr'><strong>dicunt;</strong></span> <span class='ocrx_word' id='word_1_238' title='bbox 3094 1818 3310 1873; x_wconf 87' lang='lat' dir='ltr'><strong>etiamsi</strong></span> <span class='ocrx_word' id='word_1_239' title='bbox 3345 1834 3508 1887; x_wconf 75' lang='lat' dir='ltr'><strong>prave</strong></span> <span class='ocrx_word' id='word_1_240' title='bbox 3537 1834 3568 1871; x_wconf 89' lang='lat' dir='ltr'><strong>a</strong></span> 
     </span>
    </p>
   </div>
   <div class='ocr_carea' id='block_1_34' title="bbox 278 1897 1881 1975">
    <p class='ocr_par' dir='ltr' id='par_1_34' title="bbox 278 1902 1869 1975">
     <span class='ocr_line' id='line_1_34' title="bbox 278 1902 1869 1975; baseline 0.001 -20"><span class='ocrx_word' id='word_1_241' title='bbox 278 1902 568 1967; x_wconf 79' lang='grc' dir='ltr'>λογοῦντες</span> <span class='ocrx_word' id='word_1_242' title='bbox 604 1905 1019 1972; x_wconf 83' lang='grc' dir='ltr'>συνεισάγουσιν</span> <span class='ocrx_word' id='word_1_243' title='bbox 1039 1947 1053 1971; x_wconf 93' lang='grc'><strong>,</strong></span> <span class='ocrx_word' id='word_1_244' title='bbox 1106 1907 1154 1958; x_wconf 86' lang='grc' dir='ltr'><strong>εί</strong></span> <span class='ocrx_word' id='word_1_245' title='bbox 1188 1905 1283 1958; x_wconf 75' lang='grc' dir='ltr'>καὶ</span> <span class='ocrx_word' id='word_1_246' title='bbox 1330 1902 1519 1968; x_wconf 86' lang='grc' dir='ltr'>κακῶς</span> <span class='ocrx_word' id='word_1_247' title='bbox 1549 1904 1682 1975; x_wconf 84' lang='grc' dir='ltr'>παρ’</span> <span class='ocrx_word' id='word_1_248' title='bbox 1713 1903 1869 1975; x_wconf 85' lang='grc' dir='ltr'>ὑμῶν</span> 
     </span>
    </p>
   </div>
   <div class='ocr_carea' id='block_1_35' title="bbox 1988 1897 2651 1975">
    <p class='ocr_par' dir='ltr' id='par_1_35' title="bbox 1988 1910 2651 1967">
     <span class='ocr_line' id='line_1_35' title="bbox 1988 1910 2651 1967; baseline 0 -1"><span class='ocrx_word' id='word_1_249' title='bbox 1988 1912 2130 1967; x_wconf 77' lang='lat' dir='ltr'><strong>vobis</strong></span> <span class='ocrx_word' id='word_1_250' title='bbox 2162 1912 2236 1966; x_wconf 86' lang='lat' dir='ltr'><strong>ita</strong></span> <span class='ocrx_word' id='word_1_251' title='bbox 2272 1910 2651 1966; x_wconf 82' lang='lat' dir='ltr'><strong>diﬂ&#39;amanlur.</strong></span> 
     </span>
    </p>
   </div>
   <div class='ocr_carea' id='block_1_36' title="bbox 279 1993 1109 2067">
    <p class='ocr_par' dir='ltr' id='par_1_36' title="bbox 279 1993 1109 2067">
     <span class='ocr_line' id='line_1_36' title="bbox 279 1993 1109 2067; baseline 0.004 -19"><span class='ocrx_word' id='word_1_252' title='bbox 279 1993 419 2067; x_wconf 82' lang='lat' dir='ltr'><strong>[cod.</strong></span> <span class='ocrx_word' id='word_1_253' title='bbox 457 1993 636 2066; x_wconf 82' lang='grc' dir='ltr'>ἡμῶν]</span> <span class='ocrx_word' id='word_1_254' title='bbox 658 1995 1109 2067; x_wconf 79' lang='grc' dir='ltr'>ὲπιφημίζονται.</span> 
     </span>
    </p>
   </div>
   <div class='ocr_carea' id='block_1_37' title="bbox 271 2085 1872 2166">
    <p class='ocr_par' dir='ltr' id='par_1_37' title="bbox 271 2085 1872 2166">
     <span class='ocr_line' id='line_1_37' title="bbox 271 2085 1872 2166; baseline 0.002 -23"><span class='ocrx_word' id='word_1_255' title='bbox 271 2161 278 2166; x_wconf 86' lang='lat'><strong><em>_</em></strong></span> <span class='ocrx_word' id='word_1_256' title='bbox 349 2086 418 2157; x_wconf 86' lang='grc' dir='ltr'><strong>γ’.</strong></span> <span class='ocrx_word' id='word_1_257' title='bbox 446 2089 555 2142; x_wconf 73' lang='grc' dir='ltr'><strong>Καὶ</strong></span> <span class='ocrx_word' id='word_1_258' title='bbox 585 2088 758 2152; x_wconf 77' lang='grc' dir='ltr'>ἄλλως</span> <span class='ocrx_word' id='word_1_259' title='bbox 782 2104 798 2121; x_wconf 92' lang='grc'><strong>·</strong></span> <span class='ocrx_word' id='word_1_260' title='bbox 845 2108 864 2141; x_wconf 80' lang='grc' dir='ltr'><strong>ι</strong></span> <span class='ocrx_word' id='word_1_261' title='bbox 902 2090 1036 2154; x_wconf 75' lang='grc' dir='ltr'>Θεὸς</span> <span class='ocrx_word' id='word_1_262' title='bbox 1056 2085 1139 2155; x_wconf 75' lang='grc' dir='ltr'>εἷς</span> <span class='ocrx_word' id='word_1_263' title='bbox 1166 2092 1304 2155; x_wconf 75' lang='grc' dir='ltr'>ἐστι,</span> <span class='ocrx_word' id='word_1_264' title='bbox 1339 2093 1596 2148; x_wconf 81' lang='grc' dir='ltr'>κοινωνὸν</span> <span class='ocrx_word' id='word_1_265' title='bbox 1629 2092 1705 2165; x_wconf 79' lang='grc' dir='ltr'>μὴ</span> <span class='ocrx_word' id='word_1_266' title='bbox 1730 2091 1872 2164; x_wconf 71' lang='grc' dir='ltr'>ἔχων</span> 
     </span>
    </p>
   </div>
   <div class='ocr_carea' id='block_1_38' title="bbox 274 2180 1869 2256">
    <p class='ocr_par' dir='ltr' id='par_1_38' title="bbox 274 2180 1869 2256">
     <span class='ocr_line' id='line_1_38' title="bbox 274 2180 1869 2256; baseline 0.004 -23"><span class='ocrx_word' id='word_1_267' title='bbox 274 2180 382 2250; x_wconf 79' lang='grc' dir='ltr'>τῆς</span> <span class='ocrx_word' id='word_1_268' title='bbox 414 2180 579 2235; x_wconf 80' lang='grc' dir='ltr'>αὑτοῦ</span> <span class='ocrx_word' id='word_1_269' title='bbox 604 2182 853 2248; x_wconf 79' lang='grc' dir='ltr'>ἐξουσίας</span> <span class='ocrx_word' id='word_1_270' title='bbox 881 2199 895 2214; x_wconf 78' lang='grc' dir='ltr'><strong>ο</strong></span> <span class='ocrx_word' id='word_1_271' title='bbox 928 2185 1022 2235; x_wconf 76' lang='grc' dir='ltr'><strong>καὶ</strong></span> <span class='ocrx_word' id='word_1_272' title='bbox 1051 2182 1138 2237; x_wconf 81' lang='grc' dir='ltr'>διὰ</span> <span class='ocrx_word' id='word_1_273' title='bbox 1182 2183 1244 2236; x_wconf 84' lang='grc' dir='ltr'>τὸ</span> <span class='ocrx_word' id='word_1_274' title='bbox 1290 2187 1364 2256; x_wconf 79' lang='grc' dir='ltr'>μὴ</span> <span class='ocrx_word' id='word_1_275' title='bbox 1415 2184 1562 2255; x_wconf 82' lang='grc' dir='ltr'>ἔχειν</span> <span class='ocrx_word' id='word_1_276' title='bbox 1590 2185 1869 2251; x_wconf 79' lang='grc' dir='ltr'>κοινωνὸν,</span> 
     </span>
    </p>
   </div>
   <div class='ocr_carea' id='block_1_39' title="bbox 271 2260 1873 2349">
    <p class='ocr_par' dir='ltr' id='par_1_39' title="bbox 271 2260 1873 2349">
     <span class='ocr_line' id='line_1_39' title="bbox 271 2260 1873 2349; baseline 0.002 -23"><span class='ocrx_word' id='word_1_277' title='bbox 271 2274 381 2326; x_wconf 83' lang='grc' dir='ltr'><strong>οὐκ</strong></span> <span class='ocrx_word' id='word_1_278' title='bbox 408 2260 564 2343; x_wconf 71' lang='grc' dir='ltr'>ἔσχεν</span> <span class='ocrx_word' id='word_1_279' title='bbox 587 2273 707 2327; x_wconf 77' lang='grc' dir='ltr'>οὐδὲ</span> <span class='ocrx_word' id='word_1_280' title='bbox 735 2275 918 2327; x_wconf 77' lang='grc' dir='ltr'>παῖδα.</span> <span class='ocrx_word' id='word_1_281' title='bbox 962 2293 980 2325; x_wconf 76' lang='grc' dir='ltr'><strong>ι</strong></span> <span class='ocrx_word' id='word_1_282' title='bbox 1030 2274 1373 2347; x_wconf 82' lang='grc' dir='ltr'>Ἀπήλλαξας</span> <span class='ocrx_word' id='word_1_283' title='bbox 1405 2278 1555 2349; x_wconf 81' lang='grc' dir='ltr'>ἡμᾶς</span> <span class='ocrx_word' id='word_1_284' title='bbox 1605 2277 1873 2348; x_wconf 81' lang='grc' dir='ltr'>πραγμά-</span> 
     </span>
    </p>
   </div>
   <div class='ocr_carea' id='block_1_40' title="bbox 272 2360 1875 2438">
    <p class='ocr_par' dir='ltr' id='par_1_40' title="bbox 272 2360 1875 2438">
     <span class='ocr_line' id='line_1_40' title="bbox 272 2360 1875 2438; baseline 0.005 -25"><span class='ocrx_word' id='word_1_285' title='bbox 272 2378 389 2415; x_wconf 89' lang='grc' dir='ltr'><strong>των</strong></span> <span class='ocrx_word' id='word_1_286' title='bbox 430 2360 662 2426; x_wconf 81' lang='grc' dir='ltr'>ἐξειπὼν</span> <span class='ocrx_word' id='word_1_287' title='bbox 704 2363 768 2414; x_wconf 88' lang='grc' dir='ltr'>τὸ</span> <span class='ocrx_word' id='word_1_288' title='bbox 815 2363 1156 2433; x_wconf 71' lang='grc' dir='ltr'>ἀπόῤῥητον·</span> <span class='ocrx_word' id='word_1_289' title='bbox 1207 2367 1256 2418; x_wconf 89' lang='grc' dir='ltr'><strong>εί</strong></span> <span class='ocrx_word' id='word_1_290' title='bbox 1289 2366 1390 2435; x_wconf 87' lang='grc' dir='ltr'>μὲν</span> <span class='ocrx_word' id='word_1_291' title='bbox 1439 2368 1546 2438; x_wconf 78' lang='grc' dir='ltr'><strong>γὰρ</strong></span> <span class='ocrx_word' id='word_1_292' title='bbox 1596 2368 1784 2438; x_wconf 79' lang='grc' dir='ltr'>ἑώρων</span> <span class='ocrx_word' id='word_1_293' title='bbox 1812 2368 1875 2421; x_wconf 80' lang='grc' dir='ltr'>τὸ</span> 
     </span>
    </p>
   </div>
   <div class='ocr_carea' id='block_1_41' title="bbox 276 2457 1875 2530">
    <p class='ocr_par' dir='ltr' id='par_1_41' title="bbox 276 2457 1875 2530">
     <span class='ocr_line' id='line_1_41' title="bbox 276 2457 1875 2530; baseline 0.003 -20"><span class='ocrx_word' id='word_1_294' title='bbox 276 2457 573 2523; x_wconf 84' lang='grc' dir='ltr'>κοινωνὸς</span> <span class='ocrx_word' id='word_1_295' title='bbox 603 2458 695 2510; x_wconf 70' lang='grc' dir='ltr'><strong>ἐπὶ</strong></span> <span class='ocrx_word' id='word_1_296' title='bbox 729 2457 828 2528; x_wconf 80' lang='grc' dir='ltr'>τῆς</span> <span class='ocrx_word' id='word_1_297' title='bbox 881 2457 1202 2530; x_wconf 83' lang='grc' dir='ltr'>θεολογικῆς</span> <span class='ocrx_word' id='word_1_298' title='bbox 1243 2462 1555 2530; x_wconf 81' lang='grc' dir='ltr'>γεννήσεως</span> <span class='ocrx_word' id='word_1_299' title='bbox 1605 2463 1875 2529; x_wconf 77' lang='grc' dir='ltr'>ἑπόμενον</span> 
     </span>
    </p>
   </div>
   <div class='ocr_carea' id='block_1_42' title="bbox 273 2548 1875 2627">
    <p class='ocr_par' dir='ltr' id='par_1_42' title="bbox 273 2548 1875 2627">
     <span class='ocr_line' id='line_1_42' title="bbox 273 2548 1875 2627; baseline 0.003 -23"><span class='ocrx_word' id='word_1_300' title='bbox 273 2551 378 2604; x_wconf 75' lang='grc' dir='ltr'>καὶ</span> <span class='ocrx_word' id='word_1_301' title='bbox 405 2548 591 2621; x_wconf 81' lang='grc' dir='ltr'>χώραν</span> <span class='ocrx_word' id='word_1_302' title='bbox 613 2549 756 2621; x_wconf 81' lang='grc' dir='ltr'>ἔχον,</span> <span class='ocrx_word' id='word_1_303' title='bbox 793 2552 934 2622; x_wconf 77' lang='grc' dir='ltr'>τάχα</span> <span class='ocrx_word' id='word_1_304' title='bbox 970 2550 1036 2605; x_wconf 79' lang='grc' dir='ltr'>ἂν</span> <span class='ocrx_word' id='word_1_305' title='bbox 1082 2554 1176 2605; x_wconf 77' lang='grc' dir='ltr'>καὶ</span> <span class='ocrx_word' id='word_1_306' title='bbox 1209 2554 1283 2624; x_wconf 83' lang='grc' dir='ltr'><strong>μὴ</strong></span> <span class='ocrx_word' id='word_1_307' title='bbox 1325 2553 1494 2608; x_wconf 79' lang='grc' dir='ltr'>θέλων</span> <span class='ocrx_word' id='word_1_308' title='bbox 1545 2558 1612 2627; x_wconf 82' lang='grc' dir='ltr'>τῇ</span> <span class='ocrx_word' id='word_1_309' title='bbox 1644 2555 1875 2627; x_wconf 76' lang='grc' dir='ltr'>ἀληθεία</span> 
     </span>
    </p>
   </div>
   <div class='ocr_carea' id='block_1_43' title="bbox 277 2642 1877 2723">
    <p class='ocr_par' dir='ltr' id='par_1_43' title="bbox 277 2642 1877 2723">
     <span class='ocr_line' id='line_1_43' title="bbox 277 2642 1877 2723; baseline 0.003 -27"><span class='ocrx_word' id='word_1_310' title='bbox 277 2642 749 2712; x_wconf 62' lang='grc' dir='ltr'>συῖεῳελκόμενος</span> <span class='ocrx_word' id='word_1_311' title='bbox 774 2645 840 2713; x_wconf 79' lang='grc' dir='ltr'>τῇ</span> <span class='ocrx_word' id='word_1_312' title='bbox 865 2643 1144 2715; x_wconf 76' lang='grc' dir='ltr'>ἀναιρέσει</span> <span class='ocrx_word' id='word_1_313' title='bbox 1175 2645 1390 2711; x_wconf 80' lang='grc' dir='ltr'>τούτου,</span> <span class='ocrx_word' id='word_1_314' title='bbox 1423 2647 1516 2700; x_wconf 78' lang='grc' dir='ltr'><strong>καὶ</strong></span> <span class='ocrx_word' id='word_1_315' title='bbox 1540 2650 1599 2700; x_wconf 82' lang='grc' dir='ltr'>τὸ</span> <span class='ocrx_word' id='word_1_316' title='bbox 1636 2647 1877 2723; x_wconf 73' lang='grc' dir='ltr'>ᾐγούμε-</span> 
     </span>
    </p>
   </div>
   <div class='ocr_carea' id='block_1_44' title="bbox 273 2734 1877 2810">
    <p class='ocr_par' dir='ltr' id='par_1_44' title="bbox 273 2734 1877 2810">
     <span class='ocr_line' id='line_1_44' title="bbox 273 2734 1877 2810; baseline 0.003 -22"><span class='ocrx_word' id='word_1_317' title='bbox 273 2752 373 2788; x_wconf 85' lang='grc' dir='ltr'>νον</span> <span class='ocrx_word' id='word_1_318' title='bbox 414 2734 751 2806; x_wconf 83' lang='grc' dir='ltr'>συνανῄρουν</span> <span class='ocrx_word' id='word_1_319' title='bbox 772 2751 785 2765; x_wconf 92' lang='grc'><strong>·</strong></span> <span class='ocrx_word' id='word_1_320' title='bbox 817 2735 1069 2790; x_wconf 81' lang='grc' dir='ltr'>τουτέστι</span> <span class='ocrx_word' id='word_1_321' title='bbox 1102 2737 1165 2790; x_wconf 83' lang='grc' dir='ltr'>τὺ</span> <span class='ocrx_word' id='word_1_322' title='bbox 1203 2739 1293 2791; x_wconf 78' lang='grc' dir='ltr'><strong>ἐπὶ</strong></span> <span class='ocrx_word' id='word_1_323' title='bbox 1326 2740 1423 2810; x_wconf 84' lang='grc' dir='ltr'>τὴν</span> <span class='ocrx_word' id='word_1_324' title='bbox 1459 2740 1739 2809; x_wconf 75' lang='grc' dir='ltr'>θεολογίαν</span> <span class='ocrx_word' id='word_1_325' title='bbox 1783 2739 1877 2794; x_wconf 77' lang='grc' dir='ltr'><strong>τὸν</strong></span> 
     </span>
    </p>
   </div>
   <div class='ocr_carea' id='block_1_45' title="bbox 274 2827 1874 2904">
    <p class='ocr_par' dir='ltr' id='par_1_45' title="bbox 274 2827 1874 2904">
     <span class='ocr_line' id='line_1_45' title="bbox 274 2827 1874 2904; baseline 0.002 -21"><span class='ocrx_word' id='word_1_326' title='bbox 274 2830 412 2883; x_wconf 79' lang='grc' dir='ltr'>Υἱον</span> <span class='ocrx_word' id='word_1_327' title='bbox 435 2827 933 2900; x_wconf 68' lang='grc' dir='ltr'>ἀποκηρύττεσθαιέ</span> <span class='ocrx_word' id='word_1_328' title='bbox 951 2830 1106 2885; x_wconf 73' lang='grc' dir='ltr'>Ἐπεὶ</span> <span class='ocrx_word' id='word_1_329' title='bbox 1123 2830 1181 2884; x_wconf 78' lang='grc' dir='ltr'>δὲ</span> <span class='ocrx_word' id='word_1_330' title='bbox 1203 2831 1363 2885; x_wconf 78' lang='grc' dir='ltr'>τοῦτο</span> <span class='ocrx_word' id='word_1_331' title='bbox 1390 2832 1557 2887; x_wconf 77' lang='grc' dir='ltr'>ἕωλον</span> <span class='ocrx_word' id='word_1_332' title='bbox 1580 2835 1673 2888; x_wconf 72' lang='grc' dir='ltr'><strong>καὶ</strong></span> <span class='ocrx_word' id='word_1_333' title='bbox 1700 2834 1874 2904; x_wconf 80' lang='grc' dir='ltr'>πάντη</span> 
     </span>
    </p>
   </div>
   <div class='ocr_carea' id='block_1_46' title="bbox 271 2912 1874 2993">
    <p class='ocr_par' dir='ltr' id='par_1_46' title="bbox 271 2912 1874 2993">
     <span class='ocr_line' id='line_1_46' title="bbox 271 2912 1874 2993; baseline 0.003 -21"><span class='ocrx_word' id='word_1_334' title='bbox 271 2919 495 2990; x_wconf 76' lang='grc' dir='ltr'>ψευδὲς,</span> <span class='ocrx_word' id='word_1_335' title='bbox 559 2921 652 2973; x_wconf 75' lang='grc' dir='ltr'>ἐπὶ</span> <span class='ocrx_word' id='word_1_336' title='bbox 679 2921 780 2990; x_wconf 81' lang='grc' dir='ltr'><strong>τῆς</strong></span> <span class='ocrx_word' id='word_1_337' title='bbox 812 2912 1132 2992; x_wconf 80' lang='grc' dir='ltr'>θεολογικῆς</span> <span class='ocrx_word' id='word_1_338' title='bbox 1176 2924 1508 2993; x_wconf 81' lang='grc' dir='ltr'><strong>γεννήσεως,</strong></span> <span class='ocrx_word' id='word_1_339' title='bbox 1540 2926 1636 2977; x_wconf 76' lang='grc' dir='ltr'><strong>καὶ</strong></span> <span class='ocrx_word' id='word_1_340' title='bbox 1672 2925 1874 2978; x_wconf 86' lang='grc' dir='ltr'>ἀνακό-</span> 
     </span>
    </p>
   </div>
   <div class='ocr_carea' id='block_1_47' title="bbox 272 3006 1877 3083">
    <p class='ocr_par' dir='ltr' id='par_1_47' title="bbox 272 3006 1877 3083">
     <span class='ocr_line' id='line_1_47' title="bbox 272 3006 1877 3083; baseline 0.006 -24"><span class='ocrx_word' id='word_1_341' title='bbox 272 3007 473 3061; x_wconf 88' lang='grc' dir='ltr'>λουθον</span> <span class='ocrx_word' id='word_1_342' title='bbox 499 3006 560 3061; x_wconf 85' lang='grc' dir='ltr'><strong>ὃν</strong></span> <span class='ocrx_word' id='word_1_343' title='bbox 583 3011 610 3062; x_wconf 91' lang='lat'><strong>6</strong></span> <span class='ocrx_word' id='word_1_344' title='bbox 638 3008 796 3077; x_wconf 82' lang='grc' dir='ltr'>λόγος</span> <span class='ocrx_word' id='word_1_345' title='bbox 826 3010 1048 3076; x_wconf 79' lang='grc' dir='ltr'>ἔδειξεν,</span> <span class='ocrx_word' id='word_1_346' title='bbox 1076 3011 1135 3063; x_wconf 72' lang='grc' dir='ltr'><strong>οὗ</strong></span> <span class='ocrx_word' id='word_1_347' title='bbox 1169 3029 1236 3082; x_wconf 87' lang='grc' dir='ltr'><strong>με</strong></span> <span class='ocrx_word' id='word_1_348' title='bbox 1282 3012 1440 3082; x_wconf 81' lang='grc' dir='ltr'>λόγος</span> <span class='ocrx_word' id='word_1_349' title='bbox 1466 3016 1877 3083; x_wconf 84' lang='grc' dir='ltr'>καταναγκάσει</span> 
     </span>
    </p>
   </div>
   <div class='ocr_carea' id='block_1_48' title="bbox 188 3101 1875 3178">
    <p class='ocr_par' dir='ltr' id='par_1_48' title="bbox 188 3101 1875 3178">
     <span class='ocr_line' id='line_1_48' title="bbox 188 3101 1875 3178; baseline 0.005 -25"><span class='ocrx_word' id='word_1_350' title='bbox 188 3102 219 3132; x_wconf 78' lang='grc'><strong><em>⁸</em></strong></span> <span class='ocrx_word' id='word_1_351' title='bbox 274 3102 381 3154; x_wconf 78' lang='grc' dir='ltr'><strong>καὶ</strong></span> <span class='ocrx_word' id='word_1_352' title='bbox 415 3101 475 3155; x_wconf 76' lang='grc' dir='ltr'><strong>τὸ</strong></span> <span class='ocrx_word' id='word_1_353' title='bbox 498 3101 827 3172; x_wconf 79' lang='grc' dir='ltr'>ἡγούμενον.</span> <span class='ocrx_word' id='word_1_354' title='bbox 860 3106 1111 3158; x_wconf 81' lang='grc' dir='ltr'><strong>τουτέστι</strong></span> <span class='ocrx_word' id='word_1_355' title='bbox 1141 3107 1233 3160; x_wconf 81' lang='grc' dir='ltr'><strong>τὸν</strong></span> <span class='ocrx_word' id='word_1_356' title='bbox 1268 3106 1418 3172; x_wconf 83' lang='grc' dir='ltr'>Υίὸν,</span> <span class='ocrx_word' id='word_1_357' title='bbox 1450 3109 1542 3160; x_wconf 71' lang='grc' dir='ltr'><strong>ἐπὶ</strong></span> <span class='ocrx_word' id='word_1_358' title='bbox 1566 3108 1663 3178; x_wconf 82' lang='grc' dir='ltr'>τῆς</span> <span class='ocrx_word' id='word_1_359' title='bbox 1695 3108 1875 3162; x_wconf 79' lang='grc' dir='ltr'>θεολο-</span> 
     </span>
    </p>
   </div>
   <div class='ocr_carea' id='block_1_49' title="bbox 2045 2086 3573 2155">
    <p class='ocr_par' dir='ltr' id='par_1_49' title="bbox 2045 2086 3573 2155">
     <span class='ocr_line' id='line_1_49' title="bbox 2045 2086 3573 2155; baseline 0.005 -15"><span class='ocrx_word' id='word_1_360' title='bbox 2045 2086 2100 2142; x_wconf 82' lang='lat'><strong>‘5.</strong></span> <span class='ocrx_word' id='word_1_361' title='bbox 2146 2087 2274 2141; x_wconf 88' lang='lat' dir='ltr'><strong>Item</strong></span> <span class='ocrx_word' id='word_1_362' title='bbox 2312 2088 2468 2143; x_wconf 71' lang='lat' dir='ltr'><strong>aliter</strong></span> <span class='ocrx_word' id='word_1_363' title='bbox 2503 2110 2515 2144; x_wconf 89' lang='lat'><strong>:</strong></span> <span class='ocrx_word' id='word_1_364' title='bbox 2559 2109 2577 2140; x_wconf 76' lang='grc' dir='ltr'><strong>ι</strong></span> <span class='ocrx_word' id='word_1_365' title='bbox 2623 2089 2767 2143; x_wconf 85' lang='lat' dir='ltr'><strong>lleus</strong></span> <span class='ocrx_word' id='word_1_366' title='bbox 2804 2106 2947 2145; x_wconf 89' lang='lat' dir='ltr'><strong>unus</strong></span> <span class='ocrx_word' id='word_1_367' title='bbox 2977 2098 3081 2155; x_wconf 88' lang='lat' dir='ltr'><strong>cst,</strong></span> <span class='ocrx_word' id='word_1_368' title='bbox 3121 2090 3334 2146; x_wconf 87' lang='lat' dir='ltr'><strong>nullum</strong></span> <span class='ocrx_word' id='word_1_369' title='bbox 3366 2090 3573 2147; x_wconf 89' lang='lat' dir='ltr'><strong>habcus</strong></span> 
     </span>
    </p>
   </div>
   <div class='ocr_carea' id='block_1_50' title="bbox 1975 2175 3572 2251">
    <p class='ocr_par' dir='ltr' id='par_1_50' title="bbox 1975 2175 3572 2251">
     <span class='ocr_line' id='line_1_50' title="bbox 1975 2175 3572 2251; baseline 0.001 -22"><span class='ocrx_word' id='word_1_370' title='bbox 1975 2175 2229 2245; x_wconf 85' lang='lat' dir='ltr'><strong>potestati</strong></span> <span class='ocrx_word' id='word_1_371' title='bbox 2303 2192 2417 2232; x_wconf 76' lang='lat' dir='ltr'><strong>suae</strong></span> <span class='ocrx_word' id='word_1_372' title='bbox 2480 2177 2979 2232; x_wconf 87' lang='lat' dir='ltr'><strong>communicantcm</strong></span> <span class='ocrx_word' id='word_1_373' title='bbox 3014 2219 3029 2246; x_wconf 88' lang='lat'><strong>,</strong></span> <span class='ocrx_word' id='word_1_374' title='bbox 3088 2194 3219 2251; x_wconf 80' lang='lat' dir='ltr'><strong>ergo</strong></span> <span class='ocrx_word' id='word_1_375' title='bbox 3280 2195 3347 2234; x_wconf 91' lang='lat' dir='ltr'><strong>ne</strong></span> <span class='ocrx_word' id='word_1_376' title='bbox 3403 2178 3572 2233; x_wconf 72' lang='lat' dir='ltr'><strong>ﬁliutn</strong></span> 
     </span>
    </p>
   </div>
   <div class='ocr_carea' id='block_1_51' title="bbox 1977 2266 3572 2339">
    <p class='ocr_par' dir='ltr' id='par_1_51' title="bbox 1977 2266 3572 2339">
     <span class='ocr_line' id='line_1_51' title="bbox 1977 2266 3572 2339; baseline 0.002 -18"><span class='ocrx_word' id='word_1_377' title='bbox 1977 2266 2200 2339; x_wconf 86' lang='lat' dir='ltr'><strong>quidem</strong></span> <span class='ocrx_word' id='word_1_378' title='bbox 2257 2269 2441 2322; x_wconf 84' lang='lat' dir='ltr'><strong>habet.</strong></span> <span class='ocrx_word' id='word_1_379' title='bbox 2475 2287 2493 2320; x_wconf 74' lang='grc' dir='ltr'><strong>ι</strong></span> <span class='ocrx_word' id='word_1_380' title='bbox 2535 2268 2806 2324; x_wconf 87' lang='lat' dir='ltr'><strong>Liberasti</strong></span> <span class='ocrx_word' id='word_1_381' title='bbox 2875 2286 2960 2324; x_wconf 90' lang='lat' dir='ltr'><strong>me</strong></span> <span class='ocrx_word' id='word_1_382' title='bbox 3016 2272 3259 2335; x_wconf 65' lang='lat' dir='ltr'><strong>negotio,</strong></span> <span class='ocrx_word' id='word_1_383' title='bbox 3310 2287 3572 2325; x_wconf 82' lang='lat' dir='ltr'><strong>arcanum</strong></span> 
     </span>
    </p>
   </div>
   <div class='ocr_carea' id='block_1_52' title="bbox 1975 2360 3573 2416">
    <p class='ocr_par' dir='ltr' id='par_1_52' title="bbox 1975 2360 3573 2416">
     <span class='ocr_line' id='line_1_52' title="bbox 1975 2360 3573 2416; baseline 0 -1"><span class='ocrx_word' id='word_1_384' title='bbox 1975 2375 2298 2415; x_wconf 86' lang='lat' dir='ltr'><strong>enarrans:</strong></span> <span class='ocrx_word' id='word_1_385' title='bbox 2341 2375 2465 2413; x_wconf 90' lang='lat' dir='ltr'><strong>nam</strong></span> <span class='ocrx_word' id='word_1_386' title='bbox 2517 2361 2566 2414; x_wconf 90' lang='lat' dir='ltr'><strong>si</strong></span> <span class='ocrx_word' id='word_1_387' title='bbox 2628 2360 2866 2414; x_wconf 82' lang='lat' dir='ltr'><strong>viderem</strong></span> <span class='ocrx_word' id='word_1_388' title='bbox 2911 2362 3240 2416; x_wconf 77' lang='lat' dir='ltr'><strong>vocabulum</strong></span> <span class='ocrx_word' id='word_1_389' title='bbox 3272 2364 3573 2416; x_wconf 83' lang='lat' dir='ltr'><strong>communi-</strong></span> 
     </span>
    </p>
   </div>
   <div class='ocr_carea' id='block_1_53' title="bbox 1978 2451 3573 2531">
    <p class='ocr_par' dir='ltr' id='par_1_53' title="bbox 1978 2451 3573 2531">
     <span class='ocr_line' id='line_1_53' title="bbox 1978 2451 3573 2531; baseline -0.001 -24"><span class='ocrx_word' id='word_1_390' title='bbox 1978 2469 2105 2507; x_wconf 80' lang='lat' dir='ltr'><strong>cans</strong></span> <span class='ocrx_word' id='word_1_391' title='bbox 2156 2453 2209 2506; x_wconf 91' lang='lat' dir='ltr'><strong>in</strong></span> <span class='ocrx_word' id='word_1_392' title='bbox 2260 2451 2569 2531; x_wconf 77' lang='lat' dir='ltr'><strong>theologica</strong></span> <span class='ocrx_word' id='word_1_393' title='bbox 2621 2453 2975 2522; x_wconf 84' lang='lat' dir='ltr'><strong>generatione</strong></span> <span class='ocrx_word' id='word_1_394' title='bbox 3013 2469 3324 2508; x_wconf 75' lang='lat' dir='ltr'><strong>connexum</strong></span> <span class='ocrx_word' id='word_1_395' title='bbox 3358 2466 3409 2508; x_wconf 90' lang='lat' dir='ltr'><strong>et</strong></span> <span class='ocrx_word' id='word_1_396' title='bbox 3440 2457 3573 2509; x_wconf 89' lang='lat' dir='ltr'><strong>sub-</strong></span> 
     </span>
    </p>
   </div>
   <div class='ocr_carea' id='block_1_54' title="bbox 1979 2544 3575 2615">
    <p class='ocr_par' dir='ltr' id='par_1_54' title="bbox 1979 2544 3575 2615">
     <span class='ocr_line' id='line_1_54' title="bbox 1979 2544 3575 2615; baseline 0.001 -14"><span class='ocrx_word' id='word_1_397' title='bbox 1979 2546 2204 2607; x_wconf 79' lang='lat' dir='ltr'><strong>sistens,</strong></span> <span class='ocrx_word' id='word_1_398' title='bbox 2241 2544 2475 2598; x_wconf 79' lang='lat' dir='ltr'><strong>fortasse</strong></span> <span class='ocrx_word' id='word_1_399' title='bbox 2522 2560 2857 2615; x_wconf 88' lang='lat' dir='ltr'><strong>quamquam</strong></span> <span class='ocrx_word' id='word_1_400' title='bbox 2911 2546 3137 2610; x_wconf 88' lang='lat' dir='ltr'><strong>invitus,</strong></span> <span class='ocrx_word' id='word_1_401' title='bbox 3180 2547 3409 2601; x_wconf 82' lang='lat' dir='ltr'><strong>veritate</strong></span> <span class='ocrx_word' id='word_1_402' title='bbox 3463 2556 3575 2602; x_wconf 88' lang='lat' dir='ltr'><strong>tra-</strong></span> 
     </span>
    </p>
   </div>
   <div class='ocr_carea' id='block_1_55' title="bbox 1981 2636 3579 2709">
    <p class='ocr_par' dir='ltr' id='par_1_55' title="bbox 1981 2636 3579 2709">
     <span class='ocr_line' id='line_1_55' title="bbox 1981 2636 3579 2709; baseline 0.001 -18"><span class='ocrx_word' id='word_1_403' title='bbox 1981 2638 2162 2702; x_wconf 84' lang='lat' dir='ltr'><strong>hente,</strong></span> <span class='ocrx_word' id='word_1_404' title='bbox 2198 2652 2323 2691; x_wconf 87' lang='lat' dir='ltr'><strong>cum</strong></span> <span class='ocrx_word' id='word_1_405' title='bbox 2361 2636 2524 2705; x_wconf 82' lang='lat' dir='ltr'><strong>hujus</strong></span> <span class='ocrx_word' id='word_1_406' title='bbox 2554 2637 2807 2692; x_wconf 83' lang='lat' dir='ltr'><strong>vocabuli</strong></span> <span class='ocrx_word' id='word_1_407' title='bbox 2853 2638 3234 2701; x_wconf 80' lang='lat' dir='ltr'><strong>exstinctione,</strong></span> <span class='ocrx_word' id='word_1_408' title='bbox 3279 2640 3579 2709; x_wconf 81' lang='lat' dir='ltr'><strong>principale</strong></span> 
     </span>
    </p>
   </div>
   <div class='ocr_carea' id='block_1_56' title="bbox 1979 2728 3578 2801">
    <p class='ocr_par' dir='ltr' id='par_1_56' title="bbox 1979 2728 3578 2801">
     <span class='ocr_line' id='line_1_56' title="bbox 1979 2728 3578 2801; baseline 0.002 -17"><span class='ocrx_word' id='word_1_409' title='bbox 1979 2744 2200 2801; x_wconf 87' lang='lat' dir='ltr'><strong>quoque</strong></span> <span class='ocrx_word' id='word_1_410' title='bbox 2221 2729 2289 2783; x_wconf 83' lang='lat' dir='ltr'><strong>de</strong></span> <span class='ocrx_word' id='word_1_411' title='bbox 2317 2728 2497 2782; x_wconf 89' lang='lat' dir='ltr'><strong>medio</strong></span> <span class='ocrx_word' id='word_1_412' title='bbox 2530 2730 2775 2783; x_wconf 90' lang='lat' dir='ltr'><strong>tollerem</strong></span> <span class='ocrx_word' id='word_1_413' title='bbox 2808 2747 2822 2782; x_wconf 86' lang='lat'><strong>:</strong></span> <span class='ocrx_word' id='word_1_414' title='bbox 2857 2730 2906 2784; x_wconf 91' lang='lat' dir='ltr'><strong>id</strong></span> <span class='ocrx_word' id='word_1_415' title='bbox 2943 2738 3027 2785; x_wconf 82' lang='lat' dir='ltr'><strong>est</strong></span> <span class='ocrx_word' id='word_1_416' title='bbox 3050 2729 3248 2784; x_wconf 85' lang='lat' dir='ltr'><strong>Filium</strong></span> <span class='ocrx_word' id='word_1_417' title='bbox 3296 2732 3578 2800; x_wconf 75' lang='lat' dir='ltr'><strong>pra-dicari</strong></span> 
     </span>
    </p>
   </div>
   <div class='ocr_carea' id='block_1_57' title="bbox 1983 2812 3581 2893">
    <p class='ocr_par' dir='ltr' id='par_1_57' title="bbox 1983 2812 3581 2893">
     <span class='ocr_line' id='line_1_57' title="bbox 1983 2812 3581 2893; baseline 0.003 -16"><span class='ocrx_word' id='word_1_418' title='bbox 1983 2824 2150 2877; x_wconf 86' lang='lat' dir='ltr'><strong>Deum</strong></span> <span class='ocrx_word' id='word_1_419' title='bbox 2181 2838 2288 2877; x_wconf 89' lang='lat' dir='ltr'><strong>non</strong></span> <span class='ocrx_word' id='word_1_420' title='bbox 2320 2812 2581 2878; x_wconf 77' lang='lat' dir='ltr'><strong>sinerem.</strong></span> <span class='ocrx_word' id='word_1_421' title='bbox 2622 2822 2726 2877; x_wconf 85' lang='lat' dir='ltr'><strong>Sed</strong></span> <span class='ocrx_word' id='word_1_422' title='bbox 2770 2826 2898 2893; x_wconf 88' lang='lat' dir='ltr'><strong>quia</strong></span> <span class='ocrx_word' id='word_1_423' title='bbox 2936 2825 3042 2879; x_wconf 91' lang='lat' dir='ltr'><strong>hoc</strong></span> <span class='ocrx_word' id='word_1_424' title='bbox 3091 2824 3245 2879; x_wconf 85' lang='lat' dir='ltr'><strong>futile</strong></span> <span class='ocrx_word' id='word_1_425' title='bbox 3275 2827 3499 2880; x_wconf 88' lang='lat' dir='ltr'><strong>omnino</strong></span> <span class='ocrx_word' id='word_1_426' title='bbox 3528 2835 3581 2881; x_wconf 90' lang='lat' dir='ltr'><strong>et</strong></span> 
     </span>
    </p>
   </div>
   <div class='ocr_carea' id='block_1_58' title="bbox 1983 2917 3583 2990">
    <p class='ocr_par' dir='ltr' id='par_1_58' title="bbox 1983 2917 3583 2990">
     <span class='ocr_line' id='line_1_58' title="bbox 1983 2917 3583 2990; baseline 0 -18"><span class='ocrx_word' id='word_1_427' title='bbox 1983 2917 2178 2973; x_wconf 88' lang='lat' dir='ltr'><strong>falsum</strong></span> <span class='ocrx_word' id='word_1_428' title='bbox 2236 2918 2288 2971; x_wconf 91' lang='lat' dir='ltr'><strong>in</strong></span> <span class='ocrx_word' id='word_1_429' title='bbox 2349 2918 2658 2989; x_wconf 55' lang='lat' dir='ltr'><strong>theologica</strong></span> <span class='ocrx_word' id='word_1_430' title='bbox 2686 2919 3038 2990; x_wconf 83' lang='lat' dir='ltr'><strong>generatione</strong></span> <span class='ocrx_word' id='word_1_431' title='bbox 3074 2919 3411 2988; x_wconf 75' lang='lat' dir='ltr'><strong>minimeque</strong></span> <span class='ocrx_word' id='word_1_432' title='bbox 3447 2935 3583 2973; x_wconf 88' lang='lat' dir='ltr'><strong>con-</strong></span> 
     </span>
    </p>
   </div>
   <div class='ocr_carea' id='block_1_59' title="bbox 1984 3010 3585 3075">
    <p class='ocr_par' dir='ltr' id='par_1_59' title="bbox 1984 3010 3585 3075">
     <span class='ocr_line' id='line_1_59' title="bbox 1984 3010 3585 3075; baseline 0 -10"><span class='ocrx_word' id='word_1_433' title='bbox 1984 3021 2300 3065; x_wconf 82' lang='lat' dir='ltr'><strong>sectaneum</strong></span> <span class='ocrx_word' id='word_1_434' title='bbox 2331 3025 2515 3065; x_wconf 88' lang='lat' dir='ltr'><strong>sermo</strong></span> <span class='ocrx_word' id='word_1_435' title='bbox 2570 3020 2763 3066; x_wconf 89' lang='lat' dir='ltr'><strong>noster</strong></span> <span class='ocrx_word' id='word_1_436' title='bbox 2811 3010 3087 3075; x_wconf 75' lang='lat' dir='ltr'><strong>ostendit,</strong></span> <span class='ocrx_word' id='word_1_437' title='bbox 3122 3012 3334 3065; x_wconf 90' lang='lat' dir='ltr'><strong>nullum</strong></span> <span class='ocrx_word' id='word_1_438' title='bbox 3374 3026 3459 3065; x_wconf 89' lang='lat' dir='ltr'><strong>me</strong></span> <span class='ocrx_word' id='word_1_439' title='bbox 3493 3028 3585 3066; x_wconf 87' lang='lat' dir='ltr'><strong>ra-</strong></span> 
     </span>
    </p>
   </div>
   <div class='ocr_carea' id='block_1_60' title="bbox 1985 3101 3582 3171">
    <p class='ocr_par' dir='ltr' id='par_1_60' title="bbox 1985 3101 3582 3171">
     <span class='ocr_line' id='line_1_60' title="bbox 1985 3101 3582 3171; baseline 0.001 -16"><span class='ocrx_word' id='word_1_440' title='bbox 1985 3102 2273 3156; x_wconf 87' lang='lat' dir='ltr'><strong>tiocinium</strong></span> <span class='ocrx_word' id='word_1_441' title='bbox 2316 3115 2495 3170; x_wconf 80' lang='lat' dir='ltr'><strong>coget,</strong></span> <span class='ocrx_word' id='word_1_442' title='bbox 2547 3117 2662 3155; x_wconf 90' lang='lat' dir='ltr'><strong>rem</strong></span> <span class='ocrx_word' id='word_1_443' title='bbox 2718 3101 3102 3171; x_wconf 79' lang='lat' dir='ltr'><strong>principalem,</strong></span> <span class='ocrx_word' id='word_1_444' title='bbox 3148 3103 3199 3157; x_wconf 89' lang='lat' dir='ltr'><strong>id</strong></span> <span class='ocrx_word' id='word_1_445' title='bbox 3241 3113 3326 3158; x_wconf 87' lang='lat' dir='ltr'><strong>est</strong></span> <span class='ocrx_word' id='word_1_446' title='bbox 3354 3102 3582 3166; x_wconf 89' lang='lat' dir='ltr'><strong>Filium,</strong></span> 
     </span>
    </p>
   </div>
   <div class='ocr_carea' id='block_1_61' title="bbox 272 3192 1881 3295">
    <p class='ocr_par' dir='ltr' id='par_1_61' title="bbox 272 3194 1881 3271">
     <span class='ocr_line' id='line_1_61' title="bbox 272 3194 1881 3271; baseline 0.006 -25"><span class='ocrx_word' id='word_1_447' title='bbox 272 3194 410 3262; x_wconf 83' lang='grc' dir='ltr'>γίας</span> <span class='ocrx_word' id='word_1_448' title='bbox 464 3195 847 3265; x_wconf 81' lang='grc' dir='ltr'>ἀπαρνεῖσθαι.</span> <span class='ocrx_word' id='word_1_449' title='bbox 895 3195 1021 3249; x_wconf 78' lang='grc' dir='ltr'><strong>Ἐπὶ</strong></span> <span class='ocrx_word' id='word_1_450' title='bbox 1064 3198 1162 3267; x_wconf 83' lang='grc' dir='ltr'>μὲν</span> <span class='ocrx_word' id='word_1_451' title='bbox 1211 3201 1320 3271; x_wconf 71' lang='grc' dir='ltr'>γὰρ</span> <span class='ocrx_word' id='word_1_452' title='bbox 1374 3200 1484 3255; x_wconf 86' lang='grc' dir='ltr'>τῶν</span> <span class='ocrx_word' id='word_1_453' title='bbox 1529 3200 1588 3265; x_wconf 78' lang='grc' dir='ltr'>ἐξ</span> <span class='ocrx_word' id='word_1_454' title='bbox 1637 3202 1881 3271; x_wconf 81' lang='grc' dir='ltr'><strong>ἀνάγκης</strong></span> 
     </span>
    </p>
   </div>
   <div class='ocr_carea' id='block_1_62' title="bbox 1988 3192 3586 3295">
    <p class='ocr_par' dir='ltr' id='par_1_62' title="bbox 1988 3192 3586 3263">
     <span class='ocr_line' id='line_1_62' title="bbox 1988 3192 3586 3263; baseline -0.001 -13"><span class='ocrx_word' id='word_1_455' title='bbox 1988 3212 2017 3250; x_wconf 91' lang='lat' dir='ltr'><strong>a</strong></span> <span class='ocrx_word' id='word_1_456' title='bbox 2080 3193 2173 3247; x_wconf 82' lang='lat' dir='ltr'><strong>Dei</strong></span> <span class='ocrx_word' id='word_1_457' title='bbox 2241 3192 2608 3262; x_wconf 75' lang='lat' dir='ltr'><strong>appellatione</strong></span> <span class='ocrx_word' id='word_1_458' title='bbox 2653 3195 2969 3249; x_wconf 80' lang='lat' dir='ltr'><strong>excludere.</strong></span> <span class='ocrx_word' id='word_1_459' title='bbox 3029 3193 3165 3249; x_wconf 83' lang='lat' dir='ltr'><strong>Nam</strong></span> <span class='ocrx_word' id='word_1_460' title='bbox 3231 3195 3284 3249; x_wconf 92' lang='lat' dir='ltr'><strong>in</strong></span> <span class='ocrx_word' id='word_1_461' title='bbox 3345 3194 3586 3263; x_wconf 80' lang='lat' dir='ltr'><strong>iisquae</strong></span> 
     </span>
    </p>
   </div>
   <div class='ocr_carea' id='block_1_63' title="bbox 274 3281 1954 3363">
    <p class='ocr_par' dir='ltr' id='par_1_63' title="bbox 274 3281 1954 3363">
     <span class='ocr_line' id='line_1_63' title="bbox 274 3281 1954 3363; baseline 0.004 -21"><span class='ocrx_word' id='word_1_462' title='bbox 274 3288 591 3359; x_wconf 79' lang='grc' dir='ltr'>ἑπομένων,</span> <span class='ocrx_word' id='word_1_463' title='bbox 610 3289 704 3343; x_wconf 71' lang='grc' dir='ltr'>καὶ</span> <span class='ocrx_word' id='word_1_464' title='bbox 732 3289 941 3345; x_wconf 83' lang='grc' dir='ltr'>τούτων</span> <span class='ocrx_word' id='word_1_465' title='bbox 972 3292 1409 3362; x_wconf 79' lang='grc' dir='ltr'>ἀναιρουμένων,</span> <span class='ocrx_word' id='word_1_466' title='bbox 1468 3293 1626 3363; x_wconf 86' lang='grc' dir='ltr'>δῆλον</span> <span class='ocrx_word' id='word_1_467' title='bbox 1662 3295 1745 3347; x_wconf 82' lang='grc' dir='ltr'>ὅτι</span> <span class='ocrx_word' id='word_1_468' title='bbox 1788 3295 1882 3348; x_wconf 78' lang='grc' dir='ltr'>καὶ</span> <span class='ocrx_word' id='word_1_469' title='bbox 1913 3281 1954 3300; x_wconf 59' lang='grc' dir='ltr'>υ</span> 
     </span>
    </p>
   </div>
   <div class='ocr_carea' id='block_1_64' title="bbox 271 3380 1880 3457">
    <p class='ocr_par' dir='ltr' id='par_1_64' title="bbox 271 3380 1880 3457">
     <span class='ocr_line' id='line_1_64' title="bbox 271 3380 1880 3457; baseline 0.004 -23"><span class='ocrx_word' id='word_1_470' title='bbox 271 3381 355 3435; x_wconf 74' lang='grc' dir='ltr'>τὰ</span> <span class='ocrx_word' id='word_1_471' title='bbox 384 3380 664 3452; x_wconf 77' lang='grc' dir='ltr'>ἡγούμενα</span> <span class='ocrx_word' id='word_1_472' title='bbox 693 3382 1096 3454; x_wconf 83' lang='grc' dir='ltr'>συνανῄρηται·</span> <span class='ocrx_word' id='word_1_473' title='bbox 1129 3385 1188 3437; x_wconf 86' lang='grc' dir='ltr'><strong>οὐ</strong></span> <span class='ocrx_word' id='word_1_474' title='bbox 1215 3385 1322 3454; x_wconf 84' lang='grc' dir='ltr'><strong>μὴν</strong></span> <span class='ocrx_word' id='word_1_475' title='bbox 1342 3385 1399 3437; x_wconf 84' lang='grc' dir='ltr'><strong>δὲ</strong></span> <span class='ocrx_word' id='word_1_476' title='bbox 1424 3386 1518 3440; x_wconf 73' lang='grc' dir='ltr'><strong>ἐπὶ</strong></span> <span class='ocrx_word' id='word_1_477' title='bbox 1547 3385 1654 3439; x_wconf 86' lang='grc' dir='ltr'><strong>τῶν</strong></span> <span class='ocrx_word' id='word_1_478' title='bbox 1679 3387 1880 3457; x_wconf 80' lang='grc' dir='ltr'>ἥκιστα</span> 
     </span>
    </p>
   </div>
   <div class='ocr_carea' id='block_1_65' title="bbox 272 3472 1885 3549">
    <p class='ocr_par' dir='ltr' id='par_1_65' title="bbox 272 3472 1885 3549">
     <span class='ocr_line' id='line_1_65' title="bbox 272 3472 1885 3549; baseline 0.003 -23"><span class='ocrx_word' id='word_1_479' title='bbox 272 3472 592 3542; x_wconf 78' lang='grc' dir='ltr'>ἑπομένων,</span> <span class='ocrx_word' id='word_1_480' title='bbox 636 3473 714 3537; x_wconf 86' lang='grc' dir='ltr'>ὡς</span> <span class='ocrx_word' id='word_1_481' title='bbox 763 3475 819 3527; x_wconf 85' lang='grc' dir='ltr'><strong>αἱ</strong></span> <span class='ocrx_word' id='word_1_482' title='bbox 870 3473 1138 3546; x_wconf 81' lang='grc' dir='ltr'>μαθήσεις</span> <span class='ocrx_word' id='word_1_483' title='bbox 1163 3475 1571 3529; x_wconf 74' lang='grc' dir='ltr'>ἐκδιδάσκουσιο</span> <span class='ocrx_word' id='word_1_484' title='bbox 1607 3477 1689 3530; x_wconf 72' lang='grc' dir='ltr'><strong>διὸ</strong></span> <span class='ocrx_word' id='word_1_485' title='bbox 1710 3474 1778 3549; x_wconf 79' lang='grc' dir='ltr'><strong>ἦν</strong></span> <span class='ocrx_word' id='word_1_486' title='bbox 1822 3478 1885 3531; x_wconf 85' lang='grc' dir='ltr'>τὸ</span> 
     </span>
    </p>
   </div>
   <div class='ocr_carea' id='block_1_66' title="bbox 270 3566 1885 3641">
    <p class='ocr_par' dir='ltr' id='par_1_66' title="bbox 270 3566 1885 3641">
     <span class='ocr_line' id='line_1_66' title="bbox 270 3566 1885 3641; baseline 0.002 -21"><span class='ocrx_word' id='word_1_487' title='bbox 270 3567 439 3638; x_wconf 78' lang='grc' dir='ltr'><strong>παρά</strong></span> <span class='ocrx_word' id='word_1_488' title='bbox 471 3566 567 3620; x_wconf 79' lang='grc' dir='ltr'>σοῦ</span> <span class='ocrx_word' id='word_1_489' title='bbox 592 3567 1049 3638; x_wconf 77' lang='grc' dir='ltr'>συλλογιζόμενον</span> <span class='ocrx_word' id='word_1_490' title='bbox 1071 3568 1300 3641; x_wconf 85' lang='grc' dir='ltr'>δυνάμει</span> <span class='ocrx_word' id='word_1_491' title='bbox 1332 3569 1574 3626; x_wconf 78' lang='grc' dir='ltr'>τοιοῦτον</span> <span class='ocrx_word' id='word_1_492' title='bbox 1594 3587 1609 3603; x_wconf 76' lang='grc'><strong><em>⁸</em></strong></span> <span class='ocrx_word' id='word_1_493' title='bbox 1647 3570 1710 3625; x_wconf 83' lang='grc' dir='ltr'><strong>Εἰ</strong></span> <span class='ocrx_word' id='word_1_494' title='bbox 1738 3570 1885 3625; x_wconf 79' lang='grc' dir='ltr'>ἔστιν</span> 
     </span>
    </p>
   </div>
   <div class='ocr_carea' id='block_1_67' title="bbox 272 3652 1882 3734">
    <p class='ocr_par' dir='ltr' id='par_1_67' title="bbox 272 3652 1882 3734">
     <span class='ocr_line' id='line_1_67' title="bbox 272 3652 1882 3734; baseline 0.002 -21"><span class='ocrx_word' id='word_1_495' title='bbox 272 3659 417 3723; x_wconf 81' lang='grc' dir='ltr'>Υἱὸς</span> <span class='ocrx_word' id='word_1_496' title='bbox 447 3660 537 3713; x_wconf 73' lang='grc' dir='ltr'><strong>ἐπὶ</strong></span> <span class='ocrx_word' id='word_1_497' title='bbox 576 3652 679 3731; x_wconf 76' lang='grc' dir='ltr'><strong>τῆς</strong></span> <span class='ocrx_word' id='word_1_498' title='bbox 704 3660 987 3728; x_wconf 89' lang='grc' dir='ltr'>θεολογίας</span> <span class='ocrx_word' id='word_1_499' title='bbox 1041 3661 1460 3732; x_wconf 79' lang='grc' dir='ltr'>πιστευόμενος,</span> <span class='ocrx_word' id='word_1_500' title='bbox 1517 3663 1882 3734; x_wconf 80' lang='grc' dir='ltr'>εὑρεθήσεται</span> 
     </span>
    </p>
   </div>
   <div class='ocr_carea' id='block_1_68' title="bbox 273 3749 1886 3827">
    <p class='ocr_par' dir='ltr' id='par_1_68' title="bbox 273 3749 1886 3827">
     <span class='ocr_line' id='line_1_68' title="bbox 273 3749 1886 3827; baseline -0.001 -19"><span class='ocrx_word' id='word_1_501' title='bbox 273 3755 381 3808; x_wconf 73' lang='grc' dir='ltr'><strong>καὶ</strong></span> <span class='ocrx_word' id='word_1_502' title='bbox 436 3754 693 3809; x_wconf 77' lang='grc' dir='ltr'>κοινωνὸν</span> <span class='ocrx_word' id='word_1_503' title='bbox 726 3756 754 3807; x_wconf 95' lang='lat'><strong>6</strong></span> <span class='ocrx_word' id='word_1_504' title='bbox 801 3749 882 3819; x_wconf 72' lang='grc' dir='ltr'>εἷς</span> <span class='ocrx_word' id='word_1_505' title='bbox 916 3754 1050 3818; x_wconf 77' lang='grc' dir='ltr'>Θεὸς</span> <span class='ocrx_word' id='word_1_506' title='bbox 1080 3753 1252 3825; x_wconf 77' lang='grc' dir='ltr'>ἔχωνο</span> <span class='ocrx_word' id='word_1_507' title='bbox 1288 3755 1427 3809; x_wconf 73' lang='grc' dir='ltr'>ἀλλὰ</span> <span class='ocrx_word' id='word_1_508' title='bbox 1481 3755 1588 3827; x_wconf 84' lang='grc' dir='ltr'>μὴν</span> <span class='ocrx_word' id='word_1_509' title='bbox 1622 3756 1754 3820; x_wconf 76' lang='grc' dir='ltr'>Θεὸς</span> <span class='ocrx_word' id='word_1_510' title='bbox 1805 3750 1886 3819; x_wconf 76' lang='grc' dir='ltr'>εἷς</span> 
     </span>
    </p>
   </div>
   <div class='ocr_carea' id='block_1_69' title="bbox 272 3845 1888 3917">
    <p class='ocr_par' dir='ltr' id='par_1_69' title="bbox 272 3845 1888 3917">
     <span class='ocr_line' id='line_1_69' title="bbox 272 3845 1888 3917; baseline 0 -17"><span class='ocrx_word' id='word_1_511' title='bbox 272 3851 437 3901; x_wconf 75' lang='grc' dir='ltr'>ἐστιν</span> <span class='ocrx_word' id='word_1_512' title='bbox 493 3846 585 3898; x_wconf 75' lang='grc' dir='ltr'><strong>ἐπὶ</strong></span> <span class='ocrx_word' id='word_1_513' title='bbox 613 3846 835 3899; x_wconf 87' lang='grc' dir='ltr'>πάντων</span> <span class='ocrx_word' id='word_1_514' title='bbox 873 3845 1130 3900; x_wconf 80' lang='grc' dir='ltr'>κοινωνὸν</span> <span class='ocrx_word' id='word_1_515' title='bbox 1157 3846 1258 3898; x_wconf 85' lang='grc' dir='ltr'><strong>οὐκ</strong></span> <span class='ocrx_word' id='word_1_516' title='bbox 1292 3845 1463 3916; x_wconf 69' lang='grc' dir='ltr'>ἔχων·</span> <span class='ocrx_word' id='word_1_517' title='bbox 1497 3847 1598 3900; x_wconf 85' lang='grc' dir='ltr'><strong>οὐκ</strong></span> <span class='ocrx_word' id='word_1_518' title='bbox 1634 3847 1742 3917; x_wconf 82' lang='grc' dir='ltr'>ἄρα</span> <span class='ocrx_word' id='word_1_519' title='bbox 1765 3847 1888 3900; x_wconf 78' lang='grc' dir='ltr'>οὐδὲ</span> 
     </span>
    </p>
   </div>
   <div class='ocr_carea' id='block_1_70' title="bbox 272 3938 1884 4011">
    <p class='ocr_par' dir='ltr' id='par_1_70' title="bbox 272 3938 1884 4011">
     <span class='ocr_line' id='line_1_70' title="bbox 272 3938 1884 4011; baseline -0.001 -17"><span class='ocrx_word' id='word_1_520' title='bbox 272 3941 416 4004; x_wconf 72' lang='grc' dir='ltr'>Υἱὸς</span> <span class='ocrx_word' id='word_1_521' title='bbox 443 3940 536 3994; x_wconf 75' lang='grc' dir='ltr'><strong>ἐπὶ</strong></span> <span class='ocrx_word' id='word_1_522' title='bbox 585 3939 687 4010; x_wconf 83' lang='grc' dir='ltr'>τῆς</span> <span class='ocrx_word' id='word_1_523' title='bbox 719 3938 998 4008; x_wconf 85' lang='grc' dir='ltr'>θεολογίας</span> <span class='ocrx_word' id='word_1_524' title='bbox 1046 3938 1298 4010; x_wconf 75' lang='grc' dir='ltr'>εὕρηται.</span> <span class='ocrx_word' id='word_1_525' title='bbox 1335 3940 1447 3993; x_wconf 77' lang='grc' dir='ltr'>Καὶ</span> <span class='ocrx_word' id='word_1_526' title='bbox 1488 3940 1707 4011; x_wconf 86' lang='grc' dir='ltr'>πρῶτον</span> <span class='ocrx_word' id='word_1_527' title='bbox 1760 3940 1884 4011; x_wconf 83' lang='grc' dir='ltr'>μὲν,</span> 
     </span>
    </p>
   </div>
   <div class='ocr_carea' id='block_1_71' title="bbox 269 4031 1888 4104">
    <p class='ocr_par' dir='ltr' id='par_1_71' title="bbox 269 4031 1888 4104">
     <span class='ocr_line' id='line_1_71' title="bbox 269 4031 1888 4104; baseline -0.001 -16"><span class='ocrx_word' id='word_1_528' title='bbox 269 4035 366 4097; x_wconf 81' lang='grc' dir='ltr'>ὡς</span> <span class='ocrx_word' id='word_1_529' title='bbox 397 4032 831 4103; x_wconf 65' lang='grc' dir='ltr'>αίφιλοσοφικαὶ</span> <span class='ocrx_word' id='word_1_530' title='bbox 887 4031 1104 4103; x_wconf 81' lang='grc' dir='ltr'>μὲθοδοι</span> <span class='ocrx_word' id='word_1_531' title='bbox 1159 4034 1308 4104; x_wconf 83' lang='grc' dir='ltr'>ἡμᾶς</span> <span class='ocrx_word' id='word_1_532' title='bbox 1361 4033 1766 4096; x_wconf 78' lang='grc' dir='ltr'>ἐκδιδάσκουσι,</span> <span class='ocrx_word' id='word_1_533' title='bbox 1824 4033 1888 4087; x_wconf 81' lang='grc' dir='ltr'><strong>τὸ</strong></span> 
     </span>
    </p>
   </div>
   <div class='ocr_carea' id='block_1_72' title="bbox 270 4124 1890 4201">
    <p class='ocr_par' dir='ltr' id='par_1_72' title="bbox 270 4124 1890 4201">
     <span class='ocr_line' id='line_1_72' title="bbox 270 4124 1890 4201; baseline 0 -22"><span class='ocrx_word' id='word_1_534' title='bbox 270 4126 556 4196; x_wconf 83' lang='grc' dir='ltr'>ἑπόμενον</span> <span class='ocrx_word' id='word_1_535' title='bbox 590 4124 1292 4201; x_wconf 64' lang='grc' dir='ltr'>ἕσφαλται.’ᾼποδέδεικται</span> <span class='ocrx_word' id='word_1_536' title='bbox 1318 4127 1429 4197; x_wconf 71' lang='grc' dir='ltr'>γὰρ</span> <span class='ocrx_word' id='word_1_537' title='bbox 1459 4127 1540 4180; x_wconf 83' lang='grc' dir='ltr'>ὅτι</span> <span class='ocrx_word' id='word_1_538' title='bbox 1563 4127 1661 4195; x_wconf 76' lang='grc' dir='ltr'>οὐχ</span> <span class='ocrx_word' id='word_1_539' title='bbox 1694 4126 1890 4180; x_wconf 75' lang='grc' dir='ltr'>ἕπεται</span> 
     </span>
    </p>
   </div>
   <div class='ocr_carea' id='block_1_73' title="bbox 272 4218 1890 4290">
    <p class='ocr_par' dir='ltr' id='par_1_73' title="bbox 272 4218 1890 4290">
     <span class='ocr_line' id='line_1_73' title="bbox 272 4218 1890 4290; baseline -0.002 -14"><span class='ocrx_word' id='word_1_540' title='bbox 272 4221 385 4276; x_wconf 76' lang='grc' dir='ltr'><strong>ἐπὶ</strong></span> <span class='ocrx_word' id='word_1_541' title='bbox 411 4221 509 4290; x_wconf 82' lang='grc' dir='ltr'>τῆς</span> <span class='ocrx_word' id='word_1_542' title='bbox 539 4218 858 4290; x_wconf 85' lang='grc' dir='ltr'>θεολογικῆς</span> <span class='ocrx_word' id='word_1_543' title='bbox 888 4224 1198 4288; x_wconf 81' lang='grc' dir='ltr'>γεννήσεως</span> <span class='ocrx_word' id='word_1_544' title='bbox 1246 4219 1306 4271; x_wconf 75' lang='grc' dir='ltr'>τὸ</span> <span class='ocrx_word' id='word_1_545' title='bbox 1340 4218 1599 4273; x_wconf 82' lang='grc' dir='ltr'>κοινωνὸν</span> <span class='ocrx_word' id='word_1_546' title='bbox 1629 4218 1890 4287; x_wconf 79' lang='grc' dir='ltr'>λέγεσθαι</span> 
     </span>
    </p>
   </div>
   <div class='ocr_carea' id='block_1_74' title="bbox 271 4310 1891 4382">
    <p class='ocr_par' dir='ltr' id='par_1_74' title="bbox 271 4310 1891 4382">
     <span class='ocr_line' id='line_1_74' title="bbox 271 4310 1891 4382; baseline 0 -17"><span class='ocrx_word' id='word_1_547' title='bbox 271 4312 385 4365; x_wconf 81' lang='grc' dir='ltr'>τὸν</span> <span class='ocrx_word' id='word_1_548' title='bbox 421 4311 549 4365; x_wconf 75' lang='grc' dir='ltr'>Υἰὸν</span> <span class='ocrx_word' id='word_1_549' title='bbox 573 4311 667 4365; x_wconf 80' lang='grc' dir='ltr'><strong>τοῦ</strong></span> <span class='ocrx_word' id='word_1_550' title='bbox 688 4311 901 4382; x_wconf 85' lang='grc' dir='ltr'>Πατρός</span> <span class='ocrx_word' id='word_1_551' title='bbox 922 4329 936 4344; x_wconf 80' lang='grc'><em>’</em></span> <span class='ocrx_word' id='word_1_552' title='bbox 970 4310 1057 4364; x_wconf 80' lang='grc' dir='ltr'>διά</span> <span class='ocrx_word' id='word_1_553' title='bbox 1089 4326 1172 4363; x_wconf 84' lang='grc' dir='ltr'><strong>τοι</strong></span> <span class='ocrx_word' id='word_1_554' title='bbox 1193 4310 1351 4363; x_wconf 76' lang='grc' dir='ltr'>τοῦτο</span> <span class='ocrx_word' id='word_1_555' title='bbox 1381 4312 1477 4365; x_wconf 71' lang='grc' dir='ltr'><strong>καὶ</strong></span> <span class='ocrx_word' id='word_1_556' title='bbox 1505 4311 1891 4376; x_wconf 81' lang='grc' dir='ltr'>ἀναπόδεικτος</span> 
     </span>
    </p>
   </div>
   <div class='ocr_carea' id='block_1_75' title="bbox 274 4402 1894 4477">
    <p class='ocr_par' dir='ltr' id='par_1_75' title="bbox 274 4402 1894 4477">
     <span class='ocr_line' id='line_1_75' title="bbox 274 4402 1894 4477; baseline 0 -19"><span class='ocrx_word' id='word_1_557' title='bbox 274 4407 312 4459; x_wconf 85' lang='grc' dir='ltr'><strong>ὁ</strong></span> <span class='ocrx_word' id='word_1_558' title='bbox 352 4406 510 4475; x_wconf 79' lang='grc' dir='ltr'>λόγος</span> <span class='ocrx_word' id='word_1_559' title='bbox 540 4404 791 4477; x_wconf 83' lang='grc' dir='ltr'>πρόεισιν</span> <span class='ocrx_word' id='word_1_560' title='bbox 810 4421 824 4435; x_wconf 77' lang='grc' dir='ltr'><strong><em>ο</em></strong></span> <span class='ocrx_word' id='word_1_561' title='bbox 857 4404 1048 4458; x_wconf 72' lang='grc' dir='ltr'>ἔπειτα</span> <span class='ocrx_word' id='word_1_562' title='bbox 1072 4402 1285 4474; x_wconf 79' lang='grc' dir='ltr'>μικρῶς</span> <span class='ocrx_word' id='word_1_563' title='bbox 1313 4419 1432 4464; x_wconf 88' lang='grc' dir='ltr'><strong>πως</strong></span> <span class='ocrx_word' id='word_1_564' title='bbox 1465 4404 1564 4474; x_wconf 79' lang='grc' dir='ltr'><strong>τὴν</strong></span> <span class='ocrx_word' id='word_1_565' title='bbox 1595 4402 1718 4456; x_wconf 90' lang='grc' dir='ltr'>καθ’</span> <span class='ocrx_word' id='word_1_566' title='bbox 1744 4405 1894 4474; x_wconf 84' lang='grc' dir='ltr'>ἡμᾶς</span> 
     </span>
    </p>
   </div>
   <div class='ocr_carea' id='block_1_76' title="bbox 275 4494 1894 4566">
    <p class='ocr_par' dir='ltr' id='par_1_76' title="bbox 275 4494 1894 4566">
     <span class='ocr_line' id='line_1_76' title="bbox 275 4494 1894 4566; baseline -0.002 -14"><span class='ocrx_word' id='word_1_567' title='bbox 275 4496 574 4565; x_wconf 83' lang='grc' dir='ltr'>Θεολογίαν</span> <span class='ocrx_word' id='word_1_568' title='bbox 597 4494 1049 4566; x_wconf 72' lang='grc' dir='ltr'>ἐπισκεψώμεθα,</span> <span class='ocrx_word' id='word_1_569' title='bbox 1068 4496 1213 4558; x_wconf 81' lang='grc' dir='ltr'>ὅπως</span> <span class='ocrx_word' id='word_1_570' title='bbox 1235 4494 1699 4566; x_wconf 82' lang='grc' dir='ltr'>εὐφωρατώτερον</span> <span class='ocrx_word' id='word_1_571' title='bbox 1721 4495 1894 4549; x_wconf 78' lang='grc' dir='ltr'>ἅπασι</span> 
     </span>
    </p>
   </div>
   <div class='ocr_carea' id='block_1_77' title="bbox 1988 3287 3584 3356">
    <p class='ocr_par' dir='ltr' id='par_1_77' title="bbox 1988 3287 3584 3356">
     <span class='ocr_line' id='line_1_77' title="bbox 1988 3287 3584 3356; baseline -0.001 -14"><span class='ocrx_word' id='word_1_572' title='bbox 1988 3291 2303 3343; x_wconf 74' lang='lat' dir='ltr'><strong>necessario</strong></span> <span class='ocrx_word' id='word_1_573' title='bbox 2353 3303 2493 3341; x_wconf 81' lang='lat' dir='ltr'><strong>nexu</strong></span> <span class='ocrx_word' id='word_1_574' title='bbox 2553 3287 2872 3351; x_wconf 69' lang='lat' dir='ltr'><strong>cohaerent,</strong></span> <span class='ocrx_word' id='word_1_575' title='bbox 2938 3295 3127 3356; x_wconf 85' lang='lat' dir='ltr'><strong>patet,</strong></span> <span class='ocrx_word' id='word_1_576' title='bbox 3186 3287 3273 3342; x_wconf 81' lang='lat' dir='ltr'><strong>his</strong></span> <span class='ocrx_word' id='word_1_577' title='bbox 3328 3288 3584 3351; x_wconf 81' lang='lat' dir='ltr'><strong>sublatis,</strong></span> 
     </span>
    </p>
   </div>
   <div class='ocr_carea' id='block_1_78' title="bbox 1989 3378 3589 3451">
    <p class='ocr_par' dir='ltr' id='par_1_78' title="bbox 1989 3378 3589 3451">
     <span class='ocr_line' id='line_1_78' title="bbox 1989 3378 3589 3451; baseline 0.001 -18"><span class='ocrx_word' id='word_1_578' title='bbox 1989 3383 2313 3451; x_wconf 85' lang='lat' dir='ltr'><strong>principalia</strong></span> <span class='ocrx_word' id='word_1_579' title='bbox 2367 3396 2588 3451; x_wconf 87' lang='lat' dir='ltr'><strong>quoque</strong></span> <span class='ocrx_word' id='word_1_580' title='bbox 2655 3378 2882 3448; x_wconf 74' lang='lat' dir='ltr'><strong>perire:</strong></span> <span class='ocrx_word' id='word_1_581' title='bbox 2928 3395 3034 3434; x_wconf 91' lang='lat' dir='ltr'><strong>non</strong></span> <span class='ocrx_word' id='word_1_582' title='bbox 3087 3380 3161 3435; x_wconf 89' lang='lat' dir='ltr'><strong>ita</strong></span> <span class='ocrx_word' id='word_1_583' title='bbox 3214 3392 3395 3435; x_wconf 84' lang='lat' dir='ltr'><strong>tamen</strong></span> <span class='ocrx_word' id='word_1_584' title='bbox 3430 3380 3483 3433; x_wconf 93' lang='lat' dir='ltr'><strong>iu</strong></span> <span class='ocrx_word' id='word_1_585' title='bbox 3519 3380 3589 3435; x_wconf 87' lang='lat' dir='ltr'><strong>iis</strong></span> 
     </span>
    </p>
   </div>
   <div class='ocr_carea' id='block_1_79' title="bbox 1987 3470 3591 3542">
    <p class='ocr_par' dir='ltr' id='par_1_79' title="bbox 1987 3470 3591 3542">
     <span class='ocr_line' id='line_1_79' title="bbox 1987 3470 3591 3542; baseline -0.002 -15"><span class='ocrx_word' id='word_1_586' title='bbox 1987 3477 2284 3528; x_wconf 81' lang='lat' dir='ltr'><strong>usuvenire</strong></span> <span class='ocrx_word' id='word_1_587' title='bbox 2338 3488 2458 3542; x_wconf 74' lang='lat' dir='ltr'><strong>qua:</strong></span> <span class='ocrx_word' id='word_1_588' title='bbox 2531 3470 2758 3526; x_wconf 66' lang='lat' dir='ltr'><strong>minime</strong></span> <span class='ocrx_word' id='word_1_589' title='bbox 2814 3483 3005 3526; x_wconf 89' lang='lat' dir='ltr'><strong>mutuo</strong></span> <span class='ocrx_word' id='word_1_590' title='bbox 3057 3472 3371 3537; x_wconf 63' lang='lat' dir='ltr'><strong>cohaerent,</strong></span> <span class='ocrx_word' id='word_1_591' title='bbox 3422 3471 3591 3527; x_wconf 87' lang='lat' dir='ltr'><strong>disci-</strong></span> 
     </span>
    </p>
   </div>
   <div class='ocr_carea' id='block_1_80' title="bbox 1990 3563 3591 3636">
    <p class='ocr_par' dir='ltr' id='par_1_80' title="bbox 1990 3563 3591 3636">
     <span class='ocr_line' id='line_1_80' title="bbox 1990 3563 3591 3636; baseline 0 -17"><span class='ocrx_word' id='word_1_592' title='bbox 1990 3566 2152 3636; x_wconf 59' lang='lat' dir='ltr'><strong>plina:</strong></span> <span class='ocrx_word' id='word_1_593' title='bbox 2204 3566 2424 3619; x_wconf 83' lang='lat' dir='ltr'><strong>docent.</strong></span> <span class='ocrx_word' id='word_1_594' title='bbox 2475 3563 2771 3634; x_wconf 56' lang='lat' dir='ltr'><strong>Propterea</strong></span> <span class='ocrx_word' id='word_1_595' title='bbox 2844 3564 3146 3635; x_wconf 81' lang='lat' dir='ltr'><strong>syllogismi</strong></span> <span class='ocrx_word' id='word_1_596' title='bbox 3205 3565 3280 3621; x_wconf 89' lang='lat' dir='ltr'><strong>lui</strong></span> <span class='ocrx_word' id='word_1_597' title='bbox 3339 3566 3454 3619; x_wconf 70' lang='lat' dir='ltr'><strong>haec</strong></span> <span class='ocrx_word' id='word_1_598' title='bbox 3511 3568 3591 3619; x_wconf 87' lang='lat' dir='ltr'><strong>vis</strong></span> 
     </span>
    </p>
   </div>
   <div class='ocr_carea' id='block_1_81' title="bbox 1989 3656 3594 3727">
    <p class='ocr_par' dir='ltr' id='par_1_81' title="bbox 1989 3656 3594 3727">
     <span class='ocr_line' id='line_1_81' title="bbox 1989 3656 3594 3727; baseline 0.001 -15"><span class='ocrx_word' id='word_1_599' title='bbox 1989 3669 2108 3712; x_wconf 82' lang='lat' dir='ltr'><strong>erat</strong></span> <span class='ocrx_word' id='word_1_600' title='bbox 2156 3675 2171 3712; x_wconf 88' lang='lat'><strong>:</strong></span> <span class='ocrx_word' id='word_1_601' title='bbox 2211 3657 2265 3710; x_wconf 87' lang='lat' dir='ltr'><strong>Si</strong></span> <span class='ocrx_word' id='word_1_602' title='bbox 2329 3656 2450 3710; x_wconf 87' lang='lat' dir='ltr'><strong>Filii</strong></span> <span class='ocrx_word' id='word_1_603' title='bbox 2529 3657 2790 3712; x_wconf 75' lang='lat' dir='ltr'><strong>divinitas</strong></span> <span class='ocrx_word' id='word_1_604' title='bbox 2862 3659 3124 3724; x_wconf 84' lang='lat' dir='ltr'><strong>creditur,</strong></span> <span class='ocrx_word' id='word_1_605' title='bbox 3190 3658 3594 3727; x_wconf 88' lang='lat' dir='ltr'><strong>compericmus</strong></span> 
     </span>
    </p>
   </div>
   <div class='ocr_carea' id='block_1_82' title="bbox 1990 3747 3592 3818">
    <p class='ocr_par' dir='ltr' id='par_1_82' title="bbox 1990 3747 3592 3818">
     <span class='ocr_line' id='line_1_82' title="bbox 1990 3747 3592 3818; baseline -0.001 -15"><span class='ocrx_word' id='word_1_606' title='bbox 1990 3765 2161 3803; x_wconf 87' lang='lat' dir='ltr'><strong>unum</strong></span> <span class='ocrx_word' id='word_1_607' title='bbox 2225 3749 2394 3802; x_wconf 89' lang='lat' dir='ltr'><strong>Deum</strong></span> <span class='ocrx_word' id='word_1_608' title='bbox 2460 3747 2663 3803; x_wconf 88' lang='lat' dir='ltr'><strong>habere</strong></span> <span class='ocrx_word' id='word_1_609' title='bbox 2714 3749 2952 3818; x_wconf 76' lang='lat' dir='ltr'><strong>aliquem</strong></span> <span class='ocrx_word' id='word_1_610' title='bbox 3012 3749 3116 3804; x_wconf 87' lang='lat' dir='ltr'><strong>sibi</strong></span> <span class='ocrx_word' id='word_1_611' title='bbox 3175 3751 3592 3803; x_wconf 86' lang='lat' dir='ltr'><strong>communicau-</strong></span> 
     </span>
    </p>
   </div>
   <div class='ocr_carea' id='block_1_83' title="bbox 1992 3839 3588 3910">
    <p class='ocr_par' dir='ltr' id='par_1_83' title="bbox 1992 3839 3588 3910">
     <span class='ocr_line' id='line_1_83' title="bbox 1992 3839 3588 3910; baseline -0.001 -16"><span class='ocrx_word' id='word_1_612' title='bbox 1992 3849 2099 3894; x_wconf 87' lang='lat' dir='ltr'><strong>tcm</strong></span> <span class='ocrx_word' id='word_1_613' title='bbox 2152 3860 2166 3894; x_wconf 89' lang='lat'><strong>:</strong></span> <span class='ocrx_word' id='word_1_614' title='bbox 2213 3841 2363 3910; x_wconf 82' lang='lat' dir='ltr'><strong>atqui</strong></span> <span class='ocrx_word' id='word_1_615' title='bbox 2422 3859 2566 3899; x_wconf 76' lang='lat' dir='ltr'><strong>uitus</strong></span> <span class='ocrx_word' id='word_1_616' title='bbox 2610 3851 2694 3896; x_wconf 85' lang='lat' dir='ltr'><strong>est</strong></span> <span class='ocrx_word' id='word_1_617' title='bbox 2751 3840 3080 3896; x_wconf 59' lang='lat' dir='ltr'><strong>universalis</strong></span> <span class='ocrx_word' id='word_1_618' title='bbox 3135 3839 3312 3906; x_wconf 82' lang='lat' dir='ltr'><strong>Deus,</strong></span> <span class='ocrx_word' id='word_1_619' title='bbox 3373 3841 3588 3894; x_wconf 91' lang='lat' dir='ltr'><strong>nullum</strong></span> 
     </span>
    </p>
   </div>
   <div class='ocr_carea' id='block_1_84' title="bbox 1992 3933 3590 4004">
    <p class='ocr_par' dir='ltr' id='par_1_84' title="bbox 1992 3933 3590 4004">
     <span class='ocr_line' id='line_1_84' title="bbox 1992 3933 3590 4004; baseline -0.001 -16"><span class='ocrx_word' id='word_1_620' title='bbox 1992 3934 2203 3989; x_wconf 88' lang='lat' dir='ltr'><strong>habens</strong></span> <span class='ocrx_word' id='word_1_621' title='bbox 2228 3936 2732 3990; x_wconf 88' lang='lat' dir='ltr'><strong>communicantem</strong></span> <span class='ocrx_word' id='word_1_622' title='bbox 2768 3953 2783 3990; x_wconf 88' lang='lat'><strong>:</strong></span> <span class='ocrx_word' id='word_1_623' title='bbox 2826 3949 3174 4004; x_wconf 88' lang='lat' dir='ltr'><strong>nequaquam</strong></span> <span class='ocrx_word' id='word_1_624' title='bbox 3197 3934 3384 4003; x_wconf 85' lang='lat' dir='ltr'><strong>itaque</strong></span> <span class='ocrx_word' id='word_1_625' title='bbox 3416 3933 3590 3987; x_wconf 78' lang='lat' dir='ltr'><strong>Filius</strong></span> 
     </span>
    </p>
   </div>
   <div class='ocr_carea' id='block_1_85' title="bbox 1993 4025 3597 4098">
    <p class='ocr_par' dir='ltr' id='par_1_85' title="bbox 1993 4025 3597 4098">
     <span class='ocr_line' id='line_1_85' title="bbox 1993 4025 3597 4098; baseline 0 -18"><span class='ocrx_word' id='word_1_626' title='bbox 1993 4026 2047 4080; x_wconf 91' lang='lat' dir='ltr'><strong>in</strong></span> <span class='ocrx_word' id='word_1_627' title='bbox 2093 4027 2369 4098; x_wconf 75' lang='lat' dir='ltr'><strong>theologia</strong></span> <span class='ocrx_word' id='word_1_628' title='bbox 2394 4027 2696 4082; x_wconf 87' lang='lat' dir='ltr'><strong>invenitur.</strong></span> <span class='ocrx_word' id='word_1_629' title='bbox 2736 4025 2797 4079; x_wconf 85' lang='lat' dir='ltr'><strong>Et</strong></span> <span class='ocrx_word' id='word_1_630' title='bbox 2834 4029 3073 4095; x_wconf 89' lang='lat' dir='ltr'><strong>primum</strong></span> <span class='ocrx_word' id='word_1_631' title='bbox 3131 4025 3379 4095; x_wconf 84' lang='lat' dir='ltr'><strong>quidem,</strong></span> <span class='ocrx_word' id='word_1_632' title='bbox 3431 4035 3597 4094; x_wconf 89' lang='lat' dir='ltr'><strong>prout</strong></span> 
     </span>
    </p>
   </div>
   <div class='ocr_carea' id='block_1_86' title="bbox 1993 4116 3596 4189">
    <p class='ocr_par' dir='ltr' id='par_1_86' title="bbox 1993 4116 3596 4189">
     <span class='ocr_line' id='line_1_86' title="bbox 1993 4116 3596 4189; baseline 0 -18"><span class='ocrx_word' id='word_1_633' title='bbox 1993 4133 2094 4173; x_wconf 93' lang='lat' dir='ltr'><strong>nos</strong></span> <span class='ocrx_word' id='word_1_634' title='bbox 2126 4118 2520 4188; x_wconf 71' lang='lat' dir='ltr'><strong>philosophica:</strong></span> <span class='ocrx_word' id='word_1_635' title='bbox 2546 4118 2751 4187; x_wconf 72' lang='lat' dir='ltr'><strong>regula:</strong></span> <span class='ocrx_word' id='word_1_636' title='bbox 2775 4118 2993 4181; x_wconf 88' lang='lat' dir='ltr'><strong>docent,</strong></span> <span class='ocrx_word' id='word_1_637' title='bbox 3041 4116 3187 4186; x_wconf 89' lang='lat' dir='ltr'><strong>quod</strong></span> <span class='ocrx_word' id='word_1_638' title='bbox 3252 4118 3596 4189; x_wconf 73' lang='lat' dir='ltr'><strong>SlibSl&#39;QliCllS</strong></span> 
     </span>
    </p>
   </div>
   <div class='ocr_carea' id='block_1_87' title="bbox 1993 4206 3597 4273">
    <p class='ocr_par' dir='ltr' id='par_1_87' title="bbox 1993 4206 3597 4273">
     <span class='ocr_line' id='line_1_87' title="bbox 1993 4206 3597 4273; baseline -0.002 -9"><span class='ocrx_word' id='word_1_639' title='bbox 1993 4218 2079 4265; x_wconf 88' lang='lat' dir='ltr'><strong>est</strong></span> <span class='ocrx_word' id='word_1_640' title='bbox 2112 4210 2397 4265; x_wconf 87' lang='lat' dir='ltr'><strong>evertitur.</strong></span> <span class='ocrx_word' id='word_1_641' title='bbox 2434 4209 2881 4264; x_wconf 80' lang='lat' dir='ltr'><strong>Detuonstratum</strong></span> <span class='ocrx_word' id='word_1_642' title='bbox 2928 4208 3074 4262; x_wconf 87' lang='lat' dir='ltr'><strong>cnim</strong></span> <span class='ocrx_word' id='word_1_643' title='bbox 3133 4206 3259 4273; x_wconf 78' lang='lat' dir='ltr'><strong>fuit,</strong></span> <span class='ocrx_word' id='word_1_644' title='bbox 3316 4225 3423 4261; x_wconf 86' lang='lat' dir='ltr'><strong>nou</strong></span> <span class='ocrx_word' id='word_1_645' title='bbox 3473 4226 3597 4263; x_wconf 81' lang='lat' dir='ltr'><strong>esse</strong></span> 
     </span>
    </p>
   </div>
   <div class='ocr_carea' id='block_1_88' title="bbox 1995 4300 3590 4373">
    <p class='ocr_par' dir='ltr' id='par_1_88' title="bbox 1995 4300 3590 4373">
     <span class='ocr_line' id='line_1_88' title="bbox 1995 4300 3590 4373; baseline -0.003 -15"><span class='ocrx_word' id='word_1_646' title='bbox 1995 4319 2341 4373; x_wconf 86' lang='lat' dir='ltr'><strong>consequens</strong></span> <span class='ocrx_word' id='word_1_647' title='bbox 2361 4305 2414 4357; x_wconf 91' lang='lat' dir='ltr'><strong>iu</strong></span> <span class='ocrx_word' id='word_1_648' title='bbox 2444 4302 2751 4371; x_wconf 81' lang='lat' dir='ltr'><strong>theologica</strong></span> <span class='ocrx_word' id='word_1_649' title='bbox 2765 4302 3140 4369; x_wconf 73' lang='lat' dir='ltr'><strong>generatione,</strong></span> <span class='ocrx_word' id='word_1_650' title='bbox 3161 4300 3556 4353; x_wconf 85' lang='lat' dir='ltr'><strong>communicau</strong></span> <span class='ocrx_word' id='word_1_651' title='bbox 3572 4330 3590 4343; x_wconf 86' lang='lat'><strong>-</strong></span> 
     </span>
    </p>
   </div>
   <div class='ocr_carea' id='block_1_89' title="bbox 2001 4390 3599 4461">
    <p class='ocr_par' dir='ltr' id='par_1_89' title="bbox 2001 4390 3599 4461">
     <span class='ocr_line' id='line_1_89' title="bbox 2001 4390 3599 4461; baseline -0.004 -11"><span class='ocrx_word' id='word_1_652' title='bbox 2001 4405 2109 4451; x_wconf 85' lang='lat' dir='ltr'><strong>tem</strong></span> <span class='ocrx_word' id='word_1_653' title='bbox 2142 4394 2251 4450; x_wconf 88' lang='lat' dir='ltr'><strong>dici</strong></span> <span class='ocrx_word' id='word_1_654' title='bbox 2305 4394 2505 4448; x_wconf 82' lang='lat' dir='ltr'><strong>Filium</strong></span> <span class='ocrx_word' id='word_1_655' title='bbox 2544 4391 2716 4446; x_wconf 84' lang='lat' dir='ltr'><strong>Patri.</strong></span> <span class='ocrx_word' id='word_1_656' title='bbox 2764 4390 3062 4461; x_wconf 83' lang='lat' dir='ltr'><strong>Propterea</strong></span> <span class='ocrx_word' id='word_1_657' title='bbox 3111 4390 3317 4461; x_wconf 80' lang='lat' dir='ltr'><strong>absque</strong></span> <span class='ocrx_word' id='word_1_658' title='bbox 3364 4392 3599 4445; x_wconf 85' lang='lat' dir='ltr'><strong>demou-</strong></span> 
     </span>
    </p>
   </div>
   <div class='ocr_carea' id='block_1_90' title="bbox 2000 4483 3596 4551">
    <p class='ocr_par' dir='ltr' id='par_1_90' title="bbox 2000 4483 3596 4551">
     <span class='ocr_line' id='line_1_90' title="bbox 2000 4483 3596 4551; baseline -0.005 -6"><span class='ocrx_word' id='word_1_659' title='bbox 2000 4488 2267 4545; x_wconf 79' lang='lat' dir='ltr'><strong>stratioue</strong></span> <span class='ocrx_word' id='word_1_660' title='bbox 2294 4486 2530 4541; x_wconf 84' lang='lat' dir='ltr'><strong>assertio</strong></span> <span class='ocrx_word' id='word_1_661' title='bbox 2561 4484 2650 4538; x_wconf 86' lang='lat' dir='ltr'><strong>illa</strong></span> <span class='ocrx_word' id='word_1_662' title='bbox 2684 4493 2786 4539; x_wconf 87' lang='lat' dir='ltr'><strong>est.</strong></span> <span class='ocrx_word' id='word_1_663' title='bbox 2824 4483 2949 4537; x_wconf 78' lang='lat' dir='ltr'><strong>Mox</strong></span> <span class='ocrx_word' id='word_1_664' title='bbox 2981 4483 3325 4551; x_wconf 86' lang='lat' dir='ltr'><strong>aliquantum</strong></span> <span class='ocrx_word' id='word_1_665' title='bbox 3380 4483 3596 4537; x_wconf 84' lang='lat' dir='ltr'><strong>theolo-</strong></span> 
     </span>
    </p>
   </div>
   <div class='ocr_carea' id='block_1_91' title="bbox 279 4574 1881 4663">
    <p class='ocr_par' dir='ltr' id='par_1_91' title="bbox 279 4587 1881 4663">
     <span class='ocr_line' id='line_1_91' title="bbox 279 4587 1881 4663; baseline -0.002 -17"><span class='ocrx_word' id='word_1_666' title='bbox 279 4592 360 4646; x_wconf 76' lang='grc' dir='ltr'>τὸ</span> <span class='ocrx_word' id='word_1_667' title='bbox 393 4591 620 4663; x_wconf 81' lang='grc' dir='ltr'>ἀδρανὲς</span> <span class='ocrx_word' id='word_1_668' title='bbox 653 4589 713 4643; x_wconf 83' lang='grc' dir='ltr'><strong>ὃν</strong></span> <span class='ocrx_word' id='word_1_669' title='bbox 742 4589 836 4643; x_wconf 82' lang='grc' dir='ltr'><strong>καὶ</strong></span> <span class='ocrx_word' id='word_1_670' title='bbox 860 4589 1122 4644; x_wconf 81' lang='grc' dir='ltr'>ἀπίθανον</span> <span class='ocrx_word' id='word_1_671' title='bbox 1147 4587 1239 4641; x_wconf 77' lang='grc' dir='ltr'>τοῦ</span> <span class='ocrx_word' id='word_1_672' title='bbox 1264 4588 1418 4660; x_wconf 73' lang='grc' dir='ltr'>παρὰ</span> <span class='ocrx_word' id='word_1_673' title='bbox 1443 4589 1537 4643; x_wconf 84' lang='grc' dir='ltr'><strong>σοῦ</strong></span> <span class='ocrx_word' id='word_1_674' title='bbox 1568 4588 1881 4660; x_wconf 78' lang='grc' dir='ltr'><strong>δογματιζο⁴</strong></span> 
     </span>
    </p>
   </div>
   <div class='ocr_carea' id='block_1_92' title="bbox 1988 4574 3600 4663">
    <p class='ocr_par' dir='ltr' id='par_1_92' title="bbox 1999 4574 3600 4652">
     <span class='ocr_line' id='line_1_92' title="bbox 1999 4574 3600 4652; baseline -0.004 -19"><span class='ocrx_word' id='word_1_675' title='bbox 1999 4582 2144 4652; x_wconf 74' lang='lat' dir='ltr'><strong>giam</strong></span> <span class='ocrx_word' id='word_1_676' title='bbox 2179 4592 2425 4634; x_wconf 86' lang='lat' dir='ltr'><strong>nostram</strong></span> <span class='ocrx_word' id='word_1_677' title='bbox 2460 4575 2966 4638; x_wconf 86' lang='lat' dir='ltr'><strong>considerabimus,</strong></span> <span class='ocrx_word' id='word_1_678' title='bbox 3024 4589 3084 4629; x_wconf 87' lang='lat' dir='ltr'><strong>ut</strong></span> <span class='ocrx_word' id='word_1_679' title='bbox 3122 4574 3435 4629; x_wconf 87' lang='lat' dir='ltr'><strong>evidentius</strong></span> <span class='ocrx_word' id='word_1_680' title='bbox 3479 4590 3600 4629; x_wconf 83' lang='lat' dir='ltr'><strong>om-</strong></span> 
     </span>
    </p>
   </div>
   <div class='ocr_carea' id='block_1_93' title="bbox 283 4678 1138 4756">
    <p class='ocr_par' dir='ltr' id='par_1_93' title="bbox 283 4678 1138 4756">
     <span class='ocr_line' id='line_1_93' title="bbox 283 4678 1138 4756; baseline -0.004 -19"><span class='ocrx_word' id='word_1_681' title='bbox 283 4683 467 4756; x_wconf 78' lang='grc' dir='ltr'>μένου</span> <span class='ocrx_word' id='word_1_682' title='bbox 502 4682 662 4751; x_wconf 88' lang='grc' dir='ltr'>λόγου</span> <span class='ocrx_word' id='word_1_683' title='bbox 698 4678 1138 4752; x_wconf 81' lang='grc' dir='ltr'>παραδείξωμεν.</span> 
     </span>
    </p>
   </div>
   <div class='ocr_carea' id='block_1_94' title="bbox 365 4856 1893 4932">
    <p class='ocr_par' dir='ltr' id='par_1_94' title="bbox 365 4856 1893 4932">
     <span class='ocr_line' id='line_1_94' title="bbox 365 4856 1893 4932; baseline -0.005 -14"><span class='ocrx_word' id='word_1_684' title='bbox 365 4864 431 4918; x_wconf 90' lang='grc' dir='ltr'><strong>δ’.</strong></span> <span class='ocrx_word' id='word_1_685' title='bbox 458 4863 540 4919; x_wconf 78' lang='grc' dir='ltr'><strong>Τὰ</strong></span> <span class='ocrx_word' id='word_1_686' title='bbox 557 4862 735 4917; x_wconf 84' lang='grc' dir='ltr'>τοίνυν</span> <span class='ocrx_word' id='word_1_687' title='bbox 761 4861 853 4914; x_wconf 74' lang='grc' dir='ltr'>ἐπὶ</span> <span class='ocrx_word' id='word_1_688' title='bbox 881 4861 979 4932; x_wconf 81' lang='grc' dir='ltr'>τῆς</span> <span class='ocrx_word' id='word_1_689' title='bbox 1020 4859 1300 4930; x_wconf 82' lang='grc' dir='ltr'>θεολογίας</span> <span class='ocrx_word' id='word_1_690' title='bbox 1324 4858 1456 4929; x_wconf 69' lang='grc' dir='ltr'>παρ’</span> <span class='ocrx_word' id='word_1_691' title='bbox 1486 4857 1646 4930; x_wconf 84' lang='grc' dir='ltr'>ήμῶν</span> <span class='ocrx_word' id='word_1_692' title='bbox 1675 4856 1893 4929; x_wconf 83' lang='grc' dir='ltr'>ἀληθῶς</span> 
     </span>
    </p>
   </div>
   <div class='ocr_carea' id='block_1_95' title="bbox 272 4950 1893 5026">
    <p class='ocr_par' dir='ltr' id='par_1_95' title="bbox 272 4950 1893 5026">
     <span class='ocr_line' id='line_1_95' title="bbox 272 4950 1893 5026; baseline -0.006 -15"><span class='ocrx_word' id='word_1_693' title='bbox 272 4955 593 5026; x_wconf 82' lang='grc' dir='ltr'>λεγόμενα,</span> <span class='ocrx_word' id='word_1_694' title='bbox 625 4956 695 5009; x_wconf 77' lang='grc' dir='ltr'>τὰ</span> <span class='ocrx_word' id='word_1_695' title='bbox 720 4953 818 5025; x_wconf 80' lang='grc' dir='ltr'><strong>μὲν</strong></span> <span class='ocrx_word' id='word_1_696' title='bbox 845 4952 1044 5016; x_wconf 79' lang='grc' dir='ltr'>κοινῶς</span> <span class='ocrx_word' id='word_1_697' title='bbox 1078 4953 1171 5006; x_wconf 71' lang='grc' dir='ltr'>ἐπὶ</span> <span class='ocrx_word' id='word_1_698' title='bbox 1200 4951 1309 5005; x_wconf 87' lang='grc' dir='ltr'>τῶν</span> <span class='ocrx_word' id='word_1_699' title='bbox 1333 4950 1504 5019; x_wconf 86' lang='grc' dir='ltr'>τριῶν</span> <span class='ocrx_word' id='word_1_700' title='bbox 1538 4950 1893 5004; x_wconf 81' lang='grc' dir='ltr'>ὑποστάσεων</span> 
     </span>
    </p>
   </div>
   <div class='ocr_carea' id='block_1_96' title="bbox 273 5042 1893 5118">
    <p class='ocr_par' dir='ltr' id='par_1_96' title="bbox 273 5042 1893 5118">
     <span class='ocr_line' id='line_1_96' title="bbox 273 5042 1893 5118; baseline -0.007 -14"><span class='ocrx_word' id='word_1_701' title='bbox 273 5050 541 5118; x_wconf 79' lang='grc' dir='ltr'>λέγεται,</span> <span class='ocrx_word' id='word_1_702' title='bbox 565 5048 640 5112; x_wconf 87' lang='grc' dir='ltr'><strong>ὡς</strong></span> <span class='ocrx_word' id='word_1_703' title='bbox 674 5048 767 5101; x_wconf 71' lang='grc' dir='ltr'><strong>ἐπὶ</strong></span> <span class='ocrx_word' id='word_1_704' title='bbox 803 5048 931 5118; x_wconf 82' lang='grc' dir='ltr'>μιᾶς</span> <span class='ocrx_word' id='word_1_705' title='bbox 961 5046 1150 5108; x_wconf 78' lang='grc' dir='ltr'>οὐσίας</span> <span class='ocrx_word' id='word_1_706' title='bbox 1173 5046 1293 5117; x_wconf 76' lang='grc' dir='ltr'>ἦτοι</span> <span class='ocrx_word' id='word_1_707' title='bbox 1333 5044 1608 5113; x_wconf 81' lang='grc' dir='ltr'>θεότητος,</span> <span class='ocrx_word' id='word_1_708' title='bbox 1653 5044 1749 5096; x_wconf 66' lang='grc' dir='ltr'><strong>καλ⁸</strong></span> <span class='ocrx_word' id='word_1_709' title='bbox 1775 5042 1893 5105; x_wconf 80' lang='grc' dir='ltr'>ἐνὸς</span> 
     </span>
    </p>
   </div>
   <div class='ocr_carea' id='block_1_97' title="bbox 274 5130 1899 5206">
    <p class='ocr_par' dir='ltr' id='par_1_97' title="bbox 274 5130 1899 5206">
     <span class='ocr_line' id='line_1_97' title="bbox 274 5130 1899 5206; baseline -0.006 -14"><span class='ocrx_word' id='word_1_710' title='bbox 274 5138 437 5193; x_wconf 79' lang='grc' dir='ltr'>Θεοῦ</span> <span class='ocrx_word' id='word_1_711' title='bbox 463 5137 643 5201; x_wconf 68' lang='grc' dir='ltr'>ὄντοςο</span> <span class='ocrx_word' id='word_1_712' title='bbox 679 5131 791 5189; x_wconf 75' lang='grc' dir='ltr'>οἷόν</span> <span class='ocrx_word' id='word_1_713' title='bbox 818 5152 961 5206; x_wconf 78' lang='grc' dir='ltr'>φημι</span> <span class='ocrx_word' id='word_1_714' title='bbox 990 5133 1050 5187; x_wconf 84' lang='grc' dir='ltr'>τὸ</span> <span class='ocrx_word' id='word_1_715' title='bbox 1078 5132 1221 5199; x_wconf 83' lang='grc' dir='ltr'>Θεὸς</span> <span class='ocrx_word' id='word_1_716' title='bbox 1242 5132 1436 5202; x_wconf 75' lang='grc' dir='ltr'>ὄνομα,</span> <span class='ocrx_word' id='word_1_717' title='bbox 1468 5132 1564 5184; x_wconf 77' lang='grc' dir='ltr'><strong>καὶ</strong></span> <span class='ocrx_word' id='word_1_718' title='bbox 1592 5130 1654 5183; x_wconf 88' lang='grc' dir='ltr'><strong>τδ</strong></span> <span class='ocrx_word' id='word_1_719' title='bbox 1682 5131 1899 5198; x_wconf 74' lang='grc' dir='ltr'>Κύριος</span> 
     </span>
    </p>
   </div>
   <div class='ocr_carea' id='block_1_98' title="bbox 279 5223 1897 5300">
    <p class='ocr_par' dir='ltr' id='par_1_98' title="bbox 279 5223 1897 5300">
     <span class='ocr_line' id='line_1_98' title="bbox 279 5223 1897 5300; baseline -0.007 -14"><span class='ocrx_word' id='word_1_720' title='bbox 279 5232 397 5286; x_wconf 73' lang='grc' dir='ltr'>καὶ</span> <span class='ocrx_word' id='word_1_721' title='bbox 421 5230 482 5283; x_wconf 85' lang='grc' dir='ltr'>τὸ</span> <span class='ocrx_word' id='word_1_722' title='bbox 509 5229 955 5300; x_wconf 72' lang='grc' dir='ltr'>φιλάνθρωπος,</span> <span class='ocrx_word' id='word_1_723' title='bbox 988 5227 1082 5280; x_wconf 72' lang='grc' dir='ltr'>καὶ</span> <span class='ocrx_word' id='word_1_724' title='bbox 1111 5227 1181 5278; x_wconf 69' lang='grc' dir='ltr'><strong>τὰ</strong></span> <span class='ocrx_word' id='word_1_725' title='bbox 1227 5225 1605 5296; x_wconf 84' lang='grc' dir='ltr'>παραπλήσια,</span> <span class='ocrx_word' id='word_1_726' title='bbox 1640 5223 1677 5277; x_wconf 79' lang='grc' dir='ltr'><strong>ἃ</strong></span> <span class='ocrx_word' id='word_1_727' title='bbox 1711 5223 1802 5277; x_wconf 78' lang='grc' dir='ltr'><strong>καὶ</strong></span> <span class='ocrx_word' id='word_1_728' title='bbox 1835 5223 1897 5275; x_wconf 84' lang='grc' dir='ltr'>οὐ</span> 
     </span>
    </p>
   </div>
   <div class='ocr_carea' id='block_1_99' title="bbox 284 5314 1900 5391">
    <p class='ocr_par' dir='ltr' id='par_1_99' title="bbox 284 5314 1900 5391">
     <span class='ocr_line' id='line_1_99' title="bbox 284 5314 1900 5391; baseline -0.006 -15"><span class='ocrx_word' id='word_1_729' title='bbox 284 5321 723 5391; x_wconf 79' lang='grc' dir='ltr'>συναριθμεῖται</span> <span class='ocrx_word' id='word_1_730' title='bbox 754 5321 842 5373; x_wconf 82' lang='grc' dir='ltr'>διὰ</span> <span class='ocrx_word' id='word_1_731' title='bbox 869 5320 930 5372; x_wconf 80' lang='grc' dir='ltr'>τὸ</span> <span class='ocrx_word' id='word_1_732' title='bbox 955 5317 1175 5382; x_wconf 83' lang='grc' dir='ltr'>ὲνιαίως</span> <span class='ocrx_word' id='word_1_733' title='bbox 1209 5315 1485 5386; x_wconf 82' lang='grc' dir='ltr'>λέγεσθαι,</span> <span class='ocrx_word' id='word_1_734' title='bbox 1514 5316 1589 5379; x_wconf 86' lang='grc' dir='ltr'>ὼς</span> <span class='ocrx_word' id='word_1_735' title='bbox 1618 5314 1714 5368; x_wconf 79' lang='grc' dir='ltr'>καὶ</span> <span class='ocrx_word' id='word_1_736' title='bbox 1761 5316 1900 5368; x_wconf 83' lang='grc' dir='ltr'><strong>ἀπο-</strong></span> 
     </span>
    </p>
   </div>
   <div class='ocr_carea' id='block_1_100' title="bbox 278 5406 1901 5479">
    <p class='ocr_par' dir='ltr' id='par_1_100' title="bbox 278 5406 1901 5479">
     <span class='ocr_line' id='line_1_100' title="bbox 278 5406 1901 5479; baseline -0.005 -11"><span class='ocrx_word' id='word_1_737' title='bbox 278 5415 573 5469; x_wconf 77' lang='grc' dir='ltr'>δέδεικται</span> <span class='ocrx_word' id='word_1_738' title='bbox 593 5432 607 5445; x_wconf 75' lang='grc' dir='ltr'><strong>ο</strong></span> <span class='ocrx_word' id='word_1_739' title='bbox 635 5413 707 5466; x_wconf 75' lang='grc' dir='ltr'>τὰ</span> <span class='ocrx_word' id='word_1_740' title='bbox 733 5412 791 5467; x_wconf 82' lang='grc' dir='ltr'>δὲ</span> <span class='ocrx_word' id='word_1_741' title='bbox 824 5411 991 5478; x_wconf 88' lang='grc' dir='ltr'>ἰδίως,</span> <span class='ocrx_word' id='word_1_742' title='bbox 1021 5409 1056 5465; x_wconf 79' lang='grc' dir='ltr'><strong>ἃ</strong></span> <span class='ocrx_word' id='word_1_743' title='bbox 1088 5412 1175 5464; x_wconf 61' lang='grc' dir='ltr'>καὶ</span> <span class='ocrx_word' id='word_1_744' title='bbox 1210 5411 1319 5465; x_wconf 86' lang='grc' dir='ltr'><strong>τῶν</strong></span> <span class='ocrx_word' id='word_1_745' title='bbox 1369 5408 1723 5463; x_wconf 82' lang='grc' dir='ltr'>ὑποστάσεων</span> <span class='ocrx_word' id='word_1_746' title='bbox 1748 5406 1901 5479; x_wconf 83' lang='grc' dir='ltr'><strong>πρώ-</strong></span> 
     </span>
    </p>
   </div>
   <div class='ocr_carea' id='block_1_101' title="bbox 280 5501 1903 5577">
    <p class='ocr_par' dir='ltr' id='par_1_101' title="bbox 280 5501 1903 5577">
     <span class='ocr_line' id='line_1_101' title="bbox 280 5501 1903 5577; baseline -0.004 -16"><span class='ocrx_word' id='word_1_747' title='bbox 280 5525 414 5568; x_wconf 82' lang='grc' dir='ltr'><strong>τως</strong></span> <span class='ocrx_word' id='word_1_748' title='bbox 440 5509 533 5560; x_wconf 74' lang='grc' dir='ltr'><strong>καὶ</strong></span> <span class='ocrx_word' id='word_1_749' title='bbox 583 5506 790 5577; x_wconf 78' lang='grc' dir='ltr'>κυρίως</span> <span class='ocrx_word' id='word_1_750' title='bbox 820 5505 991 5560; x_wconf 76' lang='grc' dir='ltr'>εἰσίνο</span> <span class='ocrx_word' id='word_1_751' title='bbox 1028 5501 1140 5558; x_wconf 71' lang='grc' dir='ltr'>οἷόν</span> <span class='ocrx_word' id='word_1_752' title='bbox 1180 5521 1322 5576; x_wconf 82' lang='grc' dir='ltr'>φημι</span> <span class='ocrx_word' id='word_1_753' title='bbox 1355 5503 1417 5557; x_wconf 81' lang='grc' dir='ltr'>τὸ</span> <span class='ocrx_word' id='word_1_754' title='bbox 1450 5502 1651 5572; x_wconf 78' lang='grc' dir='ltr'>Πατὴρ</span> <span class='ocrx_word' id='word_1_755' title='bbox 1703 5504 1798 5556; x_wconf 76' lang='grc' dir='ltr'><strong>καὶ</strong></span> <span class='ocrx_word' id='word_1_756' title='bbox 1841 5502 1903 5556; x_wconf 84' lang='grc' dir='ltr'>τὸ</span> 
     </span>
    </p>
   </div>
   <div class='ocr_carea' id='block_1_102' title="bbox 308 5593 1905 5667">
    <p class='ocr_par' dir='ltr' id='par_1_102' title="bbox 308 5593 1905 5667">
     <span class='ocr_line' id='line_1_102' title="bbox 308 5593 1905 5667; baseline -0.003 -16"><span class='ocrx_word' id='word_1_757' title='bbox 308 5598 457 5663; x_wconf 70' lang='grc' dir='ltr'><strong>Υἱὸς</strong></span> <span class='ocrx_word' id='word_1_758' title='bbox 484 5599 579 5650; x_wconf 75' lang='grc' dir='ltr'><strong>καὶ</strong></span> <span class='ocrx_word' id='word_1_759' title='bbox 602 5598 662 5651; x_wconf 76' lang='grc' dir='ltr'>τὸ</span> <span class='ocrx_word' id='word_1_760' title='bbox 690 5597 931 5667; x_wconf 84' lang='grc' dir='ltr'>Πνεῦμα</span> <span class='ocrx_word' id='word_1_761' title='bbox 965 5599 1030 5651; x_wconf 86' lang='grc' dir='ltr'>τό</span> <span class='ocrx_word' id='word_1_762' title='bbox 1074 5596 1248 5665; x_wconf 81' lang='grc' dir='ltr'>ἅγιον</span> <span class='ocrx_word' id='word_1_763' title='bbox 1269 5611 1283 5628; x_wconf 89' lang='grc'><strong>·</strong></span> <span class='ocrx_word' id='word_1_764' title='bbox 1320 5594 1356 5650; x_wconf 79' lang='grc' dir='ltr'><strong>ἃ.</strong></span> <span class='ocrx_word' id='word_1_765' title='bbox 1397 5595 1495 5648; x_wconf 72' lang='grc' dir='ltr'>καὶ</span> <span class='ocrx_word' id='word_1_766' title='bbox 1527 5595 1615 5648; x_wconf 76' lang='grc' dir='ltr'>διὰ</span> <span class='ocrx_word' id='word_1_767' title='bbox 1644 5595 1705 5648; x_wconf 83' lang='grc' dir='ltr'>τὸ</span> <span class='ocrx_word' id='word_1_768' title='bbox 1758 5593 1905 5658; x_wconf 81' lang='grc' dir='ltr'>ἰδίως</span> 
     </span>
    </p>
   </div>
   <div class='ocr_carea' id='block_1_103' title="bbox 285 5686 1903 5758">
    <p class='ocr_par' dir='ltr' id='par_1_103' title="bbox 285 5686 1903 5758">
     <span class='ocr_line' id='line_1_103' title="bbox 285 5686 1903 5758; baseline -0.004 -15"><span class='ocrx_word' id='word_1_769' title='bbox 285 5687 589 5756; x_wconf 67' lang='grc' dir='ltr'>λέγεσθαι,</span> <span class='ocrx_word' id='word_1_770' title='bbox 642 5688 1086 5758; x_wconf 83' lang='grc' dir='ltr'>συναριθμεῖται·</span> <span class='ocrx_word' id='word_1_771' title='bbox 1120 5689 1154 5756; x_wconf 82' lang='grc' dir='ltr'>ὴ</span> <span class='ocrx_word' id='word_1_772' title='bbox 1188 5686 1292 5756; x_wconf 76' lang='grc' dir='ltr'>γὰρ</span> <span class='ocrx_word' id='word_1_773' title='bbox 1334 5686 1751 5756; x_wconf 84' lang='grc' dir='ltr'>συναρίθμησις,</span> <span class='ocrx_word' id='word_1_774' title='bbox 1806 5701 1903 5737; x_wconf 86' lang='grc' dir='ltr'>κυ-</span> 
     </span>
    </p>
   </div>
   <div class='ocr_carea' id='block_1_104' title="bbox 300 5778 1902 5856">
    <p class='ocr_par' dir='ltr' id='par_1_104' title="bbox 300 5778 1902 5856">
     <span class='ocr_line' id='line_1_104' title="bbox 300 5778 1902 5856; baseline -0.003 -22"><span class='ocrx_word' id='word_1_775' title='bbox 300 5786 450 5856; x_wconf 70' lang='grc' dir='ltr'>ρίως</span> <span class='ocrx_word' id='word_1_776' title='bbox 472 5780 581 5834; x_wconf 81' lang='grc' dir='ltr'><strong>τῶν</strong></span> <span class='ocrx_word' id='word_1_777' title='bbox 609 5779 752 5844; x_wconf 80' lang='grc' dir='ltr'>ἰδίως</span> <span class='ocrx_word' id='word_1_778' title='bbox 779 5779 1090 5850; x_wconf 81' lang='grc' dir='ltr'>λεγομένων</span> <span class='ocrx_word' id='word_1_779' title='bbox 1130 5780 1300 5845; x_wconf 75' lang='grc' dir='ltr'>ἐστὶν,</span> <span class='ocrx_word' id='word_1_780' title='bbox 1329 5781 1389 5831; x_wconf 76' lang='grc' dir='ltr'><strong>οὐ</strong></span> <span class='ocrx_word' id='word_1_781' title='bbox 1422 5778 1528 5832; x_wconf 84' lang='grc' dir='ltr'>τῶν</span> <span class='ocrx_word' id='word_1_782' title='bbox 1561 5778 1779 5840; x_wconf 79' lang='grc' dir='ltr'>κοινῶς,</span> <span class='ocrx_word' id='word_1_783' title='bbox 1826 5778 1902 5842; x_wconf 85' lang='grc' dir='ltr'>ὡς</span> 
     </span>
    </p>
   </div>
   <div class='ocr_carea' id='block_1_105' title="bbox 295 5871 1900 5944">
    <p class='ocr_par' dir='ltr' id='par_1_105' title="bbox 295 5871 1900 5944">
     <span class='ocr_line' id='line_1_105' title="bbox 295 5871 1900 5944; baseline -0.002 -17"><span class='ocrx_word' id='word_1_784' title='bbox 295 5886 365 5936; x_wconf 66' lang='grc' dir='ltr'>ἐν</span> <span class='ocrx_word' id='word_1_785' title='bbox 402 5873 584 5937; x_wconf 78' lang='grc' dir='ltr'>ἄλλοις</span> <span class='ocrx_word' id='word_1_786' title='bbox 632 5873 929 5928; x_wconf 77' lang='grc' dir='ltr'>δὲδεικταιο</span> <span class='ocrx_word' id='word_1_787' title='bbox 962 5871 1131 5926; x_wconf 75' lang='grc' dir='ltr'>ἐνίοτε</span> <span class='ocrx_word' id='word_1_788' title='bbox 1172 5872 1226 5925; x_wconf 78' lang='grc' dir='ltr'>δὲ</span> <span class='ocrx_word' id='word_1_789' title='bbox 1264 5873 1493 5944; x_wconf 70' lang='grc' dir='ltr'>εὕρηται</span> <span class='ocrx_word' id='word_1_790' title='bbox 1548 5874 1639 5925; x_wconf 72' lang='grc' dir='ltr'><strong>καὶ</strong></span> <span class='ocrx_word' id='word_1_791' title='bbox 1684 5873 1775 5925; x_wconf 68' lang='grc' dir='ltr'>ἐπὶ</span> <span class='ocrx_word' id='word_1_792' title='bbox 1806 5871 1900 5924; x_wconf 71' lang='grc' dir='ltr'><strong>δύο</strong></span> 
     </span>
    </p>
   </div>
   <div class='ocr_carea' id='block_1_106' title="bbox 2002 4667 3602 4738">
    <p class='ocr_par' dir='ltr' id='par_1_106' title="bbox 2002 4667 3602 4738">
     <span class='ocr_line' id='line_1_106' title="bbox 2002 4667 3602 4738; baseline -0.003 -10"><span class='ocrx_word' id='word_1_793' title='bbox 2002 4673 2166 4728; x_wconf 88' lang='lat' dir='ltr'><strong>nibus</strong></span> <span class='ocrx_word' id='word_1_794' title='bbox 2196 4673 2573 4726; x_wconf 80' lang='lat' dir='ltr'><strong>inﬁrmitatem</strong></span> <span class='ocrx_word' id='word_1_795' title='bbox 2594 4681 2647 4724; x_wconf 87' lang='lat' dir='ltr'><strong>et</strong></span> <span class='ocrx_word' id='word_1_796' title='bbox 2683 4667 3167 4724; x_wconf 85' lang='lat' dir='ltr'><strong>iucredibiiitatcm</strong></span> <span class='ocrx_word' id='word_1_797' title='bbox 3193 4667 3465 4738; x_wconf 83' lang='lat' dir='ltr'><strong>dogmatis</strong></span> <span class='ocrx_word' id='word_1_798' title='bbox 3487 4682 3517 4721; x_wconf 92' lang='lat' dir='ltr'><strong>a</strong></span> <span class='ocrx_word' id='word_1_799' title='bbox 3549 4677 3602 4724; x_wconf 85' lang='lat' dir='ltr'><strong>te</strong></span> 
     </span>
    </p>
   </div>
   <div class='ocr_carea' id='block_1_107' title="bbox 2000 4765 2618 4839">
    <p class='ocr_par' dir='ltr' id='par_1_107' title="bbox 2000 4765 2618 4839">
     <span class='ocr_line' id='line_1_107' title="bbox 2000 4765 2618 4839; baseline -0.005 -18"><span class='ocrx_word' id='word_1_800' title='bbox 2000 4767 2197 4839; x_wconf 87' lang='lat' dir='ltr'><strong>prolati</strong></span> <span class='ocrx_word' id='word_1_801' title='bbox 2238 4765 2618 4821; x_wconf 85' lang='lat' dir='ltr'><strong>ostendamus.</strong></span> 
     </span>
    </p>
   </div>
   <div class='ocr_carea' id='block_1_108' title="bbox 2068 4852 3600 4929">
    <p class='ocr_par' dir='ltr' id='par_1_108' title="bbox 2068 4852 3600 4929">
     <span class='ocr_line' id='line_1_108' title="bbox 2068 4852 3600 4929; baseline -0.006 -15"><span class='ocrx_word' id='word_1_802' title='bbox 2068 4862 2121 4914; x_wconf 72' lang='grc'><strong>4.</strong></span> <span class='ocrx_word' id='word_1_803' title='bbox 2151 4858 2284 4925; x_wconf 72' lang='lat' dir='ltr'><strong>Qua:</strong></span> <span class='ocrx_word' id='word_1_804' title='bbox 2314 4858 2478 4929; x_wconf 79' lang='lat' dir='ltr'><strong>igitur</strong></span> <span class='ocrx_word' id='word_1_805' title='bbox 2508 4857 2561 4910; x_wconf 89' lang='lat' dir='ltr'><strong>iu</strong></span> <span class='ocrx_word' id='word_1_806' title='bbox 2589 4854 2860 4923; x_wconf 76' lang='lat' dir='ltr'><strong>theologia</strong></span> <span class='ocrx_word' id='word_1_807' title='bbox 2900 4869 2927 4906; x_wconf 88' lang='lat' dir='ltr'><strong>a</strong></span> <span class='ocrx_word' id='word_1_808' title='bbox 2966 4853 3126 4908; x_wconf 85' lang='lat' dir='ltr'><strong>nobis</strong></span> <span class='ocrx_word' id='word_1_809' title='bbox 3161 4868 3286 4908; x_wconf 88' lang='lat' dir='ltr'><strong>vere</strong></span> <span class='ocrx_word' id='word_1_810' title='bbox 3318 4852 3600 4918; x_wconf 90' lang='lat' dir='ltr'><strong>dicuntur,</strong></span> 
     </span>
    </p>
   </div>
   <div class='ocr_carea' id='block_1_109' title="bbox 1996 4944 3601 5022">
    <p class='ocr_par' dir='ltr' id='par_1_109' title="bbox 1996 4944 3601 5022">
     <span class='ocr_line' id='line_1_109' title="bbox 1996 4944 3601 5022; baseline -0.007 -15"><span class='ocrx_word' id='word_1_811' title='bbox 1996 4951 2195 5022; x_wconf 88' lang='lat' dir='ltr'><strong>partim</strong></span> <span class='ocrx_word' id='word_1_812' title='bbox 2248 4950 2614 5006; x_wconf 84' lang='lat' dir='ltr'><strong>communiter</strong></span> <span class='ocrx_word' id='word_1_813' title='bbox 2673 4948 2741 5002; x_wconf 90' lang='lat' dir='ltr'><strong>de</strong></span> <span class='ocrx_word' id='word_1_814' title='bbox 2788 4949 2967 5003; x_wconf 89' lang='lat' dir='ltr'><strong>tribus</strong></span> <span class='ocrx_word' id='word_1_815' title='bbox 3017 4944 3267 5015; x_wconf 90' lang='lat' dir='ltr'><strong>personis</strong></span> <span class='ocrx_word' id='word_1_816' title='bbox 3317 4945 3601 5009; x_wconf 90' lang='lat' dir='ltr'><strong>dicuntur,</strong></span> 
     </span>
    </p>
   </div>
   <div class='ocr_carea' id='block_1_110' title="bbox 1996 5035 3603 5113">
    <p class='ocr_par' dir='ltr' id='par_1_110' title="bbox 1996 5035 3603 5113">
     <span class='ocr_line' id='line_1_110' title="bbox 1996 5035 3603 5113; baseline -0.006 -15"><span class='ocrx_word' id='word_1_817' title='bbox 1996 5055 2258 5113; x_wconf 86' lang='lat' dir='ltr'><strong>tanquam</strong></span> <span class='ocrx_word' id='word_1_818' title='bbox 2308 5042 2375 5096; x_wconf 87' lang='lat' dir='ltr'><strong>de</strong></span> <span class='ocrx_word' id='word_1_819' title='bbox 2426 5041 2591 5095; x_wconf 87' lang='lat' dir='ltr'><strong>unica</strong></span> <span class='ocrx_word' id='word_1_820' title='bbox 2641 5039 2949 5095; x_wconf 87' lang='lat' dir='ltr'><strong>substantia</strong></span> <span class='ocrx_word' id='word_1_821' title='bbox 3007 5053 3103 5093; x_wconf 85' lang='lat' dir='ltr'><strong>seu</strong></span> <span class='ocrx_word' id='word_1_822' title='bbox 3156 5036 3377 5102; x_wconf 87' lang='lat' dir='ltr'><strong>deitate,</strong></span> <span class='ocrx_word' id='word_1_823' title='bbox 3433 5035 3603 5089; x_wconf 90' lang='lat' dir='ltr'><strong>veluti</strong></span> 
     </span>
    </p>
   </div>
   <div class='ocr_carea' id='block_1_111' title="bbox 1996 5126 3599 5205">
    <p class='ocr_par' dir='ltr' id='par_1_111' title="bbox 1996 5126 3599 5205">
     <span class='ocr_line' id='line_1_111' title="bbox 1996 5126 3599 5205; baseline -0.007 -14"><span class='ocrx_word' id='word_1_824' title='bbox 1996 5135 2229 5205; x_wconf 79' lang='lat' dir='ltr'><strong>exempli</strong></span> <span class='ocrx_word' id='word_1_825' title='bbox 2261 5133 2434 5204; x_wconf 80' lang='lat' dir='ltr'><strong>gratia</strong></span> <span class='ocrx_word' id='word_1_826' title='bbox 2473 5132 2569 5185; x_wconf 75' lang='lat' dir='ltr'><strong>Dei</strong></span> <span class='ocrx_word' id='word_1_827' title='bbox 2600 5147 2823 5197; x_wconf 89' lang='lat' dir='ltr'><strong>nomen,</strong></span> <span class='ocrx_word' id='word_1_828' title='bbox 2849 5140 2902 5185; x_wconf 90' lang='lat' dir='ltr'><strong>et</strong></span> <span class='ocrx_word' id='word_1_829' title='bbox 2935 5130 3214 5192; x_wconf 72' lang='lat' dir='ltr'><strong>Dominus,</strong></span> <span class='ocrx_word' id='word_1_830' title='bbox 3238 5138 3291 5182; x_wconf 88' lang='lat' dir='ltr'><strong>et</strong></span> <span class='ocrx_word' id='word_1_831' title='bbox 3321 5126 3599 5197; x_wconf 79' lang='lat' dir='ltr'><strong>benignus,</strong></span> 
     </span>
    </p>
   </div>
   <div class='ocr_carea' id='block_1_112' title="bbox 1998 5217 3600 5292">
    <p class='ocr_par' dir='ltr' id='par_1_112' title="bbox 1998 5217 3600 5292">
     <span class='ocr_line' id='line_1_112' title="bbox 1998 5217 3600 5292; baseline -0.007 -10"><span class='ocrx_word' id='word_1_832' title='bbox 1998 5236 2054 5282; x_wconf 91' lang='lat' dir='ltr'><strong>et</strong></span> <span class='ocrx_word' id='word_1_833' title='bbox 2114 5226 2198 5281; x_wconf 87' lang='lat' dir='ltr'><strong>his</strong></span> <span class='ocrx_word' id='word_1_834' title='bbox 2252 5224 2490 5287; x_wconf 81' lang='lat' dir='ltr'><strong>similia;</strong></span> <span class='ocrx_word' id='word_1_835' title='bbox 2521 5237 2642 5292; x_wconf 71' lang='lat' dir='ltr'><strong>qua:</strong></span> <span class='ocrx_word' id='word_1_836' title='bbox 2693 5236 2872 5291; x_wconf 89' lang='lat' dir='ltr'><strong>neque</strong></span> <span class='ocrx_word' id='word_1_837' title='bbox 2930 5230 3421 5279; x_wconf 84' lang='lat' dir='ltr'><strong>connumerantur,</strong></span> <span class='ocrx_word' id='word_1_838' title='bbox 3470 5217 3600 5287; x_wconf 88' lang='lat' dir='ltr'><strong>quia</strong></span> 
     </span>
    </p>
   </div>
   <div class='ocr_carea' id='block_1_113' title="bbox 1950 5313 3603 5392">
    <p class='ocr_par' dir='ltr' id='par_1_113' title="bbox 1950 5313 3603 5392">
     <span class='ocr_line' id='line_1_113' title="bbox 1950 5313 3603 5392; baseline -0.009 -13"><span class='ocrx_word' id='word_1_839' title='bbox 1950 5374 1955 5379; x_wconf 93' lang='lat'><strong>.</strong></span> <span class='ocrx_word' id='word_1_840' title='bbox 2001 5322 2362 5392; x_wconf 77' lang='lat' dir='ltr'><strong>singulariter</strong></span> <span class='ocrx_word' id='word_1_841' title='bbox 2414 5319 2698 5383; x_wconf 83' lang='lat' dir='ltr'><strong>dicuntur,</strong></span> <span class='ocrx_word' id='word_1_842' title='bbox 2758 5326 2921 5386; x_wconf 83' lang='lat' dir='ltr'><strong>prout</strong></span> <span class='ocrx_word' id='word_1_843' title='bbox 2978 5317 3414 5372; x_wconf 84' lang='lat' dir='ltr'><strong>demonstratum</strong></span> <span class='ocrx_word' id='word_1_844' title='bbox 3480 5313 3603 5366; x_wconf 78' lang='lat' dir='ltr'><strong>fuit.</strong></span> 
     </span>
    </p>
   </div>
   <div class='ocr_carea' id='block_1_114' title="bbox 2012 5408 3604 5479">
    <p class='ocr_par' dir='ltr' id='par_1_114' title="bbox 2012 5408 3604 5479">
     <span class='ocr_line' id='line_1_114' title="bbox 2012 5408 3604 5479; baseline -0.009 -12"><span class='ocrx_word' id='word_1_845' title='bbox 2012 5413 2217 5468; x_wconf 81' lang='lat' dir='ltr'><strong>Partim</strong></span> <span class='ocrx_word' id='word_1_846' title='bbox 2252 5427 2380 5465; x_wconf 83' lang='lat' dir='ltr'><strong>vero</strong></span> <span class='ocrx_word' id='word_1_847' title='bbox 2404 5410 2666 5464; x_wconf 88' lang='lat' dir='ltr'><strong>dicuntur</strong></span> <span class='ocrx_word' id='word_1_848' title='bbox 2697 5408 2970 5479; x_wconf 89' lang='lat' dir='ltr'><strong>privatim,</strong></span> <span class='ocrx_word' id='word_1_849' title='bbox 2998 5423 3119 5478; x_wconf 68' lang='lat' dir='ltr'><strong>quae</strong></span> <span class='ocrx_word' id='word_1_850' title='bbox 3150 5415 3203 5460; x_wconf 91' lang='lat' dir='ltr'><strong>et</strong></span> <span class='ocrx_word' id='word_1_851' title='bbox 3243 5416 3604 5475; x_wconf 81' lang='lat' dir='ltr'><strong>personarum</strong></span> 
     </span>
    </p>
   </div>
   <div class='ocr_carea' id='block_1_115' title="bbox 2011 5492 3606 5574">
    <p class='ocr_par' dir='ltr' id='par_1_115' title="bbox 2011 5492 3606 5574">
     <span class='ocr_line' id='line_1_115' title="bbox 2011 5492 3606 5574; baseline -0.009 -15"><span class='ocrx_word' id='word_1_852' title='bbox 2011 5505 2066 5560; x_wconf 90' lang='lat' dir='ltr'><strong>in</strong></span> <span class='ocrx_word' id='word_1_853' title='bbox 2098 5504 2289 5574; x_wconf 89' lang='lat' dir='ltr'><strong>primis</strong></span> <span class='ocrx_word' id='word_1_854' title='bbox 2328 5518 2393 5557; x_wconf 91' lang='lat' dir='ltr'><strong>ac</strong></span> <span class='ocrx_word' id='word_1_855' title='bbox 2442 5502 2714 5572; x_wconf 78' lang='lat' dir='ltr'><strong>praecipue</strong></span> <span class='ocrx_word' id='word_1_856' title='bbox 2765 5501 2986 5570; x_wconf 88' lang='lat' dir='ltr'><strong>propria</strong></span> <span class='ocrx_word' id='word_1_857' title='bbox 3032 5508 3194 5565; x_wconf 87' lang='lat' dir='ltr'><strong>sunt;</strong></span> <span class='ocrx_word' id='word_1_858' title='bbox 3223 5495 3388 5551; x_wconf 90' lang='lat' dir='ltr'><strong>veluti</strong></span> <span class='ocrx_word' id='word_1_859' title='bbox 3440 5492 3606 5546; x_wconf 75' lang='lat' dir='ltr'><strong>Pater</strong></span> 
     </span>
    </p>
   </div>
   <div class='ocr_carea' id='block_1_116' title="bbox 2009 5578 3605 5660">
    <p class='ocr_par' dir='ltr' id='par_1_116' title="bbox 2009 5578 3605 5660">
     <span class='ocr_line' id='line_1_116' title="bbox 2009 5578 3605 5660; baseline -0.009 -10"><span class='ocrx_word' id='word_1_860' title='bbox 2009 5603 2064 5651; x_wconf 89' lang='lat' dir='ltr'><strong>et</strong></span> <span class='ocrx_word' id='word_1_861' title='bbox 2097 5594 2268 5649; x_wconf 74' lang='lat' dir='ltr'><strong>Filius</strong></span> <span class='ocrx_word' id='word_1_862' title='bbox 2319 5603 2373 5648; x_wconf 91' lang='lat' dir='ltr'><strong>ct</strong></span> <span class='ocrx_word' id='word_1_863' title='bbox 2425 5590 2655 5660; x_wconf 78' lang='lat' dir='ltr'><strong>Spiritus</strong></span> <span class='ocrx_word' id='word_1_864' title='bbox 2715 5578 2959 5656; x_wconf 72' lang='lat' dir='ltr'><strong>sanctus,</strong></span> <span class='ocrx_word' id='word_1_865' title='bbox 2999 5604 3121 5660; x_wconf 62' lang='lat' dir='ltr'><strong>qua:</strong></span> <span class='ocrx_word' id='word_1_866' title='bbox 3170 5588 3300 5659; x_wconf 93' lang='lat' dir='ltr'><strong>quia</strong></span> <span class='ocrx_word' id='word_1_867' title='bbox 3355 5585 3605 5655; x_wconf 83' lang='lat' dir='ltr'><strong>privatim</strong></span> 
     </span>
    </p>
   </div>
   <div class='ocr_carea' id='block_1_117' title="bbox 2013 5685 3608 5750">
    <p class='ocr_par' dir='ltr' id='par_1_117' title="bbox 2013 5685 3608 5750">
     <span class='ocr_line' id='line_1_117' title="bbox 2013 5685 3608 5750; baseline -0.008 -8"><span class='ocrx_word' id='word_1_868' title='bbox 2013 5688 2291 5750; x_wconf 89' lang='lat' dir='ltr'><strong>dicuntur,</strong></span> <span class='ocrx_word' id='word_1_869' title='bbox 2325 5685 2487 5738; x_wconf 83' lang='lat' dir='ltr'><strong>etiam</strong></span> <span class='ocrx_word' id='word_1_870' title='bbox 2550 5690 3049 5737; x_wconf 82' lang='lat' dir='ltr'><strong>connumerantur:</strong></span> <span class='ocrx_word' id='word_1_871' title='bbox 3084 5696 3208 5734; x_wconf 89' lang='lat' dir='ltr'><strong>nam</strong></span> <span class='ocrx_word' id='word_1_872' title='bbox 3244 5692 3608 5733; x_wconf 83' lang='lat' dir='ltr'><strong>connumera-</strong></span> 
     </span>
    </p>
   </div>
   <div class='ocr_carea' id='block_1_118' title="bbox 1998 5768 3604 5848">
    <p class='ocr_par' dir='ltr' id='par_1_118' title="bbox 1998 5768 3604 5848">
     <span class='ocr_line' id='line_1_118' title="bbox 1998 5768 3604 5848; baseline -0.011 -9"><span class='ocrx_word' id='word_1_873' title='bbox 1998 5781 2084 5839; x_wconf 77' lang='lat' dir='ltr'><strong>tio</strong></span> <span class='ocrx_word' id='word_1_874' title='bbox 2115 5795 2278 5835; x_wconf 86' lang='lat' dir='ltr'><strong>causa</strong></span> <span class='ocrx_word' id='word_1_875' title='bbox 2308 5777 2580 5848; x_wconf 68' lang='lat' dir='ltr'><strong>praecipue</strong></span> <span class='ocrx_word' id='word_1_876' title='bbox 2633 5790 2821 5830; x_wconf 76' lang='lat' dir='ltr'><strong>eorum</strong></span> <span class='ocrx_word' id='word_1_877' title='bbox 2886 5790 3008 5844; x_wconf 74' lang='lat' dir='ltr'><strong>qua:</strong></span> <span class='ocrx_word' id='word_1_878' title='bbox 3059 5772 3311 5843; x_wconf 87' lang='lat' dir='ltr'><strong>privatim</strong></span> <span class='ocrx_word' id='word_1_879' title='bbox 3344 5768 3604 5824; x_wconf 87' lang='lat' dir='ltr'><strong>dicuntur</strong></span> 
     </span>
    </p>
   </div>
   <div class='ocr_carea' id='block_1_119' title="bbox 2005 5861 3604 5937">
    <p class='ocr_par' dir='ltr' id='par_1_119' title="bbox 2005 5861 3604 5937">
     <span class='ocr_line' id='line_1_119' title="bbox 2005 5861 3604 5937; baseline -0.01 -12"><span class='ocrx_word' id='word_1_880' title='bbox 2005 5879 2110 5937; x_wconf 86' lang='lat' dir='ltr'><strong>est,</strong></span> <span class='ocrx_word' id='word_1_881' title='bbox 2151 5885 2259 5925; x_wconf 87' lang='lat' dir='ltr'><strong>non</strong></span> <span class='ocrx_word' id='word_1_882' title='bbox 2284 5883 2473 5924; x_wconf 79' lang='lat' dir='ltr'><strong>eorum</strong></span> <span class='ocrx_word' id='word_1_883' title='bbox 2499 5880 2619 5937; x_wconf 58' lang='lat' dir='ltr'><strong>quae</strong></span> <span class='ocrx_word' id='word_1_884' title='bbox 2662 5865 3050 5933; x_wconf 79' lang='lat' dir='ltr'><strong>comtnt‘tniter,</strong></span> <span class='ocrx_word' id='word_1_885' title='bbox 3082 5864 3225 5919; x_wconf 80' lang='lat' dir='ltr'><strong>sicut</strong></span> <span class='ocrx_word' id='word_1_886' title='bbox 3260 5861 3388 5918; x_wconf 82' lang='lat' dir='ltr'><strong>alibi</strong></span> <span class='ocrx_word' id='word_1_887' title='bbox 3420 5869 3604 5915; x_wconf 75' lang='lat' dir='ltr'><strong>Osten-</strong></span> 
     </span>
    </p>
   </div>
  </div>
