4048 6414
594 372 698 437 39.7
1337 332 1346 339 ’
1833 378 2129 440 NICETzE
2199 380 2608 442 BYZANTINI
3712 396 3788 462 se.

587 502 710 543 sum
752 482 874 541 fuit.
910 481 1189 546 Interdum
1221 499 1353 543 vero
1382 486 1547 545 etiam
1573 486 1626 542 iu
1654 486 1868 544 duabus
1900 489 2176 545 thearchi-

2202 490 2254 550 A
2278 491 2387 546 τῶν
2412 492 2723 567 θεαρχικῶν
2771 493 3146 561 ὖποστάσεων,
3193 494 3303 554 οἷον
3359 500 3423 553 τδ
3448 501 3695 561 αίτιατόν·
3721 517 3790 568 καὶ

587 577 668 631 eis
695 577 940 647 personis
970 576 1267 645 invenitur,
1298 579 1447 635 velut
1482 595 1547 635 ex
1575 595 1740 636 causa
1772 581 2067 652 processio.
2104 581 2169 635 lit

2271 584 2339 637 τὰ
2366 585 2465 654 μὲν
2492 585 2686 649 κοινῶς
2716 585 3011 657 λεγόμενα,
3029 590 3126 644 καὶ
3147 591 3339 655 κοινῶς
3368 592 3487 663 ἃμα
3510 596 3599 649 τοῦ
3628 600 3792 671 Πατρίις

586 683 712 738 qua:
740 668 961 738 quidem
991 671 1359 725 communiter
1403 673 1678 736 dicuntur,
1712 680 1765 726 et
1802 673 2169 727 communiter

2271 679 2370 731 καὶ
2404 677 2497 732 τοῦ
2531 678 2659 734 Υίοῦ
2684 680 2779 734 καὶ
2811 679 2906 734 τοῦ
2938 680 3098 750 ἁγίου
3146 682 3489 753 Πνεῦματος,
3518 686 3592 751 ὡς
3611 690 3711 753 Mc
3727 668 3792 746 δν.

585 772 715 813 cum
757 756 915 810 Patre
959 766 1011 812 et
1056 757 1197 813 Filio
1228 769 1282 814 et
1308 758 1510 829 Spiritu
1566 771 1778 826 sancto,
1810 775 1872 815 ea
1905 768 2166 831 tanquam

2270 785 2360 832 τος
2379 768 2516 823 Θεοῦ
2545 771 2640 824 καὶ
2661 774 2975 842 νοουμένου,
3003 772 3241 843 λέγεται.
3273 777 3383 830 Καὶ
3406 777 3548 841 ἰδίως
3564 779 3655 837 ἀνὰ
3675 785 3798 853 μέρος

586 848 656 901 de
711 862 823 901 uno
877 847 988 902 Deo
1035 848 1127 919 qui
1156 858 1208 903 et
1250 857 1335 905 est
1370 859 1424 904 et
1462 851 1752 920 cogitatur,
1786 852 2044 906 dicuntur
2066 894 2082 917 ,
2116 863 2170 907 et

2269 860 2379 913 τῶν
2442 862 2797 918 ὐποστάσεων
2833 868 3262 936 κατηγορεῖς-αι’
3315 869 3414 921 καὶ
3445 869 3553 939 γὰρ
3587 874 3613 925 ὁ
3653 847 3799 946 Παέὴρ

588 940 805 1010 proprie
834 941 1196 1010 particulatim
1229 943 1293 995 de
1345 945 1590 1012 personis
1624 946 2007 1012 prasilicantur.
2042 944 2170 999 Etu-

2270 952 2406 1017 Θεὸς
2439 953 2685 1024 ἀληθῶς·
2723 956 2818 1010 καὶ
2843 957 2873 1010 δ
2900 955 3027 1020 re;
3064 957 3142 1020 ὡς
3175 958 3243 1011 εκ
3277 956 3372 1010 τοῦ
3396 959 3533 1014 Θεοῦ
3559 961 3696 1026 Θεδς.
3730 940 3798 1019 κᾶι

588 1031 700 1085 nini
732 1041 787 1086 et
814 1030 975 1087 Pater
1010 1049 1133 1089 vere
1168 1033 1343 1100 Deus;
1372 1046 1426 1089 et
1471 1034 1640 1092 Filius
1668 1045 1928 1106 tanquam
1960 1053 2024 1091 ex
2061 1036 2170 1091 Deo

2271 1045 2389 1114 φῶς
2413 1047 2478 1100 ὲκ
2505 1047 2709 1115 φωτόςο
2739 1047 3002 1112 ὡσαύτως
3022 1050 3117 1104 καὶ
3146 1049 3209 1104 τὸ
3229 1050 3456 1119 Πνεῦμα
3480 1053 3540 1106 τὸ
3568 1055 3731 1123 ἆγιον·
3751 1061 3800 1112 τὰ

589 1121 753 1190 Deus,
786 1140 850 1179 ac
900 1125 1082 1183 lumen
1131 1124 1200 1181 de
1251 1126 1503 1191 lumine;
1536 1128 1788 1183 similiter
1839 1138 1892 1184 et
1943 1138 2170 1185 sanctus

2269 1139 2329 1192 δὲ
2360 1137 2505 1202 ἰδίως
2534 1139 2628 1193 ἐπὶ
2669 1139 2780 1193 τῶν
2823 1141 3178 1199 ὑποστάσεων
3214 1143 3510 1213 λεγόμενα,
3545 1121 3678 1210 ἰδίως
3724 1152 3799 1220 μὲν

588 1216 842 1287 Spiritus.
894 1217 1149 1272 Privatim
1189 1227 1369 1272 autem
1397 1220 1464 1274 de
1498 1220 1747 1287 personis
1773 1221 1940 1287 dicta,
1969 1237 2034 1277 ea
2060 1224 2169 1291 pri-

2269 1229 2548 1298 λέγονται,
2580 1232 2777 1296 κοινῶς
2822 1232 2880 1286 δὲ
2902 1234 2968 1287 οὐ
3002 1233 3252 1303 λέγονται
3273 1251 3289 1267 ο
3322 1237 3517 1306 ἐπειδὴ
3543 1239 3609 1292 τὰ
3642 1216 3803 1295 suam

509 1338 514 1344 η
587 1309 751 1363 vatim
789 1308 1012 1381 quidem
1066 1309 1345 1377 dicuntur,
1391 1312 1485 1366 sed
1534 1315 1902 1369 communiter
1963 1330 2104 1384 nequ

2268 1322 2377 1375 τῶν
2403 1323 2666 1377 ὲπιπλίον
2701 1325 2955 1379 ἀδυνατεῖ
2971 1329 3409 1398 ’κατηγορεῖσθαι
3445 1329 3536 1383 καὶ
3558 1330 3799 1397 ὲξισάζιιν.

583 1415 781 1469 quam;
826 1401 951 1470 quia
994 1401 1329 1456 restrictiora
1359 1404 1427 1458 de
1470 1404 1834 1473 amplioribus
1881 1407 2167 1476 praedicari

2271 1415 2382 1470 Καὶ
2400 1416 2561 1469 τοῦτο
2579 1416 2648 1471 ἂν
2674 1417 2863 1489 εὕροις
2893 1420 2990 1473 καὶ
3013 1421 3106 1475 ἐπὶ
3136 1421 3237 1489 τῆς
3269 1422 3507 1492 γεητῆς
3533 1425 3724 1491 φύσεως
3739 1429 3806 1477 λε-

584 1503 863 1563 uequeunt
924 1493 1116 1562 eisque
1174 1499 1477 1565 exaequari.
1516 1497 1694 1567 Atque
1739 1498 1844 1553 hoc
1882 1498 1949 1554 de
1987 1508 2167 1555 creata

2268 1508 2528 1578 γόμενον·
2566 1503 2679 1563 οἷον
2712 1510 2788 1571 ὡς
2810 1513 2870 1564 ὲν
2900 1513 3311 1583 παραδείγματι
3334 1516 3629 1585 σαφηνείας
3648 1518 3801 1588 χάριν

580 1601 801 1657 quoque
849 1594 1043 1642 natura
1081 1587 1286 1643 dictum
1329 1591 1671 1659 comperies,
1732 1592 1899 1648 veluti
1954 1596 2167 1663 perspi-

2265 1600 2329 1653 τὸ
2361 1600 2460 1669 μὲν
2490 1600 2804 1671 ἅνθρωπος
2837 1604 2931 1657 καὶ
2950 1603 3011 1657 τὸ
3034 1605 3257 1674 ,βροτὸς
3287 1607 3384 1661 καὶ
3410 1606 3473 1661 τὸ
3491 1587 3692 1677 μέροψ,
3709 1610 3803 1663 ἔκαε

579 1674 800 1731 cuitatis
830 1692 997 1734 causa
1034 1678 1086 1733 in
1130 1678 1381 1745 exemplo
1422 1679 1558 1735 hoc:
1590 1685 1786 1748 Homo,
1817 1695 1867 1739 et
1900 1687 2165 1752 mortalis,

2269 1707 2394 1744 στον
2423 1693 2603 1747 αὐτῶν
2634 1694 2730 1748 καὶ
2758 1695 2955 1759 κοινῶς
2989 1697 3089 1766 μὲν
3141 1696 3260 1767 ἃμα
3295 1674 3805 1769 λαμϐανομένιοντῶν

578 1772 636 1817 et
664 1762 901 1834 loquens,
932 1766 1202 1821 vocabula
1236 1767 1351 1823 haec
1379 1766 1593 1837 singula
1636 1772 2003 1827 communiter
2033 1790 2167 1843 quo-

2206 1851 2228 1856 _
2269 1782 2393 1842 καθ’
2437 1784 2645 1838 ἕκαστα
2675 1762 3249 1856 ἅνθρώταυννλόγεται,
3307 1762 3408 1844 καίι
3442 1762 3583 1854 ἰδίως
3619 1793 3804 1846 ἑκάστω

579 1867 689 1921 que
726 1865 948 1925 accepta
975 1856 1044 1911 de
1073 1857 1411 1928 quibuslibet
1459 1863 1774 1919 hominibus
1806 1864 2084 1929 dicuntur,
2114 1876 2168 1922 et

2203 1851 2241 1907 Β
2269 1875 2563 1946 νοουμένου
2582 1894 2597 1908 ·
2626 1879 2719 1932 καὶ
2743 1851 2853 1948 γαρ
2904 1851 3107 1951 Πέτρος
3134 1851 3474 1945 καὶ-Παῦλος
3513 1851 3604 1936 καὶ
3630 1886 3673 1937 oi
3696 1885 3801 1938 κατὰ

580 1943 836 2012 privatim
872 1949 1038 2003 etiam
1069 1950 1136 2006 de
1186 1969 1542 2025 unoquoque.
1585 1956 1725 2010 Nam
1774 1964 1830 2012 et
1876 1955 2073 2013 Petrus
2113 1967 2169 2012 et

2270 1943 2440 2036 μέρος
2467 1943 2767 2037 ἄνθρωποι,
2799 1943 2894 2023 καὶ
2932 1943 3050 2040 ἅμα
3079 1970 3181 2041 μὲν
3209 1971 3380 2044 κοινῷ
3421 1943 3563 2043 λογῳ
3607 1973 3804 2040 λέγονται

584 2035 808 2102 Paulus,
850 2050 906 2095 et
944 2042 1263 2113 singillatim
1310 2047 1579 2114 homines,
1624 2058 1735 2103 tum
1794 2049 1957 2104 simul
2018 2066 2167 2105 com-

2269 2035 2582 2131 ἄνθρωπος,
2622 2063 2716 2116 καὶ
2747 2062 2893 2127 ἰδίως
2941 2035 3171 2130 lanoso;
3203 2035 3452 2134 λέγεέαι.
3494 2035 3694 2138 ’Πέτρος
3724 2069 3804 2139 γὰρ

585 2128 740 2182 muni
789 2147 1045 2188 sermone
1073 2136 1329 2192 dicuntur
1370 2139 1558 2204 homo,
1602 2150 1714 2194 tum
1747 2141 1997 2210 privatim
2026 2157 2166 2213 quo-

2112 2157 2166 2195 D-
2268 2128 2557 2224 ἄνθρωπος
2579 2154 2799 2224 λέγεται
2830 2155 2925 2213 καὶ
2957 2128 3170 2223 Παῦλος
3195 2128 3292 2213 καί
3332 2128 3710 2231 παραπλήσιοι.

581 2238 692 2292 que
755 2228 1136 2299 unusquisque
1188 2230 1410 2289 dicitur.
1469 2232 1603 2287 Nam
1640 2232 1831 2290 Petrus
1883 2235 2046 2292 homo
2084 2237 2164 2292 di-
3424 2228 3435 2231 “
3586 2228 3613 2253 τ’

580 2317 746 2384 citur,
784 2320 909 2373 item
948 2333 1000 2376 et
1047 2320 1272 2389 Paulus,
1315 2334 1369 2379 et
1397 2326 1487 2379 alii
1539 2326 1810 2382 similiter.

652 2408 707 2464 5.
741 2408 845 2465 Sed
882 2412 1095 2469 etiamsi
1131 2415 1182 2469 in
1234 2426 1420 2472 nostra
1467 2418 1740 2488 theologia
1796 2419 1901 2473 alia
1947 2419 2165 2485 quidem

2342 2414 2404 2471 ε’.
2451 2415 2591 2470 Ἀλλ’
2630 2417 2681 2472 εἰ
2710 2418 2806 2474 καὶ
2836 2418 2929 2474 ἰπὶ
2958 2419 3058 2488 τῆς
3086 2419 3210 2474 καθ’
3251 2421 3405 2492 ἡμᾶς
3441 2421 3719 2492 θεολογίας,
3753 2423 3798 2481 td

581 2502 948 2557 communiter
988 2505 1250 2560 dicuntur
1277 2507 1344 2562 de
1378 2508 1551 2565 tribus
1594 2510 1865 2580 personis,
1898 2512 2002 2567 alia
2054 2514 2169 2582 pri-

2274 2508 2375 2578 μὲν
2422 2509 2616 2573 κοινῶς
2646 2510 2867 2580 λέγεται
2898 2512 2992 2566 ἐπὶ
3041 2511 3155 2569 τῶν
3177 2513 3350 2586 τριῶν
3382 2514 3728 2579 ὕποστάσεων,
3753 2514 3800 2568 τὰ

579 2590 744 2645 vatim
770 2609 785 2653 ;
810 2603 863 2648 ct
888 2611 1009 2664 qua!
1036 2597 1256 2666 quidem
1291 2602 1675 2669 communiter,
1704 2618 1767 2657 ea
1795 2607 2168 2661 communiter

2269 2600 2327 2654 δὲ
2359 2601 2503 2665 ἰδίως
2527 2619 2541 2631 ·
2575 2604 2669 2656 καὶ
2702 2603 2770 2657 τὰ
2805 2603 2904 2673 μὲν
2939 2604 3159 2668 κοινῶς,
3196 2607 3293 2662 καὶ
3342 2607 3543 2672 κοινῶς
3568 2608 3673 2678 ἃμα
3706 2625 3798 2661 ut-

577 2683 742 2738 etiam
794 2687 1183 2755 prmdicaulur,
1218 2699 1274 2744 et
1321 2692 1575 2761 privatim
1630 2710 1724 2761 per
1771 2706 1977 2764 partes.
2030 2696 2165 2753 Nam

2269 2696 2572 2762 ηγορεῖται,
2601 2696 2696 2749 καὶ
2729 2695 2876 2760 ἰδίως
2898 2696 3005 2752 ἀνὰ
3039 2698 3239 2771 μέροςο
3275 2699 3358 2752 ὅτ’
3388 2698 3457 2754 ἂν
3489 2701 3588 2770 μὲν
3612 2700 3704 2772 γὰρ
3720 2718 3798 2754 κα·

578 2790 705 2829 ιυιη
772 2780 1139 2835 communiter
1192 2797 1259 2837 ac
1310 2783 1474 2839 simul
1518 2785 1585 2840 de
1640 2784 1802 2842 Patre
1834 2798 1889 2844 et
1936 2788 2077 2844 Filio
2116 2801 2170 2845 et

2270 2786 2377 2851 νῶς
2402 2788 2519 2857 ἅμα
2543 2790 2637 2842 ἐπὶ
2670 2787 2764 2842 τοῦ
2790 2790 3005 2862 Πατρὸς
3029 2791 3125 2845 καὶ
3153 2792 3283 2845 Υίοῦ
3306 2794 3407 2846 καὶ
3437 2794 3593 2862 ἁγίου
3616 2792 3799 2864 Πνεῦμα·

577 2877 769 2922 saneto
811 2866 1042 2939 Spiritu,
1090 2888 1288 2930 nomen
1339 2883 1468 2946 puta
1510 2876 1610 2932 Dei
1656 2879 1879 2943 dicitur.
1916 2891 2011 2936 aut
2056 2880 2168 2935 Do-

2270 2895 2382 2942 τος,
2415 2875 2527 2954 οἷόν
2564 2897 2706 2951 φημι
2728 2880 2790 2935 τὸ
2820 2882 2966 2947 Θεὸς
2992 2881 3166 2954 ὄνομα
3190 2883 3223 2953 ἢ
3255 2884 3317 2937 τὸ
3345 2885 3566 2954 Κύριος
3608 2885 3797 2955 λέγηται,

577 2961 781 3024 minus,
816 2973 1163 3032 pateLunum
1203 2968 1372 3022 Deum
1402 2969 1455 3025 in
1493 2970 1671 3028 tribus
1716 2972 1844 3038 dici,
1876 2973 1928 3027 in
1968 2974 2170 3044 quibus

2271 2970 2430 3041 δῆλον
2457 2973 2539 3027 ὅτι
2566 2971 2647 3037 εἷς
2679 2975 2777 3043 μὲν
2801 2973 2937 3039 Θεὸς
2970 2974 3040 3029 τὰ
3068 2976 3195 3046 τρία
3233 2976 3479 3044 λέγεται,
3525 2980 3583 3032 ὲν
3599 2972 3673 3041 οἷς
3694 2980 3798 3031 ἔστιν

577 3051 838 3111 divinitas
872 3064 976 3122 est,
1010 3067 1176 3128 atque
1238 3074 1269 3115 a
1312 3062 1473 3118 nobis
1524 3076 1675 3121 recte
1727 3065 1809 3121 sic
1867 3066 2171 3137 theologiee

2272 3065 2306 3133 ἡ
2341 3062 2554 3136 θεότης,
2576 3065 2671 3120 καὶ
2705 3067 2839 3136 παρ’
2879 3068 3011 3138 ἡμῖν
3058 3068 3242 3132 καλῶς
3286 3068 3468 3135 οὕτως
3512 3069 3829 3138 θεολογεῖται.⁶

574 3145 795 3201 dicitur.
830 3147 967 3205 Cum
1017 3160 1200 3206 autem
1238 3152 1305 3209 de
1351 3152 1514 3211 Patre
1561 3158 1762 3213 dicitur
1815 3161 2065 3229 privatim
2114 3172 2167 3217 et

2199 3192 2237 3252 α
2277 3157 2395 3211 Ὅτ’
2419 3157 2486 3211 ἂν
2507 3158 2564 3212 δὲ
2590 3157 2665 3223 ὡς
2695 3158 2789 3212 ἐπὶ
2820 3158 2914 3213 τοῦ
2943 3160 3153 3230 Πατρὸς
3174 3161 3407 3232 λέγηται
3451 3163 3592 3226 ἰδίως
3608 3162 3691 3215 καὶ
3725 3161 3797 3215 ἀνὰ

573 3237 976 3307 particulariter
1009 3241 1100 3297 Dei
1138 3260 1335 3301 nomen
1375 3254 1470 3302 aut
1508 3247 1784 3315 Dominus,
1813 3251 1892 3313 vel
1937 3251 2003 3306 de
2028 3251 2167 3308 Fil'o

2199 3237 2237 3252 ν
2272 3248 2438 3319 μέρος
2460 3248 2522 3302 τδ
2566 3251 2709 3317 θεὸς
2746 3250 2939 3322 ὄνομα,
2969 3253 3004 3322 ἢ
3047 3254 3109 3307 τὸ
3153 3255 3399 3325 Κύριος,
3453 3257 3487 3329 ἢ
3541 3258 3627 3311 ἐπὶ
3649 3253 3797 3324 Υἰοῦἢ

575 3339 671 3383 aut
706 3328 910 3400 Spiritu
936 3373 952 3394 .
982 3343 1111 3389 tunc
1142 3334 1303 3390 Pater
1347 3336 1490 3394 Deus
1521 3342 1723 3394 dicitur
1754 3358 1861 3396 non
1911 3344 2165 3412 privatim

2269 3342 2608 3414 ιῐνεύματος,
2635 3345 2755 3398 τότε
2782 3346 2882 3415 μὲν
2923 3345 3056 3409 Θεὸς
3080 3346 3298 3414 λέγεται
3325 3350 3357 3402 ὁ
3412 3328 3620 3420 Πατὴρ,
3644 3348 3697 3401 οὐ
3724 3347 3799 3417 μὴν

573 3428 629 3474 et
677 3423 1102 3490 particulas-iter,
1152 3434 1208 3481 et
1239 3430 1395 3498 quasi
1450 3431 1522 3486 sit
1568 3432 1963 3498 heterogeneus
2021 3452 2164 3493 unus

2271 3436 2416 3501 ἰδίως
2437 3435 2530 3490 καὶ
2558 3437 2661 3493 ἀνὰ
2697 3437 2861 3507 μέρος
2904 3438 2997 3491 καὶ
3038 3439 3347 3508 ἐτεροφυῶς
3398 3435 3483 3504 εἷς
3521 3441 3644 3502 Θεὸς
3672 3441 3696 3494 ὁ
3721 3440 3800 3492 Πα-

578 3511 723 3567 l)eus
773 3515 975 3577 Pater;
1006 3526 1063 3571 et
1104 3533 1298 3574 rursus
1335 3537 1476 3578 unus
1509 3524 1650 3579 alius
1683 3526 1823 3580 Deus
1856 3527 2061 3592 Filius;
2092 3531 2168 3586 si-

2266 3529 2372 3599 τήρ
2393 3545 2405 3559 ·
2441 3529 2539 3588 καὶ
2567 3529 2729 3583 πάλιν
2756 3522 2834 3593 εἷς
2865 3528 3025 3593 ἄλλος
3071 3530 3203 3593 Θεὸς
3229 3532 3256 3585 ὁ
3283 3531 3419 3597 Υἱός
3438 3550 3452 3564 ·
3505 3532 3737 3594 ὡεαύτως
3759 3530 3799 3583 δὲ

576 3605 780 3659 Iniliter
808 3617 857 3661 et
897 3607 1133 3679 Spiritus
1165 3621 1428 3680 sanctus;
1462 3630 1631 3685 apage
1670 3618 1984 3689 hujusmodi
2021 3623 2168 3677 blas-

2267 3622 2362 3679 καὶ
2390 3622 2613 3692 Πνεῦμα
2637 3622 2698 3675 τὸ
2728 3623 2883 3689 ἆγιον
2904 3637 2917 3650 ·
2951 3622 3132 3690 ἄπαγε
3156 3622 3254 3693 τῆς
3275 3622 3537 3692 τοιαύτης
3568 3620 3799 3680 mtuam;

575 3694 831 3760 phemum
881 3698 1340 3769 polytheismum;
1376 3719 1474 3758 nos
1525 3705 1670 3759 enim
1717 3723 1883 3762 unum
1930 3711 2165 3769 colimus

2269 3713 2328 3779 ἒξ
2351 3713 2509 3785 ἡμῶν
2535 3714 2598 3768 τὸ
2616 3713 2970 3784 βλάσφημονί
3000 3713 3187 3785 ἐπειδὴ
3215 3716 3350 3785 ἡμῖν
3376 3715 3523 3787 ἀρχὴ
3550 3714 3642 3786 μία
3666 3711 3716 3765 τὸ
3738 3728 3799 3764 σε·

577 3790 906 3859 principium
940 3802 993 3847 et
1041 3810 1209 3848 unum
1250 3793 1441 3860 Deum,
1467 3805 1522 3851 et
1564 3797 1617 3853 in
1651 3800 1826 3854 tribus
1867 3806 2165 3872 proprieta-

2267 3806 2568 3877 ὅαζόμενον
2588 3822 2602 3836 °
2635 3807 2729 3863 καὶ
2750 3801 2829 3870 εἷς
2855 3806 3011 3871 Θεὸς,
3038 3805 3143 3861 κᾶν
3168 3810 3292 3871 ταῖς
3328 3808 3588 3880 ἰδιότησιν
3610 3849 3626 3872 ,
3675 3807 3798 3878 how

574 3878 725 3934 tibus
782 3896 877 3936 seu
924 3884 1172 3951 personis
1225 3882 1547 3941 Trinitatem
1619 3891 1913 3949 credimus.
1953 3894 2164 3963 Quam-

2268 3894 2769 3967 ὑποστάσεσι,τρία
2800 3895 3124 3965 πιστεύηται
3142 3913 3155 3927 ·
3190 3895 3315 3950 ὅθεν
3342 3878 3641 3951 ΥἰὸνἾΘεοῦ
3666 3892 3799 3946 θεολο-

573 3973 762 4029 obrem
808 3991 933 4030 cum
983 3976 1052 4030 de
1085 3975 1203 4031 Filii
1279 3976 1371 4033 Dei
1426 3979 1712 4037 divinitate
1748 3985 2058 4055 loquimur,
2089 3989 2165 4045 di-

2266 3988 2514 4059 γοῦντες,
2553 3990 2739 4061 ἕτερον
2785 3989 2886 4059 μέν
2921 4006 3104 4059 φαμεν
3144 3992 3210 4060 τῇ
3249 3989 3551 4047 ὑποστάσει
3585 3983 3799 4058 παρὰτδν

572 4081 791 4121 versum
812 4068 1031 4138 quidem
1074 4083 1306 4138 persona
1337 4070 1575 4129 dicimus
1613 4089 1643 4129 a
1677 4075 1859 4143 Patre,
1890 4078 2035 4134 haud
2078 4089 2163 4136 ta-

2266 4080 2513 4153 Πατέρα,
2543 4081 2602 4134 οὐ
2637 4079 2743 4151 μὴν
2770 4080 2815 4133 δ’
2846 4081 3036 4150 ἕτερον
3070 4082 3138 4151 τῇ
3185 4080 3348 4152 οὐσίᾳ
3379 4082 3476 4136 καὶ
3503 4082 3566 4149 τῇ
3611 4076 3797 4144 θεότητι.

572 4172 697 4213 men
726 4159 1001 4219 diversum
1031 4170 1223 4216 natura
1245 4169 1297 4217 et
1325 4163 1628 4231 divinitate,
1679 4168 1771 4222 sed
1801 4186 1971 4225 unum
2002 4186 2163 4229 eum-

2265 4172 2382 4227 ἀλλ’
2410 4173 2510 4226 ἕνα
2539 4172 2633 4228 καὶ
2671 4171 2762 4225 τὸν
2812 4171 2998 4238 αὐτὸν,
3023 4169 3099 4236 ὡς
3143 4173 3202 4225 ὲν
3228 4173 3299 4243 τῇ
3329 4170 3572 4243 προτέρᾳ
3597 4164 3799 4232 tumuli

573 4249 829 4318 demque,
864 4251 997 4304 utin
1033 4251 1211 4319 priore
1257 4253 1487 4322 epistola
1527 4263 1807 4313 ostensum
1859 4261 1979 4316 fuit.

957 4254 997 4303 in
1033 4251 1211 4319 priore
1257 4253 1487 4322 epistola
1527 4263 1807 4313 ostensum
1859 4261 1979 4316 fuit.
2264 4264 2555 4320 δέδεικται.

644 4336 698 4391 6.
733 4335 929 4393 Nostra
957 4339 1120 4411 igitur
1150 4341 1420 4412 theologia
1465 4359 1533 4399 ex
1568 4350 1952 4405 communibus
1978 4354 2161 4409 notio-

2339 4355 2414 4423 ς’.
2446 4355 2726 4426 Μενοῦνγε
2768 4357 2803 4426 ἡ
2835 4354 2958 4411 καθ’
2987 4356 3137 4427 ἡμᾶς
3159 4354 3413 4425 θεολογία
3443 4358 3506 4409 ὲκ
3531 4354 3632 4411 τῶν
3649 4347 3798 4405 κοινῶν

574 4429 756 4496 nibus,
787 4442 841 4486 et
863 4449 929 4488 ex
964 4434 1165 4488 divinis
1197 4436 1478 4505 pi-Ophetis
1509 4439 1775 4507 pendens,
1811 4441 2162 4516 indidemque

2265 4450 2485 4506 ἐννοιῶν
2514 4451 2609 4505 καὶ
2635 4450 2744 4504 τῶν
2774 4449 2936 4504 θείων
2967 4450 3265 4520 προφητῶν
3322 4449 3624 4521 ἠρτημένη,
3660 4443 3736 4500 καὶ
3756 4440 3797 4493 τδ

572 4523 886 4580 ﬁrmitatem
941 4527 1403 4599 stabilitatemque
1453 4530 1669 4596 sortita,
1715 4534 1931 4587 Patrem
1979 4545 2032 4590 et
2074 4535 2164 4589 Fi-

2199 4543 2240 4599 D
2267 4541 2487 4615 βέϐαιον
2510 4544 2605 4596 καὶ⁸
2640 4542 2838 4610 πάγιον
2867 4540 3298 4612 κληρωσαμένη,
3338 4540 3560 4611 Πατέρα
3587 4538 3672 4599 καὶ
3706 4532 3797 4586 Υίδν

570 4618 705 4695 lium
749 4629 804 4675 et
854 4631 1105 4678 sanctum
1149 4624 1435 4695 Spiritum,
1494 4636 1552 4683 ut
1595 4644 1763 4683 unum
1807 4628 2002 4696 Deum,
2045 4631 2168 4691 Tri—

2269 4636 2363 4689 καὶ
2381 4635 2606 4705 Πνεῦμα
2634 4633 2788 4703 ἅγιον
2825 4634 2919 4687 ἐπὶ
2943 4633 3042 4704 τῆς
3071 4632 3351 4702 θεολογίας
3382 4634 3460 4697 ὡς
3488 4633 3581 4687 ἕνα
3617 4627 3728 4683 Θεὸν
3750 4623 3798 4676 τὰ

572 4712 797 4771 nitatem
838 4715 1139 4787 tbeologice
1187 4718 1341 4777 dicit.
1381 4720 1463 4776 Tu
1497 4736 1627 4777 vero
1679 4738 1785 4777 non
1836 4723 1910 4776 ita
1959 4723 2165 4781 intelli-

2267 4724 2396 4794 τρία
2430 4724 2709 4793 θεολογεῖ·
2742 4724 2807 4777 σὺ
2855 4722 2913 4776 δὲ
2952 4723 3052 4794 οὐχ
3103 4723 3279 4787 οὕτως
3317 4722 3579 4786 ἐκλαϐὼν,
3625 4717 3736 4781 ἀλλὰ
3755 4713 3798 4767 τὸ

570 4820 725 4873 gens,
756 4809 850 4863 sed
902 4825 1070 4864 unum
1112 4812 1278 4865 Deum
1326 4813 1432 4868 dici
1488 4813 1702 4871 Patrem
1751 4818 2043 4885 separatim
2100 4826 2156 4871 et

2267 4816 2363 4870 ἕνα
2394 4816 2526 4871 Θεὸν
2545 4815 2807 4883 λέγεσθαι
2826 4817 2914 4873 τὸν
2943 4817 3161 4888 Πατέρα
3205 4816 3354 4880 ἰδίως
3388 4816 3484 4870 καὶ
3510 4813 3610 4871 ἀνὰ
3639 4809 3794 4881 μέρος·

570 4899 1007 4968 particulariter;
1039 4901 1233 4956 deinde
1262 4899 1459 4958 Filium
1514 4913 1775 4975 tauquam
1811 4907 2161 4964 extrinsecus

2266 4899 2387 4958 εἶτα
2419 4907 2512 4960 τὸν
2536 4906 2663 4959 Υἱδν
2677 4905 2752 4969 ὡς
2771 4905 2970 4972 ἔξωθεν
2992 4904 3087 4960 τοῦ
3115 4905 3237 4970 ἑνὸς
3276 4905 3410 4960 Θεοῦ
3463 4894 3794 4972 παρεισκρινόσ

571 5007 743 5045 unum
782 4988 975 5057 Deum,
1012 5003 1267 5062 reputans
1297 4997 1585 5052 ohtrusum
1617 5006 1672 5052 et
1706 4997 1790 5053 sic
1821 4998 2158 5071 intelligens,

2268 5013 2429 5069 μενον
2457 4996 2814 5068 λογισάμενος
2867 4998 2965 5051 καὶ
3014 4998 3238 5068 νοήσας,
3302 4996 3392 5050 τὸν
3444 4985 3794 5092 παραλογισμὲν

572 5083 998 5153 paralogismum
1030 5086 1374 5144 machinatus
1400 5105 1482 5144 es.
1520 5088 1864 5160 Quapropter
1896 5089 2039 5147 falso
2073 5092 2157 5150 sic

2266 5091 2751 5162 συνεσκευωρησας
2771 5108 2785 5121 ·
2815 5090 2899 5144 διὸ
2923 5090 3015 5144 καὶ
3044 5089 3255 5160 ψευδῶς
3291 5083 3396 5147 ὦδε
3425 5089 3691 5155 συνάγεις’
3713 5097 3729 5131 ι
3748 5076 3789 5130 Εἰ

575 5172 818 5243 colligis:
858 5192 877 5224 ι
917 5172 973 5229 Si
1001 5186 1084 5231 est
1120 5175 1293 5234 Filius
1329 5178 1383 5234 in
1420 5179 1549 5245 Deo,
1585 5182 1998 5239 communicans
2021 5200 2158 5253 quo-

2263 5180 2412 5236 ἔστιν
2450 5182 2577 5247 Υἱὸς
2606 5184 2697 5236 ἐπὶ
2722 5181 2882 5246 Θεοῦ,
2933 5182 3028 5236 καὶ
3081 5182 3340 5246 κοινωνός
3367 5183 3542 5235 ἐστιν’
3572 5174 3690 5232 ἀλλὰ
3714 5167 3792 5240 μὴν

573 5278 680 5333 que
706 5272 825 5318 est:
857 5266 1006 5337 atqui
1037 5266 1146 5322 Deo
1181 5272 1597 5326 communicans
1643 5272 1828 5327 nullus
1877 5284 1959 5328 est
1987 5291 2002 5328 :
2028 5289 2161 5348 ergo

2263 5273 2520 5339 κοινωνὸς
2551 5275 2653 5329 οὐκ
2703 5274 2852 5328 ἐστιν
2881 5276 2974 5328 ἐπὶ
3007 5274 3143 5328 Θεοῦ
3170 5289 3186 5307 ⁸
3213 5275 3312 5330 οὐκ
3347 5275 3453 5344 ἄρα
3489 5270 3600 5326 οὐδὲ
3629 5267 3747 5327 Υἱός.
3772 5278 3785 5311 ι

574 5373 641 5413 ne
689 5355 861 5414 Filius
901 5360 1143 5429 quidem.
1181 5382 1201 5415 ›
1237 5363 1391 5430 Quod
1443 5363 1571 5418 dum
1607 5364 1709 5428 ais,
1755 5364 1808 5420 in
1842 5367 2012 5421 multa
2072 5366 2160 5423 in-

2262 5366 2434 5420 Τοῦτο
2461 5367 2518 5421 δὲ
2541 5367 2740 5437 λέγων,
2766 5367 2981 5431 πολλοῖς
3009 5368 3233 5431 ἀτόποις
3259 5384 3325 5419 πε
3336 5366 3673 5438 ριπέπτωκας
3683 5371 3696 5386 ⁸
3721 5350 3788 5408 καὶ

574 5452 754 5506 curris
803 5454 1063 5508 al-surda.
1103 5452 1238 5508 Nam
1276 5456 1454 5525 primo
1486 5455 1643 5517 idem,
1678 5455 1814 5510 facis
1868 5472 2157 5526 personam

2262 5458 2478 5527 πρῶτον
2515 5463 2613 5530 μὲν
2635 5459 2832 5514 ταυτὸν
2862 5462 3036 5522 ποιεῖς
3069 5459 3368 5516 ὑπόστασιν
3409 5457 3506 5513 καὶ
3534 5453 3678 5525 φύσιν
3719 5443 3786 5498 ἐπὶ

573 5554 738 5613 atque
795 5557 1075 5607 naturam,
1107 5547 1257 5617 quod
1304 5547 1515 5616 jamdiu
1567 5549 1924 5617 explosimus.
1957 5550 2161 5606 Deinde

2260 5549 2420 5613 Θεοῦ,
2445 5552 2580 5621 ὅπερ
2603 5553 2705 5623 ἤδη
2760 5551 3311 5622 προαπελήλεγκται·
3367 5550 3553 5608 ἔπειτα
3599 5544 3681 5598 καὶ
3720 5537 3784 5590 ’τὸν

574 5654 682 5689 non
714 5639 970 5693 comedis
1005 5637 1201 5693 Filium
1233 5656 1454 5713 quoque
1501 5658 1624 5696 cum
1662 5639 1819 5695 Patre
1854 5657 1917 5696 ac
1949 5641 2155 5712 Spiritu

2260 5641 2390 5694 Υἰδν
2415 5643 2477 5695 οὐ
2508 5643 2667 5708 δίδως
2699 5642 2840 5714 μετὰ
2871 5644 3084 5715 Πατρδς
3123 5641 3220 5697 καὶ
3244 5641 3553 5713 Πνεύματος
3583 5636 3666 5690 ἕνα
3684 5628 3783 5684 Θεὸν

572 5744 695 5780 esse
715 5744 884 5784 unum
917 5729 1108 5799 Deum,
1146 5731 1349 5803 alioqui
1379 5733 1519 5805 apud
1544 5748 1644 5787 nos
1670 5740 1814 5787 recta
1852 5747 1977 5789 cum
2010 5734 2161 5789 theo-

2259 5733 2412 5801 ὄντα,
2472 5736 2566 5788 καὶ
2611 5735 2742 5807 παρ’
2791 5737 2823 5804 ή
2833 5735 2950 5805 μῶν
3009 5734 3193 5800 καλῶς
3247 5731 3670 5804 θεολογούμενονσ
3712 5716 3780 5821 {ml

580 5823 721 5894 logia
754 5837 1063 5899 assertum;
1096 5831 1242 5903 quod
1270 5831 1398 5888 item
1438 5845 1473 5886 ε.
1521 5829 1683 5887 nobis
1724 5827 2155 5887 demonstratum

2259 5824 2417 5880 τοῦτο
2478 5827 2640 5881 πάλιν
2688 5828 2820 5897 ἡμῖν
2860 5825 3344 5898 προαποδέδεικται
3369 5845 3382 5861 ο
3432 5823 3518 5879 διὰ
3563 5836 3635 5875 τοι
3659 5822 3779 5869 τουτο
