4048 6404
123 374 245 439 832')

1310 385 1747 451 REFUTATIO
1782 387 2259 450 MOHAMEDIS.

3287 388 3396 453 830

121 502 230 554 καὶ
267 498 474 569 ἠλίθιον
519 500 753 570 ἀνέφανε
781 502 843 556 τὺ
891 502 1043 571 ποιρά
1092 501 1186 555 σοῦ
1227 503 1710 576 δογματιζόμενον.

1821 506 1920 561 fuit
1957 526 1972 561 :
2014 506 2373 576 quamobrem
2417 504 2568 563 fatua
2601 507 2853 578 apparuit
2883 508 3093 578 prolata
3124 522 3156 563 a
3189 516 3241 564 te
3273 508 3407 577 dog-

123 590 375 660 Εῖδωμεν
396 591 453 644 δὲ
480 592 572 645 καὶ
602 593 1026 665 ἐπιφερόμενον
1064 593 1177 664 ἔχει
1204 595 1260 648 δὲ
1281 598 1375 650 καὶ
1406 598 1538 651 αὑτὸ
1577 592 1709 653 ὧδε·

130 703 151 735 ι
179 685 279 747 Ὃς
308 684 532 754 ἐποίησε
555 685 653 754 τὴν
689 685 871 743 πίστιν
904 686 1012 740 τῶν
1045 689 1402 758 Σαρακηνῶν,
1434 691 1580 759 φῶς·
1619 694 1714 747 καὶ

126 777 294 844 ἑτέρα
323 777 508 840 πίστις
552 777 653 831 οὑκ
701 777 838 842 ἔστι,
867 779 934 833 δι’
963 780 1033 850 ἦν
1066 797 1152 843 τις
1197 781 1276 852 τῷ
1328 781 1447 852 Θεῷ
1489 783 1714 838 δύναται

132 866 513 935 προσεγγίσαι,
550 888 568 920 ι
598 870 693 927 καὶ
724 871 826 924 ὅσα
865 872 1007 926 ἄλλα
1053 874 1287 941 γράφεις
1315 875 1715 945 ἀποσεμνύνων

130 956 231 1024 τὴν
276 958 481 1012 οίκείαν
514 958 718 1017 πίστιν.
766 962 926 1016 Ἀλλά
958 964 1020 1016 τὸ
1075 963 1175 1035 μὲν
1223 963 1366 1019 οὑτω
1391 964 1576 1035 ψιλαῖς
1626 966 1716 1021 τὸν

128 1046 286 1116 λόγον
312 1051 482 1120 χωρὶς
506 1052 833 1117 ἀποδείξεως
862 1055 963 1126 τὴν
988 1054 1276 1125 ἀλλοτρίαν
1312 1056 1496 1115 πίστιν
1520 1056 1716 1129 ὕϐρεσι

125 1140 369 1212 βάλλειν,
420 1144 518 1196 καὶ
572 1144 671 1214 τὴν
719 1144 927 1199 οἰκείαν
983 1145 1237 1215 μεγάλως
1290 1146 1712 1217 ἀποσεμνύνειν,

127 1235 332 1305 ῥᾷστον
359 1237 454 1290 καὶ
504 1237 731 1302 εὐπετὲς
757 1237 825 1291 ἂν
859 1237 946 1308 εἵη
973 1238 1136 1293 παντὶ
1162 1238 1241 1308 τῷ
1287 1238 1597 1309 βουλομένῳ
1614 1256 1628 1271 ο
1656 1240 1717 1294 τὸ

122 1325 186 1379 δὲ
215 1325 317 1398 τὴν
332 1327 526 1382 ἑαυτοῦ
562 1330 746 1382 πίστιν
780 1330 898 1400 μετ’
929 1329 1260 1395 ἀποδείξεως
1287 1330 1592 1403 εὔχρηστον
1623 1332 1718 1387 καὶ

123 1419 408 1490 ὠφέλιμον
431 1421 526 1473 καὶ
543 1422 607 1475 ὲκ
638 1420 774 1475 Θεοῦ
804 1421 1051 1479 δοθεῖσαν
1083 1422 1491 1489 ἀποδεικνύναι,
1524 1423 1719 1493 ἀνδρὸς

121 1511 196 1565 ἂν
224 1514 311 1583 εῖη
345 1513 605 1577 εὑσεῦοῦς
643 1513 738 1568 xui
765 1513 890 1568 νοῦν
918 1513 1151 1585 ἔχοντος.
1201 1515 1412 1571 Οὑκοῦν
1448 1516 1540 1575 καὶ
1573 1516 1719 1585 ὑμᾶς

120 1605 241 1660 εδει
265 1607 421 1661 τοῦτο
445 1610 620 1665 ποιεῖν
644 1622 657 1638 ·
693 1607 789 1666 καὶ
820 1607 896 1677 μὴ
916 1606 1103 1668 ἁπλῶς
1133 1607 1594 1677 βρενθυνομένους
1619 1608 1718 1678 τὴν

124 1699 406 1770 ὑμετέραν
436 1699 621 1758 πίστιν
653 1699 728 1762 ὡς
760 1700 873 1769 φῶς
915 1700 1066 1770 παρά
1095 1699 1232 1752 Θεοῦ
1272 1701 1593 1771 ποιηθεῖσαν
1622 1702 1718 1754 καὶ⁵

119 1790 377 1851 δοθεῖσαν
408 1790 804 1859 ἀποφαίνεσθαι
826 1807 841 1821 ⁸
868 1791 989 1847 ὅθεν
1021 1792 1182 1860 ἡμεῖς
1220 1790 1422 1859 μᾶλλον
1452 1792 1552 1860 τῆς
1581 1792 1719 1861 ὑμε-

1818 598 1979 652 matis
2026 599 2199 652 instar
2247 598 2537 654 sententia.
2570 596 2690 652 Jam
2744 614 2874 653 vero
2923 599 3208 681 videamus
3257 600 3403 670 quod

1818 690 1974 744 addis
2003 708 2016 745 :
2045 704 2279 759 namque
2309 690 2383 744 ita
2414 706 2472 745 se
2503 690 2668 745 habet
2697 708 2709 744 :
2751 709 2769 742 ι
2806 689 2910 757 Qui
2942 690 3069 749 fecit
3106 690 3407 746 Saraceno-

1818 798 1940 835 rum
1993 781 2150 835 ﬁdem
2196 783 2337 836 lucis
2377 783 2571 840 instar.
2605 780 2795 853 Neque
2833 784 2941 838 alia
2980 783 3110 838 ﬁdes
3157 793 3262 845 est,
3295 798 3405 853 qua

1819 871 1930 929 Deo
1981 874 2252 942 quispiam
2306 874 2678 943 propinquare
2739 875 2936 945 possit.
2973 893 2991 926 ι
3027 873 3093 929 Ει
3142 874 3403 944 quidquid

1818 961 1965 1014 aliud
2008 961 2229 1024 scribis,
2266 961 2422 1015 iidem
2467 973 2617 1015 tuam
2646 964 2918 1019 exaltans.
2953 965 3022 1016 At
3051 961 3195 1017 enim
3248 961 3408 1015 nudis

1819 1054 1891 1107 ita
1926 1054 2131 1116 verbis,
2166 1054 2374 1122 absque
2405 1055 2512 1107 ulla
2545 1054 3032 1115 demonstratione,
3067 1053 3257 1105 alienae
3285 1051 3406 1104 ﬁdei

1821 1145 2162 1207 maledicere,
2198 1155 2253 1199 et
2304 1147 2580 1215 propriam
2629 1146 3001 1215 magniﬁcare,
3033 1144 3194 1199 facile
3222 1151 3308 1198 est
3355 1151 3414 1195 ct

1817 1236 2128 1305 expeditum
2174 1236 2375 1290 volenti
2423 1240 2642 1305 cuique.
2685 1236 3072 1291 Verumtamen
3123 1236 3404 1306 propriam

1819 1324 1981 1379 ﬁdem
2021 1325 2071 1379 vi
2110 1336 2558 1395 argumentorum
2591 1326 2789 1381 bonam
2830 1326 3128 1396 utilemque
3180 1335 3342 1395 atque
3372 1342 3404 1381 ιι

1820 1414 1932 1470 Deo
1961 1416 2143 1470 datam
2191 1417 2500 1481 ostendere,
2538 1418 2588 1471 id
2620 1418 2836 1472 demum
2892 1418 2991 1472 viri
3055 1418 3295 1487 religiosi
3352 1426 3407 1471 et

1820 1505 2030 1561 cordati
2060 1507 2335 1575 negotium
2367 1515 2471 1562 est.
2510 1507 2694 1576 Itaque
2730 1518 2784 1562 et
2817 1523 2913 1562 vos
2945 1508 3016 1563 ita
3049 1523 3210 1578 agere
3236 1522 3404 1577 opor-

1824 1596 2003 1659 tebat;
2033 1612 2210 1666 neque
2241 1614 2388 1653 mera
2410 1599 2676 1668 jactantia
2702 1599 2860 1654 ﬁdem
2887 1609 3118 1656 vestram
3156 1601 3292 1655 lucis
3323 1600 3407 1653 in-

1821 1695 1935 1742 star
2005 1704 2037 1743 a
2098 1691 2214 1744 Deo
2266 1701 2637 1746 constructam
2690 1692 2983 1758 datamque
3025 1692 3404 1762 pronuntiare.

1804 1779 2055 1839 Proinde
2106 1795 2207 1835 nos
2258 1781 2441 1849 potius
2483 1792 2678 1837 vestrae
2709 1783 2833 1837 ﬁdei
2867 1798 3107 1837 errorem
3141 1798 3203 1836 ac
3245 1781 3399 1836 falsi-

121 1883 295 1949 τέρας
329 1857 568 1945 πίστεως
609 1883 710 1951 τὴν
759 1882 968 1950 πλάνην
1008 1857 1101 1937 καὶ
1125 1882 1188 1936 τὸ
1218 1857 1436 1953 ψεῦδος,
1470 1857 1565 1939 καὶ
1614 1857 1714 1952 τῆς

1823 1876 2009 1932 tatem,
2079 1877 2388 1939 nostraeque
2449 1872 2731 1924 veritatem
2794 1881 2849 1924 et
2921 1871 3407 1940 pulchritudinem,

121 1976 408 2046 ἡμετέρας
431 1979 527 2045 τὴν
556 1973 815 2046 ἀλήθειαν
841 1974 1051 2031 καὶτὸν
1081 1974 1288 2046 κόσμον
1334 1976 1472 2044 μετά
1501 1976 1719 2033 ἀποδεί-

120 2065 267 2131 ξεως
295 2065 620 2135 παραθεῖναι
651 2064 1054 2135 πειρασόμεθα.

198 2156 269 2220 ζ’,
304 2158 513 2217 Ἅπασι
544 2159 658 2221 τοῖς
688 2156 813 2209 νοῦν
853 2156 1070 2227 ἔχουσιν
1100 2155 1447 2227 ὡμολόγηται
1495 2156 1577 2210 ὅτι
1632 2155 1720 2209 πίσ-

121 2266 250 2312 στις
285 2249 381 2317 μὲν
409 2246 711 2319 εὔχρηστος
756 2250 850 2307 καὶ
882 2247 1160 2318 ὠφέλιμος
1211 2250 1305 2300 καὶ
1329 2248 1405 2311 ὡς
1439 2247 1556 2316 φῶς
1585 2247 1719 2303 οὖσα

120 2341 504 2407 καθέστηκεν
559 2343 653 2396 καὶ
702 2341 831 2404 τοὺς
871 2341 1075 2410 ταύτην
1120 2340 1543 2411 ἐπισπωμένους
1598 2340 1718 2411 Θεῷ

118 2431 465 2485 οἰκειοῦσθαι
519 2432 839 2502 παρεγγυᾷο
874 2424 942 2501 ἦς
964 2433 1035 2489 τά
1073 2429 1450 2500 θεσπιζόμενα
1473 2430 1580 2483 τῶν
1604 2446 1719 2500 χει-

122 2521 333 2593 ρίστων
367 2522 459 2575 καὶ
489 2520 769 2593 βλαϐερῶν
791 2520 890 2593 τὴν
914 2520 1174 2574 ἀπόθεσιν
1202 2519 1449 2590 ἐχεμκοιλ⁸
1478 2521 1540 2574 τὸ
1562 2521 1719 2589 γένος

118 2613 240 2666 τῶν
265 2611 567 2684 ἀνθρώπων
591 2612 701 2666 ἀπὸ
728 2612 837 2665 τῶν
862 2613 1013 2685 παρὰ
1034 2611 1195 2680 φύσιν
1223 2612 1316 2665 ἐπὶ
1350 2612 1416 2665 τά
1444 2611 1587 2665 κατὰ
1616 2612 1715 2681 φύρ

125 2721 216 2759 σιν
238 2707 334 2760 καὶ
369 2706 621 2775 ὑπερφυῆ
651 2705 1003 2775 μετατίθησιν
1021 2720 1037 2739 ο
1073 2698 1141 2776 ἧς
1164 2705 1221 2757 δὲ
1249 2704 1319 2757 τὰ.
1346 2704 1718 2775 θεσπιζόμενα

122 2796 240 2848 τῶν
279 2796 462 2852 καλῶν
484 2797 583 2869 τὴν
614 2798 893 2865 ἀπόθεσιν,
946 2801 1039 2852 καὶ
1067 2798 1175 2852 τῶν
1210 2798 1433 2869 φαύλων
1484 2800 1584 2869 τὴν
1633 2802 1716 2854 ol-

54 2931 57 2961 τ
121 2888 354 2951 κείωσιν
408 2891 826 2960 ἐπαγγέλλεται,
873 2893 963 2944 καὶ
995 2889 1058 2944 τὸ
1087 2890 1243 2957 γένος
1281 2889 1391 2943 τῶν
1414 2890 1717 2961 ἀνθρώπων

54 3026 55 3033 η
121 2980 241 3033 ἀπὸ
268 2980 378 3033 τῶν
407 2983 550 3036 κατά
594 2983 756 3051 φύσιν
785 2982 817 3054 ἢ
872 2983 965 3036 καὶ
993 2983 1292 3054 ὑπερφυῶν
1334 2984 1429 3035 ἐπὶ
1461 2982 1530 3035 τὰ
1560 2982 1713 3051 παρά

119 3070 294 3140 φύσιν
322 3075 601 3145 κατασπᾷ,
631 3073 769 3144 αὕτη
788 3075 1006 3139 πάντως
1024 3073 1439 3146 δύσχρηστόςτε
1468 3074 1565 3127 καὶ
1594 3072 1717 3143 βλα-

1821 1972 1946 2021 cum
1997 1962 2334 2030 argumentis
2383 1976 2657 2031 exponere
2696 1962 3047 2023 conabimur.

1895 2158 1947 2213 7.
1995 2156 2217 2214 Cordati
2248 2174 2440 2214 omnes
2476 2156 2735 2224 fatentur,
2769 2159 2931 2214 ﬁdem
2969 2160 3165 2214 bonam
3204 2169 3259 2216 et
3296 2161 3410 2215 uti-

1820 2253 1946 2318 lem,
1981 2253 2121 2307 lucis
2153 2252 2273 2307 vice
2300 2250 2472 2321 fungi,
2504 2261 2561 2305 et
2586 2266 2678 2306 eas
2712 2256 2805 2321 qui
2849 2254 2989 2306 hanc
3024 2261 3220 2321 gerunt
3251 2262 3309 2307 ut
3339 2254 3408 2307 ad

1820 2341 1994 2397 Deum
2025 2343 2286 2398 accedant
2325 2343 2532 2397 hortari
2558 2360 2571 2397 :
2607 2342 2767 2411 cujus
2794 2342 2938 2411 ﬁdei,
2960 2353 3224 2413 praecepta
3257 2360 3288 2398 a
3319 2345 3408 2398 de-

1820 2434 2115 2488 terioribus
2145 2433 2430 2503 noxiisque
2462 2434 2771 2499 retrahunt,
2810 2434 3171 2504 hominesque
3214 2436 3283 2489 ab
3341 2436 3410 2492 iis

1819 2541 1943 2595 qua:
1976 2533 2165 2583 contra
2197 2535 2446 2580 naturam
2474 2539 2628 2590 sunt,
2657 2526 2724 2580 ad
2758 2526 3025 2580 naturalia
3057 2535 3111 2581 et
3138 2543 3407 2595 superna-

1822 2616 2019 2671 turalia
2047 2625 2392 2675 convertunt.
2425 2616 2598 2686 Cujus
2622 2626 2805 2671 autem
2838 2618 2957 2672 ﬁdei
2995 2628 3262 2687 praecepta
3301 2618 3410 2671 vir-

1821 2708 1954 2763 tutis
1993 2707 2197 2777 fugam,
2233 2717 2287 2762 et
2307 2708 2425 2762 vitii
2473 2709 2899 2764 familiaritatem
2940 2711 3194 2775 sitadent,
3230 2711 3411 2764 homi-

1821 2813 2036 2867 nesque
2090 2814 2121 2853 a
2177 2800 2522 2856 naturalibus
2554 2801 2638 2855 vel
2677 2802 2844 2855 etiam
2903 2803 3413 2872 supernaturalibus

1820 2890 1887 2949 ad
1924 2905 1989 2947 ea
2022 2906 2143 2959 quae
2166 2903 2356 2946 contra
2390 2900 2640 2947 naturam
2672 2904 2803 2948 sunt
2833 2895 3101 2960 trahunt;
3134 2894 3250 2948 base
3290 2909 3409 2947 om-

1820 2983 1951 3041 nino
2000 2997 2166 3050 prava
2220 2991 2275 3039 et
2319 2983 2481 3038 noxia
2529 2994 2632 3047 est,
2686 2985 3021 3055 minimeque
3070 3000 3168 3055 per
3231 2986 3406 3054 ipsam

1818 3072 2191 3142 propinquare
2217 3072 2327 3129 Deo
2374 3075 2648 3145 quispiam
2680 3083 2878 3146 potest.
2909 3075 3048 3142 Quia
3076 3076 3244 3146 igitur
3275 3075 3413 3129 ﬁdes

118 3165 291 3235 δορὰ,
325 3166 422 3219 καὶ
449 3166 650 3237 ἥκιστά
672 3183 758 3230 τις
791 3165 867 3237 τῷ
888 3166 1005 3237 Θεῷ
1031 3165 1502 3236 προσοικειοῦσθαι
1517 3164 1585 3219 δι’
1614 3167 1715 3219 αὑς-

1821 3175 1997 3216 vestra
2030 3164 2287 3217 vitiorum
2316 3163 2766 3229 familiaritatem,
2790 3176 2845 3221 et
2870 3184 2900 3222 a
2932 3167 3222 3222 virtutibus
3247 3182 3408 3225 aver-

114 3258 230 3327 τῆς
271 3256 520 3312 δύναται.
564 3257 718 3310 Ἐπεὶ
746 3253 841 3312 οὖν
890 3260 1047 3329 καὶὴ
1090 3258 1334 3328 ὑμετέρα
1373 3258 1553 3320 πίστις
1599 3257 1710 3310 τῶν

114 3348 356 3420 φαύλων
374 3349 475 3420 τὴν
500 3350 796 3411 οίκείωσιν⁹
835 3349 931 3402 καὶ
978 3349 1088 3403 τῶν
1118 3349 1301 3405 καλῶν
1320 3349 1419 3420 τὴν
1455 3348 1712 3402 ἀπόθεσιν

113 3440 510 3513 προθεσπίζει,
552 3443 648 3503 καὶ
680 3443 746 3495 ὲκ
772 3442 880 3496 τῶν
909 3443 1225 3512 ὑπερφυῶν,
1253 3441 1285 3512 ἢ
1325 3442 1421 3495 καὶ
1446 3442 1589 3495 κατά
1614 3440 1714 3509 φύς

108 3556 239 3604 σιν,
279 3536 379 3591 ἐπὶ
403 3537 472 3601 τά
495 3538 648 3609 παρά
674 3537 837 3608 φύσιν
885 3539 1011 3601 τοὺς
1042 3536 1248 3606 ταύτην
1291 3537 1716 3606 ὲπισπωμένους

102 3630 414 3701 κατασπᾷ,
453 3630 689 3698 φανερὸν
722 3631 803 3683 ὅτι
848 3629 1185 3700 δύσχρηστος
1223 3647 1281 3682 τε
1322 3630 1419 3683 καὶ
1453 3628 1714 3699 βλαϐερά,

103 3724 221 3778 καὶ
253 3722 436 3784 οὐδεὶς
460 3721 528 3774 δι’
548 3721 717 3790 αὐτῆς
745 3720 822 3791 τῷ
835 3722 954 3788 Θεῷ
976 3721 1267 3774 οἰκειοῦται
1287 3737 1302 3751 ’
1338 3722 1431 3774 καὶ
1460 3722 1541 3774 ὅτι
1560 3721 1719 3774 τοῦτο

97 3810 356 3877 ἀληθὲς,
382 3808 635 3865 ἐντεῦθεν
665 3809 847 3881 ἀερεν
896 3810 968 3864 Τὸ
992 3811 1149 3880 ’παρὰ
1182 3811 1345 3880 φύσιν
1374 3812 1575 3874 πάντες
1599 3812 1719 3864 ῐσα-

98 3917 209 3955 σιν
238 3898 526 3969 εἰδήμονες
558 3897 848 3967 μετάθεσιν
882 3894 1023 3952 εἶναι
1048 3898 1145 3953 τοῦ
1166 3898 1310 3952 κατά
1348 3899 1508 3967 φύσιν
1537 3899 1629 3950 ἐπὶ
1658 3897 1720 3950 τὸ

94 3992 408 4063 χείριστον
427 4004 442 4018 ⁶
470 3988 533 4042 τὸ
559 3989 617 4046 δὲ
642 3988 781 4059 ὑπὲρ
809 3988 997 4059 φύσιν,
1021 3988 1312 4058 μετάθεσιν
1334 3988 1441 4042 ἀπὸ
1457 3986 1552 4042 τοῦ
1580 3985 1722 4042 κατά

95 4083 300 4154 φύσιν
346 4082 440 4134 ἐπὶ
472 4081 533 4135 τὸ
585 4083 860 4153 κρεῖττον.
894 4082 959 4145 ιιι
1007 4075 1102 4136 οὖν
1146 4083 1174 4134 ὁ
1220 4081 1507 4151 ἄνθρωπος
1557 4081 1722 4151 μέσος

93 4194 249 4240 πως
273 4174 741 4246 δεδημιούργηται
761 4174 861 4246 τῆς
889 4173 1177 4245 αἰσθητῆς,
1193 4190 1267 4243 φη
1276 4173 1358 4242 μὶ,
1377 4173 1607 4235 κτίσεως
1627 4174 1723 4231 καὶ¹

92 4269 355 4339 νοητῆς,
372 4268 465 4321 καὶ
482 4267 570 4322 διὰ
590 4266 752 4321 τοῦτο
776 4268 1049 4336 ἑκατέρας
1066 4266 1165 4337 τῆς
1190 4283 1251 4320 τε
1282 4265 1479 4334 ἀλόγου
1509 4264 1724 4333 φύσεως

93 4364 222 4419 καὶ
253 4358 557 4430 ἀγγελικῆς
602 4361 948 4421 ἐπικοινωνεῖ
966 4372 981 4389 η
1037 4358 1133 4421 καὶ
1163 4357 1267 4426 τῆς
1296 4357 1398 4427 μὲν
1423 4355 1723 4424 ἀγγελικῆς

94 4452 385 4510 κοινωνεῖ
409 4450 549 4504 κατά
587 4450 649 4504 τὸ
676 4448 985 4518 λογιστικόν
1028 4466 1091 4504 τε
1122 4449 1220 4503 καὶ
1258 4449 1320 4502 τὸ
1342 4446 1681 4518 διακριτικόν
1704 4463 1721 4479 ·

1814 3254 2023 3308 sionem
2053 3256 2329 3321 decernit;
2364 3266 2529 3325 atque
2566 3272 2597 3313 a
2631 3258 3140 3328 supernaturalibus
3170 3266 3265 3313 aut
3296 3257 3407 3313 sal-

1815 3360 1924 3407 tem
1972 3351 2339 3417 naturalibus,
2380 3352 2447 3406 ad
2476 3367 2540 3407 ea
2577 3368 2699 3422 qua:
2727 3361 2920 3407 contra
2956 3361 3211 3406 naturam
3256 3361 3408 3410 sunt.

1814 3445 2057 3507 asseclas
2117 3461 2247 3503 suos
2274 3446 2461 3507 trahit,
2493 3455 2639 3514 patet
2667 3461 2787 3501 eam
2818 3460 2943 3513 esse
2968 3461 3189 3515 pravam
3217 3454 3273 3501 et
3313 3460 3415 3499 no-

1816 3537 2001 3602 xiam,
2037 3538 2422 3606 neminemque
2468 3553 2562 3606 per
2613 3553 2735 3595 eam
2783 3539 2850 3593 ad
2896 3538 3068 3597 Deum
3120 3539 3403 3595 accedere.

1816 3626 2085 3697 Quodque
2116 3629 2167 3684 id
2210 3643 2397 3684 verum
2440 3629 2533 3693 sit,
2572 3630 2700 3684 hinc
2732 3630 2950 3699 pervide
2981 3650 2993 3685 :
3029 3629 3184 3696 Quod
3223 3639 3414 3685 contra

1820 3726 2076 3773 naturam
2119 3730 2224 3783 est,
2257 3721 2550 3788 prudentes
2583 3734 2779 3776 omnes
2810 3722 2993 3776 sciunt
3027 3722 3410 3777 transitionem

1817 3822 1942 3863 esse
1979 3823 2010 3867 a
2040 3804 2275 3861 natu’rali
2321 3809 2387 3862 ad
2425 3808 2705 3864 deterius:
2742 3811 3157 3878 supernaturale
3202 3818 3407 3876 autem,

1822 3899 2207 3955 transitionem
2256 3915 2379 3955 esse
2408 3915 2437 3954 a
2468 3901 2705 3955 naturali
2747 3903 2814 3955 ad
2844 3902 3058 3956 melius.
3097 3901 3236 3967 Quia
3281 3916 3411 3972 ergo

1823 3992 1992 4045 homo
2032 3991 2245 4047 medius
2266 3992 2676 4065 quodammodo
2708 3993 2960 4048 conditus
2992 3992 3096 4047 fuit
3118 3995 3261 4047 inter
3286 4008 3412 4048 sen-

1822 4081 2038 4137 sibilem
2071 4090 2382 4136 creaturam
2413 4094 2469 4136 et
2495 4083 2941 4151 intellectualem,
2969 4084 3172 4139 idcirco
3198 4093 3408 4138 utram-

1823 4187 1929 4241 que
1964 4173 2273 4242 partieipat,
2309 4173 2687 4228 irrationalem
2730 4176 2942 4229 scilicet
2986 4186 3155 4245 atque
3206 4177 3412 4245 angeli-

1824 4279 1943 4319 cam
1981 4274 2253 4319 uaturam.
2294 4266 2358 4319 Et
2400 4265 2703 4335 angelicam
2743 4265 2964 4335 quidem
3001 4266 3292 4337 participat
3322 4283 3415 4321 seu

1825 4355 2068 4410 cundum
2098 4356 2444 4410 ratioa-inium
2484 4366 2539 4410 et
2569 4356 2982 4423 discretionem,
3037 4359 3417 4414 irrationalem

1826 4460 1958 4500 vero
1985 4448 2283 4503 secundum
2313 4448 2582 4503 irascihile
2603 4456 2659 4503 et
2687 4449 3129 4518 concupiscibile.
3155 4450 3423 4505 Servatur

96 4550 228 4617 τῆς
264 4546 312 4599 δ’
348 4544 419 4598 αὖ
448 4544 665 4613 ἀλόγου,
706 4543 850 4598 κατά
896 4542 959 4596 τὸ
993 4541 1228 4615 θυμικὸν
1257 4542 1353 4599 καὶ
1391 4541 1719 4610 ἐπιθυμητι-

1828 4548 2009 4592 autem
2039 4548 2092 4591 et
2113 4538 2423 4591 continetur
2456 4539 2597 4593 intra
2632 4547 2845 4594 natura:
2884 4542 3022 4596 lines
3069 4542 3257 4605 homo,
3284 4556 3419 4596 cum

98 4639 226 4693 κόν
248 4651 264 4665 ⁸
297 4636 644 4704 πεφύλακται
682 4635 739 4688 δὲ
790 4635 885 4688 καὶ
910 4634 1296 4702 διατετήρηται
1332 4632 1474 4686 κατά
1507 4632 1668 4699 φύσιν
1694 4632 1723 4684 ὁ

101 4730 445 4797 ἅνθρωπος,
474 4730 550 4781 ὅτ’
594 4729 661 4787 ἂν
695 4728 753 4789 τὸ
800 4726 1108 4795 λογιστικὸν
1139 4724 1234 4777 τοῦ
1269 4723 1504 4794 θυμικοῦ
1535 4741 1593 4776 τε
1631 4725 1725 4777 καὶ

102 4821 541 4889 ἐπιθυμητικοῦ,
567 4826 733 4890 ἄρχῃ.
787 4820 910 4871 Ἔτι
945 4835 1007 4885 γε
1069 4819 1175 4887 μὴν
1211 4817 1308 4872 καὶ
1359 4820 1424 4887 τῇ
1455 4816 1721 4886 ἀγγελικῇ

105 4915 297 4984 φύσει
328 4914 622 4967 οἰκειοῦται
649 4913 872 4982 μᾶλλον.
907 4912 1003 4969 καὶ
1028 4911 1164 4981 πρὸς
1188 4910 1257 4965 τὰ
1288 4910 1545 4981 ὑπερφυῆ
1575 4910 1723 4964 ἄνει-

109 5025 244 5067 σιν,
275 5005 439 5074 ἡνίκα
470 5005 533 5057 τδ
566 5004 761 5072 ἄλογον
813 5003 978 5071 μέρος
1009 5003 1107 5069 τῆς
1152 5000 1331 5070 ψυχῆς
1356 5000 1724 5063 ὑποπιάζεται

109 5098 231 5151 καὶ
270 5096 640 5149 ὑποθλίίὴται.
679 5096 796 5148 ”Οτ’
822 5096 888 5151 ἂν
916 5095 960 5148 δ’
983 5093 1078 5155 οὖν
1110 5093 1172 5146 τὸ
1211 5092 1456 5146 ἐναντίον
1484 5094 1543 5143 ὲν
1574 5090 1725 5160 αὑτῷ

113 5185 464 5257 καθορᾶται,
492 5187 587 5239 καὶ
608 5185 677 5238 τὰ
704 5187 804 5254 μὲν
834 5185 979 5255 πάθη
1010 5184 1106 5237 τοῦ
1139 5185 1298 5252 λόγου
1332 5186 1642 5253 ἐπικρατεῖ,
1695 5185 1724 5236 ό

116 5281 186 5334 δὲ
209 5277 375 5346 λόγος
410 5279 697 5348 ὑπηρετεῖ,
730 5278 889 5332 τοῦτο
914 5278 971 5331 δὲ
1005 5276 1303 5347 συμϐαίνει
1333 5274 1727 5349 ᾀνενδοιάστως

122 5373 234 5431 ἐπὶ
261 5372 372 5425 τῶν
397 5372 714 5435 ἀκολάστως
742 5371 774 5443 ἢ
808 5372 904 5425 καὶ
956 5370 1193 5440 φονικῶς
1227 5369 1492 5439 βιούντων
1518 5384 1533 5398 '
1561 5384 1726 5435 φανε-

127 5466 236 5538 ρὸν
279 5464 360 5520 ὅτ’
384 5464 453 5519 ἂν
478 5463 550 5519 τὰ
599 5463 822 5535 χείρονα
868 5461 1290 5532 διαπράττηται,
1331 5460 1398 5517 ὲκ
1428 5458 1539 5513 τῶν
1585 5457 1725 5519 κατὰ

126 5554 307 5624 φύσιν
338 5554 373 5625 ἢ
409 5556 504 5610 καὶ
527 5553 847 5626 ὑπερφυῶν,
868 5554 961 5608 ἐπὶ
995 5553 1065 5607 τὰ
1089 5555 1243 5624 παρά
1267 5551 1430 5621 φύσιν
1457 5551 1722 5615 κάτεισιν·

124 5649 263 5704 ὃθεν
290 5647 416 5705 ὅσον
441 5647 510 5702 ἂν
543 5647 745 5716 μᾶλλον
764 5645 826 5700 τὸ
855 5644 1086 5715 θυμικόν
1118 5661 1181 5705 τε
1207 5645 1303 5698 καὶ
1328 5642 1726 5713 ἐπιθυμητικὸν

130 5739 338 5794 ἀνετόν
392 5740 566 5803 ἐστιν,
619 5738 875 5793 τοσοῦτον
914 5738 1008 5792 καὶ
1054 5736 1126 5790 τά
1154 5736 1300 5807 πάθη
1326 5736 1579 5805 σκαίρειο
1634 5736 1726 5787 καὶ

133 5836 270 5889 ὅσον
300 5832 369 5888 ἀν
394 5831 598 5905 μᾶλλον
628 5831 851 5904 σκαίρῃ,
880 5830 1134 5885 τοσοῦτον
1157 5827 1249 5884 xal.
1272 5828 1566 5896 ἐπαύξεται
1591 5842 1603 5857 ·
1633 5827 1727 5880 καὶ

1824 4643 1953 4696 pars
1992 4627 2276 4681 rationalis
2318 4627 2573 4682 irascibili
2610 4635 2661 4682 et
2699 4627 3109 4698 concupiscibili
3160 4629 3417 4683 domina-—

1826 4729 1934 4773 tur.
1983 4718 2112 4773 Item
2142 4718 2207 4771 ad
2254 4720 2554 4785 angelicam
2596 4729 2850 4775 naturam
2883 4721 3057 4790 magis
3089 4720 3320 4785 accedit,
3347 4731 3407 4775 et

1826 4810 1891 4864 ad
1943 4810 2378 4878 supernaturalia
2424 4810 2724 4875 extollitur,
2777 4827 2903 4868 cum
2935 4813 3132 4867 anim
3172 4828 3300 4880 pars
3337 4812 3413 4866 Ir.

1826 4900 2110 4956 rationalis
2142 4902 2431 4961 cohibetur
2462 4910 2517 4956 et
2550 4901 2949 4971 comprimitur.
2976 4903 3207 4970 Quando
3229 4914 3417 4957 autem

1827 4995 2171 5047 contrarium
2228 4992 2281 5049 in
2328 4994 2547 5047 homine
2600 4994 2865 5057 cernitur,
2899 5004 2954 5048 et
2994 4996 3279 5064 passiones
3320 5011 3411 5047 ra-

1826 5084 1968 5143 tioni
2019 5083 2335 5152 praevalent,
2391 5084 2637 5153 ratioque
2697 5085 3005 5140 succumbit
3050 5085 3192 5155 (hoc
3229 5095 3413 5140 autem

1827 5175 2028 5230 accidit
2062 5175 2378 5231 hominibus
2410 5176 2692 5229 luxurioso
2722 5176 3061 5246 immanique
3088 5178 3211 5232 vitae
3250 5193 3414 5245 gene-

1828 5280 1889 5319 re
1938 5264 2265 5329 utentibus),
2301 5273 2518 5320 constat
2566 5265 2845 5319 hominem
2882 5267 3154 5322 deteriora
3208 5268 3411 5322 facien-

1829 5368 1961 5423 tem,
1992 5374 2022 5412 a
2058 5356 2397 5412 naturalibus
2444 5359 2527 5412 vel
2567 5359 2730 5412 etiam
2773 5361 3310 5429 supernaturalibus,
3343 5360 3410 5412 ad

1827 5465 1895 5507 ea
1923 5467 2047 5520 quae
2083 5463 2273 5507 contra
2311 5460 2565 5505 naturam
2598 5457 2731 5505 sunt
2780 5453 3036 5520 migrare;
3064 5450 3411 5518 Quapropter

1830 5561 1940 5613 quo
1972 5544 2144 5613 magis
2169 5543 2442 5598 irasciltile
2472 5553 2528 5598 et
2555 5543 2984 5612 concupiscibile
3012 5543 3167 5598 freno
3193 5552 3404 5605 carent,

1829 5644 1981 5691 tanto
2018 5634 2190 5704 magis
2238 5632 2521 5703 passiones
2569 5633 2862 5699 exsiliunt;
2891 5641 2947 5688 et
2973 5648 3085 5697 quo
3120 5633 3293 5703 magis
3327 5633 3408 5686 bat

1828 5731 2108 5790 exsilium,
2152 5742 2217 5781 co
2264 5727 2385 5797 plus
2425 5734 2724 5796 augentur;
2768 5733 2822 5780 et
2849 5741 2961 5796 quo
2993 5726 3167 5797 magis
3200 5742 3407 5796 angen-

1832 5835 1941 5887 tur,
1983 5830 2136 5876 tanto
2188 5820 2309 5891 plus
2356 5819 2521 5875 homo
2564 5817 2972 5876 irrationalibus
3032 5818 3210 5877 brutis
3256 5835 3410 5875 com-
