4048 6410
687 404 782 465 831

1951 394 2246 456 NICET/E
2296 394 2701 455 BYZANTINI
3773 406 3840 470 θη

690 520 966 582 ntunicat;
1011 514 1156 584 quod
1184 514 1314 568 dum
1367 512 1516 579 facit,
1556 511 1622 565 ad
1668 510 1959 564 helluinam
2004 509 2272 563 conditio-

2241 535 2272 554 μ
2299 516 2345 570 Α
2373 511 2496 562 ὅσον
2522 508 2587 561 ἂν
2611 506 2936 576 ὲπαύξηται,
2962 507 3217 560 τοσοῦτον
3242 508 3270 561 ὁ
3298 507 3566 578 ἅνθρωπος
3586 516 3680 575 τοῖς
3699 518 3839 587 didm;

689 626 812 666 nem
840 608 1083 664 l‘estinat.
1118 605 1411 676 Propterea
1436 612 1491 659 et
1518 602 1862 673 prOpheticus
1896 615 2077 654 sermo
2124 600 2279 653 volu-

693 713 894 758 tantem
929 716 988 756 se
1012 701 1064 755 in
1101 697 1448 769 passionibus
1480 696 1778 759 hominem,
1818 694 2084 765 jumentis
2121 693 2280 748 simi-

690 794 794 847 lem
858 808 983 847 esse
1032 791 1255 846 deﬁnit:
1294 793 1462 844 Homo
1498 804 1614 841 cum
1639 788 1693 839 in
1741 788 1938 839 honore
1971 796 2130 852 esset,
2171 801 2278 839 non

691 885 984 949 intellexit;
1015 892 1353 951 comparatus
1391 890 1469 933 est
1505 880 1759 949 jumentis
1793 878 2185 948 insipientibus,
2226 889 2276 934 et

692 979 881 1034 similis
922 977 1098 1047 factus
1137 985 1212 1029 est
1260 975 1370 1028 illis
1397 974 1463 1027 ⁸⁸.

764 1157 818 1211 8.
852 1155 1123 1223 Quoniam
1168 1153 1349 1221 itaque
1394 1158 1574 1205 vestra
1619 1150 1752 1204 ﬁdes
1785 1148 2040 1219 proponit
2078 1156 2131 1203 et
2162 1149 2278 1217 lege

694 1251 870 1305 sancit
918 1249 1371 1316 intemperantem
1411 1244 1602 1306 vitam,
1636 1250 1690 1297 et
1738 1241 2059 1311 passionum
2098 1240 2276 1295 incre-

696 1351 938 1396 mentum
969 1340 1153 1409 potius
1182 1346 1346 1405 atque
1389 1335 1719 1397 dominium,
1746 1349 1910 1403 quam
1950 1334 2195 1397 rationis,
2225 1343 2279 1388 et

694 1435 761 1487 ad
817 1432 1090 1487 deteriora
1138 1431 1352 1485 inhiare
1393 1430 1643 1483 homines
1687 1427 1948 1496 impellit;
1980 1428 2081 1480 hoc
2117 1427 2279 1480 nimi-

694 1542 814 1578 rum
847 1524 1091 1593 estquod
1127 1523 1390 1586 diximus,
1423 1537 1453 1575 a
1495 1520 1839 1575 naturalibus
1863 1527 1917 1573 et
1947 1528 2277 1587 supernatu-

694 1615 907 1672 ralihus
963 1614 1029 1667 ad
1083 1613 1172 1665 illa
1221 1626 1342 1682 quae
1396 1621 1606 1665 naturae
1661 1610 2020 1664 adversantur
2073 1618 2279 1677 pertra-

697 1707 826 1760 here
851 1724 863 1757 :
893 1714 977 1759 est
1021 1716 1202 1758 autem
1235 1703 1377 1773 apud
1404 1718 1504 1757 nos
1533 1703 1587 1756 in
1618 1699 1891 1765 confesso,
1921 1700 2075 1753 ﬁdem
2107 1700 2274 1764 illam,

693 1797 854 1867 cujus
883 1806 1087 1851 statuta
1126 1795 1503 1863 hujuscemodi
1553 1804 1701 1859 sunt,
1730 1796 1949 1847 noxiam
1998 1808 2118 1847 esse
2149 1809 2277 1862 pra-

692 1905 1031 1959 vamque,ac
1061 1889 1334 1943 neminem
1363 1903 1458 1956 per
1491 1887 1635 1941 illam
1671 1887 1737 1942 ad
1770 1886 1937 1940 Deum
1979 1887 2276 1941 accedere:

695 1994 829 2050 ergo
882 1979 1262 2043 concluditur,
1307 1979 1464 2032 Iidem
1520 1989 1779 2041 vestram,
1812 1993 1844 2032 o
1878 1976 2159 2040 Saraceni,
2206 1986 2280 2030 te-

698 2073 896 2127 nebras
928 2072 1108 2140 potius
1139 2070 1427 2126 dicendam
1473 2084 1636 2139 quam
1679 2070 1876 2132 lucem,
1908 2084 1972 2123 ac
2007 2070 2278 2123 neminem

699 2179 796 2233 per
838 2164 1008 2232 ipsam
1055 2162 1121 2217 ad
1153 2162 1325 2216 Deum
1372 2161 1652 2217 accedere.
1695 2160 1851 2227 Quod
1898 2162 1943 2216 si
1978 2161 2047 2215 ita
2076 2169 2181 2222 cst,
2214 2176 2281 2216 ne

698 2272 729 2311 a
760 2257 869 2310 Deo
898 2255 1115 2325 quidem
1146 2256 1271 2309 data
1302 2256 1432 2309 fuit:
1466 2263 1632 2324 tuque
1679 2262 1882 2308 temere
1919 2253 1989 2307 de
2025 2254 2127 2309 hac
2156 2252 2279 2309 falsi

660 2350 667 2359 '
698 2348 936 2403 nominis
968 2348 1071 2402 ﬁdc
1102 2348 1204 2412 vel,
1236 2357 1295 2402 ut
1337 2348 1520 2402 verius
1563 2348 1764 2413 dicam,
1796 2346 2137 2411 inﬁdelitate,
2166 2345 2282 2417 glo-

696 2441 862 2497 riaris
902 2450 957 2494 et
1005 2440 1288 2495 extolleris
1320 2439 1589 2509 nobisque
1631 2439 1968 2507 obloqueris.
2008 2438 2279 2503 Quoniam

693 2548 830 2588 vero
894 2541 1079 2589 nostra
1146 2533 1281 2588 ﬁdes
1323 2532 1660 2587 contrarium
1712 2542 1909 2586 vestra:
1941 2531 2279 2601 praescribit;

697 2640 825 2679 nam
886 2635 1063 2679 vestra
1122 2625 1420 2687 luxuriam,
1458 2633 1644 2679 nostra
1702 2623 2061 2692 pudicitiam;
2101 2633 2281 2678 vestra

698 2715 1016 2786 ingluviem,
1053 2725 1240 2768 nostra
1274 2715 1732 2784 temperantiam;
1770 2725 1951 2769 vestra
1984 2715 2279 2780 luxuriam,

702 2818 890 2863 nostra
917 2808 1339 2878 ingenuitatem;
1364 2823 1431 2863 en
1462 2808 1891 2863 demonstratum
1916 2808 2016 2862 fuit
2046 2818 2282 2865 vestram

698 2915 824 2954 esse
872 2915 1093 2969 pravam
1139 2909 1192 2953 et
1232 2900 1476 2965 noxiam,
1509 2915 1689 2969 neque
1733 2899 1846 2955 Deo
1876 2900 2282 2966 conciliantem,

700 3001 986 3062 propterea
1019 2993 1164 3062 quod
1218 2992 1396 3047 brutis
1443 2993 1626 3062 potius
1677 2993 2086 3049 communicare
2131 2993 2282 3049 facit.

700 3085 1055 3154 Exploratum
1081 3095 1165 3140 est
1197 3085 1402 3152 itaque,
1428 3094 1672 3140 nostram
1710 3086 1909 3141 bonam
1940 3100 2063 3142 esse
2093 3096 2148 3141 et
2174 3088 2284 3141 uti-

698 3178 831 3243 lem,
864 3188 920 3232 et
954 3176 1047 3233 Dei
1088 3193 1189 3234 nos
1231 3177 1530 3233 familiares
1562 3178 1909 3243 eﬁicientem,
1946 3180 2075 3249 quia
2106 3180 2286 3235 homi-

700 3284 803 3325 nes
856 3271 924 3325 ad
985 3272 1303 3342 angelorum
1343 3271 1709 3344 conditionem
1761 3273 2010 3328 extollit:
2054 3272 2288 3342 ideoque

702 3376 1000 3431 possumus
1051 3362 1387 3417 conﬁdenter
1445 3362 1651 3426 dicere,
1693 3361 1897 3416 nullam
1943 3377 2067 3418 esse
2125 3363 2285 3416 ﬁdem

704 3463 900 3522 praeter
951 3463 1194 3509 nostram
1237 3454 1333 3523 qui
1382 3452 1681 3509 Christiani
1729 3470 1944 3520 sumus,
1993 3455 2151 3524 cujus
2186 3468 2290 3525 ope

704 3556 884 3615 potest
933 3547 1209 3616 quispiam
1261 3545 1372 3601 Deo
1416 3548 1810 3617 propinquare,
1844 3562 2145 3617 verumque
2191 3549 2292 3602 bo-

707 3653 836 3691 num
866 3638 1213 3707 participare.
1230 3638 1410 3708 Atque
1428 3639 1693 3694 hactenus
1709 3639 1775 3694 de
1792 3644 1971 3693 vestra
1996 3646 2293 3709 nostraque

706 3729 813 3783 tide
845 3731 980 3784 satis
1013 3729 1218 3785 dictum
1273 3730 1365 3784 sit.

775 3821 829 3876 9.
869 3819 1039 3875 Paulo
1105 3831 1285 3875 autem
1351 3835 1695 3889 progressus,
1753 3818 2047 3875 ostendere
2098 3819 2291 3875 niteris

704 3911 981 3966 hominem
1014 3927 1358 3980 nequaquam
1385 3912 1451 3965 ad
1484 3911 1573 3964 Dei
1606 3911 1896 3981 imaginem
1935 3926 2000 3966 ac
2037 3911 2292 3966 similitu—

703 4002 887 4057 dinem
937 4002 1108 4057 l‘uisse
1139 4012 1420 4067 creatum;
1447 4001 1522 4056 uti
1557 4017 1661 4057 nos
1707 4000 1910 4074 Moysis
1960 4003 2201 4058 historia:
2237 4011 2293 4057 et

704 4093 870 4146 rebus
898 4092 1029 4161 ipsis
1059 4092 1366 4157 credentes,
1393 4090 1461 4145 ad
1488 4100 1540 4146 te
1570 4092 1915 4161 scripsimus.
1949 4092 2129 4158 Quare
2165 4108 2289 4148 cum

703 4185 954 4251 specioso
984 4191 1246 4253 pratextu
1275 4183 1357 4239 sic
1399 4184 1602 4237 videris
1637 4184 1881 4239 scribere
1915 4201 1928 4237 :
1960 4203 1980 4236 ι
2021 4183 2164 4239 Deus
2205 4186 2292 4238 in—

702 4276 1030 4330 enarrabilis
1101 4285 1207 4339 est,
1264 4274 1670 4342 indelinibilis,_
1696 4275 2288 4346 incomprehensibilis.

705 4369 932 4437 Semper
964 4368 1110 4421 enim
1165 4367 1267 4422 fuit
1303 4368 1468 4432 Deus,
1525 4384 1796 4439 nemoque
1853 4369 2052 4423 similis
2100 4368 2149 4421 ei
2185 4379 2291 4423 est.

704 4457 838 4513 Nam
868 4459 1132 4514 celsitudo
1157 4458 1277 4528 ejus
1307 4459 1519 4514 inﬁnita
1551 4470 1656 4523 est,
1691 4461 1849 4531 isque
1880 4460 2090 4528 plasma
2125 4474 2290 4514 suum

2380 599 2541 664 ζώοις
2569 599 2911 652 ἐπικοινωνεῖ
2933 614 2948 628 °
2998 599 3094 651 καὶ
3132 598 3292 651 τοῦτο
3340 600 3503 653 ποιῶν
3540 605 3727 658 σπεύδει
3757 612 3843 665 ἁπο-

2379 692 2741 764 κτηνωθῆναι.
2796 691 2897 744 Διά
2928 708 3012 744 τοι
3040 690 3199 743 τοῦτο
3234 694 3324 745 καὶ⁸
3355 695 3383 746 ό
3430 698 3725 763 προφητικδς
3745 701 3848 770 λόγος

2377 786 2470 838 τὸν
2497 787 2555 838 ὲν
2603 785 2713 847 τοῖς
2763 782 2962 836 πάθεσι
3010 782 3425 850 κυλινδούμενον
3479 785 3741 856 ἄνθρωπον,
3786 796 3850 861 ἀφ-

2378 876 2733 948 ωμοιωμένον
2752 878 2865 939 τοῖς
2879 876 3134 945 κτήνεσιν
3161 869 3262 927 ὧδε
3289 875 3644 943 ἀποφαίνεται·
3674 880 3851 949 Ἀνθρω-

2378 988 2494 1038 πος
2522 971 2593 1024 ἐν
2614 968 2750 1039 τιμῇ
2776 969 2863 1021 ὢν
2893 971 2965 1024 οὐ
2987 967 3224 1035 συνῆκε
3245 984 3258 998 ·
3298 971 3752 1039 nuperum-£6.11qu
3772 978 3852 1043 τοῖς

2379 1063 2631 1131 κτήνεσι
2655 1063 2782 1129 τοῖς
2804 1060 3105 1128 ἀνοήτοις,
3157 1060 3253 1114 καὶ
3286 1061 3543 1129 ὡμοιώθη
3568 1065 3752 1131 αὐτοῖς.

2448 1153 2519 1225 η’,
2564 1154 2718 1207 Ἐπεὶ
2742 1152 2836 1207 οὖν
2882 1155 2916 1222 ἠ
2948 1152 3195 1222 ὑμετέρα
3233 1152 3415 1215 πίστις
3441 1153 3779 1221 ἐπαγγέλλεται
3798 1162 3852 1212 ni

2378 1245 2771 1316 προσθεσπίζει
2788 1245 2879 1297 τὸν
2900 1243 3200 1296 ἀκόλαστον
3235 1242 3368 1312 βίον,
3392 1244 3483 1294 καὶ
3511 1245 3609 1296 τῶν
3631 1246 3777 1299 παθῶν
3794 1250 3853 1317 τὴν

2378 1340 2606 1409 αὔξησιν
2637 1339 2733 1391 καὶ
2754 1336 3136 1407 ἐπικράτειαν,
3172 1334 3320 1405 ἤπερ
3352 1335 3445 1387 τοῦ
3476 1334 3641 1402 λόγου,
3681 1340 3753 1390 καὶ
3769 1341 3851 1409 πρὶς

2377 1438 2445 1488 τὰ
2477 1434 2645 1504 χείρω
2677 1432 2964 1502 κεχηνέναι
2992 1429 3118 1491 τοὺς
3143 1427 3462 1496 ἀνθρώπους
3487 1428 3851 1496 προσωθεῖ,τιῦτι

2378 1526 2435 1579 δέ
2467 1528 2582 1578 ἐστι
2601 1522 2662 1576 τὸ
2689 1525 2753 1576 ὲκ
2781 1520 2889 1574 τῶν
2922 1522 3066 1573 κατὰ
3107 1519 3271 1590 φύσιν
3318 1517 3414 1571 καὶ
3455 1517 3852 1587 ὑπερςυῶνὲπὶτὰ

2380 1618 2530 1688 παρὰ
2560 1615 2724 1687 φύσιν
2757 1616 2886 1676 τοὺς
2912 1610 3234 1683 ἀνθρώπους
3261 1611 3572 1681 κατασπᾷν·
3604 1610 3852 1679 ὡμολόγηται

2378 1712 2435 1765 δὲ
2462 1712 2594 1780 ἡμῖν
2623 1710 2705 1762 ὅτι
2731 1704 2799 1780 ἧς
2826 1707 2892 1761 τά
2923 1704 3295 1775 θεσπιζόμενα
3342 1696 3561 1757 τοιαῦτα
3605 1703 3848 1769 καθίστατιι,

2384 1799 2623 1872 βλαϐερά
2639 1801 2755 1851 ἐστι
2790 1799 2885 1850 καὶ
2907 1795 3265 1868 δύσχρηστεκ,
3289 1797 3388 1848 καὶ
3404 1793 3569 1857 οὐδεὶς
3587 1793 3647 1846 δι’
3675 1793 3851 1861 dirimi-

2384 1894 2626 1949 κειοῦται
2641 1889 2793 1961 Θεῷ·
2832 1890 3126 1958 συνάγεται
3156 1887 3265 1958 ἄρα
3296 1887 3381 1940 ὅτι
3406 1887 3438 1956 ἠ
3466 1886 3683 1956 ὑμετέρα
3699 1885 3779 1937 τῶν
3794 1887 3849 1938 Σα-

2385 1986 2640 2061 ρακηνῶν
2660 1986 2867 2049 πίστις,
2904 1984 3093 2046 σκότος
3126 1982 3330 2052 μᾶλλον
3357 1981 3497 2051 ἥπερ
3519 1979 3640 2048 φῶς,
3657 1980 3732 2031 καὶ
3748 1979 3851 2041 0665i;

2382 2080 2450 2133 δι’
2482 2078 2653 2147 αὐτῆς
2674 2078 2759 2149 τῷ
2781 2075 2900 2145 Θεῷ
2928 2073 3222 2129 οἰκειοῦται
3241 2090 3256 2104 ·
3290 2075 3341 2126 εί
3374 2072 3433 2127 δὲ
3457 2071 3623 2136 τοῦτο,
3652 2072 3747 2125 οὐδὲ
3764 2072 3852 2142 περὶ

2385 2169 2521 2223 Θεοῦ
2551 2168 2786 2233 δέδοται,
2849 2166 2943 2220 καὶ
2995 2165 3174 2236 μάτην
3224 2164 3320 2217 ἐπὶ
3355 2164 3454 2235 τὴν
3489 2163 3851 2234 ψευδώνυμον

2384 2282 2523 2329 στιν,
2573 2262 2776 2334 μᾶλλον
2803 2260 2884 2324 δὲ,
2941 2260 2989 2312 εἰ
3032 2258 3142 2329 χρὴ
3196 2257 3434 2328 τάληθὲς
3481 2258 3656 2319 εἰπεῖν,
3684 2255 3854 2308 ἀπιστίαν

2386 2353 2601 2421 ὲπαυχῇ
2626 2351 2720 2403 καὶ
2742 2347 2950 2419 ὲπαίρῃ
2978 2349 3072 2400 καὶ
3107 2348 3256 2415 ἡμᾶς
3296 2345 3596 2417 προσκαλῇ.
3643 2344 3803 2412 Ἐπειδὴ
3822 2344 3853 2395 δὲ

2385 2445 2480 2499 καὶ
2507 2446 2538 2512 ἡ
2572 2442 2815 2513 ἡμετέρα
2836 2441 3041 2503 πίστις,
3057 2440 3118 2491 τὸ
3142 2440 3387 2492 ἐναντίον
3409 2439 3504 2508 τῆς
3517 2439 3855 2509 ὑμετέραςὲπατο

2385 2536 2657 2605 γέλλεται,
2690 2533 2875 2600 ἐκείνη
2918 2533 3016 2602 μὲν
3043 2531 3361 2594 ἀκολασίαν,
3407 2530 3542 2601 αῦτη
3565 2529 3855 2599 σωφροςύνηνν

2388 2629 2570 2698 ἐκείνη
2590 2623 3056 2696 γαστριμαργίαν,
3076 2622 3213 2692 αῦτη
3242 2623 3568 2692 ἐγκράτειαν
3591 2640 3602 2652 ·
3627 2621 3859 2688 inivria»-

2384 2722 2525 2784 τῖαν,
2541 2718 2677 2786 αῦτη
2702 2716 3139 2787 ἐλευθεριότητα,
3153 2714 3422 2767 δέδεικται
3436 2714 3489 2767 δὲ
3504 2713 3666 2782 ἐκείνη
3682 2711 3859 2780 mum;

2386 2814 2480 2866 καὶ
2498 2810 2737 2881 βλαϐερὰ
2770 2810 2863 2862 καὶ
2892 2808 2953 2860 οὐ
2984 2807 3105 2876 Θεῷ
3151 2806 3454 2869 οἰκειοῦσα,
3489 2805 3573 2859 διὰ
3597 2804 3650 2856 τὺ
3689 2805 3771 2864 rei;
3788 2800 3859 2853 ἁλό-

2386 2920 2506 2974 γοις
2535 2902 2738 2973 μᾶλλον
2774 2903 3051 2956 κοινωνεῖν
3087 2899 3598 2970 παρασκευάζουσα,
3626 2888 3860 2965 φανερὸνὸτι

2387 2999 2420 3068 ἡ
2447 2996 2692 3069 ἡμετέρα
2723 2994 3024 3068 εῦχρηστος
3041 2994 3136 3046 καὶ
3161 2991 3443 3062 ὠφέλιμος
3466 2991 3553 3044 καὶ
3584 2989 3685 3057 Θεῷ
3713 2982 3860 3039 οἰκειοῦ-

2389 3109 2478 3157 σα,
2509 3089 2599 3143 διὰ
2625 3091 2687 3142 τὸ
2709 3090 2834 3151 τοὺς
2855 3086 3178 3158 ἀνθρώπους
3210 3084 3416 3156 μᾶλλον
3447 3085 3554 3146 τοῖς
3577 3080 3780 3149 ἀγγέλοις
3796 3078 3862 3127 ἐτι-

2392 3186 2683 3239 συνάπτειν
2710 3197 2724 3212 ⁸
2756 3180 2838 3234 διδ
2871 3179 3071 3250 μᾶλλον
3123 3181 3256 3249 ἡμῖν
3291 3178 3442 3231 ἔστιν
3473 3175 3722 3247 ἀραρότως
3760 3168 3862 3239 φθέγ-

2392 3277 2587 3346 γεσθαι
2607 3315 2621 3337 ,
2655 3276 2737 3328 ὅτι
2779 3275 2879 3327 οὐκ
2909 3272 3024 3326 ἐστι
3047 3273 3233 3334 πίστις
3262 3270 3540 3342 παράτὴν
3570 3259 3863 3338 ἡμετέρσντῶι

2394 3366 2759 3438 Χριστιανῶν,
2784 3365 2852 3419 δι’
2885 3358 2952 3436 ἧς
2973 3362 3201 3418 δύναταί
3229 3380 3316 3426 τις
3342 3360 3464 3432 Θεῷ
3488 3357 3791 3426 οἰκειωθῆναι,
3809 3351 3863 3402 καὶ

2392 3462 2501 3512 τῶν
2531 3458 2713 3512 καλῶν
2757 3459 2816 3513 ἐν
2867 3455 3134 3528 μετουσίᾳ
3174 3453 3458 3523 γενέσθαι.
3523 3453 3624 3505 Καὶ
3654 3443 3864 3511 ταῦταμὲν

2394 3552 2525 3622 περί
2558 3568 2618 3604 τε
2644 3550 2746 3621 τῆς
2779 3551 3053 3621 ὑμετέρας
3088 3548 3182 3602 καὶ
3237 3546 3512 3618 ἡμετέρας
3554 3544 3750 3603 πίστεως
3786 3540 3865 3591 im

2397 3643 2655 3716 χρώντως
2677 3637 2778 3698 ὦδε
2803 3642 3067 3713 λελέχθω.

2466 3817 2534 3873 θ’.
2564 3816 2930 3890 Παρακατιὼν
2959 3815 3016 3870 δὲ
3052 3816 3250 3887 μικρὸν
3273 3817 3537 3887 πειρᾶσαι
3572 3811 3718 3877 δεῖξαι
3741 3801 3868 3859 τὸνάνο

2394 3913 2614 3985 θρωπον
2647 3911 2723 3981 μὴ
2748 3912 2870 3964 κατ’
2897 3909 3083 3963 εἰκόνα
3111 3906 3245 3961 Θεοῦ
3274 3910 3373 3961 καὶ
3402 3905 3646 3977 ὁμοίωσιν
3666 3894 3867 3954 διαπεπλὶ-

2396 4006 2540 4065 σθαι,
2576 4004 2650 4067 ὡς
2680 4006 2844 4073 ἡμεῖς
2872 4004 2938 4072 τῇ
2970 4000 3114 4055 κατὰ
3144 4000 3389 4055 Μωῦσέα
3433 3997 3633 4069 ἱστορίᾳ
3654 3993 3730 4047 καὶ
3749 3988 3866 4045 αὐτοῖς

2393 4101 2505 4162 τοῖς
2545 4096 2835 4168 πράγμασι
2867 4093 3181 4165 πειθόμενοι
3212 4093 3352 4162 1:92.;
3389 4093 3447 4146 σὲ
3488 4076 3869 4160 γεγράφαμεν·διὸ

2393 4191 2488 4244 καὶ
2518 4190 2637 4261 μετ’
2669 4189 2896 4257 εὐλόγου
2924 4189 3104 4250 αἰτίας
3155 4186 3336 4248 δοκεῖς
3363 4185 3591 4256 γράφειν
3617 4179 3783 4240 οὕτως’
3810 4170 3867 4222 (Ὀ

2393 4283 2526 4344 Θεὸς
2556 4278 2947 4349 ἀνεκδιήγητός
2986 4280 3104 4332 ἐστι
3147 4278 3245 4331 καὶ
3280 4277 3652 4347 άπεριόριστος
3674 4270 3750 4322 καὶ
3789 4268 3866 4319 ἀπ·

2396 4372 2688 4443 ρίληπτοςο
2746 4369 2834 4422 ἀεὶ
2877 4368 2989 4438 γὰρ
3019 4363 3087 4439 ἦν
3112 4368 3141 4420 ό
3177 4366 3331 4430 Θεὸς,
3366 4367 3457 4420 καὶ
3492 4366 3659 4436 ὅμοιος
3684 4351 3867 4443 αὐτῷσὖὲ

2391 4462 2461 4538 ἦν
2482 4482 2496 4497 ’
2523 4465 2584 4519 τδ
2612 4465 2723 4536 γὰρ
2747 4463 2880 4533 ὕψος
2906 4461 3071 4516 αὑτοῦ
3108 4460 3359 4533 ἀόριστόν
3386 4462 3531 4514 ἐστιν
3554 4473 3567 4490 ’
3597 4456 3649 4518 ὃς
3672 4450 3819 4506 ἔπλασε
3834 4442 3868 4538 εδ

706 4549 833 4606 fecit
869 4550 1075 4618 absque
1106 4550 1214 4603 ulla
1246 4552 1331 4605 sui
1368 4551 1750 4605 similitudine.
1790 4569 1809 4601 ι
1843 4550 1917 4603 Ex
1948 4564 2061 4619 quo
2086 4549 2290 4603 videris

2268 4563 2290 4603 Β
2321 4569 2366 4625 υ
2391 4534 2620 4626 πλάσμα
2675 4534 2839 4610 αὐτοῦ
2875 4556 3045 4627 χωρὶς
3076 4555 3176 4624 τῆς
3225 4554 3543 4624 ὁμοιότητος
3583 4549 3671 4617 τῆς
3698 4540 3797 4613 πρὸς
3813 4534 3866 4588 αὖ·

705 4644 1054 4711 concludere,
1088 4644 1364 4698 hominem
1399 4644 1541 4698 haud
1566 4643 1739 4697 fuisse
1764 4653 2009 4697 creatum
2044 4640 2109 4696 ad
2146 4642 2282 4696 ima-

703 4736 882 4805 ginem
929 4752 994 4790 ac
1041 4737 1452 4792 similitudinem
1506 4736 1625 4791 Dei.
1683 4734 1818 4789 Nam
1862 4736 1986 4805 quia
2026 4735 2165 4791 Deus
2197 4736 2282 4789 in-

704 4829 1214 4899 comprehensibilis
1243 4838 1326 4884 est
1357 4840 1410 4883 et
1437 4829 1727 4884 invisibilis
1751 4836 1805 4882 et
1850 4828 2071 4888 similia,
2105 4828 2284 4882 nulla-

702 4935 807 4988 que
848 4936 934 4973 res
983 4920 1031 4973 ei
1083 4918 1470 4987 comparabilis
1526 4929 1650 4981 est,
1706 4925 1852 4987 patet
1892 4934 1958 4972 ne
2006 4919 2282 4972 hominem

703 5013 949 5078 quidem,
991 5012 1247 5079 quoniam
1296 5010 1437 5064 inter
1470 5024 1558 5063 res
1591 5010 1922 5064 exsistentes
1955 5019 2059 5077 est,
2095 5012 2163 5065 ad
2196 5010 2290 5064 Dei

704 5101 995 5172 imaginem
1023 5117 1088 5157 ac
1111 5101 1523 5157 similitudinem
1556 5098 1783 5156 factum.
1815 5098 1940 5155 Haec
1968 5110 2099 5156 sunt
2128 5101 2290 5156 verba

707 5194 945 5247 hominis
974 5194 1083 5247 Deo
1110 5195 1279 5264 legem
1312 5191 1607 5246 statuentis
1629 5192 1860 5261 ejusque
1884 5192 2285 5254 creationibus.

707 5286 843 5339 nihil
895 5294 1071 5340 tamen
1108 5304 1292 5341 verum
1325 5287 1575 5341 dicentis.
1603 5286 1853 5341 Profecto
1890 5288 1933 5342 si
1990 5302 2113 5354 nos,
2156 5288 2284 5342 dum

706 5368 984 5431 hominem
1032 5379 1099 5431 ad
1165 5377 1258 5433 Dei
1309 5379 1595 5446 imaginem
1641 5397 1704 5434 ac
1747 5381 2166 5435 similitudinem
2205 5379 2288 5434 fa-

704 5476 854 5522 etum
902 5467 1255 5533 aﬂirmamus,
1295 5468 1617 5525 substantiae
1658 5471 2074 5525 similitudinem
2134 5471 2286 5524 dice-'-

707 5577 912 5627 remus,
951 5579 1074 5633 qua:
1109 5574 1164 5619 et
1223 5562 1557 5630 indilferens,
1597 5567 1706 5620 imo
1755 5570 1945 5622 cadent
2007 5581 2131 5622 cum
2179 5565 2288 5620 Deo

704 5664 886 5720 esset,
930 5665 985 5710 et
1020 5671 1142 5710 mox
1199 5654 1368 5711 Dcum
1410 5661 1793 5716 conﬁteremur
1837 5661 2282 5727 iuenarrabilem,

777 5825 822 5858 ⁸³
849 5827 990 5883 Psal.
1033 5846 1216 5897 vaut,
1258 5834 1341 5889 l3.

2388 4653 2481 4704 τόν
2503 4667 2518 4682 ο
2561 4668 2579 4701 ι
2613 4649 2688 4712 ὡς
2716 4647 2964 4702 ἐντεῦθεν
3000 4647 3178 4711 δοκεῖς
3209 4646 3487 4714 συνάγειν,
3521 4644 3602 4697 ὅτι
3623 4642 3649 4692 ὁ
3673 4634 3867 4702 ἄνθρωπἰς

2390 4742 2452 4795 οὗ
2484 4741 2791 4795 πέπλασται
2825 4741 2946 4793 κατ’
2978 4739 3161 4792 εἰκόνα
3215 4736 3352 4791 Θεοῦ
3385 4736 3479 4790 καὶ
3506 4731 3750 4804 ὁμοίωσιν.
3779 4716 3867 4772 Ἐπεὶ

2393 4832 2500 4902 γὰρ
2533 4835 2560 4885 ὁ
2602 4832 2735 4894 Θεὸς
2759 4830 3130 4900 ἀπερίληπτός
3180 4831 3297 4882 ἐστι
3328 4829 3422 4881 καὶ
3444 4827 3658 4896 ἀόρατος
3686 4815 3760 4870 καὶ
3780 4810 3867 4875 ἀέρι·

2396 4939 2520 4985 στος
2550 4923 2644 4975 καὶ
2664 4922 2731 4974 τὰ
2764 4918 3145 4990 παραπλήσια,
3174 4919 3270 4972 καὶ
3300 4917 3452 4971 οὐδὲν
3476 4916 3578 4968 τῶν
3604 4913 3746 4966 ὄντων
3761 4903 3866 4990 ἔοικεν

2393 5015 2562 5082 αὐτῷ,
2592 5014 2751 5084 δῆλον
2780 4986 2862 5066 δτι
2892 4986 3069 5066 coss—6
3119 5012 3426 5083 ἄνθρωπος,
3478 5006 3649 5071 ἐπειδὴ
3676 4986 3866 5085 ratam:

2392 5126 2447 5162 τι
2470 5107 2580 5160 τῶν
2610 5107 2779 5159 ὅντων
2819 5107 2998 5159 ἐστίν·
3057 5107 3105 5158 ei
3151 5105 3207 5157 δὲ
3243 5102 3423 5166 τοῦτο,
3474 5100 3589 5154 κατ’
3618 5094 3768 5150 εἰκόνα
3788 5085 3863 5137 Θεσδ

2396 5202 2492 5255 καὶ
2529 5200 2788 5271 ὁμοίωσιν
2827 5200 2889 5251 οὑ
2943 5198 3256 5269 γεγένηται.
3321 5196 3503 5249 Ταῦτα
3560 5174 3864 5274 mmo“???

2395 5295 2543 5345 ἐστιν
2568 5291 2663 5344 ἐπὶ
2691 5290 2826 5343 Θεοῦ
2854 5289 2949 5342 καὶ
2981 5288 3090 5341 τῶν
3120 5286 3285 5341 αὐτοῦ
3319 5285 3643 5353 κτισμάτων,
3672 5276 3723 5328 τὸ
3744 5264 3861 5357 ἀληθεῖ

2394 5382 2726 5451 δὲοὺδαμῶς
2747 5382 3020 5448 λέγοντος.
3055 5381 3146 5434 Διὸ
3191 5383 3240 5433 εἰ
3273 5380 3370 5446 μὲν
3400 5378 3491 5430 τὸν
3522 5372 3766 5460 ἄνθρωπθῖ

2396 5476 2580 5528 εἰκόνα
2611 5444 2748 5527 Θεοῦ
2775 5444 2868 5526 καὶ
2890 5473 3150 5542 ὁμοίωσιν
3168 5444 3334 5542 ἡμεῖς
3354 5468 3592 5535 λέγοντες
3618 5444 3861 5544 γεγενῆσθξξιν

2399 5571 2498 5637 τὴν
2529 5568 2648 5620 κατ’
2687 5567 2876 5619 οὐσίαν
2905 5564 3164 5636 ὁμοίωσιν
3186 5562 3465 5631 ἐλέγομεν,
3491 5558 3605 5629 ἥτις
3626 5551 3678 5604 τὺ
3705 5548 3859 5637 ditat-.0“:

2392 5628 2593 5715 λακτον
2622 5659 2714 5712 καὶ
2752 5628 2951 5711 ταυτὸν
3002 5657 3102 5726 τῆς
3130 5628 3320 5718 οὐσίας
3348 5628 3486 5722 πρὸς
3522 5647 3607 5702 τὸν
3633 5636 3741 5696 Θεὸν
3774 5628 3859 5695 ἔχει’
