4048 6444
232 403 370 464 833

1385 405 1820 468 REFUTATIO
1880 405 2045 465 MOH
2061 405 2365 466 AMEDIS.

3421 409 3525 471 834

232 516 383 569 εἶτα
421 515 513 569 τὸν
546 515 680 568 Θεὸν
712 514 1104 585 ὁμολογοῦντες
1142 516 1532 588 ἀνεκδιὴγητον
1566 520 1660 572 καὶ
1711 520 1846 572 ἀπε-

1954 518 2314 580 indeﬁnitmn,
2383 516 2986 584 incomprehensibilem
3049 526 3105 573 et
3169 517 3524 582 immensum,

238 608 536 677 ριόριστον
568 607 664 659 καὶ
692 608 1079 676 ἀκατάληπτον
1118 608 1212 661 καὶ
1238 608 1488 679 ἄπειρον,
1546 611 1641 663 καὶ
1688 610 1839 664 οὐδὲν

233 700 368 753 τῶν
390 698 560 751 ὄντων
587 716 641 751 τι
670 698 933 762 τοιοῦτον,
958 699 1099 769 τάχα
1131 698 1197 752 ἂν
1228 701 1308 762 εἰς
1334 700 1561 762 ἑαυτοὺς
1582 703 1841 769 περιεπε-

239 808 486 858 τττομεν.
519 790 612 841 καὶ
637 785 783 858 εἶχεν
806 787 1026 856 εὔλογον
1055 790 1117 843 τό
1163 792 1313 861 παρά
1342 791 1437 843 σοῦ
1473 791 1836 860 γραφόμενον.

254 882 426 933 Ἐπεὶ
463 880 519 933 δὲ
547 881 607 933 οὐ
648 881 745 948 τὴν
775 882 897 961 κατ’
928 882 1118 935 οὐσίαν
1150 880 1412 952 ὁμοίωσιν
1457 885 1515 936 ὲν
1548 882 1627 952 τῷ
1659 882 1841 950 λέγειν

241 975 404 1043 ἡμᾶς
435 979 528 1026 τὸν
566 971 816 1026 ἀνθωπον
867 973 988 1026 κατ’
1024 975 1212 1028 είκόνα
1251 974 1388 1028 Θεοῦ
1440 976 1535 1029 καὶ
1581 976 1841 1045 ὁμοίωσιν

235 1064 585 1134 γεγενῆσθαι
648 1065 1096 1134 ὲκλαμὸἀνομεν,
1157 1067 1294 1120 ἀλλά
1331 1067 1429 1137 τὴν
1465 1067 1526 1120 τὸ
1574 1068 1839 1136 ἀνάλογον

231 1155 488 1223 ἔχουσαν
521 1156 655 1226 πρὸς
691 1156 846 1219 Θεὸν,
880 1158 912 1224 ἢ
944 1158 1037 1208 καὶ
1067 1158 1158 1209 ἐπὶ
1186 1157 1296 1210 τῶν
1328 1158 1643 1227 κτισμάτων
1674 1157 1840 1227 εὓρη-

231 1264 373 1313 ται,
421 1247 570 1300 οὐδὲν
593 1248 822 1310 ἀπεικὸς
861 1247 1070 1302 ἔνεστιν
1103 1252 1247 1319 ἡμᾶς
1278 1251 1533 1321 γράφειν,
1569 1252 1652 1303 ὅτι
1681 1251 1708 1302 6
1742 1250 1837 1302 ἇν-

235 1339 273 1390 θ
283 1355 477 1407 ρωπος
499 1340 620 1393 κατ’
645 1339 829 1392 εἰκόνα
851 1341 987 1393 Θεοῦ
1012 1342 1106 1395 καὶ⁵
1121 1342 1380 1411 ὁμοίωσιν
1405 1343 1713 1396 πέπλασται
1734 1342 1836 1414 (5).

236 1432 433 1485 Τοῦτο
455 1433 562 1503 γὰρ
593 1432 688 1485 καὶ
718 1432 893 1486 πείθει
920 1435 1067 1504 ήμᾶς
1104 1434 1386 1503 ὁμολογεῖν
1422 1435 1455 1503 ἡ
1497 1435 1640 1488 κατά
1673 1435 1839 1488 Μωῦ-

237 1521 360 1574 σέα
385 1522 483 1590 τῆς
511 1522 779 1587 γενέσεως
815 1522 909 1575 τοῦ
958 1523 1170 1595 κόσμου
1202 1524 1413 1593 ἱστορία
1433 1540 1449 1554 ο
1481 1524 1562 1577 διὸ
1605 1526 1726 1578 κατ’
1761 1527 1839 1577 εἰ-

233 1613 394 1666 κόνα
427 1613 523 1683 μέν
557 1624 759 1684 φαμεν,
798 1615 940 1668 κατά
970 1615 1029 1668 τὸ
1057 1617 1315 1686 ἀρκτικὸν
1352 1615 1452 1687 [ita
1488 1615 1630 1689 cod.]
1659 1634 1718 1669 τε
1746 1617 1840 1670 καὶ

234 1704 625 1768 αὐτεξούσιον.
667 1707 786 1758 Ἔτι
820 1723 882 1774 γε
935 1706 1041 1777 μὴν
1067 1708 1123 1759 ὲν
1151 1706 1227 1777 τῷ
1254 1708 1528 1777 ἀνθρώπῳ
1555 1709 1669 1761 ἔστι
1718 1709 1840 1772 νοῦς

1943 627 2077 665 ειιιη
2123 611 2267 665 nulla
2330 625 2420 664 res
2477 611 2748 664 exsistens
2794 611 2918 665 talis
2969 611 3059 675 sit,
3096 613 3368 667 nobismet
3420 613 3525 683 ipsi

1942 699 2468 761 contradiceremus,
2498 709 2551 752 et
2591 701 2736 768 quod
2766 709 2822 753 tu
2860 701 3059 756 scribis
3093 700 3367 756 videretur
3395 718 3525 772 pro-

1941 790 2142 845 babile.
2200 790 2358 843 Nunc
2407 790 2535 859 quia
2594 806 2699 845 non
2754 792 3075 846 substantiae
3113 793 3523 848 similitudinem

1942 881 2317 949 intelligimus,
2354 897 2478 935 cum
2531 882 2811 936 hominem
2871 864 2936 936 ad
2993 883 3085 937 Dei
3128 883 3420 953 imaginem
3462 899 3527 936 ac

1941 970 2356 1025 similitudinem
2412 969 2614 1024 factum
2667 972 2922 1037 dicimus,
2973 973 3065 1026 sed
3124 973 3303 1038 potius
3339 975 3529 1026 analo-

1943 1062 2089 1132 giam
2112 1078 2239 1130 erga
2269 1063 2464 1126 Deum,
2492 1080 2615 1132 qua:
2640 1045 2803 1117 etiam
2837 1065 2890 1117 in
2923 1065 3190 1118 creaturis
3215 1066 3525 1129 invenitur,

1941 1153 2077 1206 nihil
2109 1153 2373 1206 absonum
2412 1161 2520 1215 est,
2557 1168 2658 1207 nos
2696 1154 2937 1207 scribere
2978 1155 3252 1208 hominem
3290 1156 3357 1208 ad
3391 1156 3527 1209 inta-

1941 1246 2118 1316 ginem
2184 1244 2277 1298 Dei
2353 1261 2421 1301 ac
2488 1247 2905 1301 similitudinem
2972 1246 3143 1301 fuisse
3208 1246 3524 1300 formatum.

1942 1337 2095 1392 llanc
2145 1338 2292 1392 enim
2332 1338 2733 1393 confessionem
2782 1339 2940 1393 nobis
2992 1340 3185 1394 suadet
3215 1338 3528 1409 Moysishi-

1942 1430 2110 1484 storia
2142 1430 2210 1483 de
2240 1431 2425 1484 mundi
2463 1430 2669 1500 genesi.
2709 1430 2831 1484 Ideo
2853 1430 2920 1484 ad
2950 1430 3240 1497 imaginem
3268 1431 3525 1494 dicimus,

1942 1521 2245 1576 secundum
2289 1520 2511 1574 liberam
2570 1519 2910 1573 voluntatem
2956 1529 3010 1573 et
3033 1519 3342 1573 arbitrium.
3378 1518 3525 1573 Prae-

1943 1623 2090 1665 terea
2138 1613 2191 1665 in
2244 1611 2466 1665 homine
2521 1621 2606 1666 est
2664 1627 2838 1675 mens,
2882 1611 3124 1673 verbum,
3164 1626 3228 1665 ac
3279 1612 3526 1679 spiritus.

1941 1701 2095 1757 Mens
2135 1702 2377 1772 quidem,
2414 1702 2563 1756 verbi
2606 1702 2775 1756 nostri
2813 1703 3080 1772 genitrix:
3113 1702 3335 1756 verbum
3376 1718 3529 1755 men-

238 1794 354 1848 καὶ
406 1794 562 1865 λόγος
595 1797 690 1850 καὶ
720 1798 970 1869 πνεῦμα·
1022 1800 1115 1852 καὶ
1144 1801 1171 1852 6
1228 1799 1328 1869 μὲν
1379 1799 1526 1865 νοῦς,
1562 1803 1841 1872 γεννήτωρ

1948 1797 2012 1849 tis
2069 1797 2358 1865 genimen:
2393 1807 2447 1849 et
2489 1797 2716 1866 spiritus
2777 1811 2871 1864 per
2937 1796 3162 1850 verbum
3231 1794 3524 1865 profertur.

236 1885 380 1938 ἐστὶ
402 1887 494 1939 τοῦ
540 1888 597 1939 ὲν
643 1888 774 1957 ἡμῖν
804 1888 999 1957 λόγου’
1039 1891 1067 1942 6
1118 1888 1175 1942 δὲ
1215 1890 1395 1955 λόγος,
1444 1889 1693 1959 γέννημα
1722 1892 1839 1942 ἐστι

233 1978 416 2041 νοόςσ
444 1978 538 2053 κα).
588 1979 649 2032 τὸ
694 1980 912 2051 πνεῦμα
938 1982 1029 2035 διὰ
1058 1981 1152 2035 τοῦ
1193 1982 1352 2051 λόγου
1407 1984 1691 2038 ἐκδίδοται.
1732 1986 1844 2038 Καὶ

232 2069 450 2141 ὥσπερ
478 2071 599 2141 δίχα
630 2072 790 2141 λόγου
826 2073 950 2137 νοῦς
981 2075 1176 2142 ἄλογος
1210 2077 1310 2128 οὐκ
1335 2076 1503 2140 ἐστιν,
1526 2075 1668 2129 οὕτω
1697 2078 1791 2130 καὶ
1814 2078 1843 2129 6

231 2162 420 2229 λόγος
446 2163 569 2232 δίχα
605 2165 721 2227 νοὸς
747 2165 906 2229 ἄνους
933 2167 1031 2236 οὐχ
1077 2165 1328 2238 εὓρηται,
1353 2166 1467 2221 ἀλλ’
1492 2167 1608 2237 ἄμα
1640 2186 1844 2221 συνυπ-

232 2257 442 2326 άρχει,
475 2258 565 2308 καὶ
615 2257 676 2309 οὑ
717 2258 1038 2328 προτερεύει
1077 2260 1304 2331 θάτερος
1338 2261 1565 2330 θατέρου
1590 2279 1603 2293 ·
1642 2261 1843 2331 ὁμοίως

231 2346 311 2399 δὲ
341 2346 438 2399 καὶ
460 2349 488 2400 6
517 2348 692 2414 λόγος,
729 2349 856 2402 ἄνευ
890 2349 1202 2420 πνεύματος
1231 2351 1333 2405 οὐκ
1359 2350 1590 2417 ἔνεστιν,
1631 2353 1752 2405 οὐδὲ
1783 2353 1844 2406 τὸ

237 2440 484 2508 πνεῦμα
516 2442 577 2493 τὸ
608 2443 688 2505 εἰς
728 2444 915 2512 φωνὴν
955 2443 1361 2514 ἐκτυπούμενον
1394 2444 1524 2499 ἄνευ
1554 2444 1732 2513 λόγου.

332 2552 390 2607 ι’.
446 2556 601 2607 Ἐπεὶ
648 2550 801 2627 οὖνὴ
854 2556 1177 2627 ὑπερούσιος
1238 2559 1331 2611 καὶ
1382 2559 1633 2622 ἀκτιστος
1662 2557 1840 2623 οὐσία,

230 2646 379 2717 ἥτις
403 2648 548 2700 ἐστὶν
573 2650 600 2700 6
619 2647 770 2710 Θεὸς,
798 2651 854 2701 ἐν
887 2651 1064 2719 τρισὶν
1095 2650 1425 2704 ὑποστάσεσι
1449 2650 1757 2721 θεωρεῖται,
1785 2651 1845 2704 ἔν

232 2756 314 2794 τε
344 2740 425 2808 τῷ
463 2741 637 2811 Πατρὶ
670 2742 765 2794 καὶ
794 2740 872 2811 τῷ
889 2741 1004 2812 Υἱῷ
1036 2743 1131 2795 καὶ⁵
1161 2743 1237 2813 τῷ
1267 2743 1543 2812 Πνεύματι
1570 2744 1648 2815 τῷ
1678 2745 1840 2813 ἁγίῳ,

234 2829 331 2892 ὡς
357 2832 492 2901 ἡμῖν
514 2831 888 2885 ἀποδέδεικται
910 2834 1005 2887 καὶ
1027 2834 1206 2897 καλῶς
1241 2834 1577 2900 πιστεύεται,
1597 2835 1846 2903 ἀναλογεῖ

243 2922 360 2991 μὲν
397 2923 424 2974 6
454 2923 577 2975 καθ’
606 2925 755 2993 ἡμᾶς
788 2925 932 2990 νοῦς,
968 2928 1251 2996 γεννήτωρ
1283 2925 1357 2979 ὣν
1384 2927 1477 2980 τοῦ
1508 2930 1564 2979 ἐν
1598 2930 1728 2997 ἡμῖν
1756 2926 1843 2979 λό-

236 3032 383 3081 γου,
420 3015 496 3085 τῷ
518 3015 639 3085 Θεῷ
678 3016 770 3069 καὶ⁹
811 3017 984 3087 Πατρὶ
1016 3017 1093 3087 τῷ
1118 3018 1303 3080 ἀῖδίως
1339 3019 1434 3071 καὶ
1468 3018 1713 3088 ἀχρόνως
1752 3017 1843 3070 τὸν

1949 1887 2014 1939 Ει
2046 1886 2505 1956 quemadmodum
2537 1888 2684 1941 nulla
2729 1902 2881 1942 mens
2928 1887 3263 1941 irrationalis
3291 1875 3527 1953 exsistit,

1945 1979 1999 2031 id
2046 1987 2151 2043 est,
2205 1979 2412 2048 absque
2456 1980 2662 2050 verbo;
2698 1980 2771 2034 ita
2818 1996 2887 2033 ne
2919 1980 3142 2034 verbum
3192 1980 3407 2046 quidem
3451 1979 3531 2032 ir-

1948 2071 2211 2126 rationale
2246 2073 2438 2136 ullum,
2472 2074 2520 2125 id
2546 2082 2671 2136 .esl,
2717 2072 2835 2127 sine
2868 2081 3066 2137 mente,
3100 2072 3405 2126 invenitur:
3434 2072 3530 2126 sed

1946 2178 2052 2234 una
2084 2164 2449 2230 coexsistunt,
2471 2179 2646 2232 neque
2677 2164 2904 2217 alterum
2937 2162 3091 2217 alteri
3123 2161 3415 2215 antecedit.
3435 2160 3528 2215 Sic

1942 2255 2105 2311 etiam
2159 2257 2381 2309 verbum
2424 2259 2544 2309 sine
2599 2256 2797 2324 spiritu
2840 2269 2949 2308 non
2974 2263 3097 2320 est,
3130 2270 3307 2323 neque
3366 2255 3530 2324 spiri—

1947 2356 2056 2413 tus,
2083 2348 2176 2416 qui
2212 2362 2344 2400 voce
2378 2346 2724 2417 exprimitur,
2748 2347 2867 2401 sine
2896 2346 3063 2401 verbo
3091 2354 3196 2401 est.

2018 2573 2107 2627 l0.
2138 2571 2405 2638 Quoniam
2432 2572 2614 2641 itaque
2645 2571 3192 2642 supersubstantialis
3217 2573 3527 2627 etincreata

1947 2665 2277 2725 subst-uitia,
2318 2665 2629 2733 cujusmodi
2669 2664 2810 2720 Dens
2842 2674 2948 2731 est,
2977 2665 3031 2719 in
3059 2664 3311 2734 pchOIIlS
3351 2664 3526 2718 tribus

1945 2763 2253 2823 Spectatur,
2308 2752 2468 2807 Patre
2518 2755 2793 2817 videlicet,
2828 2752 3005 2819 Filio,
3056 2764 3111 2806 et
3168 2751 3373 2820 Spiritu
3404 2764 3530 2805 san-

1944 2853 2055 2907 cto,
2109 2851 2166 2895 ut
2204 2843 2318 2911 jam
2373 2857 2473 2896 nos
2506 2843 3008 2897 demonstravimus
3059 2850 3317 2908 recteque
3351 2839 3533 2894 credi-

1945 2952 2068 2990 mus
2100 2953 2115 3001 ;
2146 2945 2331 2989 nostra
2363 2934 2584 3003 quidem
2627 2950 2802 3001 mens,
2851 2934 3002 2988 verbi
3046 2934 3192 3003 quod
3232 2933 3372 2986 intra
3429 2944 3531 2985 nos

1943 3035 2028 3080 est
2062 3027 2294 3097 genitrix‘
2322 3067 2337 3092 ,
2381 3026 2685 3097 analogiam
2744 3026 2909 3081 habet
2948 3026 3016 3079 ad
3068 3025 3238 3080 Deum
3287 3022 3528 3086 Patrem,

239 3104 458 3157 ἑαυτοῦ
499 3105 622 3158 Υἱὸν
660 3107 982 3176 γεννήσαντι
1007 3124 1020 3136 ο
1049 3110 1078 3160 6
1102 3108 1157 3160 δὲ
1191 3107 1346 3177 λόγος
1375 3110 1403 3161 6
1437 3110 1495 3161 ὲν
1531 3111 1679 3179 ἡμῖν,
1721 3110 1843 3178 γέν-

1948 3119 2037 3189 qui
2072 3119 2524 3183 sempiternaliter
2549 3128 2601 3172 et
2642 3118 3076 3188 intemporaliter
3111 3115 3309 3169 Filium
3362 3128 3526 3168 suum

241 3209 410 3265 νημα
447 3195 523 3250 ὢν
569 3197 663 3249 τοῦ
703 3199 760 3250 ἐν
780 3200 912 3268 ήμίν
944 3201 1083 3267 νοὸς,
1112 3200 1367 3268 ἀναλογεῖ
1392 3200 1469 3271 τῷ
1499 3201 1561 3252 ἐκ
1581 3199 1672 3252 τοῦ
1705 3199 1839 3252 Θεοῦ

242 3287 545 3358 ἁρεύστως
580 3290 673 3342 καὶ¹
693 3290 921 3353 ἀπαθῶς
957 3291 1269 3361 γεννηθέντι
1300 3293 1412 3363 Υίῷ
1435 3294 1531 3346 καὶ
1560 3291 1678 3362 Θεῷ
1709 3291 1843 3363 ἀλη-

245 3379 394 3448 θινῷ
415 3378 528 3432 ὄντι
549 3396 563 3410 ο
602 3380 660 3433 τὸ
688 3381 744 3434 δὲ
768 3383 824 3434 ὲν
846 3384 981 3453 ἡμῖν
1006 3384 1249 3454 Πνεῦμα,
1269 3385 1346 3455 τῷ
1374 3384 1650 3453 Πνεύματι
1680 3383 1841 3454 ἁγίῳ,

246 3468 337 3538 τῷ
378 3472 442 3521 ἐκ
480 3471 691 3543 Πατρὸς
725 3473 824 3542 μὲν
851 3470 1293 3545 ὲκπορευυμένῳζ
1327 3477 1421 3530 καὶ
1467 3477 1537 3529 δι’
1572 3476 1702 3529 Υἱὸν
1730 3477 1843 3539 τοῖς

245 3558 416 3614 οὖσιν
467 3563 780 3634 ἐκχεομένῳ
821 3566 916 3618 κα)⁵
952 3565 1304 3638 διαδιδομένῳ
1326 3585 1340 3598 ·
1390 3570 1484 3623 καὶ
1514 3566 1658 3621 κατά
1687 3565 1846 3619 τοῦτο

253 3652 429 3706 πάλιν
460 3652 675 3721 λέγεται
700 3656 729 3707 6
757 3655 1043 3727 ἄνθρωπος
1071 3660 1192 3712 κατ’
1222 3659 1407 3713 εἰκόνα
1438 3658 1575 3713 Θεοῦ
1632 3659 1845 3712 πεπλᾶ-

259 3746 425 3799 σθαν
477 3746 600 3799 καθ’
625 3747 883 3818 ὁμοίωσιν
923 3748 977 3802 δὲ
1011 3749 1171 3803 πάλιν
1216 3752 1394 3821 φαμὲν
1418 3751 1531 3806 ,τὸν
1560 3749 1846 3820 ἄνθρωπον

257 3834 401 3888 Θεοῦ
453 3837 800 3907 γεγενῆσθαι,
839 3838 928 3891 διά
984 3839 1084 3909 τὴν
1121 3838 1231 3892 τῶν
1272 3839 1485 3910 ἀρετῶν
1542 3839 1843 3904 τελείωσιν,

260 3927 363 3980 καὶ
401 3928 506 3982 τῶν
539 3930 761 3999 ἀγαθῶν
811 3930 908 4002 τὴν
953 3932 1243 4001 μετουσίαν
1265 3947 1277 3960 ·
1311 3932 1499 4002 ἐπειδὴ
1531 3932 1707 3985 πάντα
1743 3933 1846 3984 ὅσα

262 4017 501 4090 πρώτως
530 4021 624 4074 κα)⁸
640 4021 895 4084 ἀναιτίως
922 4023 954 4093 ἡ
977 4022 1306 4092 δημιουργὸς
1333 4024 1501 4088 αἰτία,
1536 4024 1671 4092 ὅπερ
1698 4021 1847 4074 ἐστὶν

264 4111 294 4161 6
329 4108 483 4172 Θεὸς,
513 4110 687 4162 ταῦτα
717 4110 987 4179 δευτέρως
1026 4112 1118 4163 καὶ
1150 4111 1430 4180 μεθεκτῶς
1461 4114 1556 4163 καὶ
1588 4112 1849 4173 αἰτιατῶς

264 4201 295 4252 6
333 4199 652 4269 ἅνθρωπος·
705 4198 818 4256 οἶόν
864 4204 980 4257 ἐστι
1018 4204 1079 4255 τὸ
1112 4203 1326 4273 πρῶτον
1353 4204 1448 4255 καὶ
1499 4201 1846 4272 ὑπερούσιον,

269 4289 409 4360 ζωὴ,
445 4290 580 4358 φῶς,
609 4292 793 4358 σοφὸς,
840 4291 1086 4356 δυνατὸς,
1122 4292 1348 4360 ἀγαθὸς,
1374 4295 1568 4360 πρᾶος,
1602 4292 1810 4354 δίκαιος
1832 4307 1846 4323 ⁸

268 4381 419 4432 ἐστιν
449 4383 539 4434 καὶ
567 4376 720 4445 οὗτος
754 4384 939 4453 σοφὸς,
987 4386 1081 4436 καὶ
1110 4383 1260 4454 ζωὴ,
1319 4384 1413 4437 καὶ
1458 4384 1704 4447 δυνατὸς,
1755 4382 1852 4436 καὶ

1942 3210 2147 3280 genuit.
2176 3208 2415 3264 Verbum
2456 3218 2637 3262 autem
2660 3248 2673 3272 ,
2709 3208 2854 3276 quod
2913 3207 3056 3261 intra
3108 3221 3207 3260 nos
3241 3213 3345 3268 est,
3395 3217 3530 3256 ana-

1940 3299 2138 3369 logiam
2172 3302 2331 3355 habet
2357 3302 2422 3353 ad
2457 3300 2629 3364 illum,
2661 3301 2751 3369 qui
2788 3314 2855 3353 ex
2888 3297 3002 3353 Deo
3035 3297 3197 3352 Patre
3235 3297 3356 3352 sine
3381 3295 3529 3349 ﬂuxu

1942 3401 1996 3449 et
2025 3391 2278 3460 passione
2306 3398 2595 3461 generatus
2628 3389 2729 3443 fuit
2786 3386 2959 3442 Filius
3007 3388 3146 3443 Dens
3193 3403 3373 3442 verus.
3403 3387 3532 3456 Spi-

1942 3483 2084 3536 ritus
2110 3480 2345 3548 deniqne
2377 3488 2561 3533 uoster
2586 3478 2894 3546 analogiam
2946 3479 3108 3532 habet
3160 3479 3225 3532 ad
3275 3490 3531 3535 sanctum

1947 3573 2233 3646 Spiritum,
2265 3573 2416 3641 quia
2465 3571 2626 3626 Patre
2675 3571 2940 3641 procedit,
2975 3578 3029 3625 et
3086 3586 3181 3637 per
3228 3569 3427 3625 Filium
3480 3578 3535 3627 in

1944 3674 2225 3720 creaturas
2250 3665 2543 3718 e‘l’unditur
2594 3679 2659 3719 ac
2694 3664 2985 3718 diribetur.
3024 3662 3335 3717 Secundum
3383 3665 3532 3730 haec,

1946 3756 2193 3824 inquam,
2240 3754 2404 3805 homo
2458 3753 2658 3806 dicitur
2683 3754 2748 3806 ad
2783 3753 3075 3823 imaginem
3105 3754 3198 3807 Dei
3229 3754 3524 3810 formatus.

1944 3845 2025 3899 Ad
2068 3843 2478 3899 similitudinem
2535 3853 2797 3912 praeterea
2844 3843 3079 3898 dicimus
3112 3844 3202 3898 Dei
3246 3845 3526 3899 hominem

1949 3938 2148 3992 fartum
2219 3945 2438 4006 propter
2487 3936 2748 3990 virtutum
2789 3936 3125 4001 exercitium,
3165 3944 3219 3989 et
3266 3936 3535 3992 bonorum

1947 4029 2415 4097 participationem
2443 4043 2456 4079 :
2499 4027 2624 4097 quia
2657 4043 2775 4096 τιυιε
2827 4027 3082 4095 primitus
3112 4036 3165 4080 et
3200 4041 3305 4079 non
3338 4042 3536 4081 causa-

1949 4121 2071 4174 liter
2122 4118 2284 4172 habet
2325 4132 2491 4172 causa
2552 4119 2809 4182 creatrix,
2861 4117 2910 4169 id
2964 4127 3068 4179 est,
3123 4117 3284 4178 Deus,
3342 4118 3534 4172 eadem

1953 4210 2192 4268 secundo
2259 4218 2312 4262 et
2367 4208 2631 4278 partiario
2680 4219 2735 4261 et
2786 4208 3074 4262 causaliter
3137 4208 3300 4262 habet
3347 4209 3536 4264 homo.

1950 4300 2154 4371 Nempe
2189 4301 2331 4355 Deus
2367 4298 2738 4370 primigenius
2768 4309 2852 4354 est
2881 4310 2933 4353 et
2965 4301 3536 4370 supersubstantialis,

1950 4392 2061 4446 vita
2087 4432 2102 4456 ,
2134 4392 2252 4457 lux,
2310 4391 2551 4460 sapiens,
2595 4400 2813 4460 potens,
2867 4391 3070 4458 bonus,
3135 4392 3305 4458 mitis,
3334 4393 3538 4461 justus.

269 4474 495 4542 ἀγαθὸς,
528 4475 625 4528 καὶ
660 4478 856 4546 πρᾶος,
907 4477 999 4530 καὶ
1050 4477 1258 4541 δίκαιος
1287 4479 1315 4530 6
1359 4477 1674 4548 ἄνθρωπος·
1712 4477 1846 4531 ἀλλὰ

1954 4486 2049 4539 Est
2117 4499 2247 4538 vero
2289 4491 2345 4538 et
2372 4483 2536 4537 homo
2594 4483 2833 4551 sapiens,
2886 4482 3021 4541 vita.
3082 4491 3298 4551 potens,
3342 4486 3540 4551 bonus,

271 4564 432 4632 φύσει
471 4565 567 4633 μὲν
594 4568 621 4619 6
650 4567 781 4629 Θεὸς
812 4569 906 4620 καὶ
941 4566 1232 4630 οὐσιωδῶς,
1285 4567 1432 4620 θέσει
1465 4567 1520 4620 δὲ
1549 4569 1642 4620 καὶ
1672 4568 1853 4637 χάριτι

273 4657 369 4710 καὶ
399 4658 740 4722 ἐπουσιωδὼς
792 4661 822 4711 6
871 4659 1178 4731 ἄνθρωπος.
1212 4661 1274 4713 Εἰ
1320 4660 1377 4714 δὲ
1412 4661 1593 4723 τοῦτο,
1624 4662 1855 4723 εἰκότως

273 4749 398 4804 καθ’
430 4753 687 4818 ὁμοίωσιν
731 4751 825 4804 τοῦ
871 4752 1006 4819 Θεοῦ
1060 4753 1386 4821 γεγενῆσθαι
1442 4754 1534 4805 τὸν
1567 4751 1856 4823 ἄνθρωπόν

273 4862 335 4913 φ.
359 4860 478 4911 μεν,
500 4844 562 4895 τὸ
583 4843 641 4910 ἐξ
668 4844 1020 4908 ἀνακλάσεως
1051 4844 1148 4916 [ita
1180 4844 1346 4916 cod.],
1383 4844 1607 4916 ἔσχατον
1642 4846 1858 4914 ἀπήχη·

277 4954 354 5006 μα
381 4936 634 5004 φέροντα.
658 4936 766 4989 Καὶ
791 4936 934 4990 οὕτω
965 4937 1125 4992 πάλιν
1143 4937 1347 5008 ἠλίθιον
1372 4938 1605 5007 ἀνέφανε
1631 4938 1691 4992 τὸ
1708 4935 1858 5007 παρὰ

277 5047 372 5082 σου
396 5046 629 5097 γραφεν.

350 5214 438 5262 ια’.
469 5207 827 5262 Μεταὸαίνων
866 5208 922 5261 δὲ
959 5208 1043 5262 ἐπ’
1072 5208 1201 5263 ἄλλο
1239 5208 1346 5261 τῶν
1382 5208 1512 5277 παρ’
1543 5206 1699 5277 ήμῶν
1727 5223 1859 5277 γρα-

278 5301 503 5371 φέντων,
546 5303 639 5355 καὶ
665 5299 824 5354 τοῦτο
861 5300 1203 5372 πειρώμενος
1231 5302 1499 5372 ἀναιρεῖν,
1533 5300 1695 5353 πάλιν
1721 5299 1859 5370 γρά-

280 5410 425 5464 φεις·
468 5412 488 5445 ι
518 5393 844 5466 Θεωροῦμεν
872 5394 942 5449 τὰ
974 5393 1090 5465 εῐδη
1124 5395 1234 5448 τῶν
1277 5393 1484 5464 θηρίων
1524 5393 1605 5447 ὅτι
1644 5397 1673 5447 6
1698 5396 1897 5463 icxu-‘

284 5486 499 5559 ρότερος
522 5487 883 5542 ἐπανίσταται
933 5488 1074 5541 κατά
1102 5486 1198 5541 τοῦ
1233 5485 1654 5557 ἀσθενεστέρου,
1695 5487 1789 5540 καὶ
1825 5488 1853 5540 6

354 5688 429 5757 (5)
463 5686 540 5744 De
577 5687 803 5744 homine
838 5686 907 5742 ad
932 5684 1225 5757 imaginem
1247 5683 1340 5737 Dei
1371 5682 1606 5757 forinato
1650 5683 1862 5757 inﬁnita

284 5752 450 5833 prope
477 5759 736 5833 dixerunt
762 5759 813 5812 in
848 5752 1260 5833 commentariis
1301 5758 1415 5833 suis
1443 5752 1634 5833 Batres
1680 5753 1862 5833 Eccleo

287 5823 475 5896 site,et
505 5829 724 5901 quidem
762 5828 1036 5900 prmcipue
1068 5825 1395 5881 Anastasius
1445 5823 1679 5881 Sinaita.
1726 5823 1859 5892 Qui-

1955 4573 2122 4633 mitis,
2151 4572 2334 4641 justus
2365 4588 2382 4638 ;
2414 4572 2510 4625 sed
2563 4569 2884 4623 naturaliter
2913 4568 3133 4638 quidem
3176 4584 3240 4623 ac
3286 4570 3547 4624 substan-

1959 4664 2157 4718 tialiter
2184 4663 2308 4716 talis
2343 4672 2426 4717 est
2455 4662 2599 4716 Deus
2626 4678 2641 4726 ;
2670 4660 2966 4729 adoptione
3010 4669 3215 4725 autem,
3248 4670 3302 4714 et
3342 4665 3542 4732 gratia,

1955 4767 2008 4809 et
2042 4769 2151 4807 non
2182 4753 2567 4817 essentialiter,
2610 4753 2788 4807 homo.
2825 4750 2959 4817 Quae
2993 4766 3116 4805 cum
3146 4751 3216 4803 ita
3264 4751 3387 4814 sint,
3426 4768 3544 4806 me-

1957 4846 2067 4900 rito
2096 4861 2200 4900 nos
2254 4845 2489 4900 dicimus
2545 4830 2818 4898 hominem
2857 4844 2924 4896 ad
2990 4842 3400 4898 similitudinem
3452 4842 3546 4898 Dei

1958 4937 2188 5001 factum,
2226 4937 2300 4991 ita
2347 4947 2405 4990 ut
2436 4946 2680 4991 extrema
2713 4935 2877 4989 veluti
2942 4935 3378 5005 repercussionis
3407 4937 3547 4991 echo

1961 5029 2054 5084 sit.
2099 5028 2277 5096 Atque
2308 5028 2382 5082 ita
2413 5029 2595 5082 denuo
2629 5027 2782 5082 futile
2807 5028 3245 5082 demonstratum
3273 5035 3359 5081 est
3406 5026 3551 5082 scri-

1958 5131 2110 5191 ptum
2137 5128 2313 5173 tuum.

2033 5211 2121 5265 ll.
2154 5210 2356 5264 Deinde
2392 5218 2470 5268 tu.
2502 5210 2568 5264 ad
2599 5209 2769 5264 alium
2808 5209 2977 5264 libelli
3010 5209 3117 5264 mei
3147 5210 3327 5265 locum
3362 5218 3547 5265 trans-

1961 5304 2102 5365 iens,
2150 5316 2384 5370 eumque
2428 5301 2785 5370 pessumdare
2818 5303 3037 5367 nitens,
3081 5317 3273 5357 rursus
3306 5300 3543 5356 scribis:

1971 5415 1990 5447 ι
2023 5395 2314 5450 Cernimus
2345 5394 2396 5447 iu
2428 5392 2667 5448 ferarum
2712 5394 3017 5465 speciebus,
3041 5393 3320 5451 fortiorem
3362 5392 3546 5446 insur-

1962 5503 2091 5560 gere
2145 5494 2337 5544 contra
2382 5484 2739 5541 infirmiorem
2772 5525 2789 5553 ,
2837 5486 3099 5556 majorem
3154 5484 3416 5540 adversus
3442 5481 3548 5537 mi-

1979 5686 2083 5742 bus
2141 5699 2292 5739 nunc
2335 5682 2634 5754 praeclarus
2689 5692 2745 5740 et
2801 5690 3098 5754 peracutus
3126 5678 3409 5754 theologus
3442 5696 3545 5735 no-

1973 5768 2084 5814 ster
2120 5752 2345 5811 accedit
2367 5752 2608 5811 Nicetas.
