4048 6444
582 402 691 468 835

1829 395 2127 459 NICETRE
2162 395 2570 457 BYZANTINI
3781 398 3855 461 835

584 529 797 581 norem.
830 515 1098 587 patiorem
1130 514 1398 570 adversus
1430 508 1779 569 deteriorem.
1824 512 1889 566 Et
1934 510 2040 563 illa:
2075 510 2174 563 has

2284 507 2489 577 μείζων
2517 507 2661 562 κατὰ
2709 504 2807 560 τοῦ
2865 502 3182 567 ἐλάσσονος,
3215 501 3326 557 καὶ
3372 503 3406 557 ό
3443 501 3716 573 κρείττων
3753 514 3858 568 κατὰ

584 620 964 678 εαδβεηυηιετο
1020 607 1126 662 sibi
1170 607 1437 677 pabulum
1485 607 1692 660 faciunt
1730 623 1744 659 :
1784 605 2058 659 interdum
2118 613 2173 658 et

584 702 850 765 lacerant,
922 700 1192 771 chOtypia
1235 700 1471 771 quadam
1507 714 1573 753 cx
1603 699 1842 768 ipsarum
1898 696 2173 752 cubilibus

584 793 859 864 pellendi,
900 811 919 845 ι
953 800 1008 847 et
1047 795 1277 862 reliqua.
1332 791 1446 845 Hoc
1490 791 1612 846 loco
1665 792 1918 860 ignorare
1971 786 2175 843 videris

584 885 867 955 quomodo
908 894 1235 953 argumenta
1278 883 1510 954 froferri
1538 890 1810 952 oporteat,
1854 880 1939 935 vel
1991 893 2172 935 secus.

584 977 723 1032 Nam
753 978 799 1032 si
831 978 976 1048 quod
1013 992 1116 1031 nos
1147 976 1469 1044 scripsimus
1492 973 1560 1029 de
1585 973 1735 1028 omni
1759 970 2004 1031 animali.
2037 984 2176 1040 (μιαί

586 1079 747 1123 tenus
773 1068 1104 1138 bmnOgenea
1130 1076 1258 1122 sunt
1279 1068 1363 1119 vel
1394 1066 1771 1134 beterogenca,
1801 1063 1850 1116 id
1883 1072 1988 1116 una
2008 1061 2174 1115 etiam

588 1160 901 1215 conversari
931 1168 985 1214 et
1035 1160 1358 1229 congregari
1414 1158 1537 1213 illas
1584 1154 1920 1220 allirmaret,
1951 1160 2177 1223 propter

589 1261 837 1306 mutuam
879 1252 1380 1313 mansuetudinem,
1439 1257 1494 1304 et
1537 1246 1929 1304 conservanda:
1979 1244 2177 1301 salutis

588 1358 775 1397 curam
807 1358 823 1409 ;
864 1351 917 1396 tu
945 1357 1073 1396 vero
1107 1343 1160 1395 in
1208 1341 1492 1396 nonnullis
1523 1339 1854 1394 animalibus
1888 1337 2032 1391 baud
2068 1336 2177 1390 tale

585 1447 713 1487 esse
744 1434 1069 1500 observasti,
1103 1432 1214 1488 imo
1242 1442 1299 1487 et
1347 1433 1711 1495 contrarium,
1747 1443 1944 1499 nempe
1980 1428 2177 1483 adver-

585 1522 699 1576 sari
726 1533 780 1579 et
809 1536 1002 1581 mutuo
1030 1526 1283 1589 lacerari,
1327 1536 1382 1580 et
1412 1526 1560 1595 quod
1588 1524 1826 1580 debilius
1858 1532 1944 1578 est
1981 1539 2012 1577 a
2038 1522 2176 1577 vali-

585 1620 739 1678 diore
801 1621 1075 1690 opprimi,
1128 1627 1182 1674 et
1242 1618 1487 1673 deterius
1532 1634 1560 1670 n
1603 1618 1846 1687 potiore,
1881 1631 2004 1687 quae
2035 1623 2090 1670 tu
2120 1615 2176 1670 in

585 1715 790 1778 Scripta
838 1721 931 1765 tuo
974 1710 1233 1781 posuisti,
1296 1710 1463 1763 veluti
1504 1710 1574 1763 ‘lit
1614 1724 1644 1763 a
1687 1709 1845 1762 leone
1871 1748 1887 1773 ,
1939 1721 2091 1772 urso,
2124 1717 2218 1762 et.

585 1802 861 1858 similibus
906 1818 921 1869 ;
968 1816 1160 1872 posses
1247 1802 1500 1873 equidem
1553 1816 1868 1857 sermonem
1924 1810 2174 1856 nostrum

2279 601 2375 656 τοῦ
2403 602 2672 673 χείρονος,
2705 599 2802 653 καὶ
2846 597 3116 660 πολλάκις
3148 598 3408 650 ποιεῖται
3467 597 3679 669 τροφὴν
3699 602 3857 658 αὑτοῦ.

2280 694 2428 748 ἔστιν
2481 694 2570 747 ὅτε
2598 690 2693 746 καὶ
2723 687 3036 761 διαφθείρει
3064 687 3251 755 αὑτὸν,
3314 687 3645 756 ἁντιζηλῶν
3666 690 3753 744 τοῦ
3772 693 3863 749 διω-

2280 784 2477 856 χθῆναι
2499 784 2668 838 αὑτὸν
2704 784 2815 838 ἀπὸ
2840 782 2941 851 τῆς
2964 779 3159 847 κοίτης
3188 777 3373 832 αὑτοῦ
3395 817 3413 840 ,
3458 796 3479 830 ι
3514 780 3613 831 καὶ
3639 782 3704 833 τὰ
3750 783 3863 853 ἑξῆς.

2293 873 2560 928 Ἐνταῦθα
2591 874 2772 937 δοκεῖς
2797 868 3136 943 ἠγνοηκέναι
3161 869 3262 932 τὰς
3295 868 3657 935 ἀποδείξεις,
3689 870 3791 935 πῶς
3807 874 3867 929 δεῖ

2282 968 2569 1036 προάγειν,
2600 966 2700 1020 καὶ
2746 964 2866 1028 πῶς
2894 964 2955 1017 οὐ
2994 962 3099 1018 δεῖ.
3144 961 3205 1014 Ei
3234 961 3348 1032 μὲν
3374 960 3496 1029 γὰρ
3524 960 3592 1012 τὸ
3620 962 3742 1030 παρ’
3766 964 3864 1033 ἡμῖν

2281 1060 2496 1130 γραφὲν
2526 1060 2655 1130 περὶ
2681 1058 2886 1121 παντὸς
2914 1058 3112 1126 ἀλόγου
3143 1053 3314 1120 ζὼου,
3355 1054 3512 1125 πρός
3536 1070 3600 1107 τε
3625 1054 3685 1106 τὸ
3711 1056 3865 1125 ὁμογε-

2281 1150 2372 1213 νὲς
2411 1150 2445 1220 ἢ
2484 1151 2578 1205 καὶ
2606 1151 2946 1221 ἑτερογενές,
2973 1149 3035 1202 rb
3064 1145 3476 1211 συναλίζεσθαί
3522 1162 3586 1199 τε
3626 1150 3720 1200 καὶ
3744 1150 3862 1202 ἑνοῦ-

2285 1243 2412 1297 σθαι
2446 1243 2782 1313 ὑπισχνεῖτο,
2837 1241 2927 1295 διὰ
2960 1240 3063 1313 τὴν
3110 1238 3249 1310 πρὸς
3305 1237 3538 1309 ἄλληλα
3569 1239 3885 1308 ἡμερότητα»

2283 1336 2361 1398 ὡς
2398 1335 2694 1406 φειδόμενα
2720 1337 2818 1406 τῆς
2844 1333 3058 1388 ἑαυτῶν
3092 1332 3386 1404 σωτηρίας
3411 1347 3429 1362 ⁸
3463 1326 3591 1384 εἶτα
3615 1332 3705 1384 ἐπί
3737 1350 3859 1387 τινων

2285 1428 2440 1494 ζώων
2469 1429 2629 1482 τοῦτο
2660 1426 2839 1498 εὑρὼν
2861 1428 2925 1481 σὺ
2970 1427 3045 1498 μὴ
3075 1426 3497 1496 θεωρούμενον,
3533 1423 3733 1494 μᾶλλον
3753 1424 3799 1477 ἃ
3820 1426 3861 1477 τὸ

2284 1522 2533 1578 ὲναντίον
2563 1521 2626 1574 τὸ
2676 1521 3072 1575 ἐπανίστασθαι
3106 1520 3203 1573 καὶ
3234 1516 3604 1588 διαφθείρειν
3628 1519 3719 1570 καὶ
3755 1519 3855 1570 ἀπο-

2283 1612 2506 1670 διώκειν
2533 1613 2625 1668 τὸν
2666 1614 3013 1685 ἰσχυρότερον
3045 1613 3138 1665 τὸν
3192 1610 3640 1679 ἀσθενέστερον,
3688 1609 3772 1662 καὶ
3793 1612 3857 1661 τὸν

2284 1708 2575 1780 κρείττονα
2612 1707 2705 1760 τὸν
2749 1707 2988 1777 χείρονα,
3044 1703 3081 1759 ἃ.
3125 1705 3219 1757 καὶ
3256 1704 3321 1756 εν
3380 1699 3466 1771 τῷ
3498 1701 3852 1772 σῷνγράμμστι

2286 1800 2626 1872 παρετίθεις,
2662 1793 2774 1852 οἷον
2800 1794 2993 1851 λέοντά
3024 1806 3170 1866 φημι
3201 1797 3298 1849 καὶ
3349 1795 3539 1866 ἄρκον
3577 1796 3671 1847 καὶ
3696 1794 3757 1846 τὰ
3780 1811 3853 1846 πα-

587 1895 805 1951 l'ortiter
832 1895 1123 1965 perimere.
1163 1894 1271 1950 Sed
1294 1895 1425 1965 quia
1478 1890 1625 1965 quod
1685 1893 2013 1963 scripsimus
2064 1908 2175 1947 non

2285 1892 2559 1961 ραπλήσια
2593 1907 2606 1921 ·
2640 1886 2788 1962 εἶχες
2826 1888 2893 1944 ἃν
2941 1888 3209 1957 γενναίως
3261 1885 3364 1940 τὸν
3421 1884 3700 1956 ἡμέτερον
3730 1882 3847 1953 λόγον

586 1992 655 2047 de
686 1991 834 2044 omni
874 1990 1179 2045 irrationali
1240 1988 1468 2044 animali
1518 1987 1781 2057 loquitur,
1846 1987 2011 2041 stulte
2061 1986 2178 2041 bla-

586 2093 761 2149 teras,
793 2082 937 2138 male
993 2080 1287 2138 conllctum
1340 2081 1531 2136 drama
1568 2080 1874 2142 inducens,
1908 2087 1962 2132 et
2019 2077 2177 2148 quasi

586 2182 919 2244 personatus
967 2189 1157 2243 agens.
1192 2172 1328 2240 Quis
1365 2174 1514 2228 enim
1547 2172 1635 2227 vel
1684 2171 1913 2226 minima
1965 2170 2178 2241 perspio

585 2269 738 2323 cacia
769 2268 1029 2338 praeditus
1062 2269 1299 2339 ignorat,
1352 2281 1463 2321 non
1493 2265 1678 2321 omnia
1729 2264 2051 2319 animalium
2087 2280 2181 2335 ge-

587 2371 718 2414 nera
749 2359 1074 2413 naturaliter
1105 2370 1229 2413 esse
1260 2366 1577 2427 comparata
1607 2365 1667 2412 ut
1698 2365 2100 2426 congregemur
2125 2363 2181 2410 et

586 2451 847 2506 socialem
884 2452 1048 2506 vitam
1081 2451 1406 2507 sectentur?
1436 2448 1685 2519 Namque
1709 2450 2030 2504 animalium
2071 2449 2179 2503 alia

586 2550 718 2595 sunt
747 2540 992 2611 solivaga
1014 2580 1030 2605 ,
1064 2541 1170 2595 alia
1202 2539 1442 2611 gregalia
1471 2557 1487 2607 ;
1526 2554 1829 2610 rursusque
1873 2540 2177 2610 gregalium

589 2632 700 2688 alia
730 2632 834 2688 sub
862 2632 1229 2703 gubernatore
1257 2634 1602 2698 ordinantur,
1639 2633 1748 2688 alia
1805 2648 1989 2689 secus.
2020 2633 2182 2690 Utra-

586 2737 696 2794 que
730 2739 859 2779 vero
891 2724 1007 2779 haec
1049 2724 1245 2794 partim
1285 2732 1418 2778 sunt
1446 2723 1649 2788 civilia,
1695 2724 1893 2795 partim
1930 2726 2180 2791 minime,

584 2820 727 2872 sicut
751 2816 993 2887 ipsorum
1026 2816 1380 2888 physiologia;
1412 2824 1580 2886 atque
1605 2817 1848 2872 historiae
1873 2818 2092 2875 docent.
2123 2819 2181 2876 Si

583 2922 717 2977 ergo
748 2907 854 2962 alia
882 2919 1010 2961 sunt
1042 2908 1301 2978 solivaga,
1348 2908 1452 2962 alia
1487 2908 1756 2976 minime;
1789 2918 2004 2966 constat
2025 2925 2181 2967 com-

585 3008 834 3068 paratum
868 3014 990 3055 esse
1015 3014 1045 3053 a
1072 3009 1266 3055 natura
1299 3009 1360 3055 ut
1399 3001 1599 3071 partim
1626 3010 2030 3073 congregemur
2051 3019 2179 3060 cum

586 3074 944 3161 bomogeneis
1000 3088 1157 3153 suis,
1204 3092 1401 3159 partim
1438 3105 1621 3146 secus.
1671 3091 1827 3157 Quod
1863 3093 1909 3147 si
1941 3092 2016 3149 ita
2071 3104 2178 3161 est,

584 3194 750 3234 nemo
805 3195 940 3234 sana
1008 3188 1188 3235 mente
1219 3181 1454 3250 pollens,
1495 3189 1593 3236 aut
1642 3190 1799 3252 putat
1831 3190 1929 3237 aut
1964 3184 2177 3251 scribit,

583 3273 770 3327 oninia
804 3273 1064 3327 animalia
1089 3273 1235 3328 inter
1275 3288 1336 3329 se
1359 3274 1683 3344 congregari
1716 3273 1894 3330 solere
1921 3284 1975 3329 et
2017 3276 2185 3332 simul

585 3366 790 3420 vivere.
824 3363 903 3419 Ne
963 3381 1063 3421 nos
1132 3365 1354 3435 quidem
1402 3366 1592 3436 itaque
1646 3366 1752 3421 hoc
1777 3367 2038 3425 diximus.
2077 3368 2185 3424 Sed

585 3459 714 3525 quia
745 3458 981 3511 maxime
1018 3458 1238 3527 propria
1278 3466 1409 3512 nota
1439 3466 1494 3513 et
1539 3457 1983 3514 cbaracteristica
2037 3459 2183 3515 inest

587 3549 811 3604 animali
845 3550 1116 3620 pracipue
1151 3549 1367 3618 sociali,
1416 3550 1768 3605 ratiocinium
1803 3560 1860 3606 et
1890 3550 2184 3621 prudentia

584 3650 644 3697 et
670 3657 795 3697 cum
828 3644 1040 3697 ratione
1082 3642 1373 3713 judicium,
1430 3651 1718 3713 propterea
1745 3658 2001 3700 sermone
2020 3656 2183 3700 exte-

588 3735 734 3790 riore
765 3735 971 3806 indiget
1015 3737 1203 3802 homo,
1236 3747 1294 3791 ut
1339 3750 1540 3791 arcane
1597 3738 1867 3806 repositas
1888 3737 2183 3808 cogitatio-

589 3843 688 3884 nes
717 3828 772 3883 in
818 3837 1100 3883 externam
1159 3830 1333 3885 lucem
1378 3830 1602 3896 educat,
1626 3838 1682 3884 et
1734 3846 1858 3885 cum
1915 3829 2182 3899 proximis

585 3921 978 3977 communicet.
1004 3919 1127 3987 Quo
1163 3920 1242 3989 ﬁt,
1282 3931 1355 3976 ut
1395 3922 1718 3978 naturaliter
1750 3922 1824 3978 sit
1875 3923 2027 3978 cicur
2061 3923 2185 3978 ani-

587 4013 717 4079 mal,
751 4022 805 4068 et
830 4013 1078 4082 apprime
1110 4014 1332 4070 sociale.
1370 4014 1598 4070 (laeteris
1637 4030 1769 4070 vero
1800 4016 2017 4071 cunctis
2058 4014 2184 4071 ani-

591 4105 830 4160 Inalibus
860 4104 1125 4160 sodalitas
1146 4114 1200 4159 et
1227 4106 1497 4160 naturalis
1516 4108 1879 4160 mansuetudo
1907 4105 2184 4176 principa-

581 4197 706 4250 liter
752 4211 863 4251 non
912 4195 1096 4251 inest:
1139 4195 1233 4250 sed
1269 4206 1450 4251 tamen
1501 4196 1555 4250 in
1595 4196 1879 4252 nonnullis
1937 4197 2183 4251 cernitur

579 4289 946 4345 conversandi
978 4296 1033 4343 et
1051 4287 1220 4344 simul
1260 4289 1477 4343 vivendi
1531 4296 1696 4358 atque
1732 4287 2177 4344 comniunirandi

579 4380 847 4436 studium.
885 4379 993 4436 Sed
1024 4382 1196 4437 multo
1226 4381 1403 4450 magis
1432 4379 1537 4435 hoc
1567 4381 1709 4434 inter
1749 4380 2002 4436 homines
2045 4396 2180 4436 cons

580 4474 836 4531 stitutum
864 4484 969 4529 est.
1000 4471 1139 4528 Nam
1173 4473 1220 4528 si
1250 4473 1397 4542 quod
1445 4472 1629 4527 minus
1652 4487 1775 4528 esse
1827 4472 2061 4540 videtur,
2094 4482 2178 4529 ta-

2278 1986 2543 2057 ἁναιρεῖν.
2579 1985 2733 2038 Ἐπεὶ
2755 1985 2814 2039 δὲ
2843 1982 2904 2038 τὸ
2936 1983 3069 2053 παρ’
3100 1983 3233 2053 ἡμῖν
3258 1979 3493 2052 γραφὲν
3523 1980 3586 2033 οὐ
3621 1979 3736 2048 περὶ
3753 1995 3852 2031 παν-

2278 2078 2368 2142 τὸς
2396 2079 2590 2147 ἀλόγου
2626 2078 2766 2142 ζὼου
2802 2077 2964 2131 τοῦτο
2988 2075 3429 2144 ἐπαγγέλλεται,
3482 2073 3582 2127 καὶ
3610 2060 3845 2143 ματαιολο-

2280 2173 2417 2237 γεῖς,
2467 2170 2531 2225 ab
2569 2171 2951 2225 κακόπλαστον
2991 2169 3227 2238 είσάγων
3280 2168 3482 2239 δρᾶμα
3519 2166 3617 2219 καὶ
3664 2166 3849 2234 ὑποκρι-

2279 2261 2504 2333 νόμενος
2524 2278 2538 2293 ·
2569 2260 2695 2316 τίνα
2720 2261 2828 2333 γὰρ
2851 2261 2947 2314 καὶ
2972 2260 3083 2314 τῶν
3109 2261 3286 2331 μικρὰ
3309 2259 3563 2329 συνορᾷν
3585 2256 3844 2326 δυναμένων

2279 2353 2529 2425 λέληθεν,
2565 2354 2649 2408 ὅτι
2688 2354 2788 2424 οὑχ
2824 2355 3044 2407 ἅπαντα
3079 2352 3149 2407 τὰ
3178 2351 3295 2421 εῐδη
3331 2350 3454 2404 τῶν
3490 2349 3647 2415 ζώων
3676 2346 3845 2400 συναλί-

2280 2446 2470 2510 ζεσθαι
2497 2446 2590 2500 καὶ
2617 2444 3028 2500 συνδιαιτᾶσθαι
3055 2445 3193 2517 πρὸς
3228 2443 3450 2513 ἄλληλα
3482 2442 3726 2510 πέφυκες
3756 2439 3842 2493 Τῶν

2280 2539 2391 2610 γὰρ
2425 2536 2579 2603 ζώων
2603 2538 2673 2593 τά
2702 2539 2803 2610 μέν
2826 2541 2934 2593 είσι
2972 2538 3262 2608 μοναδικὰ,
3297 2536 3374 2591 τὰ
3402 2536 3465 2590 δὲ
3495 2535 3734 2605 ἀγελαῖα,
3775 2532 3843 2585 καὶ

2279 2628 2391 2683 τῶν
2420 2630 2694 2699 άγελαίων
2726 2629 2796 2685 τὰ
2826 2631 2926 2702 μὲν
2953 2629 3046 2699 ὑφ’
3093 2629 3335 2700 ἡγεμόνι
3369 2631 3684 2690 τάττονται,
3726 2624 3839 2678 τὰδὲ

2282 2720 2365 2776 οὔ.
2386 2721 2698 2794 Ἐκατέρων
2726 2722 2784 2777 δὲ
2808 2722 3017 2776 τούτων
3047 2721 3118 2775 τὰ
3148 2723 3248 2792 μέν
3277 2722 3394 2775 είσι
3425 2719 3696 2783 πολιτικὰ,
3729 2715 3841 2769 tibi

2280 2814 2342 2870 οὔ
2364 2831 2377 2845 ⁸
2415 2816 2492 2879 ὡς
2517 2816 2574 2869 αί
2604 2817 2734 2888 περὶ
2763 2815 2944 2870 αὐτῶν
2975 2814 3318 2886 φυσιολογίαι
3349 2816 3454 2870 erat
3479 2813 3702 2886 ἱστορίαι
3727 2810 3838 2863 ἐκδι-

2281 2908 2597 2963 δάσκουσιν.
2633 2908 2695 2962 Εί
2727 2904 2821 2962 οὖν
2870 2908 2940 2962 τὰ
2973 2909 3072 2979 μέν
3102 2910 3210 2962 είσι
3245 2907 3548 2979 μοναδικᾶ,
3570 2904 3633 2959 τὰ
3665 2901 3755 2975 [δὲ]
3775 2899 3837 2965 θῦ,

2283 3002 2517 3074 φανερὸν
2539 3002 2621 3057 ὅτι
2643 3000 2712 3055 τὰ
2748 3001 2848 3072 μὲν
2881 3001 3265 3067 συναλίζεσθαι
3299 3000 3451 3070 μετὰ
3475 2998 3586 3053 τῶν
3611 2995 3837 3068 ὁμογεν.ῗν

2282 3095 2518 3163 πέφυκε,
2557 3093 2702 3148 τὰδὲ
2735 3093 2831 3166 μὴ.
2883 3091 2949 3147 Εί
2977 3092 3034 3147 δὲ
3056 3092 3216 3146 τοῦτο
3242 3091 3427 3156 οὕτως
3461 3090 3599 3162 ἔχει,
3628 3084 3837 3149 οὐδεὶςᾶν

2286 3188 2646 3259 ἀδιάστροφον
2682 3186 2856 3260 φρένα
2883 3186 3048 3258 ἔχων,
3085 3184 3210 3240 οὔτε
3238 3187 3355 3239 νοεῖ
3384 3183 3519 3239 οὔτε
3563 3182 3742 3254 γράφει
3773 3177 3832 3241 τδι

2286 3279 2476 3333 Πάντα
2503 3279 2575 3333 τὰ
2630 3279 2747 3345 ζῶα
2797 3278 2911 3350 εχει
2950 3279 3012 3333 τδ
3067 3276 3461 3343 συναλίζεσθαι
3501 3276 3634 3347 πρὸς
3674 3270 3834 3339 ἄλληλα

2286 3374 2383 3426 καὶ
2436 3372 2881 3427 συνδιαιτᾶσθαι·
2931 3372 3056 3426 ὅθεν
3107 3371 3229 3425 οὐδὲ
3277 3371 3479 3443 ἡμεῖς·
3529 3368 3641 3424 ἀλλ’
3688 3360 3832 3429 ἐπειδὴ

2290 3463 2580 3519 ίδιαίτατον
2606 3464 2898 3536 γνώρισμα
2923 3464 3016 3519 καὶ
3043 3462 3557 3536 χαρακτηριστικὺν
3593 3454 3832 3513 ἔνεστιτοῦ

2287 3556 2494 3627 κυρίως
2523 3557 2846 3611 κοινωνικοῦ
2897 3557 3065 3624 ζώου,
3097 3558 3125 3611 ὅ
3153 3573 3214 3610 τε
3251 3556 3416 3626 λόγος
3443 3554 3541 3610 καὶ
3567 3554 3599 3623 ἡ
3627 3551 3834 3621 φρόνησις

2286 3650 2380 3701 καὶ
2406 3649 2441 3717 ἡ
2474 3650 2613 3719 μετὰ
2638 3648 2800 3718 λόγου
2835 3648 3040 3717 κρίσις,
3067 3649 3158 3703 διά
3180 3662 3262 3702 τοι
3288 3646 3456 3701 τοῦτο
3491 3646 3586 3700 καὶ
3606 3642 3746 3711 λόγου
3763 3634 3829 3690 τοῦ

2286 3738 2486 3806 εξωθεν
2532 3740 2729 3810 ἐδεήθη
2758 3742 2787 3794 ὁ
2818 3742 3140 3812 ἄνθρωπος,
3178 3739 3255 3801 ὡς
3282 3739 3350 3793 ἂν
3387 3739 3463 3794 τὰ
3499 3739 3559 3791 ἑν
3589 3734 3725 3807 βάθει
3747 3728 3830 3784 κείο

2288 3847 2430 3901 μενα
2465 3831 2718 3901 νοήματα
2755 3833 2837 3895 είς
2887 3830 3003 3900 φῶς
3036 3830 3236 3898 ἔξωθεν
3268 3830 3478 3902 ἄγηται
3512 3827 3728 3886 καὶτοῖς
3754 3819 3827 3874 πέ-

2285 3924 2385 3989 λας
2433 3924 2814 3994 κοινοποιῆται
2843 3942 2859 3958 ο
2915 3923 3039 3978 ὅθεν
3069 3927 3165 3978 καὶ
3202 3923 3365 3995 φύσει
3406 3925 3617 3997 ἥμερον
3658 3918 3774 3984 ζῶον
3808 3913 3829 3966 ὁ

2284 4016 2608 4088 ἄνθρωπος,
2665 4018 2761 4072 καὶ
2829 4022 3144 4072 κοινωνικὸν
3194 4019 3335 4084 ζῶον
3392 4018 3597 4090 κυρίως
3640 4007 3828 4066 ἐνταῦθά

2284 4107 2564 4163 ὲστιν.³Εν
2586 4107 2645 4161 δὲ
2677 4110 2787 4170 τοῖς
2813 4108 3031 4177 ἀλόγοις
3065 4107 3225 4172 ζώοις
3266 4108 3443 4163 ἅπασι
3466 4108 3527 4161 τό
3553 4122 3609 4158 τε
3634 4114 3828 4157 κοινωνι-

2285 4200 2381 4255 κὸν
2426 4203 2523 4254 καὶ
2548 4200 2711 4270 φύσει
2742 4202 2952 4272 ἥμερον
2986 4202 3192 4274 κυρίως
3219 4202 3321 4256 οὑκ
3371 4202 3581 4257 ἔνεστιν
3601 4214 3614 4228 ·
3643 4193 3823 4264 εὕρηται

2283 4291 2341 4345 δὲ
2375 4293 2452 4357 ὡς
2492 4292 2586 4346 ὲπί
2616 4306 2781 4346 τινων
2812 4292 2920 4347 τῶν
2968 4294 3181 4363 ἀλόγων
3209 4284 3368 4359 ζώων
3402 4292 3563 4348 τοῦτο
3595 4281 3824 4344 συναλίζε-

2284 4386 2411 4441 σθαι
2461 4389 2555 4440 mi
2588 4386 2996 4441 συνδιαιτᾶσθαι
3041 4389 3137 4441 καὶ
3165 4386 3630 4442 κοινοποιείσθαιο
3680 4372 3819 4441 πολλῷ

2289 4478 2490 4550 μᾶλλον
2522 4480 2615 4533 καὶ
2644 4479 2737 4532 ἔπι
2767 4478 2876 4532 τῶν
2904 4479 3213 4550 ἀνθρώπων
3241 4479 3403 4534 τοῦτο
3428 4477 3640 4550 θεμιτὸν
3660 4474 3715 4527 ἂν
3735 4469 3815 4535 εἴη.

583 4584 707 4622 men
749 4576 833 4622 est
864 4608 881 4632 ,
930 4568 1104 4621 multo
1141 4566 1316 4636 magis
1368 4564 1515 4636 quod
1549 4566 1784 4635 amplius
1811 4575 1935 4622 est:
1967 4576 2174 4638 quanto

2283 4572 2343 4624 El
2374 4572 2482 4642 γὰρ
2526 4570 2589 4625 τὸ
2632 4564 2794 4642 ἦττον
2848 4570 3039 4625 δοκοῦν
3075 4572 3343 4643 ὑπάρχειν
3386 4572 3634 4639 ὑπάρχει,
3674 4554 3813 4627 πολ)νῷ

582 4660 793 4715 scilicet
821 4658 1241 4714 convenientius
1271 4657 1570 4728 utiliusqne
1608 4667 1694 4714 est
1738 4659 2055 4713 conversari
2104 4658 2182 4713 si-

582 4753 807 4822 mulque
840 4753 1024 4806 γίνενθ
1041 4766 1168 4806 cum
1208 4754 1550 4821 homogeneo
1590 4765 1692 4808 suo
1725 4751 2028 4817 hominem,
2057 4750 2179 4804 ani-

2283 4662 2484 4732 μᾶλλον
2518 4663 2612 4717 καὶ
2636 4663 2699 4717 τὸ
2729 4664 2932 4735 μᾶλλον
2951 4680 2965 4693 ·
3006 4663 3144 4735 ὅπερ
3174 4664 3455 4734 προσῆκόν
3481 4664 3593 4714 ἐστι
3618 4654 3700 4710 καὶ
3712 4648 3813 4722 μάλ.

2277 4753 2371 4808 λον
2393 4754 2599 4823 ὀφείλει
2633 4755 2696 4809 τὸ
2728 4755 3114 4821 συναλίζεσθαι
3153 4756 3250 4810 καὶ
3290 4751 3682 4809 συνδιαιτᾶσθαι
3706 4740 3807 4810 πρὸς

585 4847 695 4901 mal
733 4846 995 4900 nimirum
1032 4846 1304 4916 pmcipue
1346 4845 1552 4901 sociale
1580 4887 1596 4912 ,
1632 4855 1688 4900 et
1737 4856 1928 4915 suapte
1982 4855 2178 4898 natura

2283 4847 2340 4899 rb
2356 4848 2615 4917 ὁμογενὲς
2629 4848 2720 4902 τὸν
2745 4847 3033 4917 ἄνθρωπον
3058 4846 3133 4910 ὡς
3158 4848 3475 4903 κοινωνικὸν
3499 4845 3629 4912 ζῶον
3650 4837 3810 4906 κέρως

581 4941 758 4994 cicur.
787 4938 902 4993 Hoc
945 4938 1090 4993 enim
1121 4947 1179 4994 et
1208 4952 1310 4995 nos
1343 4954 1454 5010 prae
1478 4939 1656 4995 oculis
1684 4938 1951 4993 habentes
1971 4978 1987 5004 ,
2021 4935 2178 4991 vobis

581 5033 929 5101 scripsimus.

655 5125 745 5179 12.
798 5125 983 5179 Denuo
1034 5122 1395 5195 progrediens
1452 5121 1522 5176 ad
1557 5121 1728 5176 alium
1773 5118 1965 5188 scripti
2004 5118 2178 5174 nostri

584 5221 786 5285 locum,
804 5234 1045 5289 cumque
1069 5214 1725 5280 refutareconuitensﬁta
1746 5212 1946 5267 scribis
1971 5230 1984 5267 :
2010 5232 2030 5265 ι
2057 5210 2180 5267 Cae-

581 5315 733 5367 dium
766 5312 885 5368 alite
938 5312 1106 5367 licitae
1131 5316 1279 5376 sunt,
1326 5309 1450 5364 alia;
1500 5306 1724 5361 illicitas.
1785 5304 2041 5359 lllieitum
2072 5313 2176 5370 est,

582 5416 746 5476 prout
779 5418 973 5476 reapse
1026 5419 1058 5458 a
1110 5402 1223 5457 Deo
1249 5409 1491 5464 velatur,
1516 5398 1770 5453 occidere
1808 5396 2025 5451 ﬁdelem
2060 5397 2175 5468 pri-

581 5507 708 5552 viito
742 5497 1058 5568 proposito:
1085 5493 1387 5565 legitimum
1437 5501 1620 5545 autem
1649 5499 1736 5545 est
1768 5487 2020 5544 occidere
2047 5502 2175 5543 eum

580 5593 675 5664 qui
706 5591 945 5645 dandum
979 5596 1168 5645 censet
1197 5585 1308 5640 Deo
1338 5585 1605 5650 sodalem,
1638 5590 1694 5636 et
1717 5582 1868 5637 hunc
1916 5583 2035 5652 pari
2072 5597 2172 5652 po-

2279 4939 2374 4992 καὶ
2397 4941 2606 5012 ἥμερον
2637 4940 2819 5011 φύσει.
2849 4941 2945 5006 Είς
2985 4940 3147 4995 τοῦτο
3176 4941 3287 5014 γὰρ
3310 4941 3407 4995 καὶ
3433 4940 3586 5013 ἡμεῖς
3605 4926 3804 5002 ἁφθρῶν·

2284 5049 2375 5096 τες
2402 5033 2542 5105 πρὸς
2563 5034 2708 5103 ὑμᾶς
2726 5034 3113 5106 γεγράφαμεν.
3630 5118 3651 5126 Δ
3797 5104 3809 5126 ⁹

2364 5122 2453 5194 ιβ’.
2492 5124 2601 5178 Καὶ
2631 5125 2794 5179 πάλιν
2819 5125 2875 5179 δὲ
2912 5125 3256 5197 μεταϐαίνων
3283 5127 3368 5197 ἐφ’
3391 5126 3571 5196 ἕτερον
3590 5118 3684 5174 τῶν
3710 5124 3794 5177 παρ

2286 5218 2421 5289 ἡμῖν
2479 5218 2826 5290 γραφέντων,
2860 5220 2958 5274 καὶ
3016 5218 3178 5274 τοῦτο
3240 5220 3498 5284 ὡσαύτως
3528 5210 3807 5285 σπειρώίιιενθς

2286 5310 2703 5375 ἀνασκευάζειν,
2739 5310 2973 5382 γράφεις
2995 5305 3099 5365 ὧδε
3127 5326 3141 5341 ο
3174 5330 3194 5363 ι
3214 5309 3337 5366 Τῶν
3360 5312 3534 5381 φόνων
3556 5308 3599 5361 οι
3626 5301 3710 5374 μέν
3727 5295 3803 5346 εἰσι

2284 5399 2522 5470 θεμιτοὶ,
2553 5402 2603 5454 οἱ
2640 5402 2698 5455 δὲ
2726 5402 3008 5473 ἀθέμιτον
3042 5404 3139 5457 καὶ
3172 5402 3440 5473 ἀθέμιτόν
3464 5404 3617 5461 ἐστιν,
3645 5393 3669 5447 ὃ
3705 5389 3804 5441 ἀπο·

2282 5493 2593 5565 τέτραπται
2640 5495 2797 5567 παρὰ
2825 5497 2986 5561 Θεοῦ,
3020 5497 3085 5551 τὸ
3111 5497 3364 5567 φονεύειν
3410 5494 3596 5551 πιστὸν
3641 5486 3694 5554 τῇ
3722 5474 3799 5567 ιδίὲ

2281 5586 2607 5657 προαιρέσει
2634 5603 2649 5619 ⁶
2691 5566 2916 5660 ἔννομον
2948 5588 3005 5642 δὲ
3035 5566 3131 5644 καί
3159 5590 3403 5663 θεμιτὸν,
3444 5589 3503 5645 τὸ
3535 5578 3741 5657 φονεύειν
3758 5566 3800 5620 τὸ

583 5684 749 5741 tentia
778 5682 1063 5753 [traditum
1097 5677 1417 5750 confingit.»
1441 5675 1569 5733 Haec
1591 5675 1721 5731 dum
1759 5673 1983 5740 scribis.
2016 5674 2174 5731 inde.

2283 5677 2573 5743 δοξάζονυα
2601 5680 2967 5751 συγκοινωνὸν
2988 5682 3087 5737 τοῦ
3096 5680 3239 5738 Θεοῦ
3257 5681 3337 5757 (6)
3353 5682 3448 5739 καὶ
3461 5672 3796 5739 ἀναπλάττοντα

655 5860 734 5931 (6)
762 5858 886 5914 Snr.
916 5856 1053 5925 Vill,
1087 5857 1157 5912 lx
1186 5867 1241 5915 et
1268 5858 1416 5914 alibi.
1448 5856 1654 5916 Confer
1677 5870 1827 5916 retro
1864 5859 1973 5916 col.
2008 5859 2114 5916 685
2157 5868 2211 5916 ct
2242 5859 2369 5928 76l,
2401 5876 2526 5917 cum
2556 5862 2935 5919 annotatione.
