4048 6410
289 383 400 446 837

1458 381 1896 442 REFUTATIO
1937 338 2415 446 MOHAMEDIS.

3451 387 3561 453 838

289 495 638 564 ῖσοδύναμον.
678 513 696 546 ι
762 493 951 549 Ταῦτα
985 494 1084 565 μὲν
1130 495 1355 564 γράφων
1402 497 1479 559 ὡς
1531 496 1720 567 ἀμαθῆ
1782 496 1877 549 καὶ

1999 507 2128 551 :tnm
2150 506 2202 553 te
2219 508 2273 552 et
2291 499 2537 554 omnium
2589 515 2772 555 rerum
2801 499 3049 572 ignarum
3074 499 3321 558 exhibes.
3344 499 3560 560 Etemm

287 588 540 659 ἀμύητον
569 587 744 654 πάντη
795 587 903 641 τῶν
939 589 1286 656 πραγμάτων
1323 591 1552 642 σεαυτὸν
1597 591 1875 656 εἰσάγειςο

286 683 413 734 οὐδὲ
443 681 549 750 γὰρ
578 679 819 748 συνῆκας
845 681 927 732 ὅτι
961 681 1069 742 πᾶς
1099 680 1281 747 φόνος,
1382 681 1542 749 φόνος
1573 681 1713 745 ἐστὶ,
1750 699 1880 748 φευ-

288 775 424 836 κτὸς
475 773 568 826 καὶ
622 771 1016 840 ἁποτρόπαιος.
1067 773 1225 842 εἴπερ
1253 773 1460 834 κακός·
1509 772 1572 824 τὺ
1620 773 1677 825 δὲ
1711 772 1880 825 κακὶν

293 864 443 918 ἅπαν
496 864 559 916 οὐ
595 863 848 932 οεμιτόν’
877 864 974 916 καὶ
1003 865 1084 916 ὅτι
1131 863 1303 917 κακὸν
1333 864 1361 916 ό
1397 863 1577 931 φόνος,
1627 864 1880 916 ἐντεῦθεν

292 955 457 1024 δῆλον
476 971 489 984 ’
530 956 644 1018 Πᾶς
673 955 852 1023 φόνος,
957 956 1115 1024 φόνος
1145 955 1312 1017 ἐστὶν,
1339 953 1370 1026 ἢ
1402 955 1577 1024 φθορά
1610 957 1758 1007 ἐστιν
1787 955 1881 1006 ἀν-

291 1046 540 1116 θρώπου,
571 1046 604 1116 ἢ
657 1045 866 1116 φθορᾶς
896 1047 1178 1118 ποιητικός
1222 1048 1371 1099 ἐστιν
1401 1046 1719 1118 ἁνθριῖνιτοιι⁹
1750 1049 1778 1099 ὁ
1824 1048 1880 1100 δὲ

293 1138 584 1208 ἄνθρωπος
614 1138 813 1207 μᾶλλον
843 1137 1009 1191 καλὸν
1049 1139 1144 1191 καὶ
1181 1139 1382 1208 μᾶλλον
1410 1139 1615 1206 ἀγαθὸν
1643 1139 1753 1192 τῶν
1789 1139 1881 1192 ἐπὶ

293 1233 400 1302 γῆς
420 1248 432 1260 ·
462 1229 621 1300 εἴπερ
654 1230 714 1282 τὸ
743 1229 1052 1300 πρώτιστον
1083 1231 1288 1300 κτίσμα
1313 1230 1451 1283 Θεοῦ
1480 1231 1588 1284 τῶν
1619 1233 1710 1285 ἐπὶ
1734 1235 1836 1302 γῆς
1864 1247 1879 1262 ο

297 1321 590 1387 συνάγεται
611 1322 738 1392 ἄρα·
762 1322 875 1384 Πᾶς
898 1316 1124 1394 φόνος,ᾖ
1149 1321 1306 1390 φόνος
1330 1322 1497 1385 ἐστὶν,
1522 1322 1725 1390 ἀγαθοῦ
1740 1340 1881 1385 τινος

295 1413 329 1481 ἦ
357 1412 534 1480 φθορὰ
559 1413 590 1482 ἢ
617 1413 825 1482 φθορᾶς
871 1414 1183 1483 ποιητικόν·
1213 1416 1261 1467 εἰ
1295 1415 1350 1468 δὲ
1392 1414 1572 1478 τοῦτο,
1605 1414 1727 1468 καθ’
1753 1415 1882 1468 αὐτὸ

298 1504 493 1558 κακόν.
535 1505 656 1557 τῶν
681 1507 792 1575 γὰρ
834 1505 1055 1572 ἀγαθῶν
1084 1509 1138 1559 αἱ
1173 1506 1392 1576 φθοραὶ,
1436 1508 1528 1560 καὶ
1557 1509 1624 1560 τὰ
1677 1507 1882 1561 τούτων

301 1595 604 1665 φθαρτικὰ,
643 1598 861 1659 παντως
893 1598 1009 1648 ἐστὶ
1035 1597 1180 1649 κακά
1201 1614 1214 1626 ο
1242 1597 1431 1668 ῶσπερ
1459 1599 1564 1650 τῶν
1593 1598 1778 1650 κακῶν
1825 1598 1881 1650 αἱ

300 1687 521 1757 φθοραὶ,
560 1689 653 1739 καὶ
681 1688 750 1740 τὰ
779 1687 1055 1758 φθαρτικὰ
1101 1689 1307 1741 τούτων
1337 1690 1547 1757 ἀγαθά·
1592 1690 1735 1742 οὕτω
1773 1690 1882 1759 γὰρ

299 1784 437 1851 ἡμῖν
483 1782 538 1832 αἱ
573 1781 750 1833 κοιναὶ
785 1782 986 1834 ἔννοιαι
1017 1781 1110 1834 καὶ
1152 1783 1204 1832 αἱ
1233 1780 1580 1848 φιλοσοφικαὶ
1615 1783 1884 1853 μαθήσεις

298 1873 737 1925 ὲκδιδάσκουσιν.
782 1872 842 1925 El
876 1871 967 1924 οὖν
999 1874 1107 1936 πᾶς
1141 1874 1320 1942 φόνος,
1417 1873 1574 1942 φόνος
1601 1875 1768 1938 ἐστὶν,
1795 1873 1882 1926 δέ-

297 1962 608 2017 ὃεικταιῶν
642 1965 832 2028 κακὸς,
860 1965 1019 2034 δῆλον
1047 1966 1128 2017 ὅτι
1163 1966 1256 2017 καὶ
1281 1966 1340 2018 οὐ
1390 1965 1642 2036 θεμιτόςο
1679 1966 1740 2018 τὸ
1778 1967 1886 2036 γὰρ

299 2059 479 2110 κακὸν
509 2059 639 2122 πᾶν,
677 2057 738 2109 οὐ
765 2057 986 2126 θεμιτόν
1005 2073 1018 2086 ’
1047 2057 1253 2126 γίνεται
1289 2058 1346 2111 δὲ
1369 2059 1540 2111 ἐνίοτε
1568 2060 1709 2113 κατὰ
1748 2077 1888 2129 συμ-

297 2148 538 2218 ϐεϐηκὸς
566 2148 792 2216 ἀγαθόν.
839 2147 962 2202 Τῶν
992 2149 1102 2220 γὰρ
1152 2148 1321 2202 ὄντων
1368 2149 1438 2202 τὰ
1492 2151 1592 2220 μέν
1629 2153 1734 2203 εἰσι
1766 2149 1886 2203 καθ’

297 2238 450 2292 αύτά
485 2239 668 2308 ἁγαθά
691 2241 931 2308 ⁹γίνεται
959 2240 1014 2294 δὲ
1043 2241 1184 2293 κατὰ
1210 2240 1560 2312 συμϐεϐηκὸς
1589 2243 1756 2305 κακὰ,
1777 2237 1887 2296 οἷον

298 2332 642 2403 ἐλεημοσύνη
666 2349 679 2362 ·
718 2334 786 2385 τὰ
808 2333 865 2386 δὲ
896 2333 1015 2387 καθ’
1041 2332 1182 2386 αὐτὰ
1212 2334 1312 2404 μέν
1335 2334 1442 2386 εἰσι
1474 2335 1647 2388 κακά’
1680 2336 1888 2404 γίνεται

296 2425 363 2477 δὲ
400 2425 542 2477 κατὰ
575 2425 922 2496 συμϐεϐηκὸς
959 2425 1163 2494 ἀγαθὰ,
1196 2423 1308 2479 οἷον
1353 2425 1415 2478 τὸ
1446 2425 1643 2496 ψεῦδος
1674 2427 1751 2498 t7)
1775 2444 1788 2456 ·
1821 2428 1890 2481 τὰ

295 2517 362 2567 δὲ
391 2517 509 2568 καθ’
541 2517 682 2570 αὐτὰ
723 2518 820 2587 μὲν
843 2518 903 2570 τδ
937 2517 1220 2589 οὐδέτερον
1250 2518 1362 2588 ἔχει
1385 2535 1398 2550 ⁸
1434 2520 1576 2571 κατὰ
1608 2520 1888 2592 συμϐεϐη-

301 2607 404 2668 κὸς
459 2605 516 2659 δὲ
571 2603 1162 2678 ἐπαμφοτερίζει,οἷον
1203 2607 1457 2674 πλοῦτος,
1493 2611 1666 2679 ἰσχὺς,
1698 2612 1792 2664 καὶ
1823 2611 1891 2664 τὰ

301 2699 707 2770 παραπλήσια·
743 2703 833 2752 καὶ
869 2702 936 2754 τὰ
973 2700 1073 2770 μὲν
1108 2700 1230 2755 καθ’
1265 2703 1405 2754 αὐτὰ
1446 2701 1648 2770 ἀγαθὰ,
1674 2703 1760 2756 ἀεὶ
1791 2703 1891 2772 μὲν

299 2792 392 2843 δεῖ
416 2791 686 2858 γίνεσθαι,
720 2792 751 2863 ἢ
783 2793 858 2856 ὡς
888 2795 980 2846 ἐπὶ
1009 2795 1068 2846 τὸ
1100 2793 1234 2848 πολύ
1258 2810 1272 2826 ·
1307 2796 1533 2865 τοιαύτη
1579 2796 1688 2865 γὰρ
1722 2797 1756 2866 ἡ
1791 2795 1893 2865 φύ-

302 2899 400 2944 οις
433 2882 539 2934 τῶν
565 2883 688 2935 καθ’
715 2885 847 2936 αὐτὸ
875 2884 1120 2952 ἀγαθῶν.
1171 2885 1253 2937 Τὰ
1294 2885 1351 2938 δὲ
1392 2885 1515 2939 καθ’
1559 2887 1690 2939 αὐτὸ
1723 2886 1890 2954 κακὰ,

298 2974 575 3044 ἔμπαλινο
612 2976 644 3045 ἢ
687 2977 773 3027 ἀεὶ
815 2977 916 3045 μὲν
963 2979 1023 3030 οὐ
1071 2977 1153 3029 δεῖ
1196 2978 1463 3045 γίνεσθαι,
1514 2979 1652 3052 ἢὼς
1695 2981 1788 3032 ἐπὶ
1834 2979 1895 3032 τὸ

300 3067 469 3130 πολὺ,
504 3068 618 3120 ἀλλ’
667 3069 987 3122 ἐπέλαττον·
1034 3069 1261 3139 τοιαύτη
1319 3069 1430 3141 γὰρ
1478 3074 1572 3124 καὶ
1619 3071 1894 3143 τούτωνή

1981 607 2090 643 non
2123 591 2400 659 intelligis,
2433 607 2651 646 omnem
2682 593 2905 654 cazdem,
2939 604 3208 662 quatenus
3234 595 3411 649 οιειιθε
3441 608 3544 655 est.

1980 681 2254 733 vitandam
2287 695 2409 733 esse
2433 682 2882 745 etaversandam,
2906 689 3093 749 utpote
3144 683 3360 734 malam.
3393 679 3564 736 Porro

1982 771 2188 824 nullum
2216 771 2581 826 malnmlicet.
2601 771 2754 838 Quod
2787 781 2966 826 autem
2996 771 3133 824 mala
3167 788 3253 827 res
3282 772 3563 836 sitcaades,

1983 858 2110 915 hinc
2146 861 2235 915 ﬁet
2265 862 2617 915 manifestum
2648 881 2660 915 :
2695 861 2885 916 Omnis
2917 863 3113 927 czedes,
3156 875 3427 932 quatenus
3455 879 3564 918 ca:-

1987 953 2083 1007 des
2145 961 2251 1014 est,
2287 955 2585 1008 destructio
2648 964 2733 1008 est
2780 955 3038 1021 hominis,
3087 955 3200 1009 sive
3261 971 3425 1010 causa
3483 965 3568 1010 est

1982 1044 2296 1099 destruendi
2323 1046 2587 1102 hominis.
2624 1047 2854 1101 Homine
2889 1056 3069 1101 autem
3116 1047 3252 1102 nihil
3286 1048 3567 1118 pulchrius

1984 1137 2248 1190 meliusve
2281 1137 2334 1190 in
2369 1149 2512 1192 terra
2549 1151 2804 1192 versatur
2825 1179 2840 1204 ,
2868 1139 3136 1208 siquidem
3183 1139 3456 1210 praecipua
3487 1150 3572 1194 est

1983 1239 2290 1284 creatarum
2329 1246 2357 1283 a
2391 1229 2498 1284 Deo
2523 1230 2574 1283 in
2609 1241 2748 1284 terra
2783 1248 2992 1286 rerum.
3029 1231 3385 1287 Concluditur
3440 1247 3572 1302 ergo

1983 1336 2198 1375 omnem
2236 1321 2455 1387 caedem,
2493 1335 2762 1392 quatenus
2806 1326 2981 1379 caules
3004 1335 3107 1386 est,
3148 1326 3272 1380 boni
3335 1325 3572 1396 alicujus

1985 1413 2409 1468 destructionem
2439 1431 2582 1480 esse,
2619 1417 2700 1469 vel
2724 1433 2948 1470 causam
2977 1417 3387 1472 destructionis.
3414 1415 3570 1483 Quod

1985 1504 2030 1557 si
2085 1503 2157 1556 ita
2187 1512 2288 1565 est,
2321 1505 2494 1558 caedes
2528 1521 2620 1574 per
2668 1521 2726 1560 se
2764 1509 2905 1560 ma'a
2951 1517 3057 1560 est.
3109 1506 3242 1560 Nam
3303 1509 3570 1562 bonarum

1986 1609 2168 1647 rerum
2192 1595 2596 1650 destructione-5
2616 1607 2669 1651 et
2705 1598 2896 1651 haruut
2925 1615 3122 1661 causae,
3159 1601 3384 1652 omnino
3418 1601 3574 1654 malae

1986 1694 2112 1739 Sunt
2149 1703 2159 1737 :
2191 1687 2330 1739 sicut
2358 1687 2594 1740 vicissim
2622 1689 2889 1741 malarum
2921 1706 3101 1742 rerum
3135 1689 3562 1752 destructiones.

1986 1785 2038 1831 et
2072 1778 2261 1830 harum
2297 1795 2498 1841 causa},
2543 1779 2696 1845 bona:
2730 1791 2870 1834 sunt.
2909 1781 3118 1851 Quippe
3150 1784 3220 1836 ita
3253 1800 3575 1838 communes

1992 1870 2246 1924 notiones
2279 1879 2330 1925 et
2363 1871 2761 1942 philosophica:
2792 1873 3094 1942 disciplina:
3130 1891 3229 1930 nos
3259 1875 3478 1931 docent.
3518 1875 3576 1930 Si

1989 1978 2118 2032 ergo
2151 1964 2332 2016 omnis
2359 1967 2554 2024 caedes.
2593 1981 2698 2034 qua
2731 1966 2907 2019 czcdes
2961 1974 3067 2031 est,
3123 1967 3265 2021 mala
3321 1983 3442 2022 esse
3486 1969 3580 2022 de-

1990 2064 2360 2121 monstratur,
2421 2067 2568 2125 patet
2621 2072 2739 2111 eam
2791 2073 2858 2112 ne
2909 2057 3112 2111 licitam
3163 2059 3382 2128 quidem
3417 2075 3566 2115 esse.

1988 2145 2210 2202 Nullum
2233 2150 2434 2218 quippe
2463 2149 2666 2202 malum
2689 2150 2847 2203 licet:
2875 2151 2967 2204 sed
3002 2149 3050 2203 id
3076 2161 3257 2204 tamen
3286 2150 3583 2220 aliquando

1991 2256 2086 2309 per
2136 2240 2394 2296 accidens
2433 2242 2486 2294 in
2529 2242 2737 2296 bonum
2801 2243 3166 2297 convertitur.
3213 2238 3349 2296 Nam
3393 2257 3583 2298 rerum

1992 2332 2112 2386 alia:
2132 2341 2259 2385 sunt
2288 2347 2383 2401 per
2410 2346 2468 2386 se
2499 2333 2675 2398 home,
2715 2332 2806 2386 sed
2835 2333 2971 2386 liunt
3003 2349 3096 2400 per
3125 2333 3380 2387 accidens
3402 2332 3582 2398 malae,

1991 2425 2140 2477 velut
2170 2424 2536 2494 eleemosyna.
2559 2423 2690 2477 Alite
2725 2439 2822 2492 per
2852 2438 2911 2477 se
2945 2423 3102 2477 malae
3138 2433 3288 2486 sunt,
3315 2423 3408 2476 sed
3447 2423 3587 2477 ﬁunt

1991 2532 2088 2584 per
2137 2517 2389 2570 accidens
2425 2517 2581 2570 bona;
2611 2555 2626 2579 ,
2667 2515 2814 2568 velut
2856 2515 3218 2570 mendacium.
3256 2514 3391 2568 Alia:
3430 2515 3588 2569 deni-

1992 2625 2098 2679 que
2129 2625 2224 2679 per
2263 2623 2321 2664 se
2361 2609 2578 2678 quidem
2613 2607 2857 2662 neutrius
2903 2607 3264 2670 conditionis,
3299 2623 3395 2676 per
3441 2606 3588 2661 acci-

1995 2702 2128 2757 deus
2159 2711 2338 2756 autem
2377 2701 2429 2754 in
2457 2697 2773 2754 alte‘rntram
2811 2707 3017 2769 partem
3049 2699 3400 2764 inclinantur,
3435 2701 3588 2753 velut

1995 2794 2220 2858 divitiae,
2252 2796 2416 2860 vires,
2445 2803 2498 2847 et
2529 2794 2750 2849 similia.
2776 2789 2839 2846 Et
2855 2808 2932 2846 ea:
2952 2793 3170 2862 quidem
3205 2807 3293 2846 res
3321 2808 3440 2861 quae
3460 2801 3592 2848 sunt

1996 2903 2091 2955 per
2123 2902 2182 2941 se
2223 2886 2398 2947 honaa.
2453 2902 2671 2955 semper
2721 2884 2834 2938 lieri
2890 2884 3129 2950 debent,
3159 2885 3241 2938 vel
3276 2897 3421 2939 certe
3471 2885 3589 2954 ple-

1997 2996 2232 3049 rumque
2262 2997 2274 3032 :
2312 2980 2433 3033 talis
2467 2981 2612 3032 enim
2631 2987 2715 3032 est
2743 2994 2925 3031 rerum
2961 2991 3055 3047 per
3087 2993 3145 3032 se
3187 2978 3456 3031 bonarum
3491 2993 3591 3030 tta-

2000 3079 2140 3123 tura.
2179 3070 2463 3124 Contraria
2499 3071 2638 3122 ratio
2677 3078 2758 3131 est
2805 3083 2990 3122 rerum
3039 3083 3134 3137 per
3168 3082 3228 3121 se
3286 3069 3580 3131 tnalarnm,

301 3159 475 3229 φύσις
495 3178 508 3191 ο
539 3160 610 3213 τὰ
630 3161 686 3213 δὲ
722 3160 844 3214 καθ’
871 3162 1012 3216 αὐτὰ
1038 3163 1100 3215 τὸ
1125 3163 1408 3234 οὐδέτερον
1434 3163 1630 3233 ἔχοντα
1656 3164 1742 3218 ἐπ’
1776 3163 1893 3234 ἴσης

2005 3177 2127 3232 qua:
2156 3161 2239 3216 vel
2275 3176 2556 3230 nunquam
2590 3160 2704 3214 ﬁeri
2737 3160 2958 3224 debent,
2984 3160 3068 3212 vel
3099 3173 3245 3223 raro,
3280 3169 3332 3214 et
3363 3161 3592 3216 minima

303 3253 427 3324 ἔχει
449 3253 509 3306 τό
531 3269 590 3305 τε
621 3253 867 3320 γίνεσθαι
899 3255 992 3307 καὶ
1017 3255 1115 3324 μή.
1155 3255 1309 3308 Ἐπεὶ
1344 3251 1437 3309 οὖν
1465 3256 1560 3308 καὶ
1604 3256 1764 3324 φόνος
1789 3255 1896 3309 τῶν

304 3344 438 3398 καθ’
467 3345 600 3398 αὐτὸ
628 3345 815 3398 κακῶν
838 3347 954 3399 ὲστι
979 3346 1158 3417 (τοῦτο
1183 3347 1291 3416 γὰρ
1317 3347 1450 3416 ἡμῖν
1471 3348 1894 3420 ἀποδέδεικται)·

302 3439 379 3492 τὸ
401 3439 457 3491 δὲ
496 3439 620 3492 καθ’
657 3439 789 3493 αὐτὸ
836 3441 1030 3505 κακὸν,
1063 3441 1206 3494 κατὰ
1229 3441 1446 3512 πρῶτον
1475 3441 1657 3510 λόγον,
1695 3444 1726 3515 ἢ
1760 3444 1896 3510 ὅλως

303 3532 378 3586 οὐ
415 3533 496 3584 δεῖ
528 3532 798 3599 γίνεσθαι,
824 3532 856 3603 ἢ
880 3532 954 3596 ὡς
977 3533 1068 3585 ἐπὶ
1092 3533 1153 3585 τὸ
1179 3533 1312 3586 πολύ
1338 3552 1350 3564 ·
1376 3534 1474 3587 καὶ
1505 3531 1664 3589 τοῦτό
1697 3538 1816 3590 ἐστι
1840 3537 1900 3590 τὸ

303 3625 534 3696 πρῶτον
563 3625 768 3692 ἀγαθόν
791 3641 804 3655 ·
847 3626 1141 3690 σπανιάκις
1173 3627 1232 3680 δὲ
1272 3627 1485 3696 γίνεται
1514 3630 1657 3683 κατὰ
1689 3631 1899 3699 συμϐε-

311 3717 486 3788 ϐηκὸς
513 3717 718 3784 ἀγαθόν
739 3733 752 3748 ·
787 3717 880 3769 καὶ
909 3717 1068 3772 τοῦτό
1112 3720 1228 3771 ὲστι
1261 3719 1322 3772 τὺ
1377 3719 1650 3794 δευτέρως
1695 3722 1902 3790 ἀγαθὸν

315 3811 411 3864 atat
438 3810 748 3862 ὲπέλαττον.
771 3809 844 3862 Τὸ
864 3809 920 3862 δὲ
945 3809 1088 3862 κατὰ
1118 3809 1340 3880 πρῶτον
1367 3810 1526 3880 λόγον
1556 3813 1762 3879 ἀγαθὸν
1807 3815 1903 3869 atati.

303 3903 594 3968 ὲπιπλέον,
617 3903 710 3955 τοῦ
737 3903 877 3956 κατὰ
912 3903 972 3955 τὸ
991 3903 1244 3972 δεύτερον
1276 3904 1370 3957 καὶ
1405 3905 1698 3960 ἑπέλαττον
1725 3908 1898 3974 ὄντος,

309 3993 684 4064 αἱρετώτερον
709 3995 804 4047 καὶ
830 3998 1103 4066 κρεῖττον,
1136 3995 1214 4059 ὡς
1243 3999 1296 4050 αἱ
1332 3997 1552 4066 λογικαὶ
1580 4003 1729 4070 ἡμᾶς
1769 4002 1906 4071 μέθ·

312 4085 434 4139 οδοι
484 4085 903 4139 ὲκπαιδεύουσι·
941 4087 1002 4139 τὸ
1053 4088 1126 4156 μὴ
1164 4087 1410 4155 φονεύειν
1461 4091 1607 4160 ἄρα,
1657 4094 1752 4145 τοῦ
1808 4111 1903 4161 φο-

311 4178 520 4242 νεύειν,
553 4181 600 4231 εἰ
627 4181 722 4231 καὶ
753 4180 893 4232 κατὰ
921 4179 1270 4248 συμόεϐηκδς
1301 4183 1475 4236 ἐνίοτὲ
1507 4187 1654 4238 ἐστιν
1674 4187 1902 4254 ἀγαθὸν,

311 4273 567 4340 κρεῖττον
593 4271 685 4323 καὶ
712 4271 1077 4343 αἱρετώτερον
1096 4288 1110 4303 ·
1131 4274 1179 4325 εἰ
1204 4272 1262 4325 δὲ
1281 4274 1460 4340 τοῦτο,
1485 4277 1536 4328 ol
1565 4277 1625 4329 τὸ
1655 4279 1903 4347 φονεύειν

313 4363 604 4430 ἐφιέμενοι
643 4365 888 4432 ἀναιρεῖν
912 4367 975 4416 ἐκ
1007 4364 1115 4417 τῶν
1136 4364 1465 4436 ἀνθρώπων,
1496 4370 1638 4423 κατὰ
1666 4372 1803 4424 πολὺ
1838 4375 1906 4428 ἂν

311 4452 632 4523 κρείττονες
681 4455 778 4507 καὶ
805 4455 1124 4528 τιμιώτεροι
1153 4458 1416 4528 δειχθεῖεν
1457 4461 1565 4514 τῶν
1603 4463 1678 4534 μὴ
1708 4481 1903 4534 προαι-

2003 3255 2330 3324 quantitate.
2366 3247 2516 3307 Talis
2538 3253 2683 3307 enim
2709 3263 2793 3307 est
2815 3254 3010 3306 harum
3043 3265 3262 3306 natura.
3292 3251 3424 3318 Quae
3445 3253 3594 3306 deni-

2003 3361 2110 3414 que
2135 3361 2228 3414 per
2249 3360 2308 3398 se
2340 3344 2593 3398 neutrius
2621 3352 2829 3397 natura:
2855 3352 3003 3402 sunt.
3041 3343 3264 3412 perinde
3295 3354 3373 3395 est
3409 3354 3591 3398 unum

2002 3437 2155 3501 ﬁant,
2200 3453 2267 3490 an
2304 3453 2483 3492 secus.
2510 3435 2665 3502 Quod
2701 3445 2886 3490 autem
2922 3435 3100 3490 ca:ch
3154 3435 3227 3490 sit
3282 3434 3596 3492 innumero

2006 3547 2188 3586 rerum
2228 3547 2325 3599 per
2356 3546 2414 3585 se
2470 3531 2762 3593 malarunt,
2820 3528 2874 3582 id
2928 3543 3031 3583 nos
3083 3526 3195 3598 jam
3230 3530 3596 3586 ostendimus.

2003 3623 2161 3690 Quod
2193 3638 2322 3677 vero
2371 3638 2468 3693 per
2525 3638 2583 3677 se
2618 3631 2671 3675 et
2725 3619 3106 3690 principaliter
3151 3618 3354 3673 malum
3391 3631 3495 3685 est,
3546 3622 3598 3675 id

2005 3717 2088 3770 vel
2120 3715 2348 3769 omnino
2381 3715 2494 3767 lieri
2527 3730 2636 3767 non
2669 3713 2850 3778 debet,
2885 3713 2964 3768 vel
3001 3726 3125 3766 raro
3165 3729 3181 3782 ;
3220 3721 3274 3766 et
3317 3711 3421 3767 hoc
3447 3713 3602 3782 prin-

2009 3807 2253 3876 cipaliter
2311 3806 2513 3858 bonum
2545 3806 2831 3874 estzquod
2867 3822 2991 3859 raro
3029 3817 3216 3862 autem
3245 3811 3301 3862 lit
3335 3823 3431 3877 per
3456 3807 3601 3861 acci-

2006 3900 2142 3953 deus
2179 3900 2404 3963 bonum,
2440 3898 2490 3950 id
2525 3899 2766 3952 secundo
2824 3897 2942 3952 loco
2974 3899 3178 3953 bonum
3203 3910 3288 3954 est
3331 3914 3395 3952 ac
3434 3899 3600 3952 mini-

2005 4009 2176 4046 mum.
2201 3990 2457 4045 Jamvet'o
2484 3991 2737 4063 quodest
2782 3992 3106 4062 primigenia
3142 3994 3354 4046 ratione
3389 3993 3598 4046 bonum

2003 4098 2055 4141 et
2095 4087 2264 4157 gradu
2309 4086 2536 4156 majore,
2576 4085 2667 4138 illo
2700 4096 2848 4140 Certe
2896 4089 3042 4156 quod
3069 4096 3154 4141 est
3183 4087 3428 4142 secundo
3473 4089 3595 4141 loro

2003 4178 2209 4233 bonum
2242 4187 2297 4232 et
2329 4180 2498 4246 gradu
2565 4178 2794 4243 minore,
2839 4180 3135 4248 cptahilins
3163 4188 3246 4234 est
3284 4188 3340 4234 et
3377 4179 3599 4243 melius.

2006 4280 2166 4340 prout
2208 4287 2307 4325 nos
2337 4270 2528 4340 logica:
2558 4271 2758 4341 regula!
2790 4271 3070 4325 erudiunt.
3106 4271 3248 4342 Ergo
3293 4287 3400 4326 non
3451 4274 3602 4327 occi-

2005 4363 2137 4417 dere
2178 4363 2373 4417 melins
2412 4361 2819 4432 optabiliusque
2869 4371 2954 4417 est
2988 4379 3152 4432 quam
3185 4364 3435 4418 occidere
3457 4403 3470 4427 ,
3497 4362 3602 4418 etsi

2007 4455 2109 4508 hoc
2136 4464 2474 4524 postremum
2511 4453 2845 4524 quandoque
2879 4470 2974 4523 per
3007 4456 3263 4510 accidens
3289 4457 3488 4509 bonum
3521 4456 3600 4510 lit.

319 4545 604 4614 ρουμένων
626 4546 785 4599 τοῦτο
823 4551 1020 4615 ποιεῖν,
1053 4549 1128 4613 ὡς
1160 4551 1220 4602 τὸ
1244 4555 1492 4622 κρεῖττον
1516 4533 1721 4623 ἀγαθὸν
1746 4533 1893 4626 ἐφιέ-

2013 4547 2168 4611 Quod
2199 4548 2244 4602 si
2284 4547 2354 4600 ita
2390 4561 2450 4600 se
2506 4547 2695 4610 habet,
2741 4546 2776 4600 ii
2818 4546 2912 4616 qui
2949 4548 3150 4602 eadem
3203 4548 3425 4602 abolere
3461 4550 3605 4604 inter

317 4654 497 4708 μενοι.
576 4637 766 4708 Ἡμεῖς
810 4638 919 4710 ἄρα
954 4641 1264 4711 κρείττονες
1315 4645 1662 4714 ἀνεφάνημεν
1697 4646 1784 4701 διὰ
1812 4651 1912 4719 τῆς

313 4728 694 4797 ἀποδείξεως,
743 4731 836 4784 τὸν
893 4732 1054 4800 φόνον
1111 4735 1356 4804 ἀναιρεῖν
1423 4737 1487 4790 ἐκ
1545 4738 1724 4792 ποδῶν
1773 4758 1912 4811 προ-

315 4821 481 4891 αιρού
490 4840 664 4892 μενοι.

395 5087 487 5149 ιγ’.
516 5081 640 5134 Ὅτι
676 5080 733 5135 δὲ
764 5082 860 5136 καὶ
889 5083 917 5134 ό
942 5083 998 5148 ἐξ
1023 5083 1178 5154 ὑμῶν
1209 5087 1287 5150 εἰς
1320 5087 1468 5156 ἡμᾶς
1508 5089 1905 5162 ὲνεργούμενος

315 5170 447 5226 καθ’
475 5173 716 5244 ἑκάστην
755 5174 916 5242 φόνος
960 5174 1038 5244 (8)
1077 5175 1201 5228 οὔτε
1233 5176 1342 5230 τῶν
1375 5180 1518 5232 κατὰ
1551 5181 1902 5252 συμϐεϐηκὸς

393 5338 471 5409 (7)
506 5338 641 5394 Puta
679 5342 1034 5418 rum‘aliquis
1088 5345 1368 5418 mentitur,
1398 5355 1457 5399 ιιι
1507 5347 1670 5401 alicui
1716 5349 1912 5418 prosit.

316 5407 716 5487 Vertttntamen
878 5407 1096 5487 quoque
1133 5417 1484 5487 ﬁugustinus
1565 5407 1914 5487 reprehendit

315 5494 505 5559 enarr.
550 5482 602 5559 in
649 5496 732 5551 ps.
779 5479 845 5559 Υ,
879 5479 1062 5559 m7“:
1121 5479 1259 5538 Duo'
1293 5497 1414 5538 sunt
1466 5479 1680 5559 omnino
1719 5507 1911 5559 genera

315 5549 738 5616 mendacionim,
774 5555 829 5606 in
855 5555 1188 5626 quibusinon
1232 5571 1425 5626 magna
1451 5558 1610 5624 culpa
1665 5549 1767 5621 ea},
1813 5561 1906 5614 sed

316 5632 497 5674 tanien
536 5639 641 5694 non
674 5635 792 5676 sunt
827 5626 940 5678 sine
987 5625 1142 5694 culpa
1165 5667 1181 5691 ,
1210 5625 1338 5679 cum,
1356 5636 1450 5680 aut
1502 5629 1774 5694 jocamur,
1811 5641 1906 5685 aut

315 5701 377 5768 ιιι
410 5693 702 5768 prosimus
727 5696 1029 5768 mentimur.
1070 5696 1214 5768 Illud
1255 5693 1517 5768 primum,
1546 5709 1652 5753 etc.
1702 5693 1902 5754 Secun-

315 5760 448 5836 du_m
481 5762 599 5836 ideo
629 5764 811 5836 mitius
841 5775 938 5836 est,
985 5767 1112 5836 quia
1164 5760 1347 5822 retinet
1396 5760 1707 5824 nonnullam
1747 5770 1900 5825 bene-

316 5831 626 5889 volentiam.
687 5833 900 5892 Videsis
948 5831 1021 5892 ibi
1071 5845 1266 5893 czetera
1311 5855 1328 5906 ;
1375 5847 1488 5894 tum
1517 5839 1619 5894 alia
1666 5841 1901 5911 plurima

2017 4639 2264 4693 homines
2295 4640 2535 4702 student,
2571 4639 2825 4693 meliores
2885 4640 3204 4710 majoreque
3254 4640 3415 4696 laude
3455 4643 3602 4708 dign.

2018 4739 2304 4800 apparent,
2337 4745 2503 4800 quam
2546 4731 2711 4799 hiqui
2752 4733 2824 4784 ita
2852 4746 2911 4786 se
2945 4746 3134 4800 gerere
3163 4747 3270 4784 non
3310 4734 3606 4785 tonslilltc-

2016 4831 2146 4876 runt
2173 4845 2186 4875 ι
2215 4821 2290 4875 illi
2347 4823 2493 4876 enim
2542 4824 2739 4878 melius
2771 4823 2973 4877 bonum
3016 4825 3250 4893 amplexi
3301 4833 3452 4878 sunt.
3493 4823 3606 4880 Nos

2017 4913 2183 4983 igitur
2217 4914 2468 4970 meliores
2501 4931 2622 4970 esse
2646 4915 2988 4984 exploratum
3025 4925 3129 4979 est,
3163 4918 3255 4988 qui
3287 4919 3487 4972 caedent
3536 4935 3604 4974 ex

2017 5003 2334 5061 hominibus
2365 5008 2730 5061 exterminare
2764 5008 3070 5061 studemus.

2087 5097 2173 5151 15.
2206 5097 2361 5162 Quod
2402 5114 2530 5151 vero
2584 5098 2903 5168 quotidiana
2962 5110 3144 5152 vestra
3203 5099 3466 5156 adversus
3505 5117 3604 5156 nos

2011 5190 2208 5252 Caedes,
2245 5206 2351 5243 non
2387 5192 2458 5245 sit
2498 5191 2565 5244 de
2599 5191 2760 5245 bonis
2800 5206 2896 5260 per
2949 5193 3204 5245 accidens
3240 5193 3604 5262 contingenti,

2019 5353 2335 5419 huiusmodi
2362 5355 2502 5425 apud
2535 5354 2920 5426 Augustinum,
2957 5350 3047 5424 qui
3072 5363 3390 5410 constanter
3446 5371 3600 5409 men-

2016 5427 2234 5480 dacium
2267 5427 2560 5492 improbat.

2084 5495 2160 5565 (8)
2197 5495 2471 5566 Loquitur
2526 5497 2593 5551 de
2640 5497 3018 5566 superstitiosa
3085 5505 3139 5550 et
3200 5495 3434 5550 fanatica
3492 5495 3604 5549 Mo-

2013 5563 2448 5622 hamedanorum
2492 5563 2758 5622 adversus
2785 5567 3130 5622 Christianos
3161 5567 3390 5628 saevitia,
3413 5582 3599 5634 quam,

2008 5641 2419 5705 praeterritatas
2449 5649 2593 5691 retro
2610 5653 2792 5699 suras.
2822 5637 3074 5691 videmus
3099 5642 3265 5692 etiam
3292 5637 3344 5690 in
3371 5639 3600 5706 epistola

2011 5707 2166 5761 tertia
2207 5706 2416 5763 Nicolai
2446 5708 2768 5775 patriarcha:
2789 5706 2965 5764 Graeci
2996 5707 3139 5764 inter
3163 5708 3341 5765 edita;
3370 5723 3400 5762 ιι
3441 5711 3602 5764 nobis

2009 5777 2062 5833 in
2088 5776 2380 5850 Spicilegio
2408 5777 2594 5847 Ralm,
2625 5776 2688 5832 Τ.
2715 5777 2784 5834 Χ.
