4048 6418
564 368 668 427 839

1556 12 2275 37 M—

1812 351 2107 413 NICETA;
2149 348 2555 409 BYZANTlNI
3689 357 3768 419 διο

564 482 693 545 bus,
727 476 857 531 hinc
894 471 1177 541 lietpalam
1211 467 1402 535 :Qund
1436 467 1609 535 iitper
1638 465 1889 519 accidens
1930 464 2156 523 bonum,

2272 459 2482 527 Ξιγαθῶν
2526 458 2802 527 ἐνδέχεται
2850 453 3013 519 εἶναι,
3063 456 3308 512 ἐντεῦθεν
3334 459 3516 527 δῆλον·
3566 463 3631 517 Τὸ
3664 474 3771 525 κατὰ

565 571 816 645 prudenti
840 568 1023 637 aliquo
1053 564 1283 618 consilio
1323 563 1375 616 tit
1399 582 1411 616 :
1433 561 1576 632 quod
1610 569 1789 613 autem
1822 558 1893 611 ita
1921 555 2158 624 pruden-

568 674 648 717 ter
672 663 751 727 ﬁt,
782 668 1002 733 propter
1030 655 1170 725 frugi
1195 654 1396 723 aliquid
1438 651 1493 705 ﬁt
1526 671 1537 705 :
1563 665 1694 719 ergo
1723 648 1865 719 quod
1886 663 1981 716 per
2017 645 2161 699 acci-

566 759 702 808 dens
728 754 807 816 tit,
837 758 1058 819 prepter
1090 744 1231 814 irugi
1275 744 1479 811 aliquid
1514 742 1590 794 lit.
1614 740 1818 792 Vestrae
1843 746 2023 791 autem
2066 750 2159 789 no-

566 856 804 897 strorum
833 841 1116 894 hominum
1134 837 1462 896 occisiOnes,
1485 832 1622 886 haud
1650 832 1720 883 ob
1743 831 1888 883 aliud
1918 828 2074 889 tium,
2102 834 2158 881 ut

570 934 672 1003 ipsi
707 931 909 993 dicitis,
940 928 1041 982 nisi
1070 929 1195 995 quia
1229 940 1324 978 vos
1354 922 1796 976 Saracenismum
1819 917 2152 987 sequimini:

568 1027 676 1079 hoc
724 1033 905 1076 autem
970 1019 1264 1088 fruginou
1310 1025 1392 1069 est
1450 1033 1461 1067 :
1509 1012 1864 1080 consequitur
1902 1025 2061 1077 ergo,
2103 1017 2161 1061 ut

569 1128 762 1171 vestra:
794 1126 1106 1168 nostrorum
1137 1109 1420 1163 hominum
1463 1105 1797 1164 occisiones,
1838 1118 1904 1155 ne
1945 1118 2041 1170 per
2063 1115 2157 1153 ac-

568 1211 756 1263 cidens
786 1206 1002 1277 quidem
1052 1204 1207 1257 bonae
1234 1200 1362 1253 sint.
1394 1196 1546 1263 Quod
1583 1205 1764 1249 autem
1790 1192 2158 1247 Saracenismi

568 1310 719 1356 secta
756 1300 979 1352 minime
1000 1296 1140 1349 bona
1162 1293 1252 1353 sit,
1278 1293 1356 1345 sic
1380 1289 1718 1343 ostenditur;
1745 1286 2161 1340 Saracenisurus

566 1388 704 1441 nihil
726 1386 869 1439 aliud
906 1393 1168 1451 estquam
1200 1397 1227 1432 a
1272 1379 1616 1432 naturalibus
1656 1387 1751 1430 aut
1781 1377 1941 1430 etiam
1970 1391 2163 1446 super-

568 1478 933 1538 naturalibus,
981 1474 1046 1528 ad
1094 1490 1156 1527 ea
1215 1487 1337 1542 qum
1380 1480 1587 1525 naturae
1633 1471 2013 1532 adversantur,
2058 1472 2158 1525 ho-

566 1574 776 1625 minum
801 1569 1124 1634 translatio;
1160 1583 1400 1636 namque
1421 1566 1523 1620 hoc
1554 1565 1717 1619 etiam
1748 1566 2156 1621 demonstravi-

564 1680 711 1718 mus.
743 1661 861 1717 Jam
888 1662 940 1716 id
978 1676 1160 1731 agere,
1198 1660 1401 1712 malum
1438 1673 1584 1722 esse,
1632 1673 1793 1711 nemo
1824 1671 1930 1712 non
1988 1660 2158 1715 videt.

577 1756 636 1811 Si
690 1772 819 1827 ergo
864 1766 1056 1811 vestrae
1111 1762 1424 1808 nostrorum
1498 1751 1783 1806 hominum
1834 1753 2159 1819 occisiones,

567 1863 746 1919 neque
776 1862 873 1918 per
903 1847 1159 1901 accidens
1188 1860 1368 1914 neque
1398 1859 1494 1912 per
1550 1859 1608 1897 se
1652 1843 1783 1912 ipsae
1820 1844 1972 1897 bona!
1994 1853 2155 1898 sunt:

568 1950 624 1996 et
648 1942 692 1995 si
724 1940 868 2011 quod
899 1954 1076 2008 neque
1123 1953 1220 2007 per
1252 1952 1310 1990 se
1343 1936 1544 1988 bomnu
1579 1945 1683 2000 est,
1725 1951 1903 2005 neque
1951 1953 2046 2005 per
2074 1952 2162 1991 ac-

571 2034 783 2094 cidens,
813 2032 865 2087 id
916 2029 1144 2085 omnino
1203 2028 1316 2082 fieri
1353 2044 1461 2082 non
1517 2028 1673 2082 debet
1731 2044 1745 2092 ;
1787 2044 1917 2097 ergo
1970 2040 2160 2084 vestrae

573 2125 909 2196 quotidianm
963 2131 1277 2176 nostrorum
1316 2121 1600 2173 hominum
1682 2120 1987 2174 occisiones
2043 2121 2159 2175 ιιι·τί

572 2234 682 2272 non
729 2217 951 2272 debent.
1008 2214 1143 2268 Nam
1189 2213 1332 2284 quod
1379 2213 1493 2266 ﬁeri
1552 2228 1661 2266 non
1696 2221 1930 2281 oportet,
1989 2213 2038 2267 id
2096 2229 2162 2268 ne

570 2310 697 2365 licet
727 2308 970 2378 quidem.
1010 2326 1027 2357 ι
1068 2306 1307 2360 Caudium
1377 2304 1499 2358 alite
1550 2304 1714 2359 licita:
1745 2314 1894 2369 sunt,
1951 2304 2157 2374 inquis,

570 2405 692 2459 aliae
716 2403 937 2458 illicitae.
978 2421 995 2453 ι
1028 2400 1139 2471 Ego
1174 2414 1394 2469 queque
1420 2401 1714 2459 assentior.
1741 2400 1916 2454 (aedes
1945 2398 2171 2469 aliquas

571 2499 756 2563 licere,
786 2495 1046 2549 nimirum
1078 2509 1172 2563 per
1203 2492 1480 2556 accidens,
1509 2492 1557 2546 si
1586 2492 1805 2562 quidem
1844 2492 1910 2545 de
1942 2492 2159 2545 illorum

570 2591 842 2642 honorum
875 2580 1281 2647 numero'sint,
1328 2598 1451 2653 qua:
1477 2582 1551 2637 ita
1600 2583 1965 2652 evaduntper
2013 2584 2162 2638 acci-

571 2682 727 2735 dens.
760 2679 828 2734 At
860 2687 989 2733 sunt
1022 2677 1243 2742 illicitae,
1275 2691 1371 2746 per
1399 2691 1458 2730 se
1480 2692 1495 2740 ;
1519 2676 1778 2746 quoniam
1808 2677 2008 2737 caedes,
2036 2692 2165 2744 qua-

576 2756 736 2825 tenus
782 2769 956 2824 caedes
989 2776 1092 2825 est,
1121 2767 1187 2820 de
1223 2779 1453 2819 numero
1494 2780 1615 2818 esse
1643 2779 1739 2833 per
1786 2780 1845 2817 se
1892 2763 2161 2817 malorum

573 2873 859 2917 ostensum
899 2860 1002 2914 fuit
1034 2877 1049 2925 ;
1084 2859 1312 2913 idcirco‘
1336 2858 1438 2913 hoc
1471 2867 1729 2927 tanquam
1764 2856 1923 2927 plane
1954 2855 2165 2912 confes-

572 2946 697 3009 8um
750 2969 779 3008 a
818 2953 975 3007 nobis
1008 2966 1228 3021 quoque
1255 2959 1523 3004 sumatur.
1984 2940 2007 2975 "

645 3062 731 3116 14.
766 3061 876 3130 Age
919 3074 1049 3113 vero
1094 3057 1330 3112 breviter
1366 3056 1562 3110 deinde
1599 3056 1882 3111 subneclis
1929 3056 2119 3110 dicens
2149 3074 2162 3110 :

2196 1812 2293 1899 Βὸ

2264 549 2612 620 συμϐεϐηκὸς
2650 550 2855 618 ἀγαθὸν
2899 550 3208 619 γινόμενον,
3244 552 3309 604 δι’
3332 556 3628 623 οἰκονομίαν
3659 561 3775 627 γίνε.

2259 660 2348 694 ται
2369 658 2382 671 ·
2414 643 2474 695 τὸ
2513 642 2581 695 δι’
2623 641 2937 711 οἰκονομίαν
2955 642 3261 711 γινόμενον,
3287 643 3372 698 διὰ
3394 646 3549 699 καλὸν
3574 651 3775 715 γίνεταιο

2258 735 2321 787 τὸ
2358 736 2466 804 ἄρα
2509 735 2651 789 κατὰ
2680 734 3025 805 ωμὸεὸηκὺς
3047 734 3354 806 γινόμενον,
3384 738 3471 790 διὰ
3493 739 3646 793 καλὸν
3669 745 3784 811 viva.

2260 842 2386 880 ται⁶
2419 827 2447 879 ό
2480 827 2533 880 δὲ
2568 828 2626 893 ἐξ
2666 826 2819 897 ὑμῶν
2852 828 2931 888 εἰς
2965 828 3112 896 ἡμᾶς
3157 829 3436 897 γινόμενος
3470 832 3635 898 φόνος.
3660 836 3711 886 οὐ
3732 838 3778 889 δι’

2260 920 2386 973 ἄλλο
2413 937 2465 973 τι
2492 892 2723 987 γίνεται,
2758 918 2832 981 ὡς
2865 892 3022 972 αὐτοί
3079 892 3239 988 φατε,
3269 892 3317 972 ἐι
3350 921 3423 992 μὴ
3563 892 3618 975 το
3639 925 3784 994 Σαρα.

2261 1013 2506 1083 κηνίζειν
2558 1014 2734 1083 ὑμᾶς·
2763 1014 2923 1066 τοῦτο
2969 1013 3024 1067 δὲ
3056 1015 3114 1065 οὐ
3147 1013 3341 1067 καλόν·
3391 1016 3668 1082 συνάγεται
3703 1018 3788 1088 ἄρα

2261 1104 2343 1157 ὅτι
2368 1104 2395 1155 ὁ
2428 1103 2487 1168 ἐξ
2512 1104 2668 1172 ὑμῶν
2720 1105 2799 1167 εἰς
2825 1105 2974 1174 ἡμᾶς
3011 1103 3293 1172 γινόμενος
3347 1104 3523 1171 φόνος,
3557 1105 3665 1157 οὐδὲ
3704 1107 3789 1161 τῶν

2263 1197 2403 1249 κατὰ
2435 1195 2780 1266 συμὸεὕηκός
2811 1199 2957 1247 ἐστιν
2980 1197 3203 1262 ἀγαθῶν
3222 1213 3235 1225 ο
3275 1196 3368 1248 καὶ
3388 1196 3469 1248 ὅτι
3491 1195 3549 1246 τὸ
3574 1196 3789 1266 Σαρακη-

2262 1290 2429 1355 νίζειν
2452 1290 2510 1341 οὐ
2541 1290 2706 1342 καλόν
2730 1289 2905 1346 ἐστιν.
2929 1280 3031 1341 ὧδέ
3054 1290 3168 1341 ἐστι
3199 1288 3358 1357 δῆλον
3386 1304 3399 1317 °
3427 1288 3498 1340 Τὸ
3529 1288 3791 1359 Σαρακηνει

2263 1380 2378 1445 ζειν
2411 1381 2565 1434 οὐδὲν
2593 1381 2718 1434 ἄλλο
2758 1383 2929 1444 ἐστὶν,
2969 1379 3083 1433 ἀλλ’
3126 1382 3158 1450 ἣ
3185 1382 3243 1433 τὸ
3277 1383 3341 1434 ὲκ
3365 1381 3470 1443 τεῒν
3503 1381 3634 1433 κατὰ
3664 1381 3792 1448 φύσιν

2264 1474 2416 1544 ἦκαὶ
2452 1472 2748 1543 ὑπερφυῶν
2784 1476 2862 1536 εἰς
2893 1473 2953 1525 τὸ
2988 1473 3140 1543 παρὰ
3193 1472 3353 1542 φύσιν
3391 1474 3664 1543 κιπασπᾷν
3694 1474 3794 1540 τοὺς

2263 1566 2623 1636 ἀνθρώπους·
2661 1566 2818 1619 τοῦτο
2858 1569 2969 1637 γὰρ
3011 1561 3142 1636 ἡμῖν
3193 1566 3289 1619 καὶ
3313 1566 3680 1620 ἀποδέδεικται

2263 1661 2324 1714 τὸ
2355 1662 2415 1713 δὲ
2439 1662 2596 1713 τοῦτο
2621 1663 2813 1724 ποιεῖν,
2844 1662 3011 1714 πᾶσιν
3034 1658 3285 1730 ἀρίδηλον
3311 1660 3459 1711 ἐστιν
3485 1658 3562 1710 ὅτι
3587 1659 3642 1711 οὐ
3666 1660 3794 1713 καλόν

2267 1755 2436 1807 ἐστιν.
2487 1754 2641 1806 Ἐπεὶ
2673 1752 2765 1806 οὖν
2801 1751 2922 1805 οὔτε
2968 1752 3077 1804 τῶν
3106 1753 3226 1805 καθ’
3262 1751 3393 1805 αὐτὸ
3433 1750 3644 1818 ἀγαθῶν
3678 1752 3794 1807 ἔστιν

2329 1848 2486 1915 φόνος
2512 1849 2540 1900 ὁ
2568 1847 2626 1912 ἐξ
2651 1847 2806 1916 ὑμῶν
2828 1849 2908 1909 εἰς
2938 1847 3084 1916 ἡμᾶς
3114 1844 3341 1915 ἐνεργού
3351 1863 3533 1915 μενος,
3558 1845 3666 1898 οὐδὲ
3689 1846 3797 1905 κατὰ

2271 1940 2618 2010 συμϐεϐηκός
2636 1957 2650 1970 ’
2667 1940 2726 1993 τὸ
2759 1939 2813 1992 δὲ
2836 1936 2960 1992 οὔτε
2990 1937 3110 1992 καθ’
3146 1938 3280 1993 αὑτὸ
3304 1938 3529 2007 ἀγαθον,
3557 1936 3670 1992 οὕτε
3691 1942 3797 1993 κατὰ

2271 2032 2634 2103 συμϐεϐηκὸς,
2670 2032 2732 2085 οὐ
2768 2032 2874 2102 χρὴ
2902 2029 3152 2100 γίνεσθαι
3184 2029 3545 2100 τοπαράπαν·
3577 2032 3602 2083 ὁ
3622 2030 3716 2101 ἄρα
3741 2033 3797 2095 εἰς

2268 2126 2412 2195 ἡμᾶς
2444 2125 2500 2190 ἐξ
2535 2123 2689 2193 ὑμῶν
2716 2124 2838 2177 καθ’
2867 2124 3105 2195 ἑκάστην
3135 2123 3530 2194 ὲνεργούμενος
3569 2123 3729 2192 φόνος,
3753 2123 3798 2177 οὐ

2267 2218 2348 2270 δεῖ
2382 2217 2658 2286 γίνεσθαι·
2697 2217 2747 2269 εί
2780 2216 2837 2269 δὲ
2863 2215 3044 2281 τοῦτο,
3078 2215 3172 2268 καὶ
3199 2217 3261 2269 οὺ
3315 2214 3536 2286 θεμιτόν
3555 2231 3568 2244 ·
3592 2215 3619 2268 ὃ
3640 2218 3730 2285 γὰρ
3755 2215 3799 2270 οὗ

2269 2312 2350 2365 δεῖ
2382 2310 2646 2378 γίνεσθαι,
2676 2309 2797 2362 οὐδὲ
2823 2307 3044 2378 θεμιτόν
3071 2309 3209 2360 ἐστι.
3245 2326 3263 2357 ι
3299 2306 3427 2358 Τῶν
3447 2307 3636 2374 φόνων,
3666 2307 3708 2358 οἱ
3728 2306 3800 2376 μέν

2268 2411 2375 2463 εἰσι
2403 2408 2634 2477 θεμιτοὶ,
2675 2408 2723 2460 οἱ
2762 2405 2819 2459 δὲ
2875 2405 3148 2475 ἀθέμιτοι.
3187 2423 3206 2455 ι
3241 2402 3508 2474 Σύμφημι
3556 2400 3712 2471 κάγὼ,
3741 2403 3800 2457 ὅτι

2268 2501 2377 2553 τῶν
2415 2499 2592 2568 φόνων
2623 2500 2671 2552 οἱ
2706 2480 2807 2568 μδ
2836 2498 2942 2550 είσι
2971 2495 3208 2565 θεμιτοὶ,
3260 2493 3510 2563 δηλονότι
3538 2494 3667 2547 κατὰ
3696 2510 3799 2563 συμ-

2272 2593 2533 2663 ϐεϐηκὸς,
2562 2591 2723 2660 εἴπερ
2749 2588 2858 2641 τῶν
2885 2588 3026 2642 κατὰ
3052 2585 3407 2657 συμϐεϐηκὸς
3434 2585 3645 2650 ἀγαθῶν
3669 2584 3796 2636 εἰσινο

2271 2689 2319 2739 oi
2341 2685 2397 2738 δὲ
2427 2684 2703 2754 ἀθέμιτοι,
2736 2681 2898 2752 δῆλον
2930 2681 3013 2734 ὅτι
3052 2679 3174 2734 καθ’
3207 2678 3341 2732 αὑτό
3361 2695 3375 2708 ·
3415 2678 3539 2730 ἐπεὶ
3571 2677 3700 2731 καὶὸ
3730 2675 3801 2743 φό-

2269 2795 2379 2842 νος,
2477 2776 2636 2847 φόνος
2668 2774 2839 2841 ὲστὶν,
2867 2773 2975 2826 τῶν
2999 2770 3124 2825 καθ’
3154 2771 3284 2824 αὐτὸ
3311 2770 3505 2824 κακῶν
3538 2764 3666 2822 εἶναι
3701 2768 3802 2820 dm-

2270 2871 2574 2923 δέδεικται’
2611 2866 2691 2920 διὸ
2739 2866 2836 2919 καὶ
2860 2866 2934 2930 ὼς
2959 2863 3387 2936 ὡμολογημένον
3428 2864 3523 2917 καὶ
3566 2861 3681 2933 παρ’
3703 2862 3802 2932 ἡμῖν

2273 2962 2537 3031 εἰλήφθω.

2352 3054 2432 3108 ιδ’.
2470 3049 2604 3106 Εἶτα
2634 3051 2693 3104 τὸ
2726 3049 2899 3121 βραχὺ
2934 3047 3127 3102 τούτου
3156 3048 3566 3119 συναπτόμενον
3593 3046 3647 3100 τδ
3666 3046 3804 3112 λέγονο

579 3167 598 3201 ι
629 3149 953 3219 Legitimum
987 3152 1288 3215 insonsque
1308 3155 1392 3200 est
1424 3145 1675 3199 occidere
1711 3162 1835 3199 eum
1866 3146 1958 3214 qui
1983 3153 2166 3199 censet

2285 3167 2302 3199 ι
2339 3148 2603 3215 ’Ἔννομον
2632 3144 2687 3196 δὲ
2742 3145 2836 3196 καὶ
2883 3142 3105 3211 θεμιτὸν
3146 3140 3236 3195 τδν
3287 3139 3584 3205 δοξάζοντα
3611 3137 3806 3208 φονεύειν

573 3244 809 3297 dandum
844 3240 949 3294 Deo
996 3240 1227 3304 socium,
1262 3249 1313 3292 et
1341 3238 1563 3308 quidem
1599 3236 1716 3307 pari
1766 3239 2001 3307 potentia
2033 3253 2170 3306 pra:-

574 3331 771 3384 ditum.
808 3348 823 3378 ι
855 3326 932 3389 ld,
957 3329 1202 3396 inquam,
1234 3342 1397 3395 quam
1450 3325 1682 3395 superbe
1714 3340 1742 3378 a
1778 3334 1829 3379 te
1878 3325 2078 3378 (Ιιρῑιυι
2119 3332 2174 3379 et.

575 3416 928 3486 arroganter!
978 3421 1075 3467 aut
1115 3413 1159 3469 si
1206 3414 1379 3484 magis
1424 3412 1647 3483 proprie
1692 3412 2025 3481 loquendum
2066 3422 2169 3474 est,

578 3516 781 3577 quanta
808 3503 1103 3559 stoliditate
1123 3514 1287 3571 atque
1312 3501 1524 3557 insania
1555 3502 1763 3556 scatet!
1792 3500 1924 3554 Nam
1953 3514 2174 3571 propter

581 3598 813 3653 multam
845 3595 1218 3665 stupiditatem
1249 3604 1396 3647 tuam
1445 3602 1501 3646 et
1535 3592 1929 3654 inﬁdelitatem,
1965 3590 2174 3660 absque

584 3687 875 3744 ratiocin’io
920 3685 1108 3740 nescio
1139 3684 1418 3755 quomodo
1456 3683 1734 3754 judicans,
1765 3698 1940 3752 neque
1981 3692 2039 3736 ut
2074 3698 2174 3737 nos

580 3783 969 3853 praedicaturus,
1001 3780 1094 3834 sed
1134 3794 1271 3832 vane
1302 3792 1552 3846 pugnans
1582 3785 1635 3830 et
1667 3776 1833 3830 stulte
1869 3775 2171 3840 blaterans,

581 3878 699 3929 sine
722 3890 885 3927 causa
908 3889 1009 3927 nos
1036 3872 1251 3929 irrides.
1274 3870 1434 3940 quasi
1465 3869 1859 3939 partieipantes
1884 3869 2170 3938 quosdam,

580 3978 634 4021 ct
659 3966 768 4019 Deo
803 3966 965 4019 unico
994 3965 1195 4033 unique
1232 3962 1498 4034 principio
1543 3960 1964 4032 :equipollentes
2011 3960 2172 4014 indu-

581 4073 790 4111 camus.
819 4055 952 4122 Quis
976 4054 1120 4108 enim
1154 4070 1218 4108 ex
1244 4052 1472 4131 nostris.
1506 4053 1618 4107 sive
1645 4051 1879 4120 pusillus
1918 4051 2031 4105 sive
2059 4066 2176 4104 ma-

582 4165 755 4219 gnus,
796 4148 1057 4217 cogitavit
1106 4161 1347 4215 unqumn
1393 4156 1484 4200 aut
1537 4147 1797 4199 conﬁnxit
1843 4159 2173 4214 quemquam

581 4258 706 4296 esse
753 4242 862 4295 Deo
913 4240 1076 4294 unico
1121 4239 1323 4308 unique
1366 4239 1636 4309 principio
1677 4238 2173 4292 communicantem

583 4344 677 4387 aut
696 4334 1130 4403 mi‘pripollentem
1155 4331 1178 4385 ?
1208 4347 1318 4401 quo
1344 4343 1607 4401 pra-textu
1635 4340 1829 4384 vestra!
1861 4341 2172 4384 nostrorum

583 4429 868 4482 hominum
902 4425 1431 4493 occisiones,just:e,
1457 4432 1591 4477 ultu
1626 4423 1726 4487 ais,
1769 4424 1998 4477 evadant
2022 4421 2175 4476 ἨΞιεί

2277 3236 2637 3303 συγκοινωνὶν
2658 3237 2751 3287 τοῦ
2786 3234 2921 3287 Θεοῦ
2947 3235 3039 3286 καὶ
3076 3233 3494 3287 ἀναπλάττοντα
3523 3232 3807 3301 ίσοδύναμον,

2275 3338 2435 3395 ποῖας
2492 3326 2972 3392 ἀλαζονείας,κα¹ι
3020 3325 3378 3394 φυσιῶσεως,
3440 3325 3472 3397 ἢ
3533 3324 3808 3393 οἰκειότερον

2276 3421 2463 3491 φάναι,
2510 3419 2811 3488 ὲκπληξίας
2868 3434 2928 3470 τε
2976 3416 3071 3471 καὶ
3124 3418 3528 3490 ἐμϐροντησίας
3558 3417 3809 3489 ἀνάμερτον

2275 3516 2375 3564 οικ
2424 3510 2489 3564 ἂν
2513 3511 2627 3580 εἴης
2668 3509 2762 3562 Ἐκ
2794 3512 2901 3580 γὰρ
2939 3507 3143 3577 πολλῆς
3192 3509 3455 3577 εὐηθείας
3484 3510 3575 3562 καί
3600 3504 3806 3565 ἀπιστίας

2276 3603 2545 3670 ἀλογιστὶ,
2596 3600 2696 3653 οὐκ
2753 3595 2849 3652 οἷδ’
2887 3600 2995 3670 ὅτῳ
3046 3600 3233 3671 τρόπῳ
3274 3599 3473 3666 δόξαν,
3514 3600 3604 3653 καὶ
3647 3600 3730 3667 οὐχ
3756 3597 3811 3658 ὡς

2277 3694 2439 3763 ἡμεῖς
2466 3689 2832 3761 κηρύττομεν,
2867 3689 3181 3760 σκιομαχῶν
3207 3689 3301 3742 καὶ
3333 3691 3542 3757 μάταια
3565 3687 3811 3759 ἐρευγόμε-

2275 3800 2386 3847 νος,
2446 3784 2593 3855 ἡμᾶς
2654 3781 3076 3843 ἀναπλαστικῶς
3134 3780 3515 3852 διακωμῳδεῖς
3574 3775 3811 3837 κοινωνούς

2274 3894 2429 3940 τινας
2482 3875 2578 3929 καὶ
2627 3874 2983 3945 ίσοδυνάμους
3013 3873 3105 3928 τοῦ
3157 3874 3275 3938 ἑνὸς
3306 3873 3447 3928 Θεοῦ
3480 3873 3574 3929 καὶ
3604 3873 3691 3941 τῆς
3716 3871 3811 3940 μιᾶς

2278 3969 2453 4040 ἀρχῆς
2492 3969 2909 4036 ἐπεισάγοντας·
2941 3967 3026 4030 τίς
3056 3966 3165 4038 γὰρ
3192 3966 3302 4020 τῶν
3334 3969 3394 4021 ὲν
3436 3970 3570 4038 ἡμῖν
3599 3962 3811 4037 μικρὸςῆ

2281 4061 2456 4131 μέγας
2492 4059 2623 4114 ποτὲ
2649 4059 2930 4130 ἐνενόησεν
2962 4058 2995 4129 ἢ
3031 4059 3266 4112 ἔπλασεν
3294 4059 3390 4112 ἐπὶ
3419 4058 3513 4112 τοῦ
3576 4059 3682 4121 ἐνὸς
3707 4052 3812 4108 Θεοῦ

2280 4149 2374 4203 καὶ
2402 4148 2503 4216 τῆς
2536 4149 2667 4218 μιᾶς
2696 4148 2871 4219 ἀρχῆς
2906 4147 3163 4200 κοινωνὸν
3207 4145 3550 4217 ἱσοδύναμον,
3587 4146 3666 4199 ἵνα
3701 4141 3814 4196 καὶὸ

2280 4242 2359 4305 εἰς
2391 4241 2536 4311 ἡμᾶς,
2569 4238 2958 4309 ὲνεργούμενος
2994 4238 3154 4306 φόνος
3200 4236 3426 4307 θεμιτὸς
3457 4237 3523 4291 ἂν
3558 4238 3656 4307 εἴη,
3678 4235 3740 4297 ὠς
3762 4232 3810 4284 σὺ

2281 4335 2426 4405 φήκ
2460 4334 2508 4385 εἰ
2539 4332 2648 4404 γὰρ
2680 4331 2775 4386 καὶ
2801 4334 2932 4403 παρ’
2959 4333 3087 4401 ἡμῖν
3120 4331 3245 4394 Υἱὸς
3272 4330 3411 4383 θεοῦ
3445 4330 3521 4394 ὡς
3556 4330 3679 4392 Θεὸς
3711 4326 3812 4394 ἀλη-

2281 4427 2426 4491 θινὸς
2455 4426 2551 4482 καὶ
2577 4426 2737 4489 αὐτὸς
2773 4426 2846 4478 ὢν
2873 4425 3116 4496 ὀμοφυὴς
3161 4424 3236 4492 τῷ
3260 4423 3380 4494 Θεῷ
3415 4427 3509 4476 καὶ
3540 4421 3699 4492 Πατρὶ
3725 4420 3815 4472 Bso-

585 4519 727 4571 eniin
754 4532 782 4569 a
814 4515 968 4569 nobis
1005 4512 1295 4583 FiliusvDei
1328 4520 1588 4579 tanquam
1624 4527 1785 4565 verus
1815 4510 1975 4574 Deus,
2006 4510 2166 4564 idem-

2283 4519 2523 4586 λογεῖται
2572 4519 2667 4570 καὶ
2711 4515 3014 4580 δοξάζεται,
3069 4514 3185 4568 ἀλλ’
3232 4516 3332 4585 οὐχ
3361 4515 3436 4578 ὡς
3486 4513 3720 4574 κοινωνὸς
3742 4510 3814 4576 τῆς
3865 4574 3869 4579 1

586 4625 692 4680 que
718 4607 827 4660 Deo
851 4605 997 4660 Ρ.ιιι”ἰ
1021 4607 1395 4675 hornOgeneus
1412 4605 1611 4658 dicitur
1627 4615 1789 4673 atque
1813 4604 2169 4672 gloriﬁcatur,

587 4714 695 4753 non
725 4707 906 4750 tamen
942 4704 999 4748 ut
1029 4693 1446 4749 ronnnunicans
1471 4695 1563 4747 uni
1591 4693 1884 4763 principio,
1913 4704 2006 4747 aut
2032 4694 2173 4749 Deus

586 4800 739 4844 extra
789 4788 1004 4841 Patrem
1054 4786 1329 4839 exsistens
1366 4784 1756 4854 etadjunctus,
1795 4794 1855 4837 ut
1898 4794 1951 4839 tu
1992 4795 2174 4854 putas,

588 4886 642 4937 in
680 4892 861 4935 nostra
889 4877 1159 4947 theologia
1187 4876 1479 4937 delinitur;
1520 4876 1621 4930 hoc
1648 4877 1793 4930 enim
1818 4873 1929 4942 jam
1963 4892 1993 4930 a
2019 4876 2175 4931 nobis

588 4976 1028 5028 demonstratum
1081 4968 1221 5036 fuit;
1286 4972 1379 5023 sed
1416 4984 1557 5023 unus
1594 4967 1736 5021 Deus
1764 4982 1886 5020 cum
1930 4965 2091 5022 Patre
2123 4975 2179 5023 et

592 5066 801 5135 Spiritu
835 5072 1025 5115 sancto
1068 5068 1171 5125 est,
1205 5067 1259 5114 et
1288 5075 1318 5114 a
1352 5060 1508 5114 nobis
1556 5058 1887 5114 Christianis
1935 5060 2180 5116 creditur

590 5172 642 5213 ιιι
696 5154 1051 5226 gloriﬁcatur.
1080 5151 1235 5219 Quod
1289 5153 1333 5207 si
1378 5154 1451 5206 ita
1502 5160 1608 5213 est,
1649 5163 1852 5206 temere
1906 5162 1959 5206 tu
2024 5155 2180 5209 nobis

592 5252 854 5324 probrum
913 5264 980 5302 ex
1033 5248 1301 5301 vocabulo
1367 5245 1826 5301 eoumiunieantis
1877 5247 2178 5317 impingis:

593 5357 625 5398 tt
649 5357 797 5397 mere
841 5341 969 5396 item
1011 5339 1317 5394 occisiones
1349 5355 1487 5408 quas
1532 5348 1845 5393 nostrorum
1897 5339 2177 5394 hominum

594 5436 1073 5499 facitis,divinitus
1095 5434 1389 5503 inspiratas
1420 5432 1796 5501 legitimasque
1830 5440 2073 5501 reputas,
2099 5433 2174 5487 uti

596 5529 812 5585 scribis.
857 5526 992 5583 Nam
1027 5528 1105 5593 si,
1151 5535 1434 5597 propterea
1487 5524 1631 5591 quod
1679 5508 2174 5577 communicantem

598 5780 603 5785 .
666 5731 822 5812 (tilio
842 5736 958 5812 _hac
987 5734 1101 5812 ipsa
1132 5731 1357 5812 epistola
1393 5745 1514 5812 cap.
1535 5729 1604 5811 ⁸7,
1644 5726 1757 5812 col.
1787 5729 1913 5784 829.

2287 4610 2414 4678 μιᾶς
2449 4608 2644 4677 ἀρχῆς,
2675 4605 2708 4677 ἢ
2746 4605 2839 4659 τοῦ
2883 4606 3095 4676 Πατρδς
3133 4606 3333 4673 ἔξωθεν
3366 4605 3442 4659 ὣν
3473 4606 3600 4668 Θεὸς
3626 4617 3814 4673 παρεισ-

2284 4701 2624 4773 κρινὸμενος,
2651 4700 2725 4763 ὡς
2776 4701 2840 4754 σὺ
2872 4703 3127 4764 ἐπινοεῖς,
3156 4700 3488 4768 θεολογεῖται
3534 4698 3699 4770 (τοῦτο
3731 4695 3813 4763 γὰρ

2283 4795 2415 4863 ἡμῖν
2447 4794 2541 4847 καὶ
2573 4793 2949 4847 ἀποδέδεικται
2982 4792 3134 4865 [10])
3165 4808 3179 4823 ’
3212 4793 3418 4856 ἀλλ’ὡς
3449 4787 3528 4856 εἷς
3557 4792 3679 4855 Θεὸς
3709 4786 3815 4859 μετὰ

2285 4885 2501 4955 Πατρος
2530 4887 2627 4937 καὶ
2675 4884 2992 4955 Πνεύματος
3047 4885 3205 4951 ἁγίου
3228 4923 3243 4947 ,
3301 4884 3397 4938 καὶ
3435 4885 3551 4937 ἔστι
3588 4881 3675 4965 καὶ
3716 4892 3802 4945 παρ

2282 4976 2438 5048 ἡμῶν
2471 4976 2580 5030 τῶν
2611 4976 2955 5047 Χριστιανῶν
2986 4974 3166 5039 καλῶς
3199 4974 3523 5029 πιστεύεταί
3554 4991 3611 5026 τε
3646 4972 3727 5023 καὶ
3750 4968 3814 5019 δο-

2280 5067 2524 5132 ξάζεται.
2555 5067 2616 5119 Εἰ
2645 5066 2702 5119 δὲ
2750 5065 2927 5133 τοῦτο,
2965 5069 3144 5139 μάτην
3174 5067 3264 5121 τὸν
3311 5065 3513 5120 οὑτωσὶ
3553 5064 3726 5136 μῶμον
3747 5059 3814 5111 τδν

2279 5161 2343 5213 ἐκ
2371 5158 2465 5211 τοῦ
2503 5159 2760 5212 κοινωνοῦ
2791 5161 2924 5230 ἡμῖν
2971 5159 3323 5231 προστρίὸεις
3352 5176 3365 5189 ·
3403 5158 3487 5211 ἑτι
3520 5174 3582 5225 γε
3615 5155 3710 5226 μὴν
3745 5150 3814 5203 καὶ

2281 5251 2369 5304 τὸν
2401 5250 2461 5315 ἐξ
2495 5251 2651 5320 ὑμῶν
2685 5253 2762 5313 είς
2818 5254 2967 5321 ἡμᾶς
3020 5252 3414 5323 ὲνεργούμενον
3466 5252 3622 5320 φόνον
3670 5244 3812 5298 ἔνθεον

2280 5343 2377 5394 καὶ
2405 5342 2630 5411 ἔννομον
2654 5328 2870 5415 λογίζῃ,
2899 5343 2975 5405 ὡς
3008 5343 3265 5413 γράφειςσ
3295 5344 3342 5396 εί
3381 5342 3491 5411 γὰρ
3530 5340 3614 5393 διὰ
3643 5338 3697 5390 τὸ
3729 5350 3813 5387 κοι-

2279 5436 2451 5487 νωνὸν
2485 5438 2575 5489 καὶ
2614 5437 2934 5508 ίσοδύναμον
2961 5438 3118 5501 Θεοῦ,
3148 5440 3222 5501 ὡς
3246 5439 3398 5493 αὐτοί
3419 5455 3557 5508 φατε
3582 5430 3812 5490 ἀναπλάτ-

2284 5545 2399 5579 τειν
2447 5529 2627 5598 ἡμᾶς,
2650 5527 2873 5600 ἔννομον
2927 5532 3044 5584 ἐστι
3094 5530 3155 5584 τὸ
3199 5530 3288 5600 ὑφ’
3316 5529 3470 5601 ὑμῶν
3516 5523 3811 5599 φονεύεσθαι,

673 5800 782 5876 (ιιι)
842 5803 898 5858 1η
952 5800 1325 5859 confutatione
1380 5800 1580 5871 prioris
1633 5801 2007 5869 Agareuorum
2053 5802 2314 5872 epistolae,
2350 5816 2469 5871 cap.
2505 5800 2539 5856 9
2632 5838 2633 5841 η
