4048 6476
685 449 3791 514 mm

1919 628 2093 671 anno
2136 626 2368 683 υοδιιιςι
2430 626 2689 670 necem.

800 829 2401 1015 THEOGNOSTUS
2543 826 3728 1017 MONACHUS.

1971 1148 2623 1265 NOTITIA.
2684 1134 2687 1137 ’

1128 1376 1414 1438 (Haemus,
1447 1375 1515 1425 De
1544 1370 1727 1425 Grauis
1760 1367 2081 1434 scriptoribus
2103 1364 2420 1419 historiarum
2443 1366 2841 1432 Byzantinansm,
2866 1368 3062 1433 Lipsiae,
3080 1369 3231 1432 1677,
3254 1368 3422 1434 in-l').

742 1684 785 1738 l.
824 1681 1209 1750 Theognostus
1267 1676 1593 1741 monachus,
1645 1672 1919 1729 exarchus
1969 1670 2630 1741 Constantinopo‘itanus,
2673 1669 2725 1724 id
2781 1679 2895 1738 est,
2954 1671 3283 1742 patriarcha:
3331 1670 3823 1751 Constantinopoliuni

668 1772 877 1842 legatus
903 1769 1140 1840 (qualem
1186 1774 1439 1822 auctores
1464 1762 1647 1819 Latini
1678 1760 2014 1815 recentiores
2046 1760 2374 1815 visitatorem
2423 1759 2756 1826 nominant),
2788 1775 2913 1814 cum
2971 1759 3212 1831 lgnatius
3257 1760 3825 1835 Constantinopolitauuu

668 1857 1125 1929 patriarchatum,
1162 1868 1324 1925 quem
1364 1853 1433 1907 ab
1471 1864 1619 1905 anno
1648 1847 1851 1904 Christi
1884 1847 1988 1902 847
2017 1862 2113 1917 per
2146 1861 2319 1904 annos
2345 1846 2459 1903 fere
2489 1848 2779 1903 duodecim
2830 1857 3094 1918 gesserat,
3126 1864 3272 1903 anno
3299 1849 3498 1907 Christi
3525 1853 3619 1908 858
3643 1854 3687 1908 in
3725 1858 3824 1913 exsi-

669 1945 803 1999 lium
836 1943 906 1998 ab
943 1943 1277 2012 imperatore
1305 1938 1570 1994 Micbacle
1591 1935 1806 2006 pulsus,
1843 1932 2042 1988 Photio
2065 1936 2356 2002 cessisset;
2395 1931 2691 2005 lgnatianis
2722 1931 3045 1996 Photianos,
3076 1933 3356 1991 Photianis
3393 1935 3677 2008 lgnatianos
3700 1956 3826 2010 perse-

669 2030 991 2101 quentibus,
1022 2027 1091 2083 ad
1130 2024 1539 2096 componendas
1570 2023 1697 2077 lites
1726 2020 1795 2076 Α.
1830 2019 1895 2076 C.
1929 2020 2028 2075 86l
2063 2020 2335 2077 celebrata
2392 2021 2649 2091 synodus
2698 2019 3306 2092 Contantinopolitana,
3362 2025 3696 2093 praesentibus
3722 2025 3828 2081 Nico-

666 2117 785 2174 lail
819 2116 1054 2173 Romani
1081 2114 1359 2185 pontilicis
1389 2110 1601 2183 legatis,
1646 2108 2088 2180 patriarchatum
2116 2106 2326 2179 lgnatio
2359 2107 2641 2177 demptum
2673 2106 2869 2163 Photio
2899 2108 3345 2186 adjbutlicavisset,
3382 2111 3437 2166 id
3478 2127 3578 2167 non
3619 2113 3826 2169 ferendum

665 2215 846 2272 ratus,
876 2204 971 2274 qui
1009 2218 1131 2259 cum
1158 2200 1457 2272 lgnatianis
1495 2198 1785 2262 sentiebat,
1816 2195 1955 2251 clam
1987 2195 2090 2251 sub
2119 2195 2309 2251 habitu
2342 2196 2486 2251 civili
2508 2195 2740 2251 Romam
2766 2196 3063 2267 prolectus,
3105 2214 3210 2269 ope
3259 2198 3496 2261 Nicolai,
3540 2212 3643 2256 tum
3669 2200 3829 2272 lgnauo,

665 2303 780 2346 tum
828 2291 993 2347 etiam
1029 2287 1131 2344 sibi
1160 2286 1447 2342 consulere
1475 2284 1652 2340 modis
1687 2283 1944 2339 omnibus
1972 2288 2225 2358 conatur.
2260 2283 2541 2356 Stylianus
2575 2284 3039 2342 Neocmsariensis
3073 2286 3125 2340 in
3156 2288 3352 2342 litteris
3392 2287 3457 2343 ad
3489 2289 3776 2358 Stephanum
3801 2289 3827 2340 ν

663 2377 970 2434 Romanum
1011 2375 1347 2447 pontiﬁcem,
1380 2390 1507 2429 cum
1562 2373 1871 2438 retulisset,
1908 2371 1967 2427 in
2030 2354 2269 2429 bonciho
2301 2354 2925 2443 Constantinopolitano
2959 2374 3397 2443 patriarchatum
3432 2377 3501 2430 ab
3537 2354 3658 2445 ipsis
3693 2377 3829 2449 legatis

664 2464 931 2521 Romanis
968 2463 1163 2519 Photio
1210 2461 1593 2517 conﬁrmatum
1625 2475 1640 2513 :
1681 2460 1878 2512 Ὁπότε
1928 2457 2023 2511 καὶ
2061 2457 2208 2529 ζήλῳ
2246 2476 2262 2513 a

2246 2459 2490 2529 κινηθεὶς
2523 2461 2551 2513 ὁ
2589 2459 2823 2530 μοναχδς
2873 2459 3220 2529 Θεόγνωστος
3264 2463 3293 2516 ὁ
3340 2463 3828 2535 ἀρχιμανδρίτης,καὶ

661 2553 753 2608 διὰ
780 2551 1056 2624 κοσμικῆς
1093 2550 1288 2620 στολῆς
1316 2548 1596 2619 λαθραίως
1651 2546 1746 2601 καὶ
1779 2545 1944 2608 αὐτὸς
1975 2546 2056 2609 ei;
2091 2544 2309 2616 Ῥώμην
2361 2546 2642 2615 ἐπιδημεῖ,
2699 2547 2795 2599 καὶ
2827 2546 2897 2600 τὰ
2954 2547 3099 2600 κατὰ
3122 2547 3219 2601 τοῦ
3255 2549 3519 2618 Ἰγνατιου
3548 2550 3755 2605 διδάσκει
3776 2551 3832 2604 1b

660 2640 965 2710 ἁγιώτατον
989 2638 1180 2693 πάπαν
1210 2637 1508 2691 Νικόλαον·
1542 2634 1678 2689 Tum
1717 2634 1878 2687 etiam
1942 2634 2052 2687 zelo
2100 2648 2258 2687 comm

2234 2642 2393 2687 notus
2444 2635 2738 2687 monachus
2790 2632 3152 2706 Tlteognostus
3204 2638 3642 2694 archimandrites
3676 2638 3832 2695 etcisili

658 2726 843 2783 habitu
869 2727 1008 2780 clam
1038 2734 1086 2780 et
1123 2727 1233 2794 ipse
1266 2723 1490 2778 Romam
1523 2720 1849 2791 properavit,
1878 2729 1928 2774 et
1972 2726 2192 2774 causam
2230 2718 2435 2790 Ignatii
2456 2721 2698 2790 exposuit
2727 2721 3064 2775 sanctissimo
3100 2738 3248 2792 papa:
3280 2723 3535 2783 Nicolao.
3608 2758 3617 2765 ο

728 2815 795 2869 ll.
827 2812 1014 2867 Romae.
1061 2827 1185 2868 cum
1219 2811 1442 2876 viveret,
1470 2811 1538 2864 ab
1570 2809 1900 2879 imperatore
1957 2808 2237 2874 Michaele,
2280 2808 2425 2863 sicut
2454 2808 2596 2863 inter
2635 2808 3063 2865 calumniatores
3094 2809 3454 2879 referebatur,
3504 2813 3595 2882 qui
3646 2810 3832 2867 Photium

656 2909 712 2957 ct
750 2899 1047 2956 Photianos
1072 2899 1127 2954 in
1172 2898 1464 2955 Occidente
1511 2896 1781 2967 ﬁgmentis
1823 2894 2202 2961 traducebant,
2258 2895 2332 2950 ita
2385 2894 2924 2966 Caustantinopolim
2984 2898 3052 2951 ad
3082 2897 3348 2964 tribunal,
3393 2900 3489 2955 sed
3524 2900 3835 2971 nequidquam.

656 2991 950 3048 citabatur.
1007 2990 1115 3046 Pro
1181 2987 1535 3060 Theognosto
1606 2984 1865 3041 Nicolaus
1903 2983 2169 3054 pontifex,
2223 2985 2454 3055 ipsemet
2484 2984 2818 3054 Ignatianus,
2857 2985 3086 3055 epistola
3116 2986 3149 3040 8
3179 2987 3397 3058 (quam,
3451 2999 3513 3045 ut
3557 3005 3621 3045 ex
3671 2978 3836 3060 epistola

662 3083 699 3137 9
727 3080 908 3152 colligi
940 3087 1141 3151 potest,
1175 3081 1238 3133 Α.
1259 3076 1322 3132 C.
1354 3075 1482 3143 865,
1514 3074 1815 3131 indictione
1838 3072 1955 3129 Xlll
1986 3072 2227 3144 scripsit)
2254 3074 2570 3144 imperatori
2589 3074 2839 3131 Michaeli
2867 3077 3232 3147 respondebat
3263 3096 3278 3134 :
3312 3078 3491 3135 Porro
3518 3081 3714 3153 scripsit
3733 3078 3835 3135 nobis

650 3171 934 3241 imperium
963 3177 1193 3223 vestrum
1243 3177 1302 3219 ut
1332 3164 1742 3236 Theognostum,
1800 3164 1896 3235 qui
1922 3179 1955 3217 a
1979 3163 2148 3233 fratre
2210 3170 2262 3216 et
2322 3163 2627 3232 coepiscopo
2671 3172 2852 3217 nostra
2892 3163 3104 3236 lgnatio
3134 3183 3293 3236 super
3320 3170 3587 3237 quasdam
3605 3170 3836 3240 provincias

656 3257 979 3311 ea‘archatus
1010 3250 1223 3334 pondus
1248 3253 1515 3323 accepisse
1555 3252 1915 3322 dignoscitur,
1943 3266 2038 3304 nec
2065 3264 2167 3302 non
2187 3256 2240 3302 et
2263 3248 2399 3305 alios
2438 3251 2724 3305 monachos
2771 3250 2896 3315 sibi,
2933 3260 3187 3323 tanquam
3211 3265 3401 3310 vestrm
3434 3257 3723 3328 Augustalis
3741 3256 3839 3325 inji-

652 3349 881 3401 riatores
921 3337 1265 3401 Exeell'entia:
1290 3344 1639 3397 destinemus.
1680 3339 1746 3395 In
1775 3356 1881 3411 quo
1914 3355 2032 3393 cum
2057 3347 2232 3392 tamen
2268 3336 2373 3407 ipsi
2423 3338 2766 3408 injuriatores
2809 3341 2968 3394 vestri
2998 3357 3100 3395 non
3143 3342 3369 3412 fuerint,
3410 3345 3541 3415 quid
3589 3345 3739 3411 aliud,
3773 3344 3842 3397 sisi

651 3443 709 3487 ut
737 3444 939 3504 quanta
968 3448 1124 3502 poena
1164 3440 1213 3485 et
1246 3430 1440 3502 quibus
1479 3428 1757 3483 tormentis
1778 3425 2139 3494 subjiciuntur
2171 3424 2226 3478 hi
2253 3426 2343 3495 qui
2375 3440 2444 3479 ex
2472 3435 2624 3494 parte
2644 3424 2849 3497 Ignatii
2880 3436 3025 3493 sunt,
3054 3438 3101 3483 et
3132 3433 3282 3500 apud
3309 3448 3402 3486 vos
3428 3433 3487 3487 in
3516 3433 3703 3487 ditione
3719 3441 3840 3487 vestra

650 3521 952 3573 censistunt
971 3559 986 3582 ,
1014 3517 1271 3587 liquidius
1327 3531 1697 3586 agnoscamus.
1725 3513 1954 3579 Quando
1980 3513 2037 3566 hi
2066 3527 2171 3566 non
2195 3511 2374 3581 utique
2406 3512 2474 3565 ad
2503 3512 2710 3580 epulas,
2741 3530 2847 3569 non
2872 3514 2942 3567 ad
2975 3516 3178 3586 infulas
3204 3518 3441 3588 alicujus
3472 3520 3678 3575 honoris
3720 3521 3844 3589 perci-

648 3607 872 3676 piendas
902 3604 1141 3675 profecto
1176 3615 1512 3676 quaeruntur,
1543 3602 1633 3657 sed
1655 3603 1833 3671 potius
1868 3604 1937 3657 ud
1964 3600 2308 3671 puniendum,
2341 3615 2469 3668 quos
2493 3600 2630 3668 forte
2669 3616 2761 3655 nec
2791 3601 3018 3668 vidistis,
3063 3619 3155 3657 nec
3184 3606 3339 3674 cujus
3367 3609 3533 3662 moris
3554 3610 3672 3672 sint,
3691 3607 3841 3678 penitus

647 3694 961 3765 agnovistis.
998 3693 1236 3763 Denique
1259 3692 1476 3762 quidam
1498 3705 1682 3745 eorum
1718 3690 1785 3743 ab
1827 3689 2042 3743 ineunte
2075 3695 2233 3743 (etate
2263 3685 2445 3742 Roma:
2468 3688 2664 3742 divinis
2695 3688 2959 3760 obsequiis
2991 3690 3241 3760 famulati
3269 3704 3425 3761 sunt,
3463 3705 3514 3749 et
3560 3713 3657 3749 non
3696 3695 3843 3762 justam

648 3781 914 3837 credimus
943 3779 1251 3850 ltujusmodi
1279 3778 1559 3849 tormentis
1589 3778 1713 3848 fore
1752 3777 2074 3833 subdendos.
2116 3775 2501 3845 Theognostum
2530 3787 2711 3831 autem
2741 3793 2847 3830 non
2866 3777 2932 3831 de
2961 3779 3104 3833 vobis
3131 3781 3380 3847 sinistra,
3417 3784 3513 3839 sed
3535 3785 3701 3852 potius
3731 3790 3842 3851 grata

642 3868 938 3937 prwdicare
964 3876 1246 3921 testamur.
1279 3864 1641 3932 Quamobrem
1686 3882 1819 3936 ergo
1847 3880 1969 3919 eum
2026 3863 2284 3935 quaeratis
2306 3862 2636 3935 ignoramus,
2669 3865 2773 3919 nisi
2795 3864 2954 3935 forte,
2983 3869 3108 3938 quia
3135 3868 3291 3924 illinc
3345 3872 3593 3943 fugatus,
3638 3871 3712 3925 hic
3745 3868 3843 3938 apud

641 3971 741 4010 nos
768 3955 1022 4025 requiem,
1044 3953 1491 4025 quemadmodum
1521 3953 1787 4008 innumeri
1813 3951 2142 4017 Christiani,
2175 3949 2571 4021 aliquantulum
2598 3953 2811 4021 reperit.

717 4042 808 4098 Ill.
841 4043 978 4097 Eam
1007 4055 1139 4097 vero
1170 4039 1555 4111 Theognostus
1587 4039 1732 4110 apud
1764 4038 2048 4094 Romanos
2081 4036 2258 4092 inibat
2285 4052 2315 4107 ε

2247 4036 2542 4107 Lgratiam,
2576 4046 2639 4090 ut
2674 4038 2744 4091 ab
2776 4036 2843 4093 iis
2872 4037 3309 4113 ἀρχιμανδρίτης
3369 4044 3473 4116 τῆς
3535 4042 3845 4116 πρεσϐυτερας

658 4135 902 4209 Ῥώμης,
945 4134 1394 4191 arcltimandrites
1416 4136 1605 4191 veteris
1637 4135 1844 4199 Romae,
1874 4132 1927 4188 id
1959 4140 2064 4200 est,
2103 4130 2394 4201 praefectus
2449 4133 2908 4188 monasteriorum
2948 4137 3147 4190 veteris
3188 4136 3405 4203 Romm,
3453 4141 3842 4196 constitueretur,

634 4225 739 4296 qui
781 4240 940 4281 novae
990 4222 1206 4289 Romae,
1265 4223 1430 4279 idest
1459 4220 2030 4291 Constantinopoleos,
2075 4218 2351 4275 exarchus
2383 4218 2685 4275 exstiterat.
2740 4219 2906 4278 Docet
2954 4223 3060 4279 hoc
3120 4225 3313 4284 titulus
3359 4243 3533 4300 quem
3576 4224 3845 4297 Theognosti

638 4312 884 4367 narratio
922 4311 1204 4383 praeﬁxum
1247 4309 1404 4382 gerit,
1438 4308 1466 4381 §
1497 4307 1610 4363 VIII
1648 4308 1704 4363 in
1745 4308 1983 4364 medium
2009 4305 2336 4361 aﬂ'erendus.

699 4399 800 4456 ιν.
824 4398 1067 4470 lgnatins
1085 4399 1155 4454 ab
1180 4398 1514 4467 imperatore
1529 4395 1752 4460 Basilio,
1776 4394 2056 4450 Michaelis
2080 4405 2424 4456 successore,
2446 4392 2698 4449 Photium
2742 4397 3037 4469 relegante,
3082 4402 3533 4470 patriarchatum
3593 4399 3845 4460 Constanti-

629 4488 1020 4558 nopolitanum
1049 4484 1318 4543 A.C.867
1352 4483 1672 4554 recipiebat.
1689 4480 2201 4554 Theognostus,qni
2226 4496 2323 4551 per
2353 4497 2528 4539 annos
2559 4491 2762 4553 septem
2787 4486 3049 4543 hactenus
3074 4488 3263 4546 Romm
3283 4488 3844 4555 commoratus,essnlis

634 4575 831 4644 lgnatii
857 4589 1084 4630 causam
1124 4574 1266 4645 apud
1304 4569 1589 4626 Nicolaum
1644 4572 1665 4627 l
1714 4580 1770 4627 et
1813 4569 2113 4625 Adrianum
2146 4568 2194 4622 ll
2216 4570 2509 4639 pontifices
2540 4569 2838 4640 Romanos,
2879 4577 3059 4632 nervis
3085 4579 3341 4637 omnibus
3369 4588 3664 4654 egerat,A.
3702 4576 3844 4635 (1.863

622 4662 1174 4733 Constantinopolim
1205 4662 1604 4728 revertebatur,
1632 4659 1698 4714 ad
1731 4659 1991 4714 llasilium
2038 4656 2424 4726 imperatorem
2472 4667 2528 4714 et
2557 4659 2823 4729 lgnatinm
2881 4665 3249 4733 patriarcham
3307 4668 3554 4736 litteras,
3608 4657 3668 4725 in
3699 4667 3845 4738 quibus

633 4753 856 4822 utrique
881 4753 1145 4822 majorem
1175 4752 1228 4805 in
1264 4752 1485 4807 modum
1514 4747 2025 4809 commendabatur,
2067 4746 2137 4800 ab
2164 4744 2404 4800 Adriano
2430 4746 2951 4817 scriptasaﬂ‘erens.
2986 4752 3282 4823 Adrianus,
3310 4760 3572 4828 partibus
3612 4752 3844 4831 lgnatianis

620 4841 908 4907 addictus,
946 4843 1002 4895 in
1038 4841 1272 4910 epistola
1300 4840 1507 4911 anam
1536 4837 1608 4894 ad
1634 4840 2024 4908 imperatorem
2062 4835 2351 4921 Basiliam,
2373 4831 2677 4921 lndictione
2708 4835 3002 4895 lKalendis
3030 4843 3262 4913 Augusti
3292 4847 3525 4919 scripsit
3557 4845 3844 4921 (Anastasius

634 4927 1096 4983 Bibliothecarius
1132 4929 1186 4983 in
1217 4930 1372 4984 Actis
1409 4928 1628 4983 concilii
1660 4921 2259 4993 Constantinopolitani
2284 4919 2353 4974 ιν
2389 4920 2599 4978 Latinis
2631 4925 2850 4980 actione
2884 4927 3003 4996 vn),
3038 4942 3401 5000 repraesentat
3434 4951 3450 4989 :
3490 4919 3758 5005 Postquam
3776 4946 3843 4982 αι-

626 5022 734 5066 tent
773 5017 1130 5084 cognouimus,
1163 5015 1302 5086 quod
1331 5015 1631 5068 misericors
1689 5012 1827 5068 Deus
1872 5010 2150 5080 imperium
2197 5018 2424 5062 vestrum
2455 5010 2619 5064 simul
2650 5021 2701 5066 et
2737 5013 2986 5082 a/fectum
3016 5018 3086 5072 ad
3125 5020 3222 5073 Itoc
3261 5024 3527 5091 erexerit,
3560 5033 3619 5078 ut
3657 5023 3841 5089 dispersa

625 5111 923 5170 songreget,
955 5112 1005 5185 et
1038 5120 1155 5173 qua:
1209 5104 1513 5158 ceciderunt
1547 5103 1721 5171 erigat
1770 5112 1819 5155 et
1869 5099 2101 5153 contrita
2127 5098 2408 5165 resolidet;
2448 5101 2778 5169 ﬁducialiter
2805 5119 3108 5175 possumus,
3147 5108 3258 5163 Deo
3315 5115 3561 5181 gratias,
3621 5112 3837 5180 deposcere

625 5198 683 5241 ut
712 5189 750 5241 ii
774 5189 1074 5259 quiabjecti
1103 5204 1248 5258 sunt,
1285 5191 1350 5246 ab
1379 5192 1597 5259 imperio
1627 5200 1798 5245 vestro
1831 5189 2177 5255 recipiantur,
2210 5194 2261 5240 et
2307 5187 2347 5240 ii
2394 5188 2486 5258 qui
2535 5190 2786 5259 dispersi,
2837 5207 3236 5264 congregemur.
3285 5197 3637 5270 Quapropter
3660 5196 3838 5269 prudntc

624 5275 891 5330 tissimum
948 5277 1119 5331 virum
1178 5278 1564 5349 Tlteognostum
1612 5275 2137 5331 [rationabilissimum
2179 5276 2469 5329 exercitum
2545 5288 2731 5334 vestra:
2782 5280 2995 5348 ﬁducia:
3054 5287 3378 5342 remittentes
3429 5290 3840 5344 commendamus;

621 5364 712 5432 qui
771 5363 1056 5434 legatione,
1127 5380 1237 5420 tam
1282 5382 1380 5436 pro
1424 5366 1594 5435 fratre
1639 5377 1690 5420 et
1734 5363 2105 5418 comministro
2161 5376 2345 5417 nostra
2404 5361 2642 5434 Ignatio.
2674 5382 2837 5435 quant
2873 5384 2969 5438 pro
3002 5374 3207 5429 ceteris
3254 5378 3649 5433 contribulatis
3676 5375 3841 5446 [unctus

617 5466 708 5518 per
771 5454 1100 5522 scptennium
1151 5454 1291 5523 apud
1314 5456 1575 5525 principis
1633 5452 1996 5524 apostolorum
2058 5451 2245 5505 limina
2280 5459 2349 5503 ut
2406 5452 2713 5519 peregrinus
2770 5464 2821 5506 et
2846 5456 3025 5511 incola
3078 5460 3231 5529 vixit,
3294 5472 3347 5517 et
3427 5481 3619 5520 eorum
3684 5462 3839 5528 confes-

538 5618 553 5625 -
620 5537 858 5591 sionibus
911 5545 1226 5594 memoriam
1266 5553 1493 5597 restrain
1535 5544 1749 5596 assidam
1805 5538 2232 5603 commendavit;
2278 5547 2327 5592 et
2360 5557 2396 5593 a
2435 5540 2522 5594 die
2578 5541 2832 5598 adventus
2884 5546 2971 5599 sui
3036 5564 3200 5618 usque
3243 5551 3312 5604 ad
3379 5568 3628 5623 prensans
3676 5550 3839 5626 pietatis

616 5635 803 5681 restrtc
850 5630 1117 5697 praeconia
1147 5646 1393 5695 narrare,
1427 5641 1478 5685 et
1507 5629 1757 5684 Ecclesia:
1798 5628 2145 5697 manifestare
2170 5626 2410 5692 vulnera,
2460 5636 2513 5680 et
2547 5628 2738 5682 Irarum
2778 5633 3039 5688 medelam
3085 5639 3292 5708 exigere
3329 5659 3445 5696 non
3471 5645 3695 5699 Δεειειὶι,
3724 5641 3837 5695 Nm

614 5728 734 5782 ergo
762 5715 1013 5802 quoniam
1047 5726 1095 5770 et
1129 5718 1225 5772 iste
1250 5734 1385 5772 unus
1416 5734 1481 5773 ea:
1501 5717 1613 5772 illis
1653 5727 1755 5782 est,
1790 5716 1903 5786 qui,
1935 5725 2218 5786 postquam
2248 5713 2401 5781 lupus
2439 5714 2613 5802 factus
2653 5728 2730 5771 est
2760 5729 2963 5788 pastor,
3001 5727 3257 5782 continuo
3296 5729 3541 5799 dispersi
3589 5744 3638 5788 et
3667 5747 3697 5785 α
3733 5725 3837 5782 vobis

604 5804 698 5853 pie
728 5803 910 5857 omnia
943 5806 1238 5873 regentibus
1265 5808 1573 5878 congregati
1605 5815 1751 5869 sunt,
1786 5813 2054 5860 revocetur
2086 5813 2138 5859 et
2164 5804 2298 5873 ipse,
2328 5803 2576 5871 petimus,
2607 5814 2657 5858 et
2677 5806 2731 5859 in
2756 5808 2982 5863 mandra
3002 5811 3243 5879 ﬁdelium
3269 5818 3523 5872 omnium
3555 5836 3589 5873 a
3611 5818 3837 5873 clemeutm
