4048 6462
278 455 375 518 845
551 472 555 477 ’
1195 456 1747 521 THEOGNOSTUS
1778 458 2213 523 MONACHUS.
2236 486 2303 497 -
2330 460 2661 524 NOTJTIA.
3418 461 3529 521 846.

273 553 432 599 vestra
460 540 684 609 locetur,
738 552 789 599 et
815 544 957 600 inter
989 546 1231 602 ltetantes
1252 550 1367 617 pios
1399 550 1541 619 ﬁlios
1561 558 1778 619 paterno
1807 549 1998 618 affectu
2035 560 2151 619 post
2203 550 2370 622 longa:
2405 551 2735 620 captivitatis
2768 551 3109 604 reversionem
3146 555 3524 606 connumerari

273 646 557 701 mereatur;
596 646 644 691 et
671 637 732 692 ob
756 654 988 695 amorem
1025 639 1139 705 Dei,
1165 652 1210 696 et
1228 651 1583 712 protectorum
1630 652 1918 698 vestrorum
1952 643 2247 711 principum
2275 642 2634 711 apostolorum
2664 641 2937 706 honorem,
2975 656 3008 693 a
3033 655 3254 709 quorum
3280 635 3530 706 regimine

271 723 630 791 proﬁciscitur,
681 727 1101 781 mansuetudinis
1133 716 1316 784 vest'rte
1345 730 1551 785 auxilia
1581 731 1797 795 sentiat,
1856 738 1905 796 et
1938 740 2055 798 post
2080 728 2432 783 turbationem
2488 729 2844 789 serenitatem,
2873 735 2920 780 et
2947 735 3061 795 post
3090 723 3259 777 multa
3306 722 3531 776 adversa

273 819 451 880 optata:
494 813 863 880 prosperitatis
909 814 1171 884 effectum,
1216 828 1470 887 quatenus
1533 833 1625 885 per
1662 828 2008 887 patronorum
2047 827 2336 872 vestrorum
2386 818 2804 891 intercessiones,
2855 817 3153 885 principum
3199 811 3435 866 videlicet
3496 826 3533 863 a

273 915 475 970 quorum
502 899 621 954 sede
648 902 955 967 remittitur,
1006 912 1053 956 et
1071 920 1291 974 quorum
1338 905 1695 973 principatum
1718 922 1813 975 pro
1829 904 2067 960 Ecclesia
2117 920 2308 971 vestra,
2340 924 2458 977 qua:
2491 907 2640 961 valde
2672 907 2920 975 ﬂuctuat,
2967 904 3048 957 die
3079 919 3140 955 ac
3194 910 3339 956 nocte
3368 901 3535 953 inter.

269 985 451 1054 pellare
470 1002 562 1055 per
608 987 777 1041 multa
796 990 1062 1044 curricula
1084 1007 1187 1044 non
1218 993 1459 1046 cessavit.
1504 1011 1521 1043 ι
1557 991 1615 1046 In
1640 992 1868 1061 epistola
1892 992 1928 1047 2
1946 1009 2106 1063 quam
2138 995 2205 1048 ad
2255 994 2520 1064 lgnatium
2547 995 2914 1064 patriarcbam
2949 991 3247 1046 indictione
3273 1006 3311 1048 ι.
3336 988 3532 1042 Kalen-

268 1070 348 1125 dis
363 1070 866 1142 Augusti,scripsit,
882 1072 1228 1143 (Anastasius
1247 1074 1471 1145 ibidem)
1488 1074 1709 1129 exhibet
1738 1093 1751 1130 :
1774 1073 2043 1133 Praeterea
2069 1096 2397 1135 communem
2417 1080 2591 1149 ﬁlium
2615 1079 3020 1152 Theognostum,
3038 1075 3533 1132 reverendissimum

267 1158 544 1212 exercitum
570 1169 618 1212 et
643 1159 893 1213 dilectum
935 1161 1100 1225 nobis,
1125 1177 1241 1215 ecce
1269 1162 1338 1214 ad
1360 1178 1450 1215 vos
1502 1162 1916 1229 transmisimus,
1946 1164 2036 1233 qui
2054 1179 2117 1217 ea:
2135 1166 2564 1235 persequentibus
2597 1163 3005 1219 temulatoribns
3035 1163 3141 1217 tuis
3164 1161 3318 1215 illinc
3356 1158 3532 1212 nudus

264 1243 651 1315 salvatus,quin
682 1254 734 1301 et
762 1257 970 1302 mutato
998 1248 1183 1301 habitu
1208 1249 1294 1302 via:
1315 1249 1414 1303 huc
1435 1250 1760 1320 pertingens,
1789 1250 1953 1304 vitam
1968 1250 2208 1304 lucratus
2238 1263 2338 1318 est,
2361 1253 2549 1305 deinde
2571 1252 2714 1323 apud
2733 1251 3015 1304 memorias
3043 1248 3403 1320 apostolorum
3441 1259 3535 1313 per

264 1348 446 1404 septem
483 1338 589 1407 fere
627 1356 887 1394 annorum
929 1341 1219 1407 curricula,
1275 1350 1332 1396 ut
1380 1343 1564 1413 hospes
1602 1353 1651 1397 et
1677 1344 1878 1398 advena
1903 1344 2226 1408 demoratus,
2254 1363 2359 1399 non
2393 1354 2601 1401 tantum
2639 1347 2915 1427 propriam
2947 1345 3243 1409 miseriam,
3271 1348 3533 1411 quantum

263 1425 561 1479 sanctitatis
597 1434 702 1481 tua:
724 1443 1027 1497 pressuram
1055 1438 1105 1482 et
1134 1428 1744 1500 Constantinopolitante
1766 1429 2019 1487 Ecclesia:
2042 1433 2380 1487 calamitates
2403 1450 2530 1503 pene
2556 1425 2882 1489 incessanter
2907 1432 3133 1502 deﬂebat
3170 1446 3187 1485 ε
3217 1431 3295 1484 ita
3319 1438 3374 1483 ut
3429 1443 3535 1481 non

263 1510 429 1565 solum
446 1523 600 1566 antea
631 1513 737 1576 iam
763 1514 964 1568 dictum
994 1516 1312 1571 decessorem
1355 1533 1527 1571 meum
1544 1515 1846 1589 (Nicolaum
1870 1518 1910 1588 ι)
1937 1517 2029 1572 sed
2068 1528 2118 1572 et
2150 1535 2228 1573 nte
2249 1529 2431 1588 postea
2475 1529 2622 1574 nocte
2647 1538 2707 1574 ac
2730 1520 2814 1575 die
2860 1520 3222 1589 indeﬁcienter
3239 1519 3455 1585 erigere,
3482 1524 3535 1569 et

260 1614 355 1668 pro
384 1608 527 1655 statu
551 1608 713 1655 tanta:
737 1599 990 1657 Ecclesia:
1016 1612 1066 1656 et
1092 1605 1353 1659 erectione
1404 1614 1577 1660 uestra
1602 1603 1800 1660 crebris
1836 1606 2148 1659 suasionum
2187 1607 2419 1661 stimulis
2446 1609 2619 1662 latera
2648 1618 2947 1679 percutere,
2998 1615 3048 1661 et
3086 1603 3541 1677 quemadmodum

263 1685 474 1756 angelus
500 1688 764 1756 quondam
787 1706 802 1743 :
826 1687 1014 1763 Surge,
1037 1689 1208 1757 Petre,
1224 1693 1400 1761 accipe
1423 1691 1788 1762 fortitudinem
1812 1696 1883 1747 ad
1897 1693 2182 1748 salvandas
2204 1704 2403 1764 gentes,
2420 1713 2511 1764 per
2529 1695 2768 1763 singulos
2791 1696 2902 1749 dies
2928 1694 3077 1749 nobis
3104 1695 3275 1748 dicere
3292 1708 3392 1746 non
3415 1707 3532 1744 ces-

262 1781 677 1845 saretquousque
706 1776 968 1843 auditum,
998 1777 1101 1832 Deo
1115 1787 1423 1849 priestante,
1447 1780 1698 1849 suscepit,
1719 1781 1856 1852 quod
1893 1781 2140 1835 ardenter
2164 1784 2218 1836 in
2246 1796 2454 1852 pectore
2478 1799 2679 1852 semper
2704 1783 2998 1850 baiulabat.
3026 1784 3147 1850 Qua
3175 1784 3236 1835 tle
3268 1796 3339 1843 re,
3364 1779 3537 1849 frater

261 1859 615 1921 dilectissime.
635 1864 916 1917 sanctitati
943 1874 1046 1917 tute
1081 1865 1219 1920 hunc
1241 1866 1685 1930 commendantes,
1715 1884 1959 1937 rogamus
1983 1878 2033 1923 et
2057 1870 2420 1940 deprecamur,
2463 1880 2721 1942 quatenus
2749 1871 2888 1923 circa
2941 1887 2995 1924 se
3047 1870 3242 1923 sentiat
3295 1864 3534 1934 beneficii

262 1947 341 2000 tui
362 1949 712 2016 propositum;
735 1957 784 2003 et
814 1952 948 2004 sicut
978 1962 1163 2007 vestrae
1181 1952 1354 2023 factus
1374 1963 1449 2007 est
1473 1956 1889 2009 communicator
1909 1957 2193 2025 passionis,
2228 1958 2307 2011 ita
2336 1969 2383 2013 et
2409 1957 2785 2012 consolationis
2837 1974 2850 2010 :
2913 1974 3018 2012 non
3056 1969 3234 2010 autem
3265 1963 3323 2007 ut
3369 1952 3536 2022 fami-

259 2034 408 2087 liaris
435 2044 611 2089 uoster
639 2036 834 2105 factus,
861 2038 952 2092 sed
979 2047 1105 2092 etut
1138 2056 1170 2093 a
1197 2040 1318 2097 sede
1333 2041 1589 2111 principis
1618 2043 1975 2112 apostolomm
2006 2056 2301 2115 susceptus,
2332 2046 2418 2100 hic
2444 2045 2593 2100 debet
2632 2046 2695 2097 ob
2728 2061 2961 2100 amorem
2982 2044 3116 2115 ejus,
3153 2058 3256 2097 nou
3294 2039 3536 2112 qualem-

259 2115 457 2191 cunque
484 2122 539 2175 in
557 2134 835 2191 conspectu
852 2126 1153 2181 sanctitatis
1177 2136 1362 2183 vestrte
1387 2130 1621 2201 gratiam
1650 2130 1899 2186 invenire.

334 2207 397 2264 ν.
434 2211 592 2266 Anno
623 2211 831 2269 Cbristi
863 2215 968 2270 869
996 2214 1380 2286 Theognostus
1425 2218 1810 2287 patriarcbalis
1861 2221 2201 2292 begumenus
2248 2222 2455 2293 legatos
2498 2221 2725 2277 Adriani
2775 2221 2815 2276 ll
2843 2213 3072 2275 Romani
3120 2215 3414 2290 pontiﬁcis,
3463 2217 3571 2277 ad.

258 2298 548 2355 concilium
590 2302 1065 2374 Constantinopoli
1099 2306 1484 2361 celebrandum
1512 2306 1730 2368 missos.
1787 2308 2153 2363 Sillambriam
2191 2310 2469 2381 ingressos
2500 2310 2837 2380 excipiebat;
2877 2310 2970 2380 qui
3000 2305 3532 2375 Constantinopolim

258 2383 550 2443 indictione
580 2404 664 2448 ιιι.
701 2391 791 2447 die
827 2409 893 2445 xv
929 2393 1285 2464 Septembris,
1311 2394 1377 2449 A.
1412 2393 1474 2448 ii.
1512 2393 1637 2462 869,
1672 2407 2049 2465 pervenerunt.
2072 2394 2436 2451 Contiuuator
2462 2397 2732 2452 Anastasii
2766 2397 2832 2451 de
2863 2395 3129 2450 Romanis
3157 2394 3533 2464 pontihcibuso

260 2473 314 2526 in
347 2475 585 2530 Adriano
612 2477 657 2532 ll
692 2496 705 2532 :
745 2478 1038 2533 Multorum
1104 2479 1443 2549 anfractuum
1474 2481 1762 2537 laboriosos
1811 2484 2065 2537 circuitus
2102 2484 2289 2555 (legati
2329 2483 2621 2555 Pontiﬁcii)
2658 2491 3016 2555 penetrantes,
3065 2483 3277 2559 tandem
3315 2479 3530 2534 Christo

258 2562 507 2628 prtcduce
562 2563 994 2621 Thessalonicam
1032 2569 1243 2622 veniunt
1278 2569 1332 2621 in
1396 2584 1498 2638 qua
1538 2567 1774 2625 Basilius
1819 2572 2109 2641 imperator
2133 2570 2481 2626 Eustachium
2507 2572 2842 2641 spatharium
2874 2568 3227 2624 candidatum
3268 2584 3386 2621 cum
3418 2582 3532 2621 suae

257 2647 602 2706 salutationis
618 2654 783 2723 oﬂicio
814 2665 1015 2708 sancta:
1052 2654 1304 2709 Romana:
1328 2655 1522 2725 legatis
1552 2657 1804 2713 Ecclesiae
1830 2657 2036 2712 obviam
2061 2658 2369 2713 destinavit.
2401 2659 2506 2726 Qui
2527 2676 2614 2714 eos
2650 2659 2938 2713 admodum
2967 2656 3254 2724 honoriﬁce
3285 2672 3378 2726 per
3400 2671 3532 2708 con-

262 2737 413 2805 tigua
457 2739 665 2794 itineris
706 2743 822 2795 loca
871 2743 1139 2806 ducentes,
1191 2742 1568 2798 Sillambriam
1607 2756 1972 2815 pervenerunt.
2008 2745 2109 2802 Ubi
2140 2764 2172 2801 a
2199 2746 2439 2802 Sisinuio
2472 2746 2739 2816 imperiali
2772 2746 3208 2816 protaspathario
3239 2753 3286 2798 et
3358 2741 3534 2797 Theo-

258 2833 442 2892 gnosto
456 2828 807 2895 patriarchali
832 2829 1136 2899 hegumeno,
1164 2831 1253 2900 qui
1280 2829 1459 2885 Romae
1486 2832 1628 2902 apud
1656 2833 2049 2890 sanctissimum
2082 2851 2272 2904 papam
2300 2833 2589 2890 Nicolaum
2612 2851 2707 2904 pro
2727 2833 3049 2889 restituendo
3076 2832 3289 2904 Ignatio
3313 2830 3533 2885 sedulus

258 2910 573 2967 intercessor
610 2919 906 2980 exstiterat,
938 2933 1056 2970 cum
1088 2917 1159 2973 40
1191 2918 1337 2987 equis
1383 2919 1446 2972 de
1481 2919 1695 2973 stabulo
1733 2920 1999 2990 imperiali
2021 2931 2070 2976 et
2124 2923 2283 2977 totius
2333 2938 2525 2977 mensa:
2554 2931 2800 2993 argenteo
2839 2931 3127 2992 apparatu,
3182 2918 3532 2989 oﬂ'icialibus-

259 3017 382 3071 que,
406 3004 498 3073 qui
520 3004 622 3059 sibi
641 3005 711 3058 ad
740 3022 945 3060 omnem
979 3007 1187 3061 libitum
1221 3006 1638 3077 famularentur,
1673 3019 1799 3063 sunt
1832 3011 2052 3078 excepti.
2074 3009 2158 3064 Ad
2187 3020 2424 3065 castrum
2456 3019 2631 3065 autem
2659 3009 2967 3075 rotundum,
3003 3009 3059 3062 in
3088 3022 3189 3078 quo
3211 3015 3289 3060 est
3309 3006 3536 3060 ecclesia

260 3089 416 3144 inira:
440 3092 822 3161 magnitudinis
853 3093 911 3147 S.
940 3094 1295 3164 Evangelistw
1310 3094 1537 3149 Joannis
1568 3095 1770 3150 nomini
1794 3096 1996 3161 dicata,
2028 3099 2207 3168 favore
2245 3098 2555 3169 Augustali,
2594 3097 2829 3152 Sabbato
2850 3097 3180 3150 mansionem
3210 3094 3534 3164 suscipiunt.

261 3174 337 3229 Et
370 3175 666 3246 Dominica,
708 3198 824 3251 qute
851 3183 1039 3252 quinta
1070 3182 1277 3237 decima
1306 3184 1417 3238 dies
1455 3183 1749 3255 Septembri
1778 3194 1913 3250 erat,
1964 3185 2256 3239 indictione
2287 3185 2468 3247 tertia,
2516 3184 2752 3255 singulos
2774 3200 2932 3253 equos
2963 3199 3082 3237 cum
3154 3181 3300 3236 sellis
3343 3182 3526 3235 aureis

260 3261 534 3317 devotione
583 3266 933 3335 imperatoria
968 3270 1259 3333 capientes,
1298 3271 1498 3326 obviati
1560 3274 1801 3326 omnibus
1836 3272 2054 3335 scholis,
2089 3272 2327 3327 videlicet
2379 3273 2799 3341 spathariorum,
2841 3272 3272 3336 candidatorum,
3326 3280 3529 3324 strate-

261 3366 473 3419 gorum,
508 3353 886 3410 mandatorum
948 3368 1361 3429 cteterorumque
1421 3358 1803 3414 Palatinorum
1855 3360 2126 3425 ordinum,
2158 3358 2502 3429 onmibusque
2536 3359 2850 3414 clericorum
2879 3357 3192 3430 planetariis
3250 3354 3529 3412 ordinibus

261 3446 337 3500 ad
363 3457 565 3515 portam
590 3465 806 3504 auream
832 3452 1062 3508 veniunt.

342 3556 426 3611 Vl.
467 3556 600 3614 Post
638 3559 935 3615 concilium
980 3533 1674 3633 Constantinopolitanum,
1725 3561 1791 3617 A.
1823 3564 1886 3619 (Ζ.
1923 3560 2030 3619 870
2076 3563 2311 3631 ﬁnitum,
2368 3562 2517 3634 quod
2570 3576 2796 3632 prorsus
2839 3563 2906 3615 ad
2935 3557 3175 3614 ‘Adriani
3218 3556 3264 3611 ll
3305 3556 3537 3637 Romani

262 3645 545 3716 pontiﬁcis
570 3657 831 3713 mentem,
865 3648 1292 3718 patriarcbatum
1338 3648 2007 3721 Constantinopolitanum
2055 3653 2333 3708 ademerat
2367 3650 2584 3714 Pltotio,
2621 3650 3041 3706 continuaverat
3073 3647 3306 3716 lgnatio,
3351 3645 3538 3702 Theo-

259 3743 494 3805 guostus
528 3733 672 3804 apud
700 3735 1333 3807 Coustantiuopolitanos
1372 3739 1690 3794 monasterii
1722 3737 1911 3794 Fotntis
1940 3739 2299 3807 begumeuns,
2353 3738 2511 3799 idest
2535 3737 2726 3800 abbas,
2759 3746 2813 3790 ct
2843 3732 3101 3790 Ecclesiae
3138 3730 3345 3803 Magnae
3378 3734 3541 3803 (qui-
3630 3754 3635 3759 ο

261 3821 370 3875 bus
391 3822 666 3878 vocabulis
689 3823 947 3894 templum
963 3821 1176 3880 Sanctae
1192 3824 1405 3896 Sophiste
1420 3827 1559 3882 solet
1578 3827 1852 3897 denotari)
1872 3827 2259 3898 scenopbylax,
2296 3826 2477 3893 idest,
2529 3840 2783 3882 vasorum
2813 3831 3022 3889 custos,
3069 3836 3163 3890 per
3193 3836 3253 3877 se
3300 3819 3534 3901 Romam

259 3909 464 3976 iturus,
484 3909 868 3981 imperatorum
887 3910 1091 3980 Basilii,
1105 3912 1750 3979 Constantini,Leoniset
1765 3916 2087 3985 patriarcha:
2104 3917 2295 3986 lgnatii
2315 3915 2520 3971 litteras
2539 3915 2605 3970 ad
2628 3913 2926 3968 Adrianum
2945 3909 3294 3981 perferendas
3313 3909 3544 3980 accipie-

257 3996 386 4053 bat:
408 3998 577 4067 ipsius
602 3998 780 4069 (cujus
803 4000 1029 4055 arbitrio
1051 4000 1293 4056 Graecam
1317 4001 1610 4057 Ecclesiam
1635 4001 1873 4071 lgnatius
1889 4012 1943 4057 et
1966 4003 2253 4072 lgnatiani,
2279 4003 2475 4073 partim
2503 4000 2789 4056 acerrimis
2814 4001 2868 4053 in
2889 3998 3140 4055 Pbotium
3162 4005 3215 4050 et
3235 3995 3538 4051 Pbotianos

257 4084 430 4150 odiis,
472 4087 666 4153 partim
697 4088 910 4156 magnis
943 4089 995 4142 in
1025 4089 1297 4159 integrum
1331 4089 1697 4146 restitutionis
1728 4090 2010 4147 beneﬁciis
2042 4089 2287 4156 adducti,
2314 4093 2454 4145 intra
2485 4090 2780 4145 concilium
2813 4104 2843 4142 a
2887 4087 3026 4143 solis
3060 4084 3361 4155 Iguatianis
3388 4085 3540 4169 cele-

258 4172 513 4238 bratum,
546 4173 599 4227 in
627 4176 794 4231 rebus
819 4176 1110 4246 prmeipuis
1140 4175 1548 4247 subjecerant,)
1581 4179 1647 4233 ad
1677 4171 1838 4232 utiles
1862 4177 2140 4244 Ecclesiis,
2183 4188 2294 4233 ιιιειι
2332 4179 2564 4233 lectores
2596 4178 2866 4247 plurimos
2904 4189 3044 4245 quos
3089 4171 3318 4227 Pbotius
3359 4172 3539 4253 sacris

259 4258 604 4327 initiaverat,
641 4261 694 4315 in
737 4262 931 4318 ciliciis
960 4264 1078 4319 suis
1118 4265 1399 4330 toleratos,
1453 4264 1756 4333 majoribus
1801 4266 2166 4336 dignitatibus
2215 4265 2560 4329 mactandos,
2614 4274 2731 4319 tum
2776 4264 3067 4335 episcopos
3120 4260 3418 4315 nonnullos
3466 4260 3539 4316 ob

254 4348 717 4404 communionem
747 4365 870 4405 cum
899 4349 1092 4405 Pbotio
1122 4353 1353 4416 cultam,
1381 4352 1704 4407 muneribus
1739 4353 1858 4407 suis
1886 4353 2133 4416 orbatos,
2168 4353 2442 4422 prioribus
2488 4351 2714 4407 sedibus
2757 4348 3150 4411 restituendos,
3192 4363 3528 4403 consensum

256 4440 692 4505 impetraturos.
731 4440 1104 4510 Imperatores
1132 4443 1184 4496 in
1218 4443 1411 4498 litteris
1444 4443 1509 4497 ad
1534 4442 1863 4509 Atlrianum,
1888 4458 2029 4515 quas
2057 4441 2384 4496 Anastasius
2407 4439 2867 4494 Bibliothecarins
2893 4436 3044 4493 Actis
3064 4435 3539 4505 Constantinopm

255 4526 427 4580 litaui
470 4529 687 4583 concilii
736 4529 947 4586 Latinis
973 4531 1259 4600 subiunxit
1289 4550 1304 4586 :
1343 4530 1671 4591 Litterarum
1700 4535 1948 4605 gerulum
1968 4533 2269 4600 expeditum
2305 4532 2376 4585 ad
2416 4533 2754 4601 peregrinam
2784 4529 3193 4598 profectionem,
3221 4537 3271 4582 et
3306 4543 3536 4598 magnu-

254 4615 479 4668 nimum
515 4614 583 4668 ad
611 4616 876 4671 malorum
903 4619 1247 4672 tolerantiam
1276 4621 1544 4674 consecuti
1580 4637 1784 4682 sumus.
1816 4622 1872 4676 id
1899 4623 2070 4692 ipsum
2118 4619 2350 4690 optabile
2394 4620 2672 4673 habentem
2721 4619 2949 4687 principi
3002 4617 3369 4688 apostolorum
3416 4626 3543 4671 ante

252 4704 595 4771 promissum
633 4722 800 4760 causa
832 4706 1086 4763 reddendi
1111 4720 1309 4773 votum,
1340 4710 1682 4779 eamdemque
1711 4721 1903 4779 vestrae,
1923 4720 2168 4779 poterunt.
2187 4708 2476 4763 Sanctitati
2509 4709 2963 4771 commendamus,
2988 4723 3147 4774 super
3189 4706 3285 4759 hoc
3338 4720 3545 4774 quoque

252 4790 499 4845 multum
522 4794 958 4864 tranquillitatem
989 4805 1214 4851 vestram
1241 4807 1534 4865 rogantem.
1575 4797 1726 4852 Idem
1776 4808 1953 4852 autem
1982 4806 2057 4851 est
2091 4797 2175 4850 hic
2211 4796 2591 4865 Theognostus,
2619 4811 2771 4865 quem
2801 4804 2850 4849 et
2881 4811 2968 4848 vos
3024 4793 3151 4848 bene
3200 4794 3393 4856 nostis,
3437 4792 3544 4845 Deo

249 4881 520 4936 amabilis
550 4881 866 4952 hegumenus
926 4884 1374 4954 superlaudabilis
1419 4885 1512 4941 Dei
1544 4889 1730 4940 matris
1765 4886 1924 4957 Prges
1957 4888 1979 4955 ζ
2003 4886 2056 4938 id
2083 4896 2163 4939 est
2193 4883 2383 4938 Fontis
2406 4887 2423 4952 )
2446 4893 2497 4937 et
2524 4899 2776 4937 vasorum
2808 4891 2988 4936 custos
3020 4881 3228 4951 Magna:
3254 4879 3531 4934 Ecclesiae.

247 4967 375 5023 Per
411 4968 584 5037 ipsum
617 4986 761 5037 ergo,
790 4987 908 5040 qua:
927 4973 1097 5026 nostri
1123 4973 1373 5028 desiderii
1396 4985 1538 5038 sunt,
1569 4986 1858 5044 opportune
1886 4974 2174 5042 adimplere
2227 4973 2618 5041 conspeximus.
2680 4971 2885 5025 Ibidem
2916 4964 3041 5040 post
3070 4984 3244 5039 pauca
3274 4986 3288 5022 :
3324 4967 3546 5033 Specia-

249 5056 332 5109 lis
378 5065 558 5109 autem
595 5056 757 5111 Pater
787 5068 964 5112 noster
991 5070 1270 5131 etntagua:
1298 5062 1531 5117 civitatis
1571 5065 1885 5131 patriarcha
1931 5061 2216 5129 postulavit
2273 5078 2306 5114 a
2344 5060 2495 5114 nobis
2546 5060 2778 5113 scribere
2833 5059 3129 5114 Sanctitati
3177 5069 3282 5111 tute
3336 5057 3401 5110 de
3454 5058 3540 5110 his

249 5142 580 5206 lectoribus,
616 5146 707 5213 qui
739 5160 772 5196 a
804 5144 992 5199 Photio
1037 5150 1265 5214 promoti
1296 5161 1441 5213 sunt,
1484 5151 1663 5203 multis
1695 5160 1744 5204 et
1772 5148 2242 5203 innumerabilibus
2286 5145 2661 5201 assistentibus
2705 5148 2781 5199 eis
2825 5146 2880 5199 in
2928 5146 3151 5200 diversis
3212 5145 3544 5213 provinciis;

248 5227 492 5298 insuper
522 5241 696 5283 autem
724 5241 771 5285 et
803 5232 867 5285 de
899 5232 1072 5287 Paulo
1099 5236 1529 5289 reverendissinto
1559 5237 1980 5304 hibliothecario,
2012 5236 2166 5292 verbo
2195 5245 2244 5290 et
2281 5237 2390 5289 vita
2410 5235 2758 5304 prtefulgido,
2783 5251 2846 5288 ac
2877 5234 3149 5288 Theodoro
3177 5233 3539 5302 metropolita,

244 5318 361 5388 qui
399 5330 452 5371 et
492 5319 602 5387 ipse
625 5321 780 5373 nimis
810 5320 1058 5377 Ecclesia:
1092 5324 1240 5378 utilis
1263 5334 1362 5388 est,
1393 5335 1649 5395 quatenus
1677 5326 1998 5397 dispensatio
2033 5326 2134 5395 fiat
2179 5342 2212 5378 a
2253 5323 2553 5378 Sanctitate
2615 5321 2797 5376 Vestra
2845 5338 3002 5391 super
3029 5324 3181 5392 ipsis,
3223 5320 3544 5393 quibusdam

244 5406 486 5474 quidem
516 5406 585 5460 ad
614 5423 863 5463 ascensus
895 5410 1122 5478 majores
1158 5427 1436 5464 sacrorum
1460 5413 1743 5481 graduum.
1781 5412 2102 5483 quibusdam
2131 5428 2249 5466 vero
2284 5412 2354 5464 ad
2397 5412 2746 5480 receptionem
2794 5410 3002 5465 sedium
3030 5426 3253 5464 suarum
3286 5425 3307 5473 ;
3339 5408 3408 5462 ad
3439 5414 3538 5461 hoc

242 5495 589 5564 rogantibus
618 5495 714 5549 Dei
736 5497 1077 5552 imitatricem
1112 5500 1356 5552 virtutem
1381 5508 1527 5552 tuam
1568 5516 1587 5562 ;
1615 5502 1799 5554 horum
1831 5502 2047 5569 quidem
2092 5500 2505 5563 multitudinem,
2548 5499 2705 5568 hujus
2730 5515 2845 5553 vero
2878 5498 3086 5552 labores
3115 5506 3164 5551 et
3194 5512 3291 5566 pro
3312 5496 3535 5551 veritate

234 5584 519 5650 sudores,
549 5585 695 5641 illius
729 5595 903 5641 autem
936 5586 1105 5657 culpte
1138 5588 1613 5657 reprehensionem,
1641 5599 1689 5642 et
1731 5588 1871 5655 quod
1913 5604 1979 5644 ea:
2004 5589 2263 5643 canonica
2297 5587 2364 5641 sit
2392 5603 2584 5641 manus
2616 5587 2955 5655 inpositione
2976 5595 3253 5655 promotus
3302 5584 3545 5637 conside-

232 5686 482 5731 rantem
515 5694 533 5732 :
560 5695 656 5746 pro
682 5678 766 5731 his
791 5689 840 5732 et
874 5678 1152 5745 imperium
1191 5687 1432 5732 nostrum
1462 5678 1674 5748 flagitat
1720 5678 1976 5746 pietatem
2009 5689 2157 5731 tuam
2203 5675 2614 5743 dispensandum
2657 5673 2861 5735 aliquid
2891 5673 3011 5726 hinc
3041 5672 3349 5725 humanius.
3388 5670 3544 5740 lgna-

234 5769 383 5822 tius
422 5767 479 5821 in
513 5767 707 5821 litteris
737 5766 801 5819 ad
846 5766 1172 5829 Adrianum,
1206 5767 1406 5822 ibidem
1450 5766 1795 5821 exstantibus
1830 5785 1844 5821 :
1893 5765 2096 5819 Nostra
2127 5764 2404 5816 humilitas
2437 5779 2636 5816 memor
2679 5763 2963 5816 cnaritatis
3006 5769 3208 5825 vestrae,
3267 5776 3330 5814 ac
3387 5775 3541 5812 ama-

230 5855 423 5922 bilis,
459 5870 612 5925 quem
631 5854 772 5909 circa
798 5871 890 5909 nos
911 5853 1087 5921 habet,
1110 5854 1354 5923 affectus,
1379 5867 1427 5909 et
1449 5855 1518 5909 ad
1537 5852 1632 5907 hoc
1658 5853 1830 5923 ipsum
1852 5853 2172 5909 voluntatem
2195 5860 2243 5905 et
2275 5850 2673 5907 medicationem
2702 5851 2914 5920 habens,
2949 5849 3142 5905 invenit
3173 5860 3548 5919 procurantem
