4048 6466
315 25 480 32 --.---
491 28 682 38 -ιι--φ--ι
693 31 712 37 --.
721 27 1193 40 --.-.--..-.-.ιι.-ω--ν-
1207 36 1229 38 -
1249 38 1256 39 κ

650 512 754 577 εει]
1807 507 2293 570 THEOGNOSTI
2334 508 2676 568 MONAClIl
3356 576 3361 583 _
3646 583 3652 590 ,
3725 522 3789 590 us

655 638 714 680 ut
761 627 1060 679 mitteretur
1091 621 1144 675 in
1183 610 1344 686 main,
1385 639 1506 693 qua:
1533 631 1610 677 est
1657 625 1725 678 ad
1786 625 1965 692 magni
2022 623 2250 678 nominis
2305 620 2548 689 Romam,
2608 623 2866 679 orationis
2925 640 3112 688 causa,
3162 623 3405 678 intimum
3453 625 3594 694 filium
3631 643 3792 690 nostrum

649 713 1142 768 reverendissimum
1183 709 1425 764 abbatem
1465 709 1671 773 Fontis,
1715 719 1766 764 et
1801 710 2221 780 scevophylacem
2266 709 2477 781 Magum
2530 711 2817 778 Ecclesiae,
2861 713 3136 766 dominum
3199 711 3574 783 Theognostum,
3601 728 3638 771 et
3665 721 3794 777 idcirco

651 799 817 869 magis
843 797 1143 854 studuimus
1171 797 1458 867 adimplere
1488 797 1809 852 desiderium
1838 807 2091 858 vestrum,
2121 813 2273 867 quem
2289 807 2344 852 et
2371 799 2611 853 misimus
2638 811 2762 852 ‘cum
2805 800 3058 868 pra-senti
3093 800 3315 868 epistola
3355 811 3517 856 nostra
3553 805 3799 862 visitaturus:

649 898 699 944 et
743 886 1126 951 saiutaturum,
1164 902 1226 939 ac
1266 885 1615 939 adoraturum
1651 885 1948 953 fraternam
1995 883 2347 939 Sanctitatem
2393 885 2635 940 Vestram
2671 889 3092 951 ;nuntiaturum
3128 888 3293 941 etiam
3333 897 3381 941 et
3424 905 3454 942 a
3494 887 3669 946 Christo
3704 898 3801 951 nobis

651 975 911 1029 donatam
940 975 1360 1030 incolumitatem
1386 972 1443 1026 in
1473 971 1574 1024 hac
1608 975 1713 1026 vita
1767 972 1949 1026 multis
1971 973 2307 1035 passionibus
2337 980 2387 1026 et
2425 973 2852 1026 tribulationibus
2884 972 3060 1042 plena,
3112 975 3534 1042 quemadmodum
3575 979 3662 1047 ipse
3695 983 3803 1035 soluit

653 1074 701 1117 et
737 1064 1038 1133 judicavit,
1084 1064 1173 1132 qui
1201 1061 1379 1116 omnia
1409 1061 1671 1129 sapienter
1711 1071 1759 1114 et
1803 1071 2149 1130 congruenter
2195 1063 2488 1130 dispensat,
2527 1071 2575 1116 et
2609 1072 2730 1117 ante
2776 1063 2829 1116 in
2879 1073 2971 1116 tua
2996 1064 3359 1132 piissimorum
3392 1077 3436 1118 et
3465 1065 3638 1120 Christi
3671 1073 3805 1124 amico-

655 1167 771 1204 rum
824 1167 888 1204 ac
920 1168 952 1204 a
992 1149 1099 1204 Deo
1141 1149 1575 1220 gubernatorum,
1609 1157 1763 1218 atque
1808 1148 2062 1202 divinitus
2095 1149 2420 1203 munitorum
2459 1150 2839 1218 imperatorum
2867 1159 3167 1204 nostrorum
3196 1153 3574 1220 prosperitatem
3601 1166 3637 1208 et
3659 1165 3808 1222 tropea,

654 1247 701 1290 et
749 1239 804 1290 in
827 1237 1012 1290 melius
1044 1238 1105 1290 de
1137 1236 1222 1289 die
1255 1236 1309 1288 in
1343 1234 1482 1288 diem
1523 1250 1697 1287 rerum
1743 1233 1971 1287 Romani
2004 1234 2211 1303 imperii
2245 1237 2665 1302 translationem,
2705 1249 2761 1291 ut
2797 1251 2844 1290 et
2881 1255 2970 1292 vos
3017 1238 3364 1309 gaudentibus
3400 1240 3535 1294 nobis
3572 1245 3812 1312 congratula-

655 1325 786 1379 mini
819 1340 910 1392 per
934 1333 1172 1377 mutuam
1206 1323 1360 1376 unius
1396 1322 1631 1391 corporis
1677 1321 2028 1376 membrorum
2057 1321 2446 1390 coeﬂ'ectionem
2489 1335 2538 1379 et
2587 1326 3024 1394 compassionem,
3060 1335 3109 1379 et
3148 1327 3341 1380 iterum
3386 1325 3471 1379 Dei
3499 1327 3602 1380 boni
3638 1333 3812 1398 gratiaet

660 1413 1046 1479 c00peratione,
1111 1410 1181 1463 ad
1255 1409 1672 1463 mediocritatem
1752 1409 2017 1464 maturius
2101 1421 2500 1475 remeaturum,
2547 1421 2597 1466 et
2656 1411 2791 1466 bona
2847 1412 3039 1466 nuntia
3120 1411 3500 1466 amabilissima
3547 1414 3650 1468 vita:
3693 1427 3817 1470 vestra

665 1499 963 1552 allaturum
1017 1497 1088 1552 ad
1136 1496 1433 1551 Ecclesiam
1509 1505 1768 1550 nostram.
1850 1495 2050 1551 Ibidem
2125 1506 2249 1565 post
2323 1512 2536 1567 pauca:
2591 1497 2746 1564 Quod
2793 1510 2973 1554 autem
3028 1501 3381 1554 sanctissimis
3428 1502 3622 1554 vicariis
3659 1513 3816 1569 paterna

653 1586 958 1640 sanctitatis
990 1594 1174 1639 vestrae
1198 1584 1406 1653 adhuc(
1430 1582 1927 1653 Constantinopoli,
1959 1598 2069 1654 quo
2097 1584 2163 1638 ad
2187 1584 2480 1639 concilium
2511 1587 2816 1656 venerant)
2838 1587 3183 1655 praesentibus
3207 1587 3489 1656 perfectum
3511 1605 3599 1641 non
3623 1600 3685 1644 est
3711 1606 3816 1658 ηιηιιι

653 1674 818 1741 finem
851 1673 1078 1742 accepit,
1121 1688 1371 1742 rogamus
1398 1687 1537 1724 nunc
1567 1671 1844 1725 terminari
1874 1681 1924 1725 et
1959 1672 2169 1740 disponi
2192 1670 2442 1740 perfecte,
2469 1688 2532 1724 ac
2563 1671 2763 1742 integre
2799 1672 2963 1726 scribi
2995 1674 3063 1727 ad
3089 1674 3445 1727 humilitatem
3471 1684 3676 1726 nostram
3699 1675 3744 1727 de
3770 1675 3819 1725 lit

654 1761 960 1827 lectoribus,
1007 1761 1096 1830 qui
1152 1759 1292 1812 tonsi
1339 1767 1462 1812 sunt
1490 1776 1522 1812 a
1548 1757 1766 1821 Photio,
1798 1774 1988 1812 manus
2033 1759 2514 1830 impositione:qui
2555 1775 2674 1813 cum
2708 1761 2815 1814 sint
2861 1777 2988 1829 pene
3029 1761 3437 1816 innumerabilis
3468 1762 3771 1816 multitudinis
3790 1762 3822 1812 in

657 1849 922 1902 universis
964 1847 1263 1917 regionibus
1302 1855 1352 1900 et
1383 1845 1687 1898 civitatibus
1722 1843 1994 1911 Ecclesiae,
2027 1845 2300 1915 postulant
2331 1862 2394 1900 ea:
2427 1849 2739 1902 necessitate
2768 1847 2998 1902 aliorum
3027 1850 3142 1918 ﬁeri
3167 1849 3548 1904 sacerdotalem
3573 1862 3822 1917 provectum:

658 1946 719 1991 ut
767 1952 1150 2006 cognoscamus
1192 1935 1356 1988 etiam
1395 1943 1445 1988 et
1487 1949 1644 2002 super
1690 1933 1791 1986 hac
1836 1949 1893 1987 re
1935 1945 2159 1988 vestram
2200 1934 2524 1989 voluntatem
2562 1945 2719 2007 atque
2751 1937 3022 1991 decretum
3055 1938 3350 1991 certissime
3389 1946 3438 1991 et
3476 1937 3824 2006 manifestissime,

659 2035 840 2079 utrum
868 2025 974 2078 sint
1018 2022 1165 2093 digni
1197 2023 1493 2093 promoveri
1521 2022 1591 2074 ad
1628 2021 1854 2086 majores
1885 2020 2168 2075 sacerdotii
2201 2021 2419 2090 gradus,
2453 2039 2630 2077 annon
2672 2025 2778 2078 sint
2811 2039 2829 2076 :
2873 2023 3096 2077 dubium
3145 2026 3287 2077 enim
3330 2025 3426 2078 hoc
3469 2034 3654 2078 tantum
3678 2024 3821 2076 dimise-

661 2122 865 2168 serunt.
903 2111 970 2166 Et
1029 2112 1202 2165 adhuc
1256 2108 1586 2179 postulamus
1613 2109 1778 2162 etiam
1808 2107 1872 2163 de
1917 2108 2108 2163 intimo
2145 2109 2255 2167 ﬁlio
2299 2118 2480 2163 nostro
2505 2118 2555 2164 et
2585 2111 2884 2180 fortissimo
2909 2111 3151 2166 veritatis
3176 2113 3448 2183 agonista,
3483 2111 3640 2165 Paulo
3665 2112 3827 2165 vidi-iiut

661 2201 1074 2270 chartophglace
1107 2208 1185 2262 ut,
1241 2199 1288 2252 si
1318 2207 1397 2253 est
1445 2197 1715 2266 possibilis
1760 2199 1816 2250 in
1865 2212 1983 2250 eum
2028 2197 2438 2262 dispensationis
2487 2199 2670 2269 aliqua
2714 2201 2877 2262 ratio,
2935 2199 3157 2268 recipiat
3208 2200 3524 2270 dignitatem
3568 2200 3829 2268 episcopatu,

663 2285 1111 2359 quemadmodum
1141 2295 1189 2341 et
1213 2296 1373 2339 antea
1409 2287 1463 2338 in
1491 2285 1683 2338 litteris
1715 2286 1912 2340 nostris
1945 2284 2366 2356 efﬁagitavimus.
2404 2286 2602 2341 Deinde
2628 2303 2830 2356 quoque
2855 2302 3012 2355 super
3041 2284 3338 2352 Theodoro,
3365 2287 3456 2358 qui
3486 2304 3517 2339 a
3548 2284 3676 2338 nobis
3695 2285 3830 2354 quidem

662 2388 1000 2432 consecratus
1017 2386 1093 2430 est
1120 2375 1453 2443 metropolita
1486 2370 1684 2440 Cariae,
1721 2374 1948 2427 multum
1975 2384 2152 2428 autem
2192 2373 2451 2428 laboravit
2488 2383 2538 2428 et
2568 2375 2793 2444 afﬂictus
2815 2383 2893 2428 est
2924 2375 2988 2428 ab
3013 2375 3167 2428 initio
3189 2375 3412 2444 injustas
3439 2391 3500 2428 ac
3529 2375 3696 2442 iniqua
3719 2371 3827 2439 dejic-

661 2467 824 2520 tionis
861 2474 1081 2528 nostrae,
1114 2465 1171 2518 in
1201 2464 1504 2518 novissimis
1552 2479 1670 2517 vero
1701 2479 1821 2516 cum
1857 2465 2050 2516 misero
2090 2462 2282 2516 Photio
2313 2462 2642 2525 conveniens,
2674 2470 2890 2530 propter
2917 2462 3034 2531 ejus
3082 2462 3344 2516 immensa
3379 2470 3645 2523 tormenta,
3670 2474 3757 2528 qua
3775 2456 3831 2509 sibi

660 2553 1026 2608 resistentibus
1058 2551 1338 2620 inferebat,
1370 2551 1628 2605 consensit
1657 2561 1707 2603 et
1737 2567 1898 2620 usque
1927 2549 1996 2603 ad
2026 2550 2271 2603 ultimum
2298 2550 2464 2620 ipsius
2529 2549 2668 2603 diem
2710 2552 3050 2619 reptenitens,
3124 2550 3475 2603 nihilominus
3543 2562 3705 2601 rursus
3743 2542 3837 2596 canit

661 2641 894 2695 contrito
955 2650 1005 2694 et
1053 2641 1243 2709 spiritu
1285 2638 1608 2692 humilitatis
1659 2638 1864 2691 veniam
1908 2639 2177 2706 expetivit.
2226 2637 2624 2693 Prohibuerunt
2664 2639 2804 2692 enim
2848 2655 2967 2692 eum
2999 2639 3300 2693 sacerdotio
3333 2637 3491 2709 fungi
3526 2650 3709 2707 quoquo
3744 2630 3836 2683 modo

662 2729 992 2783 sanctissimi
1026 2722 1211 2783 vicarii
1244 2725 1517 2780 Almitatis
1544 2735 1748 2787 vestrm,
1778 2735 1827 2778 et
1859 2726 1995 2794 quod
2026 2726 2397 2795 subscripserit
2426 2725 2481 2778 in
2502 2741 2619 2779 eam
2647 2741 2764 2795 quae
2790 2726 2938 2795 facta
2962 2735 3039 2779 est
3070 2726 3133 2778 ab
3152 2726 3204 2779 in
3217 2726 3529 2795 felicissimo
3551 2722 3725 2782 Phatio,
3749 2717 3838 2788 quasi

663 2817 922 2885 depositio
962 2815 1255 2870 beatissimi
1287 2823 1335 2869 et
1364 2814 1552 2884 optimi
1583 2813 1762 2866 Patris
1787 2815 1957 2867 nostri
1987 2810 2205 2866 Nicolai
2227 2813 2514 2867 decessoris
2540 2812 2855 2867 Sanctitatis
2886 2823 3009 2867 tum.
3044 2813 3170 2868 Htvc
3201 2822 3346 2876 sunt,
3382 2814 3446 2866 de
3471 2811 3649 2881 quibus
3672 2819 3838 2876 rogamus

665 2903 1021 2958 Sanctitatem
1054 2912 1301 2968 vestram,
1340 2911 1396 2955 ut
1424 2901 1471 2955 si
1495 2900 1741 2969 possibile
1769 2901 1859 2965 sit,
1898 2911 2085 2954 utatur
2105 2900 2253 2954 verbo
2271 2900 2686 2971 dispensationis
2714 2912 2762 2957 et
2791 2902 3169 2957 misericordiae
3217 2903 3273 2956 in
3317 2901 3428 2967 his,
3469 2915 3584 2954 cum
3616 2897 3708 2952 alia
3730 2889 3843 2946 omnis

662 2993 922 3061 optimum
948 3002 998 3047 et
1035 2992 1370 3045 commodum
1405 2989 1564 3058 ﬁnem
1596 3005 1660 3041 ac
1690 2989 2094 3058 dispositionem
2122 2988 2468 3058 susceperint.

739 3102 853 3157 Vll.
887 3101 996 3158 Sed
1045 3102 1242 3156 horum
1286 3115 1410 3170 qua:
1439 3099 2174 3171 Constantinopolitanorum
2221 3101 2578 3171 imperatores
2605 3140 2619 3166 ,
2651 3114 2773 3154 cum
2811 3098 3121 3168 patriarcha
3159 3098 3293 3154 satis
3323 3098 3588 3152 humilem
3622 3095 3670 3149 in
3699 3089 3846 3147 modum

661 3192 1013 3261 expetebant,
1074 3189 1208 3243 nihil
1263 3189 1592 3243 auctoritate
1626 3203 1723 3244 sua
1749 3230 1765 3252 ,
1823 3189 1961 3244 nihil
1992 3189 2246 3260 precibus
2288 3189 2404 3246 suis
2446 3187 2831 3258 Thcognostus
2865 3187 2935 3241 ab
2974 3186 3218 3241 Adriano
3264 3185 3553 3241 Photianis
3590 3176 3846 3250 implacabili,

665 3278 1286 3348 Constantinopolitanis
1315 3277 1658 3344 inexorabili,
1692 3276 1992 3331 obtinebat.
2017 3275 2070 3331 Id
2100 3292 2201 3332 nos
2231 3277 2502 3331 Adrianus
2528 3276 2582 3330 in
2614 3276 2812 3330 litteris
2851 3280 2917 3330 ad
2951 3272 3676 3338 Basilium,Consta|tinum
3701 3277 3744 3322 et
3766 3264 3848 3318 beo-

667 3381 818 3431 nem,
869 3368 1226 3448 imperatores
1271 3364 1931 3434 Constantinopolitanos,
1954 3364 2248 3420 indictione
2283 3379 2313 3415 ν
2335 3404 2348 3427 ,
2380 3363 2468 3418 die
2502 3363 2568 3417 10
2605 3362 2930 3418 Novembris
2953 3403 2967 3428 ,
2999 3378 3048 3416 a.
3086 3377 3136 3417 c.
3179 3361 3307 3429 87l,
3345 3359 3590 3429 scriptis,
3627 3369 3739 3425 quas
3760 3350 3850 3403 Attis

668 3453 887 3508 concilii
907 3444 1498 3518 Constantinopolitani
1518 3450 1586 3504 Ν
1613 3449 1824 3504 Latinis
1848 3450 2060 3504 additas
2088 3450 2410 3520 reperimus,
2439 3451 2597 3505 docet
2623 3466 2636 3504 :
2672 3450 2947 3515 Quamvis,
2979 3449 3053 3503 ait
3082 3448 3237 3511 ibid.,
3273 3448 3450 3502 multa
3477 3444 3712 3501 instantia
3733 3450 3850 3493 ett-et-

671 3551 849 3596 tamen
871 3540 969 3595 viri
1000 3538 1396 3608 prudentissimi
1414 3547 1461 3592 et
1483 3538 1869 3608 religiosissimi
1893 3538 2163 3607 hegumeni
2194 3557 2255 3593 ac
2287 3557 2562 3594 sacrorum
2593 3555 2840 3593 vasorum
2889 3540 3123 3594 custodis
3149 3539 3496 3608 Theognosti,
3522 3536 3611 3607 qui
3633 3533 3688 3589 de
3714 3527 3852 3600 ρὶεεαιίι

669 3637 856 3684 vestra?
884 3626 1164 3682 virtutibus
1189 3634 1236 3679 et
1259 3614 1609 3694 probabilium
1637 3640 1845 3678 morum
1865 3625 2184 3696 insignibus,
2211 3637 2258 3679 et
2282 3635 2596 3697 tropworum
2627 3628 2910 3697 triumphis
2947 3668 2961 3694 ,
2988 3637 3142 3697 atque
3172 3627 3235 3681 de
3255 3627 3628 3696 beneﬁciorum
3651 3628 3854 3676 vestrorum

669 3718 755 3787 pie
787 3715 889 3769 sibi
923 3714 1282 3782 pra'stitorum
1312 3711 1656 3764 multitudine
1692 3727 1785 3765 nos
1808 3710 2098 3779 plurimum
2139 3713 2390 3769 relatione
2428 3732 2526 3769 sua
2561 3715 2875 3784 la'tiﬁcavit,
2914 3725 2963 3768 et
2999 3714 3231 3784 qualiter
3274 3713 3466 3767 diebus
3501 3709 3680 3766 vestris
3705 3714 3856 3791 stipant

669 3804 889 3860 brachio
915 3811 1072 3870 atque
1093 3799 1271 3854 studio
1297 3809 1349 3854 et
1377 3799 1622 3862 solertia,
1650 3808 1823 3854 vestra
1849 3797 2232 3854 Christianitas
2248 3813 2602 3873 prosperetur,
2625 3818 2903 3864 enarrans,
2936 3801 3005 3854 ad
3029 3800 3375 3854 multimodas
3407 3798 3593 3853 laudes
3613 3795 3666 3850 S.
3685 3791 3855 3846 Tn'nitstt

668 3890 962 3948 reddendas
989 3930 1004 3950 ,
1035 3896 1085 3942 et
1116 3887 1323 3958 gratias
1349 3885 1643 3940 alacriores
1684 3886 1925 3942 exhibuit
1969 3889 2038 3941 ad
2067 3889 2338 3957 postulata
2385 3890 2637 3944 divinitus
2670 3889 2956 3942 muniendo
2983 3888 3206 3957 imperio
3235 3895 3409 3942 vestro
3457 3880 3773 3943 concedenda,
3801 3887 3856 3926 ποί

668 3994 835 4049 supra
866 3977 1079 4030 modum
1102 3975 1482 4044 efflagitaverit,
1509 3985 1558 4028 et
1602 3975 1744 4028 ultra
1777 3991 1939 4044 quam
1969 3976 2076 4030 dici
2103 3979 2289 4044 possit,
2315 3979 2472 4032 solito
2498 3988 2546 4032 ct
2581 3979 2754 4045 prisco
2785 3994 2948 4042 more,
2984 3994 3046 4030 ac
3079 3993 3174 4046 pro
3204 3974 3589 4030 ecclesiasticis
3622 3961 3857 4024 utilitalil”

669 4066 969 4136 frequenter
999 4063 1230 4132 impenso
1256 4061 1448 4115 crebris
1467 4063 1888 4131 suggestionibus
1911 4065 2300 4134 investigaverit
2326 4079 2344 4125 ;
2366 4081 2522 4132 super
2538 4065 2722 4132 quibus
2743 4073 2936 4127 tamen,
2959 4073 3172 4133 propter
3194 4063 3312 4132 jam
3350 4062 3680 4131 designatam
3699 4060 3854 4140 cassae

671 4156 802 4224 (non
830 4166 954 4206 esse
979 4150 1213 4220 partium
1245 4149 1454 4204 Nicolai
1489 4148 1507 4201 l
1541 4148 1772 4204 Romani
1808 4151 2105 4221 pontiﬁcis,
2137 4162 2251 4206 tum
2291 4153 2454 4206 etiam
2482 4166 2582 4205 suo
2627 4149 2796 4204 semel
2831 4149 2976 4204 edito
3006 4151 3256 4214 decreto,
3293 4146 3604 4202 Photianos
3641 4139 3857 4198 damnan".

664 4237 1010 4296 contrarium
1045 4235 1343 4308 quidquam
1371 4236 1690 4307 admittere)
1729 4253 1821 4292 nec
1851 4254 2082 4292 annuere
2109 4255 2412 4309 possumus,
2444 4254 2536 4292 nec
2567 4237 2855 4308 quidquam
2896 4246 3086 4308 prazter
3113 4237 3188 4303 id,
3218 4237 3358 4306 quod
3379 4237 3509 4307 jam
3537 4225 3862 4300 evangelium

669 4337 771 4395 est,
799 4327 910 4381 ullo
941 4326 1095 4380 modo
1129 4325 1371 4393 definire.

1338 4450 1670 4490 THEOGNOSTI
1715 4453 1946 4494 IONACHI
1981 4453 2203 4496 SCRIPTA
2227 4456 2295 4496 DE
2319 4455 2484 4496 REBUS
2513 4452 3282 4495 CONSTANTINOPOLITANORUH.

743 4547 884 4603 Vl-ll.
911 4545 1103 4618 Ignatii
1126 4545 1720 4617 Constantinopolitani
1751 4550 2102 4620 patriarchae,
2125 4551 2214 4608 cui
2249 4555 2378 4610 sede
2408 4569 2504 4612 sua
2535 4555 2748 4624 dejecto
2776 4554 3074 4622 imperator
3104 4549 3336 4606 Michael
3368 4548 3632 4605 Photium
3653 4546 3861 4624 successo-

670 4654 790 4694 rem
822 4636 991 4698 dedit,
1021 4649 1242 4691 causam
1277 4635 1543 4690 historico
1585 4637 1767 4692 libello
1821 4650 2194 4709 repraesentat,
2219 4642 2376 4712 cuius
2408 4620 2740 4712 inscriptio:
2798 4620 3054 4702 Λέὸελλος
3080 4638 3354 4708 περιέχων
3383 4638 3571 4692 πάντα
3603 4632 3665 4687 τὰ
3691 4620 3866 4682 uetiti?

676 4729 854 4803 μέγαν
893 4725 1174 4796 Ἰγνὰτιον,
1203 4726 1477 4797 πεμφθεὶς
1503 4727 1640 4799 πρὸς
1667 4728 1934 4784 Νικόλαον
1959 4733 2147 4786 πάπαν
2178 4731 2420 4803 Ῥώμης,
2439 4729 2953 4805 προσωποποιηθεὶς
2975 4727 3080 4781 ὑπὸ
3100 4726 3464 4794 Θεογνὼστου
3491 4717 3713 4795 μοναχοῦ
3733 4712 3863 4776 sal-5F

670 4814 1143 4890 χιμανδρίτοιξτῆς
1171 4813 1552 4884 πρεσϐυτέρας
1589 4814 1835 4887 Ῥώμης,
1875 4819 1972 4871 καὶ
1996 4818 2228 4889 ἐξάρχου
2260 4817 2906 4881 Κωνσταντινουπόλεως,
2936 4817 3016 4879 εἰς
3059 4814 3233 4883 ὄνομα
3274 4812 3555 4882 Ἰγνατίου
3604 4805 3693 4862 τοῦ
3745 4813 3865 4890 "alii"

673 4888 872 4976 ἄρχου·
910 4902 1142 4956 Libellus
1169 4903 1442 4957 continens
1472 4913 1638 4958 totam
1675 4907 1853 4976 magni
1885 4905 2087 4977 Ignatii
2119 4888 2356 4972 causam,
2389 4908 2581 4960 missus
2617 4909 2687 4959 ad
2722 4903 3005 4957 Nicolaum
3037 4919 3230 4973 papam
3266 4901 3598 4962 Romanum,
3625 4888 3862 4977 conserit!“

671 4971 728 5046 α-
738 4971 1058 5061 Ϋιωορηοειυ
1071 4991 1326 5045 monacho
1341 4999 1390 5045 et
1407 4971 1826 5048 archimandrita
1849 4971 2035 5050 veleris
2053 4994 2256 5060 Romte,
2279 5005 2328 5050 et
2345 4995 2572 5050 exercito
2592 4971 3138 5061 Constantinopoleos,
3159 4992 3368 5044 nomine
3390 4986 3604 5059 Ignatii
3618 4971 3863 5051 patriarcha.

748 5078 840 5133 IX.
871 5080 1031 5133 Hunc
1071 5078 1333 5142 libellum,
1366 5079 1637 5145 miserias,
1671 5096 1812 5150 quas
1837 5082 2079 5153 Ignatius
2101 5082 2155 5136 in
2195 5082 2391 5138 exsilio
2419 5097 2617 5152 passus
2639 5089 2778 5146 erat,
2813 5079 3036 5134 Nicolao
3063 5078 3081 5131 l
3106 5076 3346 5147 pontiﬁci
3377 5075 3638 5130 Romano
3661 5072 3862 5153 πατηθὲν·

677 5179 812 5234 tem,
839 5167 1054 5223 orditur
1078 5166 1146 5222 ab
1175 5166 1344 5222 initiis
1397 5168 1594 5232 exsilii,
1629 5169 1774 5239 quod
1808 5152 2045 5240 Ignatius
2081 5186 2134 5225 a.
2161 5169 2223 5226 C.
2256 5171 2361 5227 858
2395 5170 2584 5236 subiit,
2614 5168 2875 5224 terminat
2912 5166 2966 5220 in
2995 5164 3146 5221 Actis
3175 5152 3766 5232 Constantinopolitani
3787 5159 3861 5204 colt

679 5256 810 5321 cilii,
849 5255 993 5323 quod
1025 5254 1290 5325 lgnatium
1321 5255 1634 5322 damnavit,
1673 5273 1723 5310 a.
1754 5272 1803 5312 c.
1835 5257 1958 5312 861.

749 5341 817 5396 X.
869 5341 1079 5399 Prodiit
1120 5341 1306 5396 Graece
1353 5349 1406 5396 et
1445 5341 1672 5410 Latine,
1703 5345 1998 5414 interprete
2044 5345 2296 5402 Matthseo
2322 5345 2558 5409 Radere,
2599 5343 2814 5400 concilii
2847 5340 3449 5411 Constantinopolitani
3501 5355 3555 5394 Iv
3585 5381 3602 5404 ,
3630 5330 3757 5406 quod
3781 5327 3860 5414 ltilir

679 5431 1012 5486 mcumenica
1042 5430 1180 5485 solet
1209 5439 1460 5484 octavum
1494 5434 1802 5498 nominari,
1845 5409 1996 5490 Actis
2022 5433 2226 5490 Graecis
2280 5435 2598 5505 praemissus
2621 5475 2635 5501 ,
2668 5432 3038 5490 Conciliorum
3101 5409 3236 5487 tom.
3273 5430 3384 5495 VL,
3436 5427 3665 5484 Parisiis
3699 5409 3862 5476 4655:“

679 5515 782 5572 iol.
814 5535 828 5584 ;
861 5527 1006 5575 tome
1045 5515 1182 5582 Vlll,
1216 5517 1374 5587 ibid.,
1412 5517 1572 5585 lti7l,
1601 5520 1652 5574 in
1685 5520 1780 5575 fol.
