  <div class='ocr_page' id='page_1' title='image "/cluster/home/n/w/nwhite01/storage/ocr_20150623/105/coo.31924054870096/444.png"; bbox 0 0 4048 6466; ppageno 0'>
   <div class='ocr_carea' id='block_1_1' title="bbox 275 515 374 582">
    <p class='ocr_par' dir='ltr' id='par_1_1' title="bbox 275 515 374 582">
     <span class='ocr_line' id='line_1_1' title="bbox 275 515 374 582; baseline -0.01 0"><span class='ocrx_word' id='word_1_1' title='bbox 275 515 374 582; x_wconf 72' lang='grc'><strong>849</strong></span> 
     </span>
    </p>
   </div>
   <div class='ocr_carea' id='block_1_2' title="bbox 1635 662 1678 670">
    <p class='ocr_par' dir='ltr' id='par_1_2' title="bbox 1635 662 1678 670">
     <span class='ocr_line' id='line_1_2' title="bbox 1635 662 1678 670; baseline 0 0"><span class='ocrx_word' id='word_1_2' title='bbox 1635 662 1678 670; x_wconf 59' lang='grc' dir='ltr'><strong>ςα-</strong></span> 
     </span>
    </p>
   </div>
   <div class='ocr_carea' id='block_1_3' title="bbox 1267 512 3497 576">
    <p class='ocr_par' dir='ltr' id='par_1_3' title="bbox 1267 512 3497 576">
     <span class='ocr_line' id='line_1_3' title="bbox 1267 512 3497 576; baseline 0 -2"><span class='ocrx_word' id='word_1_3' title='bbox 1267 513 1670 575; x_wconf 80' lang='lat' dir='ltr'><strong>ENCOMIUM</strong></span> <span class='ocrx_word' id='word_1_4' title='bbox 1711 515 1792 575; x_wconf 82' lang='lat' dir='ltr'><strong>IN</strong></span> <span class='ocrx_word' id='word_1_5' title='bbox 1821 514 2076 575; x_wconf 80' lang='lat' dir='ltr'><strong>OMNES</strong></span> <span class='ocrx_word' id='word_1_6' title='bbox 2114 514 2463 575; x_wconf 82' lang='lat' dir='ltr'><strong>SANCTOS.</strong></span> <span class='ocrx_word' id='word_1_7' title='bbox 3384 512 3497 576; x_wconf 76' lang='lat'><strong>850</strong></span> 
     </span>
    </p>
   </div>
   <div class='ocr_carea' id='block_1_4' title="bbox 296 661 2098 692">
    <p class='ocr_par' dir='ltr' id='par_1_4' title="bbox 819 662 1678 682">
     <span class='ocr_line' id='line_1_4' title="bbox 819 662 1678 682; baseline -0.003 -15"><span class='ocrx_word' id='word_1_8' title='bbox 819 664 822 667; x_wconf 91' lang='lat'><strong>.</strong></span> <span class='ocrx_word' id='word_1_9' title='bbox 1345 663 1377 668; x_wconf 70' lang='lat'><strong>._</strong></span> <span class='ocrx_word' id='word_1_10' title='bbox 1553 673 1588 682; x_wconf 23' lang='grc' dir='ltr'><strong>η,</strong></span> <span class='ocrx_word' id='word_1_11' title='bbox 1635 662 1678 670; x_wconf 65' lang='grc'><strong>,,</strong></span> 
     </span>
    </p>
   </div>
   <div class='ocr_carea' id='block_1_5' title="bbox 935 823 2828 946">
    <p class='ocr_par' dir='ltr' id='par_1_5' title="bbox 935 823 2828 946">
     <span class='ocr_line' id='line_1_5' title="bbox 935 823 2828 946; baseline -0.003 -2"><span class='ocrx_word' id='word_1_12' title='bbox 935 825 1978 946; x_wconf 74' lang='grc' dir='ltr'><strong>ΘΕΟΓΝΩΣΤΟΥ.</strong></span> <span class='ocrx_word' id='word_1_13' title='bbox 2045 823 2828 941; x_wconf 83' lang='grc' dir='ltr'><strong>ΜΟΝΑΧΟΥ</strong></span> 
     </span>
    </p>
   </div>
   <div class='ocr_carea' id='block_1_6' title="bbox 729 1039 3042 1140">
    <p class='ocr_par' dir='ltr' id='par_1_6' title="bbox 729 1039 3042 1140">
     <span class='ocr_line' id='line_1_6' title="bbox 729 1039 3042 1140; baseline -0.008 0"><span class='ocrx_word' id='word_1_14' title='bbox 729 1047 1313 1140; x_wconf 87' lang='grc' dir='ltr'><strong>ΕΓΚΩΜΙΟΝ</strong></span> <span class='ocrx_word' id='word_1_15' title='bbox 1403 1046 1577 1134; x_wconf 91' lang='grc' dir='ltr'><strong>ΕΙΣ</strong></span> <span class='ocrx_word' id='word_1_16' title='bbox 1661 1044 1954 1133; x_wconf 88' lang='grc' dir='ltr'><strong>ΤΟΥΣ</strong></span> <span class='ocrx_word' id='word_1_17' title='bbox 2022 1039 2421 1132; x_wconf 86' lang='grc' dir='ltr'><strong>ΑΓΙΟΥΣ</strong></span> <span class='ocrx_word' id='word_1_18' title='bbox 2494 1043 3042 1134; x_wconf 85' lang='grc' dir='ltr'><strong>ΑΠΑΝΤΑΣ.</strong></span> 
     </span>
    </p>
   </div>
   <div class='ocr_carea' id='block_1_7' title="bbox 1043 1412 2701 1530">
    <p class='ocr_par' dir='ltr' id='par_1_7' title="bbox 1043 1412 2701 1530">
     <span class='ocr_line' id='line_1_7' title="bbox 1043 1412 2701 1530; baseline -0.001 -3"><span class='ocrx_word' id='word_1_19' title='bbox 1043 1412 1964 1530; x_wconf 87' lang='lat' dir='ltr'><strong>THEOGNOSTI</strong></span> <span class='ocrx_word' id='word_1_20' title='bbox 2044 1412 2701 1528; x_wconf 85' lang='lat' dir='ltr'><strong>MONACHI</strong></span> 
     </span>
    </p>
   </div>
   <div class='ocr_carea' id='block_1_8' title="bbox 900 1655 2874 1753">
    <p class='ocr_par' dir='ltr' id='par_1_8' title="bbox 900 1655 2874 1753">
     <span class='ocr_line' id='line_1_8' title="bbox 900 1655 2874 1753; baseline -0.002 -3"><span class='ocrx_word' id='word_1_21' title='bbox 900 1659 1542 1753; x_wconf 85' lang='lat' dir='ltr'><strong>ENCOMIUM</strong></span> <span class='ocrx_word' id='word_1_22' title='bbox 1621 1658 1747 1747; x_wconf 89' lang='lat' dir='ltr'><strong>IN</strong></span> <span class='ocrx_word' id='word_1_23' title='bbox 1841 1655 2248 1750; x_wconf 87' lang='lat' dir='ltr'><strong>OMNES</strong></span> <span class='ocrx_word' id='word_1_24' title='bbox 2320 1656 2874 1752; x_wconf 83' lang='lat' dir='ltr'><strong>SANCTOS.</strong></span> 
     </span>
    </p>
   </div>
   <div class='ocr_carea' id='block_1_9' title="bbox 1377 1850 2356 1914">
    <p class='ocr_par' dir='ltr' id='par_1_9' title="bbox 1377 1850 2356 1914">
     <span class='ocr_line' id='line_1_9' title="bbox 1377 1850 2356 1914; baseline -0.005 -11"><span class='ocrx_word' id='word_1_25' title='bbox 1377 1851 1603 1913; x_wconf 79' lang='lat' dir='ltr'><strong>(Codices</strong></span> <span class='ocrx_word' id='word_1_26' title='bbox 1628 1850 1864 1913; x_wconf 78' lang='lat' dir='ltr'><strong>Noniani,</strong></span> <span class='ocrx_word' id='word_1_27' title='bbox 1887 1865 1935 1914; x_wconf 89' lang='lat' dir='ltr'><strong>p.</strong></span> <span class='ocrx_word' id='word_1_28' title='bbox 1963 1852 2070 1914; x_wconf 70' lang='lat' dir='ltr'><strong>tu,</strong></span> <span class='ocrx_word' id='word_1_29' title='bbox 2092 1851 2202 1901; x_wconf 89' lang='lat' dir='ltr'><strong>cod.</strong></span> <span class='ocrx_word' id='word_1_30' title='bbox 2250 1850 2356 1912; x_wconf 78' lang='lat'><strong>72.)</strong></span> 
     </span>
    </p>
   </div>
   <div class='ocr_carea' id='block_1_10' title="bbox 326 2174 1863 2256">
    <p class='ocr_par' dir='ltr' id='par_1_10' title="bbox 326 2181 1863 2256">
     <span class='ocr_line' id='line_1_10' title="bbox 326 2181 1863 2256; baseline 0 -19"><span class='ocrx_word' id='word_1_31' title='bbox 326 2184 580 2256; x_wconf 69' lang='grc' dir='ltr'>Δαμπρδν</span> <span class='ocrx_word' id='word_1_32' title='bbox 604 2183 666 2237; x_wconf 81' lang='grc' dir='ltr'>τδ</span> <span class='ocrx_word' id='word_1_33' title='bbox 688 2183 786 2252; x_wconf 82' lang='grc' dir='ltr'><strong>τῆς</strong></span> <span class='ocrx_word' id='word_1_34' title='bbox 812 2181 1004 2251; x_wconf 75' lang='grc' dir='ltr'>ἑορτῆς</span> <span class='ocrx_word' id='word_1_35' title='bbox 1033 2182 1210 2253; x_wconf 73' lang='grc' dir='ltr'>ὄμμα,</span> <span class='ocrx_word' id='word_1_36' title='bbox 1245 2185 1338 2237; x_wconf 65' lang='grc' dir='ltr'>καὶ</span> <span class='ocrx_word' id='word_1_37' title='bbox 1368 2185 1594 2255; x_wconf 65' lang='grc' dir='ltr'>φαιδρὸν</span> <span class='ocrx_word' id='word_1_38' title='bbox 1620 2185 1680 2237; x_wconf 77' lang='grc' dir='ltr'><strong>τὸ</strong></span> <span class='ocrx_word' id='word_1_39' title='bbox 1710 2185 1808 2253; x_wconf 83' lang='grc' dir='ltr'>τῆς</span> <span class='ocrx_word' id='word_1_40' title='bbox 1843 2183 1863 2237; x_wconf 67' lang='grc' dir='ltr'><strong><em>Α</em></strong></span> 
     </span>
    </p>
   </div>
   <div class='ocr_carea' id='block_1_11' title="bbox 1943 2174 3515 2256">
    <p class='ocr_par' dir='ltr' id='par_1_11' title="bbox 1986 2174 3515 2250">
     <span class='ocr_line' id='line_1_11' title="bbox 1986 2174 3515 2250; baseline -0.005 -14"><span class='ocrx_word' id='word_1_41' title='bbox 1986 2181 2330 2250; x_wconf 74' lang='lat' dir='ltr'><strong>Magniﬁcum</strong></span> <span class='ocrx_word' id='word_1_42' title='bbox 2389 2180 2698 2238; x_wconf 68' lang='lat' dir='ltr'><strong>festivitatis</strong></span> <span class='ocrx_word' id='word_1_43' title='bbox 2755 2179 3152 2249; x_wconf 83' lang='lat' dir='ltr'><strong>spectaculum,</strong></span> <span class='ocrx_word' id='word_1_44' title='bbox 3226 2183 3281 2231; x_wconf 90' lang='lat' dir='ltr'><strong>et</strong></span> <span class='ocrx_word' id='word_1_45' title='bbox 3334 2174 3515 2229; x_wconf 85' lang='lat' dir='ltr'><strong>alacre</strong></span> 
     </span>
    </p>
   </div>
   <div class='ocr_carea' id='block_1_12' title="bbox 249 2272 1813 2346">
    <p class='ocr_par' dir='ltr' id='par_1_12' title="bbox 249 2272 1813 2346">
     <span class='ocr_line' id='line_1_12' title="bbox 249 2272 1813 2346; baseline -0.002 -16"><span class='ocrx_word' id='word_1_46' title='bbox 249 2275 476 2344; x_wconf 75' lang='grc' dir='ltr'><strong>ἐκλογῆς</strong></span> <span class='ocrx_word' id='word_1_47' title='bbox 504 2272 688 2346; x_wconf 79' lang='grc' dir='ltr'><strong>ᾆσμα·</strong></span> <span class='ocrx_word' id='word_1_48' title='bbox 727 2275 930 2346; x_wconf 84' lang='grc' dir='ltr'><strong>πρέπει</strong></span> <span class='ocrx_word' id='word_1_49' title='bbox 971 2275 1079 2346; x_wconf 84' lang='grc' dir='ltr'>γὰρ</span> <span class='ocrx_word' id='word_1_50' title='bbox 1109 2276 1240 2345; x_wconf 77' lang='grc' dir='ltr'>ἡμῖν</span> <span class='ocrx_word' id='word_1_51' title='bbox 1270 2276 1532 2346; x_wconf 79' lang='grc' dir='ltr'><strong>ᾀσμάτων</strong></span> <span class='ocrx_word' id='word_1_52' title='bbox 1561 2275 1813 2345; x_wconf 79' lang='grc' dir='ltr'>ἐκλογὴν,</span> 
     </span>
    </p>
   </div>
   <div class='ocr_carea' id='block_1_13' title="bbox 248 2364 1816 2434">
    <p class='ocr_par' dir='ltr' id='par_1_13' title="bbox 248 2364 1816 2434">
     <span class='ocr_line' id='line_1_13' title="bbox 248 2364 1816 2434; baseline 0.001 -18"><span class='ocrx_word' id='word_1_53' title='bbox 248 2367 364 2426; x_wconf 87' lang='grc' dir='ltr'>τοίς</span> <span class='ocrx_word' id='word_1_54' title='bbox 389 2364 493 2417; x_wconf 82' lang='grc' dir='ltr'><strong>τῶν</strong></span> <span class='ocrx_word' id='word_1_55' title='bbox 535 2365 792 2434; x_wconf 75' lang='grc' dir='ltr'><strong>ᾀσμάτων</strong></span> <span class='ocrx_word' id='word_1_56' title='bbox 821 2364 1026 2434; x_wconf 76' lang='grc' dir='ltr'><strong>κυρίοις</strong></span> <span class='ocrx_word' id='word_1_57' title='bbox 1054 2365 1318 2432; x_wconf 80' lang='grc' dir='ltr'>ὲκφωνεῖν</span> <span class='ocrx_word' id='word_1_58' title='bbox 1346 2365 1442 2418; x_wconf 78' lang='grc' dir='ltr'><strong>καὶ</strong></span> <span class='ocrx_word' id='word_1_59' title='bbox 1474 2364 1816 2432; x_wconf 80' lang='grc' dir='ltr'>σεϐάσματα.</span> 
     </span>
    </p>
   </div>
   <div class='ocr_carea' id='block_1_14' title="bbox 264 2451 1818 2527">
    <p class='ocr_par' dir='ltr' id='par_1_14' title="bbox 264 2451 1818 2527">
     <span class='ocr_line' id='line_1_14' title="bbox 264 2451 1818 2527; baseline 0.002 -20"><span class='ocrx_word' id='word_1_60' title='bbox 264 2456 408 2508; x_wconf 84' lang='grc' dir='ltr'>Ἀλλ’</span> <span class='ocrx_word' id='word_1_61' title='bbox 431 2451 586 2526; x_wconf 76' lang='grc' dir='ltr'>οἶμαι</span> <span class='ocrx_word' id='word_1_62' title='bbox 610 2457 940 2527; x_wconf 81' lang='grc' dir='ltr'>ἀρξάμενον,</span> <span class='ocrx_word' id='word_1_63' title='bbox 961 2474 1022 2509; x_wconf 93' lang='grc' dir='ltr'><strong>να</strong></span> <span class='ocrx_word' id='word_1_64' title='bbox 1035 2457 1243 2525; x_wconf 85' lang='grc' dir='ltr'>ρκῶσαι</span> <span class='ocrx_word' id='word_1_65' title='bbox 1269 2456 1403 2527; x_wconf 78' lang='grc' dir='ltr'>πρὸς</span> <span class='ocrx_word' id='word_1_66' title='bbox 1425 2457 1524 2526; x_wconf 84' lang='grc' dir='ltr'><strong>τὴν</strong></span> <span class='ocrx_word' id='word_1_67' title='bbox 1547 2455 1702 2521; x_wconf 79' lang='grc' dir='ltr'>ἀξίαν</span> <span class='ocrx_word' id='word_1_68' title='bbox 1724 2457 1818 2510; x_wconf 81' lang='grc' dir='ltr'><strong>τοῦ</strong></span> 
     </span>
    </p>
   </div>
   <div class='ocr_carea' id='block_1_15' title="bbox 248 2547 1822 2618">
    <p class='ocr_par' dir='ltr' id='par_1_15' title="bbox 248 2547 1822 2618">
     <span class='ocr_line' id='line_1_15' title="bbox 248 2547 1822 2618; baseline 0 -17"><span class='ocrx_word' id='word_1_69' title='bbox 248 2547 415 2614; x_wconf 79' lang='grc' dir='ltr'>λόγου</span> <span class='ocrx_word' id='word_1_70' title='bbox 444 2547 756 2618; x_wconf 73' lang='grc' dir='ltr'>προφορὰν·</span> <span class='ocrx_word' id='word_1_71' title='bbox 788 2547 1108 2618; x_wconf 78' lang='grc' dir='ltr'>ὑπερϐαίνει</span> <span class='ocrx_word' id='word_1_72' title='bbox 1143 2547 1249 2618; x_wconf 85' lang='grc' dir='ltr'>γὰρ</span> <span class='ocrx_word' id='word_1_73' title='bbox 1290 2549 1439 2617; x_wconf 79' lang='grc' dir='ltr'>ἡμᾶς</span> <span class='ocrx_word' id='word_1_74' title='bbox 1473 2547 1572 2614; x_wconf 77' lang='grc' dir='ltr'>τὴν</span> <span class='ocrx_word' id='word_1_75' title='bbox 1615 2548 1822 2618; x_wconf 72' lang='grc' dir='ltr'>εὐφραο</span> 
     </span>
    </p>
   </div>
   <div class='ocr_carea' id='block_1_16' title="bbox 249 2636 1821 2708">
    <p class='ocr_par' dir='ltr' id='par_1_16' title="bbox 249 2636 1821 2708">
     <span class='ocr_line' id='line_1_16' title="bbox 249 2636 1821 2708; baseline -0.001 -16"><span class='ocrx_word' id='word_1_76' title='bbox 249 2640 392 2704; x_wconf 86' lang='grc' dir='ltr'>δίαν,</span> <span class='ocrx_word' id='word_1_77' title='bbox 429 2641 460 2706; x_wconf 86' lang='grc' dir='ltr'>ὴ</span> <span class='ocrx_word' id='word_1_78' title='bbox 489 2637 599 2690; x_wconf 83' lang='grc' dir='ltr'>τῶν</span> <span class='ocrx_word' id='word_1_79' title='bbox 632 2638 1039 2708; x_wconf 79' lang='grc' dir='ltr'>πεπραγμένων</span> <span class='ocrx_word' id='word_1_80' title='bbox 1067 2636 1247 2692; x_wconf 81' lang='grc' dir='ltr'>ἄθλων</span> <span class='ocrx_word' id='word_1_81' title='bbox 1290 2637 1610 2691; x_wconf 73' lang='grc' dir='ltr'><strong>πολυτέλεια</strong></span> <span class='ocrx_word' id='word_1_82' title='bbox 1631 2654 1645 2669; x_wconf 78' lang='grc' dir='ltr'><strong><em>ο</em></strong></span> <span class='ocrx_word' id='word_1_83' title='bbox 1677 2637 1740 2690; x_wconf 86' lang='grc' dir='ltr'><strong>τὸ</strong></span> <span class='ocrx_word' id='word_1_84' title='bbox 1763 2638 1821 2691; x_wconf 81' lang='grc' dir='ltr'><strong>δὲ</strong></span> 
     </span>
    </p>
   </div>
   <div class='ocr_carea' id='block_1_17' title="bbox 249 2725 1823 2799">
    <p class='ocr_par' dir='ltr' id='par_1_17' title="bbox 249 2725 1823 2799">
     <span class='ocr_line' id='line_1_17' title="bbox 249 2725 1823 2799; baseline -0.001 -17"><span class='ocrx_word' id='word_1_85' title='bbox 249 2729 580 2798; x_wconf 81' lang='grc' dir='ltr'>ὑπερϐαῖνον</span> <span class='ocrx_word' id='word_1_86' title='bbox 609 2730 688 2791; x_wconf 82' lang='grc' dir='ltr'>εἰς</span> <span class='ocrx_word' id='word_1_87' title='bbox 734 2727 1071 2799; x_wconf 71' lang='grc' dir='ltr'><strong>ἐγχείρησιν,</strong></span> <span class='ocrx_word' id='word_1_88' title='bbox 1103 2726 1534 2798; x_wconf 83' lang='grc' dir='ltr'>δυσχερεστέραν</span> <span class='ocrx_word' id='word_1_89' title='bbox 1581 2725 1695 2798; x_wconf 79' lang='grc' dir='ltr'>ἔχει</span> <span class='ocrx_word' id='word_1_90' title='bbox 1725 2726 1823 2796; x_wconf 80' lang='grc' dir='ltr'><strong>τὴν</strong></span> 
     </span>
    </p>
   </div>
   <div class='ocr_carea' id='block_1_18' title="bbox 247 2817 1822 2890">
    <p class='ocr_par' dir='ltr' id='par_1_18' title="bbox 247 2817 1822 2890">
     <span class='ocr_line' id='line_1_18' title="bbox 247 2817 1822 2890; baseline -0.002 -17"><span class='ocrx_word' id='word_1_91' title='bbox 247 2818 350 2873; x_wconf 71' lang='grc' dir='ltr'>τοῦ</span> <span class='ocrx_word' id='word_1_92' title='bbox 375 2820 749 2890; x_wconf 78' lang='grc' dir='ltr'>σκοπουμένου</span> <span class='ocrx_word' id='word_1_93' title='bbox 779 2817 1117 2887; x_wconf 86' lang='grc' dir='ltr'>κατόρθωσιν</span> <span class='ocrx_word' id='word_1_94' title='bbox 1137 2833 1150 2846; x_wconf 90' lang='grc'>·</span> <span class='ocrx_word' id='word_1_95' title='bbox 1198 2817 1317 2880; x_wconf 84' lang='grc' dir='ltr'><strong>πῶς</strong></span> <span class='ocrx_word' id='word_1_96' title='bbox 1359 2818 1466 2890; x_wconf 81' lang='grc' dir='ltr'>γὰρ</span> <span class='ocrx_word' id='word_1_97' title='bbox 1506 2817 1572 2871; x_wconf 85' lang='grc' dir='ltr'>ἂν</span> <span class='ocrx_word' id='word_1_98' title='bbox 1602 2817 1822 2888; x_wconf 72' lang='grc' dir='ltr'>ἐξερεύ-</span> 
     </span>
    </p>
   </div>
   <div class='ocr_carea' id='block_1_19' title="bbox 249 2908 1826 2981">
    <p class='ocr_par' dir='ltr' id='par_1_19' title="bbox 249 2908 1826 2981">
     <span class='ocr_line' id='line_1_19' title="bbox 249 2908 1826 2981; baseline 0.001 -18"><span class='ocrx_word' id='word_1_99' title='bbox 249 2910 436 2981; x_wconf 81' lang='grc' dir='ltr'>εωμαι</span> <span class='ocrx_word' id='word_1_100' title='bbox 467 2914 581 2974; x_wconf 79' lang='grc' dir='ltr'>τοῖς</span> <span class='ocrx_word' id='word_1_101' title='bbox 613 2911 849 2981; x_wconf 82' lang='grc' dir='ltr'>χείλεσιν</span> <span class='ocrx_word' id='word_1_102' title='bbox 882 2909 1071 2980; x_wconf 80' lang='grc' dir='ltr'>ὕμνον,</span> <span class='ocrx_word' id='word_1_103' title='bbox 1106 2909 1426 2973; x_wconf 82' lang='grc' dir='ltr'>όιδίστακτος</span> <span class='ocrx_word' id='word_1_104' title='bbox 1478 2908 1553 2964; x_wconf 82' lang='grc' dir='ltr'>ὢν</span> <span class='ocrx_word' id='word_1_105' title='bbox 1603 2911 1826 2964; x_wconf 87' lang='grc' dir='ltr'>δικαιω-</span> 
     </span>
    </p>
   </div>
   <div class='ocr_carea' id='block_1_20' title="bbox 247 2999 1825 3071">
    <p class='ocr_par' dir='ltr' id='par_1_20' title="bbox 247 2999 1825 3071">
     <span class='ocr_line' id='line_1_20' title="bbox 247 2999 1825 3071; baseline 0.001 -18"><span class='ocrx_word' id='word_1_106' title='bbox 247 3001 441 3070; x_wconf 73' lang='grc' dir='ltr'>μάτων</span> <span class='ocrx_word' id='word_1_107' title='bbox 472 3001 629 3064; x_wconf 83' lang='grc' dir='ltr'>Θεοῦ,</span> <span class='ocrx_word' id='word_1_108' title='bbox 673 3000 919 3071; x_wconf 81' lang='grc' dir='ltr'><strong>ἀμύητος</strong></span> <span class='ocrx_word' id='word_1_109' title='bbox 976 2999 1367 3070; x_wconf 78' lang='grc' dir='ltr'>βεϐαιωμάτων</span> <span class='ocrx_word' id='word_1_110' title='bbox 1419 3000 1691 3070; x_wconf 82' lang='grc' dir='ltr'>Χριστοῦ;</span> <span class='ocrx_word' id='word_1_111' title='bbox 1723 3001 1825 3054; x_wconf 81' lang='grc' dir='ltr'><strong>Γέ-</strong></span> 
     </span>
    </p>
   </div>
   <div class='ocr_carea' id='block_1_21' title="bbox 243 3091 1827 3163">
    <p class='ocr_par' dir='ltr' id='par_1_21' title="bbox 243 3091 1827 3163">
     <span class='ocr_line' id='line_1_21' title="bbox 243 3091 1827 3163; baseline 0.002 -19"><span class='ocrx_word' id='word_1_112' title='bbox 243 3108 498 3160; x_wconf 83' lang='grc' dir='ltr'>γραπται</span> <span class='ocrx_word' id='word_1_113' title='bbox 531 3093 639 3163; x_wconf 85' lang='grc' dir='ltr'><strong>γάρ</strong></span> <span class='ocrx_word' id='word_1_114' title='bbox 662 3092 1144 3162; x_wconf 73' lang='grc' dir='ltr'>’Ἐξερεύξονται</span> <span class='ocrx_word' id='word_1_115' title='bbox 1165 3092 1236 3144; x_wconf 84' lang='grc' dir='ltr'>τὰ</span> <span class='ocrx_word' id='word_1_116' title='bbox 1264 3091 1437 3159; x_wconf 82' lang='grc' dir='ltr'>χειλη</span> <span class='ocrx_word' id='word_1_117' title='bbox 1462 3110 1581 3161; x_wconf 83' lang='grc' dir='ltr'><strong>μου</strong></span> <span class='ocrx_word' id='word_1_118' title='bbox 1612 3093 1827 3161; x_wconf 80' lang='grc' dir='ltr'>ὕμνον,</span> 
     </span>
    </p>
   </div>
   <div class='ocr_carea' id='block_1_22' title="bbox 242 3181 1824 3253">
    <p class='ocr_par' dir='ltr' id='par_1_22' title="bbox 242 3181 1824 3253">
     <span class='ocr_line' id='line_1_22' title="bbox 242 3181 1824 3253; baseline 0.002 -17"><span class='ocrx_word' id='word_1_119' title='bbox 242 3183 404 3236; x_wconf 74' lang='grc' dir='ltr'>ὅταν</span> <span class='ocrx_word' id='word_1_120' title='bbox 453 3183 705 3253; x_wconf 78' lang='grc' dir='ltr'><strong>διδάξῃς</strong></span> <span class='ocrx_word' id='word_1_121' title='bbox 743 3201 820 3253; x_wconf 84' lang='grc' dir='ltr'><strong>με</strong></span> <span class='ocrx_word' id='word_1_122' title='bbox 851 3184 923 3236; x_wconf 82' lang='grc' dir='ltr'>τὰ</span> <span class='ocrx_word' id='word_1_123' title='bbox 952 3181 1315 3250; x_wconf 83' lang='grc' dir='ltr'>δικαιώματά</span> <span class='ocrx_word' id='word_1_124' title='bbox 1365 3198 1502 3238; x_wconf 86' lang='grc' dir='ltr'>σου.</span> <span class='ocrx_word' id='word_1_125' title='bbox 1542 3184 1679 3238; x_wconf 81' lang='grc' dir='ltr'>Ἀλλ’</span> <span class='ocrx_word' id='word_1_126' title='bbox 1711 3185 1824 3239; x_wconf 77' lang='grc' dir='ltr'>ἐστι</span> 
     </span>
    </p>
   </div>
   <div class='ocr_carea' id='block_1_23' title="bbox 243 3274 1816 3346">
    <p class='ocr_par' dir='ltr' id='par_1_23' title="bbox 243 3274 1816 3346">
     <span class='ocr_line' id='line_1_23' title="bbox 243 3274 1816 3346; baseline 0.001 -18"><span class='ocrx_word' id='word_1_127' title='bbox 243 3275 348 3328; x_wconf 75' lang='grc' dir='ltr'>καὶ</span> <span class='ocrx_word' id='word_1_128' title='bbox 379 3275 534 3344; x_wconf 86' lang='grc' dir='ltr'>λόγος</span> <span class='ocrx_word' id='word_1_129' title='bbox 575 3277 936 3346; x_wconf 85' lang='grc' dir='ltr'>πανεύπορος.</span> <span class='ocrx_word' id='word_1_130' title='bbox 963 3275 1104 3344; x_wconf 80' lang='grc' dir='ltr'>ὑπὲρ</span> <span class='ocrx_word' id='word_1_131' title='bbox 1132 3274 1288 3343; x_wconf 88' lang='grc' dir='ltr'>λόγον</span> <span class='ocrx_word' id='word_1_132' title='bbox 1318 3275 1458 3344; x_wconf 78' lang='grc' dir='ltr'>ἔχων</span> <span class='ocrx_word' id='word_1_133' title='bbox 1503 3277 1594 3329; x_wconf 75' lang='grc' dir='ltr'><strong>τὸν</strong></span> <span class='ocrx_word' id='word_1_134' title='bbox 1639 3276 1816 3344; x_wconf 82' lang='grc' dir='ltr'>λόγον,</span> 
     </span>
    </p>
   </div>
   <div class='ocr_carea' id='block_1_24' title="bbox 243 3366 1832 3442">
    <p class='ocr_par' dir='ltr' id='par_1_24' title="bbox 243 3366 1832 3442">
     <span class='ocr_line' id='line_1_24' title="bbox 243 3366 1832 3442; baseline 0.001 -20"><span class='ocrx_word' id='word_1_135' title='bbox 243 3368 534 3440; x_wconf 76' lang='grc' dir='ltr'>θησαυρὸν</span> <span class='ocrx_word' id='word_1_136' title='bbox 564 3366 702 3438; x_wconf 77' lang='grc' dir='ltr'>ἔχων</span> <span class='ocrx_word' id='word_1_137' title='bbox 727 3367 984 3439; x_wconf 76' lang='grc' dir='ltr'>χορηγὸν,</span> <span class='ocrx_word' id='word_1_138' title='bbox 1037 3366 1264 3430; x_wconf 76' lang='grc' dir='ltr'>ἑννοίας-</span> <span class='ocrx_word' id='word_1_139' title='bbox 1297 3367 1564 3435; x_wconf 83' lang='grc' dir='ltr'>εὐσεϐεῖς,</span> <span class='ocrx_word' id='word_1_140' title='bbox 1604 3370 1698 3424; x_wconf 78' lang='grc' dir='ltr'><strong>καὶ</strong></span> <span class='ocrx_word' id='word_1_141' title='bbox 1731 3372 1832 3442; x_wconf 78' lang='grc' dir='ltr'><strong>ῥη-</strong></span> 
     </span>
    </p>
   </div>
   <div class='ocr_carea' id='block_1_25' title="bbox 244 3460 1833 3534">
    <p class='ocr_par' dir='ltr' id='par_1_25' title="bbox 244 3460 1833 3534">
     <span class='ocr_line' id='line_1_25' title="bbox 244 3460 1833 3534; baseline 0.001 -20"><span class='ocrx_word' id='word_1_142' title='bbox 244 3463 453 3531; x_wconf 82' lang='grc' dir='ltr'>μάτων</span> <span class='ocrx_word' id='word_1_143' title='bbox 483 3462 640 3525; x_wconf 79' lang='grc' dir='ltr'>ἀξίαν</span> <span class='ocrx_word' id='word_1_144' title='bbox 665 3461 987 3531; x_wconf 77' lang='grc' dir='ltr'>εὑφραδίαν,</span> <span class='ocrx_word' id='word_1_145' title='bbox 1020 3461 1157 3532; x_wconf 81' lang='grc' dir='ltr'>πρὸς</span> <span class='ocrx_word' id='word_1_146' title='bbox 1186 3460 1243 3513; x_wconf 84' lang='grc' dir='ltr'>ὃν</span> <span class='ocrx_word' id='word_1_147' title='bbox 1275 3461 1705 3532; x_wconf 78' lang='grc' dir='ltr'>ἐπερειδόμενος,</span> <span class='ocrx_word' id='word_1_148' title='bbox 1733 3463 1833 3534; x_wconf 83' lang='grc' dir='ltr'><strong>ἄρ-</strong></span> 
     </span>
    </p>
   </div>
   <div class='ocr_carea' id='block_1_26' title="bbox 238 3543 1833 3620">
    <p class='ocr_par' dir='ltr' id='par_1_26' title="bbox 238 3543 1833 3620">
     <span class='ocr_line' id='line_1_26' title="bbox 238 3543 1833 3620; baseline 0 -18"><span class='ocrx_word' id='word_1_149' title='bbox 238 3550 426 3618; x_wconf 69' lang='grc' dir='ltr'>ξομαι</span> <span class='ocrx_word' id='word_1_150' title='bbox 452 3551 634 3617; x_wconf 83' lang='grc' dir='ltr'>λέγειν</span> <span class='ocrx_word' id='word_1_151' title='bbox 680 3550 833 3617; x_wconf 84' lang='grc' dir='ltr'>λόγια</span> <span class='ocrx_word' id='word_1_152' title='bbox 875 3548 1074 3619; x_wconf 83' lang='grc' dir='ltr'>ἀληθῆ.</span> <span class='ocrx_word' id='word_1_153' title='bbox 1115 3549 1368 3620; x_wconf 88' lang='grc' dir='ltr'>Ὀρθίους</span> <span class='ocrx_word' id='word_1_154' title='bbox 1400 3543 1493 3602; x_wconf 80' lang='grc' dir='ltr'>οὖν</span> <span class='ocrx_word' id='word_1_155' title='bbox 1535 3547 1634 3611; x_wconf 69' lang='grc' dir='ltr'>τὰς</span> <span class='ocrx_word' id='word_1_156' title='bbox 1663 3550 1833 3612; x_wconf 77' lang='grc' dir='ltr'>ἀκοὰς</span> 
     </span>
    </p>
   </div>
   <div class='ocr_carea' id='block_1_27' title="bbox 237 3635 1838 3709">
    <p class='ocr_par' dir='ltr' id='par_1_27' title="bbox 237 3635 1838 3709">
     <span class='ocr_line' id='line_1_27' title="bbox 237 3635 1838 3709; baseline -0.002 -17"><span class='ocrx_word' id='word_1_157' title='bbox 237 3640 580 3709; x_wconf 86' lang='grc' dir='ltr'>στήσαντες,</span> <span class='ocrx_word' id='word_1_158' title='bbox 609 3641 904 3709; x_wconf 71' lang='grc' dir='ltr'>ἀγαπητοὶ,</span> <span class='ocrx_word' id='word_1_159' title='bbox 929 3639 1028 3708; x_wconf 81' lang='grc' dir='ltr'><strong>τὴν</strong></span> <span class='ocrx_word' id='word_1_160' title='bbox 1056 3635 1150 3690; x_wconf 83' lang='grc' dir='ltr'>τοῦ</span> <span class='ocrx_word' id='word_1_161' title='bbox 1180 3637 1444 3708; x_wconf 78' lang='grc' dir='ltr'>παρόντος</span> <span class='ocrx_word' id='word_1_162' title='bbox 1471 3637 1838 3708; x_wconf 83' lang='grc' dir='ltr'>συγγράμμα-</span> 
     </span>
    </p>
   </div>
   <div class='ocr_carea' id='block_1_28' title="bbox 234 3727 1840 3800">
    <p class='ocr_par' dir='ltr' id='par_1_28' title="bbox 234 3727 1840 3800">
     <span class='ocr_line' id='line_1_28' title="bbox 234 3727 1840 3800; baseline -0.001 -18"><span class='ocrx_word' id='word_1_163' title='bbox 234 3747 347 3792; x_wconf 84' lang='grc' dir='ltr'><strong>τος</strong></span> <span class='ocrx_word' id='word_1_164' title='bbox 367 3730 642 3800; x_wconf 67' lang='grc' dir='ltr'>ἐπιμελῶς</span> <span class='ocrx_word' id='word_1_165' title='bbox 670 3729 891 3794; x_wconf 75' lang='grc' dir='ltr'>δέξασθε</span> <span class='ocrx_word' id='word_1_166' title='bbox 917 3729 1168 3798; x_wconf 84' lang='grc' dir='ltr'>διήγησιν</span> <span class='ocrx_word' id='word_1_167' title='bbox 1189 3745 1202 3759; x_wconf 71' lang='grc' dir='ltr'>σ</span> <span class='ocrx_word' id='word_1_168' title='bbox 1231 3727 1517 3783; x_wconf 76' lang='grc' dir='ltr'>ἐπίσταται</span> <span class='ocrx_word' id='word_1_169' title='bbox 1547 3728 1655 3798; x_wconf 78' lang='grc' dir='ltr'>γὰρ</span> <span class='ocrx_word' id='word_1_170' title='bbox 1674 3729 1707 3799; x_wconf 79' lang='grc' dir='ltr'>ἡ</span> <span class='ocrx_word' id='word_1_171' title='bbox 1729 3727 1840 3781; x_wconf 86' lang='grc' dir='ltr'><strong>τῶν</strong></span> 
     </span>
    </p>
   </div>
   <div class='ocr_carea' id='block_1_29' title="bbox 184 3813 1840 3890">
    <p class='ocr_par' dir='ltr' id='par_1_29' title="bbox 184 3813 1840 3890">
     <span class='ocr_line' id='line_1_29' title="bbox 184 3813 1840 3890; baseline -0.002 -16"><span class='ocrx_word' id='word_1_172' title='bbox 184 3881 190 3884; x_wconf 96' lang='lat'><em>_</em></span> <span class='ocrx_word' id='word_1_173' title='bbox 237 3821 592 3890; x_wconf 82' lang='grc' dir='ltr'>κρειττόνων</span> <span class='ocrx_word' id='word_1_174' title='bbox 622 3820 907 3890; x_wconf 83' lang='grc' dir='ltr'>ἀκρόασις,</span> <span class='ocrx_word' id='word_1_175' title='bbox 939 3817 1076 3889; x_wconf 86' lang='grc' dir='ltr'>πρὸς</span> <span class='ocrx_word' id='word_1_176' title='bbox 1105 3817 1203 3887; x_wconf 78' lang='grc' dir='ltr'><strong>τὴν</strong></span> <span class='ocrx_word' id='word_1_177' title='bbox 1236 3817 1345 3871; x_wconf 88' lang='grc' dir='ltr'><strong>τῶν</strong></span> <span class='ocrx_word' id='word_1_178' title='bbox 1378 3813 1641 3887; x_wconf 77' lang='grc' dir='ltr'>μειζόνων</span> <span class='ocrx_word' id='word_1_179' title='bbox 1680 3818 1840 3870; x_wconf 85' lang='grc' dir='ltr'>οἰκο-</span> 
     </span>
    </p>
   </div>
   <div class='ocr_carea' id='block_1_30' title="bbox 234 3908 1750 3984">
    <p class='ocr_par' dir='ltr' id='par_1_30' title="bbox 234 3908 1750 3984">
     <span class='ocr_line' id='line_1_30' title="bbox 234 3908 1750 3984; baseline -0.003 -18"><span class='ocrx_word' id='word_1_180' title='bbox 234 3911 438 3984; x_wconf 79' lang='grc' dir='ltr'>δομὴν</span> <span class='ocrx_word' id='word_1_181' title='bbox 467 3911 628 3980; x_wconf 81' lang='grc' dir='ltr'>ἄγειν</span> <span class='ocrx_word' id='word_1_182' title='bbox 652 3913 778 3974; x_wconf 85' lang='grc' dir='ltr'>τοὺς</span> <span class='ocrx_word' id='word_1_183' title='bbox 802 3910 1075 3981; x_wconf 73' lang='grc' dir='ltr'>ἐπιμελῶς</span> <span class='ocrx_word' id='word_1_184' title='bbox 1098 3909 1448 3973; x_wconf 76' lang='grc' dir='ltr'>ὲνωτίζεσθαι</span> <span class='ocrx_word' id='word_1_185' title='bbox 1477 3908 1750 3970; x_wconf 82' lang='grc' dir='ltr'><strong>θέλοντας.</strong></span> 
     </span>
    </p>
   </div>
   <div class='ocr_carea' id='block_1_31' title="bbox 327 3999 1841 4073">
    <p class='ocr_par' dir='ltr' id='par_1_31' title="bbox 327 3999 1841 4073">
     <span class='ocr_line' id='line_1_31' title="bbox 327 3999 1841 4073; baseline -0.001 -18"><span class='ocrx_word' id='word_1_186' title='bbox 327 4002 673 4072; x_wconf 79' lang='grc' dir='ltr'>Πολύανδρος</span> <span class='ocrx_word' id='word_1_187' title='bbox 703 4004 734 4073; x_wconf 83' lang='grc' dir='ltr'>ἡ</span> <span class='ocrx_word' id='word_1_188' title='bbox 762 4001 869 4057; x_wconf 85' lang='grc' dir='ltr'>τῶν</span> <span class='ocrx_word' id='word_1_189' title='bbox 893 4001 1119 4069; x_wconf 79' lang='grc' dir='ltr'>ἀγώνων</span> <span class='ocrx_word' id='word_1_190' title='bbox 1153 4000 1510 4070; x_wconf 75' lang='grc' dir='ltr'>ἀνδραγαθία,</span> <span class='ocrx_word' id='word_1_191' title='bbox 1540 4002 1635 4054; x_wconf 72' lang='grc' dir='ltr'><strong>καὶ</strong></span> <span class='ocrx_word' id='word_1_192' title='bbox 1673 3999 1841 4053; x_wconf 82' lang='grc' dir='ltr'>πολύ-</span> 
     </span>
    </p>
   </div>
   <div class='ocr_carea' id='block_1_32' title="bbox 232 4093 1844 4168">
    <p class='ocr_par' dir='ltr' id='par_1_32' title="bbox 232 4093 1844 4168">
     <span class='ocr_line' id='line_1_32' title="bbox 232 4093 1844 4168; baseline -0.003 -18"><span class='ocrx_word' id='word_1_193' title='bbox 232 4113 472 4166; x_wconf 76' lang='grc' dir='ltr'>τροπος</span> <span class='ocrx_word' id='word_1_194' title='bbox 494 4097 526 4167; x_wconf 76' lang='grc' dir='ltr'>ἡ</span> <span class='ocrx_word' id='word_1_195' title='bbox 551 4097 656 4148; x_wconf 85' lang='grc' dir='ltr'>τῶν</span> <span class='ocrx_word' id='word_1_196' title='bbox 678 4094 855 4149; x_wconf 77' lang='grc' dir='ltr'>ἄθλων</span> <span class='ocrx_word' id='word_1_197' title='bbox 880 4094 1160 4168; x_wconf 79' lang='grc' dir='ltr'>προθυμία</span> <span class='ocrx_word' id='word_1_198' title='bbox 1179 4109 1192 4121; x_wconf 83' lang='grc'><em>’</em></span> <span class='ocrx_word' id='word_1_199' title='bbox 1221 4095 1280 4148; x_wconf 81' lang='grc' dir='ltr'><strong>οὺ</strong></span> <span class='ocrx_word' id='word_1_200' title='bbox 1320 4093 1429 4163; x_wconf 83' lang='grc' dir='ltr'><strong>γὰρ</strong></span> <span class='ocrx_word' id='word_1_201' title='bbox 1461 4094 1596 4164; x_wconf 76' lang='grc' dir='ltr'>πρὸς</span> <span class='ocrx_word' id='word_1_202' title='bbox 1628 4093 1723 4146; x_wconf 71' lang='grc' dir='ltr'><strong>ἕνα</strong></span> <span class='ocrx_word' id='word_1_203' title='bbox 1749 4093 1844 4146; x_wconf 78' lang='grc' dir='ltr'>καὶ</span> 
     </span>
    </p>
   </div>
   <div class='ocr_carea' id='block_1_33' title="bbox 231 4185 1842 4258">
    <p class='ocr_par' dir='ltr' id='par_1_33' title="bbox 231 4185 1842 4258">
     <span class='ocr_line' id='line_1_33' title="bbox 231 4185 1842 4258; baseline -0.004 -15"><span class='ocrx_word' id='word_1_204' title='bbox 231 4189 353 4243; x_wconf 81' lang='grc' dir='ltr'><strong>δύο</strong></span> <span class='ocrx_word' id='word_1_205' title='bbox 388 4189 425 4258; x_wconf 80' lang='grc' dir='ltr'><strong>ἢ</strong></span> <span class='ocrx_word' id='word_1_206' title='bbox 449 4188 580 4241; x_wconf 86' lang='grc' dir='ltr'>δέκα</span> <span class='ocrx_word' id='word_1_207' title='bbox 609 4187 699 4241; x_wconf 77' lang='grc' dir='ltr'><strong>τὸν</strong></span> <span class='ocrx_word' id='word_1_208' title='bbox 723 4186 1024 4257; x_wconf 79' lang='grc' dir='ltr'>ἁριθμδν,ὁ</span> <span class='ocrx_word' id='word_1_209' title='bbox 1054 4185 1147 4238; x_wconf 82' lang='grc' dir='ltr'><strong>τοῦ</strong></span> <span class='ocrx_word' id='word_1_210' title='bbox 1181 4185 1460 4258; x_wconf 82' lang='grc' dir='ltr'>ὲγκωμίου</span> <span class='ocrx_word' id='word_1_211' title='bbox 1492 4185 1842 4256; x_wconf 77' lang='grc' dir='ltr'>κηρύττεται,</span> 
     </span>
    </p>
   </div>
   <div class='ocr_carea' id='block_1_34' title="bbox 235 4274 1847 4348">
    <p class='ocr_par' dir='ltr' id='par_1_34' title="bbox 235 4274 1847 4348">
     <span class='ocr_line' id='line_1_34' title="bbox 235 4274 1847 4348; baseline -0.002 -17"><span class='ocrx_word' id='word_1_212' title='bbox 235 4277 408 4331; x_wconf 80' lang='grc' dir='ltr'>ἀλλὰ</span> <span class='ocrx_word' id='word_1_213' title='bbox 454 4277 588 4348; x_wconf 84' lang='grc' dir='ltr'>πρὸς</span> <span class='ocrx_word' id='word_1_214' title='bbox 653 4277 882 4348; x_wconf 81' lang='grc' dir='ltr'>ἄπειρον</span> <span class='ocrx_word' id='word_1_215' title='bbox 914 4274 1117 4344; x_wconf 81' lang='grc' dir='ltr'>πλῆθος</span> <span class='ocrx_word' id='word_1_216' title='bbox 1148 4275 1340 4342; x_wconf 83' lang='grc' dir='ltr'>ἁγίων,</span> <span class='ocrx_word' id='word_1_217' title='bbox 1403 4276 1698 4347; x_wconf 83' lang='grc' dir='ltr'>μαρτύρων</span> <span class='ocrx_word' id='word_1_218' title='bbox 1750 4276 1847 4330; x_wconf 79' lang='grc' dir='ltr'><strong>καὶ</strong></span> 
     </span>
    </p>
   </div>
   <div class='ocr_carea' id='block_1_35' title="bbox 231 4359 1846 4436">
    <p class='ocr_par' dir='ltr' id='par_1_35' title="bbox 231 4359 1846 4436">
     <span class='ocr_line' id='line_1_35' title="bbox 231 4359 1846 4436; baseline -0.002 -15"><span class='ocrx_word' id='word_1_219' title='bbox 231 4367 438 4421; x_wconf 88' lang='grc' dir='ltr'>ὁσίων</span> <span class='ocrx_word' id='word_1_220' title='bbox 463 4383 478 4398; x_wconf 88' lang='grc'><strong>·</strong></span> <span class='ocrx_word' id='word_1_221' title='bbox 503 4359 578 4420; x_wconf 83' lang='grc' dir='ltr'>ὦν</span> <span class='ocrx_word' id='word_1_222' title='bbox 605 4367 713 4436; x_wconf 79' lang='grc' dir='ltr'>γὰρ</span> <span class='ocrx_word' id='word_1_223' title='bbox 740 4366 909 4436; x_wconf 84' lang='grc' dir='ltr'>δῆμος</span> <span class='ocrx_word' id='word_1_224' title='bbox 940 4363 1150 4436; x_wconf 82' lang='grc' dir='ltr'>ἀνδρῶν</span> <span class='ocrx_word' id='word_1_225' title='bbox 1175 4364 1478 4435; x_wconf 82' lang='grc' dir='ltr'>ἀριθμῆσαι</span> <span class='ocrx_word' id='word_1_226' title='bbox 1505 4366 1605 4418; x_wconf 85' lang='grc' dir='ltr'>οὐκ</span> <span class='ocrx_word' id='word_1_227' title='bbox 1630 4365 1846 4435; x_wconf 77' lang='grc' dir='ltr'>ἐξίσχυ-</span> 
     </span>
    </p>
   </div>
   <div class='ocr_carea' id='block_1_36' title="bbox 236 4454 1850 4529">
    <p class='ocr_par' dir='ltr' id='par_1_36' title="bbox 236 4454 1850 4529">
     <span class='ocr_line' id='line_1_36' title="bbox 236 4454 1850 4529; baseline -0.001 -16"><span class='ocrx_word' id='word_1_228' title='bbox 236 4478 344 4526; x_wconf 87' lang='grc' dir='ltr'><strong>σε,</strong></span> <span class='ocrx_word' id='word_1_229' title='bbox 363 4461 594 4524; x_wconf 85' lang='grc' dir='ltr'>τούτους</span> <span class='ocrx_word' id='word_1_230' title='bbox 624 4454 704 4522; x_wconf 81' lang='grc' dir='ltr'>εἷς</span> <span class='ocrx_word' id='word_1_231' title='bbox 725 4459 820 4512; x_wconf 65' lang='grc' dir='ltr'><strong>καὶ</strong></span> <span class='ocrx_word' id='word_1_232' title='bbox 847 4458 1008 4529; x_wconf 84' lang='grc' dir='ltr'>μόνος</span> <span class='ocrx_word' id='word_1_233' title='bbox 1028 4457 1396 4528; x_wconf 79' lang='grc' dir='ltr'>εὐαρίθμητον</span> <span class='ocrx_word' id='word_1_234' title='bbox 1423 4457 1536 4528; x_wconf 75' lang='grc' dir='ltr'>ἔχει</span> <span class='ocrx_word' id='word_1_235' title='bbox 1565 4457 1662 4529; x_wconf 77' lang='grc' dir='ltr'>τὴν</span> <span class='ocrx_word' id='word_1_236' title='bbox 1688 4459 1850 4512; x_wconf 84' lang='grc' dir='ltr'>ποσό-</span> 
     </span>
    </p>
   </div>
   <div class='ocr_carea' id='block_1_37' title="bbox 230 4545 1852 4625">
    <p class='ocr_par' dir='ltr' id='par_1_37' title="bbox 230 4545 1852 4625">
     <span class='ocr_line' id='line_1_37' title="bbox 230 4545 1852 4625; baseline 0.001 -19"><span class='ocrx_word' id='word_1_237' title='bbox 230 4570 439 4623; x_wconf 79' lang='grc' dir='ltr'>τητα,</span> <span class='ocrx_word' id='word_1_238' title='bbox 473 4551 656 4614; x_wconf 84' lang='grc' dir='ltr'>καθὼς</span> <span class='ocrx_word' id='word_1_239' title='bbox 683 4553 845 4616; x_wconf 81' lang='grc' dir='ltr'>αὐτὸς</span> <span class='ocrx_word' id='word_1_240' title='bbox 870 4553 897 4605; x_wconf 98' lang='lat'><strong>6</strong></span> <span class='ocrx_word' id='word_1_241' title='bbox 927 4545 1007 4616; x_wconf 80' lang='grc' dir='ltr'><strong>εἷς</strong></span> <span class='ocrx_word' id='word_1_242' title='bbox 1041 4550 1408 4621; x_wconf 76' lang='grc' dir='ltr'>ἐθριάμϐευσε</span> <span class='ocrx_word' id='word_1_243' title='bbox 1431 4551 1627 4621; x_wconf 78' lang='grc' dir='ltr'>λέγων’</span> <span class='ocrx_word' id='word_1_244' title='bbox 1668 4551 1852 4625; x_wconf 67' lang='grc' dir='ltr'><strong>’Υμῶν</strong></span> 
     </span>
    </p>
   </div>
   <div class='ocr_carea' id='block_1_38' title="bbox 231 4641 1848 4714">
    <p class='ocr_par' dir='ltr' id='par_1_38' title="bbox 231 4641 1848 4714">
     <span class='ocr_line' id='line_1_38' title="bbox 231 4641 1848 4714; baseline -0.002 -14"><span class='ocrx_word' id='word_1_245' title='bbox 231 4645 330 4700; x_wconf 79' lang='grc' dir='ltr'><strong>δὲ</strong></span> <span class='ocrx_word' id='word_1_246' title='bbox 361 4643 473 4697; x_wconf 77' lang='grc' dir='ltr'>καί</span> <span class='ocrx_word' id='word_1_247' title='bbox 501 4647 559 4698; x_wconf 78' lang='grc' dir='ltr'>αι</span> <span class='ocrx_word' id='word_1_248' title='bbox 590 4645 789 4714; x_wconf 76' lang='grc' dir='ltr'>τρίχες</span> <span class='ocrx_word' id='word_1_249' title='bbox 816 4643 927 4712; x_wconf 79' lang='grc' dir='ltr'>τῆς</span> <span class='ocrx_word' id='word_1_250' title='bbox 955 4641 1226 4713; x_wconf 68' lang='grc' dir='ltr'>κεφαλῆς</span> <span class='ocrx_word' id='word_1_251' title='bbox 1261 4641 1450 4698; x_wconf 82' lang='grc' dir='ltr'>πᾶσαι</span> <span class='ocrx_word' id='word_1_252' title='bbox 1473 4643 1848 4712; x_wconf 77' lang='grc' dir='ltr'>ἠρίθμηνται.</span> 
     </span>
    </p>
   </div>
   <div class='ocr_carea' id='block_1_39' title="bbox 251 4732 1853 4805">
    <p class='ocr_par' dir='ltr' id='par_1_39' title="bbox 251 4732 1853 4805">
     <span class='ocr_line' id='line_1_39' title="bbox 251 4732 1853 4805; baseline -0.002 -15"><span class='ocrx_word' id='word_1_253' title='bbox 251 4737 333 4790; x_wconf 84' lang='grc' dir='ltr'>Ὀ</span> <span class='ocrx_word' id='word_1_254' title='bbox 369 4736 560 4790; x_wconf 83' lang='grc' dir='ltr'>τοίνυν</span> <span class='ocrx_word' id='word_1_255' title='bbox 575 4735 828 4805; x_wconf 77' lang='grc' dir='ltr'>ἀριθμεῖν</span> <span class='ocrx_word' id='word_1_256' title='bbox 857 4733 1052 4804; x_wconf 79' lang='grc' dir='ltr'>τρίχας</span> <span class='ocrx_word' id='word_1_257' title='bbox 1082 4732 1375 4801; x_wconf 81' lang='grc' dir='ltr'>δυνάμενος</span> <span class='ocrx_word' id='word_1_258' title='bbox 1409 4735 1610 4797; x_wconf 84' lang='grc' dir='ltr'>παντὸς</span> <span class='ocrx_word' id='word_1_259' title='bbox 1645 4732 1853 4804; x_wconf 85' lang='grc' dir='ltr'>ἀνθρώ-</span> 
     </span>
    </p>
   </div>
   <div class='ocr_carea' id='block_1_40' title="bbox 235 4824 1853 4898">
    <p class='ocr_par' dir='ltr' id='par_1_40' title="bbox 235 4824 1853 4898">
     <span class='ocr_line' id='line_1_40' title="bbox 235 4824 1853 4898; baseline -0.004 -15"><span class='ocrx_word' id='word_1_260' title='bbox 235 4846 404 4888; x_wconf 81' lang='grc' dir='ltr'>που,</span> <span class='ocrx_word' id='word_1_261' title='bbox 447 4829 506 4880; x_wconf 81' lang='grc' dir='ltr'>οὐ</span> <span class='ocrx_word' id='word_1_262' title='bbox 539 4827 739 4898; x_wconf 74' lang='grc' dir='ltr'>μᾶλλον</span> <span class='ocrx_word' id='word_1_263' title='bbox 772 4826 1069 4896; x_wconf 79' lang='grc' dir='ltr'>ἀριθμήσει</span> <span class='ocrx_word' id='word_1_264' title='bbox 1105 4824 1215 4880; x_wconf 86' lang='grc' dir='ltr'><strong>τῶν</strong></span> <span class='ocrx_word' id='word_1_265' title='bbox 1263 4827 1322 4878; x_wconf 82' lang='grc' dir='ltr'>ὲν</span> <span class='ocrx_word' id='word_1_266' title='bbox 1376 4825 1483 4896; x_wconf 83' lang='grc' dir='ltr'><strong>ὅλῳ</strong></span> <span class='ocrx_word' id='word_1_267' title='bbox 1534 4825 1612 4897; x_wconf 78' lang='grc' dir='ltr'>τῷ</span> <span class='ocrx_word' id='word_1_268' title='bbox 1661 4825 1853 4897; x_wconf 86' lang='grc' dir='ltr'>κόσμῳ</span> 
     </span>
    </p>
   </div>
   <div class='ocr_carea' id='block_1_41' title="bbox 240 4915 1856 4994">
    <p class='ocr_par' dir='ltr' id='par_1_41' title="bbox 240 4915 1856 4994">
     <span class='ocr_line' id='line_1_41' title="bbox 240 4915 1856 4994; baseline 0.001 -24"><span class='ocrx_word' id='word_1_269' title='bbox 240 4920 581 4994; x_wconf 79' lang='grc' dir='ltr'>μαρτύρων</span> <span class='ocrx_word' id='word_1_270' title='bbox 629 4918 722 4971; x_wconf 76' lang='grc' dir='ltr'>καὶ</span> <span class='ocrx_word' id='word_1_271' title='bbox 753 4918 915 4972; x_wconf 80' lang='grc' dir='ltr'>ὁσίων</span> <span class='ocrx_word' id='word_1_272' title='bbox 943 4919 1010 4970; x_wconf 72' lang='grc' dir='ltr'>τὰ</span> <span class='ocrx_word' id='word_1_273' title='bbox 1049 4915 1309 4986; x_wconf 84' lang='grc' dir='ltr'>σώματα;</span> <span class='ocrx_word' id='word_1_274' title='bbox 1352 4917 1426 4971; x_wconf 87' lang='grc' dir='ltr'><strong>Οὐ</strong></span> <span class='ocrx_word' id='word_1_275' title='bbox 1450 4915 1559 4988; x_wconf 73' lang='grc' dir='ltr'>γὰρ</span> <span class='ocrx_word' id='word_1_276' title='bbox 1590 4917 1728 4987; x_wconf 82' lang='grc' dir='ltr'>πρὸς</span> <span class='ocrx_word' id='word_1_277' title='bbox 1759 4918 1856 4971; x_wconf 71' lang='grc' dir='ltr'>ἕνα</span> 
     </span>
    </p>
   </div>
   <div class='ocr_carea' id='block_1_42' title="bbox 231 5006 1858 5078">
    <p class='ocr_par' dir='ltr' id='par_1_42' title="bbox 231 5006 1858 5078">
     <span class='ocr_line' id='line_1_42' title="bbox 231 5006 1858 5078; baseline -0.002 -11"><span class='ocrx_word' id='word_1_278' title='bbox 231 5013 444 5067; x_wconf 62' lang='grc' dir='ltr'>’τό-τον</span> <span class='ocrx_word' id='word_1_279' title='bbox 474 5010 534 5062; x_wconf 85' lang='grc' dir='ltr'><strong>τὸ</strong></span> <span class='ocrx_word' id='word_1_280' title='bbox 560 5007 788 5078; x_wconf 78' lang='grc' dir='ltr'>πλῆθος,</span> <span class='ocrx_word' id='word_1_281' title='bbox 820 5007 956 5060; x_wconf 80' lang='grc' dir='ltr'>ἀλλὰ</span> <span class='ocrx_word' id='word_1_282' title='bbox 1015 5007 1107 5060; x_wconf 76' lang='grc' dir='ltr'><strong>καὶ</strong></span> <span class='ocrx_word' id='word_1_283' title='bbox 1134 5007 1254 5060; x_wconf 82' lang='grc' dir='ltr'><strong>καθ’</strong></span> <span class='ocrx_word' id='word_1_284' title='bbox 1284 5006 1514 5060; x_wconf 74' lang='grc' dir='ltr'>ἕκαστον</span> <span class='ocrx_word' id='word_1_285' title='bbox 1564 5008 1727 5061; x_wconf 85' lang='grc' dir='ltr'>τόπον</span> <span class='ocrx_word' id='word_1_286' title='bbox 1789 5009 1858 5064; x_wconf 73' lang='grc' dir='ltr'>τὰ</span> 
     </span>
    </p>
   </div>
   <div class='ocr_carea' id='block_1_43' title="bbox 236 5096 1860 5171">
    <p class='ocr_par' dir='ltr' id='par_1_43' title="bbox 236 5096 1860 5171">
     <span class='ocr_line' id='line_1_43' title="bbox 236 5096 1860 5171; baseline -0.001 -17"><span class='ocrx_word' id='word_1_287' title='bbox 236 5101 490 5171; x_wconf 75' lang='grc' dir='ltr'>πλήθη.</span> <span class='ocrx_word' id='word_1_288' title='bbox 513 5101 726 5170; x_wconf 83' lang='grc' dir='ltr'>Ὥσπερ</span> <span class='ocrx_word' id='word_1_289' title='bbox 753 5099 863 5168; x_wconf 86' lang='grc' dir='ltr'>γὰρ</span> <span class='ocrx_word' id='word_1_290' title='bbox 895 5096 1029 5152; x_wconf 80' lang='grc' dir='ltr'>Θεοῦ</span> <span class='ocrx_word' id='word_1_291' title='bbox 1063 5097 1122 5150; x_wconf 81' lang='grc' dir='ltr'><strong>τὸ</strong></span> <span class='ocrx_word' id='word_1_292' title='bbox 1171 5097 1477 5166; x_wconf 78' lang='grc' dir='ltr'>ὑπέρογκον</span> <span class='ocrx_word' id='word_1_293' title='bbox 1513 5099 1740 5168; x_wconf 87' lang='grc' dir='ltr'>μέγεθος</span> <span class='ocrx_word' id='word_1_294' title='bbox 1767 5103 1860 5152; x_wconf 71' lang='grc' dir='ltr'><strong>καὶ</strong></span> 
     </span>
    </p>
   </div>
   <div class='ocr_carea' id='block_1_44' title="bbox 236 5186 1861 5262">
    <p class='ocr_par' dir='ltr' id='par_1_44' title="bbox 236 5186 1861 5262">
     <span class='ocr_line' id='line_1_44' title="bbox 236 5186 1861 5262; baseline -0.001 -16"><span class='ocrx_word' id='word_1_295' title='bbox 236 5196 322 5248; x_wconf 70' lang='grc' dir='ltr'>ιν</span> <span class='ocrx_word' id='word_1_296' title='bbox 364 5195 489 5255; x_wconf 82' lang='grc' dir='ltr'>τοῖς</span> <span class='ocrx_word' id='word_1_297' title='bbox 515 5191 769 5262; x_wconf 87' lang='grc' dir='ltr'>ἀοράτοις</span> <span class='ocrx_word' id='word_1_298' title='bbox 791 5189 1125 5260; x_wconf 75' lang='grc' dir='ltr'>ἐξήπλωται,</span> <span class='ocrx_word' id='word_1_299' title='bbox 1154 5186 1295 5242; x_wconf 78' lang='grc' dir='ltr'>οὕτω</span> <span class='ocrx_word' id='word_1_300' title='bbox 1326 5191 1418 5243; x_wconf 74' lang='grc' dir='ltr'><strong>καὶ</strong></span> <span class='ocrx_word' id='word_1_301' title='bbox 1449 5192 1476 5244; x_wconf 90' lang='lat'><strong>6</strong></span> <span class='ocrx_word' id='word_1_302' title='bbox 1499 5191 1598 5261; x_wconf 86' lang='grc' dir='ltr'>τῆς</span> <span class='ocrx_word' id='word_1_303' title='bbox 1625 5192 1861 5256; x_wconf 88' lang='grc' dir='ltr'>πίστεως</span> 
     </span>
    </p>
   </div>
   <div class='ocr_carea' id='block_1_45' title="bbox 235 5282 1865 5355">
    <p class='ocr_par' dir='ltr' id='par_1_45' title="bbox 235 5282 1865 5355">
     <span class='ocr_line' id='line_1_45' title="bbox 235 5282 1865 5355; baseline 0 -17"><span class='ocrx_word' id='word_1_304' title='bbox 235 5283 450 5339; x_wconf 79' lang='grc' dir='ltr'>αὐτοῦ</span> <span class='ocrx_word' id='word_1_305' title='bbox 473 5283 845 5355; x_wconf 79' lang='grc' dir='ltr'>ψυχοδέσμιος-</span> <span class='ocrx_word' id='word_1_306' title='bbox 869 5282 1030 5352; x_wconf 73' lang='grc' dir='ltr'>ζῆλος</span> <span class='ocrx_word' id='word_1_307' title='bbox 1063 5282 1155 5334; x_wconf 76' lang='grc' dir='ltr'>καὶ</span> <span class='ocrx_word' id='word_1_308' title='bbox 1189 5282 1270 5345; x_wconf 78' lang='grc' dir='ltr'>εἰς</span> <span class='ocrx_word' id='word_1_309' title='bbox 1299 5283 1367 5335; x_wconf 85' lang='grc' dir='ltr'>τὰ</span> <span class='ocrx_word' id='word_1_310' title='bbox 1414 5283 1626 5352; x_wconf 87' lang='grc' dir='ltr'>πέρατα</span> <span class='ocrx_word' id='word_1_311' title='bbox 1659 5284 1758 5354; x_wconf 80' lang='grc' dir='ltr'>τῆς</span> <span class='ocrx_word' id='word_1_312' title='bbox 1785 5286 1865 5338; x_wconf 75' lang='lat' dir='ltr'><strong>oi-</strong></span> 
     </span>
    </p>
   </div>
   <div class='ocr_carea' id='block_1_46' title="bbox 234 5369 1862 5446">
    <p class='ocr_par' dir='ltr' id='par_1_46' title="bbox 234 5369 1862 5446">
     <span class='ocr_line' id='line_1_46' title="bbox 234 5369 1862 5446; baseline -0.004 -17"><span class='ocrx_word' id='word_1_313' title='bbox 234 5376 560 5444; x_wconf 80' lang='grc' dir='ltr'>κουμένης</span> <span class='ocrx_word' id='word_1_314' title='bbox 585 5373 901 5446; x_wconf 75' lang='grc' dir='ltr'>ἐκκέχυται.</span> <span class='ocrx_word' id='word_1_315' title='bbox 937 5369 1028 5423; x_wconf 81' lang='grc' dir='ltr'><strong>Διὸ</strong></span> <span class='ocrx_word' id='word_1_316' title='bbox 1061 5370 1108 5423; x_wconf 79' lang='grc' dir='ltr'>εἰ</span> <span class='ocrx_word' id='word_1_317' title='bbox 1133 5371 1225 5423; x_wconf 69' lang='grc' dir='ltr'><strong>καὶ</strong></span> <span class='ocrx_word' id='word_1_318' title='bbox 1263 5369 1404 5423; x_wconf 75' lang='grc' dir='ltr'>κατὰ</span> <span class='ocrx_word' id='word_1_319' title='bbox 1447 5371 1610 5424; x_wconf 86' lang='grc' dir='ltr'>τόπον</span> <span class='ocrx_word' id='word_1_320' title='bbox 1633 5369 1692 5423; x_wconf 82' lang='grc' dir='ltr'><strong>τὸ</strong></span> <span class='ocrx_word' id='word_1_321' title='bbox 1721 5369 1862 5424; x_wconf 73' lang='grc' dir='ltr'>πλῆ-</span> 
     </span>
    </p>
   </div>
   <div class='ocr_carea' id='block_1_47' title="bbox 235 5461 1863 5533">
    <p class='ocr_par' dir='ltr' id='par_1_47' title="bbox 235 5461 1863 5533">
     <span class='ocr_line' id='line_1_47' title="bbox 235 5461 1863 5533; baseline -0.003 -13"><span class='ocrx_word' id='word_1_322' title='bbox 235 5468 390 5530; x_wconf 78' lang='grc' dir='ltr'>Οος,</span> <span class='ocrx_word' id='word_1_323' title='bbox 431 5465 545 5518; x_wconf 79' lang='grc' dir='ltr'>ἀλλ’</span> <span class='ocrx_word' id='word_1_324' title='bbox 575 5465 656 5527; x_wconf 74' lang='grc' dir='ltr'><strong>εἰς</strong></span> <span class='ocrx_word' id='word_1_325' title='bbox 684 5464 782 5518; x_wconf 74' lang='grc' dir='ltr'>ἕνα</span> <span class='ocrx_word' id='word_1_326' title='bbox 809 5463 972 5516; x_wconf 83' lang='grc' dir='ltr'>τόπον</span> <span class='ocrx_word' id='word_1_327' title='bbox 1002 5462 1030 5514; x_wconf 89' lang='lat'><strong>6</strong></span> <span class='ocrx_word' id='word_1_328' title='bbox 1057 5461 1240 5524; x_wconf 78' lang='grc' dir='ltr'>πόθος.</span> <span class='ocrx_word' id='word_1_329' title='bbox 1272 5461 1379 5526; x_wconf 80' lang='grc' dir='ltr'>υῦς</span> <span class='ocrx_word' id='word_1_330' title='bbox 1414 5463 1520 5532; x_wconf 75' lang='grc' dir='ltr'><strong>γὰρ</strong></span> <span class='ocrx_word' id='word_1_331' title='bbox 1565 5464 1598 5533; x_wconf 82' lang='grc' dir='ltr'>ἠ</span> <span class='ocrx_word' id='word_1_332' title='bbox 1653 5463 1725 5532; x_wconf 83' lang='grc' dir='ltr'>γῆ</span> <span class='ocrx_word' id='word_1_333' title='bbox 1774 5462 1863 5516; x_wconf 76' lang='grc' dir='ltr'><strong>διὰ</strong></span> 
     </span>
    </p>
   </div>
   <div class='ocr_carea' id='block_1_48' title="bbox 231 5549 1864 5622">
    <p class='ocr_par' dir='ltr' id='par_1_48' title="bbox 231 5549 1864 5622">
     <span class='ocr_line' id='line_1_48' title="bbox 231 5549 1864 5622; baseline -0.005 -10"><span class='ocrx_word' id='word_1_334' title='bbox 231 5556 374 5619; x_wconf 80' lang='grc' dir='ltr'>τὰς</span> <span class='ocrx_word' id='word_1_335' title='bbox 443 5555 726 5616; x_wconf 83' lang='grc' dir='ltr'>κατοικίας</span> <span class='ocrx_word' id='word_1_336' title='bbox 779 5552 1032 5622; x_wconf 75' lang='grc' dir='ltr'>ἐχώριζε,</span> <span class='ocrx_word' id='word_1_337' title='bbox 1075 5549 1299 5614; x_wconf 85' lang='grc' dir='ltr'>τούτους</span> <span class='ocrx_word' id='word_1_338' title='bbox 1349 5550 1578 5620; x_wconf 77' lang='grc' dir='ltr'>οὐρανὸς</span> <span class='ocrx_word' id='word_1_339' title='bbox 1630 5551 1719 5606; x_wconf 74' lang='grc' dir='ltr'>διὰ</span> <span class='ocrx_word' id='word_1_340' title='bbox 1765 5552 1864 5618; x_wconf 77' lang='grc' dir='ltr'><strong>τῆς</strong></span> 
     </span>
    </p>
   </div>
   <div class='ocr_carea' id='block_1_49' title="bbox 230 5641 1866 5722">
    <p class='ocr_par' dir='ltr' id='par_1_49' title="bbox 230 5641 1866 5722">
     <span class='ocr_line' id='line_1_49' title="bbox 230 5641 1866 5722; baseline -0.007 -18"><span class='ocrx_word' id='word_1_341' title='bbox 230 5647 543 5722; x_wconf 76' lang='grc' dir='ltr'>ὁμονοίας</span> <span class='ocrx_word' id='word_1_342' title='bbox 573 5641 892 5716; x_wconf 74' lang='grc' dir='ltr'>συνήθροιζε</span> <span class='ocrx_word' id='word_1_343' title='bbox 914 5661 928 5675; x_wconf 72' lang='grc' dir='ltr'><strong><em>ο</em></strong></span> <span class='ocrx_word' id='word_1_344' title='bbox 965 5642 1059 5696; x_wconf 72' lang='grc' dir='ltr'>καὶ</span> <span class='ocrx_word' id='word_1_345' title='bbox 1091 5641 1300 5708; x_wconf 85' lang='grc' dir='ltr'>γίνεται</span> <span class='ocrx_word' id='word_1_346' title='bbox 1349 5641 1377 5692; x_wconf 87' lang='grc' dir='ltr'>ὁ</span> <span class='ocrx_word' id='word_1_347' title='bbox 1425 5641 1732 5710; x_wconf 83' lang='grc' dir='ltr'>σωματικὸς</span> <span class='ocrx_word' id='word_1_348' title='bbox 1761 5658 1866 5712; x_wconf 82' lang='grc' dir='ltr'>χω-</span> 
     </span>
    </p>
   </div>
   <div class='ocr_carea' id='block_1_50' title="bbox 233 5732 1864 5816">
    <p class='ocr_par' dir='ltr' id='par_1_50' title="bbox 233 5732 1864 5816">
     <span class='ocr_line' id='line_1_50' title="bbox 233 5732 1864 5816; baseline -0.006 -21"><span class='ocrx_word' id='word_1_349' title='bbox 233 5738 509 5816; x_wconf 71' lang='grc' dir='ltr'>ρισμὸς,</span> <span class='ocrx_word' id='word_1_350' title='bbox 538 5736 908 5808; x_wconf 70' lang='grc' dir='ltr'>πνευματικὸς</span> <span class='ocrx_word' id='word_1_351' title='bbox 937 5733 1265 5805; x_wconf 82' lang='grc' dir='ltr'>ἀθροισμός’</span> <span class='ocrx_word' id='word_1_352' title='bbox 1300 5733 1394 5786; x_wconf 78' lang='grc' dir='ltr'>καὶ</span> <span class='ocrx_word' id='word_1_353' title='bbox 1427 5734 1476 5786; x_wconf 77' lang='lat' dir='ltr'><strong>oi</strong></span> <span class='ocrx_word' id='word_1_354' title='bbox 1501 5733 1559 5786; x_wconf 86' lang='grc' dir='ltr'><strong>τὸ</strong></span> <span class='ocrx_word' id='word_1_355' title='bbox 1590 5732 1864 5806; x_wconf 73' lang='grc' dir='ltr'>βραχύτα-</span> 
     </span>
    </p>
   </div>
   <div class='ocr_carea' id='block_1_51' title="bbox 347 5921 1485 5992">
    <p class='ocr_par' dir='ltr' id='par_1_51' title="bbox 347 5921 1485 5992">
     <span class='ocr_line' id='line_1_51' title="bbox 347 5921 1485 5992; baseline 0.002 -16"><span class='ocrx_word' id='word_1_356' title='bbox 347 5923 370 5955; x_wconf 86' lang='grc'>¹</span> <span class='ocrx_word' id='word_1_357' title='bbox 432 5921 574 5978; x_wconf 82' lang='lat' dir='ltr'><strong>Psal.</strong></span> <span class='ocrx_word' id='word_1_358' title='bbox 609 5939 798 5991; x_wconf 80' lang='lat' dir='ltr'><strong>cxvm,</strong></span> <span class='ocrx_word' id='word_1_359' title='bbox 829 5925 948 5983; x_wconf 79' lang='grc'><strong>171.</strong></span> <span class='ocrx_word' id='word_1_360' title='bbox 1027 5928 1045 5958; x_wconf 88' lang='grc'>³</span> <span class='ocrx_word' id='word_1_361' title='bbox 1084 5923 1273 5980; x_wconf 81' lang='lat' dir='ltr'><strong>Matth.</strong></span> <span class='ocrx_word' id='word_1_362' title='bbox 1310 5941 1363 5992; x_wconf 72' lang='grc' dir='ltr'>κ,</span> <span class='ocrx_word' id='word_1_363' title='bbox 1397 5925 1485 5979; x_wconf 80' lang='lat'><strong>50.</strong></span> 
     </span>
    </p>
   </div>
   <div class='ocr_carea' id='block_1_52' title="bbox 1917 2268 3513 2329">
    <p class='ocr_par' dir='ltr' id='par_1_52' title="bbox 1917 2268 3513 2329">
     <span class='ocr_line' id='line_1_52' title="bbox 1917 2268 3513 2329; baseline -0.004 -2"><span class='ocrx_word' id='word_1_364' title='bbox 1917 2273 2198 2329; x_wconf 90' lang='lat' dir='ltr'><strong>electionis</strong></span> <span class='ocrx_word' id='word_1_365' title='bbox 2224 2273 2498 2328; x_wconf 83' lang='lat' dir='ltr'><strong>canticum</strong></span> <span class='ocrx_word' id='word_1_366' title='bbox 2531 2274 2544 2326; x_wconf 89' lang='lat'><strong>!</strong></span> <span class='ocrx_word' id='word_1_367' title='bbox 2587 2272 2845 2327; x_wconf 88' lang='lat' dir='ltr'><strong>convenit</strong></span> <span class='ocrx_word' id='word_1_368' title='bbox 2885 2270 3030 2325; x_wconf 92' lang='lat' dir='ltr'><strong>enim</strong></span> <span class='ocrx_word' id='word_1_369' title='bbox 3067 2269 3229 2324; x_wconf 89' lang='lat' dir='ltr'><strong>nobis</strong></span> <span class='ocrx_word' id='word_1_370' title='bbox 3263 2268 3513 2323; x_wconf 59' lang='lat' dir='ltr'><strong>canticoe</strong></span> 
     </span>
    </p>
   </div>
   <div class='ocr_carea' id='block_1_53' title="bbox 1917 2359 3513 2426">
    <p class='ocr_par' dir='ltr' id='par_1_53' title="bbox 1917 2359 3513 2426">
     <span class='ocr_line' id='line_1_53' title="bbox 1917 2359 3513 2426; baseline -0.006 -6"><span class='ocrx_word' id='word_1_371' title='bbox 1917 2380 2037 2420; x_wconf 84' lang='lat' dir='ltr'><strong>rum</strong></span> <span class='ocrx_word' id='word_1_372' title='bbox 2054 2363 2372 2419; x_wconf 82' lang='lat' dir='ltr'><strong>electionem</strong></span> <span class='ocrx_word' id='word_1_373' title='bbox 2392 2363 2552 2418; x_wconf 83' lang='lat' dir='ltr'><strong>nobis</strong></span> <span class='ocrx_word' id='word_1_374' title='bbox 2570 2362 2909 2418; x_wconf 83' lang='lat' dir='ltr'><strong>canticorum</strong></span> <span class='ocrx_word' id='word_1_375' title='bbox 2931 2359 3170 2414; x_wconf 87' lang='lat' dir='ltr'><strong>dominis</strong></span> <span class='ocrx_word' id='word_1_376' title='bbox 3188 2371 3513 2426; x_wconf 81' lang='lat' dir='ltr'><strong>expromere</strong></span> 
     </span>
    </p>
   </div>
   <div class='ocr_carea' id='block_1_54' title="bbox 1917 2449 3511 2519">
    <p class='ocr_par' dir='ltr' id='par_1_54' title="bbox 1917 2449 3511 2519">
     <span class='ocr_line' id='line_1_54' title="bbox 1917 2449 3511 2519; baseline -0.004 -8"><span class='ocrx_word' id='word_1_377' title='bbox 1917 2466 1972 2512; x_wconf 90' lang='lat' dir='ltr'><strong>et</strong></span> <span class='ocrx_word' id='word_1_378' title='bbox 2000 2455 2368 2510; x_wconf 85' lang='lat' dir='ltr'><strong>venerationis</strong></span> <span class='ocrx_word' id='word_1_379' title='bbox 2392 2454 2623 2510; x_wconf 90' lang='lat' dir='ltr'><strong>cultum.</strong></span> <span class='ocrx_word' id='word_1_380' title='bbox 2653 2451 2756 2508; x_wconf 88' lang='lat' dir='ltr'><strong>Sed</strong></span> <span class='ocrx_word' id='word_1_381' title='bbox 2790 2453 2937 2507; x_wconf 79' lang='lat' dir='ltr'><strong>hunc</strong></span> <span class='ocrx_word' id='word_1_382' title='bbox 2967 2451 3060 2519; x_wconf 86' lang='lat' dir='ltr'><strong>qui</strong></span> <span class='ocrx_word' id='word_1_383' title='bbox 3095 2449 3360 2518; x_wconf 80' lang='lat' dir='ltr'><strong>inceperit</strong></span> <span class='ocrx_word' id='word_1_384' title='bbox 3385 2462 3511 2504; x_wconf 75' lang='lat' dir='ltr'><strong>reor</strong></span> 
     </span>
    </p>
   </div>
   <div class='ocr_carea' id='block_1_55' title="bbox 1919 2544 3516 2620">
    <p class='ocr_par' dir='ltr' id='par_1_55' title="bbox 1919 2544 3516 2620">
     <span class='ocr_line' id='line_1_55' title="bbox 1919 2544 3516 2620; baseline -0.004 -16"><span class='ocrx_word' id='word_1_385' title='bbox 1919 2551 1988 2605; x_wconf 86' lang='lat' dir='ltr'><strong>ad</strong></span> <span class='ocrx_word' id='word_1_386' title='bbox 2013 2549 2230 2620; x_wconf 82' lang='lat' dir='ltr'><strong>dignam</strong></span> <span class='ocrx_word' id='word_1_387' title='bbox 2252 2548 2526 2605; x_wconf 82' lang='lat' dir='ltr'><strong>sermonis</strong></span> <span class='ocrx_word' id='word_1_388' title='bbox 2541 2547 2898 2617; x_wconf 80' lang='lat' dir='ltr'><strong>prolationem</strong></span> <span class='ocrx_word' id='word_1_389' title='bbox 2923 2557 3254 2615; x_wconf 83' lang='lat' dir='ltr'><strong>torpescere.</strong></span> <span class='ocrx_word' id='word_1_390' title='bbox 3278 2544 3516 2612; x_wconf 87' lang='lat' dir='ltr'><strong>Superat</strong></span> 
     </span>
    </p>
   </div>
   <div class='ocr_carea' id='block_1_56' title="bbox 1919 2637 3516 2709">
    <p class='ocr_par' dir='ltr' id='par_1_56' title="bbox 1919 2637 3516 2709">
     <span class='ocr_line' id='line_1_56' title="bbox 1919 2637 3516 2709; baseline -0.004 -13"><span class='ocrx_word' id='word_1_391' title='bbox 1919 2642 2064 2696; x_wconf 91' lang='lat' dir='ltr'><strong>enim</strong></span> <span class='ocrx_word' id='word_1_392' title='bbox 2106 2650 2348 2698; x_wconf 84' lang='lat' dir='ltr'><strong>nostram</strong></span> <span class='ocrx_word' id='word_1_393' title='bbox 2397 2640 2762 2709; x_wconf 88' lang='lat' dir='ltr'><strong>eloquentiam</strong></span> <span class='ocrx_word' id='word_1_394' title='bbox 2815 2649 3092 2709; x_wconf 76' lang='lat' dir='ltr'><strong>gestorum</strong></span> <span class='ocrx_word' id='word_1_395' title='bbox 3148 2637 3516 2693; x_wconf 87' lang='lat' dir='ltr'><strong>certaminum</strong></span> 
     </span>
    </p>
   </div>
   <div class='ocr_carea' id='block_1_57' title="bbox 1923 2727 3522 2804">
    <p class='ocr_par' dir='ltr' id='par_1_57' title="bbox 1923 2727 3522 2804">
     <span class='ocr_line' id='line_1_57' title="bbox 1923 2727 3522 2804; baseline -0.005 -16"><span class='ocrx_word' id='word_1_396' title='bbox 1923 2733 2243 2804; x_wconf 78' lang='lat' dir='ltr'><strong>magnitudo</strong></span> <span class='ocrx_word' id='word_1_397' title='bbox 2265 2750 2284 2798; x_wconf 89' lang='lat'>;</span> <span class='ocrx_word' id='word_1_398' title='bbox 2304 2732 2449 2803; x_wconf 87' lang='lat' dir='ltr'><strong>quod</strong></span> <span class='ocrx_word' id='word_1_399' title='bbox 2476 2741 2654 2787; x_wconf 85' lang='lat' dir='ltr'><strong>autem</strong></span> <span class='ocrx_word' id='word_1_400' title='bbox 2678 2731 2969 2786; x_wconf 86' lang='lat' dir='ltr'><strong>conamina</strong></span> <span class='ocrx_word' id='word_1_401' title='bbox 2996 2737 3220 2798; x_wconf 89' lang='lat' dir='ltr'><strong>superat</strong></span> <span class='ocrx_word' id='word_1_402' title='bbox 3243 2727 3522 2783; x_wconf 74' lang='lat' dir='ltr'><strong>diﬁicilio--</strong></span> 
     </span>
    </p>
   </div>
   <div class='ocr_carea' id='block_1_58' title="bbox 1932 2823 3525 2896">
    <p class='ocr_par' dir='ltr' id='par_1_58' title="bbox 1932 2823 3525 2896">
     <span class='ocr_line' id='line_1_58' title="bbox 1932 2823 3525 2896; baseline -0.004 -16"><span class='ocrx_word' id='word_1_403' title='bbox 1932 2841 2048 2882; x_wconf 89' lang='lat' dir='ltr'><strong>rem</strong></span> <span class='ocrx_word' id='word_1_404' title='bbox 2083 2827 2246 2880; x_wconf 81' lang='lat' dir='ltr'><strong>habet</strong></span> <span class='ocrx_word' id='word_1_405' title='bbox 2272 2824 2538 2896; x_wconf 81' lang='lat' dir='ltr'><strong>propositi</strong></span> <span class='ocrx_word' id='word_1_406' title='bbox 2572 2824 2800 2880; x_wconf 86' lang='lat' dir='ltr'><strong>exitum.</strong></span> <span class='ocrx_word' id='word_1_407' title='bbox 2825 2823 3110 2890; x_wconf 83' lang='lat' dir='ltr'><strong>Quomodo</strong></span> <span class='ocrx_word' id='word_1_408' title='bbox 3135 2823 3280 2878; x_wconf 89' lang='lat' dir='ltr'><strong>enim</strong></span> <span class='ocrx_word' id='word_1_409' title='bbox 3303 2827 3525 2877; x_wconf 81' lang='lat' dir='ltr'><strong>eructa-</strong></span> 
     </span>
    </p>
   </div>
   <div class='ocr_carea' id='block_1_59' title="bbox 1926 2914 3524 2988">
    <p class='ocr_par' dir='ltr' id='par_1_59' title="bbox 1926 2914 3524 2988">
     <span class='ocr_line' id='line_1_59' title="bbox 1926 2914 3524 2988; baseline -0.006 -15"><span class='ocrx_word' id='word_1_410' title='bbox 1926 2919 1996 2974; x_wconf 89' lang='lat' dir='ltr'><strong>bo</strong></span> <span class='ocrx_word' id='word_1_411' title='bbox 2039 2918 2202 2974; x_wconf 87' lang='lat' dir='ltr'><strong>labiis</strong></span> <span class='ocrx_word' id='word_1_412' title='bbox 2250 2918 2536 2988; x_wconf 81' lang='lat' dir='ltr'><strong>hymnum,</strong></span> <span class='ocrx_word' id='word_1_413' title='bbox 2565 2916 3014 2986; x_wconf 71' lang='lat' dir='ltr'><strong>iustificationum</strong></span> <span class='ocrx_word' id='word_1_414' title='bbox 3058 2914 3152 2970; x_wconf 85' lang='lat' dir='ltr'><strong>Dei</strong></span> <span class='ocrx_word' id='word_1_415' title='bbox 3191 2914 3418 2975; x_wconf 81' lang='lat' dir='ltr'><strong>inscius,</strong></span> <span class='ocrx_word' id='word_1_416' title='bbox 3467 2919 3524 2965; x_wconf 86' lang='lat' dir='ltr'><strong>ct</strong></span> 
     </span>
    </p>
   </div>
   <div class='ocr_carea' id='block_1_60' title="bbox 1927 3005 3524 3080">
    <p class='ocr_par' dir='ltr' id='par_1_60' title="bbox 1927 3005 3524 3080">
     <span class='ocr_line' id='line_1_60' title="bbox 1927 3005 3524 3080; baseline -0.008 -12"><span class='ocrx_word' id='word_1_417' title='bbox 1927 3013 2243 3080; x_wconf 84' lang='lat' dir='ltr'><strong>inexpertus</strong></span> <span class='ocrx_word' id='word_1_418' title='bbox 2294 3008 2744 3064; x_wconf 84' lang='lat' dir='ltr'><strong>conﬁrmationes</strong></span> <span class='ocrx_word' id='word_1_419' title='bbox 2799 3006 3004 3061; x_wconf 84' lang='lat' dir='ltr'><strong>Christi</strong></span> <span class='ocrx_word' id='word_1_420' title='bbox 3045 3007 3067 3060; x_wconf 70' lang='grc' dir='ltr'>ἲ</span> <span class='ocrx_word' id='word_1_421' title='bbox 3117 3005 3392 3075; x_wconf 87' lang='lat' dir='ltr'><strong>Scriptum</strong></span> <span class='ocrx_word' id='word_1_422' title='bbox 3437 3010 3524 3058; x_wconf 87' lang='lat' dir='ltr'><strong>est</strong></span> 
     </span>
    </p>
   </div>
   <div class='ocr_carea' id='block_1_61' title="bbox 1927 3082 3522 3166">
    <p class='ocr_par' dir='ltr' id='par_1_61' title="bbox 1927 3082 3522 3166">
     <span class='ocr_line' id='line_1_61' title="bbox 1927 3082 3522 3166; baseline -0.006 -10"><span class='ocrx_word' id='word_1_423' title='bbox 1927 3101 2072 3156; x_wconf 85' lang='lat' dir='ltr'><strong>enim</strong></span> <span class='ocrx_word' id='word_1_424' title='bbox 2098 3117 2112 3154; x_wconf 91' lang='lat'><strong>:</strong></span> <span class='ocrx_word' id='word_1_425' title='bbox 2142 3099 2476 3154; x_wconf 81' lang='lat' dir='ltr'><strong>Eructabunt</strong></span> <span class='ocrx_word' id='word_1_426' title='bbox 2505 3082 2650 3152; x_wconf 69' lang='lat' dir='ltr'><strong>labia</strong></span> <span class='ocrx_word' id='word_1_427' title='bbox 2676 3114 2791 3151; x_wconf 86' lang='lat' dir='ltr'><strong>mea</strong></span> <span class='ocrx_word' id='word_1_428' title='bbox 2823 3097 3098 3166; x_wconf 74' lang='lat' dir='ltr'><strong>hymnum,</strong></span> <span class='ocrx_word' id='word_1_429' title='bbox 3126 3111 3248 3150; x_wconf 78' lang='lat' dir='ltr'><strong>cum</strong></span> <span class='ocrx_word' id='word_1_430' title='bbox 3277 3096 3522 3150; x_wconf 76' lang='lat' dir='ltr'><strong>docueris</strong></span> 
     </span>
    </p>
   </div>
   <div class='ocr_carea' id='block_1_62' title="bbox 1930 3186 3525 3261">
    <p class='ocr_par' dir='ltr' id='par_1_62' title="bbox 1930 3186 3525 3261">
     <span class='ocr_line' id='line_1_62' title="bbox 1930 3186 3525 3261; baseline -0.005 -16"><span class='ocrx_word' id='word_1_431' title='bbox 1930 3209 2010 3245; x_wconf 85' lang='lat' dir='ltr'><strong>me</strong></span> <span class='ocrx_word' id='word_1_432' title='bbox 2049 3191 2462 3261; x_wconf 75' lang='lat' dir='ltr'><strong>justiﬁcationes</strong></span> <span class='ocrx_word' id='word_1_433' title='bbox 2507 3189 2694 3244; x_wconf 77' lang='lat' dir='ltr'><strong>tuas‘.</strong></span> <span class='ocrx_word' id='word_1_434' title='bbox 2739 3188 2845 3243; x_wconf 87' lang='lat' dir='ltr'><strong>Sed</strong></span> <span class='ocrx_word' id='word_1_435' title='bbox 2907 3197 2990 3244; x_wconf 83' lang='lat' dir='ltr'><strong>est</strong></span> <span class='ocrx_word' id='word_1_436' title='bbox 3038 3203 3258 3258; x_wconf 84' lang='lat' dir='ltr'><strong>quoque</strong></span> <span class='ocrx_word' id='word_1_437' title='bbox 3301 3186 3525 3240; x_wconf 85' lang='lat' dir='ltr'><strong>verbum</strong></span> 
     </span>
    </p>
   </div>
   <div class='ocr_carea' id='block_1_63' title="bbox 1931 3277 3531 3352">
    <p class='ocr_par' dir='ltr' id='par_1_63' title="bbox 1931 3277 3531 3352">
     <span class='ocr_line' id='line_1_63' title="bbox 1931 3277 3531 3352; baseline -0.005 -14"><span class='ocrx_word' id='word_1_438' title='bbox 1931 3282 2486 3348; x_wconf 72' lang='lat' dir='ltr'><strong>abundantissimum,</strong></span> <span class='ocrx_word' id='word_1_439' title='bbox 2519 3296 2683 3352; x_wconf 85' lang='lat' dir='ltr'><strong>supra</strong></span> <span class='ocrx_word' id='word_1_440' title='bbox 2705 3281 2868 3335; x_wconf 85' lang='lat' dir='ltr'><strong>verba</strong></span> <span class='ocrx_word' id='word_1_441' title='bbox 2896 3282 3122 3336; x_wconf 90' lang='lat' dir='ltr'><strong>verbum</strong></span> <span class='ocrx_word' id='word_1_442' title='bbox 3155 3279 3382 3340; x_wconf 85' lang='lat' dir='ltr'><strong>habens,</strong></span> <span class='ocrx_word' id='word_1_443' title='bbox 3411 3277 3531 3330; x_wconf 81' lang='lat' dir='ltr'><strong>the-</strong></span> 
     </span>
    </p>
   </div>
   <div class='ocr_carea' id='block_1_64' title="bbox 1934 3371 3533 3445">
    <p class='ocr_par' dir='ltr' id='par_1_64' title="bbox 1934 3371 3533 3445">
     <span class='ocr_line' id='line_1_64' title="bbox 1934 3371 3533 3445; baseline -0.006 -14"><span class='ocrx_word' id='word_1_444' title='bbox 1934 3391 2157 3431; x_wconf 86' lang='lat' dir='ltr'><strong>saurum</strong></span> <span class='ocrx_word' id='word_1_445' title='bbox 2213 3375 2505 3445; x_wconf 84' lang='lat' dir='ltr'><strong>possidens</strong></span> <span class='ocrx_word' id='word_1_446' title='bbox 2560 3373 2868 3443; x_wconf 86' lang='lat' dir='ltr'><strong>copiosum,</strong></span> <span class='ocrx_word' id='word_1_447' title='bbox 2930 3373 3050 3442; x_wconf 88' lang='lat' dir='ltr'><strong>pias</strong></span> <span class='ocrx_word' id='word_1_448' title='bbox 3105 3371 3429 3434; x_wconf 79' lang='lat' dir='ltr'><strong>sententias,</strong></span> <span class='ocrx_word' id='word_1_449' title='bbox 3476 3379 3533 3422; x_wconf 84' lang='lat' dir='ltr'><strong>et</strong></span> 
     </span>
    </p>
   </div>
   <div class='ocr_carea' id='block_1_65' title="bbox 1936 3459 3531 3536">
    <p class='ocr_par' dir='ltr' id='par_1_65' title="bbox 1936 3459 3531 3536">
     <span class='ocr_line' id='line_1_65' title="bbox 1936 3459 3531 3536; baseline -0.006 -15"><span class='ocrx_word' id='word_1_450' title='bbox 1936 3467 2155 3536; x_wconf 79' lang='lat' dir='ltr'><strong>dignam</strong></span> <span class='ocrx_word' id='word_1_451' title='bbox 2203 3465 2356 3522; x_wconf 87' lang='lat' dir='ltr'><strong>vocis</strong></span> <span class='ocrx_word' id='word_1_452' title='bbox 2393 3463 2780 3534; x_wconf 87' lang='lat' dir='ltr'><strong>eloquentiam,</strong></span> <span class='ocrx_word' id='word_1_453' title='bbox 2839 3463 2928 3518; x_wconf 89' lang='lat' dir='ltr'><strong>cui</strong></span> <span class='ocrx_word' id='word_1_454' title='bbox 2981 3463 3242 3518; x_wconf 86' lang='lat' dir='ltr'><strong>insistens</strong></span> <span class='ocrx_word' id='word_1_455' title='bbox 3276 3459 3531 3529; x_wconf 80' lang='lat' dir='ltr'><strong>incipiam</strong></span> 
     </span>
    </p>
   </div>
   <div class='ocr_carea' id='block_1_66' title="bbox 1939 3551 3530 3626">
    <p class='ocr_par' dir='ltr' id='par_1_66' title="bbox 1939 3551 3530 3626">
     <span class='ocr_line' id='line_1_66' title="bbox 1939 3551 3530 3626; baseline -0.004 -16"><span class='ocrx_word' id='word_1_456' title='bbox 1939 3573 2099 3613; x_wconf 87' lang='lat' dir='ltr'><strong>veros</strong></span> <span class='ocrx_word' id='word_1_457' title='bbox 2123 3572 2407 3612; x_wconf 90' lang='lat' dir='ltr'><strong>sermones</strong></span> <span class='ocrx_word' id='word_1_458' title='bbox 2429 3555 2600 3626; x_wconf 85' lang='lat' dir='ltr'><strong>loqui.</strong></span> <span class='ocrx_word' id='word_1_459' title='bbox 2626 3553 2924 3608; x_wconf 76' lang='lat' dir='ltr'><strong>Matutinas</strong></span> <span class='ocrx_word' id='word_1_460' title='bbox 2941 3569 3072 3624; x_wconf 78' lang='lat' dir='ltr'><strong>ergo</strong></span> <span class='ocrx_word' id='word_1_461' title='bbox 3093 3568 3253 3609; x_wconf 87' lang='lat' dir='ltr'><strong>aures</strong></span> <span class='ocrx_word' id='word_1_462' title='bbox 3285 3551 3530 3618; x_wconf 84' lang='lat' dir='ltr'><strong>praeben-</strong></span> 
     </span>
    </p>
   </div>
   <div class='ocr_carea' id='block_1_67' title="bbox 1939 3643 3536 3718">
    <p class='ocr_par' dir='ltr' id='par_1_67' title="bbox 1939 3643 3536 3718">
     <span class='ocr_line' id='line_1_67' title="bbox 1939 3643 3536 3718; baseline -0.004 -15"><span class='ocrx_word' id='word_1_463' title='bbox 1939 3660 2041 3712; x_wconf 88' lang='lat' dir='ltr'><strong>tes,</strong></span> <span class='ocrx_word' id='word_1_464' title='bbox 2073 3647 2436 3712; x_wconf 87' lang='lat' dir='ltr'><strong>dilectissimi,</strong></span> <span class='ocrx_word' id='word_1_465' title='bbox 2484 3647 2766 3718; x_wconf 70' lang='lat' dir='ltr'><strong>prassentis</strong></span> <span class='ocrx_word' id='word_1_466' title='bbox 2799 3647 2987 3716; x_wconf 86' lang='lat' dir='ltr'><strong>scripti</strong></span> <span class='ocrx_word' id='word_1_467' title='bbox 3019 3655 3275 3701; x_wconf 86' lang='lat' dir='ltr'><strong>accurate</strong></span> <span class='ocrx_word' id='word_1_468' title='bbox 3305 3643 3536 3711; x_wconf 87' lang='lat' dir='ltr'><strong>accipite</strong></span> 
     </span>
    </p>
   </div>
   <div class='ocr_carea' id='block_1_68' title="bbox 1937 3734 3538 3801">
    <p class='ocr_par' dir='ltr' id='par_1_68' title="bbox 1937 3734 3538 3801">
     <span class='ocr_line' id='line_1_68' title="bbox 1937 3734 3538 3801; baseline -0.004 -8"><span class='ocrx_word' id='word_1_469' title='bbox 1937 3737 2314 3793; x_wconf 88' lang='lat' dir='ltr'><strong>recitationem</strong></span> <span class='ocrx_word' id='word_1_470' title='bbox 2343 3754 2358 3801; x_wconf 88' lang='lat'><strong>;</strong></span> <span class='ocrx_word' id='word_1_471' title='bbox 2390 3737 2496 3792; x_wconf 91' lang='lat' dir='ltr'><strong>scit</strong></span> <span class='ocrx_word' id='word_1_472' title='bbox 2523 3738 2672 3792; x_wconf 89' lang='lat' dir='ltr'><strong>enim</strong></span> <span class='ocrx_word' id='word_1_473' title='bbox 2702 3737 2992 3792; x_wconf 89' lang='lat' dir='ltr'><strong>meliorum</strong></span> <span class='ocrx_word' id='word_1_474' title='bbox 3025 3736 3236 3791; x_wconf 87' lang='lat' dir='ltr'><strong>auditio</strong></span> <span class='ocrx_word' id='word_1_475' title='bbox 3266 3735 3332 3789; x_wconf 87' lang='lat' dir='ltr'><strong>ad</strong></span> <span class='ocrx_word' id='word_1_476' title='bbox 3363 3734 3538 3801; x_wconf 87' lang='lat' dir='ltr'><strong>majo-</strong></span> 
     </span>
    </p>
   </div>
   <div class='ocr_carea' id='block_1_69' title="bbox 1937 3824 3535 3895">
    <p class='ocr_par' dir='ltr' id='par_1_69' title="bbox 1937 3824 3535 3895">
     <span class='ocr_line' id='line_1_69' title="bbox 1937 3824 3535 3895; baseline -0.004 -13"><span class='ocrx_word' id='word_1_477' title='bbox 1937 3843 2061 3882; x_wconf 93' lang='lat' dir='ltr'><strong>rum</strong></span> <span class='ocrx_word' id='word_1_478' title='bbox 2083 3827 2500 3884; x_wconf 69' lang='lat' dir='ltr'><strong>aedificationem</strong></span> <span class='ocrx_word' id='word_1_479' title='bbox 2523 3829 2726 3884; x_wconf 88' lang='lat' dir='ltr'><strong>ducere</strong></span> <span class='ocrx_word' id='word_1_480' title='bbox 2755 3829 2858 3883; x_wconf 88' lang='lat' dir='ltr'><strong>hos</strong></span> <span class='ocrx_word' id='word_1_481' title='bbox 2888 3829 2982 3895; x_wconf 88' lang='lat' dir='ltr'><strong>qui</strong></span> <span class='ocrx_word' id='word_1_482' title='bbox 3007 3836 3212 3883; x_wconf 83' lang='lat' dir='ltr'><strong>attente</strong></span> <span class='ocrx_word' id='word_1_483' title='bbox 3236 3824 3535 3880; x_wconf 87' lang='lat' dir='ltr'><strong>auscultari</strong></span> 
     </span>
    </p>
   </div>
   <div class='ocr_carea' id='block_1_70' title="bbox 1939 3918 2161 3974">
    <p class='ocr_par' dir='ltr' id='par_1_70' title="bbox 1939 3918 2161 3974">
     <span class='ocr_line' id='line_1_70' title="bbox 1939 3918 2161 3974; baseline 0.005 -3"><span class='ocrx_word' id='word_1_484' title='bbox 1939 3918 2161 3974; x_wconf 79' lang='lat' dir='ltr'><strong>volunt.</strong></span> 
     </span>
    </p>
   </div>
   <div class='ocr_carea' id='block_1_71' title="bbox 2012 4004 3540 4080">
    <p class='ocr_par' dir='ltr' id='par_1_71' title="bbox 2012 4004 3540 4080">
     <span class='ocr_line' id='line_1_71' title="bbox 2012 4004 3540 4080; baseline -0.003 -17"><span class='ocrx_word' id='word_1_485' title='bbox 2012 4010 2291 4080; x_wconf 81' lang='lat' dir='ltr'><strong>Multiplex</strong></span> <span class='ocrx_word' id='word_1_486' title='bbox 2332 4017 2417 4065; x_wconf 85' lang='lat' dir='ltr'><strong>est</strong></span> <span class='ocrx_word' id='word_1_487' title='bbox 2453 4024 2765 4080; x_wconf 74' lang='lat' dir='ltr'><strong>pugnarum</strong></span> <span class='ocrx_word' id='word_1_488' title='bbox 2800 4008 3012 4071; x_wconf 86' lang='lat' dir='ltr'><strong>virtus,</strong></span> <span class='ocrx_word' id='word_1_489' title='bbox 3043 4015 3096 4060; x_wconf 87' lang='lat' dir='ltr'><strong>et</strong></span> <span class='ocrx_word' id='word_1_490' title='bbox 3126 4004 3540 4061; x_wconf 84' lang='lat' dir='ltr'><strong>diversissimus</strong></span> 
     </span>
    </p>
   </div>
   <div class='ocr_carea' id='block_1_72' title="bbox 1943 4096 3539 4170">
    <p class='ocr_par' dir='ltr' id='par_1_72' title="bbox 1943 4096 3539 4170">
     <span class='ocr_line' id='line_1_72' title="bbox 1943 4096 3539 4170; baseline -0.007 -10"><span class='ocrx_word' id='word_1_491' title='bbox 1943 4103 2307 4160; x_wconf 88' lang='lat' dir='ltr'><strong>certaminum</strong></span> <span class='ocrx_word' id='word_1_492' title='bbox 2335 4102 2541 4170; x_wconf 86' lang='lat' dir='ltr'><strong>ardor;</strong></span> <span class='ocrx_word' id='word_1_493' title='bbox 2572 4117 2678 4156; x_wconf 91' lang='lat' dir='ltr'><strong>non</strong></span> <span class='ocrx_word' id='word_1_494' title='bbox 2713 4101 2861 4155; x_wconf 90' lang='lat' dir='ltr'><strong>enim</strong></span> <span class='ocrx_word' id='word_1_495' title='bbox 2903 4101 2956 4154; x_wconf 87' lang='lat' dir='ltr'><strong>in</strong></span> <span class='ocrx_word' id='word_1_496' title='bbox 2991 4113 3160 4154; x_wconf 90' lang='lat' dir='ltr'><strong>unum</strong></span> <span class='ocrx_word' id='word_1_497' title='bbox 3205 4097 3289 4151; x_wconf 90' lang='lat' dir='ltr'><strong>vel</strong></span> <span class='ocrx_word' id='word_1_498' title='bbox 3313 4097 3423 4151; x_wconf 90' lang='lat' dir='ltr'><strong>duo</strong></span> <span class='ocrx_word' id='word_1_499' title='bbox 3452 4096 3539 4149; x_wconf 74' lang='lat' dir='ltr'><strong>vel</strong></span> 
     </span>
    </p>
   </div>
   <div class='ocr_carea' id='block_1_73' title="bbox 1945 4185 3541 4258">
    <p class='ocr_par' dir='ltr' id='par_1_73' title="bbox 1945 4185 3541 4258">
     <span class='ocr_line' id='line_1_73' title="bbox 1945 4185 3541 4258; baseline -0.008 -9"><span class='ocrx_word' id='word_1_500' title='bbox 1945 4193 2131 4249; x_wconf 89' lang='lat' dir='ltr'><strong>decem</strong></span> <span class='ocrx_word' id='word_1_501' title='bbox 2167 4207 2420 4258; x_wconf 90' lang='lat' dir='ltr'><strong>numero,</strong></span> <span class='ocrx_word' id='word_1_502' title='bbox 2439 4191 2571 4247; x_wconf 91' lang='lat' dir='ltr'><strong>illud</strong></span> <span class='ocrx_word' id='word_1_503' title='bbox 2601 4190 2912 4248; x_wconf 85' lang='lat' dir='ltr'><strong>ettcomium</strong></span> <span class='ocrx_word' id='word_1_504' title='bbox 2936 4187 3330 4258; x_wconf 89' lang='lat' dir='ltr'><strong>proclamatur,</strong></span> <span class='ocrx_word' id='word_1_505' title='bbox 3363 4185 3458 4240; x_wconf 79' lang='lat' dir='ltr'><strong>sed</strong></span> <span class='ocrx_word' id='word_1_506' title='bbox 3486 4185 3541 4237; x_wconf 87' lang='lat' dir='ltr'><strong>in</strong></span> 
     </span>
    </p>
   </div>
   <div class='ocr_carea' id='block_1_74' title="bbox 1946 4276 3541 4350">
    <p class='ocr_par' dir='ltr' id='par_1_74' title="bbox 1946 4276 3541 4350">
     <span class='ocr_line' id='line_1_74' title="bbox 1946 4276 3541 4350; baseline -0.006 -13"><span class='ocrx_word' id='word_1_507' title='bbox 1946 4284 2296 4346; x_wconf 83' lang='lat' dir='ltr'><strong>innumeram</strong></span> <span class='ocrx_word' id='word_1_508' title='bbox 2374 4293 2730 4348; x_wconf 83' lang='lat' dir='ltr'><strong>sanctorum,</strong></span> <span class='ocrx_word' id='word_1_509' title='bbox 2817 4289 3119 4350; x_wconf 87' lang='lat' dir='ltr'><strong>martyrum</strong></span> <span class='ocrx_word' id='word_1_510' title='bbox 3200 4285 3256 4331; x_wconf 89' lang='lat' dir='ltr'><strong>et</strong></span> <span class='ocrx_word' id='word_1_511' title='bbox 3323 4276 3541 4346; x_wconf 85' lang='lat' dir='ltr'><strong>piorum</strong></span> 
     </span>
    </p>
   </div>
   <div class='ocr_carea' id='block_1_75' title="bbox 1949 4367 3546 4440">
    <p class='ocr_par' dir='ltr' id='par_1_75' title="bbox 1949 4367 3546 4440">
     <span class='ocr_line' id='line_1_75' title="bbox 1949 4367 3546 4440; baseline -0.005 -10"><span class='ocrx_word' id='word_1_512' title='bbox 1949 4375 2375 4430; x_wconf 88' lang='lat' dir='ltr'><strong>multitudinem.</strong></span> <span class='ocrx_word' id='word_1_513' title='bbox 2419 4373 2570 4440; x_wconf 88' lang='lat' dir='ltr'><strong>Quos</strong></span> <span class='ocrx_word' id='word_1_514' title='bbox 2601 4373 2746 4428; x_wconf 89' lang='lat' dir='ltr'><strong>enim</strong></span> <span class='ocrx_word' id='word_1_515' title='bbox 2777 4373 3062 4426; x_wconf 92' lang='lat' dir='ltr'><strong>hominum</strong></span> <span class='ocrx_word' id='word_1_516' title='bbox 3109 4369 3267 4424; x_wconf 89' lang='lat' dir='ltr'><strong>turba</strong></span> <span class='ocrx_word' id='word_1_517' title='bbox 3295 4367 3546 4423; x_wconf 89' lang='lat' dir='ltr'><strong>dinume—</strong></span> 
     </span>
    </p>
   </div>
   <div class='ocr_carea' id='block_1_76' title="bbox 1953 4455 3546 4535">
    <p class='ocr_par' dir='ltr' id='par_1_76' title="bbox 1953 4455 3546 4535">
     <span class='ocr_line' id='line_1_76' title="bbox 1953 4455 3546 4535; baseline -0.008 -13"><span class='ocrx_word' id='word_1_518' title='bbox 1953 4482 2075 4522; x_wconf 88' lang='lat' dir='ltr'><strong>rare</strong></span> <span class='ocrx_word' id='word_1_519' title='bbox 2124 4481 2232 4520; x_wconf 90' lang='lat' dir='ltr'><strong>non</strong></span> <span class='ocrx_word' id='word_1_520' title='bbox 2277 4465 2474 4535; x_wconf 88' lang='lat' dir='ltr'><strong>potuit,</strong></span> <span class='ocrx_word' id='word_1_521' title='bbox 2508 4464 2706 4520; x_wconf 86' lang='lat' dir='ltr'><strong>horum</strong></span> <span class='ocrx_word' id='word_1_522' title='bbox 2755 4477 2901 4517; x_wconf 81' lang='lat' dir='ltr'><strong>unus</strong></span> <span class='ocrx_word' id='word_1_523' title='bbox 2942 4469 2996 4516; x_wconf 89' lang='lat' dir='ltr'><strong>et</strong></span> <span class='ocrx_word' id='word_1_524' title='bbox 3027 4459 3180 4516; x_wconf 85' lang='lat' dir='ltr'><strong>solus</strong></span> <span class='ocrx_word' id='word_1_525' title='bbox 3228 4459 3370 4512; x_wconf 87' lang='lat' dir='ltr'><strong>Deus</strong></span> <span class='ocrx_word' id='word_1_526' title='bbox 3407 4455 3546 4511; x_wconf 86' lang='lat' dir='ltr'><strong>bene</strong></span> 
     </span>
    </p>
   </div>
   <div class='ocr_carea' id='block_1_77' title="bbox 1951 4548 3549 4625">
    <p class='ocr_par' dir='ltr' id='par_1_77' title="bbox 1951 4548 3549 4625">
     <span class='ocr_line' id='line_1_77' title="bbox 1951 4548 3549 4625; baseline -0.009 -10"><span class='ocrx_word' id='word_1_527' title='bbox 1951 4558 2274 4620; x_wconf 82' lang='lat' dir='ltr'><strong>aestimatam</strong></span> <span class='ocrx_word' id='word_1_528' title='bbox 2295 4557 2446 4612; x_wconf 88' lang='lat' dir='ltr'><strong>novit</strong></span> <span class='ocrx_word' id='word_1_529' title='bbox 2467 4555 2850 4625; x_wconf 84' lang='lat' dir='ltr'><strong>quantitatem,</strong></span> <span class='ocrx_word' id='word_1_530' title='bbox 2876 4561 2936 4608; x_wconf 93' lang='lat' dir='ltr'><strong>ut</strong></span> <span class='ocrx_word' id='word_1_531' title='bbox 2964 4554 3080 4623; x_wconf 86' lang='lat' dir='ltr'><strong>ipse</strong></span> <span class='ocrx_word' id='word_1_532' title='bbox 3100 4551 3253 4607; x_wconf 90' lang='lat' dir='ltr'><strong>solus</strong></span> <span class='ocrx_word' id='word_1_533' title='bbox 3277 4548 3549 4618; x_wconf 86' lang='lat' dir='ltr'><strong>triumpho</strong></span> 
     </span>
    </p>
   </div>
   <div class='ocr_carea' id='block_1_78' title="bbox 1954 4644 3550 4720">
    <p class='ocr_par' dir='ltr' id='par_1_78' title="bbox 1954 4644 3550 4720">
     <span class='ocr_line' id='line_1_78' title="bbox 1954 4644 3550 4720; baseline -0.008 -15"><span class='ocrx_word' id='word_1_534' title='bbox 1954 4650 2342 4720; x_wconf 87' lang='lat' dir='ltr'><strong>decoravitqui</strong></span> <span class='ocrx_word' id='word_1_535' title='bbox 2373 4650 2502 4707; x_wconf 87' lang='lat' dir='ltr'><strong>dicit</strong></span> <span class='ocrx_word' id='word_1_536' title='bbox 2537 4668 2550 4703; x_wconf 90' lang='lat'><strong>:</strong></span> <span class='ocrx_word' id='word_1_537' title='bbox 2597 4647 2772 4705; x_wconf 75' lang='lat' dir='ltr'><strong>Vestri</strong></span> <span class='ocrx_word' id='word_1_538' title='bbox 2807 4647 3002 4716; x_wconf 78' lang='lat' dir='ltr'><strong>capitis</strong></span> <span class='ocrx_word' id='word_1_539' title='bbox 3039 4644 3219 4712; x_wconf 80' lang='lat' dir='ltr'><strong>capilli</strong></span> <span class='ocrx_word' id='word_1_540' title='bbox 3249 4658 3426 4697; x_wconf 75' lang='lat' dir='ltr'><strong>omnes</strong></span> <span class='ocrx_word' id='word_1_541' title='bbox 3457 4658 3550 4694; x_wconf 83' lang='lat' dir='ltr'><strong>nu.</strong></span> 
     </span>
    </p>
   </div>
   <div class='ocr_carea' id='block_1_79' title="bbox 1955 4738 3550 4809">
    <p class='ocr_par' dir='ltr' id='par_1_79' title="bbox 1955 4738 3550 4809">
     <span class='ocr_line' id='line_1_79' title="bbox 1955 4738 3550 4809; baseline -0.004 -16"><span class='ocrx_word' id='word_1_542' title='bbox 1955 4742 2145 4796; x_wconf 82' lang='lat' dir='ltr'><strong>merati</strong></span> <span class='ocrx_word' id='word_1_543' title='bbox 2177 4751 2298 4794; x_wconf 82' lang='lat' dir='ltr'><strong>sunt</strong></span> <span class='ocrx_word' id='word_1_544' title='bbox 2320 4742 2364 4794; x_wconf 79' lang='grc'>³.</span> <span class='ocrx_word' id='word_1_545' title='bbox 2407 4739 2508 4807; x_wconf 77' lang='lat' dir='ltr'><strong>Qui</strong></span> <span class='ocrx_word' id='word_1_546' title='bbox 2567 4739 2733 4809; x_wconf 78' lang='lat' dir='ltr'><strong>igitur</strong></span> <span class='ocrx_word' id='word_1_547' title='bbox 2775 4738 3001 4808; x_wconf 88' lang='lat' dir='ltr'><strong>capillos</strong></span> <span class='ocrx_word' id='word_1_548' title='bbox 3033 4750 3325 4790; x_wconf 86' lang='lat' dir='ltr'><strong>numerare</strong></span> <span class='ocrx_word' id='word_1_549' title='bbox 3370 4743 3550 4803; x_wconf 89' lang='lat' dir='ltr'><strong>potest</strong></span> 
     </span>
    </p>
   </div>
   <div class='ocr_carea' id='block_1_80' title="bbox 1882 4825 3552 4916">
    <p class='ocr_par' dir='ltr' id='par_1_80' title="bbox 1882 4825 3552 4916">
     <span class='ocr_line' id='line_1_80' title="bbox 1882 4825 3552 4916; baseline -0.007 -27"><span class='ocrx_word' id='word_1_550' title='bbox 1882 4857 1926 4916; x_wconf 69' lang='grc' dir='ltr'>ο</span> <span class='ocrx_word' id='word_1_551' title='bbox 1955 4833 2136 4888; x_wconf 91' lang='lat' dir='ltr'><strong>omnis</strong></span> <span class='ocrx_word' id='word_1_552' title='bbox 2157 4832 2418 4900; x_wconf 87' lang='lat' dir='ltr'><strong>hominis,</strong></span> <span class='ocrx_word' id='word_1_553' title='bbox 2447 4846 2630 4886; x_wconf 89' lang='lat' dir='ltr'><strong>nonne</strong></span> <span class='ocrx_word' id='word_1_554' title='bbox 2658 4830 2832 4900; x_wconf 82' lang='lat' dir='ltr'><strong>magis</strong></span> <span class='ocrx_word' id='word_1_555' title='bbox 2865 4827 3171 4884; x_wconf 88' lang='lat' dir='ltr'><strong>numerabit</strong></span> <span class='ocrx_word' id='word_1_556' title='bbox 3195 4841 3315 4895; x_wconf 75' lang='lat' dir='ltr'><strong>quae</strong></span> <span class='ocrx_word' id='word_1_557' title='bbox 3343 4825 3396 4878; x_wconf 89' lang='lat' dir='ltr'><strong>in</strong></span> <span class='ocrx_word' id='word_1_558' title='bbox 3434 4833 3552 4878; x_wconf 90' lang='lat' dir='ltr'><strong>toto</strong></span> 
     </span>
    </p>
   </div>
   <div class='ocr_carea' id='block_1_81' title="bbox 1959 4917 3546 4992">
    <p class='ocr_par' dir='ltr' id='par_1_81' title="bbox 1959 4917 3546 4992">
     <span class='ocr_line' id='line_1_81' title="bbox 1959 4917 3546 4992; baseline -0.006 -12"><span class='ocrx_word' id='word_1_559' title='bbox 1959 4923 2164 4985; x_wconf 87' lang='lat' dir='ltr'><strong>mundo</strong></span> <span class='ocrx_word' id='word_1_560' title='bbox 2191 4923 2460 4979; x_wconf 79' lang='lat' dir='ltr'><strong>exsistunt</strong></span> <span class='ocrx_word' id='word_1_561' title='bbox 2484 4931 2782 4992; x_wconf 87' lang='lat' dir='ltr'><strong>martyrum</strong></span> <span class='ocrx_word' id='word_1_562' title='bbox 2817 4931 2871 4976; x_wconf 92' lang='lat' dir='ltr'><strong>et</strong></span> <span class='ocrx_word' id='word_1_563' title='bbox 2905 4920 3119 4990; x_wconf 83' lang='lat' dir='ltr'><strong>piorum</strong></span> <span class='ocrx_word' id='word_1_564' title='bbox 3151 4917 3546 4987; x_wconf 74' lang='lat' dir='ltr'><strong>corporainon</strong></span> 
     </span>
    </p>
   </div>
   <div class='ocr_carea' id='block_1_82' title="bbox 1960 5007 3552 5075">
    <p class='ocr_par' dir='ltr' id='par_1_82' title="bbox 1960 5007 3552 5075">
     <span class='ocr_line' id='line_1_82' title="bbox 1960 5007 3552 5075; baseline -0.007 -5"><span class='ocrx_word' id='word_1_565' title='bbox 1960 5015 2106 5070; x_wconf 88' lang='lat' dir='ltr'><strong>enim</strong></span> <span class='ocrx_word' id='word_1_566' title='bbox 2155 5013 2224 5069; x_wconf 88' lang='lat' dir='ltr'><strong>ad</strong></span> <span class='ocrx_word' id='word_1_567' title='bbox 2270 5028 2442 5068; x_wconf 86' lang='lat' dir='ltr'><strong>unum</strong></span> <span class='ocrx_word' id='word_1_568' title='bbox 2486 5013 2666 5068; x_wconf 90' lang='lat' dir='ltr'><strong>locum</strong></span> <span class='ocrx_word' id='word_1_569' title='bbox 2702 5009 2998 5066; x_wconf 86' lang='lat' dir='ltr'><strong>multitudo</strong></span> <span class='ocrx_word' id='word_1_570' title='bbox 3030 5008 3288 5070; x_wconf 72' lang='lat' dir='ltr'><strong>adhaeret,</strong></span> <span class='ocrx_word' id='word_1_571' title='bbox 3327 5007 3420 5062; x_wconf 89' lang='lat' dir='ltr'><strong>sed</strong></span> <span class='ocrx_word' id='word_1_572' title='bbox 3451 5021 3552 5075; x_wconf 89' lang='lat' dir='ltr'><strong>per</strong></span> 
     </span>
    </p>
   </div>
   <div class='ocr_carea' id='block_1_83' title="bbox 1963 5097 3550 5176">
    <p class='ocr_par' dir='ltr' id='par_1_83' title="bbox 1963 5097 3550 5176">
     <span class='ocr_line' id='line_1_83' title="bbox 1963 5097 3550 5176; baseline -0.005 -18"><span class='ocrx_word' id='word_1_573' title='bbox 1963 5105 2146 5159; x_wconf 88' lang='lat' dir='ltr'><strong>omnia</strong></span> <span class='ocrx_word' id='word_1_574' title='bbox 2185 5105 2305 5176; x_wconf 77' lang='lat' dir='ltr'><strong>loca</strong></span> <span class='ocrx_word' id='word_1_575' title='bbox 2346 5103 2725 5158; x_wconf 85' lang='lat' dir='ltr'><strong>multitudines</strong></span> <span class='ocrx_word' id='word_1_576' title='bbox 2764 5099 3166 5157; x_wconf 78' lang='lat' dir='ltr'><strong>diﬂ&#39;unduntur.</strong></span> <span class='ocrx_word' id='word_1_577' title='bbox 3218 5097 3356 5152; x_wconf 76' lang='lat' dir='ltr'><strong>Nam</strong></span> <span class='ocrx_word' id='word_1_578' title='bbox 3406 5097 3550 5151; x_wconf 84' lang='lat' dir='ltr'><strong>sicut</strong></span> 
     </span>
    </p>
   </div>
   <div class='ocr_carea' id='block_1_84' title="bbox 1968 5187 3553 5251">
    <p class='ocr_par' dir='ltr' id='par_1_84' title="bbox 1968 5187 3553 5251">
     <span class='ocr_line' id='line_1_84' title="bbox 1968 5187 3553 5251; baseline -0.006 -1"><span class='ocrx_word' id='word_1_579' title='bbox 1968 5194 2424 5251; x_wconf 82' lang='lat' dir='ltr'><strong>Deiimmensitas</strong></span> <span class='ocrx_word' id='word_1_580' title='bbox 2444 5193 2528 5248; x_wconf 87' lang='lat' dir='ltr'><strong>vel</strong></span> <span class='ocrx_word' id='word_1_581' title='bbox 2546 5193 2598 5247; x_wconf 90' lang='lat' dir='ltr'><strong>in</strong></span> <span class='ocrx_word' id='word_1_582' title='bbox 2618 5193 2754 5248; x_wconf 89' lang='lat' dir='ltr'><strong>locis</strong></span> <span class='ocrx_word' id='word_1_583' title='bbox 2791 5189 3162 5245; x_wconf 89' lang='lat' dir='ltr'><strong>invisibilibus</strong></span> <span class='ocrx_word' id='word_1_584' title='bbox 3201 5187 3514 5244; x_wconf 83' lang='lat' dir='ltr'><strong>extenditur</strong></span> <span class='ocrx_word' id='word_1_585' title='bbox 3535 5225 3553 5250; x_wconf 84' lang='lat'><strong>,</strong></span> 
     </span>
    </p>
   </div>
   <div class='ocr_carea' id='block_1_85' title="bbox 1969 5280 3553 5357">
    <p class='ocr_par' dir='ltr' id='par_1_85' title="bbox 1969 5280 3553 5357">
     <span class='ocr_line' id='line_1_85' title="bbox 1969 5280 3553 5357; baseline -0.006 -15"><span class='ocrx_word' id='word_1_586' title='bbox 1969 5289 2045 5342; x_wconf 90' lang='lat' dir='ltr'><strong>ita</strong></span> <span class='ocrx_word' id='word_1_587' title='bbox 2072 5301 2294 5357; x_wconf 90' lang='lat' dir='ltr'><strong>quoque</strong></span> <span class='ocrx_word' id='word_1_588' title='bbox 2329 5285 2449 5340; x_wconf 87' lang='lat' dir='ltr'><strong>lidci</strong></span> <span class='ocrx_word' id='word_1_589' title='bbox 2479 5285 2600 5354; x_wconf 85' lang='lat' dir='ltr'><strong>ejus</strong></span> <span class='ocrx_word' id='word_1_590' title='bbox 2630 5284 2844 5338; x_wconf 84' lang='lat' dir='ltr'><strong>animas</strong></span> <span class='ocrx_word' id='word_1_591' title='bbox 2874 5283 3157 5352; x_wconf 82' lang='lat' dir='ltr'><strong>captivans</strong></span> <span class='ocrx_word' id='word_1_592' title='bbox 3187 5280 3335 5336; x_wconf 83' lang='lat' dir='ltr'><strong>zelus</strong></span> <span class='ocrx_word' id='word_1_593' title='bbox 3365 5281 3430 5334; x_wconf 84' lang='lat' dir='ltr'><strong>ad</strong></span> <span class='ocrx_word' id='word_1_594' title='bbox 3464 5294 3553 5334; x_wconf 80' lang='lat' dir='ltr'><strong>or-</strong></span> 
     </span>
    </p>
   </div>
   <div class='ocr_carea' id='block_1_86' title="bbox 1971 5369 3552 5440">
    <p class='ocr_par' dir='ltr' id='par_1_86' title="bbox 1971 5369 3552 5440">
     <span class='ocr_line' id='line_1_86' title="bbox 1971 5369 3552 5440; baseline -0.008 -6"><span class='ocrx_word' id='word_1_595' title='bbox 1971 5379 2061 5434; x_wconf 84' lang='lat' dir='ltr'><strong>bis</strong></span> <span class='ocrx_word' id='word_1_596' title='bbox 2099 5378 2342 5432; x_wconf 82' lang='lat' dir='ltr'><strong>universi</strong></span> <span class='ocrx_word' id='word_1_597' title='bbox 2370 5376 2632 5431; x_wconf 88' lang='lat' dir='ltr'><strong>terminos</strong></span> <span class='ocrx_word' id='word_1_598' title='bbox 2656 5375 2893 5431; x_wconf 77' lang='lat' dir='ltr'><strong>diffusus</strong></span> <span class='ocrx_word' id='word_1_599' title='bbox 2922 5383 3026 5430; x_wconf 85' lang='lat' dir='ltr'><strong>est.</strong></span> <span class='ocrx_word' id='word_1_600' title='bbox 3061 5373 3244 5439; x_wconf 80' lang='lat' dir='ltr'><strong>Quare</strong></span> <span class='ocrx_word' id='word_1_601' title='bbox 3265 5371 3311 5426; x_wconf 85' lang='lat' dir='ltr'><strong>si</strong></span> <span class='ocrx_word' id='word_1_602' title='bbox 3335 5369 3552 5440; x_wconf 84' lang='lat' dir='ltr'><strong>quidem</strong></span> 
     </span>
    </p>
   </div>
   <div class='ocr_carea' id='block_1_87' title="bbox 1972 5463 3557 5533">
    <p class='ocr_par' dir='ltr' id='par_1_87' title="bbox 1972 5463 3557 5533">
     <span class='ocr_line' id='line_1_87' title="bbox 1972 5463 3557 5533; baseline -0.005 -9"><span class='ocrx_word' id='word_1_603' title='bbox 1972 5472 2024 5525; x_wconf 91' lang='lat' dir='ltr'><strong>in</strong></span> <span class='ocrx_word' id='word_1_604' title='bbox 2061 5485 2163 5526; x_wconf 91' lang='lat' dir='ltr'><strong>suo</strong></span> <span class='ocrx_word' id='word_1_605' title='bbox 2192 5470 2317 5524; x_wconf 92' lang='lat' dir='ltr'><strong>loco</strong></span> <span class='ocrx_word' id='word_1_606' title='bbox 2348 5469 2640 5524; x_wconf 87' lang='lat' dir='ltr'><strong>multitudo</strong></span> <span class='ocrx_word' id='word_1_607' title='bbox 2675 5478 2780 5533; x_wconf 85' lang='lat' dir='ltr'><strong>est,</strong></span> <span class='ocrx_word' id='word_1_608' title='bbox 2813 5467 2912 5524; x_wconf 90' lang='lat' dir='ltr'><strong>sed</strong></span> <span class='ocrx_word' id='word_1_609' title='bbox 2941 5467 3009 5521; x_wconf 90' lang='lat' dir='ltr'><strong>ad</strong></span> <span class='ocrx_word' id='word_1_610' title='bbox 3039 5480 3206 5520; x_wconf 93' lang='lat' dir='ltr'><strong>unum</strong></span> <span class='ocrx_word' id='word_1_611' title='bbox 3247 5463 3428 5518; x_wconf 88' lang='lat' dir='ltr'><strong>locum</strong></span> <span class='ocrx_word' id='word_1_612' title='bbox 3461 5476 3557 5517; x_wconf 83' lang='lat' dir='ltr'><strong>co-</strong></span> 
     </span>
    </p>
   </div>
   <div class='ocr_carea' id='block_1_88' title="bbox 1970 5551 3556 5632">
    <p class='ocr_par' dir='ltr' id='par_1_88' title="bbox 1970 5551 3556 5632">
     <span class='ocr_line' id='line_1_88' title="bbox 1970 5551 3556 5632; baseline -0.006 -17"><span class='ocrx_word' id='word_1_613' title='bbox 1970 5562 2241 5632; x_wconf 74' lang='lat' dir='ltr'><strong>gitamor.</strong></span> <span class='ocrx_word' id='word_1_614' title='bbox 2272 5560 2424 5627; x_wconf 91' lang='lat' dir='ltr'><strong>Quos</strong></span> <span class='ocrx_word' id='word_1_615' title='bbox 2464 5560 2610 5614; x_wconf 92' lang='lat' dir='ltr'><strong>enim</strong></span> <span class='ocrx_word' id='word_1_616' title='bbox 2643 5569 2786 5615; x_wconf 89' lang='lat' dir='ltr'><strong>terra</strong></span> <span class='ocrx_word' id='word_1_617' title='bbox 2808 5575 2904 5628; x_wconf 88' lang='lat' dir='ltr'><strong>per</strong></span> <span class='ocrx_word' id='word_1_618' title='bbox 2945 5555 3309 5612; x_wconf 87' lang='lat' dir='ltr'><strong>habitationes</strong></span> <span class='ocrx_word' id='word_1_619' title='bbox 3349 5551 3556 5612; x_wconf 87' lang='lat' dir='ltr'><strong>divisit,</strong></span> 
     </span>
    </p>
   </div>
   <div class='ocr_carea' id='block_1_89' title="bbox 1970 5643 3557 5721">
    <p class='ocr_par' dir='ltr' id='par_1_89' title="bbox 1970 5643 3557 5721">
     <span class='ocr_line' id='line_1_89' title="bbox 1970 5643 3557 5721; baseline -0.009 -13"><span class='ocrx_word' id='word_1_620' title='bbox 1970 5652 2070 5708; x_wconf 80' lang='lat' dir='ltr'><strong>bos</strong></span> <span class='ocrx_word' id='word_1_621' title='bbox 2094 5651 2294 5708; x_wconf 62' lang='lat' dir='ltr'><strong>coelum</strong></span> <span class='ocrx_word' id='word_1_622' title='bbox 2325 5667 2419 5721; x_wconf 90' lang='lat' dir='ltr'><strong>per</strong></span> <span class='ocrx_word' id='word_1_623' title='bbox 2449 5650 2711 5706; x_wconf 88' lang='lat' dir='ltr'><strong>mentium</strong></span> <span class='ocrx_word' id='word_1_624' title='bbox 2744 5648 2999 5703; x_wconf 88' lang='lat' dir='ltr'><strong>unionem</strong></span> <span class='ocrx_word' id='word_1_625' title='bbox 3023 5645 3308 5715; x_wconf 77' lang='lat' dir='ltr'><strong>conjunxit</strong></span> <span class='ocrx_word' id='word_1_626' title='bbox 3341 5661 3356 5710; x_wconf 92' lang='lat'><strong>;</strong></span> <span class='ocrx_word' id='word_1_627' title='bbox 3389 5643 3557 5712; x_wconf 83' lang='lat' dir='ltr'><strong>[itque</strong></span> 
     </span>
    </p>
   </div>
   <div class='ocr_carea' id='block_1_90' title="bbox 1971 5727 3553 5812">
    <p class='ocr_par' dir='ltr' id='par_1_90' title="bbox 1971 5727 3553 5812">
     <span class='ocr_line' id='line_1_90' title="bbox 1971 5727 3553 5812; baseline -0.01 -14"><span class='ocrx_word' id='word_1_628' title='bbox 1971 5740 2274 5812; x_wconf 87' lang='lat' dir='ltr'><strong>corporalis</strong></span> <span class='ocrx_word' id='word_1_629' title='bbox 2318 5739 2537 5804; x_wconf 77' lang='lat' dir='ltr'><strong>divisio,</strong></span> <span class='ocrx_word' id='word_1_630' title='bbox 2566 5737 2871 5810; x_wconf 85' lang='lat' dir='ltr'><strong>spiritualis</strong></span> <span class='ocrx_word' id='word_1_631' title='bbox 2917 5732 3272 5805; x_wconf 85' lang='lat' dir='ltr'><strong>conjnunctio</strong></span> <span class='ocrx_word' id='word_1_632' title='bbox 3307 5749 3322 5800; x_wconf 90' lang='lat'><strong>;</strong></span> <span class='ocrx_word' id='word_1_633' title='bbox 3361 5739 3437 5786; x_wconf 86' lang='lat' dir='ltr'><strong>et&#39;</strong></span> <span class='ocrx_word' id='word_1_634' title='bbox 3461 5727 3553 5798; x_wconf 87' lang='lat' dir='ltr'><strong>qui</strong></span> 
     </span>
    </p>
   </div>
  </div>
