4048 6448
558 506 681 581 ‘85i

1787 513 2270 576 THEOGNOSTI
2312 512 2657 575 MONACHI
3093 547 3107 559 -
3699 523 3779 587 35g

576 630 960 687 brevissimam
998 630 1138 685 hanc
1165 630 1219 685 in
1245 639 1388 687 terra
1421 631 1588 686 vitam
1617 640 1924 701 separatam
1952 634 2152 686 habent
2182 632 2208 687 Δ

2298 646 2345 681 av
2388 630 2488 700 ζῇν
2516 624 2608 682 ἐπὶ
2635 627 2739 698 γῆς
2765 627 2984 681 ἄπωθεν
3032 627 3442 697 κεχωρισμένον
3472 628 3685 700 ἔχοντες,
3710 642 3783 693 τοῦ

575 735 838 779 aeternam
875 723 931 778 in
996 724 1151 779 etelis
1183 725 1351 780 vitam
1384 725 1735 794 conjunctam
1778 726 2172 793 obtinuerunt,

577 830 640 871 se
669 816 907 872 invicem
935 817 1185 872 videntes
1218 827 1272 872 et
1313 817 1415 873 sibi
1455 818 1815 890 gratulantes.
1867 817 1982 873 Non
2027 819 2173 873 enim

577 906 688 963 fuit
709 907 820 965 illis
845 909 1090 979 cupitum
1118 909 1357 965 breviter
1382 910 1650 979 separatis
1673 910 1877 971 vivere,
1911 909 2006 965 sed
2033 910 2179 965 desi-

579 998 834 1055 deratum
872 1014 1095 1070 semper
1121 1001 1430 1069 conjunctis
1463 1000 1667 1063 vivere,
1704 1007 1759 1054 ct
1783 1001 1905 1056 vitae
1933 1000 2178 1061 datorem

579 1089 827 1145 laudare.
868 1087 1027 1146 Unde
1058 1089 1124 1146 ad
1164 1089 1480 1160 patiendum
1511 1091 1791 1157 destinati,
1832 1093 2089 1163 periculis
2122 1109 2182 1150 se

580 1184 825 1253 objicere
891 1199 1000 1240 non
1065 1184 1177 1255 pati
1221 1192 1663 1254 reputaverunt;
1719 1185 1812 1240 sed
1884 1186 2182 1246 levioribus

582 1274 787 1343 pugnis
803 1272 1010 1337 amicti,
1031 1272 1409 1328 vehementius
1433 1274 1543 1343 pati
1575 1273 1771 1329 iterum
1791 1282 2141 1332 tentaverunt
2165 1297 2181 1346 ;

582 1365 643 1419 in
684 1364 885 1435 quibus
923 1364 1048 1419 licet
1088 1363 1385 1418 multorum
1425 1365 1657 1421 deorum
1703 1374 1759 1431 et
1798 1382 1905 1421 non
1943 1367 2036 1422 Dei
2072 1370 2186 1423 cul-

584 1454 958 1525 toresjudiees
986 1454 1362 1511 misericordia
1405 1457 1665 1511 commoti
1713 1455 1937 1523 iuerint,
1975 1460 2042 1515 ad
2068 1460 2185 1515 ille-

585 1545 782 1602 eebras
798 1547 1003 1603 sanctis
1024 1549 1362 1618 praebendas,
1395 1549 1612 1620 injuriis
1638 1551 1841 1607 illicitis
1865 1554 2075 1609 strenui
2110 1555 2184 1609 illi

586 1636 692 1693 hos
710 1636 1069 1706 impetebant,
1090 1639 1157 1693 ad
1180 1640 1639 1695 vehementiorem
1660 1641 1714 1696 in
1735 1643 2187 1701 condemnatione

587 1727 729 1783 iram
791 1730 1194 1797 excitandam;
1250 1740 1312 1785 ut
1365 1747 1464 1802 per
1520 1733 1774 1789 acerbius
1836 1735 2186 1806 supplicium,

591 1820 1025 1889 splendidiorem
1052 1823 1297 1878 laetitiam
1325 1835 1704 1894 procurarent,
1729 1827 1873 1897 quod
1898 1843 2191 1899 possumus

590 1913 850 1984 exemplo
879 1914 1178 1969 illustrare.
1215 1914 1370 1970 Sicut
1397 1914 1452 1969 in
1487 1916 1664 1972 stadio
1696 1921 1936 1988 equestri
1972 1920 2188 1988 auriga,

592 2007 667 2062 ob
690 2007 1061 2063 remissiorem
1090 2008 1340 2078 bigarum
1367 2024 1588 2064 cursum
1615 2011 1879 2066 variabile
1894 2021 1946 2067 et
1973 2013 2192 2070 diliicile

594 2099 925 2155 certaminis
973 2100 1258 2155 exordium
1306 2100 1606 2156 ostendens
1631 2142 1647 2167 ,
1687 2103 1931 2159 victoria:
1968 2106 2188 2160 tandem

593 2191 884 2262 pmmium
917 2191 1242 2262 adipiscitur
1273 2209 1289 2258 ;
1322 2191 1395 2246 ita
1419 2192 1621 2264 ubique
1660 2202 1934 2249 terrarum
1961 2195 2194 2253 diﬂusus

598 2290 921 2338 sanctorum
954 2285 1162 2339 chorus
1188 2283 1520 2354 multiplices
1548 2300 1761 2356 pugnas
1799 2286 1932 2357 Regi
1960 2290 2195 2343 saeculo-

594 2391 723 2429 rum
752 2375 949 2430 oll'erre
999 2375 1239 2446 gestivit,
1288 2376 1715 2446 splendidiorem
1756 2378 1884 2434 inde
1921 2381 2194 2452 accipiens

597 2466 868 2522 lucturum
894 2466 1408 2533 retributionem,et
1423 2465 1781 2522 illustriorem
1811 2468 1935 2525 inde
1959 2471 2198 2526 educens

2280 722 2367 774 ἀεὶ
2390 722 2491 793 ζῇν
2526 723 2585 775 έν
2613 723 2861 792 οὐρανοῖς
2890 719 3348 790 συνηθροισμένον
3372 722 3667 792 ἐκτήσαντο,
3695 731 3789 784 ἐαυ-

2279 816 2407 876 τοὺς
2450 816 2689 884 ὁρῶντες
2739 814 2832 865 καὶ
2886 811 3268 881 ἀγαλλόμενοι.
3296 813 3370 865 Οὐ
3412 813 3517 886 γὰρ
3548 811 3610 886 ἦν
3649 820 3792 888 αὐτοῖς

2281 909 2640 979 ἐπιθυμητὸν,
2666 909 2728 961 τὸ
2763 907 2901 979 πρὸς
2931 907 3104 978 βραχὺ
3141 906 3550 978 μεμερισμένως
3574 910 3678 980 ζῇν,
3692 913 3795 970 ἀλλὰ

2283 999 2519 1071 ποθητδν
2550 999 2610 1053 τὸ
2637 999 2722 1054 ἀεὶ
2746 998 3103 1068 συνηγμένως
3158 997 3280 1068 ζῇν,
3331 998 3425 1050 καὶ
3471 997 3559 1051 τὸν
3581 999 3797 1072 {metm

2281 1095 2455 1147 αἰνεῖν
2477 1109 2489 1121 ·
2525 1092 2650 1146 ὅθεν
2675 1091 2771 1145 καὶ
2799 1089 2864 1144 τδ
2887 1088 3081 1143 παθεῖν
3108 1088 3414 1159 ὁριζόμενοι
3432 1132 3446 1154 ,
3470 1089 3528 1142 τὸ
3560 1091 3627 1160 μὴ
3647 1093 3797 1146 παθεῖν

2282 1184 2614 1241 κινδυνεύειν
2665 1182 3010 1251 ἐλογίζοντοο
3073 1181 3211 1235 άλλά
3262 1182 3361 1234 καὶ
3421 1180 3481 1233 τδ
3534 1184 3800 1254 πραοτέρως

2282 1279 2466 1334 ἀθλεῖν
2520 1275 2872 1346 ὀδυνώμενοι,
2941 1272 3004 1328 τδ
3063 1274 3435 1346 σφοδροτέρως
3480 1275 3688 1346 πάσχειν
3727 1278 3800 1330 ἀν-

2289 1370 2567 1425 επαίοντο.
2610 1369 2719 1427 Ἐνν
2752 1362 2834 1431 οἷς
2893 1366 2945 1420 εί
2997 1367 3095 1421 καὶ
3125 1366 3385 1431 πολλάκις
3430 1367 3536 1421 τῶν
3578 1370 3803 1423 πολυθέων

2285 1463 2464 1517 ἀθέων
2486 1461 2701 1532 κριτῶν
2722 1459 2871 1513 ἔλεον
2898 1460 3422 1529 έπικαμπτομένων,
3448 1458 3531 1511 διὰ
3553 1460 3642 1529 τὴν
3659 1459 3802 1514 δελεα-

2288 1555 2480 1627 στικὴν
2510 1555 2621 1608 τῶν
2654 1555 2826 1622 ἁγίων
2864 1551 3183 1616 κατάθεσιν,
3237 1550 3460 1622 ὕϐρεσιν
3509 1551 3739 1621 ἀθέσμοις
3770 1553 3806 1604 ol

2287 1644 2687 1710 γενναιόὼυλοι
2717 1643 2941 1707 τούτους
2963 1642 3279 1707 ἐξέπλυνον,
3312 1638 3448 1711 πρὸς
3470 1638 3798 1709 θυμικωτέραν

2289 1737 2459 1810 ὀργὴν
2506 1736 2616 1791 τῶν
2661 1735 2937 1789 κολάσεων
2965 1733 3358 1803 διεγείροντες·
3404 1731 3492 1783 ἶνα
3531 1730 3612 1783 διὰ
3636 1730 3721 1799 τῆς
3743 1749 3808 1783 7::-

2292 1829 2565 1900 κρατέρας
2613 1828 2907 1898 τιμωρίας,
2955 1825 3367 1897 μεγαλιωτέραν
3397 1823 3491 1894 τὴν
3525 1822 3731 1893 θεωρίαν
3752 1840 3812 1876 κο-

2297 1921 2561 1992 μίσωνται
2580 1938 2594 1952 °
2624 1922 2700 1984 ὼς
2729 1916 2842 1975 οἷόν
2876 1921 2994 1973 ἐστι
3020 1919 3206 1987 λέγειν
3231 1918 3292 1970 τδ
3318 1917 3644 1988 ὑπόδειγμα·
3670 1917 3812 1969 Καθὰ-

2295 2031 2401 2085 περ
2431 2016 2489 2067 έν
2520 2012 2719 2083 σταδίῳ
2748 2010 2959 2081 ἱππικῷ
2983 2011 3231 2081 ἡνίοχος,
3257 2012 3325 2080 τῇ
3356 2007 3710 2079 βραχυδρομίᾳ
3733 2009 3811 2059 τῶν

2295 2105 2631 2176 ὑποδιφρίων
2660 2104 2865 2168 ἵππων,
2897 2100 3299 2171 ποικιλότεχνόν
3317 2116 3379 2153 τε
3407 2099 3503 2153 καὶ
3536 2097 3815 2168 πολύμοχθον

2294 2201 2394 2270 τὴν
2442 2196 2538 2251 τοῦ
2588 2195 2802 2265 ἀγῶνος
2830 2191 3240 2265 ἐνδεικνύμενος
3277 2193 3548 2253 ἔνστασιν,
3575 2190 3631 2244 τδ
3659 2191 3740 2259 τῆς
3761 2189 3816 2241 νί-

2301 2305 2409 2358 κης
2443 2286 2695 2358 βραϐεῖον
2726 2286 2930 2340 έλεῖται
2949 2301 2963 2316 ο
2991 2284 3134 2338 οὕτω
3161 2285 3256 2338 καὶ
3289 2285 3319 2338 ό
3358 2283 3585 2337 καθόλου
3611 2279 3817 2349 κοσμικὸς

2297 2381 2409 2436 τῶν
2431 2380 2602 2450 ἁγίων
2616 2380 2778 2452 χορὸς
2803 2377 3139 2440 πολυάθλους
3164 2377 3292 2440 τοὺς
3319 2375 3539 2445 ἀγῶνας
3560 2374 3632 2447 τῷ
3656 2372 3817 2443 βασιλεῖ

2298 2474 2409 2528 τῶν
2437 2470 2650 2526 αίὼνων
2679 2469 3019 2543 προσφέρειν
3060 2468 3411 2521 κατέσπευσε
3430 2482 3448 2497 ο
3493 2462 3820 2535 λαμπροτέραν

598 2557 783 2614 laudis
814 2566 1076 2613 aeternam
1122 2558 1468 2622 memoriam,
1496 2572 1709 2613 memor
1732 2561 2013 2630 apostolici
2048 2562 2199 2617 verbi

2301 2563 2513 2619 ἐκεῖθεν
2538 2561 2898 2632 ἐκδεχόμενος
2920 2558 3023 2632 τὴν
3049 2558 3160 2612 τῶν
3184 2559 3441 2612 ἐπάθλων
3471 2557 3736 2620 ἀντίδοσιν,
3755 2553 3821 2606 καὶ

598 2647 878 2704 dicentis:
931 2645 1300 2719 Unusquisque
1348 2648 1617 2717 propriam
1651 2650 1938 2704 mercedem
1981 2653 2203 2723 accipiet

2304 2655 2671 2727 φαιδροτέραν
2704 2652 2857 2706 ἐνθεν
2882 2652 3181 2722 ἀφιέμενος
3209 2650 3311 2719 τῆς
3344 2649 3616 2720 εὐφημίας
3639 2647 3722 2718 τὴν
3748 2645 3823 2699 ἀεί·

601 2739 894 2794 secundum
917 2740 1189 2808 proprium
1221 2738 1455 2794 laborem
1475 2740 1517 2794 ⁸.
1557 2740 1881 2795 Attrahehat
1905 2743 2052 2797 enim
2082 2744 2203 2801 illos

2310 2763 2538 2820 μνησιν·
2571 2745 2862 2815 ένούμενος
2919 2746 3035 2815 (sic)
3082 2744 3146 2797 τὸ
3192 2743 3554 2797 ἀποστολικδν
3596 2741 3750 2808 λόγιον
3781 2738 3823 2789 τὸ

604 2829 733 2900 ejus
761 2844 919 2885 amor
953 2830 1044 2900 qui
1078 2831 1290 2900 primus
1320 2845 1420 2900 pro
1453 2829 1560 2886 illis
1587 2845 1786 2901 passus
1811 2842 1916 2897 est,
1942 2842 2205 2894 eLexem.

2308 2838 2551 2908 φάσκον’
2607 2836 2914 2901 Ἕκαστος
2971 2835 3082 2888 τὸν
3148 2833 3306 2887 ἴδιον
3356 2833 3581 2904 μισθὸν
3621 2829 3825 2898 λήψεται

602 2922 758 2994 plum
785 2922 937 2978 dedit
962 2922 1072 2978 illis
1100 2928 1266 2979 tantae
1295 2922 1351 2976 in
1377 2922 1635 2993 patiendo
1660 2923 2039 2993 fortitudinis;
2065 2927 2207 2983 sicut

2308 2931 2458 2984 κατὰ
2487 2930 2597 2982 τὸν
2620 2926 2776 2981 lator
2794 2927 3008 2981 κόπον.
3037 2919 3202 2979 Εἷλκε
3223 2926 3331 2994 γὰρ
3362 2925 3557 2987 αὐτοὺς
3580 2924 3606 2974 ό
3633 2921 3712 2974 τοῦ
3732 2936 3827 2988 προ-

602 3016 807 3070 hamus
843 3014 896 3070 in
930 3014 1101 3071 maris
1135 3014 1393 3087 abyssum
1426 3015 1610 3084 jactus
1638 3056 1653 3078 .
1684 3017 1893 3087 piscem
1924 3027 2204 3074 natantem

2311 3020 2579 3084 παθόντος
2596 3020 2738 3090 ὑπὲρ
2764 3019 2947 3072 αὐτῶν
2969 3018 3157 3085 πόθος,
3184 3020 3279 3071 καὶ
3305 3016 3674 3081 ὑποδείξαντος
3695 3012 3827 3067 αὐτῶν

606 3107 679 3163 ad
713 3106 1005 3177 piscatoris
1068 3122 1266 3164 manus
1330 3107 1571 3163 adducit.
1622 3108 1750 3164 lude
1783 3110 1990 3180 majora
2037 3116 2208 3169 secuti

2310 3114 2383 3168 τὰ
2418 3112 2528 3166 τῶν
2577 3110 2770 3165 παθῶν
2799 3110 3230 3181 καρτερήματαο
3287 3107 3544 3180 καθάπερ
3595 3105 3828 3173 ἄγκιστρον

609 3197 991 3271 inferioraque
1027 3207 1349 3270 spernentes
1390 3214 1491 3272 pro
1532 3202 1987 3271 corruptibilibus
2029 3205 2206 3261 ineor-

2316 3206 2474 3280 ριφὲν
2519 3206 2577 3257 ὲν
2624 3202 2896 3273 θαλαττίῳ
2928 3200 3097 3272 βυθῷ,
3155 3200 3308 3271 ίχθὺν
3354 3200 3647 3271 νηχόμενον
3686 3192 3829 3266 χερσὶν

608 3293 920 3361 ruptionem
962 3290 1466 3361 apprehendebant.
1516 3289 1637 3347 Non
1677 3293 1825 3347 enim
1875 3295 2072 3363 patria,
2119 3307 2208 3353 aut

2316 3299 2513 3362 ἁλιέως
2540 3296 2861 3366 ἐφέλκεται·
2890 3293 3045 3348 ἔνθεν
3097 3293 3190 3347 καὶ
3215 3295 3281 3362 τῇ
3310 3291 3604 3362 ἀκολουθίᾳ
3637 3287 3718 3341 τοῦ
3756 3284 3834 3355 μεί-

612 3382 1093 3453 cousanguinitas,
1122 3392 1217 3438 aut
1243 3383 1556 3439 divitiarum
1584 3383 1898 3453 opulentia,
1930 3396 2026 3442 aut
2051 3404 2210 3445 exer-

611 3474 826 3528 cituum
856 3481 1251 3537 numerus,aut
1276 3473 1439 3543 regia:
1455 3474 1740 3543 potestatis
1768 3475 2006 3546 dignitas
2024 3478 2078 3534 in
2099 3497 2218 3537 me-

615 3563 1015 3620 moriasanetis
1028 3573 1247 3619 versata
1265 3574 1385 3620 erat
1399 3582 1411 3618 :
1427 3565 1924 3635 aSpiciebantenim
1945 3572 2204 3640 patriam,

616 3653 819 3710 malum
848 3671 863 3721 ;
898 3652 1369 3724 consanguineos,
1403 3656 1626 3725 angelos
1655 3674 1670 3722 ;
1698 3669 1754 3712 et
1780 3661 2219 3726 magnitudinem

616 3744 1220 3816 gaudiiinenarrabilis,
1241 3755 1295 3799 et
1314 3755 1510 3802 cantus
1527 3744 1665 3802 festa
1682 3751 1954 3816 agentium
1982 3752 2036 3805 in
2062 3755 2223 3822 spiri-

616 3847 699 3905 tu,
719 3846 776 3893 et
797 3852 986 3894 vocem
1011 3836 1206 3893 laelitire
1225 3846 1537 3903 canentem,
1559 3846 1614 3893 et
1632 3838 1938 3896 divinitatis
1962 3842 2207 3902 delicias.

2323 3391 2477 3454 ζονος
2497 3388 2608 3442 τῶν
2647 3388 2886 3458 ἡττόνων
2915 3384 3460 3455 καταφρονήσαντες,
3487 3381 3602 3436 ἀντὶ
3637 3375 3832 3449 φθαρτῶν

2319 3478 2636 3550 ἀφθαρσίαν
2677 3476 3163 3546 κατημδήτευσαν.
3217 3475 3421 3527 Οὐκέτι
3451 3474 3561 3546 γάρ
3591 3471 3778 3541 πατρὶς,
3810 3466 3834 3535 ἢ

2321 3573 2637 3642 συγγένεια,
2694 3571 2727 3644 ἢ
2773 3569 3007 3624 πλούτου
3045 3566 3343 3636 διαψίλεια.
3387 3567 3426 3637 ἢ
3478 3563 3836 3637 στρατευμάτων

2319 3660 2633 3733 ὑπεροχὴ,ἦ
2661 3659 2896 3730 ἀρχικῆς
2921 3656 3245 3719 δυναστείας
3270 3652 3554 3726 προκοπὴ,
3577 3654 3648 3716 είς
3673 3651 3839 3721 μνήμην

2320 3755 2432 3808 τῶν
2461 3753 2632 3822 ἁγίων
2669 3751 2932 3823 ἐφέρετο·
2963 3747 3275 3803 ἀπέδλεπον
3300 3747 3416 3817 γὰρ
3453 3743 3688 3814 πατρίδαν
3722 3742 3841 3809 ob?”

2331 3847 2422 3900 νόν
2444 3862 2460 3879 ο
2497 3847 2805 3914 συγγενεῖς,
2846 3841 3147 3910 ἀγγέλουςο
3182 3837 3313 3892 ἔνθα
3345 3837 3577 3908 μέγεθος
3607 3835 3758 3904 χαρᾶς
3774 3832 3840 3883 ἁν-

617 3935 944 4006 εκλαλὴτου,
980 3933 1074 3988 καὶ
1096 3929 1227 4005 ἦχος
1255 3933 1626 4004 ἑορταζόντων
1670 3935 1729 3989 ἐν
1771 3935 2064 4007 πνεύματι,
2126 3944 2224 3998 καὶ
2256 3943 2409 4015 φωνὴ
2441 3940 2819 4010 ἀγαλλιάσεως
2846 3937 3067 4009 ᾄδουσα,
3117 3934 3212 3989 καὶ
3257 3934 3603 4007 λαμπηδὸνες
3627 3931 3840 3996 θεότητος.

690 4026 763 4082 Et
817 4026 1004 4081 videre
1048 4036 1168 4081 erat
1199 4025 1423 4094 judices
1464 4026 1608 4081 inter
1635 4035 1689 4082 et
1722 4027 2018 4097 judicatos,
2069 4031 2224 4087 dam-

620 4127 846 4176 natorcs
898 4116 1039 4171 inter
1077 4127 1132 4172 et
1177 4117 1485 4183 damnatos,
1520 4119 1826 4189 prodigium
1857 4121 2139 4185 insolitum
2164 4130 2224 4180 et

623 4210 896 4281 stupenda
941 4208 1237 4263 admodum
1280 4224 1397 4275 res;
1425 4223 1550 4265 cum
1586 4209 1667 4265 illi
1697 4212 1917 4282 quidem
1965 4213 2046 4268 ira
2095 4231 2221 4286 per-

624 4301 761 4359 moti
797 4309 853 4356 et
873 4301 1033 4370 quasi
1074 4299 1224 4355 irrisi
1252 4300 1448 4355 acerbe
1475 4301 1830 4372 castigantes,
1852 4303 1908 4357 lii
1941 4320 2071 4360 vero
2101 4307 2223 4362 ani-

627 4408 720 4449 mo
747 4392 891 4448 elato
914 4391 1083 4447 variis
1115 4392 1399 4461 suppliciis
1435 4392 1610 4448 laetari
1642 4395 2044 4454 invenirentur.
2083 4398 2223 4455 Nam

628 4498 758 4551 pars
798 4482 1151 4551 putetuiorum
1202 4481 1255 4534 in
1293 4481 1514 4537 aeternis
1548 4483 1769 4540 saeculis
1796 4486 2047 4556 utrisque
2098 4488 2224 4543 data

2404 4031 2512 4086 Καὶ
2565 4026 2633 4102 ἦν
2704 4029 2837 4100 όρᾷν
2907 4027 3073 4096 μέσον
3146 4024 3352 4096 κριτῶν
3401 4026 3499 4080 καὶ
3551 4021 3842 4097 κρινομένων,

2333 4124 2535 4196 μᾶλλον
2562 4123 2619 4176 δὲ
2650 4118 2990 4185 κολαζόντων
3044 4118 3140 4171 καὶ
3172 4116 3578 4188 κολαζομένων,
3605 4112 3764 4184 θαῦμα
3783 4108 3844 4172 ἒξυ

2331 4214 2508 4269 αίσιον
2532 4213 2625 4265 καὶ
2652 4209 2858 4280 θάμϐος
2894 4206 3230 4278 ὑπέρτερονο
3279 4206 3389 4260 τῶν
3426 4207 3525 4277 μὲν
3555 4200 3847 4275 θυμουμένων

2330 4304 2428 4359 καὶ
2460 4304 2562 4366 ὡς·
2587 4300 2960 4372 παιζομένων,
3014 4297 3228 4366 πικρῶς
3277 4298 3677 4368 τιμωρούντων,
3705 4286 3846 4344 τῶνδὲ

2331 4393 2798 4468 προθυμουμένων
2833 4391 2928 4445 καὶ
2972 4392 3094 4454 ταῖς
3125 4389 3399 4452 ποικίλαις
3432 4388 3710 4460 τιμωρίαις
3733 4385 3846 4436 ἐπεν-

2331 4489 2546 4561 τρυφᾷν
2575 4484 2975 4557 εὐρυνομένων.
3001 4482 3176 4555 Μερὶς
3199 4481 3308 4551 γὰρ
3334 4481 3515 4537 ἄθλων
3538 4483 3592 4534 ὲν
3621 4481 3717 4539 τοῖς
3732 4472 3846 4528 αὲὢπ

630 4572 776 4637 fuit,
828 4573 1137 4629 secundum
1186 4587 1501 4628 mensuram
1558 4574 1738 4642 illius,
1791 4578 1883 4645 qui
1927 4577 2208 4648 unieuiqut

2298 4572 2304 4607 ’
2334 4583 2445 4644 τοῖς
2472 4579 2803 4651 ἀμφοτέροις
2827 4575 3026 4630 ἐδίδοτο
3049 4614 3064 4635 .
3095 4574 3239 4628 κατὰ
3261 4574 3323 4627 τὺ
3354 4575 3556 4645 μέτρον
3582 4570 3670 4625 τοῦ
3696 4570 3848 4635 ἀγωνο-

626 4667 789 4737 juxta
836 4665 1259 4720 aestimationem
1297 4665 1522 4736 praemia
1554 4666 1786 4738 largitur
1818 4667 2106 4737 Christus;
2140 4672 2227 4727 his

630 4759 855 4830 quidem
881 4759 1156 4829 patientiae
1182 4759 1432 4814 levamen
1466 4769 1591 4830 post
1620 4762 2018 4833 suppliciorum
2042 4765 2260 4843 illato-I

631 4866 759 4908 rum
796 4851 1208 4914 sull'ereutiam;
1248 4851 1355 4905 illis
1392 4860 1576 4905 autem
1614 4851 1863 4909 ineussio
1893 4855 2222 4910 acerbarum

635 4957 925 5014 ptenarum
970 4941 1025 4994 in
1069 4942 1171 4996 hos
1208 4941 1301 5011 qui
1354 4941 1670 4998 crudelibus
1705 4943 1882 5014 pmnis
1910 4944 2230 5010 aﬂ‘ecerunt,

635 5035 858 5091 incudis
890 5034 1064 5089 instar
1097 5048 1373 5104 percussa:
1403 5043 1457 5088 et
1479 5034 1801 5104 castigantis
1830 5050 1929 5092 eos
1961 5037 2055 5107 qui
2083 5035 2230 5090 illam

635 5135 1046 5198 percusserant.
1087 5125 1375 5192 Quomodo
1431 5126 1578 5180 enim
1633 5127 1788 5184 incus
1829 5142 2232 5198 percussa,ne-

580 5250 587 5261 ι
638 5232 748 5288 que
779 5216 1050 5271 maculam
1100 5230 1276 5285 neque
1313 5231 1503 5285 rugam
1530 5216 1846 5284 admittens,
1881 5218 2231 5273 cruciatuum

641 5309 862 5365 dolores
888 5307 1119 5362 remittit
1147 5307 1263 5361 suis
1294 5307 1717 5376 percussoribus
1736 5323 1833 5377 per
1857 5307 2231 5363 membrorum

644 5394 1070 5454 eontritionem?
1106 5394 1253 5464 quod
1285 5395 1341 5448 in
1377 5394 1548 5465 ligura
1591 5395 1697 5450 diei
1730 5406 1910 5466 potest
1959 5411 2053 5466 per
2078 5410 2234 5451 eom-

647 5485 1011 5558 parationem.
1048 5483 1183 5540 Nam
1222 5485 1391 5555 aliqui
1444 5487 1741 5542 eelebrium
1799 5497 2101 5559 martyrum
2137 5502 2235 5558 per

650 5578 834 5648 ignem
883 5593 1079 5646 pugnae
1138 5592 1366 5633 cursum
1422 5579 1798 5648 perlicientcs,
1850 5580 1904 5633 in
1955 5581 2233 5635 caminum

652 5667 1006 5723 vehementer
1070 5666 1351 5724 ardentem
1424 5669 1780 5739 praecipitati,
1833 5671 2065 5726 choreas
2108 5687 2234 5726 cum

655 5760 863 5831 angelis
906 5760 1204 5830 jubllantcs
1246 5763 1474 5820 canticis
1514 5763 1891 5834 spiritualibus
1939 5763 2236 5832 agonotlie-

734 5936 754 5967 ³
785 5936 805 5988 l
831 5936 953 5993 Cor.
988 5956 1066 6000 ιιι,
1100 5941 1151 5995 8.

2332 4672 2611 4734 θετοῦντος
2634 4670 2713 4723 ἑνὶ
2735 4669 2952 4738 ἑκάστῳ
2980 4668 3106 4731 τοίις
3152 4666 3350 4730 ἄθλους
3404 4665 3543 4737 πρὸς
3593 4655 3847 4730 δοκιμασία]

2329 4762 2570 4834 Χριστοῦ
2596 4777 2611 4791 ·
2666 4755 2749 4824 οἷς
2795 4760 2893 4831 μὲν
2936 4758 3215 4828 ὑπομονῆς
3246 4757 3561 4827 στερέωμα,
3596 4752 3718 4824 πρὸς
3758 4748 3847 4800 ὑπο·

2330 4854 2493 4926 δοχὴν
2522 4854 2633 4908 τῶν
2656 4850 3076 4923 ἐπιφερομένων
3104 4849 3381 4903 κολάσεων
3403 4865 3419 4879 ο
3456 4845 3539 4912 οἷς
3560 4848 3615 4900 δὲ
3645 4843 3728 4897 καὶ
3748 4842 3847 4892 ἀντι-

2335 4944 2530 5015 πομπὴ
2581 4944 2690 4999 τῶν
2739 4940 3017 5014 ὀδυνηρῶν
3065 4941 3316 5012 βασάνων
3364 4940 3457 4995 ἐπὶ
3504 4940 3629 5002 τοὺς
3673 4926 3847 5003 ἀφειδῶς

2339 5037 2749 5109 βασανίζοντας,
2785 5036 2940 5107 δίκην
2967 5035 3223 5105 άκμωνος
3246 5032 3611 5103 τυπτομένου.
3658 5029 3741 5082 καὶ
3763 5036 3848 5076 πᾶς’

2335 5128 2587 5194 δεύοντας
2647 5130 2774 5192 τοὺς
2830 5127 2993 5182 αὐτὸν
3058 5125 3530 5195 κατατύπτοντας.
3605 5121 3719 5182 Πῶς
3778 5110 3848 5179 ii?

2336 5219 2532 5289 ἄκμων
2556 5218 2917 5287 τυπτόμενος,
2970 5217 3108 5285 μήτε
3149 5216 3338 5268 σπῖλον
3370 5216 3510 5285 μήτε
3567 5210 3739 5283 ῥυτίδ³

2339 5310 2537 5381 μένων,
2565 5309 2663 5372 τὰς
2701 5307 2810 5361 τῶν
2849 5306 3159 5376 ἀλγηδόνων
3202 5303 3394 5366 ὀδύνας
3439 5301 3756 5371 ἀντιπέμπει
3777 5299 3851 5381 τοίς

2340 5396 2608 5450 τύπτουσι
2646 5395 2736 5450 διὰ
2785 5395 2885 5464 τῆς
2933 5394 3044 5448 τῶν
3092 5393 3272 5465 μελῶν
3305 5393 3589 5458 κλάσεωςς
3616 5391 3771 5454 Ὅπερ
3791 5376 3852 5431 κτλ

2346 5487 2774 5560 σχηματολογεῖν
2802 5487 2940 5559 πρὸς
2967 5486 3395 5558 ἀντιπαράθεσιν
3417 5483 3588 5551 ἀξιον.
3624 5478 3761 5538 Τινὲς
3781 5469 3849 5539 γᾱρ

2342 5579 2453 5632 τῶν
2486 5577 2890 5649 μεγαλοφώνων
2933 5578 3253 5650 μαρτύρων,
3286 5579 3377 5631 τὸν
3403 5576 3495 5630 διὰ
3524 5573 3688 5643 πυρὸς
3709 5566 3851 5638 δρόμον

2341 5669 2701 5736 ἀγωνιστικὸν
2726 5669 3030 5732 τελοῦντες,
3070 5670 3151 5732 εἰς
3190 5667 3418 5739 κάμινον
3467 5666 3681 5739 λαύρως
3709 5662 3853 5712 ἐκκαυ·

2343 5762 2530 5817 θεῖσαν
2566 5761 2876 5833 βληθέντες,
2931 5760 3151 5832 χορείας
3189 5761 3308 5832 μετ’
3338 5758 3587 5830 ἀγγέλων
3614 5751 3853 5827 κρατήσων
